  <div class='ocr_page' id='page_1' title='image "/cluster/home/n/w/nwhite01/storage/ocr_20150623/42:no.2/coo.31924054869403/222.png"; bbox 0 0 3988 6430; ppageno 0'>
   <div class='ocr_carea' id='block_1_1' title="bbox 133 357 236 414">
    <p class='ocr_par' dir='ltr' id='par_1_1' title="bbox 133 357 236 414">
     <span class='ocr_line' id='line_1_1' title="bbox 133 357 236 414; baseline 0 0"><span class='ocrx_word' id='word_1_1' title='bbox 133 357 236 414; x_wconf 69' lang='grc' dir='ltr'><strong>ἆῦὸ</strong></span> 
     </span>
    </p>
   </div>
   <div class='ocr_carea' id='block_1_2' title="bbox 771 340 2807 464">
    <p class='ocr_par' dir='ltr' id='par_1_2' title="bbox 771 340 2807 464">
     <span class='ocr_line' id='line_1_2' title="bbox 771 340 2807 464; baseline 0.004 -56"><span class='ocrx_word' id='word_1_2' title='bbox 771 352 1144 412; x_wconf 71' lang='grc' dir='ltr'><strong>ΑῡγΕιιδυδ</strong></span> <span class='ocrx_word' id='word_1_3' title='bbox 1183 340 1695 464; x_wconf 27' lang='grc' dir='ltr'><strong>ιιιΕιιΕδΕδᾷιιιΒ.</strong></span> <span class='ocrx_word' id='word_1_4' title='bbox 1736 356 1828 415; x_wconf 87' lang='lat' dir='ltr'><strong>III.</strong></span> <span class='ocrx_word' id='word_1_5' title='bbox 1869 359 2037 415; x_wconf 84' lang='lat' dir='ltr'><strong>TOM.</strong></span> <span class='ocrx_word' id='word_1_6' title='bbox 2069 359 2108 415; x_wconf 91' lang='lat' dir='ltr'><strong>I.</strong></span> <span class='ocrx_word' id='word_1_7' title='bbox 2147 392 2213 401; x_wconf 92' lang='lat'><strong>—-</strong></span> <span class='ocrx_word' id='word_1_8' title='bbox 2254 361 2532 417; x_wconf 65' lang='lat' dir='ltr'><strong>HIERES.</strong></span> <span class='ocrx_word' id='word_1_9' title='bbox 2576 361 2807 419; x_wconf 72' lang='lat' dir='ltr'><strong>LXXIII.</strong></span> 
     </span>
    </p>
   </div>
   <div class='ocr_carea' id='block_1_3' title="bbox 3311 360 3417 419">
    <p class='ocr_par' dir='ltr' id='par_1_3' title="bbox 3311 360 3417 419">
     <span class='ocr_line' id='line_1_3' title="bbox 3311 360 3417 419; baseline 0.019 -2"><span class='ocrx_word' id='word_1_10' title='bbox 3311 360 3417 419; x_wconf 58' lang='grc'><strong>454</strong></span> 
     </span>
    </p>
   </div>
   <div class='ocr_carea' id='block_1_4' title="bbox 130 468 1751 548">
    <p class='ocr_par' dir='ltr' id='par_1_4' title="bbox 130 468 1724 548">
     <span class='ocr_line' id='line_1_4' title="bbox 130 468 1724 548; baseline 0.004 -24"><span class='ocrx_word' id='word_1_11' title='bbox 130 479 222 537; x_wconf 61' lang='grc' dir='ltr'><strong>καὶ</strong></span> <span class='ocrx_word' id='word_1_12' title='bbox 241 474 607 548; x_wconf 71' lang='grc' dir='ltr'><strong>ὑπαρχούσας</strong></span> <span class='ocrx_word' id='word_1_13' title='bbox 631 473 989 545; x_wconf 78' lang='grc' dir='ltr'>γνωρίσωσιν.</span> <span class='ocrx_word' id='word_1_14' title='bbox 1014 475 1078 528; x_wconf 82' lang='grc' dir='ltr'><strong>Εἰ</strong></span> <span class='ocrx_word' id='word_1_15' title='bbox 1094 473 1203 546; x_wconf 83' lang='grc' dir='ltr'><strong>γὰρ</strong></span> <span class='ocrx_word' id='word_1_16' title='bbox 1221 468 1437 546; x_wconf 87' lang='grc' dir='ltr'>πνεῦμα</span> <span class='ocrx_word' id='word_1_17' title='bbox 1455 476 1483 529; x_wconf 99' lang='lat'><strong>6</strong></span> <span class='ocrx_word' id='word_1_18' title='bbox 1512 475 1724 548; x_wconf 74' lang='grc' dir='ltr'>Πατὴρ,</span> 
     </span>
    </p>
   </div>
   <div class='ocr_carea' id='block_1_5' title="bbox 1856 468 3414 548">
    <p class='ocr_par' dir='ltr' id='par_1_5' title="bbox 1862 475 3414 546">
     <span class='ocr_line' id='line_1_5' title="bbox 1862 475 3414 546; baseline -0.001 -17"><span class='ocrx_word' id='word_1_19' title='bbox 1862 483 1979 532; x_wconf 86' lang='lat' dir='ltr'><strong>ates</strong></span> <span class='ocrx_word' id='word_1_20' title='bbox 2037 476 2405 532; x_wconf 76' lang='lat' dir='ltr'><strong>subsistentes</strong></span> <span class='ocrx_word' id='word_1_21' title='bbox 2450 476 2893 546; x_wconf 80' lang='lat' dir='ltr'><strong>exsistcntesque</strong></span> <span class='ocrx_word' id='word_1_22' title='bbox 2948 476 3239 533; x_wconf 75' lang='lat' dir='ltr'><strong>declarent.</strong></span> <span class='ocrx_word' id='word_1_23' title='bbox 3282 475 3414 528; x_wconf 70' lang='lat' dir='ltr'><strong>Nam</strong></span> 
     </span>
    </p>
   </div>
   <div class='ocr_carea' id='block_1_6' title="bbox 134 561 1723 637">
    <p class='ocr_par' dir='ltr' id='par_1_6' title="bbox 134 561 1723 637">
     <span class='ocr_line' id='line_1_6' title="bbox 134 561 1723 637; baseline -0.004 -15"><span class='ocrx_word' id='word_1_24' title='bbox 134 566 355 637; x_wconf 81' lang='grc' dir='ltr'>πνεῦμα</span> <span class='ocrx_word' id='word_1_25' title='bbox 392 564 549 619; x_wconf 76' lang='grc' dir='ltr'><strong>καὶὸ</strong></span> <span class='ocrx_word' id='word_1_26' title='bbox 578 561 725 626; x_wconf 77' lang='grc' dir='ltr'>Υἱὸς,</span> <span class='ocrx_word' id='word_1_27' title='bbox 793 561 1011 633; x_wconf 80' lang='grc' dir='ltr'>πνεῦμα</span> <span class='ocrx_word' id='word_1_28' title='bbox 1053 563 1147 615; x_wconf 76' lang='grc' dir='ltr'>καὶ</span> <span class='ocrx_word' id='word_1_29' title='bbox 1192 563 1253 617; x_wconf 85' lang='grc' dir='ltr'>τὺ</span> <span class='ocrx_word' id='word_1_30' title='bbox 1292 562 1447 632; x_wconf 68' lang='grc' dir='ltr'><strong>ἅγιον</strong></span> <span class='ocrx_word' id='word_1_31' title='bbox 1479 562 1723 634; x_wconf 78' lang='grc' dir='ltr'>Πνεῦμα,</span> 
     </span>
    </p>
   </div>
   <div class='ocr_carea' id='block_1_7' title="bbox 133 652 1724 725">
    <p class='ocr_par' dir='ltr' id='par_1_7' title="bbox 133 652 1724 725">
     <span class='ocr_line' id='line_1_7' title="bbox 133 652 1724 725; baseline -0.005 -11"><span class='ocrx_word' id='word_1_32' title='bbox 133 660 194 714; x_wconf 88' lang='grc' dir='ltr'>οὑ</span> <span class='ocrx_word' id='word_1_33' title='bbox 212 658 429 711; x_wconf 79' lang='grc' dir='ltr'><strong>,νοεῖται</strong></span> <span class='ocrx_word' id='word_1_34' title='bbox 456 653 645 724; x_wconf 74' lang='grc' dir='ltr'>Πατὴρ</span> <span class='ocrx_word' id='word_1_35' title='bbox 669 655 699 707; x_wconf 91' lang='lat'><strong>6</strong></span> <span class='ocrx_word' id='word_1_36' title='bbox 720 652 868 717; x_wconf 85' lang='grc' dir='ltr'>Υἱός.</span> <span class='ocrx_word' id='word_1_37' title='bbox 887 653 1189 724; x_wconf 82' lang='grc' dir='ltr'>Ὑφέστηκε</span> <span class='ocrx_word' id='word_1_38' title='bbox 1214 653 1274 706; x_wconf 76' lang='grc' dir='ltr'>δὲ</span> <span class='ocrx_word' id='word_1_39' title='bbox 1291 654 1386 708; x_wconf 79' lang='grc' dir='ltr'><strong>καὶ</strong></span> <span class='ocrx_word' id='word_1_40' title='bbox 1404 653 1466 707; x_wconf 81' lang='grc' dir='ltr'>τὸ</span> <span class='ocrx_word' id='word_1_41' title='bbox 1477 653 1724 725; x_wconf 80' lang='grc' dir='ltr'><strong>Πνεῦμα,</strong></span> 
     </span>
    </p>
   </div>
   <div class='ocr_carea' id='block_1_8' title="bbox 136 741 1726 814">
    <p class='ocr_par' dir='ltr' id='par_1_8' title="bbox 136 741 1726 814">
     <span class='ocr_line' id='line_1_8' title="bbox 136 741 1726 814; baseline -0.005 -11"><span class='ocrx_word' id='word_1_42' title='bbox 136 750 165 803; x_wconf 83' lang='grc' dir='ltr'><strong>ὃ</strong></span> <span class='ocrx_word' id='word_1_43' title='bbox 206 748 267 802; x_wconf 81' lang='grc' dir='ltr'><strong>οὑ</strong></span> <span class='ocrx_word' id='word_1_44' title='bbox 299 747 516 801; x_wconf 68' lang='grc' dir='ltr'>νοεῖται</span> <span class='ocrx_word' id='word_1_45' title='bbox 553 742 697 809; x_wconf 75' lang='grc' dir='ltr'>Υἱὸς,</span> <span class='ocrx_word' id='word_1_46' title='bbox 750 741 780 796; x_wconf 84' lang='lat'><strong>6</strong></span> <span class='ocrx_word' id='word_1_47' title='bbox 830 742 933 811; x_wconf 78' lang='grc' dir='ltr'>καὶ</span> <span class='ocrx_word' id='word_1_48' title='bbox 987 742 1089 796; x_wconf 83' lang='grc' dir='ltr'>οὑκ</span> <span class='ocrx_word' id='word_1_49' title='bbox 1129 741 1245 796; x_wconf 71' lang='grc' dir='ltr'>ἐστι</span> <span class='ocrx_word' id='word_1_50' title='bbox 1278 741 1362 811; x_wconf 79' lang='grc' dir='ltr'><strong>(τὸ</strong></span> <span class='ocrx_word' id='word_1_51' title='bbox 1398 742 1623 814; x_wconf 78' lang='grc' dir='ltr'><strong>Πνεῦμα</strong></span> <span class='ocrx_word' id='word_1_52' title='bbox 1664 742 1726 795; x_wconf 83' lang='grc' dir='ltr'>οὐ</span> 
     </span>
    </p>
   </div>
   <div class='ocr_carea' id='block_1_9' title="bbox 140 833 1725 905">
    <p class='ocr_par' dir='ltr' id='par_1_9' title="bbox 140 833 1725 905">
     <span class='ocr_line' id='line_1_9' title="bbox 140 833 1725 905; baseline -0.003 -12"><span class='ocrx_word' id='word_1_53' title='bbox 140 842 334 894; x_wconf 79' lang='grc' dir='ltr'><strong>νοεῖται</strong></span> <span class='ocrx_word' id='word_1_54' title='bbox 360 836 523 901; x_wconf 77' lang='grc' dir='ltr'>Υἱὸς,</span> <span class='ocrx_word' id='word_1_55' title='bbox 559 833 828 905; x_wconf 79' lang='grc' dir='ltr'><strong>ὑφέστηκε</strong></span> <span class='ocrx_word' id='word_1_56' title='bbox 867 834 924 888; x_wconf 73' lang='grc' dir='ltr'>δὲ</span> <span class='ocrx_word' id='word_1_57' title='bbox 951 833 1045 888; x_wconf 79' lang='grc' dir='ltr'>καὶ</span> <span class='ocrx_word' id='word_1_58' title='bbox 1076 837 1138 887; x_wconf 83' lang='grc' dir='ltr'>τὸ</span> <span class='ocrx_word' id='word_1_59' title='bbox 1184 833 1408 905; x_wconf 79' lang='grc' dir='ltr'><strong>Πνεῦμα</strong></span> <span class='ocrx_word' id='word_1_60' title='bbox 1436 833 1499 887; x_wconf 85' lang='grc' dir='ltr'><strong>τὸ</strong></span> <span class='ocrx_word' id='word_1_61' title='bbox 1526 833 1725 904; x_wconf 75' lang='grc' dir='ltr'><strong>ἅγιον).</strong></span> 
     </span>
    </p>
   </div>
   <div class='ocr_carea' id='block_1_10' title="bbox 140 924 1727 997">
    <p class='ocr_par' dir='ltr' id='par_1_10' title="bbox 140 924 1727 997">
     <span class='ocr_line' id='line_1_10' title="bbox 140 924 1727 997; baseline -0.004 -12"><span class='ocrx_word' id='word_1_62' title='bbox 140 931 248 988; x_wconf 74' lang='grc' dir='ltr'>Καὶ</span> <span class='ocrx_word' id='word_1_63' title='bbox 297 928 496 983; x_wconf 81' lang='grc' dir='ltr'>οὐκέτι</span> <span class='ocrx_word' id='word_1_64' title='bbox 549 928 608 980; x_wconf 81' lang='grc' dir='ltr'><strong>τὸ</strong></span> <span class='ocrx_word' id='word_1_65' title='bbox 665 925 890 997; x_wconf 77' lang='grc' dir='ltr'><strong>Πνεῦμα</strong></span> <span class='ocrx_word' id='word_1_66' title='bbox 940 925 1001 980; x_wconf 85' lang='grc' dir='ltr'><strong>τὸ</strong></span> <span class='ocrx_word' id='word_1_67' title='bbox 1047 926 1232 995; x_wconf 83' lang='grc' dir='ltr'><strong>ἆγιον,</strong></span> <span class='ocrx_word' id='word_1_68' title='bbox 1264 926 1386 980; x_wconf 75' lang='grc' dir='ltr'>οὑδὲ</span> <span class='ocrx_word' id='word_1_69' title='bbox 1445 927 1474 979; x_wconf 86' lang='lat'><strong>6</strong></span> <span class='ocrx_word' id='word_1_70' title='bbox 1512 924 1727 997; x_wconf 82' lang='grc' dir='ltr'>Πατὴρ,</span> 
     </span>
    </p>
   </div>
   <div class='ocr_carea' id='block_1_11' title="bbox 142 1017 1729 1090">
    <p class='ocr_par' dir='ltr' id='par_1_11' title="bbox 142 1017 1729 1090">
     <span class='ocr_line' id='line_1_11' title="bbox 142 1017 1729 1090; baseline -0.004 -13"><span class='ocrx_word' id='word_1_71' title='bbox 142 1024 250 1077; x_wconf 76' lang='grc' dir='ltr'>οὐδὲ</span> <span class='ocrx_word' id='word_1_72' title='bbox 296 1024 326 1075; x_wconf 88' lang='lat'><strong>6</strong></span> <span class='ocrx_word' id='word_1_73' title='bbox 382 1020 555 1084; x_wconf 70' lang='grc' dir='ltr'>Υἱὸς,</span> <span class='ocrx_word' id='word_1_74' title='bbox 596 1017 732 1074; x_wconf 84' lang='grc' dir='ltr'><strong>ἀλλὰ</strong></span> <span class='ocrx_word' id='word_1_75' title='bbox 780 1019 1005 1090; x_wconf 80' lang='grc' dir='ltr'>Πνεῦμα</span> <span class='ocrx_word' id='word_1_76' title='bbox 1050 1018 1204 1086; x_wconf 71' lang='grc' dir='ltr'>ἅγιον</span> <span class='ocrx_word' id='word_1_77' title='bbox 1264 1019 1328 1073; x_wconf 80' lang='grc' dir='ltr'>ὲκ</span> <span class='ocrx_word' id='word_1_78' title='bbox 1373 1017 1608 1089; x_wconf 80' lang='grc' dir='ltr'>Πατρὸς,</span> <span class='ocrx_word' id='word_1_79' title='bbox 1661 1017 1729 1070; x_wconf 87' lang='grc' dir='ltr'><strong>δι’</strong></span> 
     </span>
    </p>
   </div>
   <div class='ocr_carea' id='block_1_12' title="bbox 148 1106 1733 1182">
    <p class='ocr_par' dir='ltr' id='par_1_12' title="bbox 148 1106 1733 1182">
     <span class='ocr_line' id='line_1_12' title="bbox 148 1106 1733 1182; baseline -0.003 -12"><span class='ocrx_word' id='word_1_80' title='bbox 148 1114 269 1170; x_wconf 77' lang='grc' dir='ltr'><strong>Υἱοῦ</strong></span> <span class='ocrx_word' id='word_1_81' title='bbox 338 1115 562 1176; x_wconf 79' lang='grc' dir='ltr'><strong>πιστοῖς</strong></span> <span class='ocrx_word' id='word_1_82' title='bbox 615 1112 910 1182; x_wconf 81' lang='grc' dir='ltr'><strong>διδόμενον.</strong></span> <span class='ocrx_word' id='word_1_83' title='bbox 977 1111 1216 1175; x_wconf 78' lang='grc' dir='ltr'><strong>Εἰκότως</strong></span> <span class='ocrx_word' id='word_1_84' title='bbox 1269 1106 1579 1179; x_wconf 85' lang='grc' dir='ltr'>ὑφεστῶτος</span> <span class='ocrx_word' id='word_1_85' title='bbox 1637 1111 1733 1165; x_wconf 76' lang='grc' dir='ltr'><strong>καὶ</strong></span> 
     </span>
    </p>
   </div>
   <div class='ocr_carea' id='block_1_13' title="bbox 158 1202 1733 1279">
    <p class='ocr_par' dir='ltr' id='par_1_13' title="bbox 158 1202 1733 1279">
     <span class='ocr_line' id='line_1_13' title="bbox 158 1202 1733 1279; baseline -0.003 -18"><span class='ocrx_word' id='word_1_86' title='bbox 158 1206 487 1279; x_wconf 78' lang='grc' dir='ltr'>ὑπάρχοντος</span> <span class='ocrx_word' id='word_1_87' title='bbox 513 1206 552 1268; x_wconf 82' lang='lat'><strong>‘,</strong></span> <span class='ocrx_word' id='word_1_88' title='bbox 598 1204 687 1258; x_wconf 76' lang='grc' dir='ltr'>καὶ</span> <span class='ocrx_word' id='word_1_89' title='bbox 730 1204 824 1258; x_wconf 87' lang='grc' dir='ltr'><strong>τοῦ</strong></span> <span class='ocrx_word' id='word_1_90' title='bbox 891 1203 1207 1276; x_wconf 82' lang='grc' dir='ltr'>Πνεύματος</span> <span class='ocrx_word' id='word_1_91' title='bbox 1252 1203 1347 1258; x_wconf 86' lang='grc' dir='ltr'>τοῦ</span> <span class='ocrx_word' id='word_1_92' title='bbox 1396 1204 1584 1273; x_wconf 82' lang='grc' dir='ltr'><strong>ἁγίου,</strong></span> <span class='ocrx_word' id='word_1_93' title='bbox 1632 1202 1733 1268; x_wconf 81' lang='grc' dir='ltr'>τὰς</span> 
     </span>
    </p>
   </div>
   <div class='ocr_carea' id='block_1_14' title="bbox 156 1292 1733 1369">
    <p class='ocr_par' dir='ltr' id='par_1_14' title="bbox 156 1292 1733 1369">
     <span class='ocr_line' id='line_1_14' title="bbox 156 1292 1733 1369; baseline -0.003 -18"><span class='ocrx_word' id='word_1_94' title='bbox 156 1298 450 1368; x_wconf 78' lang='grc' dir='ltr'>ἰδιότητας,</span> <span class='ocrx_word' id='word_1_95' title='bbox 502 1292 590 1360; x_wconf 72' lang='grc' dir='ltr'><strong>’ὡς</strong></span> <span class='ocrx_word' id='word_1_96' title='bbox 639 1296 1084 1369; x_wconf 77' lang='grc' dir='ltr'><strong>προειρήκαμεν,</strong></span> <span class='ocrx_word' id='word_1_97' title='bbox 1128 1295 1436 1368; x_wconf 82' lang='grc' dir='ltr'><strong>προσώπων</strong></span> <span class='ocrx_word' id='word_1_98' title='bbox 1486 1293 1733 1365; x_wconf 81' lang='grc' dir='ltr'>ὑφεστώ-</span> 
     </span>
    </p>
   </div>
   <div class='ocr_carea' id='block_1_15' title="bbox 150 1386 1736 1458">
    <p class='ocr_par' dir='ltr' id='par_1_15' title="bbox 150 1386 1736 1458">
     <span class='ocr_line' id='line_1_15' title="bbox 150 1386 1736 1458; baseline 0 -16"><span class='ocrx_word' id='word_1_99' title='bbox 150 1406 246 1443; x_wconf 82' lang='grc' dir='ltr'>των</span> <span class='ocrx_word' id='word_1_100' title='bbox 312 1387 651 1450; x_wconf 77' lang='grc' dir='ltr'><strong>ὑποστάσεις</strong></span> <span class='ocrx_word' id='word_1_101' title='bbox 688 1387 1042 1458; x_wconf 75' lang='grc' dir='ltr'><strong>ὀνομάζουσιν</strong></span> <span class='ocrx_word' id='word_1_102' title='bbox 1122 1388 1172 1440; x_wconf 77' lang='grc' dir='ltr'>οἱ</span> <span class='ocrx_word' id='word_1_103' title='bbox 1238 1386 1576 1451; x_wconf 75' lang='grc' dir='ltr'>ἁνατολικοὶ,</span> <span class='ocrx_word' id='word_1_104' title='bbox 1612 1387 1736 1458; x_wconf 71' lang='grc' dir='ltr'><strong>οὐχὶ</strong></span> 
     </span>
    </p>
   </div>
   <div class='ocr_carea' id='block_1_16' title="bbox 150 1480 1738 1552">
    <p class='ocr_par' dir='ltr' id='par_1_16' title="bbox 150 1480 1738 1552">
     <span class='ocr_line' id='line_1_16' title="bbox 150 1480 1738 1552; baseline -0.002 -16"><span class='ocrx_word' id='word_1_105' title='bbox 150 1480 236 1546; x_wconf 81' lang='grc' dir='ltr'>τὰς</span> <span class='ocrx_word' id='word_1_106' title='bbox 286 1483 442 1552; x_wconf 82' lang='grc' dir='ltr'>τρεῖς</span> <span class='ocrx_word' id='word_1_107' title='bbox 495 1480 842 1546; x_wconf 78' lang='grc' dir='ltr'><strong>ὑποστάσεις,</strong></span> <span class='ocrx_word' id='word_1_108' title='bbox 890 1483 1040 1552; x_wconf 80' lang='grc' dir='ltr'>τρεῖς</span> <span class='ocrx_word' id='word_1_109' title='bbox 1088 1480 1283 1550; x_wconf 84' lang='grc' dir='ltr'>ἀρχὰς,</span> <span class='ocrx_word' id='word_1_110' title='bbox 1331 1480 1367 1551; x_wconf 82' lang='grc' dir='ltr'>ἢ</span> <span class='ocrx_word' id='word_1_111' title='bbox 1396 1482 1545 1551; x_wconf 80' lang='grc' dir='ltr'>τρεῖς</span> <span class='ocrx_word' id='word_1_112' title='bbox 1582 1480 1738 1544; x_wconf 80' lang='grc' dir='ltr'>θεοὺς</span> 
     </span>
    </p>
   </div>
   <div class='ocr_carea' id='block_1_17' title="bbox 150 1570 1737 1643">
    <p class='ocr_par' dir='ltr' id='par_1_17' title="bbox 150 1570 1737 1643">
     <span class='ocr_line' id='line_1_17' title="bbox 150 1570 1737 1643; baseline 0 -18"><span class='ocrx_word' id='word_1_113' title='bbox 150 1572 413 1641; x_wconf 71' lang='grc' dir='ltr'>ὶέγοντες.</span> <span class='ocrx_word' id='word_1_114' title='bbox 470 1570 958 1642; x_wconf 76' lang='grc' dir='ltr'><strong>’Δναθεματίζουσι</strong></span> <span class='ocrx_word' id='word_1_115' title='bbox 1012 1572 1154 1643; x_wconf 83' lang='grc' dir='ltr'>γὰρ,</span> <span class='ocrx_word' id='word_1_116' title='bbox 1204 1571 1257 1625; x_wconf 74' lang='lat' dir='ltr'><strong>ei</strong></span> <span class='ocrx_word' id='word_1_117' title='bbox 1289 1588 1373 1636; x_wconf 88' lang='grc' dir='ltr'><strong>τις</strong></span> <span class='ocrx_word' id='word_1_118' title='bbox 1407 1571 1554 1641; x_wconf 80' lang='grc' dir='ltr'><strong>λέγει</strong></span> <span class='ocrx_word' id='word_1_119' title='bbox 1585 1573 1737 1643; x_wconf 85' lang='grc' dir='ltr'>τρεῖς</span> 
     </span>
    </p>
   </div>
   <div class='ocr_carea' id='block_1_18' title="bbox 150 1661 1740 1736">
    <p class='ocr_par' dir='ltr' id='par_1_18' title="bbox 150 1661 1740 1736">
     <span class='ocr_line' id='line_1_18' title="bbox 150 1661 1740 1736; baseline 0 -19"><span class='ocrx_word' id='word_1_120' title='bbox 150 1662 313 1729; x_wconf 84' lang='grc' dir='ltr'>θεούς.</span> <span class='ocrx_word' id='word_1_121' title='bbox 363 1662 512 1717; x_wconf 82' lang='grc' dir='ltr'><strong>Ἀλλ’</strong></span> <span class='ocrx_word' id='word_1_122' title='bbox 537 1662 662 1716; x_wconf 72' lang='grc' dir='ltr'><strong>οὐδὲ</strong></span> <span class='ocrx_word' id='word_1_123' title='bbox 705 1664 927 1736; x_wconf 78' lang='grc' dir='ltr'><strong>Πατέρα</strong></span> <span class='ocrx_word' id='word_1_124' title='bbox 970 1662 1064 1717; x_wconf 71' lang='grc' dir='ltr'>καὶ</span> <span class='ocrx_word' id='word_1_125' title='bbox 1093 1662 1221 1716; x_wconf 80' lang='grc' dir='ltr'>Υἰδν</span> <span class='ocrx_word' id='word_1_126' title='bbox 1253 1661 1346 1716; x_wconf 82' lang='grc' dir='ltr'>δύο</span> <span class='ocrx_word' id='word_1_127' title='bbox 1369 1662 1527 1726; x_wconf 81' lang='grc' dir='ltr'>θεοὺς</span> <span class='ocrx_word' id='word_1_128' title='bbox 1552 1662 1740 1732; x_wconf 79' lang='grc' dir='ltr'><strong>λέγου-</strong></span> 
     </span>
    </p>
   </div>
   <div class='ocr_carea' id='block_1_19' title="bbox 155 1751 1740 1827">
    <p class='ocr_par' dir='ltr' id='par_1_19' title="bbox 155 1751 1740 1827">
     <span class='ocr_line' id='line_1_19' title="bbox 155 1751 1740 1827; baseline -0.001 -17"><span class='ocrx_word' id='word_1_129' title='bbox 155 1773 248 1810; x_wconf 89' lang='grc' dir='ltr'>σιν.</span> <span class='ocrx_word' id='word_1_130' title='bbox 300 1755 659 1827; x_wconf 83' lang='grc' dir='ltr'><strong>Ὀμολογοῦσι</strong></span> <span class='ocrx_word' id='word_1_131' title='bbox 708 1756 819 1826; x_wconf 77' lang='grc' dir='ltr'><strong>γὰρ</strong></span> <span class='ocrx_word' id='word_1_132' title='bbox 862 1755 990 1826; x_wconf 79' lang='grc' dir='ltr'>μίαν</span> <span class='ocrx_word' id='word_1_133' title='bbox 1032 1751 1171 1811; x_wconf 72' lang='grc' dir='ltr'>εἶναι</span> <span class='ocrx_word' id='word_1_134' title='bbox 1197 1755 1446 1827; x_wconf 84' lang='grc' dir='ltr'>θεότητα,</span> <span class='ocrx_word' id='word_1_135' title='bbox 1507 1756 1740 1826; x_wconf 75' lang='grc' dir='ltr'>ἐμπεριο</span> 
     </span>
    </p>
   </div>
   <div class='ocr_carea' id='block_1_20' title="bbox 155 1845 1744 1917">
    <p class='ocr_par' dir='ltr' id='par_1_20' title="bbox 155 1845 1744 1917">
     <span class='ocr_line' id='line_1_20' title="bbox 155 1845 1744 1917; baseline 0 -18"><span class='ocrx_word' id='word_1_136' title='bbox 155 1846 374 1917; x_wconf 75' lang='grc' dir='ltr'><strong>ἔχουσαν</strong></span> <span class='ocrx_word' id='word_1_137' title='bbox 430 1846 503 1901; x_wconf 88' lang='grc' dir='ltr'><strong>δι’</strong></span> <span class='ocrx_word' id='word_1_138' title='bbox 535 1846 669 1900; x_wconf 79' lang='grc' dir='ltr'>Υὶοῦ</span> <span class='ocrx_word' id='word_1_139' title='bbox 697 1847 756 1900; x_wconf 83' lang='grc' dir='ltr'><strong>ὲν</strong></span> <span class='ocrx_word' id='word_1_140' title='bbox 798 1847 1079 1917; x_wconf 81' lang='grc' dir='ltr'>Πνεύματι</span> <span class='ocrx_word' id='word_1_141' title='bbox 1114 1845 1256 1917; x_wconf 80' lang='grc' dir='ltr'><strong>ἁγίῳ</strong></span> <span class='ocrx_word' id='word_1_142' title='bbox 1280 1847 1349 1899; x_wconf 81' lang='grc' dir='ltr'>τὰ</span> <span class='ocrx_word' id='word_1_143' title='bbox 1379 1846 1578 1911; x_wconf 84' lang='grc' dir='ltr'>πάντα,</span> <span class='ocrx_word' id='word_1_144' title='bbox 1615 1848 1744 1916; x_wconf 81' lang='grc' dir='ltr'><strong>ὁμο-</strong></span> 
     </span>
    </p>
   </div>
   <div class='ocr_carea' id='block_1_21' title="bbox 1832 566 3541 638">
    <p class='ocr_par' dir='ltr' id='par_1_21' title="bbox 1832 566 3541 638">
     <span class='ocr_line' id='line_1_21' title="bbox 1832 566 3541 638; baseline -0.002 -16"><span class='ocrx_word' id='word_1_145' title='bbox 1832 568 1941 622; x_wconf 84' lang='lat' dir='ltr'><strong>etsi</strong></span> <span class='ocrx_word' id='word_1_146' title='bbox 1989 569 2218 638; x_wconf 76' lang='lat' dir='ltr'><strong>spiritus</strong></span> <span class='ocrx_word' id='word_1_147' title='bbox 2254 566 2418 622; x_wconf 90' lang='lat' dir='ltr'><strong>Pater</strong></span> <span class='ocrx_word' id='word_1_148' title='bbox 2449 573 2554 630; x_wconf 90' lang='lat' dir='ltr'><strong>est,</strong></span> <span class='ocrx_word' id='word_1_149' title='bbox 2596 573 2651 621; x_wconf 90' lang='lat' dir='ltr'><strong>et</strong></span> <span class='ocrx_word' id='word_1_150' title='bbox 2684 567 2857 622; x_wconf 88' lang='lat' dir='ltr'><strong>Filius</strong></span> <span class='ocrx_word' id='word_1_151' title='bbox 2905 568 3154 638; x_wconf 79' lang='lat' dir='ltr'><strong>spiritus,</strong></span> <span class='ocrx_word' id='word_1_152' title='bbox 3187 574 3245 621; x_wconf 82' lang='lat' dir='ltr'><strong>et</strong></span> <span class='ocrx_word' id='word_1_153' title='bbox 3289 567 3419 635; x_wconf 78' lang='lat' dir='ltr'><strong>Spi-</strong></span> <span class='ocrx_word' id='word_1_154' title='bbox 3532 584 3541 597; x_wconf 60' lang='grc' dir='ltr'><em>ί</em></span> 
     </span>
    </p>
   </div>
   <div class='ocr_carea' id='block_1_22' title="bbox 1835 658 3421 730">
    <p class='ocr_par' dir='ltr' id='par_1_22' title="bbox 1835 658 3421 730">
     <span class='ocr_line' id='line_1_22' title="bbox 1835 658 3421 730; baseline 0 -18"><span class='ocrx_word' id='word_1_155' title='bbox 1835 658 1978 714; x_wconf 87' lang='lat' dir='ltr'><strong>ritus</strong></span> <span class='ocrx_word' id='word_1_156' title='bbox 2009 668 2236 716; x_wconf 86' lang='lat' dir='ltr'><strong>sanctus</strong></span> <span class='ocrx_word' id='word_1_157' title='bbox 2271 659 2386 730; x_wconf 89' lang='lat' dir='ltr'><strong>ipse</strong></span> <span class='ocrx_word' id='word_1_158' title='bbox 2414 658 2665 728; x_wconf 82' lang='lat' dir='ltr'><strong>spiritus,</strong></span> <span class='ocrx_word' id='word_1_159' title='bbox 2694 676 2802 713; x_wconf 88' lang='lat' dir='ltr'><strong>non</strong></span> <span class='ocrx_word' id='word_1_160' title='bbox 2834 668 3016 714; x_wconf 82' lang='lat' dir='ltr'><strong>tamen</strong></span> <span class='ocrx_word' id='word_1_161' title='bbox 3043 658 3256 714; x_wconf 81' lang='lat' dir='ltr'><strong>Patrem</strong></span> <span class='ocrx_word' id='word_1_162' title='bbox 3292 672 3421 712; x_wconf 86' lang='lat' dir='ltr'><strong>esse</strong></span> 
     </span>
    </p>
   </div>
   <div class='ocr_carea' id='block_1_23' title="bbox 1836 747 3420 821">
    <p class='ocr_par' dir='ltr' id='par_1_23' title="bbox 1836 747 3420 821">
     <span class='ocr_line' id='line_1_23' title="bbox 1836 747 3420 821; baseline -0.001 -18"><span class='ocrx_word' id='word_1_163' title='bbox 1836 747 2034 806; x_wconf 82' lang='lat' dir='ltr'><strong>Filium</strong></span> <span class='ocrx_word' id='word_1_164' title='bbox 2083 750 2427 821; x_wconf 90' lang='lat' dir='ltr'><strong>concipimus</strong></span> <span class='ocrx_word' id='word_1_165' title='bbox 2473 750 2676 804; x_wconf 83' lang='lat' dir='ltr'><strong>animo.</strong></span> <span class='ocrx_word' id='word_1_166' title='bbox 2715 750 2858 816; x_wconf 85' lang='lat' dir='ltr'><strong>Quin</strong></span> <span class='ocrx_word' id='word_1_167' title='bbox 2912 759 2968 805; x_wconf 91' lang='lat' dir='ltr'><strong>et</strong></span> <span class='ocrx_word' id='word_1_168' title='bbox 3016 750 3257 821; x_wconf 86' lang='lat' dir='ltr'><strong>Spiritus</strong></span> <span class='ocrx_word' id='word_1_169' title='bbox 3302 749 3420 817; x_wconf 86' lang='lat' dir='ltr'><strong>ipse</strong></span> 
     </span>
    </p>
   </div>
   <div class='ocr_carea' id='block_1_24' title="bbox 1838 841 3421 914">
    <p class='ocr_par' dir='ltr' id='par_1_24' title="bbox 1838 841 3421 914">
     <span class='ocr_line' id='line_1_24' title="bbox 1838 841 3421 914; baseline -0.003 -16"><span class='ocrx_word' id='word_1_170' title='bbox 1838 843 2115 908; x_wconf 78' lang='lat' dir='ltr'><strong>subsistit,</strong></span> <span class='ocrx_word' id='word_1_171' title='bbox 2148 843 2243 914; x_wconf 89' lang='lat' dir='ltr'><strong>qui</strong></span> <span class='ocrx_word' id='word_1_172' title='bbox 2273 858 2620 914; x_wconf 84' lang='lat' dir='ltr'><strong>nequaquam</strong></span> <span class='ocrx_word' id='word_1_173' title='bbox 2650 843 2823 900; x_wconf 78' lang='lat' dir='ltr'><strong>Filius</strong></span> <span class='ocrx_word' id='word_1_174' title='bbox 2856 843 3197 914; x_wconf 77' lang='lat' dir='ltr'><strong>intelligitur,</strong></span> <span class='ocrx_word' id='word_1_175' title='bbox 3230 841 3421 907; x_wconf 74' lang='lat' dir='ltr'><strong>cujus-</strong></span> 
     </span>
    </p>
   </div>
   <div class='ocr_carea' id='block_1_25' title="bbox 1838 934 3423 1005">
    <p class='ocr_par' dir='ltr' id='par_1_25' title="bbox 1838 934 3423 1005">
     <span class='ocr_line' id='line_1_25' title="bbox 1838 934 3423 1005; baseline -0.001 -16"><span class='ocrx_word' id='word_1_176' title='bbox 1838 934 1987 989; x_wconf 87' lang='lat' dir='ltr'><strong>modi</strong></span> <span class='ocrx_word' id='word_1_177' title='bbox 2034 950 2143 989; x_wconf 92' lang='lat' dir='ltr'><strong>non</strong></span> <span class='ocrx_word' id='word_1_178' title='bbox 2193 943 2296 998; x_wconf 88' lang='lat' dir='ltr'><strong>est,</strong></span> <span class='ocrx_word' id='word_1_179' title='bbox 2349 935 2447 989; x_wconf 91' lang='lat' dir='ltr'><strong>sed</strong></span> <span class='ocrx_word' id='word_1_180' title='bbox 2487 950 2585 1005; x_wconf 85' lang='lat' dir='ltr'><strong>per</strong></span> <span class='ocrx_word' id='word_1_181' title='bbox 2623 934 2866 1005; x_wconf 88' lang='lat' dir='ltr'><strong>seipsqu</strong></span> <span class='ocrx_word' id='word_1_182' title='bbox 2912 934 3150 1004; x_wconf 84' lang='lat' dir='ltr'><strong>Spiritus</strong></span> <span class='ocrx_word' id='word_1_183' title='bbox 3196 940 3423 989; x_wconf 72' lang='lat' dir='ltr'><strong>sanctus</strong></span> 
     </span>
    </p>
   </div>
   <div class='ocr_carea' id='block_1_26' title="bbox 1841 1021 3424 1093">
    <p class='ocr_par' dir='ltr' id='par_1_26' title="bbox 1841 1021 3424 1093">
     <span class='ocr_line' id='line_1_26' title="bbox 1841 1021 3424 1093; baseline -0.001 -18"><span class='ocrx_word' id='word_1_184' title='bbox 1841 1023 1932 1077; x_wconf 88' lang='lat' dir='ltr'><strong>ille</strong></span> <span class='ocrx_word' id='word_1_185' title='bbox 1981 1023 2253 1078; x_wconf 82' lang='lat' dir='ltr'><strong>subsistit.</strong></span> <span class='ocrx_word' id='word_1_186' title='bbox 2303 1021 2404 1077; x_wconf 87' lang='lat' dir='ltr'><strong>llic</strong></span> <span class='ocrx_word' id='word_1_187' title='bbox 2443 1023 2590 1078; x_wconf 87' lang='lat' dir='ltr'><strong>enim</strong></span> <span class='ocrx_word' id='word_1_188' title='bbox 2639 1038 2822 1093; x_wconf 85' lang='lat' dir='ltr'><strong>neque</strong></span> <span class='ocrx_word' id='word_1_189' title='bbox 2872 1021 3034 1077; x_wconf 86' lang='lat' dir='ltr'><strong>Pater</strong></span> <span class='ocrx_word' id='word_1_190' title='bbox 3087 1030 3191 1087; x_wconf 88' lang='lat' dir='ltr'><strong>est,</strong></span> <span class='ocrx_word' id='word_1_191' title='bbox 3244 1034 3424 1089; x_wconf 84' lang='lat' dir='ltr'><strong>neque</strong></span> 
     </span>
    </p>
   </div>
   <div class='ocr_carea' id='block_1_27' title="bbox 1839 1111 3465 1184">
    <p class='ocr_par' dir='ltr' id='par_1_27' title="bbox 1839 1111 3465 1184">
     <span class='ocr_line' id='line_1_27' title="bbox 1839 1111 3465 1184; baseline -0.004 -15"><span class='ocrx_word' id='word_1_192' title='bbox 1839 1113 2052 1179; x_wconf 81' lang='lat' dir='ltr'><strong>Filius,</strong></span> <span class='ocrx_word' id='word_1_193' title='bbox 2110 1115 2206 1170; x_wconf 87' lang='lat' dir='ltr'><strong>sed</strong></span> <span class='ocrx_word' id='word_1_194' title='bbox 2267 1113 2506 1184; x_wconf 86' lang='lat' dir='ltr'><strong>Spiritus</strong></span> <span class='ocrx_word' id='word_1_195' title='bbox 2560 1122 2806 1178; x_wconf 88' lang='lat' dir='ltr'><strong>sanctus,</strong></span> <span class='ocrx_word' id='word_1_196' title='bbox 2861 1127 3023 1182; x_wconf 85' lang='lat' dir='ltr'><strong>quem</strong></span> <span class='ocrx_word' id='word_1_197' title='bbox 3072 1127 3170 1183; x_wconf 84' lang='lat' dir='ltr'><strong>per</strong></span> <span class='ocrx_word' id='word_1_198' title='bbox 3222 1111 3465 1165; x_wconf 79' lang='lat' dir='ltr'><strong>Filium-</strong></span> 
     </span>
    </p>
   </div>
   <div class='ocr_carea' id='block_1_28' title="bbox 1839 1204 3463 1279">
    <p class='ocr_par' dir='ltr' id='par_1_28' title="bbox 1839 1204 3463 1279">
     <span class='ocr_line' id='line_1_28' title="bbox 1839 1204 3463 1279; baseline -0.001 -17"><span class='ocrx_word' id='word_1_199' title='bbox 1839 1206 2003 1263; x_wconf 83' lang='lat' dir='ltr'><strong>Pater</strong></span> <span class='ocrx_word' id='word_1_200' title='bbox 2034 1207 2289 1264; x_wconf 87' lang='lat' dir='ltr'><strong>ﬁdelibus</strong></span> <span class='ocrx_word' id='word_1_201' title='bbox 2315 1208 2567 1279; x_wconf 70' lang='lat' dir='ltr'><strong>largitur.</strong></span> <span class='ocrx_word' id='word_1_202' title='bbox 2614 1206 2796 1274; x_wconf 84' lang='lat' dir='ltr'><strong>Quare</strong></span> <span class='ocrx_word' id='word_1_203' title='bbox 2842 1206 3041 1261; x_wconf 86' lang='lat' dir='ltr'><strong>merito</strong></span> <span class='ocrx_word' id='word_1_204' title='bbox 3073 1204 3430 1261; x_wconf 85' lang='lat' dir='ltr'><strong>subsistentis</strong></span> <span class='ocrx_word' id='word_1_205' title='bbox 3458 1240 3463 1245; x_wconf 60' lang='grc' dir='ltr'>η</span> 
     </span>
    </p>
   </div>
   <div class='ocr_carea' id='block_1_29' title="bbox 1840 1296 3430 1370">
    <p class='ocr_par' dir='ltr' id='par_1_29' title="bbox 1840 1296 3430 1370">
     <span class='ocr_line' id='line_1_29' title="bbox 1840 1296 3430 1370; baseline -0.004 -13"><span class='ocrx_word' id='word_1_206' title='bbox 1840 1299 2270 1370; x_wconf 78' lang='lat' dir='ltr'><strong>cssistentisque</strong></span> <span class='ocrx_word' id='word_1_207' title='bbox 2314 1298 2516 1362; x_wconf 80' lang='lat' dir='ltr'><strong>Patris,</strong></span> <span class='ocrx_word' id='word_1_208' title='bbox 2552 1313 2617 1353; x_wconf 87' lang='lat' dir='ltr'><strong>ac</strong></span> <span class='ocrx_word' id='word_1_209' title='bbox 2664 1297 2826 1363; x_wconf 85' lang='lat' dir='ltr'><strong>Filii,</strong></span> <span class='ocrx_word' id='word_1_210' title='bbox 2867 1304 2923 1354; x_wconf 85' lang='lat' dir='ltr'><strong>et</strong></span> <span class='ocrx_word' id='word_1_211' title='bbox 2957 1296 3199 1368; x_wconf 85' lang='lat' dir='ltr'><strong>Spiritus</strong></span> <span class='ocrx_word' id='word_1_212' title='bbox 3245 1296 3430 1352; x_wconf 86' lang='lat' dir='ltr'><strong>sancti</strong></span> 
     </span>
    </p>
   </div>
   <div class='ocr_carea' id='block_1_30' title="bbox 1842 1389 3430 1464">
    <p class='ocr_par' dir='ltr' id='par_1_30' title="bbox 1842 1389 3430 1464">
     <span class='ocr_line' id='line_1_30' title="bbox 1842 1389 3430 1464; baseline -0.003 -17"><span class='ocrx_word' id='word_1_213' title='bbox 1842 1392 2235 1464; x_wconf 81' lang='lat' dir='ltr'><strong>proprietates,</strong></span> <span class='ocrx_word' id='word_1_214' title='bbox 2272 1398 2332 1445; x_wconf 89' lang='lat' dir='ltr'><strong>ut</strong></span> <span class='ocrx_word' id='word_1_215' title='bbox 2382 1390 2654 1455; x_wconf 77' lang='lat' dir='ltr'><strong>diximus,</strong></span> <span class='ocrx_word' id='word_1_216' title='bbox 2702 1389 3126 1448; x_wconf 86' lang='lat' dir='ltr'><strong>subsistentium</strong></span> <span class='ocrx_word' id='word_1_217' title='bbox 3167 1402 3430 1459; x_wconf 70' lang='lat' dir='ltr'><strong>persona-</strong></span> 
     </span>
    </p>
   </div>
   <div class='ocr_carea' id='block_1_31' title="bbox 1844 1480 3439 1555">
    <p class='ocr_par' dir='ltr' id='par_1_31' title="bbox 1844 1480 3439 1555">
     <span class='ocr_line' id='line_1_31' title="bbox 1844 1480 3439 1555; baseline -0.003 -15"><span class='ocrx_word' id='word_1_218' title='bbox 1844 1500 1967 1540; x_wconf 83' lang='lat' dir='ltr'><strong>rum</strong></span> <span class='ocrx_word' id='word_1_219' title='bbox 2007 1484 2335 1555; x_wconf 77' lang='lat' dir='ltr'><strong>hypostases</strong></span> <span class='ocrx_word' id='word_1_220' title='bbox 2364 1480 2676 1538; x_wconf 82' lang='lat' dir='ltr'><strong>Orientales</strong></span> <span class='ocrx_word' id='word_1_221' title='bbox 2719 1481 3030 1545; x_wconf 88' lang='lat' dir='ltr'><strong>nominant,</strong></span> <span class='ocrx_word' id='word_1_222' title='bbox 3066 1495 3176 1534; x_wconf 88' lang='lat' dir='ltr'><strong>non</strong></span> <span class='ocrx_word' id='word_1_223' title='bbox 3221 1487 3285 1534; x_wconf 86' lang='lat' dir='ltr'><strong>ut</strong></span> <span class='ocrx_word' id='word_1_224' title='bbox 3313 1489 3439 1535; x_wconf 75' lang='lat' dir='ltr'><strong>tres</strong></span> 
     </span>
    </p>
   </div>
   <div class='ocr_carea' id='block_1_32' title="bbox 1846 1573 3461 1647">
    <p class='ocr_par' dir='ltr' id='par_1_32' title="bbox 1846 1573 3461 1647">
     <span class='ocr_line' id='line_1_32' title="bbox 1846 1573 3461 1647; baseline -0.003 -15"><span class='ocrx_word' id='word_1_225' title='bbox 1846 1575 1971 1632; x_wconf 79' lang='lat' dir='ltr'><strong>illas</strong></span> <span class='ocrx_word' id='word_1_226' title='bbox 2022 1576 2352 1647; x_wconf 85' lang='lat' dir='ltr'><strong>hypostases</strong></span> <span class='ocrx_word' id='word_1_227' title='bbox 2387 1573 2493 1627; x_wconf 84' lang='lat' dir='ltr'><strong>tria</strong></span> <span class='ocrx_word' id='word_1_228' title='bbox 2542 1573 2835 1645; x_wconf 84' lang='lat' dir='ltr'><strong>principia,</strong></span> <span class='ocrx_word' id='word_1_229' title='bbox 2887 1581 3072 1630; x_wconf 80' lang='lat' dir='ltr'><strong>tresve</strong></span> <span class='ocrx_word' id='word_1_230' title='bbox 3117 1573 3265 1629; x_wconf 80' lang='lat' dir='ltr'><strong>deos</strong></span> <span class='ocrx_word' id='word_1_231' title='bbox 3305 1586 3461 1627; x_wconf 64' lang='grc' dir='ltr'>θεων·</span> 
     </span>
    </p>
   </div>
   <div class='ocr_carea' id='block_1_33' title="bbox 1846 1666 3434 1738">
    <p class='ocr_par' dir='ltr' id='par_1_33' title="bbox 1846 1666 3434 1738">
     <span class='ocr_line' id='line_1_33' title="bbox 1846 1666 3434 1738; baseline -0.001 -14"><span class='ocrx_word' id='word_1_232' title='bbox 1846 1669 2058 1724; x_wconf 81' lang='lat' dir='ltr'><strong>dicant.</strong></span> <span class='ocrx_word' id='word_1_233' title='bbox 2112 1666 2250 1723; x_wconf 76' lang='lat' dir='ltr'><strong>Nam</strong></span> <span class='ocrx_word' id='word_1_234' title='bbox 2302 1682 2398 1722; x_wconf 88' lang='lat' dir='ltr'><strong>eos</strong></span> <span class='ocrx_word' id='word_1_235' title='bbox 2430 1667 2791 1724; x_wconf 81' lang='lat' dir='ltr'><strong>anathemate</strong></span> <span class='ocrx_word' id='word_1_236' title='bbox 2834 1667 3130 1731; x_wconf 84' lang='lat' dir='ltr'><strong>damnant,</strong></span> <span class='ocrx_word' id='word_1_237' title='bbox 3163 1667 3259 1738; x_wconf 86' lang='lat' dir='ltr'><strong>qui</strong></span> <span class='ocrx_word' id='word_1_238' title='bbox 3320 1676 3434 1722; x_wconf 89' lang='lat' dir='ltr'><strong>tres</strong></span> 
     </span>
    </p>
   </div>
   <div class='ocr_carea' id='block_1_34' title="bbox 1848 1757 3434 1829">
    <p class='ocr_par' dir='ltr' id='par_1_34' title="bbox 1848 1757 3434 1829">
     <span class='ocr_line' id='line_1_34' title="bbox 1848 1757 3434 1829; baseline 0 -14"><span class='ocrx_word' id='word_1_239' title='bbox 1848 1761 2285 1816; x_wconf 87' lang='lat' dir='ltr'><strong>deosasserunt.</strong></span> <span class='ocrx_word' id='word_1_240' title='bbox 2316 1757 2507 1829; x_wconf 77' lang='lat' dir='ltr'><strong>Neque</strong></span> <span class='ocrx_word' id='word_1_241' title='bbox 2538 1773 2669 1815; x_wconf 88' lang='lat' dir='ltr'><strong>vero</strong></span> <span class='ocrx_word' id='word_1_242' title='bbox 2702 1760 2916 1814; x_wconf 85' lang='lat' dir='ltr'><strong>Patrem</strong></span> <span class='ocrx_word' id='word_1_243' title='bbox 2956 1762 3019 1815; x_wconf 88' lang='lat' dir='ltr'><strong>et</strong></span> <span class='ocrx_word' id='word_1_244' title='bbox 3063 1758 3259 1814; x_wconf 81' lang='lat' dir='ltr'><strong>Filium</strong></span> <span class='ocrx_word' id='word_1_245' title='bbox 3291 1758 3434 1815; x_wconf 86' lang='lat' dir='ltr'><strong>duos</strong></span> 
     </span>
    </p>
   </div>
   <div class='ocr_carea' id='block_1_35' title="bbox 1850 1850 3455 1909">
    <p class='ocr_par' dir='ltr' id='par_1_35' title="bbox 1850 1850 3455 1909">
     <span class='ocr_line' id='line_1_35' title="bbox 1850 1850 3455 1909; baseline -0.002 0"><span class='ocrx_word' id='word_1_246' title='bbox 1850 1867 1979 1909; x_wconf 86' lang='lat' dir='ltr'><strong>esse</strong></span> <span class='ocrx_word' id='word_1_247' title='bbox 2010 1851 2145 1908; x_wconf 88' lang='lat' dir='ltr'><strong>deos</strong></span> <span class='ocrx_word' id='word_1_248' title='bbox 2185 1851 2397 1907; x_wconf 90' lang='lat' dir='ltr'><strong>dicunt.</strong></span> <span class='ocrx_word' id='word_1_249' title='bbox 2443 1850 2557 1907; x_wconf 89' lang='lat' dir='ltr'><strong>Hoc</strong></span> <span class='ocrx_word' id='word_1_250' title='bbox 2595 1850 2742 1906; x_wconf 91' lang='lat' dir='ltr'><strong>enim</strong></span> <span class='ocrx_word' id='word_1_251' title='bbox 2794 1851 3078 1905; x_wconf 77' lang='lat' dir='ltr'><strong>fatentur:</strong></span> <span class='ocrx_word' id='word_1_252' title='bbox 3120 1864 3285 1905; x_wconf 87' lang='lat' dir='ltr'><strong>unam</strong></span> <span class='ocrx_word' id='word_1_253' title='bbox 3312 1864 3455 1905; x_wconf 86' lang='lat' dir='ltr'><strong>esse-</strong></span> 
     </span>
    </p>
   </div>
   <div class='ocr_carea' id='block_1_36' title="bbox 155 1917 1751 2013">
    <p class='ocr_par' dir='ltr' id='par_1_36' title="bbox 155 1936 1742 2010">
     <span class='ocr_line' id='line_1_36' title="bbox 155 1936 1742 2010; baseline -0.001 -19"><span class='ocrx_word' id='word_1_254' title='bbox 155 1937 360 2008; x_wconf 76' lang='grc' dir='ltr'><strong>λοτοῦσι</strong></span> <span class='ocrx_word' id='word_1_255' title='bbox 393 1938 530 2009; x_wconf 80' lang='grc' dir='ltr'><strong>μὶαν</strong></span> <span class='ocrx_word' id='word_1_256' title='bbox 559 1938 811 2010; x_wconf 77' lang='grc' dir='ltr'>θεότητα,</span> <span class='ocrx_word' id='word_1_257' title='bbox 849 1939 945 1992; x_wconf 75' lang='grc' dir='ltr'><strong>καὶ</strong></span> <span class='ocrx_word' id='word_1_258' title='bbox 986 1938 1115 2010; x_wconf 83' lang='grc' dir='ltr'>μίαν</span> <span class='ocrx_word' id='word_1_259' title='bbox 1160 1937 1453 2008; x_wconf 86' lang='grc' dir='ltr'>βασιλείαν,</span> <span class='ocrx_word' id='word_1_260' title='bbox 1484 1938 1578 1990; x_wconf 62' lang='grc' dir='ltr'><strong>καὶ⁵</strong></span> <span class='ocrx_word' id='word_1_261' title='bbox 1612 1936 1742 2008; x_wconf 81' lang='grc' dir='ltr'>μίαν</span> 
     </span>
    </p>
   </div>
   <div class='ocr_carea' id='block_1_37' title="bbox 1856 1917 3437 2013">
    <p class='ocr_par' dir='ltr' id='par_1_37' title="bbox 1856 1941 3437 2013">
     <span class='ocr_line' id='line_1_37' title="bbox 1856 1941 3437 2013; baseline -0.006 -14"><span class='ocrx_word' id='word_1_262' title='bbox 1856 1943 2210 2006; x_wconf 81' lang='lat' dir='ltr'><strong>divinitatem,</strong></span> <span class='ocrx_word' id='word_1_263' title='bbox 2243 1958 2364 2013; x_wconf 80' lang='lat' dir='ltr'><strong>qua:</strong></span> <span class='ocrx_word' id='word_1_264' title='bbox 2394 1958 2491 2012; x_wconf 86' lang='lat' dir='ltr'><strong>per</strong></span> <span class='ocrx_word' id='word_1_265' title='bbox 2516 1941 2718 1996; x_wconf 83' lang='lat' dir='ltr'><strong>Filium</strong></span> <span class='ocrx_word' id='word_1_266' title='bbox 2753 1943 2809 1997; x_wconf 87' lang='lat' dir='ltr'><strong>in</strong></span> <span class='ocrx_word' id='word_1_267' title='bbox 2836 1942 3042 2013; x_wconf 84' lang='lat' dir='ltr'><strong>Spiritu</strong></span> <span class='ocrx_word' id='word_1_268' title='bbox 3075 1949 3269 1997; x_wconf 83' lang='lat' dir='ltr'><strong>sancto</strong></span> <span class='ocrx_word' id='word_1_269' title='bbox 3297 1955 3437 1994; x_wconf 56' lang='lat' dir='ltr'><strong>con.</strong></span> 
     </span>
    </p>
   </div>
   <div class='ocr_carea' id='block_1_38' title="bbox 155 2026 1745 2100">
    <p class='ocr_par' dir='ltr' id='par_1_38' title="bbox 155 2026 1745 2100">
     <span class='ocr_line' id='line_1_38' title="bbox 155 2026 1745 2100; baseline -0.001 -20"><span class='ocrx_word' id='word_1_270' title='bbox 155 2028 340 2099; x_wconf 74' lang='grc' dir='ltr'><strong>ἀρχήν.</strong></span> <span class='ocrx_word' id='word_1_271' title='bbox 375 2027 579 2097; x_wconf 78' lang='grc' dir='ltr'>Ὅμως</span> <span class='ocrx_word' id='word_1_272' title='bbox 608 2027 679 2081; x_wconf 81' lang='grc' dir='ltr'><strong>τὰ</strong></span> <span class='ocrx_word' id='word_1_273' title='bbox 702 2027 969 2100; x_wconf 85' lang='grc' dir='ltr'>πρόσωπα</span> <span class='ocrx_word' id='word_1_274' title='bbox 993 2029 1050 2082; x_wconf 82' lang='grc' dir='ltr'>ὲν</span> <span class='ocrx_word' id='word_1_275' title='bbox 1072 2029 1195 2091; x_wconf 89' lang='grc' dir='ltr'>ταῖς</span> <span class='ocrx_word' id='word_1_276' title='bbox 1226 2026 1450 2100; x_wconf 77' lang='grc' dir='ltr'><strong>ἰδιότησι</strong></span> <span class='ocrx_word' id='word_1_277' title='bbox 1481 2027 1589 2080; x_wconf 82' lang='grc' dir='ltr'><strong>τῶν</strong></span> <span class='ocrx_word' id='word_1_278' title='bbox 1610 2027 1745 2079; x_wconf 79' lang='grc' dir='ltr'>ὑπο-</span> 
     </span>
    </p>
   </div>
   <div class='ocr_carea' id='block_1_39' title="bbox 163 2117 1745 2191">
    <p class='ocr_par' dir='ltr' id='par_1_39' title="bbox 163 2117 1745 2191">
     <span class='ocr_line' id='line_1_39' title="bbox 163 2117 1745 2191; baseline 0 -18"><span class='ocrx_word' id='word_1_279' title='bbox 163 2120 388 2174; x_wconf 79' lang='grc' dir='ltr'>στάσεων</span> <span class='ocrx_word' id='word_1_280' title='bbox 405 2117 672 2183; x_wconf 78' lang='grc' dir='ltr'>,εὐσεϐῶς</span> <span class='ocrx_word' id='word_1_281' title='bbox 698 2118 1046 2191; x_wconf 75' lang='grc' dir='ltr'><strong>γνωρίζουσι,</strong></span> <span class='ocrx_word' id='word_1_282' title='bbox 1071 2119 1165 2175; x_wconf 84' lang='grc' dir='ltr'><strong>τὸν</strong></span> <span class='ocrx_word' id='word_1_283' title='bbox 1196 2118 1418 2190; x_wconf 80' lang='grc' dir='ltr'><strong>Πατέρα</strong></span> <span class='ocrx_word' id='word_1_284' title='bbox 1444 2122 1503 2173; x_wconf 80' lang='grc' dir='ltr'>ὲν</span> <span class='ocrx_word' id='word_1_285' title='bbox 1530 2120 1597 2190; x_wconf 80' lang='grc' dir='ltr'>τῇ</span> <span class='ocrx_word' id='word_1_286' title='bbox 1639 2135 1745 2173; x_wconf 87' lang='grc' dir='ltr'>πα-</span> 
     </span>
    </p>
   </div>
   <div class='ocr_carea' id='block_1_40' title="bbox 160 2209 1742 2281">
    <p class='ocr_par' dir='ltr' id='par_1_40' title="bbox 160 2209 1742 2281">
     <span class='ocr_line' id='line_1_40' title="bbox 160 2209 1742 2281; baseline 0 -19"><span class='ocrx_word' id='word_1_287' title='bbox 160 2212 310 2281; x_wconf 84' lang='grc' dir='ltr'>τρικῇ</span> <span class='ocrx_word' id='word_1_288' title='bbox 337 2209 609 2281; x_wconf 76' lang='grc' dir='ltr'>αὑθεντίᾳ</span> <span class='ocrx_word' id='word_1_289' title='bbox 643 2209 931 2279; x_wconf 80' lang='grc' dir='ltr'><strong>ὑφεστῶτα</strong></span> <span class='ocrx_word' id='word_1_290' title='bbox 962 2209 1247 2275; x_wconf 76' lang='grc' dir='ltr'>νοοῦντες,</span> <span class='ocrx_word' id='word_1_291' title='bbox 1270 2210 1365 2264; x_wconf 76' lang='grc' dir='ltr'><strong>καὶ</strong></span> <span class='ocrx_word' id='word_1_292' title='bbox 1389 2210 1482 2263; x_wconf 84' lang='grc' dir='ltr'>τὸν</span> <span class='ocrx_word' id='word_1_293' title='bbox 1511 2209 1640 2263; x_wconf 78' lang='grc' dir='ltr'><strong>Υἱὸν</strong></span> <span class='ocrx_word' id='word_1_294' title='bbox 1681 2209 1742 2262; x_wconf 82' lang='grc' dir='ltr'>οὐ</span> 
     </span>
    </p>
   </div>
   <div class='ocr_carea' id='block_1_41' title="bbox 165 2299 1759 2373">
    <p class='ocr_par' dir='ltr' id='par_1_41' title="bbox 165 2299 1759 2373">
     <span class='ocr_line' id='line_1_41' title="bbox 165 2299 1759 2373; baseline -0.003 -17"><span class='ocrx_word' id='word_1_295' title='bbox 165 2302 315 2372; x_wconf 71' lang='grc' dir='ltr'>μέρος</span> <span class='ocrx_word' id='word_1_296' title='bbox 350 2301 483 2355; x_wconf 80' lang='grc' dir='ltr'>ὄντα</span> <span class='ocrx_word' id='word_1_297' title='bbox 518 2300 618 2354; x_wconf 91' lang='grc' dir='ltr'>τοῦ</span> <span class='ocrx_word' id='word_1_298' title='bbox 667 2301 902 2373; x_wconf 78' lang='grc' dir='ltr'>Πατρὸς,</span> <span class='ocrx_word' id='word_1_299' title='bbox 954 2301 1092 2356; x_wconf 86' lang='grc' dir='ltr'><strong>ἀλλὰ</strong></span> <span class='ocrx_word' id='word_1_300' title='bbox 1130 2301 1389 2373; x_wconf 80' lang='grc' dir='ltr'>καθαρῶς</span> <span class='ocrx_word' id='word_1_301' title='bbox 1432 2302 1498 2354; x_wconf 83' lang='grc' dir='ltr'>ὲκ</span> <span class='ocrx_word' id='word_1_302' title='bbox 1531 2299 1759 2373; x_wconf 78' lang='grc' dir='ltr'>Πατρδς.</span> 
     </span>
    </p>
   </div>
   <div class='ocr_carea' id='block_1_42' title="bbox 161 2392 1748 2466">
    <p class='ocr_par' dir='ltr' id='par_1_42' title="bbox 161 2392 1748 2466">
     <span class='ocr_line' id='line_1_42' title="bbox 161 2392 1748 2466; baseline -0.001 -19"><span class='ocrx_word' id='word_1_303' title='bbox 161 2392 348 2447; x_wconf 81' lang='grc' dir='ltr'>τέλειον</span> <span class='ocrx_word' id='word_1_304' title='bbox 382 2393 450 2448; x_wconf 78' lang='grc' dir='ltr'>ἑκ</span> <span class='ocrx_word' id='word_1_305' title='bbox 505 2392 1144 2466; x_wconf 53' lang='grc' dir='ltr'><strong>τελειουνγεγεννημένον</strong></span> <span class='ocrx_word' id='word_1_306' title='bbox 1169 2394 1265 2448; x_wconf 70' lang='grc' dir='ltr'><strong>καὶ</strong></span> <span class='ocrx_word' id='word_1_307' title='bbox 1289 2394 1577 2464; x_wconf 82' lang='grc' dir='ltr'>ὑφεστῶτα</span> <span class='ocrx_word' id='word_1_308' title='bbox 1616 2394 1748 2463; x_wconf 65' lang='grc' dir='ltr'><strong>ὁμου</strong></span> 
     </span>
    </p>
   </div>
   <div class='ocr_carea' id='block_1_43' title="bbox 164 2483 1785 2572">
    <p class='ocr_par' dir='ltr' id='par_1_43' title="bbox 164 2483 1785 2572">
     <span class='ocr_line' id='line_1_43' title="bbox 164 2483 1785 2572; baseline 0.001 -34"><span class='ocrx_word' id='word_1_309' title='bbox 164 2484 454 2554; x_wconf 78' lang='grc' dir='ltr'>λογοῦντες,</span> <span class='ocrx_word' id='word_1_310' title='bbox 493 2485 596 2540; x_wconf 57' lang='grc' dir='ltr'><strong>καὶ¹</strong></span> <span class='ocrx_word' id='word_1_311' title='bbox 622 2485 684 2539; x_wconf 85' lang='grc' dir='ltr'><strong>τὸ</strong></span> <span class='ocrx_word' id='word_1_312' title='bbox 726 2485 1034 2558; x_wconf 75' lang='grc' dir='ltr'>Πνεῦμα¹τὸ</span> <span class='ocrx_word' id='word_1_313' title='bbox 1061 2486 1237 2555; x_wconf 77' lang='grc' dir='ltr'>ἅγιον,</span> <span class='ocrx_word' id='word_1_314' title='bbox 1272 2486 1302 2539; x_wconf 85' lang='grc' dir='ltr'><strong>ὃ</strong></span> <span class='ocrx_word' id='word_1_315' title='bbox 1331 2483 1517 2557; x_wconf 69' lang='grc' dir='ltr'>ήθεία</span> <span class='ocrx_word' id='word_1_316' title='bbox 1553 2484 1746 2556; x_wconf 84' lang='grc' dir='ltr'>Γραφὴ</span> <span class='ocrx_word' id='word_1_317' title='bbox 1778 2565 1785 2572; x_wconf 14' lang='grc' dir='ltr'>ἡ</span> 
     </span>
    </p>
   </div>
   <div class='ocr_carea' id='block_1_44' title="bbox 164 2576 1751 2651">
    <p class='ocr_par' dir='ltr' id='par_1_44' title="bbox 164 2576 1751 2651">
     <span class='ocr_line' id='line_1_44' title="bbox 164 2576 1751 2651; baseline -0.002 -19"><span class='ocrx_word' id='word_1_318' title='bbox 164 2578 508 2651; x_wconf 69' lang='grc' dir='ltr'>Παρακλητον</span> <span class='ocrx_word' id='word_1_319' title='bbox 532 2579 813 2650; x_wconf 73' lang='grc' dir='ltr'><strong>ὀνομάζει,</strong></span> <span class='ocrx_word' id='word_1_320' title='bbox 841 2580 908 2632; x_wconf 79' lang='grc' dir='ltr'>ὲκ</span> <span class='ocrx_word' id='word_1_321' title='bbox 952 2577 1163 2650; x_wconf 74' lang='grc' dir='ltr'>Πατρδς</span> <span class='ocrx_word' id='word_1_322' title='bbox 1207 2577 1273 2632; x_wconf 78' lang='grc' dir='ltr'><strong>δι’</strong></span> <span class='ocrx_word' id='word_1_323' title='bbox 1302 2577 1435 2631; x_wconf 80' lang='grc' dir='ltr'>Υἱοῦ</span> <span class='ocrx_word' id='word_1_324' title='bbox 1462 2576 1751 2647; x_wconf 78' lang='grc' dir='ltr'>ὑφεστῶτα</span> 
     </span>
    </p>
   </div>
   <div class='ocr_carea' id='block_1_45' title="bbox 167 2668 1747 2744">
    <p class='ocr_par' dir='ltr' id='par_1_45' title="bbox 167 2668 1747 2744">
     <span class='ocr_line' id='line_1_45' title="bbox 167 2668 1747 2744; baseline -0.002 -18"><span class='ocrx_word' id='word_1_325' title='bbox 167 2672 525 2744; x_wconf 68' lang='grc' dir='ltr'>γνωρίζοντες.</span> <span class='ocrx_word' id='word_1_326' title='bbox 573 2672 661 2736; x_wconf 83' lang='grc' dir='ltr'>Ὦς</span> <span class='ocrx_word' id='word_1_327' title='bbox 692 2674 721 2726; x_wconf 91' lang='lat'><strong>6</strong></span> <span class='ocrx_word' id='word_1_328' title='bbox 750 2671 1109 2743; x_wconf 83' lang='grc' dir='ltr'>Παράκλητος</span> <span class='ocrx_word' id='word_1_329' title='bbox 1135 2670 1197 2724; x_wconf 83' lang='grc' dir='ltr'>τὺ</span> <span class='ocrx_word' id='word_1_330' title='bbox 1231 2668 1445 2742; x_wconf 80' lang='grc' dir='ltr'>πνεῦμα</span> <span class='ocrx_word' id='word_1_331' title='bbox 1482 2670 1582 2740; x_wconf 83' lang='grc' dir='ltr'>τῆς</span> <span class='ocrx_word' id='word_1_332' title='bbox 1610 2669 1747 2738; x_wconf 81' lang='grc' dir='ltr'><strong>ἀλη-</strong></span> 
     </span>
    </p>
   </div>
   <div class='ocr_carea' id='block_1_46' title="bbox 169 2761 1745 2835">
    <p class='ocr_par' dir='ltr' id='par_1_46' title="bbox 169 2761 1745 2835">
     <span class='ocr_line' id='line_1_46' title="bbox 169 2761 1745 2835; baseline -0.001 -19"><span class='ocrx_word' id='word_1_333' title='bbox 169 2762 305 2828; x_wconf 74' lang='grc' dir='ltr'>θείας</span> <span class='ocrx_word' id='word_1_334' title='bbox 331 2765 586 2820; x_wconf 82' lang='grc' dir='ltr'><strong>διδάσκει</strong></span> <span class='ocrx_word' id='word_1_335' title='bbox 613 2765 763 2835; x_wconf 77' lang='grc' dir='ltr'><strong>ἡμᾶς</strong></span> <span class='ocrx_word' id='word_1_336' title='bbox 784 2764 885 2835; x_wconf 81' lang='grc' dir='ltr'>τὴν</span> <span class='ocrx_word' id='word_1_337' title='bbox 905 2762 1186 2834; x_wconf 84' lang='grc' dir='ltr'>ἀλήθειαν,</span> <span class='ocrx_word' id='word_1_338' title='bbox 1211 2763 1335 2834; x_wconf 75' lang='grc' dir='ltr'>ἣτις</span> <span class='ocrx_word' id='word_1_339' title='bbox 1354 2762 1502 2816; x_wconf 77' lang='grc' dir='ltr'>ἐστὶν</span> <span class='ocrx_word' id='word_1_340' title='bbox 1526 2762 1556 2815; x_wconf 92' lang='lat'><strong>6</strong></span> <span class='ocrx_word' id='word_1_341' title='bbox 1592 2761 1745 2825; x_wconf 75' lang='grc' dir='ltr'><strong>Υἱόςο</strong></span> 
     </span>
    </p>
   </div>
   <div class='ocr_carea' id='block_1_47' title="bbox 174 2851 1753 2927">
    <p class='ocr_par' dir='ltr' id='par_1_47' title="bbox 174 2851 1753 2927">
     <span class='ocr_line' id='line_1_47' title="bbox 174 2851 1753 2927; baseline -0.003 -18"><span class='ocrx_word' id='word_1_342' title='bbox 174 2853 365 2921; x_wconf 77' lang='grc' dir='ltr'>οὐδεὶς</span> <span class='ocrx_word' id='word_1_343' title='bbox 390 2855 508 2927; x_wconf 78' lang='grc' dir='ltr'><strong>γὰρ</strong></span> <span class='ocrx_word' id='word_1_344' title='bbox 536 2855 725 2924; x_wconf 74' lang='grc' dir='ltr'>λέγει,</span> <span class='ocrx_word' id='word_1_345' title='bbox 754 2854 968 2923; x_wconf 83' lang='grc' dir='ltr'>Κύριος</span> <span class='ocrx_word' id='word_1_346' title='bbox 1006 2852 1258 2924; x_wconf 72' lang='grc' dir='ltr'>Ἰησοῦς,</span> <span class='ocrx_word' id='word_1_347' title='bbox 1285 2854 1339 2906; x_wconf 79' lang='grc' dir='ltr'><strong>εὶ</strong></span> <span class='ocrx_word' id='word_1_348' title='bbox 1359 2851 1446 2922; x_wconf 79' lang='grc' dir='ltr'><strong>μὴ</strong></span> <span class='ocrx_word' id='word_1_349' title='bbox 1474 2852 1545 2906; x_wconf 71' lang='grc' dir='ltr'><strong>ἐν</strong></span> <span class='ocrx_word' id='word_1_350' title='bbox 1563 2852 1753 2907; x_wconf 60' lang='lat' dir='ltr'><strong>Hreni-</strong></span> 
     </span>
    </p>
   </div>
   <div class='ocr_carea' id='block_1_48' title="bbox 170 2942 1751 3017">
    <p class='ocr_par' dir='ltr' id='par_1_48' title="bbox 170 2942 1751 3017">
     <span class='ocr_line' id='line_1_48' title="bbox 170 2942 1751 3017; baseline -0.001 -17"><span class='ocrx_word' id='word_1_351' title='bbox 170 2962 293 3013; x_wconf 81' lang='grc' dir='ltr'>ματι</span> <span class='ocrx_word' id='word_1_352' title='bbox 322 2946 487 3017; x_wconf 67' lang='grc' dir='ltr'><strong>ἁγίῳ.</strong></span> <span class='ocrx_word' id='word_1_353' title='bbox 537 2944 701 3000; x_wconf 80' lang='grc' dir='ltr'>Οὕτω</span> <span class='ocrx_word' id='word_1_354' title='bbox 733 2946 827 3000; x_wconf 69' lang='grc' dir='ltr'><strong>καὶ</strong></span> <span class='ocrx_word' id='word_1_355' title='bbox 868 2946 898 2999; x_wconf 85' lang='lat'><strong>6</strong></span> <span class='ocrx_word' id='word_1_356' title='bbox 938 2945 1087 3009; x_wconf 77' lang='grc' dir='ltr'>Υἱὸς,</span> <span class='ocrx_word' id='word_1_357' title='bbox 1117 2945 1176 3009; x_wconf 82' lang='grc' dir='ltr'>ὃς</span> <span class='ocrx_word' id='word_1_358' title='bbox 1207 2946 1353 2998; x_wconf 76' lang='grc' dir='ltr'>ἐστιν</span> <span class='ocrx_word' id='word_1_359' title='bbox 1383 2942 1630 3014; x_wconf 83' lang='grc' dir='ltr'>ἀλήθεια,</span> <span class='ocrx_word' id='word_1_360' title='bbox 1659 2943 1751 2998; x_wconf 79' lang='grc' dir='ltr'>τὸν</span> 
     </span>
    </p>
   </div>
   <div class='ocr_carea' id='block_1_49' title="bbox 178 3034 1752 3109">
    <p class='ocr_par' dir='ltr' id='par_1_49' title="bbox 178 3034 1752 3109">
     <span class='ocr_line' id='line_1_49' title="bbox 178 3034 1752 3109; baseline -0.003 -19"><span class='ocrx_word' id='word_1_361' title='bbox 178 3034 404 3107; x_wconf 77' lang='grc' dir='ltr'><strong>ἀληθινὸν</strong></span> <span class='ocrx_word' id='word_1_362' title='bbox 460 3039 627 3102; x_wconf 77' lang='grc' dir='ltr'>Θεὸν,</span> <span class='ocrx_word' id='word_1_363' title='bbox 685 3039 780 3092; x_wconf 84' lang='grc' dir='ltr'>τὸν</span> <span class='ocrx_word' id='word_1_364' title='bbox 830 3035 1026 3091; x_wconf 76' lang='grc' dir='ltr'>ἑαυτοῦ</span> <span class='ocrx_word' id='word_1_365' title='bbox 1078 3036 1300 3109; x_wconf 82' lang='grc' dir='ltr'>Πατέρα</span> <span class='ocrx_word' id='word_1_366' title='bbox 1336 3035 1484 3106; x_wconf 85' lang='grc' dir='ltr'>ἡμᾶς</span> <span class='ocrx_word' id='word_1_367' title='bbox 1512 3034 1752 3098; x_wconf 75' lang='grc' dir='ltr'>εὐσεϐῶς</span> 
     </span>
    </p>
   </div>
   <div class='ocr_carea' id='block_1_50' title="bbox 183 3125 1745 3199">
    <p class='ocr_par' dir='ltr' id='par_1_50' title="bbox 183 3125 1745 3199">
     <span class='ocr_line' id='line_1_50' title="bbox 183 3125 1745 3199; baseline 0.001 -20"><span class='ocrx_word' id='word_1_368' title='bbox 183 3129 352 3184; x_wconf 76' lang='grc' dir='ltr'>ειδέναι</span> <span class='ocrx_word' id='word_1_369' title='bbox 412 3130 646 3196; x_wconf 80' lang='grc' dir='ltr'><strong>διδάξει,</strong></span> <span class='ocrx_word' id='word_1_370' title='bbox 696 3128 877 3194; x_wconf 81' lang='grc' dir='ltr'>καθὼς</span> <span class='ocrx_word' id='word_1_371' title='bbox 910 3129 1057 3199; x_wconf 84' lang='grc' dir='ltr'>λέγει</span> <span class='ocrx_word' id='word_1_372' title='bbox 1087 3146 1100 3161; x_wconf 91' lang='grc'><strong>·</strong></span> <span class='ocrx_word' id='word_1_373' title='bbox 1160 3128 1223 3182; x_wconf 83' lang='lat'><strong>&#39;0</strong></span> <span class='ocrx_word' id='word_1_374' title='bbox 1281 3126 1555 3197; x_wconf 75' lang='grc' dir='ltr'>ἑωρακὼς</span> <span class='ocrx_word' id='word_1_375' title='bbox 1614 3125 1745 3196; x_wconf 78' lang='grc' dir='ltr'><strong>ἐμὲ,</strong></span> 
     </span>
    </p>
   </div>
   <div class='ocr_carea' id='block_1_51' title="bbox 178 3215 1753 3287">
    <p class='ocr_par' dir='ltr' id='par_1_51' title="bbox 178 3215 1753 3287">
     <span class='ocr_line' id='line_1_51' title="bbox 178 3215 1753 3287; baseline -0.001 -17"><span class='ocrx_word' id='word_1_376' title='bbox 178 3216 375 3286; x_wconf 66' lang='grc' dir='ltr'>ἑώρακε</span> <span class='ocrx_word' id='word_1_377' title='bbox 397 3220 503 3275; x_wconf 82' lang='grc' dir='ltr'><strong>τὸν</strong></span> <span class='ocrx_word' id='word_1_378' title='bbox 524 3219 781 3287; x_wconf 79' lang='grc' dir='ltr'>Πατέρα.</span> <span class='ocrx_word' id='word_1_379' title='bbox 812 3217 1024 3273; x_wconf 83' lang='grc' dir='ltr'>Οὐκοῦν</span> <span class='ocrx_word' id='word_1_380' title='bbox 1060 3219 1119 3272; x_wconf 72' lang='grc' dir='ltr'><strong>ὲν</strong></span> <span class='ocrx_word' id='word_1_381' title='bbox 1147 3216 1426 3287; x_wconf 82' lang='grc' dir='ltr'>Πνεύματι</span> <span class='ocrx_word' id='word_1_382' title='bbox 1460 3216 1600 3286; x_wconf 84' lang='grc' dir='ltr'>ἁγίῳ</span> <span class='ocrx_word' id='word_1_383' title='bbox 1622 3215 1753 3269; x_wconf 80' lang='grc' dir='ltr'>Υἱὸν</span> 
     </span>
    </p>
   </div>
   <div class='ocr_carea' id='block_1_52' title="bbox 180 3306 1756 3384">
    <p class='ocr_par' dir='ltr' id='par_1_52' title="bbox 180 3306 1756 3384">
     <span class='ocr_line' id='line_1_52' title="bbox 180 3306 1756 3384; baseline -0.001 -22"><span class='ocrx_word' id='word_1_384' title='bbox 180 3310 325 3377; x_wconf 74' lang='grc' dir='ltr'>ἀξίως</span> <span class='ocrx_word' id='word_1_385' title='bbox 354 3310 611 3384; x_wconf 78' lang='grc' dir='ltr'>νοοῦμεν,</span> <span class='ocrx_word' id='word_1_386' title='bbox 651 3312 710 3365; x_wconf 76' lang='grc' dir='ltr'>ὲν</span> <span class='ocrx_word' id='word_1_387' title='bbox 745 3310 859 3382; x_wconf 82' lang='grc' dir='ltr'>Υἱῴ</span> <span class='ocrx_word' id='word_1_388' title='bbox 879 3310 937 3364; x_wconf 83' lang='grc' dir='ltr'>δὲ</span> <span class='ocrx_word' id='word_1_389' title='bbox 962 3311 1241 3381; x_wconf 84' lang='grc' dir='ltr'>μονογενεῖ</span> <span class='ocrx_word' id='word_1_390' title='bbox 1269 3308 1487 3379; x_wconf 82' lang='grc' dir='ltr'>Πατέρα</span> <span class='ocrx_word' id='word_1_391' title='bbox 1517 3306 1756 3372; x_wconf 77' lang='grc' dir='ltr'>εὐσεϐῶς</span> 
     </span>
    </p>
   </div>
   <div class='ocr_carea' id='block_1_53' title="bbox 182 3398 1758 3474">
    <p class='ocr_par' dir='ltr' id='par_1_53' title="bbox 182 3398 1758 3474">
     <span class='ocr_line' id='line_1_53' title="bbox 182 3398 1758 3474; baseline -0.001 -20"><span class='ocrx_word' id='word_1_392' title='bbox 182 3401 262 3455; x_wconf 73' lang='grc' dir='ltr'>καὶ</span> <span class='ocrx_word' id='word_1_393' title='bbox 290 3402 447 3467; x_wconf 74' lang='grc' dir='ltr'>ἀξίως</span> <span class='ocrx_word' id='word_1_394' title='bbox 467 3402 792 3473; x_wconf 75' lang='grc' dir='ltr'><strong>δοξάζομεν.</strong></span> <span class='ocrx_word' id='word_1_395' title='bbox 829 3402 940 3456; x_wconf 75' lang='grc' dir='ltr'>Καὶ</span> <span class='ocrx_word' id='word_1_396' title='bbox 973 3400 1114 3474; x_wconf 76' lang='grc' dir='ltr'>αῦτη</span> <span class='ocrx_word' id='word_1_397' title='bbox 1143 3401 1291 3454; x_wconf 70' lang='grc' dir='ltr'>ἐστὶν</span> <span class='ocrx_word' id='word_1_398' title='bbox 1325 3402 1359 3470; x_wconf 85' lang='grc' dir='ltr'>ἡ</span> <span class='ocrx_word' id='word_1_399' title='bbox 1392 3398 1633 3470; x_wconf 75' lang='grc' dir='ltr'>σφραγὶς</span> <span class='ocrx_word' id='word_1_400' title='bbox 1655 3400 1758 3471; x_wconf 80' lang='grc' dir='ltr'>τῆς</span> 
     </span>
    </p>
   </div>
   <div class='ocr_carea' id='block_1_54' title="bbox 184 3489 1760 3569">
    <p class='ocr_par' dir='ltr' id='par_1_54' title="bbox 184 3489 1760 3569">
     <span class='ocr_line' id='line_1_54' title="bbox 184 3489 1760 3569; baseline 0 -25"><span class='ocrx_word' id='word_1_401' title='bbox 184 3492 412 3561; x_wconf 81' lang='grc' dir='ltr'>πίστεως,</span> <span class='ocrx_word' id='word_1_402' title='bbox 462 3500 526 3551; x_wconf 79' lang='grc' dir='ltr'><strong>ὲν</strong></span> <span class='ocrx_word' id='word_1_403' title='bbox 663 3495 918 3566; x_wconf 80' lang='grc' dir='ltr'>σφραγῖδι</span> <span class='ocrx_word' id='word_1_404' title='bbox 971 3493 1337 3564; x_wconf 76' lang='grc' dir='ltr'>βαπτισθῆναι</span> <span class='ocrx_word' id='word_1_405' title='bbox 1377 3491 1708 3563; x_wconf 80' lang='grc' dir='ltr'>προσέταξεν</span> <span class='ocrx_word' id='word_1_406' title='bbox 1730 3492 1760 3544; x_wconf 89' lang='lat'><strong>6</strong></span> 
     </span>
    </p>
   </div>
   <div class='ocr_carea' id='block_1_55' title="bbox 184 3581 1759 3656">
    <p class='ocr_par' dir='ltr' id='par_1_55' title="bbox 184 3581 1759 3656">
     <span class='ocr_line' id='line_1_55' title="bbox 184 3581 1759 3656; baseline 0 -21"><span class='ocrx_word' id='word_1_407' title='bbox 184 3581 352 3656; x_wconf 78' lang='grc' dir='ltr'>Σωτὴρ</span> <span class='ocrx_word' id='word_1_408' title='bbox 382 3588 474 3640; x_wconf 70' lang='grc' dir='ltr'>καὶ</span> <span class='ocrx_word' id='word_1_409' title='bbox 490 3586 703 3656; x_wconf 71' lang='grc' dir='ltr'>Κύριος</span> <span class='ocrx_word' id='word_1_410' title='bbox 742 3583 948 3656; x_wconf 83' lang='grc' dir='ltr'>Ἰησοῦς</span> <span class='ocrx_word' id='word_1_411' title='bbox 977 3582 1230 3656; x_wconf 82' lang='grc' dir='ltr'>Χριστὸς,</span> <span class='ocrx_word' id='word_1_412' title='bbox 1256 3583 1470 3652; x_wconf 84' lang='grc' dir='ltr'><strong>ὁλέγων</strong></span> <span class='ocrx_word' id='word_1_413' title='bbox 1488 3597 1502 3612; x_wconf 64' lang='grc' dir='ltr'>θ</span> <span class='ocrx_word' id='word_1_414' title='bbox 1540 3584 1759 3649; x_wconf 84' lang='grc' dir='ltr'>Πορευ-</span> 
     </span>
    </p>
   </div>
   <div class='ocr_carea' id='block_1_56' title="bbox 187 3667 1760 3747">
    <p class='ocr_par' dir='ltr' id='par_1_56' title="bbox 187 3667 1760 3747">
     <span class='ocr_line' id='line_1_56' title="bbox 187 3667 1760 3747; baseline -0.001 -20"><span class='ocrx_word' id='word_1_415' title='bbox 187 3675 371 3742; x_wconf 75' lang='grc' dir='ltr'>θέντες</span> <span class='ocrx_word' id='word_1_416' title='bbox 394 3677 820 3747; x_wconf 77' lang='grc' dir='ltr'>μαθητεύσατε</span> <span class='ocrx_word' id='word_1_417' title='bbox 842 3674 1039 3731; x_wconf 77' lang='grc' dir='ltr'>πάντα</span> <span class='ocrx_word' id='word_1_418' title='bbox 1063 3675 1134 3730; x_wconf 84' lang='grc' dir='ltr'>τὰ</span> <span class='ocrx_word' id='word_1_419' title='bbox 1157 3673 1303 3744; x_wconf 74' lang='grc' dir='ltr'><strong>ἔθνη</strong></span> <span class='ocrx_word' id='word_1_420' title='bbox 1325 3713 1343 3741; x_wconf 88' lang='grc'><strong>,</strong></span> <span class='ocrx_word' id='word_1_421' title='bbox 1366 3667 1760 3740; x_wconf 75' lang='grc' dir='ltr'>,βαπτίζοντες</span> 
     </span>
    </p>
   </div>
   <div class='ocr_carea' id='block_1_57' title="bbox 186 3762 1757 3837">
    <p class='ocr_par' dir='ltr' id='par_1_57' title="bbox 186 3762 1757 3837">
     <span class='ocr_line' id='line_1_57' title="bbox 186 3762 1757 3837; baseline -0.001 -17"><span class='ocrx_word' id='word_1_422' title='bbox 186 3766 385 3835; x_wconf 78' lang='grc' dir='ltr'>αὐτοὺς</span> <span class='ocrx_word' id='word_1_423' title='bbox 413 3773 503 3836; x_wconf 69' lang='grc' dir='ltr'><strong>εἰς</strong></span> <span class='ocrx_word' id='word_1_424' title='bbox 527 3769 597 3822; x_wconf 86' lang='grc' dir='ltr'>τὸ</span> <span class='ocrx_word' id='word_1_425' title='bbox 639 3768 828 3837; x_wconf 80' lang='grc' dir='ltr'>ὄνομα</span> <span class='ocrx_word' id='word_1_426' title='bbox 862 3767 970 3822; x_wconf 81' lang='grc' dir='ltr'>τοῦ</span> <span class='ocrx_word' id='word_1_427' title='bbox 1013 3765 1265 3836; x_wconf 82' lang='grc' dir='ltr'>Πατρός,</span> <span class='ocrx_word' id='word_1_428' title='bbox 1308 3764 1413 3821; x_wconf 76' lang='grc' dir='ltr'>καὶ</span> <span class='ocrx_word' id='word_1_429' title='bbox 1452 3765 1562 3821; x_wconf 87' lang='grc' dir='ltr'>τοῦ</span> <span class='ocrx_word' id='word_1_430' title='bbox 1596 3762 1757 3832; x_wconf 79' lang='grc' dir='ltr'>Υἱοῦ,</span> 
     </span>
    </p>
   </div>
   <div class='ocr_carea' id='block_1_58' title="bbox 190 3858 1020 3933">
    <p class='ocr_par' dir='ltr' id='par_1_58' title="bbox 190 3858 1020 3933">
     <span class='ocr_line' id='line_1_58' title="bbox 190 3858 1020 3933; baseline 0.001 -21"><span class='ocrx_word' id='word_1_431' title='bbox 190 3858 275 3912; x_wconf 71' lang='grc' dir='ltr'><strong>καὶ</strong></span> <span class='ocrx_word' id='word_1_432' title='bbox 300 3861 400 3915; x_wconf 85' lang='grc' dir='ltr'>τοῦ</span> <span class='ocrx_word' id='word_1_433' title='bbox 438 3862 621 3933; x_wconf 71' lang='grc' dir='ltr'><strong>ἁγίου</strong></span> <span class='ocrx_word' id='word_1_434' title='bbox 649 3861 1020 3930; x_wconf 81' lang='grc' dir='ltr'>Πνεύματος.</span> 
     </span>
    </p>
   </div>
   <div class='ocr_carea' id='block_1_59' title="bbox 254 4026 1760 4105">
    <p class='ocr_par' dir='ltr' id='par_1_59' title="bbox 254 4026 1760 4105">
     <span class='ocr_line' id='line_1_59' title="bbox 254 4026 1760 4105; baseline 0.002 -24"><span class='ocrx_word' id='word_1_435' title='bbox 254 4027 340 4084; x_wconf 90' lang='lat' dir='ltr'><strong>IZ&#39;.</strong></span> <span class='ocrx_word' id='word_1_436' title='bbox 370 4033 502 4105; x_wconf 72' lang='grc' dir='ltr'>Περὶ</span> <span class='ocrx_word' id='word_1_437' title='bbox 528 4031 642 4102; x_wconf 80' lang='grc' dir='ltr'><strong>γὰρ</strong></span> <span class='ocrx_word' id='word_1_438' title='bbox 684 4031 779 4102; x_wconf 81' lang='grc' dir='ltr'>τῆς</span> <span class='ocrx_word' id='word_1_439' title='bbox 816 4029 959 4085; x_wconf 77' lang='grc' dir='ltr'>κατὰ</span> <span class='ocrx_word' id='word_1_440' title='bbox 1001 4030 1180 4084; x_wconf 81' lang='grc' dir='ltr'>πάντα</span> <span class='ocrx_word' id='word_1_441' title='bbox 1220 4026 1314 4083; x_wconf 87' lang='grc' dir='ltr'><strong>τοῦ</strong></span> <span class='ocrx_word' id='word_1_442' title='bbox 1346 4026 1479 4082; x_wconf 85' lang='grc' dir='ltr'>Υἱοῦ</span> <span class='ocrx_word' id='word_1_443' title='bbox 1509 4029 1647 4100; x_wconf 80' lang='grc' dir='ltr'>πρὸς</span> <span class='ocrx_word' id='word_1_444' title='bbox 1669 4029 1760 4084; x_wconf 75' lang='grc' dir='ltr'><strong>τὸν</strong></span> 
     </span>
    </p>
   </div>
   <div class='ocr_carea' id='block_1_60' title="bbox 195 4116 1757 4194">
    <p class='ocr_par' dir='ltr' id='par_1_60' title="bbox 195 4116 1757 4194">
     <span class='ocr_line' id='line_1_60' title="bbox 195 4116 1757 4194; baseline 0 -20"><span class='ocrx_word' id='word_1_445' title='bbox 195 4116 390 4192; x_wconf 76' lang='grc' dir='ltr'>Πατέρα</span> <span class='ocrx_word' id='word_1_446' title='bbox 409 4124 731 4194; x_wconf 75' lang='grc' dir='ltr'>ὁμοιότητος</span> <span class='ocrx_word' id='word_1_447' title='bbox 763 4121 1095 4194; x_wconf 80' lang='grc' dir='ltr'>πλατύτερον</span> <span class='ocrx_word' id='word_1_448' title='bbox 1122 4121 1219 4192; x_wconf 80' lang='grc' dir='ltr'><strong>μὲν</strong></span> <span class='ocrx_word' id='word_1_449' title='bbox 1249 4119 1483 4191; x_wconf 83' lang='grc' dir='ltr'><strong>ἀλλαχοῦ</strong></span> <span class='ocrx_word' id='word_1_450' title='bbox 1505 4120 1757 4191; x_wconf 80' lang='grc' dir='ltr'>εἴρηται·</span> 
     </span>
    </p>
   </div>
   <div class='ocr_carea' id='block_1_61' title="bbox 196 4206 1764 4283">
    <p class='ocr_par' dir='ltr' id='par_1_61' title="bbox 196 4206 1764 4283">
     <span class='ocr_line' id='line_1_61' title="bbox 196 4206 1764 4283; baseline 0.002 -23"><span class='ocrx_word' id='word_1_451' title='bbox 196 4206 372 4275; x_wconf 79' lang='grc' dir='ltr'>ὁμοίως</span> <span class='ocrx_word' id='word_1_452' title='bbox 397 4211 451 4266; x_wconf 77' lang='grc' dir='ltr'>δὲ</span> <span class='ocrx_word' id='word_1_453' title='bbox 481 4212 583 4267; x_wconf 76' lang='grc' dir='ltr'>καὶ</span> <span class='ocrx_word' id='word_1_454' title='bbox 612 4210 707 4265; x_wconf 89' lang='grc' dir='ltr'>νῦν</span> <span class='ocrx_word' id='word_1_455' title='bbox 735 4213 792 4264; x_wconf 80' lang='grc' dir='ltr'>ὲν</span> <span class='ocrx_word' id='word_1_456' title='bbox 832 4211 1025 4283; x_wconf 84' lang='grc' dir='ltr'>βραχεῖ</span> <span class='ocrx_word' id='word_1_457' title='bbox 1070 4209 1634 4282; x_wconf 82' lang='grc' dir='ltr'>παρασημειώσασθαι</span> <span class='ocrx_word' id='word_1_458' title='bbox 1663 4211 1764 4263; x_wconf 86' lang='grc' dir='ltr'><strong>οὑκ</strong></span> 
     </span>
    </p>
   </div>
   <div class='ocr_carea' id='block_1_62' title="bbox 195 4296 1762 4373">
    <p class='ocr_par' dir='ltr' id='par_1_62' title="bbox 195 4296 1762 4373">
     <span class='ocr_line' id='line_1_62' title="bbox 195 4296 1762 4373; baseline 0.003 -20"><span class='ocrx_word' id='word_1_459' title='bbox 195 4296 494 4372; x_wconf 68' lang='grc' dir='ltr'><strong>ὸανήσομεν,</strong></span> <span class='ocrx_word' id='word_1_460' title='bbox 522 4305 610 4359; x_wconf 83' lang='grc' dir='ltr'><strong>ὅτι</strong></span> <span class='ocrx_word' id='word_1_461' title='bbox 628 4305 657 4356; x_wconf 94' lang='lat'><strong>6</strong></span> <span class='ocrx_word' id='word_1_462' title='bbox 694 4303 1034 4366; x_wconf 80' lang='grc' dir='ltr'>Ἀπόστολος,</span> <span class='ocrx_word' id='word_1_463' title='bbox 1056 4302 1240 4356; x_wconf 84' lang='grc' dir='ltr'>εἰκόνα</span> <span class='ocrx_word' id='word_1_464' title='bbox 1264 4301 1357 4355; x_wconf 90' lang='grc' dir='ltr'><strong>τοῦ</strong></span> <span class='ocrx_word' id='word_1_465' title='bbox 1376 4301 1608 4373; x_wconf 80' lang='grc' dir='ltr'>ἀοράτου</span> <span class='ocrx_word' id='word_1_466' title='bbox 1627 4300 1762 4357; x_wconf 86' lang='grc' dir='ltr'>Θεοῦ</span> 
     </span>
    </p>
   </div>
   <div class='ocr_carea' id='block_1_63' title="bbox 198 4388 1764 4468">
    <p class='ocr_par' dir='ltr' id='par_1_63' title="bbox 198 4388 1764 4468">
     <span class='ocr_line' id='line_1_63' title="bbox 198 4388 1764 4468; baseline 0.001 -22"><span class='ocrx_word' id='word_1_467' title='bbox 198 4388 279 4441; x_wconf 77' lang='grc' dir='ltr'>τὸν</span> <span class='ocrx_word' id='word_1_468' title='bbox 301 4391 420 4448; x_wconf 78' lang='grc' dir='ltr'><strong>Υἱὸν</strong></span> <span class='ocrx_word' id='word_1_469' title='bbox 457 4396 723 4468; x_wconf 79' lang='grc' dir='ltr'>εἰρηκὼς,</span> <span class='ocrx_word' id='word_1_470' title='bbox 747 4397 841 4450; x_wconf 78' lang='grc' dir='ltr'>καὶ</span> <span class='ocrx_word' id='word_1_471' title='bbox 877 4397 936 4449; x_wconf 83' lang='grc' dir='ltr'>ὲν</span> <span class='ocrx_word' id='word_1_472' title='bbox 964 4394 1142 4467; x_wconf 85' lang='grc' dir='ltr'>τούτῳ</span> <span class='ocrx_word' id='word_1_473' title='bbox 1184 4395 1421 4461; x_wconf 80' lang='grc' dir='ltr'>διδάξας,</span> <span class='ocrx_word' id='word_1_474' title='bbox 1457 4395 1538 4448; x_wconf 84' lang='grc' dir='ltr'><strong>ὅτι</strong></span> <span class='ocrx_word' id='word_1_475' title='bbox 1577 4395 1764 4466; x_wconf 83' lang='grc' dir='ltr'>ὅμοιός</span> 
     </span>
    </p>
   </div>
   <div class='ocr_carea' id='block_1_64' title="bbox 203 4478 1763 4558">
    <p class='ocr_par' dir='ltr' id='par_1_64' title="bbox 203 4478 1763 4558">
     <span class='ocr_line' id='line_1_64' title="bbox 203 4478 1763 4558; baseline 0.006 -27"><span class='ocrx_word' id='word_1_476' title='bbox 203 4478 329 4536; x_wconf 70' lang='grc' dir='ltr'>ἐστιν</span> <span class='ocrx_word' id='word_1_477' title='bbox 368 4487 394 4538; x_wconf 92' lang='lat'><strong>6</strong></span> <span class='ocrx_word' id='word_1_478' title='bbox 444 4488 572 4552; x_wconf 76' lang='grc' dir='ltr'>Υἱὸς</span> <span class='ocrx_word' id='word_1_479' title='bbox 600 4485 681 4558; x_wconf 79' lang='grc' dir='ltr'>τῷ</span> <span class='ocrx_word' id='word_1_480' title='bbox 726 4487 923 4556; x_wconf 75' lang='grc' dir='ltr'>Πατρὶ,</span> <span class='ocrx_word' id='word_1_481' title='bbox 973 4484 1207 4556; x_wconf 82' lang='grc' dir='ltr'><strong>ἀλλαχοῦ</strong></span> <span class='ocrx_word' id='word_1_482' title='bbox 1236 4485 1356 4550; x_wconf 85' lang='grc' dir='ltr'><strong>πῶς</strong></span> <span class='ocrx_word' id='word_1_483' title='bbox 1387 4486 1467 4540; x_wconf 85' lang='grc' dir='ltr'><strong>δεῖ</strong></span> <span class='ocrx_word' id='word_1_484' title='bbox 1489 4488 1630 4540; x_wconf 91' lang='grc' dir='ltr'>νοεῖν</span> <span class='ocrx_word' id='word_1_485' title='bbox 1670 4485 1763 4542; x_wconf 78' lang='grc' dir='ltr'><strong>τὸν</strong></span> 
     </span>
    </p>
   </div>
   <div class='ocr_carea' id='block_1_65' title="bbox 1848 2034 3442 2105">
    <p class='ocr_par' dir='ltr' id='par_1_65' title="bbox 1848 2034 3442 2105">
     <span class='ocr_line' id='line_1_65' title="bbox 1848 2034 3442 2105; baseline -0.002 -16"><span class='ocrx_word' id='word_1_486' title='bbox 1848 2035 2020 2090; x_wconf 83' lang='lat' dir='ltr'><strong>liueat</strong></span> <span class='ocrx_word' id='word_1_487' title='bbox 2046 2034 2301 2091; x_wconf 88' lang='lat' dir='ltr'><strong>universa</strong></span> <span class='ocrx_word' id='word_1_488' title='bbox 2329 2052 2345 2101; x_wconf 92' lang='lat'><strong>;</strong></span> <span class='ocrx_word' id='word_1_489' title='bbox 2376 2048 2563 2098; x_wconf 84' lang='lat' dir='ltr'><strong>unam,</strong></span> <span class='ocrx_word' id='word_1_490' title='bbox 2582 2035 2841 2105; x_wconf 83' lang='lat' dir='ltr'><strong>inquam,</strong></span> <span class='ocrx_word' id='word_1_491' title='bbox 2866 2034 3238 2095; x_wconf 82' lang='lat' dir='ltr'><strong>divinitatem.</strong></span> <span class='ocrx_word' id='word_1_492' title='bbox 3265 2048 3442 2096; x_wconf 77' lang='lat' dir='ltr'><strong>unum</strong></span> 
     </span>
    </p>
   </div>
   <div class='ocr_carea' id='block_1_66' title="bbox 1846 2124 3436 2198">
    <p class='ocr_par' dir='ltr' id='par_1_66' title="bbox 1846 2124 3436 2198">
     <span class='ocr_line' id='line_1_66' title="bbox 1846 2124 3436 2198; baseline -0.001 -16"><span class='ocrx_word' id='word_1_493' title='bbox 1846 2142 2076 2198; x_wconf 73' lang='lat' dir='ltr'><strong>regnum</strong></span> <span class='ocrx_word' id='word_1_494' title='bbox 2144 2136 2310 2196; x_wconf 86' lang='lat' dir='ltr'><strong>atque</strong></span> <span class='ocrx_word' id='word_1_495' title='bbox 2350 2142 2519 2181; x_wconf 85' lang='lat' dir='ltr'><strong>unum</strong></span> <span class='ocrx_word' id='word_1_496' title='bbox 2568 2126 2861 2196; x_wconf 90' lang='lat' dir='ltr'><strong>imperium</strong></span> <span class='ocrx_word' id='word_1_497' title='bbox 2909 2124 3034 2183; x_wconf 79' lang='lat' dir='ltr'><strong>esse</strong></span> <span class='ocrx_word' id='word_1_498' title='bbox 3083 2124 3436 2181; x_wconf 83' lang='lat' dir='ltr'><strong>conﬁtentur.</strong></span> 
     </span>
    </p>
   </div>
   <div class='ocr_carea' id='block_1_67' title="bbox 1847 2216 3439 2288">
    <p class='ocr_par' dir='ltr' id='par_1_67' title="bbox 1847 2216 3439 2288">
     <span class='ocr_line' id='line_1_67' title="bbox 1847 2216 3439 2288; baseline -0.002 -16"><span class='ocrx_word' id='word_1_499' title='bbox 1847 2217 1915 2272; x_wconf 90' lang='lat' dir='ltr'><strong>Et</strong></span> <span class='ocrx_word' id='word_1_500' title='bbox 1957 2216 2316 2273; x_wconf 87' lang='lat' dir='ltr'><strong>nihilominus</strong></span> <span class='ocrx_word' id='word_1_501' title='bbox 2369 2230 2638 2288; x_wconf 85' lang='lat' dir='ltr'><strong>personas</strong></span> <span class='ocrx_word' id='word_1_502' title='bbox 2696 2218 2751 2270; x_wconf 91' lang='lat' dir='ltr'><strong>in</strong></span> <span class='ocrx_word' id='word_1_503' title='bbox 2800 2216 3170 2287; x_wconf 86' lang='lat' dir='ltr'><strong>hypostaseon</strong></span> <span class='ocrx_word' id='word_1_504' title='bbox 3212 2230 3439 2270; x_wconf 88' lang='lat' dir='ltr'><strong>suarum</strong></span> 
     </span>
    </p>
   </div>
   <div class='ocr_carea' id='block_1_68' title="bbox 1848 2308 3442 2382">
    <p class='ocr_par' dir='ltr' id='par_1_68' title="bbox 1848 2308 3442 2382">
     <span class='ocr_line' id='line_1_68' title="bbox 1848 2308 3442 2382; baseline -0.001 -18"><span class='ocrx_word' id='word_1_505' title='bbox 1848 2309 2278 2382; x_wconf 76' lang='lat' dir='ltr'><strong>proprietatibus</strong></span> <span class='ocrx_word' id='word_1_506' title='bbox 2315 2311 2406 2381; x_wconf 90' lang='lat' dir='ltr'><strong>pie</strong></span> <span class='ocrx_word' id='word_1_507' title='bbox 2440 2311 2787 2373; x_wconf 86' lang='lat' dir='ltr'><strong>discernunt,</strong></span> <span class='ocrx_word' id='word_1_508' title='bbox 2832 2309 3052 2365; x_wconf 83' lang='lat' dir='ltr'><strong>Patrem</strong></span> <span class='ocrx_word' id='word_1_509' title='bbox 3097 2309 3353 2364; x_wconf 82' lang='lat' dir='ltr'><strong>videlicet</strong></span> <span class='ocrx_word' id='word_1_510' title='bbox 3383 2308 3442 2364; x_wconf 87' lang='lat' dir='ltr'><strong>in</strong></span> 
     </span>
    </p>
   </div>
   <div class='ocr_carea' id='block_1_69' title="bbox 1850 2400 3442 2474">
    <p class='ocr_par' dir='ltr' id='par_1_69' title="bbox 1850 2400 3442 2474">
     <span class='ocr_line' id='line_1_69' title="bbox 1850 2400 3442 2474; baseline 0.001 -19"><span class='ocrx_word' id='word_1_511' title='bbox 1850 2411 2083 2474; x_wconf 82' lang='lat' dir='ltr'><strong>paterna</strong></span> <span class='ocrx_word' id='word_1_512' title='bbox 2129 2402 2420 2473; x_wconf 80' lang='lat' dir='ltr'><strong>majestate</strong></span> <span class='ocrx_word' id='word_1_513' title='bbox 2457 2401 2881 2467; x_wconf 84' lang='lat' dir='ltr'><strong>subsistentem;</strong></span> <span class='ocrx_word' id='word_1_514' title='bbox 2920 2400 3118 2456; x_wconf 80' lang='lat' dir='ltr'><strong>Filium</strong></span> <span class='ocrx_word' id='word_1_515' title='bbox 3154 2415 3283 2457; x_wconf 79' lang='lat' dir='ltr'><strong>vero</strong></span> <span class='ocrx_word' id='word_1_516' title='bbox 3328 2416 3442 2456; x_wconf 88' lang='lat' dir='ltr'><strong>non</strong></span> 
     </span>
    </p>
   </div>
   <div class='ocr_carea' id='block_1_70' title="bbox 1849 2491 3441 2565">
    <p class='ocr_par' dir='ltr' id='par_1_70' title="bbox 1849 2491 3441 2565">
     <span class='ocr_line' id='line_1_70' title="bbox 1849 2491 3441 2565; baseline -0.001 -17"><span class='ocrx_word' id='word_1_517' title='bbox 1849 2502 2059 2564; x_wconf 83' lang='lat' dir='ltr'><strong>partem</strong></span> <span class='ocrx_word' id='word_1_518' title='bbox 2091 2508 2214 2550; x_wconf 86' lang='lat' dir='ltr'><strong>esse</strong></span> <span class='ocrx_word' id='word_1_519' title='bbox 2268 2493 2446 2550; x_wconf 82' lang='lat' dir='ltr'><strong>Patris</strong></span> <span class='ocrx_word' id='word_1_520' title='bbox 2491 2494 2821 2565; x_wconf 84' lang='lat' dir='ltr'><strong>intelligunt,</strong></span> <span class='ocrx_word' id='word_1_521' title='bbox 2860 2494 2954 2551; x_wconf 88' lang='lat' dir='ltr'><strong>sed</strong></span> <span class='ocrx_word' id='word_1_522' title='bbox 2999 2509 3027 2546; x_wconf 89' lang='lat' dir='ltr'><strong>a</strong></span> <span class='ocrx_word' id='word_1_523' title='bbox 3063 2492 3308 2564; x_wconf 81' lang='lat' dir='ltr'><strong>perfecto</strong></span> <span class='ocrx_word' id='word_1_524' title='bbox 3330 2491 3441 2547; x_wconf 87' lang='lat' dir='ltr'><strong>Pa-</strong></span> 
     </span>
    </p>
   </div>
   <div class='ocr_carea' id='block_1_71' title="bbox 1849 2575 3435 2658">
    <p class='ocr_par' dir='ltr' id='par_1_71' title="bbox 1849 2575 3435 2658">
     <span class='ocr_line' id='line_1_71' title="bbox 1849 2575 3435 2658; baseline -0.001 -17"><span class='ocrx_word' id='word_1_525' title='bbox 1849 2600 1932 2642; x_wconf 83' lang='lat' dir='ltr'><strong>tre</strong></span> <span class='ocrx_word' id='word_1_526' title='bbox 1982 2575 2617 2658; x_wconf 68' lang='lat' dir='ltr'><strong>perlectum,genitum</strong></span> <span class='ocrx_word' id='word_1_527' title='bbox 2688 2602 2752 2642; x_wconf 90' lang='lat' dir='ltr'><strong>ac</strong></span> <span class='ocrx_word' id='word_1_528' title='bbox 2805 2586 3199 2642; x_wconf 86' lang='lat' dir='ltr'><strong>subsistentem</strong></span> <span class='ocrx_word' id='word_1_529' title='bbox 3259 2599 3435 2656; x_wconf 82' lang='lat' dir='ltr'><strong>agno-</strong></span> 
     </span>
    </p>
   </div>
   <div class='ocr_carea' id='block_1_72' title="bbox 1851 2675 3431 2749">
    <p class='ocr_par' dir='ltr' id='par_1_72' title="bbox 1851 2675 3431 2749">
     <span class='ocr_line' id='line_1_72' title="bbox 1851 2675 3431 2749; baseline -0.003 -15"><span class='ocrx_word' id='word_1_530' title='bbox 1851 2685 2032 2734; x_wconf 84' lang='lat' dir='ltr'><strong>scunt.</strong></span> <span class='ocrx_word' id='word_1_531' title='bbox 2076 2676 2154 2733; x_wconf 79' lang='lat' dir='ltr'><strong>Ac</strong></span> <span class='ocrx_word' id='word_1_532' title='bbox 2185 2677 2423 2747; x_wconf 88' lang='lat' dir='ltr'><strong>denique</strong></span> <span class='ocrx_word' id='word_1_533' title='bbox 2470 2677 2733 2749; x_wconf 86' lang='lat' dir='ltr'><strong>Spiritum</strong></span> <span class='ocrx_word' id='word_1_534' title='bbox 2776 2685 3050 2740; x_wconf 87' lang='lat' dir='ltr'><strong>sanctum,</strong></span> <span class='ocrx_word' id='word_1_535' title='bbox 3076 2691 3238 2749; x_wconf 87' lang='lat' dir='ltr'><strong>quem</strong></span> <span class='ocrx_word' id='word_1_536' title='bbox 3271 2675 3431 2731; x_wconf 63' lang='lat' dir='ltr'><strong>Scrio</strong></span> 
     </span>
    </p>
   </div>
   <div class='ocr_carea' id='block_1_73' title="bbox 1855 2762 3442 2836">
    <p class='ocr_par' dir='ltr' id='par_1_73' title="bbox 1855 2762 3442 2836">
     <span class='ocr_line' id='line_1_73' title="bbox 1855 2762 3442 2836; baseline -0.001 -17"><span class='ocrx_word' id='word_1_537' title='bbox 1855 2773 2019 2836; x_wconf 87' lang='lat' dir='ltr'><strong>ptura</strong></span> <span class='ocrx_word' id='word_1_538' title='bbox 2056 2779 2215 2821; x_wconf 86' lang='lat' dir='ltr'><strong>sacra</strong></span> <span class='ocrx_word' id='word_1_539' title='bbox 2246 2764 2598 2821; x_wconf 87' lang='lat' dir='ltr'><strong>Paracletum</strong></span> <span class='ocrx_word' id='word_1_540' title='bbox 2630 2773 2814 2829; x_wconf 83' lang='lat' dir='ltr'><strong>vocat,</strong></span> <span class='ocrx_word' id='word_1_541' title='bbox 2857 2780 2886 2818; x_wconf 90' lang='lat' dir='ltr'><strong>a</strong></span> <span class='ocrx_word' id='word_1_542' title='bbox 2918 2766 3078 2820; x_wconf 81' lang='lat' dir='ltr'><strong>Patre</strong></span> <span class='ocrx_word' id='word_1_543' title='bbox 3108 2779 3205 2835; x_wconf 88' lang='lat' dir='ltr'><strong>per</strong></span> <span class='ocrx_word' id='word_1_544' title='bbox 3238 2762 3442 2818; x_wconf 87' lang='lat' dir='ltr'><strong>Filium</strong></span> 
     </span>
    </p>
   </div>
   <div class='ocr_carea' id='block_1_74' title="bbox 1852 2854 3446 2929">
    <p class='ocr_par' dir='ltr' id='par_1_74' title="bbox 1852 2854 3446 2929">
     <span class='ocr_line' id='line_1_74' title="bbox 1852 2854 3446 2929; baseline -0.002 -16"><span class='ocrx_word' id='word_1_545' title='bbox 1852 2857 2216 2929; x_wconf 79' lang='lat' dir='ltr'><strong>prodeuntem</strong></span> <span class='ocrx_word' id='word_1_546' title='bbox 2261 2873 2327 2912; x_wconf 88' lang='lat' dir='ltr'><strong>ac</strong></span> <span class='ocrx_word' id='word_1_547' title='bbox 2375 2858 2776 2914; x_wconf 84' lang='lat' dir='ltr'><strong>subsistentem</strong></span> <span class='ocrx_word' id='word_1_548' title='bbox 2831 2856 3124 2913; x_wconf 87' lang='lat' dir='ltr'><strong>deﬁniunt.</strong></span> <span class='ocrx_word' id='word_1_549' title='bbox 3167 2854 3446 2923; x_wconf 84' lang='lat' dir='ltr'><strong>Quemad-</strong></span> 
     </span>
    </p>
   </div>
   <div class='ocr_carea' id='block_1_75' title="bbox 1853 2948 3445 3021">
    <p class='ocr_par' dir='ltr' id='par_1_75' title="bbox 1853 2948 3445 3021">
     <span class='ocr_line' id='line_1_75' title="bbox 1853 2948 3445 3021; baseline -0.002 -16"><span class='ocrx_word' id='word_1_550' title='bbox 1853 2950 2077 3005; x_wconf 73' lang='lat' dir='ltr'><strong>modum</strong></span> <span class='ocrx_word' id='word_1_551' title='bbox 2103 2950 2447 3015; x_wconf 87' lang='lat' dir='ltr'><strong>Paracletus,</strong></span> <span class='ocrx_word' id='word_1_552' title='bbox 2477 2949 2571 3006; x_wconf 90' lang='lat' dir='ltr'><strong>ille</strong></span> <span class='ocrx_word' id='word_1_553' title='bbox 2595 2951 2847 3021; x_wconf 86' lang='lat' dir='ltr'><strong>veritatis</strong></span> <span class='ocrx_word' id='word_1_554' title='bbox 2877 2950 3129 3021; x_wconf 82' lang='lat' dir='ltr'><strong>spiritus,</strong></span> <span class='ocrx_word' id='word_1_555' title='bbox 3161 2948 3445 3005; x_wconf 87' lang='lat' dir='ltr'><strong>veritatem</strong></span> 
     </span>
    </p>
   </div>
   <div class='ocr_carea' id='block_1_76' title="bbox 1853 3037 3445 3109">
    <p class='ocr_par' dir='ltr' id='par_1_76' title="bbox 1853 3037 3445 3109">
     <span class='ocr_line' id='line_1_76' title="bbox 1853 3037 3445 3109; baseline -0.002 -16"><span class='ocrx_word' id='word_1_556' title='bbox 1853 3037 2032 3109; x_wconf 82' lang='lat' dir='ltr'><strong>ipsam</strong></span> <span class='ocrx_word' id='word_1_557' title='bbox 2058 3053 2160 3094; x_wconf 89' lang='lat' dir='ltr'><strong>nos</strong></span> <span class='ocrx_word' id='word_1_558' title='bbox 2181 3038 2363 3101; x_wconf 89' lang='lat' dir='ltr'><strong>docet,</strong></span> <span class='ocrx_word' id='word_1_559' title='bbox 2393 3054 2519 3109; x_wconf 85' lang='lat' dir='ltr'><strong>quae</strong></span> <span class='ocrx_word' id='word_1_560' title='bbox 2559 3048 2645 3094; x_wconf 89' lang='lat' dir='ltr'><strong>est</strong></span> <span class='ocrx_word' id='word_1_561' title='bbox 2676 3037 2853 3096; x_wconf 86' lang='lat' dir='ltr'><strong>Filius</strong></span> <span class='ocrx_word' id='word_1_562' title='bbox 2880 3058 2891 3093; x_wconf 96' lang='lat'>:</span> <span class='ocrx_word' id='word_1_563' title='bbox 2926 3037 3095 3093; x_wconf 78' lang='lat' dir='ltr'><strong>Nemo</strong></span> <span class='ocrx_word' id='word_1_564' title='bbox 3122 3038 3268 3094; x_wconf 89' lang='lat' dir='ltr'><strong>enim</strong></span> <span class='ocrx_word' id='word_1_565' title='bbox 3294 3037 3445 3102; x_wconf 80' lang='lat' dir='ltr'><strong>dicit,</strong></span> 
     </span>
    </p>
   </div>
   <div class='ocr_carea' id='block_1_77' title="bbox 1854 3126 3450 3200">
    <p class='ocr_par' dir='ltr' id='par_1_77' title="bbox 1854 3126 3450 3200">
     <span class='ocr_line' id='line_1_77' title="bbox 1854 3126 3450 3200; baseline -0.001 -17"><span class='ocrx_word' id='word_1_566' title='bbox 1854 3128 2113 3183; x_wconf 76' lang='lat' dir='ltr'><strong>Dominus</strong></span> <span class='ocrx_word' id='word_1_567' title='bbox 2148 3128 2329 3195; x_wconf 70' lang='lat' dir='ltr'><strong>Iesus,</strong></span> <span class='ocrx_word' id='word_1_568' title='bbox 2360 3130 2466 3184; x_wconf 84' lang='lat' dir='ltr'><strong>nisi</strong></span> <span class='ocrx_word' id='word_1_569' title='bbox 2505 3131 2562 3183; x_wconf 84' lang='lat' dir='ltr'><strong>in</strong></span> <span class='ocrx_word' id='word_1_570' title='bbox 2602 3128 2811 3200; x_wconf 78' lang='lat' dir='ltr'><strong>Spiritu</strong></span> <span class='ocrx_word' id='word_1_571' title='bbox 2850 3139 3037 3183; x_wconf 82' lang='lat' dir='ltr'><strong>sancto</strong></span> <span class='ocrx_word' id='word_1_572' title='bbox 3062 3128 3101 3183; x_wconf 85' lang='grc'><strong>³.</strong></span> <span class='ocrx_word' id='word_1_573' title='bbox 3142 3128 3235 3183; x_wconf 88' lang='lat' dir='ltr'><strong>Sic</strong></span> <span class='ocrx_word' id='word_1_574' title='bbox 3266 3136 3321 3185; x_wconf 90' lang='lat' dir='ltr'><strong>et</strong></span> <span class='ocrx_word' id='word_1_575' title='bbox 3357 3126 3450 3182; x_wconf 83' lang='lat' dir='ltr'><strong>Fi-</strong></span> 
     </span>
    </p>
   </div>
   <div class='ocr_carea' id='block_1_78' title="bbox 1857 3220 3447 3291">
    <p class='ocr_par' dir='ltr' id='par_1_78' title="bbox 1857 3220 3447 3291">
     <span class='ocr_line' id='line_1_78' title="bbox 1857 3220 3447 3291; baseline -0.001 -16"><span class='ocrx_word' id='word_1_576' title='bbox 1857 3222 1988 3286; x_wconf 90' lang='lat' dir='ltr'><strong>lius,</strong></span> <span class='ocrx_word' id='word_1_577' title='bbox 2031 3221 2127 3291; x_wconf 90' lang='lat' dir='ltr'><strong>qui</strong></span> <span class='ocrx_word' id='word_1_578' title='bbox 2156 3222 2361 3278; x_wconf 87' lang='lat' dir='ltr'><strong>veritas</strong></span> <span class='ocrx_word' id='word_1_579' title='bbox 2410 3229 2516 3288; x_wconf 86' lang='lat' dir='ltr'><strong>est,</strong></span> <span class='ocrx_word' id='word_1_580' title='bbox 2568 3220 2742 3277; x_wconf 89' lang='lat' dir='ltr'><strong>Deum</strong></span> <span class='ocrx_word' id='word_1_581' title='bbox 2778 3235 2968 3275; x_wconf 81' lang='lat' dir='ltr'><strong>verum</strong></span> <span class='ocrx_word' id='word_1_582' title='bbox 3016 3221 3234 3275; x_wconf 80' lang='lat' dir='ltr'><strong>Patrem</strong></span> <span class='ocrx_word' id='word_1_583' title='bbox 3283 3232 3447 3275; x_wconf 88' lang='lat' dir='ltr'><strong>suum</strong></span> 
     </span>
    </p>
   </div>
   <div class='ocr_carea' id='block_1_79' title="bbox 1857 3310 3440 3381">
    <p class='ocr_par' dir='ltr' id='par_1_79' title="bbox 1857 3310 3440 3381">
     <span class='ocr_line' id='line_1_79' title="bbox 1857 3310 3440 3381; baseline -0.002 -14"><span class='ocrx_word' id='word_1_584' title='bbox 1857 3327 1980 3367; x_wconf 86' lang='lat' dir='ltr'><strong>esse</strong></span> <span class='ocrx_word' id='word_1_585' title='bbox 2010 3311 2099 3381; x_wconf 90' lang='lat' dir='ltr'><strong>pie</strong></span> <span class='ocrx_word' id='word_1_586' title='bbox 2132 3327 2236 3367; x_wconf 83' lang='lat' dir='ltr'><strong>nos</strong></span> <span class='ocrx_word' id='word_1_587' title='bbox 2284 3312 2526 3375; x_wconf 84' lang='lat' dir='ltr'><strong>edocuit,</strong></span> <span class='ocrx_word' id='word_1_588' title='bbox 2568 3312 2797 3367; x_wconf 86' lang='lat' dir='ltr'><strong>dicens:</strong></span> <span class='ocrx_word' id='word_1_589' title='bbox 2838 3313 2947 3378; x_wconf 78' lang='lat' dir='ltr'><strong>Qui</strong></span> <span class='ocrx_word' id='word_1_590' title='bbox 2992 3312 3127 3365; x_wconf 79' lang='lat' dir='ltr'><strong>videt</strong></span> <span class='ocrx_word' id='word_1_591' title='bbox 3166 3327 3267 3375; x_wconf 87' lang='lat' dir='ltr'><strong>me,</strong></span> <span class='ocrx_word' id='word_1_592' title='bbox 3302 3310 3440 3364; x_wconf 79' lang='lat' dir='ltr'><strong>videt</strong></span> 
     </span>
    </p>
   </div>
   <div class='ocr_carea' id='block_1_80' title="bbox 1857 3401 3451 3473">
    <p class='ocr_par' dir='ltr' id='par_1_80' title="bbox 1857 3401 3451 3473">
     <span class='ocr_line' id='line_1_80' title="bbox 1857 3401 3451 3473; baseline -0.002 -14"><span class='ocrx_word' id='word_1_593' title='bbox 1857 3402 2209 3459; x_wconf 63' lang='lat' dir='ltr'><strong>stPatrem‘.</strong></span> <span class='ocrx_word' id='word_1_594' title='bbox 2244 3402 2419 3473; x_wconf 80' lang='lat' dir='ltr'><strong>Igitur</strong></span> <span class='ocrx_word' id='word_1_595' title='bbox 2450 3403 2653 3457; x_wconf 85' lang='lat' dir='ltr'><strong>Filium</strong></span> <span class='ocrx_word' id='word_1_596' title='bbox 2690 3403 2745 3456; x_wconf 92' lang='lat' dir='ltr'><strong>in</strong></span> <span class='ocrx_word' id='word_1_597' title='bbox 2770 3401 2977 3473; x_wconf 87' lang='lat' dir='ltr'><strong>Spiritu</strong></span> <span class='ocrx_word' id='word_1_598' title='bbox 3010 3410 3225 3466; x_wconf 87' lang='lat' dir='ltr'><strong>sancto,</strong></span> <span class='ocrx_word' id='word_1_599' title='bbox 3257 3410 3316 3457; x_wconf 92' lang='lat' dir='ltr'><strong>ut</strong></span> <span class='ocrx_word' id='word_1_600' title='bbox 3350 3416 3451 3472; x_wconf 88' lang='lat' dir='ltr'><strong>par</strong></span> 
     </span>
    </p>
   </div>
   <div class='ocr_carea' id='block_1_81' title="bbox 1858 3492 3449 3566">
    <p class='ocr_par' dir='ltr' id='par_1_81' title="bbox 1858 3492 3449 3566">
     <span class='ocr_line' id='line_1_81' title="bbox 1858 3492 3449 3566; baseline -0.003 -15"><span class='ocrx_word' id='word_1_601' title='bbox 1858 3503 1965 3559; x_wconf 81' lang='lat' dir='ltr'><strong>est,</strong></span> <span class='ocrx_word' id='word_1_602' title='bbox 2016 3493 2367 3566; x_wconf 77' lang='lat' dir='ltr'><strong>intelligimus</strong></span> <span class='ocrx_word' id='word_1_603' title='bbox 2415 3510 2430 3559; x_wconf 88' lang='lat'><strong>;</strong></span> <span class='ocrx_word' id='word_1_604' title='bbox 2486 3494 2542 3547; x_wconf 89' lang='lat' dir='ltr'><strong>in</strong></span> <span class='ocrx_word' id='word_1_605' title='bbox 2573 3492 2859 3563; x_wconf 75' lang='lat' dir='ltr'><strong>unigenito</strong></span> <span class='ocrx_word' id='word_1_606' title='bbox 2899 3507 3026 3548; x_wconf 75' lang='lat' dir='ltr'><strong>vero</strong></span> <span class='ocrx_word' id='word_1_607' title='bbox 3067 3493 3206 3547; x_wconf 81' lang='lat' dir='ltr'><strong>Filio</strong></span> <span class='ocrx_word' id='word_1_608' title='bbox 3250 3494 3357 3562; x_wconf 87' lang='lat' dir='ltr'><strong>pie,</strong></span> <span class='ocrx_word' id='word_1_609' title='bbox 3390 3501 3449 3547; x_wconf 76' lang='lat' dir='ltr'><strong>et</strong></span> 
     </span>
    </p>
   </div>
   <div class='ocr_carea' id='block_1_82' title="bbox 1860 3583 3451 3656">
    <p class='ocr_par' dir='ltr' id='par_1_82' title="bbox 1860 3583 3451 3656">
     <span class='ocr_line' id='line_1_82' title="bbox 1860 3583 3451 3656; baseline -0.001 -15"><span class='ocrx_word' id='word_1_610' title='bbox 1860 3594 1921 3641; x_wconf 83' lang='lat' dir='ltr'><strong>ut</strong></span> <span class='ocrx_word' id='word_1_611' title='bbox 1966 3600 2067 3656; x_wconf 89' lang='lat' dir='ltr'><strong>par</strong></span> <span class='ocrx_word' id='word_1_612' title='bbox 2101 3595 2208 3648; x_wconf 84' lang='lat' dir='ltr'><strong>est,</strong></span> <span class='ocrx_word' id='word_1_613' title='bbox 2243 3583 2465 3639; x_wconf 85' lang='lat' dir='ltr'><strong>Patrem</strong></span> <span class='ocrx_word' id='word_1_614' title='bbox 2508 3598 2632 3639; x_wconf 88' lang='lat' dir='ltr'><strong>esse</strong></span> <span class='ocrx_word' id='word_1_615' title='bbox 2678 3598 2990 3639; x_wconf 87' lang='lat' dir='ltr'><strong>censemus.</strong></span> <span class='ocrx_word' id='word_1_616' title='bbox 3047 3583 3163 3638; x_wconf 91' lang='lat' dir='ltr'><strong>lloc</strong></span> <span class='ocrx_word' id='word_1_617' title='bbox 3204 3592 3290 3639; x_wconf 88' lang='lat' dir='ltr'><strong>est</strong></span> <span class='ocrx_word' id='word_1_618' title='bbox 3325 3583 3451 3639; x_wconf 89' lang='lat' dir='ltr'><strong>ﬁdei</strong></span> 
     </span>
    </p>
   </div>
   <div class='ocr_carea' id='block_1_83' title="bbox 1859 3674 3453 3748">
    <p class='ocr_par' dir='ltr' id='par_1_83' title="bbox 1859 3674 3453 3748">
     <span class='ocr_line' id='line_1_83' title="bbox 1859 3674 3453 3748; baseline -0.003 -13"><span class='ocrx_word' id='word_1_619' title='bbox 1859 3678 2010 3735; x_wconf 80' lang='lat' dir='ltr'><strong>velut</strong></span> <span class='ocrx_word' id='word_1_620' title='bbox 2054 3678 2330 3748; x_wconf 75' lang='lat' dir='ltr'><strong>sigillum;</strong></span> <span class='ocrx_word' id='word_1_621' title='bbox 2370 3676 2425 3730; x_wconf 93' lang='lat' dir='ltr'><strong>in</strong></span> <span class='ocrx_word' id='word_1_622' title='bbox 2454 3690 2565 3746; x_wconf 92' lang='lat' dir='ltr'><strong>quo</strong></span> <span class='ocrx_word' id='word_1_623' title='bbox 2608 3675 2880 3745; x_wconf 79' lang='lat' dir='ltr'><strong>baptizari</strong></span> <span class='ocrx_word' id='word_1_624' title='bbox 2928 3691 3032 3731; x_wconf 91' lang='lat' dir='ltr'><strong>nos</strong></span> <span class='ocrx_word' id='word_1_625' title='bbox 3093 3674 3345 3730; x_wconf 82' lang='lat' dir='ltr'><strong>Salvator</strong></span> <span class='ocrx_word' id='word_1_626' title='bbox 3385 3688 3453 3731; x_wconf 80' lang='lat' dir='ltr'><strong>ac</strong></span> 
     </span>
    </p>
   </div>
   <div class='ocr_carea' id='block_1_84' title="bbox 1860 3765 3450 3837">
    <p class='ocr_par' dir='ltr' id='par_1_84' title="bbox 1860 3765 3450 3837">
     <span class='ocr_line' id='line_1_84' title="bbox 1860 3765 3450 3837; baseline -0.002 -15"><span class='ocrx_word' id='word_1_627' title='bbox 1860 3767 2130 3824; x_wconf 81' lang='lat' dir='ltr'><strong>Dominus</strong></span> <span class='ocrx_word' id='word_1_628' title='bbox 2165 3765 2329 3823; x_wconf 78' lang='lat' dir='ltr'><strong>Jcsus</strong></span> <span class='ocrx_word' id='word_1_629' title='bbox 2360 3766 2618 3822; x_wconf 86' lang='lat' dir='ltr'><strong>Christus</strong></span> <span class='ocrx_word' id='word_1_630' title='bbox 2646 3766 2950 3836; x_wconf 86' lang='lat' dir='ltr'><strong>aliquando</strong></span> <span class='ocrx_word' id='word_1_631' title='bbox 2985 3766 3176 3837; x_wconf 85' lang='lat' dir='ltr'><strong>jussit,</strong></span> <span class='ocrx_word' id='word_1_632' title='bbox 3208 3766 3295 3822; x_wconf 87' lang='lat' dir='ltr'><strong>his</strong></span> <span class='ocrx_word' id='word_1_633' title='bbox 3325 3780 3450 3822; x_wconf 55' lang='lat' dir='ltr'><strong>vero</strong></span> 
     </span>
    </p>
   </div>
   <div class='ocr_carea' id='block_1_85' title="bbox 1860 3858 3453 3929">
    <p class='ocr_par' dir='ltr' id='par_1_85' title="bbox 1860 3858 3453 3929">
     <span class='ocr_line' id='line_1_85' title="bbox 1860 3858 3453 3929; baseline 0 -14"><span class='ocrx_word' id='word_1_634' title='bbox 1860 3860 1947 3915; x_wconf 86' lang='lat' dir='ltr'><strong>bis</strong></span> <span class='ocrx_word' id='word_1_635' title='bbox 1967 3875 1984 3910; x_wconf 89' lang='lat'><strong>:</strong></span> <span class='ocrx_word' id='word_1_636' title='bbox 2015 3859 2218 3915; x_wconf 76' lang='lat' dir='ltr'><strong>Euntes</strong></span> <span class='ocrx_word' id='word_1_637' title='bbox 2258 3858 2438 3914; x_wconf 77' lang='lat' dir='ltr'><strong>docete</strong></span> <span class='ocrx_word' id='word_1_638' title='bbox 2469 3876 2647 3915; x_wconf 84' lang='lat' dir='ltr'><strong>omnes</strong></span> <span class='ocrx_word' id='word_1_639' title='bbox 2686 3869 2884 3924; x_wconf 81' lang='lat' dir='ltr'><strong>qentes,</strong></span> <span class='ocrx_word' id='word_1_640' title='bbox 2920 3859 3251 3929; x_wconf 80' lang='lat' dir='ltr'><strong>baptizantes</strong></span> <span class='ocrx_word' id='word_1_641' title='bbox 3280 3875 3368 3913; x_wconf 79' lang='lat' dir='ltr'><strong>eos</strong></span> <span class='ocrx_word' id='word_1_642' title='bbox 3395 3862 3453 3915; x_wconf 69' lang='lat' dir='ltr'><strong>ix</strong></span> 
     </span>
    </p>
   </div>
   <div class='ocr_carea' id='block_1_86' title="bbox 1862 3950 3193 4022">
    <p class='ocr_par' dir='ltr' id='par_1_86' title="bbox 1862 3950 3193 4022">
     <span class='ocr_line' id='line_1_86' title="bbox 1862 3950 3193 4022; baseline 0.002 -17"><span class='ocrx_word' id='word_1_643' title='bbox 1862 3953 2072 4007; x_wconf 78' lang='lat' dir='ltr'><strong>nomine</strong></span> <span class='ocrx_word' id='word_1_644' title='bbox 2107 3951 2308 4015; x_wconf 82' lang='lat' dir='ltr'><strong>Patris,</strong></span> <span class='ocrx_word' id='word_1_645' title='bbox 2346 3963 2394 4004; x_wconf 92' lang='lat' dir='ltr'><strong>et</strong></span> <span class='ocrx_word' id='word_1_646' title='bbox 2418 3950 2575 4011; x_wconf 85' lang='lat' dir='ltr'><strong>Filii.</strong></span> <span class='ocrx_word' id='word_1_647' title='bbox 2597 3969 2663 4006; x_wconf 86' lang='lat' dir='ltr'><strong>ac</strong></span> <span class='ocrx_word' id='word_1_648' title='bbox 2696 3951 2929 4022; x_wconf 77' lang='lat' dir='ltr'><strong>Spiritus</strong></span> <span class='ocrx_word' id='word_1_649' title='bbox 2957 3952 3193 4008; x_wconf 60' lang='lat' dir='ltr'><strong>sancti“.</strong></span> 
     </span>
    </p>
   </div>
   <div class='ocr_carea' id='block_1_87' title="bbox 1937 4041 3455 4115">
    <p class='ocr_par' dir='ltr' id='par_1_87' title="bbox 1937 4041 3455 4115">
     <span class='ocr_line' id='line_1_87' title="bbox 1937 4041 3455 4115; baseline 0.002 -20"><span class='ocrx_word' id='word_1_650' title='bbox 1937 4041 2107 4096; x_wconf 81' lang='lat' dir='ltr'><strong>XVII.</strong></span> <span class='ocrx_word' id='word_1_651' title='bbox 2153 4043 2428 4099; x_wconf 69' lang='lat' dir='ltr'><strong>Caeterum</strong></span> <span class='ocrx_word' id='word_1_652' title='bbox 2462 4059 2587 4098; x_wconf 89' lang='lat' dir='ltr'><strong>cum</strong></span> <span class='ocrx_word' id='word_1_653' title='bbox 2620 4044 2689 4099; x_wconf 93' lang='lat' dir='ltr'><strong>de</strong></span> <span class='ocrx_word' id='word_1_654' title='bbox 2720 4044 2963 4115; x_wconf 83' lang='lat' dir='ltr'><strong>perfecta</strong></span> <span class='ocrx_word' id='word_1_655' title='bbox 2993 4042 3115 4099; x_wconf 86' lang='lat' dir='ltr'><strong>Filii</strong></span> <span class='ocrx_word' id='word_1_656' title='bbox 3144 4056 3269 4098; x_wconf 90' lang='lat' dir='ltr'><strong>cum</strong></span> <span class='ocrx_word' id='word_1_657' title='bbox 3294 4041 3455 4098; x_wconf 85' lang='lat' dir='ltr'><strong>Patre</strong></span> 
     </span>
    </p>
   </div>
   <div class='ocr_carea' id='block_1_88' title="bbox 1863 4134 3456 4206">
    <p class='ocr_par' dir='ltr' id='par_1_88' title="bbox 1863 4134 3456 4206">
     <span class='ocr_line' id='line_1_88' title="bbox 1863 4134 3456 4206; baseline -0.001 -16"><span class='ocrx_word' id='word_1_658' title='bbox 1863 4135 2232 4191; x_wconf 86' lang='lat' dir='ltr'><strong>similitudine</strong></span> <span class='ocrx_word' id='word_1_659' title='bbox 2270 4135 2381 4189; x_wconf 87' lang='lat' dir='ltr'><strong>alio</strong></span> <span class='ocrx_word' id='word_1_660' title='bbox 2438 4135 2561 4191; x_wconf 92' lang='lat' dir='ltr'><strong>loco</strong></span> <span class='ocrx_word' id='word_1_661' title='bbox 2615 4136 2794 4192; x_wconf 81' lang='lat' dir='ltr'><strong>fusius</strong></span> <span class='ocrx_word' id='word_1_662' title='bbox 2822 4136 3292 4206; x_wconf 84' lang='lat' dir='ltr'><strong>disputaverimus</strong></span> <span class='ocrx_word' id='word_1_663' title='bbox 3315 4172 3331 4200; x_wconf 83' lang='lat'><strong>,</strong></span> <span class='ocrx_word' id='word_1_664' title='bbox 3364 4134 3456 4189; x_wconf 85' lang='lat' dir='ltr'><strong>hic</strong></span> 
     </span>
    </p>
   </div>
   <div class='ocr_carea' id='block_1_89' title="bbox 1864 4224 3442 4295">
    <p class='ocr_par' dir='ltr' id='par_1_89' title="bbox 1864 4224 3442 4295">
     <span class='ocr_line' id='line_1_89' title="bbox 1864 4224 3442 4295; baseline -0.003 -16"><span class='ocrx_word' id='word_1_665' title='bbox 1864 4233 2052 4280; x_wconf 76' lang='lat' dir='ltr'><strong>tamen</strong></span> <span class='ocrx_word' id='word_1_666' title='bbox 2085 4225 2325 4281; x_wconf 83' lang='lat' dir='ltr'><strong>breviter</strong></span> <span class='ocrx_word' id='word_1_667' title='bbox 2353 4225 2650 4281; x_wconf 83' lang='lat' dir='ltr'><strong>observare</strong></span> <span class='ocrx_word' id='word_1_668' title='bbox 2695 4240 2803 4280; x_wconf 86' lang='lat' dir='ltr'><strong>non</strong></span> <span class='ocrx_word' id='word_1_669' title='bbox 2834 4224 3060 4295; x_wconf 76' lang='lat' dir='ltr'><strong>pigebit,</strong></span> <span class='ocrx_word' id='word_1_670' title='bbox 3091 4224 3442 4293; x_wconf 80' lang='lat' dir='ltr'><strong>Apostolum,</strong></span> 
     </span>
    </p>
   </div>
   <div class='ocr_carea' id='block_1_90' title="bbox 1862 4312 3456 4387">
    <p class='ocr_par' dir='ltr' id='par_1_90' title="bbox 1862 4312 3456 4387">
     <span class='ocr_line' id='line_1_90' title="bbox 1862 4312 3456 4387; baseline -0.001 -16"><span class='ocrx_word' id='word_1_671' title='bbox 1862 4313 2143 4387; x_wconf 66' lang='lat' dir='ltr'><strong>quim</strong></span> <span class='ocrx_word' id='word_1_672' title='bbox 2167 4315 2259 4370; x_wconf 91' lang='lat' dir='ltr'><strong>Dei</strong></span> <span class='ocrx_word' id='word_1_673' title='bbox 2290 4330 2402 4370; x_wconf 84' lang='lat' dir='ltr'><strong>non</strong></span> <span class='ocrx_word' id='word_1_674' title='bbox 2420 4316 2772 4386; x_wconf 84' lang='lat' dir='ltr'><strong>aspectabilis</strong></span> <span class='ocrx_word' id='word_1_675' title='bbox 2803 4315 3097 4386; x_wconf 73' lang='lat' dir='ltr'><strong>imaginem</strong></span> <span class='ocrx_word' id='word_1_676' title='bbox 3117 4312 3456 4370; x_wconf 75' lang='lat' dir='ltr'><strong>Filiumesse</strong></span> 
     </span>
    </p>
   </div>
   <div class='ocr_carea' id='block_1_91' title="bbox 1868 4404 3448 4479">
    <p class='ocr_par' dir='ltr' id='par_1_91' title="bbox 1868 4404 3448 4479">
     <span class='ocr_line' id='line_1_91' title="bbox 1868 4404 3448 4479; baseline -0.003 -14"><span class='ocrx_word' id='word_1_677' title='bbox 1868 4408 2031 4473; x_wconf 77' lang='lat' dir='ltr'><strong>dixit,</strong></span> <span class='ocrx_word' id='word_1_678' title='bbox 2060 4422 2241 4479; x_wconf 87' lang='lat' dir='ltr'><strong>eoque</strong></span> <span class='ocrx_word' id='word_1_679' title='bbox 2264 4407 2427 4470; x_wconf 79' lang='lat' dir='ltr'><strong>modo</strong></span> <span class='ocrx_word' id='word_1_680' title='bbox 2458 4407 2640 4463; x_wconf 87' lang='lat' dir='ltr'><strong>Patris</strong></span> <span class='ocrx_word' id='word_1_681' title='bbox 2667 4424 2797 4464; x_wconf 83' lang='lat' dir='ltr'><strong>esse</strong></span> <span class='ocrx_word' id='word_1_682' title='bbox 2822 4406 3061 4462; x_wconf 84' lang='lat' dir='ltr'><strong>similem</strong></span> <span class='ocrx_word' id='word_1_683' title='bbox 3094 4405 3304 4469; x_wconf 89' lang='lat' dir='ltr'><strong>docuit,</strong></span> <span class='ocrx_word' id='word_1_684' title='bbox 3337 4404 3448 4461; x_wconf 75' lang='lat' dir='ltr'><strong>alio</strong></span> 
     </span>
    </p>
   </div>
   <div class='ocr_carea' id='block_1_92' title="bbox 1867 4494 3454 4571">
    <p class='ocr_par' dir='ltr' id='par_1_92' title="bbox 1867 4494 3454 4571">
     <span class='ocr_line' id='line_1_92' title="bbox 1867 4494 3454 4571; baseline -0.004 -14"><span class='ocrx_word' id='word_1_685' title='bbox 1867 4500 2109 4571; x_wconf 87' lang='lat' dir='ltr'><strong>quodam</strong></span> <span class='ocrx_word' id='word_1_686' title='bbox 2164 4500 2220 4554; x_wconf 93' lang='lat' dir='ltr'><strong>in</strong></span> <span class='ocrx_word' id='word_1_687' title='bbox 2270 4499 2394 4554; x_wconf 92' lang='lat' dir='ltr'><strong>Ioco</strong></span> <span class='ocrx_word' id='word_1_688' title='bbox 2428 4497 2897 4569; x_wconf 81' lang='lat' dir='ltr'><strong>quemadmodum</strong></span> <span class='ocrx_word' id='word_1_689' title='bbox 2946 4496 3021 4552; x_wconf 89' lang='lat' dir='ltr'><strong>sit</strong></span> <span class='ocrx_word' id='word_1_690' title='bbox 3058 4494 3454 4565; x_wconf 77' lang='lat' dir='ltr'><strong>intelligendus</strong></span> 
     </span>
    </p>
   </div>
   <div class='ocr_carea' id='block_1_93' title="bbox 204 4569 1751 4669">
    <p class='ocr_par' dir='ltr' id='par_1_93' title="bbox 204 4569 1751 4650">
     <span class='ocr_line' id='line_1_93' title="bbox 204 4569 1751 4650; baseline 0.005 -26"><span class='ocrx_word' id='word_1_691' title='bbox 204 4569 313 4625; x_wconf 81' lang='grc' dir='ltr'>Υἱὸν</span> <span class='ocrx_word' id='word_1_692' title='bbox 328 4578 654 4649; x_wconf 77' lang='grc' dir='ltr'>παρέδωκεν.</span> <span class='ocrx_word' id='word_1_693' title='bbox 699 4579 786 4631; x_wconf 83' lang='grc' dir='ltr'><strong>Ἐν</strong></span> <span class='ocrx_word' id='word_1_694' title='bbox 801 4577 908 4650; x_wconf 80' lang='grc' dir='ltr'><strong>γὰρ</strong></span> <span class='ocrx_word' id='word_1_695' title='bbox 930 4580 994 4649; x_wconf 79' lang='grc' dir='ltr'>τῇ</span> <span class='ocrx_word' id='word_1_696' title='bbox 1017 4578 1153 4649; x_wconf 84' lang='grc' dir='ltr'>πρὸς</span> <span class='ocrx_word' id='word_1_697' title='bbox 1178 4577 1570 4649; x_wconf 79' lang='grc' dir='ltr'>Φιλιππησίους</span> <span class='ocrx_word' id='word_1_698' title='bbox 1615 4579 1751 4631; x_wconf 83' lang='grc' dir='ltr'><strong>Ἐπι‹</strong></span> 
     </span>
    </p>
   </div>
   <div class='ocr_carea' id='block_1_94' title="bbox 1856 4569 3450 4669">
    <p class='ocr_par' dir='ltr' id='par_1_94' title="bbox 1867 4569 3450 4659">
     <span class='ocr_line' id='line_1_94' title="bbox 1867 4569 3450 4659; baseline -0.004 -15"><span class='ocrx_word' id='word_1_699' title='bbox 1867 4569 2041 4646; x_wconf 66' lang='lat' dir='ltr'><strong>Filius</strong></span> <span class='ocrx_word' id='word_1_700' title='bbox 2084 4586 2388 4659; x_wconf 79' lang='lat' dir='ltr'><strong>aperuisse.</strong></span> <span class='ocrx_word' id='word_1_701' title='bbox 2444 4586 2581 4643; x_wconf 87' lang='lat' dir='ltr'><strong>Nam</strong></span> <span class='ocrx_word' id='word_1_702' title='bbox 2615 4588 2672 4641; x_wconf 91' lang='lat' dir='ltr'><strong>in</strong></span> <span class='ocrx_word' id='word_1_703' title='bbox 2711 4587 2980 4658; x_wconf 87' lang='lat' dir='ltr'><strong>Epistola,</strong></span> <span class='ocrx_word' id='word_1_704' title='bbox 3013 4600 3181 4656; x_wconf 87' lang='lat' dir='ltr'><strong>quam</strong></span> <span class='ocrx_word' id='word_1_705' title='bbox 3216 4584 3283 4639; x_wconf 86' lang='lat' dir='ltr'><strong>ad</strong></span> <span class='ocrx_word' id='word_1_706' title='bbox 3327 4584 3450 4638; x_wconf 61' lang='lat' dir='ltr'><strong>Phi.</strong></span> 
     </span>
    </p>
   </div>
   <div class='ocr_carea' id='block_1_95' title="bbox 209 4665 1751 4749">
    <p class='ocr_par' dir='ltr' id='par_1_95' title="bbox 209 4665 1751 4743">
     <span class='ocr_line' id='line_1_95' title="bbox 209 4665 1751 4743; baseline 0.001 -18"><span class='ocrx_word' id='word_1_707' title='bbox 209 4665 345 4739; x_wconf 70' lang='grc' dir='ltr'><strong>στολῇ</strong></span> <span class='ocrx_word' id='word_1_708' title='bbox 365 4688 560 4743; x_wconf 78' lang='grc' dir='ltr'>φησιν’</span> <span class='ocrx_word' id='word_1_709' title='bbox 602 4671 811 4737; x_wconf 83' lang='grc' dir='ltr'>Ὃς,ἐν</span> <span class='ocrx_word' id='word_1_710' title='bbox 848 4669 1051 4740; x_wconf 65' lang='grc' dir='ltr'>μορφῇ</span> <span class='ocrx_word' id='word_1_711' title='bbox 1096 4670 1244 4725; x_wconf 83' lang='grc' dir='ltr'>Θεοῦ</span> <span class='ocrx_word' id='word_1_712' title='bbox 1303 4669 1609 4741; x_wconf 74' lang='grc' dir='ltr'>ὑπάρχων,</span> <span class='ocrx_word' id='word_1_713' title='bbox 1649 4673 1751 4743; x_wconf 68' lang='grc' dir='ltr'><strong>οὐχ</strong></span> 
     </span>
    </p>
   </div>
   <div class='ocr_carea' id='block_1_96' title="bbox 1856 4665 3454 4749">
    <p class='ocr_par' dir='ltr' id='par_1_96' title="bbox 1874 4674 3454 4749">
     <span class='ocr_line' id='line_1_96' title="bbox 1874 4674 3454 4749; baseline -0.003 -17"><span class='ocrx_word' id='word_1_714' title='bbox 1874 4679 2155 4748; x_wconf 86' lang='lat' dir='ltr'><strong>lippenses</strong></span> <span class='ocrx_word' id='word_1_715' title='bbox 2186 4677 2431 4749; x_wconf 88' lang='lat' dir='ltr'><strong>scripsit,</strong></span> <span class='ocrx_word' id='word_1_716' title='bbox 2461 4677 2536 4732; x_wconf 88' lang='lat' dir='ltr'><strong>ita</strong></span> <span class='ocrx_word' id='word_1_717' title='bbox 2572 4677 2853 4747; x_wconf 88' lang='lat' dir='ltr'><strong>loquitur:</strong></span> <span class='ocrx_word' id='word_1_718' title='bbox 2887 4675 2990 4742; x_wconf 81' lang='lat' dir='ltr'><strong>Qui</strong></span> <span class='ocrx_word' id='word_1_719' title='bbox 3028 4691 3151 4730; x_wconf 83' lang='lat' dir='ltr'><strong>eum</strong></span> <span class='ocrx_word' id='word_1_720' title='bbox 3183 4677 3240 4728; x_wconf 80' lang='lat' dir='ltr'><strong>in</strong></span> <span class='ocrx_word' id='word_1_721' title='bbox 3273 4674 3454 4744; x_wconf 76' lang='lat' dir='ltr'><strong>{arma</strong></span> 
     </span>
    </p>
   </div>
   <div class='ocr_carea' id='block_1_97' title="bbox 207 4754 1765 4834">
    <p class='ocr_par' dir='ltr' id='par_1_97' title="bbox 207 4754 1765 4834">
     <span class='ocr_line' id='line_1_97' title="bbox 207 4754 1765 4834; baseline 0.003 -22"><span class='ocrx_word' id='word_1_722' title='bbox 207 4754 489 4830; x_wconf 62' lang='grc' dir='ltr'><strong>ἁρπαγμὸν</strong></span> <span class='ocrx_word' id='word_1_723' title='bbox 527 4762 800 4834; x_wconf 72' lang='grc' dir='ltr'>ἡγήσατο</span> <span class='ocrx_word' id='word_1_724' title='bbox 840 4764 904 4816; x_wconf 83' lang='grc' dir='ltr'>τὸ</span> <span class='ocrx_word' id='word_1_725' title='bbox 952 4759 1107 4817; x_wconf 77' lang='grc' dir='ltr'>εἶναι</span> <span class='ocrx_word' id='word_1_726' title='bbox 1135 4763 1243 4816; x_wconf 80' lang='grc' dir='ltr'>ἶσα</span> <span class='ocrx_word' id='word_1_727' title='bbox 1272 4760 1424 4829; x_wconf 83' lang='grc' dir='ltr'><strong>Θεῷ’</strong></span> <span class='ocrx_word' id='word_1_728' title='bbox 1462 4762 1599 4816; x_wconf 71' lang='grc' dir='ltr'><strong>ἀλλ’</strong></span> <span class='ocrx_word' id='word_1_729' title='bbox 1626 4762 1765 4816; x_wconf 84' lang='grc' dir='ltr'><strong>ἐαυ-</strong></span> 
     </span>
    </p>
   </div>
   <div class='ocr_carea' id='block_1_98' title="bbox 210 4846 1762 4925">
    <p class='ocr_par' dir='ltr' id='par_1_98' title="bbox 210 4846 1762 4925">
     <span class='ocr_line' id='line_1_98' title="bbox 210 4846 1762 4925; baseline 0.007 -28"><span class='ocrx_word' id='word_1_730' title='bbox 210 4846 301 4900; x_wconf 77' lang='grc' dir='ltr'><strong>τὸν</strong></span> <span class='ocrx_word' id='word_1_731' title='bbox 340 4853 614 4924; x_wconf 75' lang='grc' dir='ltr'>ἐκένωσε,</span> <span class='ocrx_word' id='word_1_732' title='bbox 647 4854 890 4925; x_wconf 71' lang='grc' dir='ltr'><strong>μορφὴν</strong></span> <span class='ocrx_word' id='word_1_733' title='bbox 932 4854 1159 4909; x_wconf 78' lang='grc' dir='ltr'>δούλου</span> <span class='ocrx_word' id='word_1_734' title='bbox 1201 4854 1422 4917; x_wconf 79' lang='grc' dir='ltr'><strong>λαϐὼν,</strong></span> <span class='ocrx_word' id='word_1_735' title='bbox 1457 4854 1527 4907; x_wconf 83' lang='grc' dir='ltr'><strong>ἐν</strong></span> <span class='ocrx_word' id='word_1_736' title='bbox 1555 4853 1762 4923; x_wconf 83' lang='grc' dir='ltr'><strong>ὁμοιώ-</strong></span> 
     </span>
    </p>
   </div>
   <div class='ocr_carea' id='block_1_99' title="bbox 209 4945 1765 5018">
    <p class='ocr_par' dir='ltr' id='par_1_99' title="bbox 209 4945 1765 5018">
     <span class='ocr_line' id='line_1_99' title="bbox 209 4945 1765 5018; baseline -0.002 -15"><span class='ocrx_word' id='word_1_737' title='bbox 209 4953 328 5003; x_wconf 79' lang='grc' dir='ltr'>ματι</span> <span class='ocrx_word' id='word_1_738' title='bbox 381 4946 705 5016; x_wconf 76' lang='grc' dir='ltr'>ἀνθρώπων</span> <span class='ocrx_word' id='word_1_739' title='bbox 751 4948 1100 5017; x_wconf 66' lang='grc' dir='ltr'><strong>γενόμενος·</strong></span> <span class='ocrx_word' id='word_1_740' title='bbox 1157 4946 1217 4999; x_wconf 81' lang='grc' dir='ltr'>ὲν</span> <span class='ocrx_word' id='word_1_741' title='bbox 1266 4945 1324 4998; x_wconf 86' lang='grc' dir='ltr'>δὲ</span> <span class='ocrx_word' id='word_1_742' title='bbox 1355 4945 1423 5018; x_wconf 75' lang='grc' dir='ltr'>τῇ</span> <span class='ocrx_word' id='word_1_743' title='bbox 1455 4946 1590 5018; x_wconf 83' lang='grc' dir='ltr'>πρὸς</span> <span class='ocrx_word' id='word_1_744' title='bbox 1629 4945 1765 5001; x_wconf 79' lang='grc' dir='ltr'><strong>Ῥω-</strong></span> 
     </span>
    </p>
   </div>
   <div class='ocr_carea' id='block_1_100' title="bbox 216 5029 1817 5109">
    <p class='ocr_par' dir='ltr' id='par_1_100' title="bbox 216 5029 1817 5109">
     <span class='ocr_line' id='line_1_100' title="bbox 216 5029 1817 5109; baseline -0.003 -14"><span class='ocrx_word' id='word_1_745' title='bbox 216 5032 408 5098; x_wconf 79' lang='grc' dir='ltr'>μαίουςο</span> <span class='ocrx_word' id='word_1_746' title='bbox 445 5039 512 5093; x_wconf 85' lang='grc' dir='ltr'><strong>Τὸ</strong></span> <span class='ocrx_word' id='word_1_747' title='bbox 536 5039 647 5109; x_wconf 76' lang='grc' dir='ltr'><strong>γὰρ</strong></span> <span class='ocrx_word' id='word_1_748' title='bbox 669 5038 970 5095; x_wconf 74' lang='grc' dir='ltr'>ἀδύνατον</span> <span class='ocrx_word' id='word_1_749' title='bbox 990 5038 1099 5093; x_wconf 82' lang='grc' dir='ltr'>τοῦ</span> <span class='ocrx_word' id='word_1_750' title='bbox 1121 5038 1331 5108; x_wconf 78' lang='grc' dir='ltr'><strong>νόμου,</strong></span> <span class='ocrx_word' id='word_1_751' title='bbox 1351 5038 1423 5093; x_wconf 78' lang='grc' dir='ltr'><strong>ἐν</strong></span> <span class='ocrx_word' id='word_1_752' title='bbox 1444 5029 1493 5103; x_wconf 82' lang='grc' dir='ltr'><strong>ᾧ</strong></span> <span class='ocrx_word' id='word_1_753' title='bbox 1521 5036 1764 5107; x_wconf 77' lang='grc' dir='ltr'>ἠσθένει</span> <span class='ocrx_word' id='word_1_754' title='bbox 1812 5060 1817 5073; x_wconf 74' lang='grc' dir='ltr'>ι</span> 
     </span>
    </p>
   </div>
   <div class='ocr_carea' id='block_1_101' title="bbox 216 5118 1768 5201">
    <p class='ocr_par' dir='ltr' id='par_1_101' title="bbox 216 5118 1768 5201">
     <span class='ocr_line' id='line_1_101' title="bbox 216 5118 1768 5201; baseline 0.008 -31"><span class='ocrx_word' id='word_1_755' title='bbox 216 5118 297 5174; x_wconf 82' lang='grc' dir='ltr'><strong>διὰ</strong></span> <span class='ocrx_word' id='word_1_756' title='bbox 309 5125 411 5194; x_wconf 83' lang='grc' dir='ltr'>τῆς</span> <span class='ocrx_word' id='word_1_757' title='bbox 436 5132 681 5201; x_wconf 82' lang='grc' dir='ltr'>σαρκὸς,</span> <span class='ocrx_word' id='word_1_758' title='bbox 710 5134 742 5184; x_wconf 81' lang='grc' dir='ltr'><em>ό</em></span> <span class='ocrx_word' id='word_1_759' title='bbox 771 5129 914 5196; x_wconf 81' lang='grc' dir='ltr'>Θεὸς</span> <span class='ocrx_word' id='word_1_760' title='bbox 951 5130 1061 5184; x_wconf 73' lang='grc' dir='ltr'><strong>τὸν</strong></span> <span class='ocrx_word' id='word_1_761' title='bbox 1091 5129 1313 5185; x_wconf 81' lang='grc' dir='ltr'>ἑαυτοῦ</span> <span class='ocrx_word' id='word_1_762' title='bbox 1356 5130 1493 5183; x_wconf 80' lang='grc' dir='ltr'><strong>Υὶὺν</strong></span> <span class='ocrx_word' id='word_1_763' title='bbox 1522 5130 1768 5199; x_wconf 72' lang='grc' dir='ltr'>πέμψας</span> 
     </span>
    </p>
   </div>
   <div class='ocr_carea' id='block_1_102' title="bbox 217 5210 1765 5294">
    <p class='ocr_par' dir='ltr' id='par_1_102' title="bbox 217 5210 1765 5294">
     <span class='ocr_line' id='line_1_102' title="bbox 217 5210 1765 5294; baseline 0.001 -20"><span class='ocrx_word' id='word_1_764' title='bbox 217 5210 274 5264; x_wconf 62' lang='grc' dir='ltr'><strong>ἐν</strong></span> <span class='ocrx_word' id='word_1_765' title='bbox 312 5221 611 5294; x_wconf 78' lang='grc' dir='ltr'><strong>ὁμοιώματι</strong></span> <span class='ocrx_word' id='word_1_766' title='bbox 658 5224 907 5294; x_wconf 82' lang='grc' dir='ltr'>σαρκὸς,</span> <span class='ocrx_word' id='word_1_767' title='bbox 960 5222 1061 5277; x_wconf 75' lang='grc' dir='ltr'>καὶ</span> <span class='ocrx_word' id='word_1_768' title='bbox 1099 5223 1234 5293; x_wconf 77' lang='grc' dir='ltr'>περὶ</span> <span class='ocrx_word' id='word_1_769' title='bbox 1277 5222 1568 5293; x_wconf 72' lang='grc' dir='ltr'>ἁμαρτίας</span> <span class='ocrx_word' id='word_1_770' title='bbox 1622 5239 1765 5276; x_wconf 81' lang='grc' dir='ltr'>κατ-</span> 
     </span>
    </p>
   </div>
   <div class='ocr_carea' id='block_1_103' title="bbox 220 5301 1772 5389">
    <p class='ocr_par' dir='ltr' id='par_1_103' title="bbox 220 5301 1772 5389">
     <span class='ocr_line' id='line_1_103' title="bbox 220 5301 1772 5389; baseline 0.003 -25"><span class='ocrx_word' id='word_1_771' title='bbox 220 5301 390 5375; x_wconf 62' lang='grc' dir='ltr'>έκρινε</span> <span class='ocrx_word' id='word_1_772' title='bbox 414 5315 524 5386; x_wconf 79' lang='grc' dir='ltr'>τὴν</span> <span class='ocrx_word' id='word_1_773' title='bbox 549 5318 843 5389; x_wconf 77' lang='grc' dir='ltr'>ἁμαρτίαν</span> <span class='ocrx_word' id='word_1_774' title='bbox 873 5318 943 5371; x_wconf 78' lang='grc' dir='ltr'><strong>ἐν</strong></span> <span class='ocrx_word' id='word_1_775' title='bbox 966 5316 1040 5386; x_wconf 77' lang='grc' dir='ltr'>τῇ</span> <span class='ocrx_word' id='word_1_776' title='bbox 1071 5318 1274 5387; x_wconf 77' lang='grc' dir='ltr'>σαρκί.</span> <span class='ocrx_word' id='word_1_777' title='bbox 1311 5316 1397 5380; x_wconf 82' lang='grc' dir='ltr'>Ὧς</span> <span class='ocrx_word' id='word_1_778' title='bbox 1427 5317 1518 5370; x_wconf 73' lang='grc' dir='ltr'><strong>ἐπὶ</strong></span> <span class='ocrx_word' id='word_1_779' title='bbox 1533 5333 1642 5369; x_wconf 89' lang='grc' dir='ltr'>των</span> <span class='ocrx_word' id='word_1_780' title='bbox 1677 5315 1772 5370; x_wconf 75' lang='grc' dir='ltr'><strong>δύο</strong></span> 
     </span>
    </p>
   </div>
   <div class='ocr_carea' id='block_1_104' title="bbox 226 5405 1774 5478">
    <p class='ocr_par' dir='ltr' id='par_1_104' title="bbox 226 5405 1774 5478">
     <span class='ocr_line' id='line_1_104' title="bbox 226 5405 1774 5478; baseline 0 -18"><span class='ocrx_word' id='word_1_781' title='bbox 226 5405 505 5473; x_wconf 81' lang='grc' dir='ltr'>μαρτυριῶν</span> <span class='ocrx_word' id='word_1_782' title='bbox 533 5410 597 5462; x_wconf 82' lang='grc' dir='ltr'>ὲκ</span> <span class='ocrx_word' id='word_1_783' title='bbox 622 5408 731 5461; x_wconf 89' lang='grc' dir='ltr'><strong>τῶν</strong></span> <span class='ocrx_word' id='word_1_784' title='bbox 751 5408 843 5461; x_wconf 85' lang='grc' dir='ltr'>δύο</span> <span class='ocrx_word' id='word_1_785' title='bbox 866 5406 1197 5463; x_wconf 84' lang='grc' dir='ltr'>Ἐπιστολῶν</span> <span class='ocrx_word' id='word_1_786' title='bbox 1223 5407 1332 5461; x_wconf 82' lang='grc' dir='ltr'>ἀπὸ</span> <span class='ocrx_word' id='word_1_787' title='bbox 1365 5410 1385 5440; x_wconf 77' lang='grc'>³</span> <span class='ocrx_word' id='word_1_788' title='bbox 1405 5406 1498 5460; x_wconf 86' lang='grc' dir='ltr'>τοῦ</span> <span class='ocrx_word' id='word_1_789' title='bbox 1534 5424 1774 5478; x_wconf 86' lang='grc' dir='ltr'>σωματι-</span> 
     </span>
    </p>
   </div>
   <div class='ocr_carea' id='block_1_105' title="bbox 224 5485 1763 5572">
    <p class='ocr_par' dir='ltr' id='par_1_105' title="bbox 224 5485 1763 5572">
     <span class='ocr_line' id='line_1_105' title="bbox 224 5485 1763 5572; baseline 0.011 -38"><span class='ocrx_word' id='word_1_790' title='bbox 224 5485 308 5538; x_wconf 85' lang='grc' dir='ltr'>κοῦ</span> <span class='ocrx_word' id='word_1_791' title='bbox 337 5493 562 5565; x_wconf 78' lang='grc' dir='ltr'>εὺσεόῶς</span> <span class='ocrx_word' id='word_1_792' title='bbox 589 5499 684 5555; x_wconf 68' lang='grc' dir='ltr'><strong>καὶ</strong></span> <span class='ocrx_word' id='word_1_793' title='bbox 710 5500 811 5572; x_wconf 83' lang='grc' dir='ltr'><strong>τὴν</strong></span> <span class='ocrx_word' id='word_1_794' title='bbox 837 5499 969 5571; x_wconf 75' lang='grc' dir='ltr'>περὶ</span> <span class='ocrx_word' id='word_1_795' title='bbox 997 5498 1091 5554; x_wconf 88' lang='grc' dir='ltr'><strong>τοῦ</strong></span> <span class='ocrx_word' id='word_1_796' title='bbox 1120 5499 1308 5569; x_wconf 82' lang='grc' dir='ltr'>ὁμοίου</span> <span class='ocrx_word' id='word_1_797' title='bbox 1349 5501 1516 5570; x_wconf 79' lang='grc' dir='ltr'>ἡμᾶς,</span> <span class='ocrx_word' id='word_1_798' title='bbox 1544 5499 1640 5554; x_wconf 72' lang='grc' dir='ltr'><strong>καὶ</strong></span> <span class='ocrx_word' id='word_1_799' title='bbox 1668 5500 1763 5552; x_wconf 79' lang='grc' dir='ltr'>ἐπὶ</span> 
     </span>
    </p>
   </div>
   <div class='ocr_carea' id='block_1_106' title="bbox 228 5575 1766 5664">
    <p class='ocr_par' dir='ltr' id='par_1_106' title="bbox 228 5575 1766 5664">
     <span class='ocr_line' id='line_1_106' title="bbox 228 5575 1766 5664; baseline 0.011 -38"><span class='ocrx_word' id='word_1_800' title='bbox 228 5575 307 5629; x_wconf 76' lang='grc' dir='ltr'><strong>τοῦ</strong></span> <span class='ocrx_word' id='word_1_801' title='bbox 333 5582 604 5658; x_wconf 79' lang='grc' dir='ltr'>ἀσωμάτου</span> <span class='ocrx_word' id='word_1_802' title='bbox 656 5591 869 5664; x_wconf 84' lang='grc' dir='ltr'>Πατρός</span> <span class='ocrx_word' id='word_1_803' title='bbox 923 5608 983 5644; x_wconf 82' lang='grc' dir='ltr'><strong>τε</strong></span> <span class='ocrx_word' id='word_1_804' title='bbox 1022 5591 1118 5645; x_wconf 70' lang='grc' dir='ltr'>καὶ</span> <span class='ocrx_word' id='word_1_805' title='bbox 1158 5588 1288 5646; x_wconf 81' lang='grc' dir='ltr'>Υἱοῦ</span> <span class='ocrx_word' id='word_1_806' title='bbox 1319 5590 1657 5661; x_wconf 82' lang='grc' dir='ltr'>διδαχθῆναι.</span> <span class='ocrx_word' id='word_1_807' title='bbox 1691 5588 1766 5642; x_wconf 83' lang='grc' dir='ltr'>Τὸ</span> 
     </span>
    </p>
   </div>
   <div class='ocr_carea' id='block_1_107' title="bbox 237 5690 1518 5813">
    <p class='ocr_par' dir='ltr' id='par_1_107' title="bbox 237 5690 1518 5813">
     <span class='ocr_line' id='line_1_107' title="bbox 237 5690 1518 5810; baseline 0.002 -53"><span class='ocrx_word' id='word_1_808' title='bbox 237 5752 255 5787; x_wconf 55' lang='grc'>⁸</span> <span class='ocrx_word' id='word_1_809' title='bbox 279 5690 313 5810; x_wconf 47' lang='grc' dir='ltr'><strong>ἰ)</strong></span> <span class='ocrx_word' id='word_1_810' title='bbox 337 5693 530 5776; x_wconf 57' lang='grc' dir='ltr'>ξῖᾳτρὸς</span> <span class='ocrx_word' id='word_1_811' title='bbox 566 5706 659 5759; x_wconf 77' lang='grc' dir='ltr'>καὶ</span> <span class='ocrx_word' id='word_1_812' title='bbox 705 5705 837 5759; x_wconf 79' lang='grc' dir='ltr'><strong>Υἱοῦ</strong></span> <span class='ocrx_word' id='word_1_813' title='bbox 877 5705 1038 5760; x_wconf 87' lang='lat' dir='ltr'><strong>addo.</strong></span> <span class='ocrx_word' id='word_1_814' title='bbox 1115 5704 1134 5735; x_wconf 82' lang='grc'><strong><em>⁸</em></strong></span> <span class='ocrx_word' id='word_1_815' title='bbox 1166 5704 1227 5759; x_wconf 83' lang='lat' dir='ltr'><strong>F.</strong></span> <span class='ocrx_word' id='word_1_816' title='bbox 1263 5704 1362 5777; x_wconf 81' lang='grc' dir='ltr'>τὴν</span> <span class='ocrx_word' id='word_1_817' title='bbox 1389 5705 1518 5760; x_wconf 83' lang='grc' dir='ltr'><strong>ἀπό.</strong></span> 
     </span>
     <span class='ocr_line' id='line_1_108' title="bbox 318 5760 1254 5813; baseline 0 0"><span class='ocrx_word' id='word_1_818' title='bbox 318 5760 487 5813; x_wconf 81' lang='lat' dir='ltr'><strong>htlmn-</strong></span> <span class='ocrx_word' id='word_1_819' title='bbox 532 5789 567 5813; x_wconf 79' lang='grc' dir='ltr'><strong>ιι</strong></span> <span class='ocrx_word' id='word_1_820' title='bbox 624 5776 657 5813; x_wconf 70' lang='lat' dir='ltr'><strong>ﬂ</strong></span> <span class='ocrx_word' id='word_1_821' title='bbox 712 5776 742 5813; x_wconf 84' lang='grc'><strong>’1</strong></span> <span class='ocrx_word' id='word_1_822' title='bbox 842 5775 1026 5813; x_wconf 71' lang='lat' dir='ltr'><strong>‘1an</strong></span> <span class='ocrx_word' id='word_1_823' title='bbox 1078 5790 1172 5813; x_wconf 77' lang='lat' dir='ltr'><strong>mu</strong></span> <span class='ocrx_word' id='word_1_824' title='bbox 1221 5775 1254 5813; x_wconf 61' lang='grc' dir='ltr'><strong><em>Ἄ</em></strong></span> 
     </span>
    </p>
   </div>
   <div class='ocr_carea' id='block_1_108' title="bbox 351 5765 1273 5861">
    <p class='ocr_par' dir='ltr' id='par_1_108' title="bbox 351 5765 1273 5861">
     <span class='ocr_line' id='line_1_109' title="bbox 351 5765 1273 5861; baseline 0.002 -35"><span class='ocrx_word' id='word_1_825' title='bbox 351 5765 488 5838; x_wconf 73' lang='lat' dir='ltr'><strong>“ipp.</strong></span> <span class='ocrx_word' id='word_1_826' title='bbox 516 5765 590 5841; x_wconf 13' lang='lat' dir='ltr'><strong>ru,</strong></span> <span class='ocrx_word' id='word_1_827' title='bbox 624 5776 679 5844; x_wconf 84' lang='lat'><em>6,</em></span> <span class='ocrx_word' id='word_1_828' title='bbox 712 5776 783 5861; x_wconf 23' lang='grc'><strong>7.,</strong></span> <span class='ocrx_word' id='word_1_829' title='bbox 842 5777 861 5808; x_wconf 92' lang='grc'><strong>⁷</strong></span> <span class='ocrx_word' id='word_1_830' title='bbox 891 5775 1047 5832; x_wconf 81' lang='lat' dir='ltr'><strong>Rom.</strong></span> <span class='ocrx_word' id='word_1_831' title='bbox 1078 5790 1197 5845; x_wconf 77' lang='lat' dir='ltr'><strong>Vill,</strong></span> <span class='ocrx_word' id='word_1_832' title='bbox 1221 5775 1273 5829; x_wconf 77' lang='lat'><strong>5.</strong></span> 
     </span>
    </p>
   </div>
   <div class='ocr_carea' id='block_1_109' title="bbox 1622 5703 2125 5772">
    <p class='ocr_par' dir='ltr' id='par_1_109' title="bbox 1622 5703 2125 5772">
     <span class='ocr_line' id='line_1_110' title="bbox 1622 5703 2125 5772; baseline 0.01 -13"><span class='ocrx_word' id='word_1_833' title='bbox 1622 5705 1644 5738; x_wconf 89' lang='grc'>³</span> <span class='ocrx_word' id='word_1_834' title='bbox 1677 5704 1697 5759; x_wconf 90' lang='lat' dir='ltr'><strong>I</strong></span> <span class='ocrx_word' id='word_1_835' title='bbox 1730 5703 1860 5762; x_wconf 82' lang='lat' dir='ltr'><strong>Cor.</strong></span> <span class='ocrx_word' id='word_1_836' title='bbox 1918 5722 2018 5772; x_wconf 10' lang='lat' dir='ltr'><strong>me,</strong></span> <span class='ocrx_word' id='word_1_837' title='bbox 2070 5706 2125 5764; x_wconf 70' lang='lat'><strong>&#39;5.</strong></span> 
     </span>
    </p>
   </div>
   <div class='ocr_carea' id='block_1_110' title="bbox 1873 4769 3451 4836">
    <p class='ocr_par' dir='ltr' id='par_1_110' title="bbox 1873 4769 3451 4836">
     <span class='ocr_line' id='line_1_111' title="bbox 1873 4769 3451 4836; baseline -0.003 -13"><span class='ocrx_word' id='word_1_838' title='bbox 1873 4769 1969 4823; x_wconf 86' lang='lat' dir='ltr'><strong>Dei</strong></span> <span class='ocrx_word' id='word_1_839' title='bbox 1996 4778 2153 4834; x_wconf 79' lang='lat' dir='ltr'><strong>esset,</strong></span> <span class='ocrx_word' id='word_1_840' title='bbox 2181 4786 2287 4824; x_wconf 79' lang='lat' dir='ltr'><strong>non</strong></span> <span class='ocrx_word' id='word_1_841' title='bbox 2313 4770 2556 4836; x_wconf 80' lang='lat' dir='ltr'><strong>rapinam</strong></span> <span class='ocrx_word' id='word_1_842' title='bbox 2605 4770 2901 4823; x_wconf 81' lang='lat' dir='ltr'><strong>arbitratus</strong></span> <span class='ocrx_word' id='word_1_843' title='bbox 2930 4776 3008 4822; x_wconf 83' lang='lat' dir='ltr'><strong>est</strong></span> <span class='ocrx_word' id='word_1_844' title='bbox 3033 4782 3145 4823; x_wconf 79' lang='lat' dir='ltr'><strong>esse</strong></span> <span class='ocrx_word' id='word_1_845' title='bbox 3175 4783 3230 4821; x_wconf 87' lang='lat' dir='ltr'><strong>se</strong></span> <span class='ocrx_word' id='word_1_846' title='bbox 3268 4780 3451 4836; x_wconf 67' lang='lat' dir='ltr'><strong>aequa-</strong></span> 
     </span>
    </p>
   </div>
   <div class='ocr_carea' id='block_1_111' title="bbox 1868 4857 3456 4930">
    <p class='ocr_par' dir='ltr' id='par_1_111' title="bbox 1868 4857 3456 4930">
     <span class='ocr_line' id='line_1_112' title="bbox 1868 4857 3456 4930; baseline -0.004 -15"><span class='ocrx_word' id='word_1_847' title='bbox 1868 4861 1969 4915; x_wconf 78' lang='lat' dir='ltr'><strong>lem</strong></span> <span class='ocrx_word' id='word_1_848' title='bbox 2004 4861 2144 4923; x_wconf 86' lang='lat' dir='ltr'><strong>Deo;</strong></span> <span class='ocrx_word' id='word_1_849' title='bbox 2177 4860 2267 4917; x_wconf 85' lang='lat' dir='ltr'><strong>sed</strong></span> <span class='ocrx_word' id='word_1_850' title='bbox 2301 4861 2639 4930; x_wconf 83' lang='lat' dir='ltr'><strong>semetipsum</strong></span> <span class='ocrx_word' id='word_1_851' title='bbox 2680 4860 3000 4930; x_wconf 67' lang='lat' dir='ltr'><strong>exinmiirit,</strong></span> <span class='ocrx_word' id='word_1_852' title='bbox 3050 4858 3281 4928; x_wconf 78' lang='lat' dir='ltr'><strong>formam</strong></span> <span class='ocrx_word' id='word_1_853' title='bbox 3317 4857 3456 4912; x_wconf 73' lang='lat' dir='ltr'><strong>serui</strong></span> 
     </span>
    </p>
   </div>
   <div class='ocr_carea' id='block_1_112' title="bbox 1869 4947 3454 5019">
    <p class='ocr_par' dir='ltr' id='par_1_112' title="bbox 1869 4947 3454 5019">
     <span class='ocr_line' id='line_1_113' title="bbox 1869 4947 3454 5019; baseline 0 -15"><span class='ocrx_word' id='word_1_854' title='bbox 1869 4952 2161 5018; x_wconf 81' lang='lat' dir='ltr'><strong>accipiens,</strong></span> <span class='ocrx_word' id='word_1_855' title='bbox 2209 4952 2266 5006; x_wconf 85' lang='lat' dir='ltr'><strong>in</strong></span> <span class='ocrx_word' id='word_1_856' title='bbox 2299 4951 2702 5005; x_wconf 80' lang='lat' dir='ltr'><strong>similitudinem</strong></span> <span class='ocrx_word' id='word_1_857' title='bbox 2750 4951 3026 5005; x_wconf 75' lang='lat' dir='ltr'><strong>hominum</strong></span> <span class='ocrx_word' id='word_1_858' title='bbox 3081 4949 3345 5019; x_wconf 69' lang='lat' dir='ltr'><strong>factus“;</strong></span> <span class='ocrx_word' id='word_1_859' title='bbox 3383 4947 3454 5004; x_wconf 81' lang='lat' dir='ltr'><strong>ad</strong></span> 
     </span>
    </p>
   </div>
   <div class='ocr_carea' id='block_1_113' title="bbox 1869 5040 3452 5113">
    <p class='ocr_par' dir='ltr' id='par_1_113' title="bbox 1869 5040 3452 5113">
     <span class='ocr_line' id='line_1_114' title="bbox 1869 5040 3452 5113; baseline 0.001 -19"><span class='ocrx_word' id='word_1_860' title='bbox 1869 5040 2152 5098; x_wconf 82' lang='lat' dir='ltr'><strong>Romanos</strong></span> <span class='ocrx_word' id='word_1_861' title='bbox 2180 5058 2312 5098; x_wconf 90' lang='lat' dir='ltr'><strong>vero</strong></span> <span class='ocrx_word' id='word_1_862' title='bbox 2354 5043 2648 5098; x_wconf 86' lang='lat' dir='ltr'><strong>scribens:</strong></span> <span class='ocrx_word' id='word_1_863' title='bbox 2686 5042 2841 5109; x_wconf 78' lang='lat' dir='ltr'><strong>Quod</strong></span> <span class='ocrx_word' id='word_1_864' title='bbox 2881 5043 3021 5097; x_wconf 80' lang='lat' dir='ltr'><strong>enim</strong></span> <span class='ocrx_word' id='word_1_865' title='bbox 3041 5052 3159 5097; x_wconf 82' lang='lat' dir='ltr'><strong>erat</strong></span> <span class='ocrx_word' id='word_1_866' title='bbox 3198 5042 3452 5113; x_wconf 82' lang='lat' dir='ltr'><strong>impossi-</strong></span> 
     </span>
    </p>
   </div>
   <div class='ocr_carea' id='block_1_114' title="bbox 1870 5132 3454 5206">
    <p class='ocr_par' dir='ltr' id='par_1_114' title="bbox 1870 5132 3454 5206">
     <span class='ocr_line' id='line_1_115' title="bbox 1870 5132 3454 5206; baseline 0.001 -19"><span class='ocrx_word' id='word_1_867' title='bbox 1870 5133 1972 5188; x_wconf 83' lang='lat' dir='ltr'><strong>bile</strong></span> <span class='ocrx_word' id='word_1_868' title='bbox 2015 5134 2147 5204; x_wconf 85' lang='lat' dir='ltr'><strong>legi,</strong></span> <span class='ocrx_word' id='word_1_869' title='bbox 2195 5136 2252 5189; x_wconf 88' lang='lat' dir='ltr'><strong>in</strong></span> <span class='ocrx_word' id='word_1_870' title='bbox 2303 5151 2406 5206; x_wconf 85' lang='lat' dir='ltr'><strong>quo</strong></span> <span class='ocrx_word' id='word_1_871' title='bbox 2447 5133 2826 5203; x_wconf 79' lang='lat' dir='ltr'><strong>inﬁrmabatur</strong></span> <span class='ocrx_word' id='word_1_872' title='bbox 2878 5149 2971 5203; x_wconf 86' lang='lat' dir='ltr'><strong>per</strong></span> <span class='ocrx_word' id='word_1_873' title='bbox 3025 5150 3263 5200; x_wconf 80' lang='lat' dir='ltr'><strong>carnem,</strong></span> <span class='ocrx_word' id='word_1_874' title='bbox 3314 5132 3454 5189; x_wconf 76' lang='lat' dir='ltr'><strong>Deus</strong></span> 
     </span>
    </p>
   </div>
   <div class='ocr_carea' id='block_1_115' title="bbox 1871 5224 3456 5293">
    <p class='ocr_par' dir='ltr' id='par_1_115' title="bbox 1871 5224 3456 5293">
     <span class='ocr_line' id='line_1_116' title="bbox 1871 5224 3456 5293; baseline 0.001 -15"><span class='ocrx_word' id='word_1_875' title='bbox 1871 5224 2077 5279; x_wconf 84' lang='lat' dir='ltr'><strong>Filium</strong></span> <span class='ocrx_word' id='word_1_876' title='bbox 2108 5243 2264 5280; x_wconf 82' lang='lat' dir='ltr'><strong>suum</strong></span> <span class='ocrx_word' id='word_1_877' title='bbox 2313 5227 2527 5280; x_wconf 79' lang='lat' dir='ltr'><strong>mittens</strong></span> <span class='ocrx_word' id='word_1_878' title='bbox 2576 5226 2631 5280; x_wconf 84' lang='lat' dir='ltr'><strong>in</strong></span> <span class='ocrx_word' id='word_1_879' title='bbox 2673 5226 3026 5280; x_wconf 78' lang='lat' dir='ltr'><strong>similitudine</strong></span> <span class='ocrx_word' id='word_1_880' title='bbox 3064 5227 3264 5293; x_wconf 73' lang='lat' dir='ltr'><strong>carnis,</strong></span> <span class='ocrx_word' id='word_1_881' title='bbox 3309 5225 3456 5281; x_wconf 80' lang='lat' dir='ltr'><strong>etde</strong></span> 
     </span>
    </p>
   </div>
   <div class='ocr_carea' id='block_1_116' title="bbox 1871 5316 3455 5388">
    <p class='ocr_par' dir='ltr' id='par_1_116' title="bbox 1871 5316 3455 5388">
     <span class='ocr_line' id='line_1_117' title="bbox 1871 5316 3455 5388; baseline 0 -17"><span class='ocrx_word' id='word_1_882' title='bbox 1871 5328 2083 5386; x_wconf 84' lang='lat' dir='ltr'><strong>peccato</strong></span> <span class='ocrx_word' id='word_1_883' title='bbox 2110 5318 2474 5373; x_wconf 75' lang='lat' dir='ltr'><strong>condemnavit</strong></span> <span class='ocrx_word' id='word_1_884' title='bbox 2503 5327 2774 5388; x_wconf 85' lang='lat' dir='ltr'><strong>peccatum</strong></span> <span class='ocrx_word' id='word_1_885' title='bbox 2807 5320 2862 5371; x_wconf 86' lang='lat' dir='ltr'><strong>in</strong></span> <span class='ocrx_word' id='word_1_886' title='bbox 2895 5335 3054 5372; x_wconf 81' lang='lat' dir='ltr'><strong>came</strong></span> <span class='ocrx_word' id='word_1_887' title='bbox 3077 5319 3120 5372; x_wconf 88' lang='lat'><strong>&quot;.</strong></span> <span class='ocrx_word' id='word_1_888' title='bbox 3158 5318 3251 5373; x_wconf 88' lang='lat' dir='ltr'><strong>Sic</strong></span> <span class='ocrx_word' id='word_1_889' title='bbox 3284 5316 3455 5386; x_wconf 74' lang='lat' dir='ltr'><strong>igitur</strong></span> 
     </span>
    </p>
   </div>
   <div class='ocr_carea' id='block_1_117' title="bbox 1876 5407 3454 5480">
    <p class='ocr_par' dir='ltr' id='par_1_117' title="bbox 1876 5407 3454 5480">
     <span class='ocr_line' id='line_1_118' title="bbox 1876 5407 3454 5480; baseline 0.001 -18"><span class='ocrx_word' id='word_1_890' title='bbox 1876 5408 1983 5464; x_wconf 90' lang='lat' dir='ltr'><strong>hoc</strong></span> <span class='ocrx_word' id='word_1_891' title='bbox 2021 5410 2229 5480; x_wconf 88' lang='lat' dir='ltr'><strong>duplici</strong></span> <span class='ocrx_word' id='word_1_892' title='bbox 2280 5409 2598 5465; x_wconf 84' lang='lat' dir='ltr'><strong>testimonio</strong></span> <span class='ocrx_word' id='word_1_893' title='bbox 2623 5426 2691 5465; x_wconf 74' lang='lat' dir='ltr'><strong>ex</strong></span> <span class='ocrx_word' id='word_1_894' title='bbox 2737 5411 3007 5466; x_wconf 88' lang='lat' dir='ltr'><strong>ambabus</strong></span> <span class='ocrx_word' id='word_1_895' title='bbox 3052 5408 3315 5479; x_wconf 78' lang='lat' dir='ltr'><strong>Epistolis</strong></span> <span class='ocrx_word' id='word_1_896' title='bbox 3354 5407 3454 5463; x_wconf 87' lang='lat' dir='ltr'><strong>de-</strong></span> 
     </span>
    </p>
   </div>
   <div class='ocr_carea' id='block_1_118' title="bbox 1873 5498 3446 5571">
    <p class='ocr_par' dir='ltr' id='par_1_118' title="bbox 1873 5498 3446 5571">
     <span class='ocr_line' id='line_1_119' title="bbox 1873 5498 3446 5571; baseline -0.001 -17"><span class='ocrx_word' id='word_1_897' title='bbox 1873 5509 2147 5571; x_wconf 86' lang='lat' dir='ltr'><strong>prompto,</strong></span> <span class='ocrx_word' id='word_1_898' title='bbox 2184 5502 2253 5556; x_wconf 90' lang='lat' dir='ltr'><strong>ab</strong></span> <span class='ocrx_word' id='word_1_899' title='bbox 2293 5517 2556 5571; x_wconf 86' lang='lat' dir='ltr'><strong>corporea</strong></span> <span class='ocrx_word' id='word_1_900' title='bbox 2600 5513 2797 5558; x_wconf 87' lang='lat' dir='ltr'><strong>natura</strong></span> <span class='ocrx_word' id='word_1_901' title='bbox 2841 5499 3219 5557; x_wconf 86' lang='lat' dir='ltr'><strong>similitudinis</strong></span> <span class='ocrx_word' id='word_1_902' title='bbox 3268 5498 3446 5553; x_wconf 89' lang='lat' dir='ltr'><strong>notio—</strong></span> 
     </span>
    </p>
   </div>
   <div class='ocr_carea' id='block_1_119' title="bbox 1874 5587 3450 5663">
    <p class='ocr_par' dir='ltr' id='par_1_119' title="bbox 1874 5587 3450 5663">
     <span class='ocr_line' id='line_1_120' title="bbox 1874 5587 3450 5663; baseline -0.003 -16"><span class='ocrx_word' id='word_1_903' title='bbox 1874 5607 1999 5657; x_wconf 86' lang='lat' dir='ltr'><strong>nem</strong></span> <span class='ocrx_word' id='word_1_904' title='bbox 2061 5594 2118 5648; x_wconf 89' lang='lat' dir='ltr'><strong>in</strong></span> <span class='ocrx_word' id='word_1_905' title='bbox 2173 5593 2498 5663; x_wconf 86' lang='lat' dir='ltr'><strong>incorporeo</strong></span> <span class='ocrx_word' id='word_1_906' title='bbox 2546 5591 2711 5649; x_wconf 88' lang='lat' dir='ltr'><strong>Patre</strong></span> <span class='ocrx_word' id='word_1_907' title='bbox 2762 5591 3011 5662; x_wconf 87' lang='lat' dir='ltr'><strong>Filioque</strong></span> <span class='ocrx_word' id='word_1_908' title='bbox 3063 5587 3450 5659; x_wconf 85' lang='lat' dir='ltr'><strong>perdiscimus.</strong></span> 
     </span>
    </p>
   </div>
   <div class='ocr_carea' id='block_1_120' title="bbox 2236 5698 3456 5768">
    <p class='ocr_par' dir='ltr' id='par_1_120' title="bbox 2236 5698 3456 5768">
     <span class='ocr_line' id='line_1_121' title="bbox 2236 5698 3456 5768; baseline -0.004 -7"><span class='ocrx_word' id='word_1_909' title='bbox 2236 5707 2257 5738; x_wconf 71' lang='grc'><strong><em>⁵</em></strong></span> <span class='ocrx_word' id='word_1_910' title='bbox 2291 5703 2444 5761; x_wconf 82' lang='lat' dir='ltr'><strong>loan.</strong></span> <span class='ocrx_word' id='word_1_911' title='bbox 2479 5718 2614 5766; x_wconf 74' lang='lat' dir='ltr'><strong>.xtv,</strong></span> <span class='ocrx_word' id='word_1_912' title='bbox 2641 5703 2696 5759; x_wconf 88' lang='lat'><strong>9.</strong></span> <span class='ocrx_word' id='word_1_913' title='bbox 2799 5704 2821 5736; x_wconf 86' lang='grc'><strong><em>³</em></strong></span> <span class='ocrx_word' id='word_1_914' title='bbox 2853 5702 3042 5758; x_wconf 79' lang='lat' dir='ltr'><strong>Matth.</strong></span> <span class='ocrx_word' id='word_1_915' title='bbox 3105 5714 3296 5768; x_wconf 78' lang='lat' dir='ltr'><strong>xxvut,</strong></span> <span class='ocrx_word' id='word_1_916' title='bbox 3364 5698 3456 5756; x_wconf 71' lang='lat' dir='ltr'><strong>I9.</strong></span> 
     </span>
    </p>
   </div>
  </div>
