3988 6452
528 438 630 496 8⁸55

1935 437 1989 491 S.
2036 432 2380 489 EPIPI‘IANII

3677 441 3762 497 6'56

528 555 818 625 Siquidem
851 553 940 609 illa
979 553 1166 619 verba,
1209 552 1465 608 Formam
1492 556 1630 611 servi
1660 555 1943 624 accipiens,
1978 563 2028 608 et
2063 554 2117 606 in

2245 538 2324 607 ιὲν
2355 551 2486 624 γὰρ,
2521 550 2779 621 Μορφὴν
2791 551 3016 608 δούλου
3039 553 3259 609 λαϐὼν.
3290 553 3475 608 καὶέν
3490 556 3767 628 ὁμοιώματι

531 645 934 702 similitudinem
962 647 1238 703 hominum
1269 647 1466 716 factus,
1487 663 1710 703 carnem
1749 648 1901 701 illum
1938 662 1970 701 e
1995 644 2120 698 Vir-

529 741 656 811 gine
701 740 1012 810 sumpsisse
1074 739 1385 794 declarant.
1437 737 1805 804 Quamobrem
1856 739 1950 793 illa
2001 738 2120 808 ipsa

527 847 682 896 caro,
724 847 892 902 quam
926 831 1020 886 Dei
1053 831 1228 886 Filius
1262 831 1463 896 induit,
1497 832 1686 887 eadem
1730 841 1816 886 est
1860 847 1985 885 cum
2015 846 2124 884 ca:-

527 931 778 978 terorum
820 921 1106 978 hominum
1145 937 1350 977 carne:
1385 922 1454 977 ad
1490 922 1774 977 horninum
1818 937 1948 977 vero
1971 922 2124 976 simi-

528 1014 822 1070 litudinem
853 1029 980 1069 esse
1008 1013 1235 1080 dicitur,
1273 1015 1534 1085 quoniam
1561 1029 1672 1070 non
1703 1014 1845 1068 virili
1890 1023 2010 1070 satu
2055 1027 2122 1068 ac

531 1107 838 1164 concubitu
869 1107 1158 1162 hominum
1182 1122 1336 1162 more
1358 1115 1658 1179 prognatus
1686 1113 1792 1161 est.
1813 1104 1931 1160 Non
1959 1120 2123 1162 secus

533 1215 600 1254 ac
625 1195 803 1269 Filjus
838 1213 966 1254 eum
1003 1199 1234 1269 spiritus
1279 1200 1352 1255 sit
1388 1237 1406 1264 ,
1480 1209 1535 1255 et
1589 1198 1814 1268 spiritus
1864 1213 1894 1252 a
1959 1197 2124 1255 Patre

535 1291 781 1363 genitus,
826 1299 1104 1363 quatenus
1142 1294 1372 1363 spiritus
1401 1307 1432 1346 a
1469 1292 1666 1363 spiritu
1705 1290 1930 1357 prodiit,
1979 1289 2126 1345 idem

534 1391 623 1439 est
656 1398 784 1438 eum
833 1384 950 1448 illo,
985 1385 1127 1438 sicut
1154 1393 1432 1454 quatenus
1471 1397 1605 1438 caro
1646 1399 1710 1438 ex
1744 1398 1911 1438 carne
1947 1380 2127 1437 factus

536 1482 647 1538 est,
692 1473 862 1528 Maria
903 1473 1184 1535 videlicet.
1234 1474 1378 1530 idem
1422 1485 1507 1529 est
1541 1491 1667 1530 cum
1719 1491 1907 1530 carne.
1951 1472 2128 1529 Porro

535 1571 810 1630 quatenus
841 1562 963 1618 sine
996 1561 1292 1634 proﬂuvio,
1323 1564 1583 1632 passione
1611 1579 1678 1619 ac
1709 1564 1981 1620 divisione
2018 1565 2128 1619 ulla

536 1665 571 1705 a
599 1650 762 1708 Patre
794 1653 1016 1724 genitus
1054 1662 1162 1721 est,
1203 1653 1384 1709 Patris
1422 1663 1508 1712 est
1547 1656 1784 1722 similis;
1839 1671 1943 1712 nec
1983 1654 2129 1712 idem

535 1757 664 1798 cum
686 1759 777 1810 eo,
819 1747 901 1801 sic
949 1753 1005 1802 et
1038 1745 1217 1802 Filius
1261 1747 1569 1803 secundum
1599 1763 1848 1814 carnem,
1877 1748 1946 1802 ad
1977 1749 2131 1804 simi-

539 1834 822 1892 litudinem
854 1838 1129 1894 hominum
1154 1839 1333 1909 factus
1352 1851 1448 1909 cst,
1479 1857 1582 1897 nec
1610 1849 1696 1898 est
1728 1841 1872 1897 idem
1905 1843 2130 1898 omnino

539 1939 669 1980 cum
705 1926 953 1984 homine.

613 2013 806 2072 XVIII.
836 2016 1007 2090 Igitur
1037 2021 1092 2076 in
1123 2021 1369 2093 Epistola
1403 2023 1470 2078 ad
1501 2023 1884 2095 Philippenscs
1911 2024 2014 2079 hoc
2039 2025 2131 2080 ille

541 2121 649 2163 nos
678 2106 889 2172 docuit,
923 2112 1201 2180 quomodo
1228 2112 1352 2168 Filii
1386 2114 1700 2186 hypostasis
1741 2113 1920 2171 Patris
1958 2115 2130 2186 hypo-

543 2198 682 2252 stasi
713 2199 786 2252 sit
814 2199 1044 2268 similis;
1076 2200 1320 2273 Spiritus
1344 2206 1489 2259 enim
1515 2218 1545 2256 a
1568 2203 1733 2260 Patre
1757 2205 2126 2276 progreditur.

542 2287 728 2356 Quare
770 2291 815 2346 si
845 2292 1091 2363 spiritus
1143 2296 1424 2353 notionem
1475 2299 1819 2364 consideres,
1861 2301 2005 2357 idem
2047 2313 2132 2358 est

542 2398 671 2440 cum
725 2385 910 2450 Patre,
949 2389 1180 2460 perinde
1233 2406 1298 2448 ac
1328 2393 1517 2450 carnis
1571 2394 1724 2450 illum
1779 2396 1935 2451 notio
1986 2396 2131 2452 idem

543 2488 674 2529 eum
731 2475 954 2533 homine
997 2480 1308 2537 constituit.
1357 2480 1476 2539 Non
1531 2482 1672 2540 idem
1718 2499 1852 2540 vero
1898 2492 2004 2548 est,
2037 2485 2132 2542 sed

544 2563 744 2622 similis
773 2566 1065 2634 duntaxat,
1092 2578 1369 2641 quatenus
1403 2573 1637 2643 spiritus
1686 2575 1797 2641 ille,
1825 2576 1916 2646 qui
1962 2573 2133 2634 Filius

547 2665 656 2723 est,
689 2672 798 2713 non
830 2667 915 2714 est
943 2658 1128 2718 Pater.
1165 2660 1228 2715 Et
1268 2663 1360 2717 illa
1383 2679 1538 2729 caro,
1561 2680 1726 2735 quam
1761 2667 1866 2722 sibi
1893 2666 2132 2724 Verbum

547 2749 824 2818 adiunxit,
844 2767 954 2806 non
974 2768 1006 2808 e
1030 2754 1176 2808 virili
1205 2765 1330 2811 satu
1353 2771 1417 2811 ac
1440 2757 1719 2828 voluptate
1744 2760 2132 2830 proﬁciscitur,

549 2840 646 2896 sed
668 2856 735 2896 eo
759 2844 942 2910 modo,
972 2848 1064 2915 qui
1094 2846 1152 2902 in
1187 2845 1484 2920 Evangelia
1512 2850 1809 2908 tradituri.
1845 2852 1940 2908 llis
1974 2855 2140 2924 igitur

551 2933 836 2999 omnibus,
865 2943 925 2990 ut
971 2945 1134 2994 antea
1172 2938 1383 2994 dictum
1414 2952 1520 3007 est,
1553 2944 2015 3013 quemadmodum
2045 2945 2141 3000 Fi-

553 3019 690 3084 lius.
724 3033 999 3093 quatenus
1026 3037 1110 3084 est
1146 3043 1213 3084 ac
1244 3030 1502 3086 subsistit
1537 3031 1674 3103 ipse,
1703 3033 1851 3089 Patri
1876 3035 1930 3089 in
1959 3037 2142 3091 omni-

553 3109 660 3167 bus
691 3113 764 3168 sit
799 3114 1019 3182 similis,
1054 3116 1230 3175 Filius
1261 3134 1364 3176 nos
1401 3119 1642 3176 edocuit.
1670 3123 2139 3188 Quemadmodum

2227 645 2554 714 ἀνθρώπων
2579 645 2923 714 γενόμενος,
2954 645 3238 711 δείκνυσιν,
3274 647 3434 701 ὃτιὲκ
3461 649 3556 718 τῆς
3584 652 3768 721 [Inpol-

2223 755 2317 792 νου
2360 738 2540 809 σάρκα
2567 737 2849 791 ἀνέλαϐεν.
2892 738 3101 792 Οὐκοῦν
3139 740 3173 810 ὴ
3205 739 3363 810 σὰρξ,
3391 740 3458 811 ῆν
3493 741 3770 800 ἁνέλαΰενό

2226 830 2357 894 Tib;
2389 830 2484 884 τοῦ
2530 829 2690 894 Θεοῦ,
2741 830 2880 902 αὑτὴ
2913 831 3010 901 μὲν
3033 831 3149 884 ἔστι
3176 834 3242 902 τῇ
3273 833 3439 904 σαρκὶ
3469 833 3575 886 τῶν
3595 833 3772 904 ἀνθρώ-

2228 941 2365 978 πων.
2413 924 2501 977 Ἐν
2532 921 2842 994 ὁμοιώματι
2873 924 2932 976 δὲ
2964 923 3266 994 ἀνθρώπων
3294 925 3465 986 ἐστὶν,
3499 926 3668 999 ἐπειδὴ
3693 930 3774 984 οὐκ

2225 1019 2290 1071 ὲκ
2321 1019 2532 1090 σπορᾶς
2555 1019 2630 1082 ὡς
2661 1017 2958 1092 ἄνθρωποι,
2983 1018 3102 1071 οὐδὲ
3127 1020 3190 1070 ἐκ
3224 1017 3410 1084 κοίτης
3442 1018 3624 1089 ἀνδρὸς
3653 1021 3774 1088 ὲγεν-

2226 1107 2388 1180 νήθη.
2407 1110 2494 1172 Ὡς
2527 1109 2672 1163 κατὰ
2693 1109 2784 1162 τὸν
2817 1110 2999 1178 ὅμοιον
3019 1109 3238 1180 τρόπον,
3264 1111 3361 1162 καὶ
3397 1111 3424 1162 6
3441 1110 3564 1174 Υἱὸς
3593 1111 3774 1184 πνεῦμα

2227 1202 2326 1266 ὢν,
2359 1202 2453 1257 καὶ
2478 1205 2542 1256 ἐκ
2569 1201 2665 1256 τοῦ
2703 1202 2917 1274 Πατρδς
2960 1201 3174 1273 πνεῦμα
3207 1201 3512 1274 γεννηθεὶς,
3546 1204 3676 1257 κατὰ
3697 1206 3774 1276 μὲν

2228 1295 2288 1348 τὸ
2317 1294 2535 1365 πνεῦμα
2554 1297 2619 1348 ὲκ
2651 1293 2962 1364 πνεύματος
2994 1291 3152 1356 εἶναι,
3177 1295 3240 1348 τὸ
3261 1295 3396 1349 αὑτό
3424 1297 3588 1361 ἐστιν,
3621 1296 3776 1369 ὥσπερ

2232 1385 2338 1458 (τὸ)
2363 1386 2506 1440 κατὰ
2527 1387 2589 1440 τὸ
2619 1386 2756 1458 σὰρξ
2795 1387 2860 1439 ὲκ
2891 1387 3093 1458 σαρκὸς
3115 1383 3368 1458 εἷναιτῆς
3394 1388 3635 1458 Μαρίας·
3665 1390 3776 1442 κατὰ

2229 1478 2288 1532 δὲ
2328 1478 2390 1530 τὸ
2440 1479 2567 1534 ἄνευ
2625 1477 2924 1549 ἀποῤῥοίας
2953 1478 3047 1532 καὶ
3077 1477 3285 1541 πάθους
3314 1478 3415 1531 καὶ
3449 1478 3699 1548 μερισμοῦ
3729 1479 3778 1533 ὲκ

2230 1569 2325 1624 τοῦ
2371 1569 2583 1641 Harpe;
2610 1568 2957 1640 γεννηθῆναι,
2999 1568 3183 1638 ὅμοιός
3225 1570 3342 1622 ἐστι
3375 1568 3456 1638 τῷ
3485 1570 3671 1640 Πατρί·
3706 1572 3778 1624 καὶ

2231 1661 2333 1714 οὐκ
2361 1661 2524 1723 αὐτὸς
2547 1661 2577 1713 6
2605 1658 2746 1713 κατὰ
2774 1660 2950 1732 σάρκα
2977 1659 3128 1721 Υἱὸς,
3155 1659 3227 1712 ἐν
3250 1658 3572 1729 ὁμοιώματι
3592 1660 3776 1730 ἀνθρώ-

2233 1769 2364 1807 πων
2385 1751 2540 1818 ἐστὶ,
2576 1751 2672 1806 καὶ
2697 1751 2796 1805 οὐκ
2825 1751 2959 1805 αὐτὸ
2989 1752 3130 1806 κατὰ
3159 1751 3338 1806 πάντα
3373 1751 3666 1824 ἄνθρωπος.

2303 2014 2410 2068 IH'.
2451 2013 2660 2070 Οὐκοῦν
2678 2013 2765 2069 διὰ
2793 2015 2892 2086 τῆς
2911 2015 3049 2086 πρὸς
3073 2015 3474 2088 ⁴1>ιλιιτπησίους
3508 2016 3781 2088 ’Ἐπιστολῆς

2231 2107 2471 2175 ἐδίδαξεν
2516 2109 2689 2180 ἡμᾶς,
2742 2108 2862 2172 πῶς
2920 2111 2954 2180 ἡ
3003 2108 3304 2174 ὑπόστασις
3347 2108 3444 2162 τοῦ
3485 2109 3605 2163 Υἱοῦ
3651 2110 3781 2181 ὁμοία

2232 2201 2350 2254 ἐστὶ
2381 2203 2445 2272 τῇ
2471 2200 2770 2255 ὑποστάσει
2807 2199 2901 2253 τοῦ
2942 2198 3176 2270 Πατρός·
3227 2197 3450 2271 πνεῦμα
3482 2199 3586 2271 γὰρ
3613 2202 3670 2252 ὲκ
3693 2202 3782 2252 Πα-

2230 2291 2378 2362 τρός,
2410 2293 2522 2346 Καὶ
2578 2290 2720 2345 κατὰ
2769 2289 2868 2362 μὲν
2895 2289 2996 2361 τὴν
3024 2288 3118 2342 τοῦ
3157 2289 3377 2361 [ἰατρὸς
3409 2289 3433 2321 ⁸
3462 2289 3658 2344 ἔννοιαν
3681 2309 3781 2344 ταυ-

2231 2386 2345 2461 τὸν,
2374 2385 2450 2449 ὡς
2473 2384 2615 2438 κατὰ
2636 2385 2735 2455 τὴν
2761 2384 2862 2454 τῆς
2887 2383 3086 2456 σαρκὸς
3107 2383 3322 2438 ἔννοιαν
3345 2384 3562 2440 ταυτόν.
3590 2384 3658 2437 Οὐ
3679 2401 3781 2437 ταυ-

2233 2479 2324 2533 τὸν
2341 2479 2418 2542 δὲ,
2453 2477 2565 2532 ἀλλ’
2603 2478 2812 2548 ὅμοιον,
2844 2475 2982 2529 διότι
3005 2475 3066 2528 τὸ
3100 2474 3323 2546 πνεῦμα
3362 2477 3392 2530 ὅ
3429 2477 3572 2528 ἐστιν
3598 2478 3624 2530 ό
3653 2476 3778 2541 Υἱὸς,

2219 2557 2336 2626 ὀὐκ
2372 2571 2521 2624 εστιν
2549 2571 2578 2622 ὁ
2609 2569 2821 2640 Πατήρ.
2852 2568 2962 2622 Καὶ
2985 2569 3020 2638 ἡ
3051 2566 3187 2638 σὰρξ
3203 2567 3272 2636 ἢν
3297 2567 3519 2637 ὁΔόγος
3541 2567 3779 2631 ἀνέλασεν,

2236 2667 2336 2720 οὐκ
2366 2664 2514 2718 ἐστιν
2564 2665 2630 2716 ὲκ
2663 2662 2979 2732 σπέρματος
3015 2660 3111 2714 καὶ
3137 2660 3369 2731 ἡδονῆςο
3400 2660 3516 2714 ἀλλ’
3545 2660 3698 2724 οὕτως
3723 2659 3781 2725 ὡς

2236 2759 2298 2812 τὸ
2333 2754 2658 2826 [εὐαγγέλιον
2697 2755 2843 2825 ἡμᾶς
2879 2751 3106 2816 ὶδίδαξε.
3128 2751 3227 2806 Διὰ
3260 2752 3366 2824 μὲν
3391 2753 3456 2824 δὴ
3493 2752 3699 2816 τούτων,
3724 2753 3781 2814 ὡς

2239 2851 2585 2922 προείρηται,
2631 2847 2749 2910 πῶς
2792 2845 2822 2900 6
2864 2845 2993 2909 Υἱὸς
3025 2843 3170 2900 κατὰ
3203 2845 3266 2898 τὸ
3297 2843 3449 2898 εἶναι
3490 2843 3688 2910 ἑαυτοῦ,
3713 2843 3782 2896 καὶ

2241 2944 2385 2998 κατὰ
2429 2942 2491 2996 τὸ
2546 2938 2795 3010 ὑφεστὼς
2835 2933 2976 2992 εἶναι
3013 2936 3230 3004 ἑαυτοῦ,
3285 2937 3482 3008 ὅμοιός
3527 2937 3638 2990 ἐστι
3676 2934 3783 2990 κατὰ

2245 3036 2425 3090 πάντα
2456 3033 2534 3105 τῷ
2585 3032 2784 3103 Πατρὶ,
2817 3032 2846 3085 6
2879 3029 3008 3094 Υἱὸς
3059 3029 3382 3084 ἐπαίδευσεν
3410 3031 3555 3102 ἡμᾶς
3579 3046 3592 3058 ’
3628 3025 3784 3092 πῶςᾶ

2243 3129 2427 3202 ὅμοιός
2480 3128 2598 3181 ἐστι
2654 3124 2798 3180 κατὰ
2827 3123 2926 3195 τὴν
2975 3121 3226 3195 βούλησιν
3270 3124 3372 3177 καὶ
3405 3123 3504 3194 τὴν
3533 3121 3784 3192 ἐνέργειαν,

554 3217 691 3260 vero
724 3206 1008 3266 voluntate
1052 3218 1106 3266 et
1135 3212 1356 3268 actione
1401 3216 1772 3286 operibusque
1808 3217 1879 3272 sit
1920 3219 2142 3285 similis,

2250 3223 2344 3278 nul.
2375 3219 2444 3274 τὰ
2469 3219 2839 3290 ἐνεργήματα,
2867 3215 2956 3269 διὰ
2985 3215 3084 3286 τῆς
3109 3216 3246 3285 πρὸς
3278 3215 3604 3286 Ῥωμαίους,
3628 3213 3708 3283 ἀφ’
3732 3204 3788 3265 ὧν

555 3311 628 3354 ex
657 3297 901 3370 Epistola
931 3302 1000 3358 ad
1031 3302 1314 3362 Romanos
1349 3306 1669 3372 didicimus,
1703 3309 1796 3366 ubi
1838 3310 1930 3366 ille
1961 3311 2100 3366 dixit
2127 3331 2142 3368 :

557 3385 632 3448 In
675 3393 1024 3451 similitudine
1065 3397 1231 3469 865
1285 3401 1467 3454 carnis
1519 3403 1722 3470 peccati
1779 3403 2149 3458 condemnavit

555 3492 834 3554 peccatum
857 3486 912 3539 in
943 3491 1162 3544 carne'.
1186 3487 1320 3544 Nam
1352 3491 1445 3544 illa
1480 3506 1629 3560 caro,
1661 3508 1824 3564 quam
1848 3493 1945 3550 Dei
1974 3494 2151 3552 Filius

560 3568 765 3640 induit,
803 3575 932 3629 licet
985 3576 1176 3632 eadem
1233 3587 1383 3634 esset
1436 3595 1564 3635 cum
1611 3596 1781 3636 carne
1817 3584 2052 3654 peccati,
2096 3590 2152 3638 et

560 3665 756 3720 eodem
801 3668 967 3722 modo
1023 3669 1093 3723 ad
1146 3669 1380 3738 famem,
1444 3674 1592 3728 sitim
1654 3681 1820 3744 atque
1873 3689 2150 3741 somnum,

563 3770 681 3828 quo
731 3757 944 3828 reliqua
976 3774 1109 3814 caro
1158 3763 1340 3817 omnis
1389 3763 1784 3832 impelleretur,
1833 3764 1922 3820 his
1969 3771 2154 3820 tamen

567 3849 832 3905 omnibus
856 3865 1206 3921 nequaquam
1237 3852 1307 3908 ad
1339 3863 1564 3924 peccata
1591 3856 1995 3911 concitabatur.
2020 3855 2154 3911 Pro-

569 3948 760 4012 pterea
799 3940 940 3996 dixit
977 3942 1300 4012 Apostolus,
1339 3944 1405 3999 In
1443 3946 1798 4001 similitudine
1826 3948 2007 4002 carnis
2038 3963 2158 4016 pec-

571 4034 716 4101 cati,
767 4031 915 4103 quod
972 4033 1163 4088 eodem
1217 4048 1343 4090 cum
1396 4035 1491 4090 illo
1533 4037 1771 4092 recidit:
1823 4039 2159 4110 Qumcunque

570 4126 716 4180 enim
761 4125 928 4180 Pater
971 4125 1128 4197 facit,
1178 4127 1294 4182 lucc-
1331 4137 1382 4182 et
1431 4127 1609 4182 Filius
1657 4129 1906 4184 similiter
1951 4130 2157 4200 facit'.

571 4217 712 4276 Nam
746 4217 914 4274 Pater
952 4235 1076 4274 cum
1121 4219 1194 4274 sit
1243 4219 1508 4290 spiritus,
1557 4229 1819 4293 tanquam
1867 4222 2160 4293 principali

575 4313 742 4368 modo
773 4311 930 4377 facit,
952 4310 1128 4368 Filius
1153 4327 1284 4367 vero
1307 4313 1399 4382 qui
1425 4322 1480 4369 et
1509 4314 1628 4384 ipse
1653 4315 1884 4385 spiritus
1915 4325 2021 4382 est,
2049 4332 2161 4372 non

572 4405 870 4477 principali
912 4407 1098 4470 modo,
1147 4405 1296 4461 velut
1332 4405 1514 4471 Pater,
1561 4406 1658 4469 sed
1705 4407 1960 4463 similiter
2006 4407 2158 4466 iacit.

571 4494 847 4564 Quocirca
877 4495 924 4552 si
959 4511 1182 4552 carnem
1209 4486 1470 4570 utrinque
1489 4509 1704 4569 spectes
1723 4542 1737 4566 ,
1763 4499 1904 4555 idem
1927 4510 2010 4556 est
2034 4515 2162 4555 cum

2251 3317 2467 3391 εἴρηκεν
2482 3325 2498 3343 ⁸
2535 3313 2631 3364 Ἐν
2641 3308 2956 3381 ὁμοιώματι
2969 3307 3198 3376 σαρκὸς
3217 3309 3513 3376 ἁμαρτίας
3533 3304 3790 3372 κατέκρινα

2249 3407 2366 3475 τὴν
2386 3405 2679 3476 ἁμαρτίαν
2701 3400 2859 3470 sna
2880 3401 3082 3471 σαρκί.
3130 3400 3193 3452 Ἦ
3217 3397 3327 3470 γὰρ
3353 3399 3491 3470 αὕτη
3519 3396 3643 3468 σὰρξ
3667 3391 3788 3459 οὖσα,

2251 3499 2320 3568 ἢν
2373 3494 2638 3550 ἀνέλαϐεν
2669 3496 2698 3547 ὁ
2728 3493 2855 3555 Υἱὸς
2885 3490 2981 3545 τοῦ
3022 3489 3181 3554 Θεοῦ,
3224 3493 3292 3561 τῇ
3352 3490 3618 3561 ἁμαρτίας
3642 3485 3788 3557 σαρκὶ,

2254 3588 2350 3643 καὶ⁹
2400 3586 2598 3658 ὁμοίιος
2641 3583 2934 3655 κινουμένη
2976 3581 3118 3654 πρὸς
3164 3583 3380 3646 πεῖναν,
3418 3581 3512 3636 καὶ
3535 3580 3697 3650 δίψαν,
3720 3574 3792 3630 καὶ

2257 3681 2446 3744 ὕπνον,
2474 3678 2552 3742 ὠς
2597 3680 2749 3732 πᾶσα
2789 3676 2945 3747 σὰρξ,
2985 3677 3050 3728 ὲκ
3087 3673 3293 3728 τούτων
3316 3671 3692 3746 ἁμαρτητικῶς
3716 3667 3792 3721 οὐκ

2257 3774 2507 3826 ἐκινεῖτο.
2531 3769 2622 3823 Διὸ
2651 3770 2895 3840 εἴρηταιο
2916 3767 3020 3821 Ἑν
3042 3765 3365 3836 ὁμοιώματι
3401 3762 3621 3833 σαρκὸς
3649 3761 3794 3830 ἁμαρ

2257 3864 2410 3928 τίας,
2471 3862 2608 3932 ὅπερ
2659 3859 2843 3931 ὅμοιόν
2871 3859 2988 3910 ἐστι
3021 3855 3100 3926 τῷ
3120 3897 3136 3923 ,
3165 3855 3357 3924 Ἀπερ
3383 3853 3495 3926 γὰρ
3533 3855 3566 3907 ὁ
3611 3846 3791 3932 Πατὴρ.

2258 3953 2450 4008 ταῦτα
2477 3931 2585 4005 καί
2621 3953 2654 4004 ὁ
2721 3947 2854 4014 Υἱὸς
2893 3945 3110 4016 ὁμοίως
3164 3943 3341 3999 ποιεῖ.
3401 3943 3462 3997 '0
3501 3940 3603 4012 γὰρ
3645 3931 3794 4002 Πατὴρ

2261 4043 2482 4114 πνεῦμα
2532 4041 2630 4106 ὢν,
2680 4036 3015 4100 αὑθεντικῶς
3067 4038 3232 4090 ποιεῖ.
3275 4035 3335 4088 '0
3373 4035 3432 4089 δὲ
3485 4024 3794 4114 Υἱὸςπνεῦμα

2261 4135 2360 4203 ὢν,
2405 4112 2505 4187 οὐκ
2554 4129 2889 4193 αὑθεντικῶς
2950 4129 3115 4191 ποιεῖ,
3176 4127 3254 4190 ὡς
3329 4127 3360 4179 6
3428 4122 3637 4194 Πατὴρ,
3707 4112 3794 4170 ἀλλ’

2261 4227 2485 4300 ὁμοίως.
2537 4222 2748 4278 Οὐκοῦν
2799 4221 2934 4276 καθὸ
2985 4219 3085 4291 μὲν
3115 4217 3254 4290 σὰρξ
3297 4217 3396 4271 καὶ
3444 4213 3595 4288 σὰρξ,
3621 4206 3793 4300 ταυτὸν,

2263 4297 2455 4389 ὥσπερ
2499 4313 2638 4369 καθὸ
2681 4312 2902 4383 πνεῦμα
2943 4311 3039 4365 καὶ
3091 4309 3340 4381 πνεῦμα,
3379 4300 3731 4362 ταυτόνοκαθὺ
3754 4297 3794 4349 δὲ

2265 4410 2392 4465 ἄνευ
2418 4407 2648 4476 σπορᾶς,
2678 4404 2740 4458 οὐ
2763 4402 2981 4466 ταυτὸν,
2998 4400 3112 4455 ἀλλ’
3129 4402 3336 4471 ὅμοιον·
3363 4399 3550 4468 ὥσπερ
3569 4393 3684 4448 καθὸ
3697 4389 3794 4444 ἄνευ

2269 4500 2576 4572 ἀπορροίας
2606 4499 2702 4552 καὶ
2733 4494 3155 4560 πάθουςὸΥἱδς,
3182 4493 3244 4546 οὐ
3271 4493 3486 4558 ταυτὸν,
3507 4488 3614 4543 ἀλλ’
3632 4488 3791 4572 ὅμοιον.

577 4587 896 4645 hominibus
941 4589 1220 4673 Christus,
1282 4607 1444 4662 quem
1479 4590 1772 4646 admodum
1812 4591 1860 4648 si
1909 4591 2142 4663 spiritun

2277 4589 2566 4668 [Καὶκαθὸ
2593 4589 2694 4661 μὲν
2726 4588 2864 4660 σὰρξ
2890 4587 2984 4640 καὶ
3007 4585 3162 4657 σὰρξ,
3181 4585 3398 4650 ταυτὸν,
3416 4585 3491 4647 ὡς
3522 4579 3643 4635 καθὸ
3666 4571 3794 4630 πνεῦο

576 4681 836 4753 utrinque
857 4689 1092 4752 spectes,
1111 4684 1252 4739 idem
1289 4689 1374 4739 est
1397 4698 1520 4738 cum
1541 4681 1721 4737 Patre.
1749 4681 1778 4736 J
1784 4700 1867 4738 am
1893 4692 2166 4754 quatenus

579 4773 700 4830 sine
726 4774 938 4830 semine
963 4775 1181 4845 genitus
1201 4783 1306 4839 εει,
1333 4791 1442 4830 non
1493 4775 1635 4829 idem
1668 4785 1774 4838 est,
1803 4774 1898 4830 sed
1931 4776 2163 4843 similis;

579 4866 812 4934 perinde
861 4875 1026 4938 atque
1072 4876 1348 4938 quatenus
1401 4866 1522 4922 sine
1584 4866 1852 4937 proﬂuvio
1907 4868 2041 4934 ullo,
2101 4881 2167 4922 ac

580 4957 842 5025 passione
882 4961 1153 5030 processit
1178 4958 1368 5028 Filius,
1414 4976 1523 5015 non
1559 4961 1700 5016 idem
1733 4970 1841 5024 est,
1874 4960 1971 5016 sed
2009 4961 2164 5015 simi-

585 5051 674 5106 lis.
705 5051 985 5117 Quatenus
1007 5071 1138 5111 vero
1162 5056 1217 5110 in
1248 5055 1601 5111 similitudine
1629 5064 1703 5109 est
1725 5055 1900 5110 carnis
1942 5056 2165 5123 peccati,

585 5157 699 5196 non
736 5143 878 5197 idem
922 5153 1006 5200 est
1046 5161 1172 5201 cum
1217 5148 1402 5202 carnis
1439 5146 1923 5211 commotionibus,
1961 5145 2056 5201 sed
2093 5147 2168 5201 si-

538 5265 555 5279 -
585 5235 756 5290 milis.
779 5233 898 5288 Non
939 5237 1092 5292 aliter
1123 5245 1285 5307 atque
1305 5240 1448 5295 idem
1478 5240 1572 5310 qui
1603 5239 1992 5294 eommotionis
2050 5239 2200 5293 illius
2236 5237 2657 5294 similitudinem
2715 5235 2918 5298 habet,

2279 4704 2358 4759 μα
2371 4686 2468 4740 καὶ
2488 4683 2624 4744 τενεῦ
2634 4701 2732 4753 μα,
2751 4681 2946 4736 ταυτόν
2961 4679 3002 4753 ο]
3033 4680 3168 4734 καθὸ
3193 4681 3250 4734 δὲ
3279 4681 3350 4734 ἐν
3373 4675 3667 4749 ὁμοιώματι
3684 4683 3795 4759 cap:

2275 4756 2382 4844 κὸς
2426 4776 2736 4846 ἁμαρτίας,
2769 4774 2955 4843 ὅμοιος
2980 4775 3095 4836 τοῖς
3135 4772 3337 4845 σαρκὸς
3364 4772 3631 4842 κινήμασι,
3653 4762 3729 4818 καὶ
3747 4756 3793 4810 οὐ

2273 4870 2491 4926 ταυτὸν.
2529 4868 2742 4938 ’Ὠσπερ
2769 4859 2863 4918 οὖν
2910 4866 2968 4917 ὲν
3009 4864 3315 4935 ὁμοιώματι
3355 4865 3608 4934 κινήσεως
3636 4851 3793 4911 όΥἱόςο

2273 4960 2644 5033 ὑπουργικῖικ,
2673 4961 2768 5012 καὶ
2795 4959 2856 5012 οὐ
2894 4957 3112 5021 ταυτὸν,
3139 4956 3212 5020 ὡς
3242 4959 3270 5010 6
3295 4955 3482 5026 Πατὴρ
3501 4942 3791 5006 αὐθεντικῶςο

2278 5057 2347 5107 Ἀ
2377 5053 2485 5125 γὰρ
2507 5055 2535 5106 ὁ
2566 5052 2757 5122 Πατὴρ
2785 5052 2948 5112 ποιεῖ,
2992 5049 3168 5103 ταῦτα
3206 5049 3300 5102 καὶ
3326 5047 3355 5100 6
3382 5047 3526 5109 Υἱὸς,
3553 5043 3639 5110 οὐχ
3661 5035 3792 5092 οὕτως

2276 5145 2438 5208 αὐτὸς
2467 5146 2626 5209 ποιεῖ,
2657 5143 2772 5196 ἀλλ’
2793 5142 3014 5213 ὁμοίως.

2999 5233 3173 5288 Filius
3232 5225 3646 5287 administrando
3696 5233 3788 5274 cum

523 5329 571 5377 ν.)
591 5327 749 5382 Patre
784 5327 965 5384 facere
1011 5329 1234 5395 dicitur,
1267 5349 1375 5388 non
1423 5335 1566 5389 idem
1606 5350 1728 5390 esse
1783 5351 1906 5389 cum
1950 5335 2065 5399 illo,
2121 5341 2215 5387 aut
2273 5333 2563 5405 principali
2624 5332 2786 5386 modo
2849 5330 3048 5385 facere.
3111 5328 3245 5383 Nam
3301 5339 3619 5398 quascunque
3665 5316 3791 5372 Pam

591 5418 741 5483 facit,
783 5416 972 5472 eadem
1005 5426 1058 5472 et
1080 5417 1274 5482 Filius,
1311 5437 1420 5476 non
1457 5424 1646 5478 eodem
1681 5432 1861 5478 tamen
1906 5423 2088 5489 modo,
2122 5423 2219 5478 sed
2260 5423 2515 5480 similiter
2547 5421 2699 5476 facit.

660 5509 741 5562 Ex
769 5509 855 5563 bis
885 5523 1013 5563 vero
1041 5510 1298 5564 omnibus
1337 5514 1680 5582 perspicuum
1716 5525 1823 5580 est,
1871 5515 2068 5570 Filium
2117 5515 2172 5568 in

2351 5517 2461 5570 Καὶ
2508 5515 2740 5585 φανερὸν
2781 5517 2845 5568 ὲκ
2879 5513 3106 5580 τούτων,
3154 5514 3236 5566 ὅτι
3281 5512 3418 5566 κατὰ
3458 5509 3617 5562 πάντα
3643 5503 3666 5554 ὁ
3694 5499 3789 5559 Υἱὸς

595 5601 849 5656 omnibus
879 5601 1057 5659 Patris
1081 5618 1204 5659 esse
1233 5605 1486 5670 similem,
1521 5609 1977 5677 quemadmodum
2004 5608 2142 5662 Filiu

2276 5607 2461 5677 ὅμοιός
2490 5609 2605 5659 ἐστι
2633 5605 2710 5676 τῷ
2735 5605 2932 5675 “arpi,
2962 5604 3037 5668 ὡς
3067 5607 3095 5657 ὁ
3126 5603 3250 5666 Υἱὸς
3277 5602 3445 5672 Πατρὶ
3465 5599 3519 5664 ἐξ
3538 5593 3676 5651 αὐτοῦ
3696 5605 3791 5657 TW}-

600 5682 773 5744 Patris
797 5704 918 5746 esse
943 5691 1140 5748 similis
1169 5693 1349 5762 debet,
1385 5710 1415 5749 a
1442 5711 1550 5765 quo
1582 5698 1797 5767 proprie
1825 5709 1910 5752 est
1945 5715 2007 5752 ac
2040 5700 2174 5768 legi-

673 5835 689 5868 ’
722 5836 854 5893 Luc.
895 5856 936 5908 I,
969 5841 1061 5896 35.
1136 5846 1155 5875 ¹
1177 5842 1333 5902 Rom.
1368 5863 1488 5916 vni,
1512 5849 1562 5903 5.

2281 5699 2413 5762 cite;
2467 5698 2878 5770 γεγεννημένος.
2929 5697 3050 5751 Τῶν
3089 5695 3196 5770 γὰρ
3239 5695 3448 5748 ἀτόπων
3497 5688 3646 5753 ἐστὶν,
3692 5678 3788 5736 Υξὺν

1641 5851 1660 5881 ³
1699 5849 1857 5904 Joan.
1892 5866 1944 5922 ν,
1977 5851 2064 5906 19.
2143 5851 2162 5884 ⁸
2187 5851 2246 5906 F.
2279 5851 2617 5924 [Ινεύματος.
