3988 6424
258 295 366 355 45⁸7

254 513 390 567 τιν-τα
421 513 554 567 Θεὸν
587 514 652 568 ἐκ
673 513 807 569 Θεοῦ
835 515 930 570 τοῦ
973 518 1209 589 Πατρὸς,
1251 519 1340 574 ὅτε
1369 522 1520 593 παρὰ
1552 523 1712 592 φύσιν
1740 527 1838 596 μὲν

256 601 458 658 ἑαυτοῦ
494 604 558 656 ὲκ
597 604 816 676 Μαρίας
861 606 1083 675 γέγονεν
1116 609 1418 682 ἄνθρωπος,
1443 609 1644 682 ’ὅμοιον
1678 615 1840 669 αὑτὸν

257 694 518 765 γενέσθαι
560 698 674 758 τοῖς
714 697 854 751 κατὰ
893 697 1054 766 φύσιν
1095 700 1403 772 ἀνθρώποις
1442 705 1500 757 ὲν
1536 705 1614 776 τῷ
1644 707 1839 761 ἑαυτοῦ

256 783 415 854 παρά
442 783 619 853 φύσιν.
650 786 809 856 Παρὰ
834 785 994 855 φύσιν
1023 788 1130 860 γὰρ
1161 786 1229 862 ἦν
1282 791 1431 864 αὐτῷ
1458 793 1578 865 Θεῷ
1600 795 1715 850 ὅντι
1747 815 1842 867 γε·

255 873 454 927 νέσθαι
487 873 792 947 ἄνθρωπονο
844 877 902 928 ἐν
947 877 1024 949 τῷ
1053 879 1198 932 κατὰ
1226 879 1388 950 φύσιν
1435 883 1492 936 δὲ
1530 884 1724 938 ἑαυτοῦ
1767 885 1842 957 μὴ

256 962 404 1021 εἶναι
437 967 598 1022 αὐτὸν
633 969 818 1039 ὅμοιον
840 969 918 1041 τῷ
946 973 1123 1042 Πατρὶ
1153 972 1231 1043 τῷ
1268 976 1607 1046 γεννήσαντι.
1648 979 1709 1030 Εἰ
1734 977 1844 1052 γὰρ

260 1059 321 1112 ὲν
351 1057 431 1129 τῷ
458 1058 609 1130 παρὰ
641 1059 802 1128 φύσιν
839 1062 1034 1114 ἑαυτοῦ
1066 1064 1252 1134 ὅμοιός
1288 1067 1405 1118 ἐστι
1435 1070 1547 1131 τοῖς
1577 1069 1718 1122 κατὰ
1745 1068 1845 1138 φύ-

266 1165 374 1211 σιν,
408 1149 589 1220 πολλῷ
611 1151 772 1204 πλέον
796 1153 980 1223 ὅμοιός
1004 1155 1150 1207 ἐστιν
1172 1157 1230 1210 ὲν
1257 1157 1335 1228 τῷ
1361 1157 1502 1212 κατά
1525 1159 1687 1229 φύσιν
1716 1161 1844 1214 ἐαυ-

263 1239 362 1294 τοῦ
393 1241 473 1312 τῷ
502 1241 647 1296 κατὰ
685 1241 847 1313 φύσιν
887 1246 1126 1316 γνησίως
1165 1247 1326 1302 αὐτὸν
1364 1251 1714 1323 γεγεννηκότι
1743 1253 1849 1306 lla-

259 1333 377 1405 τρί.
411 1334 576 1387 ’Ὥστε
603 1334 666 1388 τὸ
701 1335 888 1406 ὅμοιον
926 1334 1067 1390 εἶναι
1105 1324 1249 1392 ἰατά
1280 1339 1462 1395 πάντα
1492 1341 1584 1396 τὸν
1619 1342 1741 1396 Υίὺν
1768 1343 1848 1414 τῷ

263 1425 446 1495 Ila-cpi.
493 1427 849 1494 προσκεῖσθαι
889 1427 1032 1482 κατὰ
1075 1428 1176 1494 τὰς
1224 1431 1466 1500 Γραφάς.
1514 1433 1741 1505 Ὅμοιος
1791 1434 1848 1488 δὲ

261 1515 488 1586 ἐνοήθη,
517 1516 594 1580 ὡς
621 1516 858 1582 ἐδίδαξεν
881 1519 1029 1589 ἡμᾶς
1060 1521 1159 1592 τὴν
1183 1521 1276 1574 ’ωῦ
1303 1523 1490 1592 ὁμοίου
1523 1523 1731 1580 ἔννοιαν
1761 1524 1850 1578 διὰ

260 1607 379 1661 τῶν
409 1609 821 1680 προειρημένων
855 1612 885 1665 ὁ
929 1611 1269 1677 Ἀπόστολος.
1302 1615 1528 1686 Ὀμοιος
1563 1616 1673 1689 γάρ
1709 1617 1847 1684 ἐστι,

263 1697 366 1750 καὶ
399 1698 534 1752 καθὸ
565 1697 679 1771 ζωὴ
710 1699 775 1753 ὲκ
806 1701 972 1772 ζωῆς,
1004 1702 1120 1772 φῶς
1158 1704 1222 1757 ἐκ
1253 1705 1450 1774 φωτὸς,
1476 1706 1570 1760 καὶ
1599 1706 1851 1778 ἀληθινὸς

890 302 1259 366 ADVERSUS
1296 308 1636 369 HERESES
1663 313 1792 371 LIB.
1832 316 1863 374 ll

1967 318 2124 378 TOM.
2168 319 2574 380 1.-ΙΙᾸΞΠΕ5,
2617 325 2848 384 LXXIII.

254 415 398 472 Θεοῦ
437 417 599 472 αὐτὸν
637 420 742 491 πρὸ
769 420 979 476 αἰώνων
1015 425 1351 496 ὑπάρχοντα,
1393 430 1487 483 καὶ
1515 431 1654 485 κατὰ
1681 433 1844 502 φύσιν

1973 436 2078 494 ἰηιε
2097 441 2335 510 genitus.
2371 440 2506 498 Illud
2533 445 2677 504 enim
2699 452 2793 500 est
2830 443 3147 512 absurdum,
3178 441 3376 499 Filium
3400 443 3518 512 Det,
3577 410 3581 415 Ι

1940 530 2034 600 qui
2085 533 2300 590 saeculis
2344 533 2599 592 omnibus
2645 537 2886 592 anterior
2933 546 3050 602 est,
3101 543 3156 591 et
3201 538 3520 594 naturaliter

1942 621 2087 680 Deus
2130 640 2160 678 a
2204 625 2314 682 Deo
2346 625 2506 684 Patre
2547 629 2835 698 processit,
2873 643 2996 684 cum
3038 639 3234 699 praeter
3271 638 3521 685 naturam

3413 328 3539 384 ιω.
3555 387 3561 394 _

1943 712 2096 770 suam
2132 717 2295 773 homo
2322 727 2408 774 est
2429 735 2496 775 ex
2526 720 2695 776 Maria
2715 720 2938 792 Virgine
2967 721 3166 785 iactus,
3196 721 3250 775 in
3285 738 3350 776 eo
3382 723 3524 790 ipso.
3590 730 3609 792 ,ξ

1943 806 2088 878 quod
2138 817 2333 879 prater
2371 819 2622 865 naturam
2676 812 2930 876 habebat,
2964 814 3296 867 naturalium
3347 811 3526 865 homi-

1943 915 2074 953 num
2122 901 2354 957 similem
2405 903 2678 959 exstitisse
2724 923 2737 959 :
2793 913 2989 974 praater
3039 912 3290 958 naturam
3344 911 3524 957 autem

1944 998 2062 1045 erat
2085 991 2182 1058 illi,
2218 994 2310 1063 qui
2344 995 2487 1052 Deus
2524 1003 2692 1060 esset,
2732 1003 2792 1050 ut
2838 997 3002 1052 homo
3036 993 3225 1060 ﬁeret;
3274 999 3334 1048 at
3373 992 3430 1048 in
3461 1006 3528 1045 eo

1945 1081 2090 1152 quod
2119 1082 2219 1152 ipsi
2253 1085 2502 1140 naturale
2525 1093 2630 1151 est,
2661 1101 2771 1141 non
2809 1101 2932 1142 esse
2964 1085 3164 1149 Patris,
3200 1083 3292 1154 qui
3333 1095 3393 1138 se
3431 1093 3531 1150 ge-

1946 1171 2148 1238 nuerit,
2178 1173 2432 1228 similem.
2475 1173 2533 1228 Si
2563 1175 2709 1230 enim
2757 1175 2811 1230 in
2853 1191 2939 1239 eo,
2975 1174 3119 1246 quod
3150 1182 3345 1246 praeter
3375 1158 3552 1228 natu-i

1947 1273 2064 1312 ram
2099 1259 2279 1324 habet,
2314 1277 2503 1316 eorum
2537 1263 2732 1321 similis
2772 1272 2877 1331 est,
2929 1265 3128 1335 quibus
3171 1263 3303 1320 illud
3346 1263 3546 1334 ipsum.

1948 1350 2266 1406 naturaliter
2293 1353 2573 1417 convenit,
2602 1355 2774 1410 multo
2813 1356 2985 1425 magis
3013 1356 3067 1410 in
3095 1370 3161 1410 eo
3192 1354 3337 1426 quod
3365 1361 3530 1408 natu.-

1947 1439 2063 1494 rale
2093 1447 2147 1495 et
2177 1441 2399 1496 insitum
2436 1442 2616 1506 habet,
2663 1442 2843 1500 Patris
2887 1444 3032 1500 illius
3076 1443 3293 1499 similis.
3323 1443 3446 1507 erit,
3496 1457 3552 1495 a.

1947 1542 2057 1598 quo
2095 1529 2419 1586 naturaliter
2456 1539 2542 1586 est
2573 1540 2625 1586 et
2658 1531 2900 1602 legitime
2930 1531 3165 1603 genitus.
3232 1529 3371 1583 Hinc
3420 1530 3528 1583 ita-

1950 1634 2056 1689 que
2108 1620 2416 1690 colligimus
2461 1621 2613 1685 illud,
2662 1622 2809 1693 quod
2857 1622 3118 1686 diximus,
3176 1621 3409 1676 similem
3471 1621 3553 1675 in.

1949 1710 2205 1766 omnibus
2229 1727 2350 1768 esse
2377 1711 2555 1768 Patris
2580 1712 2795 1778 Filium,
2825 1729 2892 1768 ex
2922 1728 3208 1768 sacrorum
3237 1711 3554 1766 Librorum-

265 1789 331 1856 ἐξ
355 1789 629 1860 ἀληθινοῦ,
655 1792 748 1846 καὶ
783 1795 944 1862 σοφία
967 1795 1032 1848 ἐκ
1058 1794 1246 1866 σοφοῦ.
1267 1799 1376 1851 Καὶ
1407 1799 1656 1867 καθάπαξ
1685 1798 1846 1872 [Earl]

1967 1803 2275 1859 tttctoritate
2298 1805 2642 1874 pronuntiari
2680 1805 2906 1875 insuper
2956 1816 3227 1875 oportere,
3260 1803 3526 1874 quemad:

268 1879 420 1934 κατὰ
446 1881 543 1942 τὰς
573 1883 813 1952 Γραφὰς,
857 1886 917 1938 οὐ
962 1887 1104 1940 κατὰ
1147 1889 1247 1959 τὴν
1295 1888 1576 1962 ἐνέργειαν
1613 1892 1706 1946 καὶ
1750 1891 1849 1963 τὴν

1967 1897 2174 1950 modum
2207 1897 2401 1953 similis
2433 1898 2708 1952 notionem
2747 1897 2815 1952 iis
2855 1911 2978 1965 quae
3016 1896 3261 1966 proxime
3291 1907 3530 1949 comme-

270 1969 532 2042 βούλησίν
565 1974 680 2026 ἐστι
723 1975 882 2045 μόνον
909 1977 1114 2046 ὅμοιος,
1148 1979 1285 2034 ἀλλὰ
1310 1980 1428 2034 κατ’
1459 1983 1590 2037 αὐτὸ
1619 1983 1681 2036 τὸ
1707 1978 1849 2037 εἶναι

1967 1983 2308 2048 moravimus,
2339 1985 2495 2040 nobis
2526 1985 2822 2055 Apostolus
2858 1983 3107 2038 tradidit.
3145 1982 3354 2038 Etenim
3379 1982 3532 2037 simi-

268 2063 370 2114 καὶ
389 2062 706 2130 ὑφεστάναι,
736 2066 830 2118 καὶ
859 2067 1126 2138 ὑπάρχειν
1154 2070 1336 2140 ὅμοιός
1361 2073 1475 2124 ἐστι
1505 2071 1648 2126 κατὰ
1673 2074 1848 2128 πάντα

1967 2073 2023 2128 lis
2050 2081 2159 2141 est,
2188 2083 2460 2144 quatenus
2488 2077 2596 2131 vita
2630 2093 2698 2132 ex
2738 2077 2870 2142 vita,
2895 2077 3082 2132 lumen
3117 2091 3149 2132 e
3185 2075 3410 2139 lumine,
3441 2088 3533 2128 vc-

265 2149 353 2221 τῷ
377 2154 552 2222 Πατρὶ
581 2153 661 2224 τῷ
691 2157 1033 2226 γεννήσαντι,
1061 2158 1136 2222 ὡς
1174 2157 1292 2222 υἱὸς
1333 2159 1518 2230 πατρί.

1967 2180 2050 2218 rus
2074 2181 2137 2218 ex
2165 2181 2314 2234 vero,
2344 2175 2400 2222 et
2419 2167 2682 2237 sapientia
2716 2185 2746 2225 a
2772 2170 3017 2240 sapiente
3041 2168 3306 2241 procedit.
3334 2165 3533 2235 Atque»

268 2252 335 2298 ut
377 2260 489 2299 uno
529 2247 694 2301 verbo
733 2247 930 2313 dicam,
957 2249 1148 2304 iisdem
1199 2265 1229 2305 e
1269 2249 1568 2320 Scripturis
1608 2255 1838 2314 constat,
1876 2264 1986 2305 non
2028 2256 2242 2310 actione
2291 2272 2356 2313 ac
2403 2260 2683 2315 voluntate
2706 2262 2880 2314 solum
2913 2262 3080 2325 illius,
3109 2261 3216 2316 sed‘
3233 2255 3547 2315 secundum

264 2338 444 2411 866
475 2339 576 2394 hoc
601 2340 775 2409 ipsum
808 2341 954 2410 quod
997 2349 1100 2409 est,
1151 2352 1207 2397 et
1251 2343 1525 2408 subsistit,
1562 2353 1723 2413 atque
1759 2343 1996 2410 exsistit,
2028 2346 2259 2401 similem
2305 2346 2361 2404 in
2384 2347 2644 2406 omnibus
2662 2346 2966 2418 essePatri‘,
2986 2349 3082 2418 qui
3115 2347 3269 2404 illum
3312 2346 3548 2421 genuit,

265 2432 732 2504 quemadmodum
780 2431 920 2501 patri
973 2432 1114 2488 ﬁlius
1141 2433 1337 2489 sintilis
1366 2443 1472 2492 εει.

348 2525 452 2580 ΙΘ¹.
508 2525 634 2578 Ἐὰν
677 2525 726 2577 οἱ
771 2525 951 2578 καινοὶ
993 2525 1284 2597 αἱρετικοὶ,
1335 2527 1848 2598 προσδιαλεγόμενοι

268 2619 435 2687 ἡμῖν,
465 2617 760 2687 ἀγέννητον
795 2615 1012 2684 λέγουσι
1054 2618 1150 2670 καὶ
1181 2619 1460 2690 γεννητὸν,
1488 2619 1722 2690 ἐροῦμεν
1754 2618 1852 2672 αὐ-

266 2711 409 2773 τοῖς’
449 2707 664 2778 Ἐπειδὴ
700 2709 1176 2779 κακουργήσαντες
1219 2710 1279 2763 τὸ
1321 2710 1422 2780 τῆς
1465 2709 1650 2774 οὐσίας
1684 2710 1855 2780 ὄνομα

269 2800 339 2851 ἐν
372 2799 562 2870 χρήσει
591 2801 707 2862 τοῖς
738 2798 1016 2869 Πατράσιν
1052 2800 1294 2871 ὑπάρχον
1320 2801 1396 2865 ὡς
1419 2801 1664 2872 ἄγραφον
1691 2801 1750 2854 οὐ
1773 2801 1858 2854 δὲ-

269 2907 342 2960 χε
352 2889 465 2942 σθε-
492 2889 612 2944 οὐδὲ
637 2891 800 2960 ἡμεῖς
823 2890 884 2943 τὸ
905 2891 1200 2962 ἀγέννητον
1226 2891 1471 2963 ἄγραφον
1493 2892 1552 2946 ὃν
1576 2889 1856 2964 δεξόμεθα.

275 2981 599 3054 Ἀφθαρτον
636 2981 756 3052 μὲν,
792 2981 888 3036 καὶ
913 2982 1165 3053 ἀόρατον,
1204 2985 1298 3037 καὶ
1342 2983 1608 3039 ἀθάνατον
1649 2985 1797 3054 λέγει
1832 2986 1862 3038 ὁ

288 3041 649 3135 Ἀπόστολοςί
669 3041 926 3124 οὐδέποτε
954 3041 1014 3126 δὲ
1045 3041 1207 3125 aiith
1246 3073 1541 3143 ἀγέννητον
1579 3041 1862 3145 ὠνόμασεν
1888 3041 1932 3100 C

273 3163 315 3232 ἡ
349 3161 558 3233 Γραφή.
606 3161 818 3215 Ἔπειθ’
852 3162 958 3225 ὅτι,
995 3161 1072 3226 ὡς
1121 3163 1468 3235 προείρηται,
1507 3166 1535 3218 ὁ
1570 3165 1863 3236 ἀγέννητος

273 3253 512 3306 οὐδέπω
558 3252 815 3325 σημαίνει
857 3253 956 3325 τὴν
991 3253 1088 3309 τοῦ
1130 3254 1347 3325 Πατρδς
1392 3254 1619 3308 ἔννοιαν·
1653 3255 1746 3308 καὶ
1783 3257 1864 3308 ὅτι

276 3347 383 3400 τὸν
411 3347 670 3418 γεννητὸν
707 3346 856 3410 ίδίως
881 3345 1010 3400 Υίδν
1042 3346 1272 3399 οὐδέπου
1309 3349 1562 3417 σημανεῖ,
1598 3347 1736 3400 ἀλλὰ
1761 3365 1868 3401 κοι·

277 3439 496 3491 νοποιεΐ
521 3436 659 3509 πρὸς
695 3437 873 3494 πάντα
902 3436 975 3490 τὰ
1001 3437 1238 3508 γεννητὰ
1264 3437 1363 3508 τὴν
1401 3437 1631 3493 ἔννοιαν.
1673 3438 1731 3492 '0
1759 3437 1868 3508 γὰρ

280 3526 462 3581 εἰπὼν
489 3527 771 3598 γεννητὸν,
801 3527 885 3581 ὅτι
919 3527 1017 3599 μὲν
1043 3527 1268 3597 γέγονεν
1296 3529 1595 3598 ἐσήμανεν,
1629 3529 1868 3599 οὐδαμοῦ

280 3620 348 3674 δὲ
376 3619 439 3672 τὸ
468 3619 652 3684 ante;
681 3618 811 3673 Υίδν
837 3619 1130 3691 νοούμενον
1163 3619 1535 3690 παρεδήλωσε.
1571 3620 1663 3673 Διὸ
1687 3619 1870 3684 ἀϊδίως

282 3709 600 3774 ἐννοοῦντες
620 3709 750 3764 Υίὺν
769 3708 927 3772 Θεοῦ,
945 3710 1008 3762 οὐ
1031 3707 1296 3780 δεξόμεθα
1314 3709 1474 3762 τοῦτο
1489 3709 1624 3780 πρὸς
1640 3709 1870 3777 τούτοις,

284 3804 376 3856 ὅτι
399 3801 462 3855 τὸ
483 3801 576 3856 τοῦ
605 3801 818 3875 Πατρδς
848 3800 945 3855 καὶ
975 3801 1105 3856 Υίοῦ
1131 3799 1302 3871 ὄνομα
1326 3801 1426 3872 τὴν
1449 3800 1586 3871 πρός
1607 3817 1661 3853 τι
1689 3800 1873 3870 σχέσιν

290 3892 573 3963 σημαίνει.
599 3891 690 3945 Διὸ
714 3891 818 3945 κᾶν
843 3891 1063 3962 Πατέρα
1095 3891 1254 3962 μόνον
1275 3892 1652 3962 ὀνομάζωμεν,
1678 3892 1875 3963 ἔχομεν

287 3983 375 4054 τῷ
398 3983 620 4054 ὀνόματι
646 3983 739 4037 τοῦ
761 3983 975 4054 Πατρδς
1003 3983 1522 4054 συνυπακουομένην
1548 3982 1645 4055 τὴν
1667 3983 1876 4039 ἔννοιαν

289 4075 392 4128 τοῦ
419 4075 569 4130 Υίοῦ.
598 4075 790 4146 Πατὴρ
816 4073 926 4146 γὰρ
950 4073 1082 4127 Υίοῦ
1115 4076 1305 4145 Πατὴρ
1331 4074 1570 4143 λέγεται.
1601 4075 1719 4130 Κᾶν
1747 4075 1879 4130 Υίὸν

294 4171 462 4241 μόνον
493 4170 868 4240 ὸνομάσωμεν,
914 4167 1112 4239 ἔχομεν
1148 4168 1248 4237 τὴν
1280 4167 1488 4221 ἔννοιαν
1518 4165 1612 4220 τοῦ
1643 4166 1878 4237 Πατρὸς,

294 4260 385 4312 ὅτι
431 4259 542 4322 υίὸς
570 4258 784 4330 Πατρδς
811 4257 1050 4326 λέγεται.
1083 4257 1307 4328 ’Ἐχεται
1331 4255 1438 4328 γὰρ
1470 4255 1696 4328 θάτερον
1724 4255 1882 4309 θατέ-

2027 2522 2168 2578 XIX.
2201 2525 2357 2592 Quod
2385 2525 2431 2582 si
2462 2524 2586 2580 novi
2621 2524 2699 2579 illi
2743 2521 2981 2578 hatretici
3018 2519 3304 2574 nobiscum
3335 2517 3538 2588 dispu~

1960 2623 2139 2675 tantes
2169 2619 2466 2689 ingenitum
2494 2619 2844 2690 genitumque
2873 2615 3132 2679 dixerint,
3179 2613 3260 2669 sic
3303 2609 3408 2666 illis
3437 2625 3538 2666 oc-

1960 2724 2245 2766 curremus
2271 2729 2284 2765 :
2316 2709 2581 2776 Quoniam
2616 2709 2936 2766 substantiae
2970 2721 3187 2771 nomen,
3216 2719 3325 2774 quo
3353 2702 3541 2759 Patres
3597 2750 3601 2754 .

1963 2802 2051 2858 usi
2081 2809 2230 2866 sunt,
2255 2817 2321 2857 eo
2349 2802 2494 2871 quod
2518 2803 2572 2855 in
2600 2801 2883 2872 Scriptura
2907 2814 3016 2855 non
3040 2804 3237 2860 exstat,
3263 2794 3406 2849 mala
3437 2792 3543 2849 ﬁde

1965 2893 2286 2964 repudiatis,
2321 2909 2496 2965 neque
2531 2908 2631 2948 nos
2657 2892 2878 2963 ingeniti
2910 2889 3254 2950 vocabulum,
3285 2894 3542 2955 tanquam

1966 2986 2172 3055 scripto
2203 3001 2311 3040 non
2343 3000 2683 3056 expressum,
2718 2982 3075 3038 admittimus.
3120 2978 3253 3032 Nam
3293 2979 3547 3031 incorru-

1965 3085 2116 3148 ptum
2151 3077 2368 3148 quidem
2411 3085 2465 3132 et
2505 3091 2613 3130 non
2651 3074 3034 3146 aspectabilem
3084 3078 3139 3126 et
3185 3067 3544 3123 immortalem

1965 3177 2126 3223 vocat
2164 3168 2458 3238 Apostolus
2495 3186 2509 3221 :
2556 3167 2855 3236 ingenitum
2898 3177 3028 3219 vero
3076 3175 3346 3230 nusquam
3398 3157 3548 3212 Scri-

1967 3268 2124 3331 ptura
2156 3260 2476 3314 nominavit.
2521 3257 2745 3312 Accedit
2790 3256 2934 3326 quod
2976 3253 3271 3325 ingenitus,
3297 3249 3372 3304 uti
3407 3247 3549 3304 dixi-

1968 3364 2124 3414 mus,
2173 3347 2411 3402 nondum
2467 3349 2640 3416 ipsam
2698 3344 2877 3398 Patris
2929 3342 3204 3398 notionem
3256 3338 3550 3410 signiﬁcat,

1970 3455 2146 3510 neque
2191 3440 2433 3510 genitum
2478 3437 2695 3508 proprie
2750 3435 2948 3489 Filium
2999 3431 3278 3501 exprimit,
3325 3429 3421 3484 sed
3477 3427 3546 3481 ad

1969 3531 2152 3584 omnia
2176 3529 2440 3601 producta
2466 3526 2831 3582 communiter
2858 3524 3113 3595 pertinet.
3149 3520 3283 3574 Nam
3333 3519 3424 3593 qui
3459 3535 3552 3589 ge-

1972 3621 2146 3675 nitum
2173 3620 2328 3686 dicit,
2368 3617 2698 3689 productum
2740 3615 3000 3684 quiddam
3045 3611 3252 3682 aliquid
3289 3625 3410 3668 esse
3455 3608 3556 3665 de-

1973 3719 2268 3780 monstrat,
2308 3711 2535 3767 minime
2586 3717 2770 3764 tamen
2818 3705 3042 3768 Filium,
3085 3705 3178 3775 qui
3230 3703 3298 3758 ab
3351 3709 3557 3757 :eterno

1973 3805 2275 3878 productus
2320 3801 2681 3874 concipiatur,
2719 3799 2979 3856 ostendit.
3021 3795 3388 3863 Quamobrem
3433 3809 3558 3848 cum

1976 3897 2071 3953 Dei
2105 3896 2300 3952 Filium
2349 3896 2419 3952 ab
2453 3904 2661 3950 artemo
2701 3893 3066 3962 intelligamus
3105 3888 3388 3950 exsistere,
3428 3885 3562 3940 illud

1979 3989 2157 4060 ipsum
2210 4003 2408 4043 nomen
2465 3996 2726 4057 praeterea
2784 3995 3130 4054 nequaquam
3189 3979 3562 4039 admittimus,

1979 4079 2236 4151 quoniam
2269 4079 2446 4135 Patris
2483 4077 2717 4148 Filiique
2765 4091 2966 4131 nomen
3006 4074 3073 4129 ad
3123 4071 3271 4127 aliud
3303 4069 3563 4141 quiddam

1982 4171 2355 4226 habitudinem
2398 4170 2687 4240 signiﬁcat.
2737 4167 2895 4222 Unde
2945 4165 3072 4220 licet
3129 4163 3343 4218 Patrem
3387 4161 3564 4215 solum

1983 4263 2350 4324 nominemus,
2381 4259 2504 4314 Filii
2537 4274 2754 4329 quoque
2781 4257 3062 4312 notionem
3109 4253 3290 4306 Patris
3328 4250 3567 4319 appella-

297 4367 420 4420 ρου,
460 4347 557 4402 καὶ
593 4350 655 4403 οὐ
699 4336 1052 4403 διακόπτεται
1086 4349 1120 4418 ἠ
1153 4346 1355 4418 σχέσις.
1405 4344 1568 4398 Ἀλλὰ
1593 4346 1688 4398 καὶ
1721 4345 1863 4416 μόνοι

1986 4354 2134 4408 tione
2152 4351 2602 4422 comprehensam
2626 4364 2734 4403 una
2762 4345 3197 4415 complectimur.
3228 4339 3389 4393 Pater
3419 4336 3566 4391 enim

296 4440 560 4510 ἑκάτερον
591 4440 882 4511 λεγόμενον
912 4439 1220 4507 συνεισάγει
1258 4437 1488 4508 θατέρου
1517 4436 1617 4508 τὴν
1646 4435 1877 4490 ἔννοιαν·

298 4533 398 4585 καὶ
439 4532 500 4586 οὐ
541 4532 602 4586 τὸ
628 4532 798 4603 δνομα
823 4532 1004 4602 μόνον,
1032 4530 1170 4584 ἀλλὰ
1201 4528 1339 4600 μετὰ
1368 4526 1462 4580 τοῦ
1497 4526 1760 4596 ὀνόματος
1788 4526 1881 4581 καὶ

297 4623 405 4691 τῆς
449 4622 662 4691 φύσεως
703 4623 801 4694 τὴν
835 4621 1164 4691 οἰκειότητα.
1220 4618 1441 4691 Πατέρα
1483 4617 1593 4689 γὰρ
1634 4617 1882 4682 νοοῦντες

299 4713 393 4768 τὸν
432 4713 586 4776 Θεὸν,
623 4713 759 4766 Θεοῦ
799 4713 1028 4784 νοοῦμεν
1069 4709 1308 4780 Πατέραο
1351 4711 1446 4763 καὶ
1490 4709 1611 4763 ι’ίὸν
1638 4707 1884 4773 νοοῦντες

301 4803 461 4866 Θεοῦ,
513 4804 642 4857 Θεὸν
691 4803 921 4875 νοοῦμεν
967 4803 1060 4857 τὸν
1115 4801 1350 4874 ρηθέντα
1406 4801 1535 4854 Υίὸν
1579 4800 1738 4864 Θεοῦ,
1791 4802 1887 4855 καὶ

301 4898 490 4965 ὅμοιον
526 4896 721 4967 ἐκείνῳ
765 4895 910 4949 κατὰ
950 4895 1049 4966 τὴν
1077 4893 1261 4963 φύσιν,
1289 4887 1351 4947 οὗ
1383 4891 1481 4945 καὶ⁸
1501 4895 1703 4946 νοεῖται
1738 4892 1886 4956 Υιός.

318 4988 636 5057 ’Λγέννητον
672 4988 730 5041 δὲ
760 4989 821 5041 οὑ
860 4987 1074 5056 λέγεται
1101 4987 1362 5060 γεννητοῦ
1397 4985 1722 5056 ἀγέννητον,
1766 4985 1889 5039 οὐδὲ

304 5079 566 5148 γεννητὸν
587 5080 886 5152 ἀγεννήτου
911 5081 1190 5150 γεννητόν.
1399 5101 1402 5104 ’

1984 4442 2108 4499 Filii
2147 4450 2302 4514 pater
2335 4441 2554 4496 dicitur.
2589 4439 2667 4493 Ac
2701 4438 2828 4492 licet
2874 4435 3050 4491 solum
3093 4431 3440 4486 nominemus
3475 4423 3566 4479 Fi-

1988 4534 2143 4598 lium,
2190 4531 2369 4587 Patris
2412 4545 2629 4601 quoque
2675 4528 2950 4583 notionem
3000 4539 3106 4577 una
3153 4517 3572 4590 comprehendi-

1988 4641 2132 4689 mus,
2181 4638 2248 4680 eo
2296 4622 2441 4694 quod
2514 4621 2666 4677 ﬁlius
2711 4618 2892 4673 Patris
2942 4631 3065 4670 esse
3115 4611 3285 4667 Filius
3329 4610 3567 4664 dicatur.

1989 4717 2236 4772 Alterum
2277 4715 2480 4786 quippe
2526 4728 2650 4768 cum
2698 4711 2869 4766 altero
2917 4719 3225 4762 connexum
3258 4711 3363 4765 est,
3395 4712 3575 4768 neque

1991 4817 2216 4864 mutuus
2237 4808 2303 4862 ad
2335 4822 2456 4862 sese
2483 4805 2714 4860 invicem
2744 4808 3037 4872 respectus.
3060 4795 3354 4852 dirimitur.
3389 4789 3574 4858 Quare

1991 4898 2209 4953 tametsi
2247 4897 2334 4952 vel
2371 4897 2598 4950 alterum
2647 4892 3046 4964 pronuntietur,
3097 4901 3210 4942 una.
3238 4891 3295 4940 et
3343 4883 3574 4936 alterum

1989 4989 2363 5059 intelligentire
2409 4996 2610 5042 nostra:
2650 4984 2906 5054 subjicit;
2959 4995 3061 5036 nec
3093 4979 3238 5034 illius
3269 4975 3432 5031 modo
3477 4986 3577 5027 no-

1989 5095 2137 5143 men,
2178 5094 2366 5134 verum
2401 5079 2564 5133 etiam
2599 5089 2706 5132 una
2735 5089 2857 5129 cum
2890 5072 3109 5127 nomine
3145 5078 3356 5125 natura:
3404 5063 3578 5134 ipsius

303 5173 619 5229 afﬁnitatem
653 5178 1012 5231 demonstrat.
1053 5176 1261 5230 Etenim
1294 5190 1417 5230 cum
1457 5172 1675 5229 Patrem
1705 5173 1888 5230 animo
1926 5173 2268 5246 concipimus
2322 5173 2514 5233 Deum.
2573 5173 2664 5227 Dei
2701 5171 2916 5225 Patrem
2968 5166 3330 5238 concipimus.
3381 5159 3446 5214 Et
3489 5156 3574 5212 Fio

306 5270 442 5324 lium
477 5284 601 5324 cum
661 5269 1013 5339 intelligimus
1054 5267 1164 5333 Dei,
1204 5267 1372 5322 Deum
1437 5266 1810 5335 intelligimus,
1845 5266 1939 5336 qui
1977 5265 2072 5323 Dei
2101 5267 2275 5322 Filius
2322 5267 2645 5337 appellatur,
2680 5263 2883 5334 quique
2933 5261 3082 5317 illius
3137 5267 3334 5315 natura
3382 5249 3580 5309 similis

306 5377 417 5428 εει,
442 5364 598 5434 cujus
623 5363 943 5435 intelligitur
982 5378 1105 5420 esse
1163 5362 1353 5418 Filius.
1402 5363 1474 5414 At
1524 5360 1830 5429 ingenitum
1877 5362 2043 5431 geniti
2097 5375 2440 5434 nequaquam
2490 5361 2791 5430 ingenitum
2834 5357 3057 5423 dicitur,
3108 5366 3285 5423 neque
3335 5343 3579 5418 genitum

311 5459 541 5529 ingeniti
570 5459 836 5528 genitum.

383 5523 468 5604 io.
513 5523 728 5622 Ἐπειδὴ
769 5550 949 5604 τοίνυν
993 5547 1117 5602 οὔτε
1159 5547 1257 5618 τὴν
1297 5546 1433 5615 πρδς
1471 5544 1676 5617 ἄλληλα
1707 5545 1862 5615 σχέσι

2073 5540 2188 5596 XX.
2222 5539 2490 5606 Quocirca
2533 5553 2656 5592 cum
2706 5535 2930 5606 ingeniti
3004 5528 3276 5602 genitique
3316 5523 3580 5578 vocabula

313 5647 432 5717 ἔχει
458 5643 526 5698 τά
553 5645 645 5698 τοῦ
672 5645 966 5714 ἀγεννήτω)
994 5644 1089 5696 καὶ
1115 5639 1399 5710 γεννητοῦ,
1439 5638 1561 5691 οὒτε
1597 5637 1863 5706 συνεμφαί

2001 5649 2179 5702 neque
2233 5632 2301 5686 ad
2360 5647 2484 5686 sese
2529 5638 2718 5684 mutuo
2771 5627 3106 5685 referantur,
3154 5633 3333 5717 neque
3371 5623 3583 5717 natura:

315 5703 402 5791 v2;
429 5733 528 5807 τὴν
554 5703 736 5804 φύσιν,
769 5703 1063 5790 κοινοποιεί
1085 5703 1141 5785 δέ
1170 5703 1301 5802 προς
1328 5703 1396 5783 τά
1425 5726 1588 5784 λοιπὰ
1611 5703 1863 5798 semper:

2004 5722 2451 5796 signiﬁcationem
2504 5720 2820 5784 involvam;
2874 5731 2937 5770 ac
2990 5719 3262 5785 praeterea
3291 5703 3414 5761 Filii
3453 5719 3580 5776 pro-

3598 862 3626 946 ’ξι
