  <div class='ocr_page' id='page_1' title='image "/cluster/home/n/w/nwhite01/storage/ocr_20150623/42:no.2/coo.31924054869403/225.png"; bbox 0 0 3988 6432; ppageno 0'>
   <div class='ocr_carea' id='block_1_1' title="bbox 489 342 596 399">
    <p class='ocr_par' dir='ltr' id='par_1_1' title="bbox 489 342 596 399">
     <span class='ocr_line' id='line_1_1' title="bbox 489 342 596 399; baseline 0.019 -2"><span class='ocrx_word' id='word_1_1' title='bbox 489 342 596 399; x_wconf 64' lang='grc'><strong>439</strong></span> 
     </span>
    </p>
   </div>
   <div class='ocr_carea' id='block_1_2' title="bbox 1909 314 2347 411">
    <p class='ocr_par' dir='ltr' id='par_1_2' title="bbox 1909 314 2347 411">
     <span class='ocr_line' id='line_1_2' title="bbox 1909 314 2347 411; baseline 0.009 -4"><span class='ocrx_word' id='word_1_2' title='bbox 1909 354 1966 409; x_wconf 84' lang='lat' dir='ltr'><strong>s.</strong></span> <span class='ocrx_word' id='word_1_3' title='bbox 2006 314 2347 411; x_wconf 71' lang='lat' dir='ltr'><strong>Erlrxmn</strong></span> 
     </span>
    </p>
   </div>
   <div class='ocr_carea' id='block_1_3' title="bbox 3636 374 3729 432">
    <p class='ocr_par' dir='ltr' id='par_1_3' title="bbox 3636 374 3729 432">
     <span class='ocr_line' id='line_1_3' title="bbox 3636 374 3729 432; baseline 0 0"><span class='ocrx_word' id='word_1_4' title='bbox 3636 374 3729 432; x_wconf 69' lang='grc' dir='ltr'><strong>4ιο</strong></span> 
     </span>
    </p>
   </div>
   <div class='ocr_carea' id='block_1_4' title="bbox 484 458 2065 557">
    <p class='ocr_par' dir='ltr' id='par_1_4' title="bbox 484 458 2065 547">
     <span class='ocr_line' id='line_1_4' title="bbox 484 458 2065 547; baseline 0.01 -37"><span class='ocrx_word' id='word_1_5' title='bbox 484 458 771 530; x_wconf 84' lang='lat' dir='ltr'><strong>prietatcm</strong></span> <span class='ocrx_word' id='word_1_6' title='bbox 807 474 1149 547; x_wconf 82' lang='lat' dir='ltr'><strong>communem</strong></span> <span class='ocrx_word' id='word_1_7' title='bbox 1203 477 1329 518; x_wconf 79' lang='lat' dir='ltr'><strong>cum</strong></span> <span class='ocrx_word' id='word_1_8' title='bbox 1378 465 1611 531; x_wconf 68' lang='lat' dir='ltr'><strong>caneris,</strong></span> <span class='ocrx_word' id='word_1_9' title='bbox 1656 482 1778 539; x_wconf 63' lang='lat' dir='ltr'><strong>quae</strong></span> <span class='ocrx_word' id='word_1_10' title='bbox 1810 470 2065 541; x_wconf 83' lang='lat' dir='ltr'><strong>producta</strong></span> 
     </span>
    </p>
   </div>
   <div class='ocr_carea' id='block_1_5' title="bbox 2167 458 3733 557">
    <p class='ocr_par' dir='ltr' id='par_1_5' title="bbox 2177 474 3733 557">
     <span class='ocr_line' id='line_1_5' title="bbox 2177 474 3733 557; baseline 0.006 -27"><span class='ocrx_word' id='word_1_11' title='bbox 2177 477 2269 532; x_wconf 79' lang='grc' dir='ltr'><strong>τοῦ</strong></span> <span class='ocrx_word' id='word_1_12' title='bbox 2299 474 2430 532; x_wconf 85' lang='grc' dir='ltr'>Υἱοῦ</span> <span class='ocrx_word' id='word_1_13' title='bbox 2463 478 2563 550; x_wconf 84' lang='grc' dir='ltr'><strong>τὴν</strong></span> <span class='ocrx_word' id='word_1_14' title='bbox 2590 478 2847 551; x_wconf 77' lang='grc' dir='ltr'>ίδιότητα·</span> <span class='ocrx_word' id='word_1_15' title='bbox 2873 479 2933 534; x_wconf 74' lang='grc' dir='ltr'><strong>οὐ</strong></span> <span class='ocrx_word' id='word_1_16' title='bbox 2958 478 3220 552; x_wconf 74' lang='grc' dir='ltr'><strong>δεξόμεθα</strong></span> <span class='ocrx_word' id='word_1_17' title='bbox 3253 481 3360 556; x_wconf 79' lang='grc' dir='ltr'>μὲν</span> <span class='ocrx_word' id='word_1_18' title='bbox 3383 482 3473 537; x_wconf 70' lang='grc' dir='ltr'><strong>διὰ</strong></span> <span class='ocrx_word' id='word_1_19' title='bbox 3498 483 3591 555; x_wconf 81' lang='grc' dir='ltr'>τὴν</span> <span class='ocrx_word' id='word_1_20' title='bbox 3613 490 3733 557; x_wconf 65' lang='grc' dir='ltr'>πρὸς</span> 
     </span>
    </p>
   </div>
   <div class='ocr_carea' id='block_1_6' title="bbox 484 538 2071 626">
    <p class='ocr_par' dir='ltr' id='par_1_6' title="bbox 484 538 2071 626">
     <span class='ocr_line' id='line_1_6' title="bbox 484 538 2071 626; baseline 0.008 -20"><span class='ocrx_word' id='word_1_21' title='bbox 484 558 636 613; x_wconf 80' lang='lat' dir='ltr'><strong>sunt,</strong></span> <span class='ocrx_word' id='word_1_22' title='bbox 669 549 922 617; x_wconf 83' lang='lat' dir='ltr'><strong>eliiciant,</strong></span> <span class='ocrx_word' id='word_1_23' title='bbox 966 569 1034 609; x_wconf 90' lang='lat' dir='ltr'><strong>ne</strong></span> <span class='ocrx_word' id='word_1_24' title='bbox 1072 538 1148 609; x_wconf 76' lang='lat' dir='ltr'><strong>ad</strong></span> <span class='ocrx_word' id='word_1_25' title='bbox 1199 555 1533 626; x_wconf 71' lang='lat' dir='ltr'><strong>impietatem</strong></span> <span class='ocrx_word' id='word_1_26' title='bbox 1582 538 1694 614; x_wconf 85' lang='lat' dir='ltr'><strong>ullo</strong></span> <span class='ocrx_word' id='word_1_27' title='bbox 1748 538 2071 619; x_wconf 67' lang='lat' dir='ltr'><strong>insidiarum</strong></span> 
     </span>
    </p>
   </div>
   <div class='ocr_carea' id='block_1_7' title="bbox 482 640 2074 717">
    <p class='ocr_par' dir='ltr' id='par_1_7' title="bbox 482 640 2074 717">
     <span class='ocr_line' id='line_1_7' title="bbox 482 640 2074 717; baseline 0.013 -24"><span class='ocrx_word' id='word_1_28' title='bbox 482 640 717 695; x_wconf 78' lang='lat' dir='ltr'><strong>artiﬁcio</strong></span> <span class='ocrx_word' id='word_1_29' title='bbox 764 641 1315 717; x_wconf 76' lang='lat' dir='ltr'><strong>deducamur,867</strong></span> <span class='ocrx_word' id='word_1_30' title='bbox 1365 646 1677 706; x_wconf 83' lang='lat' dir='ltr'><strong>istiusmodi</strong></span> <span class='ocrx_word' id='word_1_31' title='bbox 1721 654 1942 709; x_wconf 78' lang='lat' dir='ltr'><strong>nomina</strong></span> <span class='ocrx_word' id='word_1_32' title='bbox 1986 671 2074 713; x_wconf 84' lang='lat' dir='ltr'><strong>re-</strong></span> 
     </span>
    </p>
   </div>
   <div class='ocr_carea' id='block_1_8' title="bbox 476 734 2074 815">
    <p class='ocr_par' dir='ltr' id='par_1_8' title="bbox 476 734 2074 815">
     <span class='ocr_line' id='line_1_8' title="bbox 476 734 2074 815; baseline 0.012 -27"><span class='ocrx_word' id='word_1_33' title='bbox 476 734 771 804; x_wconf 80' lang='lat' dir='ltr'><strong>jiciemus;</strong></span> <span class='ocrx_word' id='word_1_34' title='bbox 824 734 1005 795; x_wconf 82' lang='lat' dir='ltr'><strong>Patris</strong></span> <span class='ocrx_word' id='word_1_35' title='bbox 1043 753 1174 795; x_wconf 78' lang='lat' dir='ltr'><strong>vero</strong></span> <span class='ocrx_word' id='word_1_36' title='bbox 1229 756 1295 796; x_wconf 90' lang='lat' dir='ltr'><strong>ac</strong></span> <span class='ocrx_word' id='word_1_37' title='bbox 1329 740 1450 797; x_wconf 88' lang='lat' dir='ltr'><strong>Filii</strong></span> <span class='ocrx_word' id='word_1_38' title='bbox 1490 745 1906 815; x_wconf 78' lang='lat' dir='ltr'><strong>appellationem</strong></span> <span class='ocrx_word' id='word_1_39' title='bbox 1943 765 2074 806; x_wconf 86' lang='lat' dir='ltr'><strong>san-</strong></span> 
     </span>
    </p>
   </div>
   <div class='ocr_carea' id='block_1_9' title="bbox 480 833 2072 911">
    <p class='ocr_par' dir='ltr' id='par_1_9' title="bbox 480 833 2072 911">
     <span class='ocr_line' id='line_1_9' title="bbox 480 833 2072 911; baseline 0.011 -30"><span class='ocrx_word' id='word_1_40' title='bbox 480 835 568 881; x_wconf 87' lang='lat' dir='ltr'><strong>cte</strong></span> <span class='ocrx_word' id='word_1_41' title='bbox 597 840 662 883; x_wconf 87' lang='lat' dir='ltr'><strong>ac</strong></span> <span class='ocrx_word' id='word_1_42' title='bbox 705 840 970 900; x_wconf 81' lang='lat' dir='ltr'><strong>perpetuo</strong></span> <span class='ocrx_word' id='word_1_43' title='bbox 1011 833 1420 903; x_wconf 88' lang='lat' dir='ltr'><strong>usurpabimus.</strong></span> <span class='ocrx_word' id='word_1_44' title='bbox 1476 835 1717 892; x_wconf 87' lang='lat' dir='ltr'><strong>Primum</strong></span> <span class='ocrx_word' id='word_1_45' title='bbox 1772 842 1917 911; x_wconf 88' lang='lat' dir='ltr'><strong>quod</strong></span> <span class='ocrx_word' id='word_1_46' title='bbox 1970 858 2072 899; x_wconf 89' lang='lat' dir='ltr'><strong>nos</strong></span> 
     </span>
    </p>
   </div>
   <div class='ocr_carea' id='block_1_10' title="bbox 478 919 2070 1005">
    <p class='ocr_par' dir='ltr' id='par_1_10' title="bbox 478 919 2070 1005">
     <span class='ocr_line' id='line_1_10' title="bbox 478 919 2070 1005; baseline 0.012 -34"><span class='ocrx_word' id='word_1_47' title='bbox 478 931 511 972; x_wconf 88' lang='lat' dir='ltr'><strong>e</strong></span> <span class='ocrx_word' id='word_1_48' title='bbox 540 919 834 989; x_wconf 75' lang='lat' dir='ltr'><strong>gentilibus</strong></span> <span class='ocrx_word' id='word_1_49' title='bbox 859 924 1035 978; x_wconf 84' lang='lat' dir='ltr'><strong>vocati</strong></span> <span class='ocrx_word' id='word_1_50' title='bbox 1068 921 1124 978; x_wconf 90' lang='lat' dir='ltr'><strong>in</strong></span> <span class='ocrx_word' id='word_1_51' title='bbox 1166 925 1462 996; x_wconf 80' lang='lat' dir='ltr'><strong>ingenitum</strong></span> <span class='ocrx_word' id='word_1_52' title='bbox 1509 943 1573 984; x_wconf 90' lang='lat' dir='ltr'><strong>ac</strong></span> <span class='ocrx_word' id='word_1_53' title='bbox 1614 931 1850 999; x_wconf 84' lang='lat' dir='ltr'><strong>genitum</strong></span> <span class='ocrx_word' id='word_1_54' title='bbox 1890 933 2070 1005; x_wconf 88' lang='lat' dir='ltr'><strong>bapti-</strong></span> 
     </span>
    </p>
   </div>
   <div class='ocr_carea' id='block_1_11' title="bbox 478 1011 2072 1091">
    <p class='ocr_par' dir='ltr' id='par_1_11' title="bbox 478 1011 2072 1091">
     <span class='ocr_line' id='line_1_11' title="bbox 478 1011 2072 1091; baseline 0.013 -28"><span class='ocrx_word' id='word_1_55' title='bbox 478 1011 585 1063; x_wconf 83' lang='lat' dir='ltr'><strong>zati</strong></span> <span class='ocrx_word' id='word_1_56' title='bbox 614 1024 725 1065; x_wconf 92' lang='lat' dir='ltr'><strong>non</strong></span> <span class='ocrx_word' id='word_1_57' title='bbox 769 1026 982 1079; x_wconf 88' lang='lat' dir='ltr'><strong>sumus,</strong></span> <span class='ocrx_word' id='word_1_58' title='bbox 1016 1015 1112 1071; x_wconf 89' lang='lat' dir='ltr'><strong>sed</strong></span> <span class='ocrx_word' id='word_1_59' title='bbox 1148 1017 1202 1071; x_wconf 92' lang='lat' dir='ltr'><strong>in</strong></span> <span class='ocrx_word' id='word_1_60' title='bbox 1233 1016 1449 1074; x_wconf 85' lang='lat' dir='ltr'><strong>Patrem</strong></span> <span class='ocrx_word' id='word_1_61' title='bbox 1502 1035 1567 1076; x_wconf 89' lang='lat' dir='ltr'><strong>ac</strong></span> <span class='ocrx_word' id='word_1_62' title='bbox 1608 1020 1843 1091; x_wconf 88' lang='lat' dir='ltr'><strong>Filium;</strong></span> <span class='ocrx_word' id='word_1_63' title='bbox 1875 1024 2072 1083; x_wconf 90' lang='lat' dir='ltr'><strong>deinde</strong></span> 
     </span>
    </p>
   </div>
   <div class='ocr_carea' id='block_1_12' title="bbox 480 1101 2070 1192">
    <p class='ocr_par' dir='ltr' id='par_1_12' title="bbox 480 1101 2070 1192">
     <span class='ocr_line' id='line_1_12' title="bbox 480 1101 2070 1192; baseline 0.012 -36"><span class='ocrx_word' id='word_1_64' title='bbox 480 1103 627 1173; x_wconf 86' lang='lat' dir='ltr'><strong>quod</strong></span> <span class='ocrx_word' id='word_1_65' title='bbox 657 1101 829 1162; x_wconf 84' lang='lat' dir='ltr'><strong>Filius</strong></span> <span class='ocrx_word' id='word_1_66' title='bbox 858 1122 1137 1179; x_wconf 84' lang='lat' dir='ltr'><strong>nunquam</strong></span> <span class='ocrx_word' id='word_1_67' title='bbox 1185 1110 1401 1168; x_wconf 87' lang='lat' dir='ltr'><strong>Patrem</strong></span> <span class='ocrx_word' id='word_1_68' title='bbox 1441 1128 1602 1169; x_wconf 90' lang='lat' dir='ltr'><strong>suum</strong></span> <span class='ocrx_word' id='word_1_69' title='bbox 1632 1116 1933 1189; x_wconf 84' lang='lat' dir='ltr'><strong>ingenitum</strong></span> <span class='ocrx_word' id='word_1_70' title='bbox 1975 1136 2070 1192; x_wconf 89' lang='lat' dir='ltr'><strong>ap-</strong></span> 
     </span>
    </p>
   </div>
   <div class='ocr_carea' id='block_1_13' title="bbox 475 1194 2069 1280">
    <p class='ocr_par' dir='ltr' id='par_1_13' title="bbox 475 1194 2069 1280">
     <span class='ocr_line' id='line_1_13' title="bbox 475 1194 2069 1280; baseline 0.014 -34"><span class='ocrx_word' id='word_1_71' title='bbox 475 1194 714 1265; x_wconf 85' lang='lat' dir='ltr'><strong>pellasse</strong></span> <span class='ocrx_word' id='word_1_72' title='bbox 748 1200 1086 1269; x_wconf 80' lang='lat' dir='ltr'><strong>reperiatur;</strong></span> <span class='ocrx_word' id='word_1_73' title='bbox 1118 1202 1215 1258; x_wconf 88' lang='lat' dir='ltr'><strong>sed</strong></span> <span class='ocrx_word' id='word_1_74' title='bbox 1252 1200 1469 1260; x_wconf 86' lang='lat' dir='ltr'><strong>Patrem</strong></span> <span class='ocrx_word' id='word_1_75' title='bbox 1507 1221 1722 1280; x_wconf 84' lang='lat' dir='ltr'><strong>semper</strong></span> <span class='ocrx_word' id='word_1_76' title='bbox 1750 1210 2069 1269; x_wconf 84' lang='lat' dir='ltr'><strong>nominave-</strong></span> 
     </span>
    </p>
   </div>
   <div class='ocr_carea' id='block_1_14' title="bbox 474 1283 2068 1366">
    <p class='ocr_par' dir='ltr' id='par_1_14' title="bbox 474 1283 2068 1366">
     <span class='ocr_line' id='line_1_14' title="bbox 474 1283 2068 1366; baseline 0.014 -28"><span class='ocrx_word' id='word_1_77' title='bbox 474 1284 550 1338; x_wconf 88' lang='lat' dir='ltr'><strong>rit</strong></span> <span class='ocrx_word' id='word_1_78' title='bbox 577 1283 770 1352; x_wconf 89' lang='lat' dir='ltr'><strong>Dcum,</strong></span> <span class='ocrx_word' id='word_1_79' title='bbox 803 1289 1048 1360; x_wconf 88' lang='lat' dir='ltr'><strong>seipsum</strong></span> <span class='ocrx_word' id='word_1_80' title='bbox 1077 1307 1204 1346; x_wconf 81' lang='lat' dir='ltr'><strong>vero</strong></span> <span class='ocrx_word' id='word_1_81' title='bbox 1232 1292 1326 1349; x_wconf 85' lang='lat' dir='ltr'><strong>Dei</strong></span> <span class='ocrx_word' id='word_1_82' title='bbox 1353 1293 1572 1353; x_wconf 89' lang='lat' dir='ltr'><strong>Filium.</strong></span> <span class='ocrx_word' id='word_1_83' title='bbox 1602 1298 1813 1366; x_wconf 84' lang='lat' dir='ltr'><strong>Quibus</strong></span> <span class='ocrx_word' id='word_1_84' title='bbox 1835 1318 1900 1357; x_wconf 77' lang='lat' dir='ltr'><strong>ex</strong></span> <span class='ocrx_word' id='word_1_85' title='bbox 1932 1305 2068 1361; x_wconf 88' lang='lat' dir='ltr'><strong>locis</strong></span> 
     </span>
    </p>
   </div>
   <div class='ocr_carea' id='block_1_15' title="bbox 472 1380 2068 1467">
    <p class='ocr_par' dir='ltr' id='par_1_15' title="bbox 472 1380 2068 1467">
     <span class='ocr_line' id='line_1_15' title="bbox 472 1380 2068 1467; baseline 0.014 -36"><span class='ocrx_word' id='word_1_86' title='bbox 472 1391 653 1448; x_wconf 87' lang='lat' dir='ltr'><strong>pauca</strong></span> <span class='ocrx_word' id='word_1_87' title='bbox 695 1380 941 1451; x_wconf 66' lang='lat' dir='ltr'><strong>quaedam</strong></span> <span class='ocrx_word' id='word_1_88' title='bbox 998 1385 1320 1440; x_wconf 90' lang='lat' dir='ltr'><strong>ascribenda</strong></span> <span class='ocrx_word' id='word_1_89' title='bbox 1365 1398 1517 1447; x_wconf 88' lang='lat' dir='ltr'><strong>sunt.</strong></span> <span class='ocrx_word' id='word_1_90' title='bbox 1570 1390 1724 1448; x_wconf 79' lang='lat' dir='ltr'><strong>llunc</strong></span> <span class='ocrx_word' id='word_1_91' title='bbox 1771 1395 1937 1467; x_wconf 76' lang='lat' dir='ltr'><strong>igitur</strong></span> <span class='ocrx_word' id='word_1_92' title='bbox 1986 1397 2068 1453; x_wconf 85' lang='lat' dir='ltr'><strong>sic</strong></span> 
     </span>
    </p>
   </div>
   <div class='ocr_carea' id='block_1_16' title="bbox 472 1471 2068 1556">
    <p class='ocr_par' dir='ltr' id='par_1_16' title="bbox 472 1471 2068 1556">
     <span class='ocr_line' id='line_1_16' title="bbox 472 1471 2068 1556; baseline 0.016 -33"><span class='ocrx_word' id='word_1_93' title='bbox 472 1471 786 1541; x_wconf 80' lang='lat' dir='ltr'><strong>loquentem</strong></span> <span class='ocrx_word' id='word_1_94' title='bbox 806 1473 1093 1531; x_wconf 84' lang='lat' dir='ltr'><strong>audiamus</strong></span> <span class='ocrx_word' id='word_1_95' title='bbox 1112 1495 1124 1531; x_wconf 90' lang='lat'><strong>:</strong></span> <span class='ocrx_word' id='word_1_96' title='bbox 1142 1475 1203 1532; x_wconf 92' lang='lat' dir='ltr'><strong>Si</strong></span> <span class='ocrx_word' id='word_1_97' title='bbox 1219 1478 1500 1551; x_wconf 82' lang='lat' dir='ltr'><strong>diligeritis</strong></span> <span class='ocrx_word' id='word_1_98' title='bbox 1515 1500 1613 1550; x_wconf 87' lang='lat' dir='ltr'><strong>me,</strong></span> <span class='ocrx_word' id='word_1_99' title='bbox 1632 1486 1933 1556; x_wconf 80' lang='lat' dir='ltr'><strong>gauderetis</strong></span> <span class='ocrx_word' id='word_1_100' title='bbox 1960 1492 2068 1547; x_wconf 88' lang='lat' dir='ltr'><strong>uti-</strong></span> 
     </span>
    </p>
   </div>
   <div class='ocr_carea' id='block_1_17' title="bbox 472 1563 2069 1645">
    <p class='ocr_par' dir='ltr' id='par_1_17' title="bbox 472 1563 2069 1645">
     <span class='ocr_line' id='line_1_17' title="bbox 472 1563 2069 1645; baseline 0.014 -33"><span class='ocrx_word' id='word_1_101' title='bbox 472 1577 591 1631; x_wconf 80' lang='lat' dir='ltr'><strong>que,</strong></span> <span class='ocrx_word' id='word_1_102' title='bbox 612 1563 736 1632; x_wconf 84' lang='lat' dir='ltr'><strong>quia</strong></span> <span class='ocrx_word' id='word_1_103' title='bbox 754 1564 887 1620; x_wconf 82' lang='lat' dir='ltr'><strong>vado</strong></span> <span class='ocrx_word' id='word_1_104' title='bbox 921 1566 991 1621; x_wconf 81' lang='lat' dir='ltr'><strong>ad</strong></span> <span class='ocrx_word' id='word_1_105' title='bbox 1026 1566 1249 1624; x_wconf 84' lang='lat' dir='ltr'><strong>Patrem</strong></span> <span class='ocrx_word' id='word_1_106' title='bbox 1268 1588 1441 1627; x_wconf 86' lang='lat' dir='ltr'><strong>meum</strong></span> <span class='ocrx_word' id='word_1_107' title='bbox 1462 1575 1504 1632; x_wconf 87' lang='grc'><strong>¹.</strong></span> <span class='ocrx_word' id='word_1_108' title='bbox 1524 1573 1655 1632; x_wconf 82' lang='lat' dir='ltr'><strong>Item</strong></span> <span class='ocrx_word' id='word_1_109' title='bbox 1679 1597 1692 1633; x_wconf 88' lang='lat'><strong>:</strong></span> <span class='ocrx_word' id='word_1_110' title='bbox 1716 1577 1882 1645; x_wconf 76' lang='lat' dir='ltr'><strong>Quem</strong></span> <span class='ocrx_word' id='word_1_111' title='bbox 1904 1580 2069 1639; x_wconf 85' lang='lat' dir='ltr'><strong>Pater</strong></span> 
     </span>
    </p>
   </div>
   <div class='ocr_carea' id='block_1_18' title="bbox 473 1656 2064 1740">
    <p class='ocr_par' dir='ltr' id='par_1_18' title="bbox 473 1656 2064 1740">
     <span class='ocr_line' id='line_1_18' title="bbox 473 1656 2064 1740; baseline 0.014 -33"><span class='ocrx_word' id='word_1_112' title='bbox 473 1656 827 1724; x_wconf 74' lang='lat' dir='ltr'><strong>sanctiﬁcavit</strong></span> <span class='ocrx_word' id='word_1_113' title='bbox 846 1667 896 1713; x_wconf 88' lang='lat' dir='ltr'><strong>et</strong></span> <span class='ocrx_word' id='word_1_114' title='bbox 921 1661 1066 1715; x_wconf 90' lang='lat' dir='ltr'><strong>misit</strong></span> <span class='ocrx_word' id='word_1_115' title='bbox 1087 1663 1142 1717; x_wconf 87' lang='lat' dir='ltr'><strong>in</strong></span> <span class='ocrx_word' id='word_1_116' title='bbox 1176 1665 1454 1733; x_wconf 84' lang='lat' dir='ltr'><strong>mundum,</strong></span> <span class='ocrx_word' id='word_1_117' title='bbox 1476 1682 1566 1723; x_wconf 81' lang='lat' dir='ltr'><strong>vos</strong></span> <span class='ocrx_word' id='word_1_118' title='bbox 1591 1669 1720 1724; x_wconf 86' lang='lat' dir='ltr'><strong>mihi</strong></span> <span class='ocrx_word' id='word_1_119' title='bbox 1745 1670 2064 1740; x_wconf 74' lang='lat' dir='ltr'><strong>irascimini,</strong></span> 
     </span>
    </p>
   </div>
   <div class='ocr_carea' id='block_1_19' title="bbox 473 1744 2065 1830">
    <p class='ocr_par' dir='ltr' id='par_1_19' title="bbox 473 1744 2065 1830">
     <span class='ocr_line' id='line_1_19' title="bbox 473 1744 2065 1830; baseline 0.015 -35"><span class='ocrx_word' id='word_1_120' title='bbox 473 1744 610 1813; x_wconf 78' lang='lat' dir='ltr'><strong>quod</strong></span> <span class='ocrx_word' id='word_1_121' title='bbox 624 1744 851 1800; x_wconf 81' lang='lat' dir='ltr'><strong>dixerim</strong></span> <span class='ocrx_word' id='word_1_122' title='bbox 874 1764 893 1802; x_wconf 89' lang='lat'><strong><em>:</em></strong></span> <span class='ocrx_word' id='word_1_123' title='bbox 914 1747 1085 1805; x_wconf 86' lang='lat' dir='ltr'><strong>Filius</strong></span> <span class='ocrx_word' id='word_1_124' title='bbox 1104 1750 1200 1807; x_wconf 88' lang='lat' dir='ltr'><strong>Dei</strong></span> <span class='ocrx_word' id='word_1_125' title='bbox 1216 1770 1333 1808; x_wconf 86' lang='lat' dir='ltr'><strong>sum</strong></span> <span class='ocrx_word' id='word_1_126' title='bbox 1356 1757 1396 1809; x_wconf 82' lang='lat'><strong>&#39;.</strong></span> <span class='ocrx_word' id='word_1_127' title='bbox 1420 1753 1551 1813; x_wconf 85' lang='lat' dir='ltr'><strong>Item</strong></span> <span class='ocrx_word' id='word_1_128' title='bbox 1576 1776 1590 1812; x_wconf 87' lang='lat'>:</span> <span class='ocrx_word' id='word_1_129' title='bbox 1623 1757 1732 1830; x_wconf 82' lang='lat' dir='ltr'><strong>Ego</strong></span> <span class='ocrx_word' id='word_1_130' title='bbox 1755 1772 1803 1815; x_wconf 86' lang='lat' dir='ltr'><strong>et</strong></span> <span class='ocrx_word' id='word_1_131' title='bbox 1836 1779 1870 1817; x_wconf 90' lang='lat' dir='ltr'><strong>a</strong></span> <span class='ocrx_word' id='word_1_132' title='bbox 1905 1762 2065 1819; x_wconf 77' lang='lat' dir='ltr'><strong>Patre</strong></span> 
     </span>
    </p>
   </div>
   <div class='ocr_carea' id='block_1_20' title="bbox 2172 568 3735 648">
    <p class='ocr_par' dir='ltr' id='par_1_20' title="bbox 2172 568 3735 648">
     <span class='ocr_line' id='line_1_20' title="bbox 2172 568 3735 648; baseline 0.001 -21"><span class='ocrx_word' id='word_1_133' title='bbox 2172 568 2430 627; x_wconf 72' lang='grc' dir='ltr'>ἀσέϐειαν</span> <span class='ocrx_word' id='word_1_134' title='bbox 2454 569 2735 642; x_wconf 84' lang='grc' dir='ltr'>μεθοδείαν</span> <span class='ocrx_word' id='word_1_135' title='bbox 2759 570 2829 625; x_wconf 78' lang='grc' dir='ltr'>τὰ</span> <span class='ocrx_word' id='word_1_136' title='bbox 2852 571 3112 643; x_wconf 80' lang='grc' dir='ltr'>ὀνόματα·</span> <span class='ocrx_word' id='word_1_137' title='bbox 3133 572 3300 627; x_wconf 77' lang='grc' dir='ltr'>ἀεὶδὲ</span> <span class='ocrx_word' id='word_1_138' title='bbox 3328 574 3409 646; x_wconf 85' lang='grc' dir='ltr'>τῷ</span> <span class='ocrx_word' id='word_1_139' title='bbox 3423 573 3519 628; x_wconf 77' lang='grc' dir='ltr'><strong>τοῦ</strong></span> <span class='ocrx_word' id='word_1_140' title='bbox 3544 577 3735 648; x_wconf 61' lang='lat' dir='ltr'><strong>lla-:96;</strong></span> 
     </span>
    </p>
   </div>
   <div class='ocr_carea' id='block_1_21' title="bbox 2174 660 3738 735">
    <p class='ocr_par' dir='ltr' id='par_1_21' title="bbox 2174 660 3738 735">
     <span class='ocr_line' id='line_1_21' title="bbox 2174 660 3738 735; baseline 0.002 -20"><span class='ocrx_word' id='word_1_141' title='bbox 2174 662 2270 716; x_wconf 72' lang='grc' dir='ltr'><strong>καὶ</strong></span> <span class='ocrx_word' id='word_1_142' title='bbox 2290 661 2421 715; x_wconf 88' lang='grc' dir='ltr'>Υἱοῦ</span> <span class='ocrx_word' id='word_1_143' title='bbox 2453 662 2617 727; x_wconf 85' lang='grc' dir='ltr'>ὁσίως</span> <span class='ocrx_word' id='word_1_144' title='bbox 2644 662 2985 734; x_wconf 83' lang='grc' dir='ltr'>χρησόμεθα.</span> <span class='ocrx_word' id='word_1_145' title='bbox 3014 663 3238 735; x_wconf 84' lang='grc' dir='ltr'>Πρῶτον</span> <span class='ocrx_word' id='word_1_146' title='bbox 3270 664 3373 735; x_wconf 83' lang='grc' dir='ltr'>μὲν</span> <span class='ocrx_word' id='word_1_147' title='bbox 3402 660 3495 719; x_wconf 78' lang='grc' dir='ltr'><strong>οὖν</strong></span> <span class='ocrx_word' id='word_1_148' title='bbox 3519 666 3596 718; x_wconf 84' lang='grc' dir='ltr'>ὅτι</span> <span class='ocrx_word' id='word_1_149' title='bbox 3617 669 3663 718; x_wconf 85' lang='grc' dir='ltr'>οἱ</span> <span class='ocrx_word' id='word_1_150' title='bbox 3684 666 3738 734; x_wconf 81' lang='grc' dir='ltr'><strong>ὲξ</strong></span> 
     </span>
    </p>
   </div>
   <div class='ocr_carea' id='block_1_22' title="bbox 2173 750 3738 825">
    <p class='ocr_par' dir='ltr' id='par_1_22' title="bbox 2173 750 3738 825">
     <span class='ocr_line' id='line_1_22' title="bbox 2173 750 3738 825; baseline 0.004 -21"><span class='ocrx_word' id='word_1_151' title='bbox 2173 750 2344 819; x_wconf 79' lang='grc' dir='ltr'>ἐθνῶν</span> <span class='ocrx_word' id='word_1_152' title='bbox 2386 750 2674 823; x_wconf 81' lang='grc' dir='ltr'>κληθέντες</span> <span class='ocrx_word' id='word_1_153' title='bbox 2723 754 2826 805; x_wconf 78' lang='grc' dir='ltr'><strong>οὐκ</strong></span> <span class='ocrx_word' id='word_1_154' title='bbox 2868 752 3275 825; x_wconf 69' lang='grc' dir='ltr'>ἐϐαπτίσθημεν</span> <span class='ocrx_word' id='word_1_155' title='bbox 3327 755 3411 817; x_wconf 84' lang='grc' dir='ltr'><strong>είς</strong></span> <span class='ocrx_word' id='word_1_156' title='bbox 3465 754 3738 825; x_wconf 75' lang='grc' dir='ltr'><strong>ἀγέννητον</strong></span> 
     </span>
    </p>
   </div>
   <div class='ocr_carea' id='block_1_23' title="bbox 2173 842 3738 916">
    <p class='ocr_par' dir='ltr' id='par_1_23' title="bbox 2173 842 3738 916">
     <span class='ocr_line' id='line_1_23' title="bbox 2173 842 3738 916; baseline 0.003 -20"><span class='ocrx_word' id='word_1_157' title='bbox 2173 842 2267 896; x_wconf 75' lang='grc' dir='ltr'>καὶ</span> <span class='ocrx_word' id='word_1_158' title='bbox 2292 843 2572 915; x_wconf 83' lang='grc' dir='ltr'>γεννητὸν,</span> <span class='ocrx_word' id='word_1_159' title='bbox 2613 842 2728 897; x_wconf 81' lang='grc' dir='ltr'><strong>ἀλλ’</strong></span> <span class='ocrx_word' id='word_1_160' title='bbox 2765 846 2847 908; x_wconf 87' lang='grc' dir='ltr'><strong>είς</strong></span> <span class='ocrx_word' id='word_1_161' title='bbox 2888 844 3107 916; x_wconf 77' lang='grc' dir='ltr'><strong>Πατέρα</strong></span> <span class='ocrx_word' id='word_1_162' title='bbox 3140 846 3233 899; x_wconf 74' lang='grc' dir='ltr'><strong>καὶ</strong></span> <span class='ocrx_word' id='word_1_163' title='bbox 3260 845 3416 899; x_wconf 71' lang='grc' dir='ltr'><strong>Υἱὸψ</strong></span> <span class='ocrx_word' id='word_1_164' title='bbox 3456 845 3642 899; x_wconf 79' lang='grc' dir='ltr'>ἔπειτα</span> <span class='ocrx_word' id='word_1_165' title='bbox 3665 848 3738 901; x_wconf 80' lang='grc' dir='ltr'>ὅτι</span> 
     </span>
    </p>
   </div>
   <div class='ocr_carea' id='block_1_24' title="bbox 2172 934 3741 1008">
    <p class='ocr_par' dir='ltr' id='par_1_24' title="bbox 2172 934 3741 1008">
     <span class='ocr_line' id='line_1_24' title="bbox 2172 934 3741 1008; baseline 0.003 -20"><span class='ocrx_word' id='word_1_166' title='bbox 2172 934 2409 1006; x_wconf 77' lang='grc' dir='ltr'>οὐδαμοῦ</span> <span class='ocrx_word' id='word_1_167' title='bbox 2449 935 2759 1007; x_wconf 79' lang='grc' dir='ltr'>εὑρίσκεται</span> <span class='ocrx_word' id='word_1_168' title='bbox 2793 936 2822 987; x_wconf 99' lang='lat'><strong>6</strong></span> <span class='ocrx_word' id='word_1_169' title='bbox 2852 935 2980 1000; x_wconf 71' lang='grc' dir='ltr'>Υἱὸς</span> <span class='ocrx_word' id='word_1_170' title='bbox 3013 935 3249 1008; x_wconf 81' lang='grc' dir='ltr'>εἰρηκὼς</span> <span class='ocrx_word' id='word_1_171' title='bbox 3292 936 3387 990; x_wconf 76' lang='grc' dir='ltr'><strong>τὸν</strong></span> <span class='ocrx_word' id='word_1_172' title='bbox 3430 935 3620 991; x_wconf 80' lang='grc' dir='ltr'>ἑαυτοῦ</span> <span class='ocrx_word' id='word_1_173' title='bbox 3648 938 3741 992; x_wconf 84' lang='grc' dir='ltr'>Πα-</span> 
     </span>
    </p>
   </div>
   <div class='ocr_carea' id='block_1_25' title="bbox 2170 1026 3736 1099">
    <p class='ocr_par' dir='ltr' id='par_1_25' title="bbox 2170 1026 3736 1099">
     <span class='ocr_line' id='line_1_25' title="bbox 2170 1026 3736 1099; baseline 0.002 -20"><span class='ocrx_word' id='word_1_174' title='bbox 2170 1026 2309 1099; x_wconf 93' lang='grc' dir='ltr'>τέρα</span> <span class='ocrx_word' id='word_1_175' title='bbox 2333 1026 2649 1098; x_wconf 77' lang='grc' dir='ltr'><strong>ἀγέννητον,</strong></span> <span class='ocrx_word' id='word_1_176' title='bbox 2677 1027 2815 1082; x_wconf 72' lang='grc' dir='ltr'><strong>ἀλλὰ</strong></span> <span class='ocrx_word' id='word_1_177' title='bbox 2844 1028 2936 1082; x_wconf 69' lang='grc' dir='ltr'><strong>ἀεὶ</strong></span> <span class='ocrx_word' id='word_1_178' title='bbox 2967 1028 3189 1099; x_wconf 87' lang='grc' dir='ltr'>Πατέρα</span> <span class='ocrx_word' id='word_1_179' title='bbox 3217 1026 3461 1099; x_wconf 83' lang='grc' dir='ltr'>είρηκὼς</span> <span class='ocrx_word' id='word_1_180' title='bbox 3489 1028 3577 1081; x_wconf 73' lang='grc' dir='ltr'><strong>τὸν</strong></span> <span class='ocrx_word' id='word_1_181' title='bbox 3598 1030 3736 1092; x_wconf 79' lang='grc' dir='ltr'>Θεὸν,</span> 
     </span>
    </p>
   </div>
   <div class='ocr_carea' id='block_1_26' title="bbox 2170 1115 3741 1188">
    <p class='ocr_par' dir='ltr' id='par_1_26' title="bbox 2170 1115 3741 1188">
     <span class='ocr_line' id='line_1_26' title="bbox 2170 1115 3741 1188; baseline 0.001 -18"><span class='ocrx_word' id='word_1_182' title='bbox 2170 1116 2266 1170; x_wconf 73' lang='grc' dir='ltr'><strong>καὶ</strong></span> <span class='ocrx_word' id='word_1_183' title='bbox 2302 1115 2390 1170; x_wconf 77' lang='grc' dir='ltr'><strong>ἀεὶ</strong></span> <span class='ocrx_word' id='word_1_184' title='bbox 2413 1115 2603 1170; x_wconf 80' lang='grc' dir='ltr'>ἑαυτὸν</span> <span class='ocrx_word' id='word_1_185' title='bbox 2636 1116 2763 1169; x_wconf 82' lang='grc' dir='ltr'>Υξὸν</span> <span class='ocrx_word' id='word_1_186' title='bbox 2787 1115 2882 1170; x_wconf 84' lang='grc' dir='ltr'><strong>τοῦ</strong></span> <span class='ocrx_word' id='word_1_187' title='bbox 2913 1116 3049 1170; x_wconf 80' lang='grc' dir='ltr'>Θεοῦ</span> <span class='ocrx_word' id='word_1_188' title='bbox 3080 1117 3259 1187; x_wconf 79' lang='grc' dir='ltr'>(ὀλίγα</span> <span class='ocrx_word' id='word_1_189' title='bbox 3292 1117 3337 1147; x_wconf 80' lang='grc'><strong>¹⁰</strong></span> <span class='ocrx_word' id='word_1_190' title='bbox 3369 1132 3741 1188; x_wconf 62' lang='lat' dir='ltr'><strong>napus-nitela)-</strong></span> 
     </span>
    </p>
   </div>
   <div class='ocr_carea' id='block_1_27' title="bbox 2170 1207 3738 1285">
    <p class='ocr_par' dir='ltr' id='par_1_27' title="bbox 2170 1207 3738 1285">
     <span class='ocr_line' id='line_1_27' title="bbox 2170 1207 3738 1285; baseline -0.001 -23"><span class='ocrx_word' id='word_1_191' title='bbox 2170 1208 2332 1280; x_wconf 89' lang='grc' dir='ltr'>τέον),</span> <span class='ocrx_word' id='word_1_192' title='bbox 2366 1208 2660 1272; x_wconf 82' lang='grc' dir='ltr'>ἀκούοντες</span> <span class='ocrx_word' id='word_1_193' title='bbox 2699 1207 2865 1261; x_wconf 78' lang='grc' dir='ltr'>αὑτοῦ</span> <span class='ocrx_word' id='word_1_194' title='bbox 2916 1208 3185 1278; x_wconf 85' lang='grc' dir='ltr'>λέγοντος·</span> <span class='ocrx_word' id='word_1_195' title='bbox 3229 1211 3297 1262; x_wconf 79' lang='lat' dir='ltr'><strong>Ei</strong></span> <span class='ocrx_word' id='word_1_196' title='bbox 3348 1207 3619 1285; x_wconf 63' lang='grc' dir='ltr'><strong>ἠγαπᾶτέ</strong></span> <span class='ocrx_word' id='word_1_197' title='bbox 3652 1226 3738 1278; x_wconf 72' lang='grc' dir='ltr'>με,</span> 
     </span>
    </p>
   </div>
   <div class='ocr_carea' id='block_1_28' title="bbox 2168 1298 3738 1370">
    <p class='ocr_par' dir='ltr' id='par_1_28' title="bbox 2168 1298 3738 1370">
     <span class='ocr_line' id='line_1_28' title="bbox 2168 1298 3738 1370; baseline 0.001 -18"><span class='ocrx_word' id='word_1_198' title='bbox 2168 1299 2427 1370; x_wconf 78' lang='grc' dir='ltr'>ἐχάρητε</span> <span class='ocrx_word' id='word_1_199' title='bbox 2452 1298 2550 1363; x_wconf 82' lang='grc' dir='ltr'><strong>ἂν,</strong></span> <span class='ocrx_word' id='word_1_200' title='bbox 2578 1299 2667 1355; x_wconf 87' lang='grc' dir='ltr'>ὅτι</span> <span class='ocrx_word' id='word_1_201' title='bbox 2691 1301 3016 1369; x_wconf 73' lang='grc' dir='ltr'>πορεύομαι</span> <span class='ocrx_word' id='word_1_202' title='bbox 3046 1299 3197 1369; x_wconf 77' lang='grc' dir='ltr'>πρὸς</span> <span class='ocrx_word' id='word_1_203' title='bbox 3221 1300 3331 1355; x_wconf 73' lang='grc' dir='ltr'><strong>τὸν</strong></span> <span class='ocrx_word' id='word_1_204' title='bbox 3361 1299 3595 1369; x_wconf 80' lang='grc' dir='ltr'>Πατέρα</span> <span class='ocrx_word' id='word_1_205' title='bbox 3613 1316 3738 1369; x_wconf 69' lang='grc' dir='ltr'><strong>μουθ</strong></span> 
     </span>
    </p>
   </div>
   <div class='ocr_carea' id='block_1_29' title="bbox 2168 1390 3741 1461">
    <p class='ocr_par' dir='ltr' id='par_1_29' title="bbox 2168 1390 3741 1461">
     <span class='ocr_line' id='line_1_29' title="bbox 2168 1390 3741 1461; baseline 0.001 -18"><span class='ocrx_word' id='word_1_206' title='bbox 2168 1391 2286 1455; x_wconf 80' lang='grc' dir='ltr'>καὶ,</span> <span class='ocrx_word' id='word_1_207' title='bbox 2328 1392 2431 1444; x_wconf 84' lang='grc' dir='ltr'><strong>Ὃν</strong></span> <span class='ocrx_word' id='word_1_208' title='bbox 2457 1394 2490 1445; x_wconf 84' lang='grc' dir='ltr'><em>ὁ</em></span> <span class='ocrx_word' id='word_1_209' title='bbox 2524 1390 2730 1461; x_wconf 71' lang='grc' dir='ltr'>Πατὴρ</span> <span class='ocrx_word' id='word_1_210' title='bbox 2759 1391 2977 1461; x_wconf 62' lang='lat' dir='ltr'><strong>ﬁrmae</strong></span> <span class='ocrx_word' id='word_1_211' title='bbox 3013 1391 3113 1445; x_wconf 77' lang='grc' dir='ltr'>καί</span> <span class='ocrx_word' id='word_1_212' title='bbox 3143 1390 3516 1446; x_wconf 75' lang='grc' dir='ltr'>ἀπέστειλεν</span> <span class='ocrx_word' id='word_1_213' title='bbox 3545 1393 3630 1448; x_wconf 76' lang='grc' dir='ltr'>εί(-</span> <span class='ocrx_word' id='word_1_214' title='bbox 3648 1390 3741 1445; x_wconf 83' lang='grc' dir='ltr'><strong>τὸν</strong></span> 
     </span>
    </p>
   </div>
   <div class='ocr_carea' id='block_1_30' title="bbox 2169 1470 3735 1552">
    <p class='ocr_par' dir='ltr' id='par_1_30' title="bbox 2169 1470 3735 1552">
     <span class='ocr_line' id='line_1_30' title="bbox 2169 1470 3735 1552; baseline -0.001 -18"><span class='ocrx_word' id='word_1_215' title='bbox 2169 1481 2424 1552; x_wconf 77' lang='grc' dir='ltr'>κόσμον,</span> <span class='ocrx_word' id='word_1_216' title='bbox 2457 1483 2587 1552; x_wconf 80' lang='grc' dir='ltr'><strong>ἐμοὶ</strong></span> <span class='ocrx_word' id='word_1_217' title='bbox 2634 1480 2876 1551; x_wconf 74' lang='grc' dir='ltr'>χολᾶτε,</span> <span class='ocrx_word' id='word_1_218' title='bbox 2908 1481 2999 1536; x_wconf 84' lang='grc' dir='ltr'>ὅτι</span> <span class='ocrx_word' id='word_1_219' title='bbox 3038 1470 3230 1536; x_wconf 71' lang='grc' dir='ltr'>εἶπον·</span> <span class='ocrx_word' id='word_1_220' title='bbox 3276 1480 3417 1547; x_wconf 86' lang='grc' dir='ltr'><strong>Υἱὸς</strong></span> <span class='ocrx_word' id='word_1_221' title='bbox 3445 1479 3592 1535; x_wconf 82' lang='grc' dir='ltr'><strong>Θεοῦ</strong></span> <span class='ocrx_word' id='word_1_222' title='bbox 3617 1482 3735 1550; x_wconf 79' lang='grc' dir='ltr'>ειμι·</span> 
     </span>
    </p>
   </div>
   <div class='ocr_carea' id='block_1_31' title="bbox 2167 1568 3738 1642">
    <p class='ocr_par' dir='ltr' id='par_1_31' title="bbox 2167 1568 3738 1642">
     <span class='ocr_line' id='line_1_31' title="bbox 2167 1568 3738 1642; baseline 0.008 -19"><span class='ocrx_word' id='word_1_223' title='bbox 2167 1570 2282 1637; x_wconf 75' lang='grc' dir='ltr'>καὶ,</span> <span class='ocrx_word' id='word_1_224' title='bbox 2318 1571 2460 1642; x_wconf 73' lang='grc' dir='ltr'><strong>Ἐγὼ</strong></span> <span class='ocrx_word' id='word_1_225' title='bbox 2472 1572 2541 1626; x_wconf 81' lang='grc' dir='ltr'><em>ἐκ</em></span> <span class='ocrx_word' id='word_1_226' title='bbox 2562 1572 2668 1626; x_wconf 85' lang='grc' dir='ltr'><strong>τοῦ</strong></span> <span class='ocrx_word' id='word_1_227' title='bbox 2686 1572 2913 1640; x_wconf 76' lang='grc' dir='ltr'>Πατρός</span> <span class='ocrx_word' id='word_1_228' title='bbox 2932 1569 3218 1640; x_wconf 78' lang='grc' dir='ltr'><strong>ἐξῆλθον,</strong></span> <span class='ocrx_word' id='word_1_229' title='bbox 3243 1572 3344 1625; x_wconf 83' lang='grc' dir='ltr'><strong>καὶ</strong></span> <span class='ocrx_word' id='word_1_230' title='bbox 3368 1570 3518 1639; x_wconf 72' lang='grc' dir='ltr'><strong>ἥκω.</strong></span> <span class='ocrx_word' id='word_1_231' title='bbox 3553 1568 3738 1639; x_wconf 66' lang='grc' dir='ltr'><strong>Ἐξῆλ-</strong></span> 
     </span>
    </p>
   </div>
   <div class='ocr_carea' id='block_1_32' title="bbox 2167 1659 3734 1732">
    <p class='ocr_par' dir='ltr' id='par_1_32' title="bbox 2167 1659 3734 1732">
     <span class='ocr_line' id='line_1_32' title="bbox 2167 1659 3734 1732; baseline -0.003 -16"><span class='ocrx_word' id='word_1_232' title='bbox 2167 1665 2276 1716; x_wconf 83' lang='grc' dir='ltr'><strong>θον</strong></span> <span class='ocrx_word' id='word_1_233' title='bbox 2297 1662 2367 1717; x_wconf 83' lang='grc' dir='ltr'><strong>ἐκ</strong></span> <span class='ocrx_word' id='word_1_234' title='bbox 2398 1661 2505 1717; x_wconf 83' lang='grc' dir='ltr'><strong>τοῦ</strong></span> <span class='ocrx_word' id='word_1_235' title='bbox 2533 1661 2784 1732; x_wconf 80' lang='grc' dir='ltr'>Πατρὸς,</span> <span class='ocrx_word' id='word_1_236' title='bbox 2814 1661 2913 1719; x_wconf 81' lang='grc' dir='ltr'><strong>καὶ</strong></span> <span class='ocrx_word' id='word_1_237' title='bbox 2946 1662 3219 1729; x_wconf 72' lang='grc' dir='ltr'><strong>ἐλήλυθα</strong></span> <span class='ocrx_word' id='word_1_238' title='bbox 3243 1663 3336 1726; x_wconf 82' lang='grc' dir='ltr'><strong>είς</strong></span> <span class='ocrx_word' id='word_1_239' title='bbox 3359 1659 3472 1713; x_wconf 79' lang='grc' dir='ltr'><strong>τὸν</strong></span> <span class='ocrx_word' id='word_1_240' title='bbox 3504 1659 3734 1727; x_wconf 72' lang='grc' dir='ltr'><strong>κόσμον·</strong></span> 
     </span>
    </p>
   </div>
   <div class='ocr_carea' id='block_1_33' title="bbox 2164 1747 3737 1822">
    <p class='ocr_par' dir='ltr' id='par_1_33' title="bbox 2164 1747 3737 1822">
     <span class='ocr_line' id='line_1_33' title="bbox 2164 1747 3737 1822; baseline -0.004 -17"><span class='ocrx_word' id='word_1_241' title='bbox 2164 1749 2354 1806; x_wconf 69' lang='grc' dir='ltr'><strong>πάλιν</strong></span> <span class='ocrx_word' id='word_1_242' title='bbox 2384 1752 2598 1822; x_wconf 65' lang='grc' dir='ltr'>ἀφίημι</span> <span class='ocrx_word' id='word_1_243' title='bbox 2647 1752 2754 1806; x_wconf 84' lang='grc' dir='ltr'><strong>τὸν</strong></span> <span class='ocrx_word' id='word_1_244' title='bbox 2796 1752 3054 1822; x_wconf 79' lang='grc' dir='ltr'><strong>κόσμον,</strong></span> <span class='ocrx_word' id='word_1_245' title='bbox 3100 1750 3201 1806; x_wconf 77' lang='grc' dir='ltr'><strong>καὶ</strong></span> <span class='ocrx_word' id='word_1_246' title='bbox 3243 1750 3574 1819; x_wconf 81' lang='grc' dir='ltr'>πορεύομαι</span> <span class='ocrx_word' id='word_1_247' title='bbox 3607 1747 3737 1814; x_wconf 77' lang='grc' dir='ltr'>πρὸς</span> 
     </span>
    </p>
   </div>
   <div class='ocr_carea' id='block_1_34' title="bbox 468 1826 2065 1918">
    <p class='ocr_par' dir='ltr' id='par_1_34' title="bbox 468 1835 2064 1909">
     <span class='ocr_line' id='line_1_34' title="bbox 468 1835 2064 1909; baseline 0.013 -20"><span class='ocrx_word' id='word_1_248' title='bbox 468 1835 629 1902; x_wconf 68' lang='lat' dir='ltr'><strong>exivi,</strong></span> <span class='ocrx_word' id='word_1_249' title='bbox 655 1844 703 1891; x_wconf 86' lang='lat' dir='ltr'><strong>et</strong></span> <span class='ocrx_word' id='word_1_250' title='bbox 738 1838 891 1895; x_wconf 83' lang='lat' dir='ltr'><strong>uado.</strong></span> <span class='ocrx_word' id='word_1_251' title='bbox 909 1838 1065 1896; x_wconf 72' lang='lat' dir='ltr'><strong>Exivi</strong></span> <span class='ocrx_word' id='word_1_252' title='bbox 1086 1859 1118 1896; x_wconf 88' lang='lat' dir='ltr'><strong>a</strong></span> <span class='ocrx_word' id='word_1_253' title='bbox 1136 1841 1388 1908; x_wconf 79' lang='lat' dir='ltr'><strong>Patre,et</strong></span> <span class='ocrx_word' id='word_1_254' title='bbox 1416 1849 1531 1901; x_wconf 82' lang='lat' dir='ltr'><strong>veni</strong></span> <span class='ocrx_word' id='word_1_255' title='bbox 1572 1849 1627 1903; x_wconf 88' lang='lat' dir='ltr'><strong>in</strong></span> <span class='ocrx_word' id='word_1_256' title='bbox 1644 1850 1893 1905; x_wconf 84' lang='lat' dir='ltr'><strong>mundum</strong></span> <span class='ocrx_word' id='word_1_257' title='bbox 1920 1870 1936 1907; x_wconf 89' lang='lat'><strong><em>:</em></strong></span> <span class='ocrx_word' id='word_1_258' title='bbox 1963 1857 2064 1909; x_wconf 84' lang='lat' dir='ltr'><strong>ite-</strong></span> 
     </span>
    </p>
   </div>
   <div class='ocr_carea' id='block_1_35' title="bbox 2167 1826 3738 1918">
    <p class='ocr_par' dir='ltr' id='par_1_35' title="bbox 2170 1836 3738 1918">
     <span class='ocr_line' id='line_1_35' title="bbox 2170 1836 3738 1918; baseline -0.003 -20"><span class='ocrx_word' id='word_1_259' title='bbox 2170 1845 2276 1899; x_wconf 82' lang='grc' dir='ltr'>τόν</span> <span class='ocrx_word' id='word_1_260' title='bbox 2305 1845 2557 1913; x_wconf 75' lang='grc' dir='ltr'>Πατέρα.</span> <span class='ocrx_word' id='word_1_261' title='bbox 2586 1846 2695 1900; x_wconf 76' lang='grc' dir='ltr'>Καὶ</span> <span class='ocrx_word' id='word_1_262' title='bbox 2724 1847 2758 1918; x_wconf 78' lang='grc' dir='ltr'><strong>η</strong></span> <span class='ocrx_word' id='word_1_263' title='bbox 2782 1845 3041 1917; x_wconf 74' lang='grc' dir='ltr'>ὁμολογία</span> <span class='ocrx_word' id='word_1_264' title='bbox 3064 1843 3120 1898; x_wconf 72' lang='grc' dir='ltr'>δὲ</span> <span class='ocrx_word' id='word_1_265' title='bbox 3145 1842 3240 1897; x_wconf 83' lang='grc' dir='ltr'><strong>τοῦ</strong></span> <span class='ocrx_word' id='word_1_266' title='bbox 3272 1843 3508 1914; x_wconf 76' lang='grc' dir='ltr'>Πέτρου·</span> <span class='ocrx_word' id='word_1_267' title='bbox 3534 1841 3615 1895; x_wconf 86' lang='grc' dir='ltr'><strong>Σὺ</strong></span> <span class='ocrx_word' id='word_1_268' title='bbox 3643 1836 3694 1895; x_wconf 83' lang='grc' dir='ltr'>εἶ</span> <span class='ocrx_word' id='word_1_269' title='bbox 3711 1842 3738 1894; x_wconf 87' lang='grc' dir='ltr'><strong><em>ό</em></strong></span> 
     </span>
    </p>
   </div>
   <div class='ocr_carea' id='block_1_36' title="bbox 469 1929 2067 2007">
    <p class='ocr_par' dir='ltr' id='par_1_36' title="bbox 469 1929 2067 2007">
     <span class='ocr_line' id='line_1_36' title="bbox 469 1929 2067 2007; baseline 0.014 -27"><span class='ocrx_word' id='word_1_270' title='bbox 469 1942 592 1981; x_wconf 76' lang='lat' dir='ltr'><strong>rum</strong></span> <span class='ocrx_word' id='word_1_271' title='bbox 620 1929 860 1999; x_wconf 73' lang='lat' dir='ltr'><strong>relinquo</strong></span> <span class='ocrx_word' id='word_1_272' title='bbox 879 1935 1154 2002; x_wconf 79' lang='lat' dir='ltr'><strong>mundum,</strong></span> <span class='ocrx_word' id='word_1_273' title='bbox 1181 1946 1231 1992; x_wconf 87' lang='lat' dir='ltr'><strong>et</strong></span> <span class='ocrx_word' id='word_1_274' title='bbox 1253 1938 1385 1993; x_wconf 83' lang='lat' dir='ltr'><strong>vado</strong></span> <span class='ocrx_word' id='word_1_275' title='bbox 1412 1940 1482 1992; x_wconf 86' lang='lat' dir='ltr'><strong>ad</strong></span> <span class='ocrx_word' id='word_1_276' title='bbox 1501 1939 1719 1995; x_wconf 83' lang='lat' dir='ltr'><strong>Patrem</strong></span> <span class='ocrx_word' id='word_1_277' title='bbox 1736 1943 1775 1999; x_wconf 91' lang='grc'>³.</span> <span class='ocrx_word' id='word_1_278' title='bbox 1799 1944 1950 2007; x_wconf 79' lang='lat' dir='ltr'><strong>Adde</strong></span> <span class='ocrx_word' id='word_1_279' title='bbox 1969 1946 2067 2003; x_wconf 84' lang='lat' dir='ltr'><strong>Pe-</strong></span> 
     </span>
    </p>
   </div>
   <div class='ocr_carea' id='block_1_37' title="bbox 469 2022 2065 2097">
    <p class='ocr_par' dir='ltr' id='par_1_37' title="bbox 469 2022 2065 2097">
     <span class='ocr_line' id='line_1_37' title="bbox 469 2022 2065 2097; baseline 0.014 -23"><span class='ocrx_word' id='word_1_280' title='bbox 469 2022 540 2075; x_wconf 82' lang='lat' dir='ltr'><strong>tri</strong></span> <span class='ocrx_word' id='word_1_281' title='bbox 563 2022 987 2082; x_wconf 80' lang='lat' dir='ltr'><strong>confessionem:</strong></span> <span class='ocrx_word' id='word_1_282' title='bbox 1015 2027 1095 2082; x_wconf 85' lang='lat' dir='ltr'><strong><em>Tu</em></strong></span> <span class='ocrx_word' id='word_1_283' title='bbox 1118 2046 1172 2085; x_wconf 84' lang='lat' dir='ltr'><strong>es</strong></span> <span class='ocrx_word' id='word_1_284' title='bbox 1190 2029 1434 2087; x_wconf 82' lang='lat' dir='ltr'><strong>Christus</strong></span> <span class='ocrx_word' id='word_1_285' title='bbox 1464 2032 1640 2090; x_wconf 86' lang='lat' dir='ltr'><strong>Filius</strong></span> <span class='ocrx_word' id='word_1_286' title='bbox 1672 2035 1768 2091; x_wconf 86' lang='lat' dir='ltr'><strong>Dei</strong></span> <span class='ocrx_word' id='word_1_287' title='bbox 1793 2038 1835 2093; x_wconf 70' lang='grc' dir='ltr'>δ.</span> <span class='ocrx_word' id='word_1_288' title='bbox 1875 2040 1978 2096; x_wconf 83' lang='lat' dir='ltr'><strong>Sed</strong></span> <span class='ocrx_word' id='word_1_289' title='bbox 2007 2054 2065 2097; x_wconf 87' lang='lat' dir='ltr'><strong>et</strong></span> 
     </span>
    </p>
   </div>
   <div class='ocr_carea' id='block_1_38' title="bbox 469 2110 2061 2193">
    <p class='ocr_par' dir='ltr' id='par_1_38' title="bbox 469 2110 2061 2193">
     <span class='ocr_line' id='line_1_38' title="bbox 469 2110 2061 2193; baseline 0.015 -29"><span class='ocrx_word' id='word_1_290' title='bbox 469 2110 634 2167; x_wconf 87' lang='lat' dir='ltr'><strong>Pater</strong></span> <span class='ocrx_word' id='word_1_291' title='bbox 660 2128 689 2169; x_wconf 92' lang='lat' dir='ltr'><strong>e</strong></span> <span class='ocrx_word' id='word_1_292' title='bbox 717 2115 891 2172; x_wconf 72' lang='lat' dir='ltr'><strong>cmlo:</strong></span> <span class='ocrx_word' id='word_1_293' title='bbox 913 2114 1014 2172; x_wconf 79' lang='lat' dir='ltr'><strong>Hic</strong></span> <span class='ocrx_word' id='word_1_294' title='bbox 1041 2129 1143 2185; x_wconf 84' lang='lat' dir='ltr'><strong>est,</strong></span> <span class='ocrx_word' id='word_1_295' title='bbox 1168 2120 1363 2193; x_wconf 85' lang='lat' dir='ltr'><strong>inquit,</strong></span> <span class='ocrx_word' id='word_1_296' title='bbox 1390 2122 1567 2182; x_wconf 81' lang='lat' dir='ltr'><strong>Filius</strong></span> <span class='ocrx_word' id='word_1_297' title='bbox 1602 2145 1745 2183; x_wconf 79' lang='lat' dir='ltr'><strong>meus</strong></span> <span class='ocrx_word' id='word_1_298' title='bbox 1762 2128 1984 2187; x_wconf 84' lang='lat' dir='ltr'><strong>dilectus</strong></span> <span class='ocrx_word' id='word_1_299' title='bbox 2018 2135 2061 2188; x_wconf 80' lang='grc'>⁵.</span> 
     </span>
    </p>
   </div>
   <div class='ocr_carea' id='block_1_39' title="bbox 471 2202 2064 2285">
    <p class='ocr_par' dir='ltr' id='par_1_39' title="bbox 471 2202 2064 2285">
     <span class='ocr_line' id='line_1_39' title="bbox 471 2202 2064 2285; baseline 0.014 -27"><span class='ocrx_word' id='word_1_300' title='bbox 471 2202 606 2270; x_wconf 76' lang='lat' dir='ltr'><strong>Qua:</strong></span> <span class='ocrx_word' id='word_1_301' title='bbox 640 2220 766 2261; x_wconf 89' lang='lat' dir='ltr'><strong>cum</strong></span> <span class='ocrx_word' id='word_1_302' title='bbox 808 2207 884 2263; x_wconf 88' lang='lat' dir='ltr'><strong>ita</strong></span> <span class='ocrx_word' id='word_1_303' title='bbox 916 2210 1045 2277; x_wconf 91' lang='lat' dir='ltr'><strong>sint,</strong></span> <span class='ocrx_word' id='word_1_304' title='bbox 1078 2226 1315 2285; x_wconf 87' lang='lat' dir='ltr'><strong>cumque</strong></span> <span class='ocrx_word' id='word_1_305' title='bbox 1353 2224 1408 2273; x_wconf 91' lang='lat' dir='ltr'><strong>et</strong></span> <span class='ocrx_word' id='word_1_306' title='bbox 1443 2216 1605 2274; x_wconf 90' lang='lat' dir='ltr'><strong>Pater</strong></span> <span class='ocrx_word' id='word_1_307' title='bbox 1634 2217 1782 2284; x_wconf 86' lang='lat' dir='ltr'><strong>Filii,</strong></span> <span class='ocrx_word' id='word_1_308' title='bbox 1808 2228 1863 2278; x_wconf 89' lang='lat' dir='ltr'><strong>et</strong></span> <span class='ocrx_word' id='word_1_309' title='bbox 1889 2222 2064 2280; x_wconf 85' lang='lat' dir='ltr'><strong>Filius</strong></span> 
     </span>
    </p>
   </div>
   <div class='ocr_carea' id='block_1_40' title="bbox 472 2295 2063 2380">
    <p class='ocr_par' dir='ltr' id='par_1_40' title="bbox 472 2295 2063 2380">
     <span class='ocr_line' id='line_1_40' title="bbox 472 2295 2063 2380; baseline 0.014 -30"><span class='ocrx_word' id='word_1_310' title='bbox 472 2295 653 2355; x_wconf 67' lang='lat' dir='ltr'><strong>Patris</strong></span> <span class='ocrx_word' id='word_1_311' title='bbox 691 2299 760 2355; x_wconf 91' lang='lat' dir='ltr'><strong>ad</strong></span> <span class='ocrx_word' id='word_1_312' title='bbox 785 2317 909 2357; x_wconf 90' lang='lat' dir='ltr'><strong>eum</strong></span> <span class='ocrx_word' id='word_1_313' title='bbox 935 2304 1158 2360; x_wconf 89' lang='lat' dir='ltr'><strong>modum</strong></span> <span class='ocrx_word' id='word_1_314' title='bbox 1190 2309 1522 2377; x_wconf 84' lang='lat' dir='ltr'><strong>meminerit,</strong></span> <span class='ocrx_word' id='word_1_315' title='bbox 1548 2319 1604 2369; x_wconf 89' lang='lat' dir='ltr'><strong>et</strong></span> <span class='ocrx_word' id='word_1_316' title='bbox 1630 2328 1754 2380; x_wconf 90' lang='lat' dir='ltr'><strong>nos,</strong></span> <span class='ocrx_word' id='word_1_317' title='bbox 1779 2326 1838 2371; x_wconf 90' lang='lat' dir='ltr'><strong>ut</strong></span> <span class='ocrx_word' id='word_1_318' title='bbox 1865 2318 2063 2373; x_wconf 83' lang='lat' dir='ltr'><strong>iterum</strong></span> 
     </span>
    </p>
   </div>
   <div class='ocr_carea' id='block_1_41' title="bbox 469 2387 2062 2472">
    <p class='ocr_par' dir='ltr' id='par_1_41' title="bbox 469 2387 2062 2472">
     <span class='ocr_line' id='line_1_41' title="bbox 469 2387 2062 2472; baseline 0.013 -29"><span class='ocrx_word' id='word_1_319' title='bbox 469 2387 671 2457; x_wconf 74' lang='lat' dir='ltr'><strong>dicam,</strong></span> <span class='ocrx_word' id='word_1_320' title='bbox 712 2391 863 2449; x_wconf 84' lang='lat' dir='ltr'><strong>hisce</strong></span> <span class='ocrx_word' id='word_1_321' title='bbox 913 2397 1232 2456; x_wconf 89' lang='lat' dir='ltr'><strong>nominibus</strong></span> <span class='ocrx_word' id='word_1_322' title='bbox 1284 2401 1558 2472; x_wconf 87' lang='lat' dir='ltr'><strong>obsignati</strong></span> <span class='ocrx_word' id='word_1_323' title='bbox 1619 2405 1815 2471; x_wconf 87' lang='lat' dir='ltr'><strong>simus,</strong></span> <span class='ocrx_word' id='word_1_324' title='bbox 1868 2408 2062 2464; x_wconf 82' lang='lat' dir='ltr'><strong>iisdem</strong></span> 
     </span>
    </p>
   </div>
   <div class='ocr_carea' id='block_1_42' title="bbox 468 2480 2061 2568">
    <p class='ocr_par' dir='ltr' id='par_1_42' title="bbox 468 2480 2061 2568">
     <span class='ocr_line' id='line_1_42' title="bbox 468 2480 2061 2568; baseline 0.014 -34"><span class='ocrx_word' id='word_1_325' title='bbox 468 2480 579 2538; x_wconf 88' lang='lat' dir='ltr'><strong>illis</strong></span> <span class='ocrx_word' id='word_1_326' title='bbox 603 2498 822 2554; x_wconf 88' lang='lat' dir='ltr'><strong>semper</strong></span> <span class='ocrx_word' id='word_1_327' title='bbox 844 2496 1084 2559; x_wconf 87' lang='lat' dir='ltr'><strong>utemur,</strong></span> <span class='ocrx_word' id='word_1_328' title='bbox 1117 2505 1181 2546; x_wconf 91' lang='lat' dir='ltr'><strong>ac</strong></span> <span class='ocrx_word' id='word_1_329' title='bbox 1212 2492 1473 2563; x_wconf 78' lang='lat' dir='ltr'><strong>profanas</strong></span> <span class='ocrx_word' id='word_1_330' title='bbox 1494 2508 1691 2552; x_wconf 84' lang='lat' dir='ltr'><strong>vocum</strong></span> <span class='ocrx_word' id='word_1_331' title='bbox 1720 2498 1992 2555; x_wconf 85' lang='lat' dir='ltr'><strong>novitates</strong></span> <span class='ocrx_word' id='word_1_332' title='bbox 2015 2502 2061 2568; x_wconf 82' lang='grc'>⁸,</span> 
     </span>
    </p>
   </div>
   <div class='ocr_carea' id='block_1_43' title="bbox 466 2579 2062 2663">
    <p class='ocr_par' dir='ltr' id='par_1_43' title="bbox 466 2579 2062 2663">
     <span class='ocr_line' id='line_1_43' title="bbox 466 2579 2062 2663; baseline 0.013 -35"><span class='ocrx_word' id='word_1_333' title='bbox 466 2590 593 2643; x_wconf 69' lang='lat' dir='ltr'><strong>qua:</strong></span> <span class='ocrx_word' id='word_1_334' title='bbox 626 2579 984 2647; x_wconf 82' lang='lat' dir='ltr'><strong>apostolicam</strong></span> <span class='ocrx_word' id='word_1_335' title='bbox 1021 2581 1182 2647; x_wconf 83' lang='lat' dir='ltr'><strong>ﬁdem</strong></span> <span class='ocrx_word' id='word_1_336' title='bbox 1212 2595 1552 2658; x_wconf 74' lang='lat' dir='ltr'><strong>oppugnant,</strong></span> <span class='ocrx_word' id='word_1_337' title='bbox 1582 2590 1774 2661; x_wconf 90' lang='lat' dir='ltr'><strong>procul</strong></span> <span class='ocrx_word' id='word_1_338' title='bbox 1806 2592 2062 2663; x_wconf 87' lang='lat' dir='ltr'><strong>repudia—</strong></span> 
     </span>
    </p>
   </div>
   <div class='ocr_carea' id='block_1_44' title="bbox 466 2665 2065 2752">
    <p class='ocr_par' dir='ltr' id='par_1_44' title="bbox 466 2665 2065 2752">
     <span class='ocr_line' id='line_1_44' title="bbox 466 2665 2065 2752; baseline 0.011 -31"><span class='ocrx_word' id='word_1_339' title='bbox 466 2665 672 2724; x_wconf 85' lang='lat' dir='ltr'><strong>bimus.</strong></span> <span class='ocrx_word' id='word_1_340' title='bbox 705 2667 860 2736; x_wconf 85' lang='lat' dir='ltr'><strong>Quod</strong></span> <span class='ocrx_word' id='word_1_341' title='bbox 894 2673 1041 2728; x_wconf 91' lang='lat' dir='ltr'><strong>enim</strong></span> <span class='ocrx_word' id='word_1_342' title='bbox 1084 2689 1117 2729; x_wconf 90' lang='lat' dir='ltr'><strong>a</strong></span> <span class='ocrx_word' id='word_1_343' title='bbox 1163 2673 1327 2732; x_wconf 88' lang='lat' dir='ltr'><strong>Patre</strong></span> <span class='ocrx_word' id='word_1_344' title='bbox 1358 2677 1568 2734; x_wconf 90' lang='lat' dir='ltr'><strong>dictum</strong></span> <span class='ocrx_word' id='word_1_345' title='bbox 1611 2690 1717 2746; x_wconf 91' lang='lat' dir='ltr'><strong>est,</strong></span> <span class='ocrx_word' id='word_1_346' title='bbox 1787 2679 1855 2737; x_wconf 85' lang='lat' dir='ltr'><strong>In</strong></span> <span class='ocrx_word' id='word_1_347' title='bbox 1886 2682 2065 2752; x_wconf 77' lang='lat' dir='ltr'><strong>splen-</strong></span> 
     </span>
    </p>
   </div>
   <div class='ocr_carea' id='block_1_45' title="bbox 464 2758 2066 2845">
    <p class='ocr_par' dir='ltr' id='par_1_45' title="bbox 464 2758 2066 2845">
     <span class='ocr_line' id='line_1_45' title="bbox 464 2758 2066 2845; baseline 0.011 -34"><span class='ocrx_word' id='word_1_348' title='bbox 464 2758 689 2814; x_wconf 75' lang='lat' dir='ltr'><strong>doribus</strong></span> <span class='ocrx_word' id='word_1_349' title='bbox 743 2772 1050 2819; x_wconf 76' lang='lat' dir='ltr'><strong>sanctorum</strong></span> <span class='ocrx_word' id='word_1_350' title='bbox 1095 2782 1160 2822; x_wconf 75' lang='lat' dir='ltr'><strong>ex</strong></span> <span class='ocrx_word' id='word_1_351' title='bbox 1212 2776 1362 2825; x_wconf 78' lang='lat' dir='ltr'><strong>utero</strong></span> <span class='ocrx_word' id='word_1_352' title='bbox 1420 2779 1544 2827; x_wconf 85' lang='lat' dir='ltr'><strong>ante</strong></span> <span class='ocrx_word' id='word_1_353' title='bbox 1594 2772 1874 2842; x_wconf 77' lang='lat' dir='ltr'><strong>luciferum</strong></span> <span class='ocrx_word' id='word_1_354' title='bbox 1909 2776 2066 2845; x_wconf 81' lang='lat' dir='ltr'><strong>genui</strong></span> 
     </span>
    </p>
   </div>
   <div class='ocr_carea' id='block_1_46' title="bbox 469 2850 2066 2929">
    <p class='ocr_par' dir='ltr' id='par_1_46' title="bbox 469 2850 2066 2929">
     <span class='ocr_line' id='line_1_46' title="bbox 469 2850 2066 2929; baseline 0.01 -23"><span class='ocrx_word' id='word_1_355' title='bbox 469 2861 520 2907; x_wconf 88' lang='lat' dir='ltr'><strong>te</strong></span> <span class='ocrx_word' id='word_1_356' title='bbox 555 2850 600 2917; x_wconf 84' lang='lat'><strong>&#39;,</strong></span> <span class='ocrx_word' id='word_1_357' title='bbox 632 2856 945 2911; x_wconf 87' lang='lat' dir='ltr'><strong>necessario</strong></span> <span class='ocrx_word' id='word_1_358' title='bbox 974 2865 1300 2929; x_wconf 85' lang='lat' dir='ltr'><strong>usurpatum</strong></span> <span class='ocrx_word' id='word_1_359' title='bbox 1338 2868 1445 2928; x_wconf 89' lang='lat' dir='ltr'><strong>est,</strong></span> <span class='ocrx_word' id='word_1_360' title='bbox 1475 2872 1528 2919; x_wconf 90' lang='lat' dir='ltr'><strong>et</strong></span> <span class='ocrx_word' id='word_1_361' title='bbox 1574 2865 1643 2920; x_wconf 92' lang='lat' dir='ltr'><strong>ab</strong></span> <span class='ocrx_word' id='word_1_362' title='bbox 1681 2867 2066 2924; x_wconf 89' lang='lat' dir='ltr'><strong>communione</strong></span> 
     </span>
    </p>
   </div>
   <div class='ocr_carea' id='block_1_47' title="bbox 466 2948 2066 3029">
    <p class='ocr_par' dir='ltr' id='par_1_47' title="bbox 466 2948 2066 3029">
     <span class='ocr_line' id='line_1_47' title="bbox 466 2948 2066 3029; baseline 0.01 -28"><span class='ocrx_word' id='word_1_363' title='bbox 466 2961 595 3001; x_wconf 81' lang='lat' dir='ltr'><strong>cum</strong></span> <span class='ocrx_word' id='word_1_364' title='bbox 624 2949 824 3003; x_wconf 85' lang='lat' dir='ltr'><strong>creatis</strong></span> <span class='ocrx_word' id='word_1_365' title='bbox 871 2949 1038 3007; x_wconf 87' lang='lat' dir='ltr'><strong>rebus</strong></span> <span class='ocrx_word' id='word_1_366' title='bbox 1084 2948 1283 3007; x_wconf 89' lang='lat' dir='ltr'><strong>Filium</strong></span> <span class='ocrx_word' id='word_1_367' title='bbox 1328 2952 1509 3011; x_wconf 80' lang='lat' dir='ltr'><strong>Patris</strong></span> <span class='ocrx_word' id='word_1_368' title='bbox 1555 2956 1828 3014; x_wconf 91' lang='lat' dir='ltr'><strong>abducet:</strong></span> <span class='ocrx_word' id='word_1_369' title='bbox 1865 2960 1957 3029; x_wconf 91' lang='lat' dir='ltr'><strong>qui</strong></span> <span class='ocrx_word' id='word_1_370' title='bbox 1989 2960 2066 3017; x_wconf 83' lang='lat' dir='ltr'><strong>ab</strong></span> 
     </span>
    </p>
   </div>
   <div class='ocr_carea' id='block_1_48' title="bbox 465 3038 2061 3123">
    <p class='ocr_par' dir='ltr' id='par_1_48' title="bbox 465 3038 2061 3123">
     <span class='ocr_line' id='line_1_48' title="bbox 465 3038 2061 3123; baseline 0.01 -30"><span class='ocrx_word' id='word_1_371' title='bbox 465 3038 589 3109; x_wconf 76' lang='lat' dir='ltr'><strong>ipso</strong></span> <span class='ocrx_word' id='word_1_372' title='bbox 637 3055 933 3110; x_wconf 77' lang='lat' dir='ltr'><strong>germanus</strong></span> <span class='ocrx_word' id='word_1_373' title='bbox 973 3045 1302 3115; x_wconf 89' lang='lat' dir='ltr'><strong>proprieque</strong></span> <span class='ocrx_word' id='word_1_374' title='bbox 1350 3046 1569 3118; x_wconf 80' lang='lat' dir='ltr'><strong>genitus</strong></span> <span class='ocrx_word' id='word_1_375' title='bbox 1615 3058 1700 3107; x_wconf 81' lang='lat' dir='ltr'><strong>est</strong></span> <span class='ocrx_word' id='word_1_376' title='bbox 1749 3048 1955 3123; x_wconf 87' lang='lat' dir='ltr'><strong>Filius;</strong></span> <span class='ocrx_word' id='word_1_377' title='bbox 2010 3052 2061 3110; x_wconf 87' lang='lat' dir='ltr'><strong>id</strong></span> 
     </span>
    </p>
   </div>
   <div class='ocr_carea' id='block_1_49' title="bbox 2170 1934 3734 2008">
    <p class='ocr_par' dir='ltr' id='par_1_49' title="bbox 2170 1934 3734 2008">
     <span class='ocr_line' id='line_1_49' title="bbox 2170 1934 3734 2008; baseline -0.007 -13"><span class='ocrx_word' id='word_1_378' title='bbox 2170 1940 2425 2008; x_wconf 78' lang='grc' dir='ltr'>Χριστὸς</span> <span class='ocrx_word' id='word_1_379' title='bbox 2463 1943 2495 1995; x_wconf 87' lang='grc' dir='ltr'><em>ό</em></span> <span class='ocrx_word' id='word_1_380' title='bbox 2543 1940 2676 2005; x_wconf 82' lang='grc' dir='ltr'><strong>Υἱὸς</strong></span> <span class='ocrx_word' id='word_1_381' title='bbox 2713 1939 2820 1994; x_wconf 83' lang='grc' dir='ltr'><strong>τοῦ</strong></span> <span class='ocrx_word' id='word_1_382' title='bbox 2861 1938 3032 1994; x_wconf 81' lang='grc' dir='ltr'>Θεοῦ.</span> <span class='ocrx_word' id='word_1_383' title='bbox 3080 1938 3189 1991; x_wconf 85' lang='lat' dir='ltr'><strong>Kal</strong></span> <span class='ocrx_word' id='word_1_384' title='bbox 3222 1938 3250 1990; x_wconf 87' lang='lat'><strong>6</strong></span> <span class='ocrx_word' id='word_1_385' title='bbox 3294 1936 3490 2008; x_wconf 77' lang='grc' dir='ltr'>Πατὴρ</span> <span class='ocrx_word' id='word_1_386' title='bbox 3533 1934 3734 1989; x_wconf 81' lang='grc' dir='ltr'>ἄνωθεν·</span> 
     </span>
    </p>
   </div>
   <div class='ocr_carea' id='block_1_50' title="bbox 2174 2025 3737 2100">
    <p class='ocr_par' dir='ltr' id='par_1_50' title="bbox 2174 2025 3737 2100">
     <span class='ocr_line' id='line_1_50' title="bbox 2174 2025 3737 2100; baseline -0.006 -15"><span class='ocrx_word' id='word_1_387' title='bbox 2174 2028 2364 2097; x_wconf 84' lang='grc' dir='ltr'>Οὗτός</span> <span class='ocrx_word' id='word_1_388' title='bbox 2382 2032 2554 2086; x_wconf 84' lang='grc' dir='ltr'>ἐστιν</span> <span class='ocrx_word' id='word_1_389' title='bbox 2575 2034 2607 2086; x_wconf 81' lang='grc' dir='ltr'><em>ὁ</em></span> <span class='ocrx_word' id='word_1_390' title='bbox 2630 2032 2762 2098; x_wconf 86' lang='grc' dir='ltr'>Υίός</span> <span class='ocrx_word' id='word_1_391' title='bbox 2777 2047 2897 2100; x_wconf 83' lang='grc' dir='ltr'><strong>μου</strong></span> <span class='ocrx_word' id='word_1_392' title='bbox 2919 2032 2952 2083; x_wconf 82' lang='grc' dir='ltr'>ό</span> <span class='ocrx_word' id='word_1_393' title='bbox 2973 2030 3305 2099; x_wconf 71' lang='grc' dir='ltr'>ἀγαπητός.</span> <span class='ocrx_word' id='word_1_394' title='bbox 3332 2029 3450 2082; x_wconf 74' lang='grc' dir='ltr'>Καὶ</span> <span class='ocrx_word' id='word_1_395' title='bbox 3470 2026 3560 2080; x_wconf 83' lang='grc' dir='ltr'>διὰ</span> <span class='ocrx_word' id='word_1_396' title='bbox 3578 2025 3737 2086; x_wconf 83' lang='grc' dir='ltr'>τοῦτο,</span> 
     </span>
    </p>
   </div>
   <div class='ocr_carea' id='block_1_51' title="bbox 2171 2118 3739 2197">
    <p class='ocr_par' dir='ltr' id='par_1_51' title="bbox 2171 2118 3739 2197">
     <span class='ocr_line' id='line_1_51' title="bbox 2171 2118 3739 2197; baseline -0.006 -17"><span class='ocrx_word' id='word_1_397' title='bbox 2171 2126 2359 2197; x_wconf 72' lang='grc' dir='ltr'>ἐπειδὴ</span> <span class='ocrx_word' id='word_1_398' title='bbox 2405 2124 2577 2189; x_wconf 71' lang='grc' dir='ltr'>οὕτως</span> <span class='ocrx_word' id='word_1_399' title='bbox 2622 2123 2717 2178; x_wconf 76' lang='grc' dir='ltr'>καὶ</span> <span class='ocrx_word' id='word_1_400' title='bbox 2761 2122 2952 2191; x_wconf 85' lang='grc' dir='ltr'>Πατὴρ</span> <span class='ocrx_word' id='word_1_401' title='bbox 2993 2121 3122 2176; x_wconf 85' lang='grc' dir='ltr'>Υίοῦ</span> <span class='ocrx_word' id='word_1_402' title='bbox 3169 2122 3475 2194; x_wconf 77' lang='grc' dir='ltr'><strong>μέμνηται,</strong></span> <span class='ocrx_word' id='word_1_403' title='bbox 3513 2120 3605 2172; x_wconf 72' lang='grc' dir='ltr'><strong>καὶ</strong></span> <span class='ocrx_word' id='word_1_404' title='bbox 3629 2118 3739 2181; x_wconf 75' lang='grc' dir='ltr'>Υἱὸς</span> 
     </span>
    </p>
   </div>
   <div class='ocr_carea' id='block_1_52' title="bbox 2169 2209 3739 2292">
    <p class='ocr_par' dir='ltr' id='par_1_52' title="bbox 2169 2209 3739 2292">
     <span class='ocr_line' id='line_1_52' title="bbox 2169 2209 3739 2292; baseline -0.008 -19"><span class='ocrx_word' id='word_1_405' title='bbox 2169 2220 2384 2292; x_wconf 81' lang='grc' dir='ltr'>Πατρὸς</span> <span class='ocrx_word' id='word_1_406' title='bbox 2428 2220 2524 2273; x_wconf 78' lang='grc' dir='ltr'>καὶ</span> <span class='ocrx_word' id='word_1_407' title='bbox 2585 2219 2643 2271; x_wconf 83' lang='grc' dir='ltr'><strong>έν</strong></span> <span class='ocrx_word' id='word_1_408' title='bbox 2694 2217 2906 2280; x_wconf 81' lang='grc' dir='ltr'>τούτοις</span> <span class='ocrx_word' id='word_1_409' title='bbox 2956 2219 3066 2279; x_wconf 87' lang='grc' dir='ltr'>τοῖς</span> <span class='ocrx_word' id='word_1_410' title='bbox 3113 2215 3346 2286; x_wconf 77' lang='grc' dir='ltr'>ὀνόμασι</span> <span class='ocrx_word' id='word_1_411' title='bbox 3401 2212 3587 2282; x_wconf 73' lang='grc' dir='ltr'>(πάλιν</span> <span class='ocrx_word' id='word_1_412' title='bbox 3626 2209 3739 2281; x_wconf 76' lang='grc' dir='ltr'><strong>ἐρῶ)</strong></span> 
     </span>
    </p>
   </div>
   <div class='ocr_carea' id='block_1_53' title="bbox 2169 2304 3739 2387">
    <p class='ocr_par' dir='ltr' id='par_1_53' title="bbox 2169 2304 3739 2387">
     <span class='ocr_line' id='line_1_53' title="bbox 2169 2304 3739 2387; baseline -0.009 -18"><span class='ocrx_word' id='word_1_413' title='bbox 2169 2311 2639 2387; x_wconf 82' lang='grc' dir='ltr'>ὲσφραγίσθημεν,</span> <span class='ocrx_word' id='word_1_414' title='bbox 2690 2309 2899 2372; x_wconf 75' lang='grc' dir='ltr'>τούτοις</span> <span class='ocrx_word' id='word_1_415' title='bbox 2941 2307 3037 2363; x_wconf 73' lang='grc' dir='ltr'>καὶ</span> <span class='ocrx_word' id='word_1_416' title='bbox 3074 2308 3160 2361; x_wconf 67' lang='lat' dir='ltr'><strong>del</strong></span> <span class='ocrx_word' id='word_1_417' title='bbox 3211 2304 3558 2378; x_wconf 73' lang='grc' dir='ltr'>χρησόμεθα,</span> <span class='ocrx_word' id='word_1_418' title='bbox 3620 2304 3739 2356; x_wconf 73' lang='grc' dir='ltr'>ἀπο-</span> 
     </span>
    </p>
   </div>
   <div class='ocr_carea' id='block_1_54' title="bbox 2169 2391 3737 2475">
    <p class='ocr_par' dir='ltr' id='par_1_54' title="bbox 2169 2391 3737 2475">
     <span class='ocr_line' id='line_1_54' title="bbox 2169 2391 3737 2475; baseline -0.012 -17"><span class='ocrx_word' id='word_1_419' title='bbox 2169 2405 2489 2475; x_wconf 84' lang='grc' dir='ltr'>κρουόμενοι</span> <span class='ocrx_word' id='word_1_420' title='bbox 2518 2400 2617 2465; x_wconf 79' lang='grc' dir='ltr'>τὰς</span> <span class='ocrx_word' id='word_1_421' title='bbox 2644 2399 2788 2455; x_wconf 76' lang='grc' dir='ltr'>κατὰ</span> <span class='ocrx_word' id='word_1_422' title='bbox 2818 2400 2917 2471; x_wconf 82' lang='grc' dir='ltr'>τῆς</span> <span class='ocrx_word' id='word_1_423' title='bbox 2943 2395 3310 2466; x_wconf 76' lang='grc' dir='ltr'>ἀποστολικῆς</span> <span class='ocrx_word' id='word_1_424' title='bbox 3338 2394 3577 2458; x_wconf 79' lang='grc' dir='ltr'>πίστεως</span> <span class='ocrx_word' id='word_1_425' title='bbox 3596 2391 3737 2463; x_wconf 56' lang='lat'><strong>$561}.-</strong></span> 
     </span>
    </p>
   </div>
   <div class='ocr_carea' id='block_1_55' title="bbox 2168 2482 3737 2569">
    <p class='ocr_par' dir='ltr' id='par_1_55' title="bbox 2168 2482 3737 2569">
     <span class='ocr_line' id='line_1_55' title="bbox 2168 2482 3737 2569; baseline -0.006 -23"><span class='ocrx_word' id='word_1_426' title='bbox 2168 2494 2294 2557; x_wconf 86' lang='grc' dir='ltr'>λους</span> <span class='ocrx_word' id='word_1_427' title='bbox 2322 2491 2676 2563; x_wconf 79' lang='grc' dir='ltr'>κενοφωνίας.</span> <span class='ocrx_word' id='word_1_428' title='bbox 2714 2490 2789 2543; x_wconf 87' lang='grc' dir='ltr'>Τὸ</span> <span class='ocrx_word' id='word_1_429' title='bbox 2825 2493 2934 2560; x_wconf 79' lang='grc' dir='ltr'>γὰρ</span> <span class='ocrx_word' id='word_1_430' title='bbox 2969 2486 3120 2559; x_wconf 81' lang='grc' dir='ltr'>παρᾶ</span> <span class='ocrx_word' id='word_1_431' title='bbox 3151 2487 3247 2540; x_wconf 80' lang='grc' dir='ltr'><strong>τοῦ</strong></span> <span class='ocrx_word' id='word_1_432' title='bbox 3280 2486 3497 2558; x_wconf 80' lang='grc' dir='ltr'>Πατρὸς</span> <span class='ocrx_word' id='word_1_433' title='bbox 3538 2482 3737 2569; x_wconf 80' lang='grc' dir='ltr'>εἰρημέ-</span> 
     </span>
    </p>
   </div>
   <div class='ocr_carea' id='block_1_56' title="bbox 2170 2573 3737 2653">
    <p class='ocr_par' dir='ltr' id='par_1_56' title="bbox 2170 2573 3737 2653">
     <span class='ocr_line' id='line_1_56' title="bbox 2170 2573 3737 2653; baseline -0.01 -13"><span class='ocrx_word' id='word_1_434' title='bbox 2170 2604 2279 2653; x_wconf 92' lang='grc' dir='ltr'>νον,</span> <span class='ocrx_word' id='word_1_435' title='bbox 2315 2584 2456 2652; x_wconf 84' lang='grc' dir='ltr'><strong>Ταῖς</strong></span> <span class='ocrx_word' id='word_1_436' title='bbox 2483 2584 2867 2653; x_wconf 75' lang='grc' dir='ltr'><strong>λαμπρότησι</strong></span> <span class='ocrx_word' id='word_1_437' title='bbox 2895 2578 3016 2634; x_wconf 84' lang='grc' dir='ltr'><strong>τῶν</strong></span> <span class='ocrx_word' id='word_1_438' title='bbox 3040 2578 3225 2648; x_wconf 73' lang='grc' dir='ltr'>ἁγίων</span> <span class='ocrx_word' id='word_1_439' title='bbox 3247 2578 3320 2631; x_wconf 72' lang='grc' dir='ltr'><strong><em>ἐκ</em></strong></span> <span class='ocrx_word' id='word_1_440' title='bbox 3345 2575 3609 2647; x_wconf 74' lang='grc' dir='ltr'>γαστρὸς</span> <span class='ocrx_word' id='word_1_441' title='bbox 3638 2573 3737 2641; x_wconf 77' lang='grc' dir='ltr'><strong>πρὸ</strong></span> 
     </span>
    </p>
   </div>
   <div class='ocr_carea' id='block_1_57' title="bbox 2167 2666 3736 2747">
    <p class='ocr_par' dir='ltr' id='par_1_57' title="bbox 2167 2666 3736 2747">
     <span class='ocr_line' id='line_1_57' title="bbox 2167 2666 3736 2747; baseline -0.009 -13"><span class='ocrx_word' id='word_1_442' title='bbox 2167 2678 2479 2747; x_wconf 66' lang='grc' dir='ltr'>ἑωσφόροῡ</span> <span class='ocrx_word' id='word_1_443' title='bbox 2517 2672 2821 2746; x_wconf 80' lang='grc' dir='ltr'>ἐγέννησὰ</span> <span class='ocrx_word' id='word_1_444' title='bbox 2864 2687 2961 2737; x_wconf 86' lang='grc' dir='ltr'><strong>σε,</strong></span> <span class='ocrx_word' id='word_1_445' title='bbox 3007 2670 3324 2741; x_wconf 74' lang='grc' dir='ltr'>ἀναγκαίως</span> <span class='ocrx_word' id='word_1_446' title='bbox 3376 2671 3610 2742; x_wconf 78' lang='grc' dir='ltr'>εἴρηται·</span> <span class='ocrx_word' id='word_1_447' title='bbox 3658 2666 3736 2727; x_wconf 67' lang='grc' dir='ltr'><strong>καὶ</strong></span> 
     </span>
    </p>
   </div>
   <div class='ocr_carea' id='block_1_58' title="bbox 2168 2762 3735 2841">
    <p class='ocr_par' dir='ltr' id='par_1_58' title="bbox 2168 2762 3735 2841">
     <span class='ocr_line' id='line_1_58' title="bbox 2168 2762 3735 2841; baseline 0 -14"><span class='ocrx_word' id='word_1_448' title='bbox 2168 2771 2369 2838; x_wconf 75' lang='grc' dir='ltr'>ἀπάξει</span> <span class='ocrx_word' id='word_1_449' title='bbox 2400 2769 2499 2841; x_wconf 86' lang='grc' dir='ltr'>τῆς</span> <span class='ocrx_word' id='word_1_450' title='bbox 2530 2767 2842 2836; x_wconf 81' lang='grc' dir='ltr'>κοινότητος</span> <span class='ocrx_word' id='word_1_451' title='bbox 2880 2767 2978 2837; x_wconf 80' lang='grc' dir='ltr'>τῆς</span> <span class='ocrx_word' id='word_1_452' title='bbox 3016 2765 3155 2836; x_wconf 61' lang='grc' dir='ltr'>πρὸς</span> <span class='ocrx_word' id='word_1_453' title='bbox 3186 2762 3256 2817; x_wconf 71' lang='grc' dir='ltr'>τὰ</span> <span class='ocrx_word' id='word_1_454' title='bbox 3284 2762 3573 2840; x_wconf 73' lang='grc' dir='ltr'>ποιήματα</span> <span class='ocrx_word' id='word_1_455' title='bbox 3598 2766 3735 2837; x_wconf 78' lang='grc' dir='ltr'>(τοῖς)</span> 
     </span>
    </p>
   </div>
   <div class='ocr_carea' id='block_1_59' title="bbox 2167 2856 3735 2933">
    <p class='ocr_par' dir='ltr' id='par_1_59' title="bbox 2167 2856 3735 2933">
     <span class='ocr_line' id='line_1_59' title="bbox 2167 2856 3735 2933; baseline -0.003 -17"><span class='ocrx_word' id='word_1_456' title='bbox 2167 2864 2258 2917; x_wconf 74' lang='grc' dir='ltr'><strong>τὸν</strong></span> <span class='ocrx_word' id='word_1_457' title='bbox 2290 2862 2417 2916; x_wconf 82' lang='grc' dir='ltr'>Υἱὸν</span> <span class='ocrx_word' id='word_1_458' title='bbox 2440 2860 2535 2915; x_wconf 91' lang='grc' dir='ltr'><strong>τοῦ</strong></span> <span class='ocrx_word' id='word_1_459' title='bbox 2567 2860 2805 2933; x_wconf 84' lang='grc' dir='ltr'>Πατρὸς,</span> <span class='ocrx_word' id='word_1_460' title='bbox 2848 2858 2941 2913; x_wconf 68' lang='grc' dir='ltr'>καὶ</span> <span class='ocrx_word' id='word_1_461' title='bbox 2970 2857 3061 2910; x_wconf 80' lang='grc' dir='ltr'><strong>τὸν</strong></span> <span class='ocrx_word' id='word_1_462' title='bbox 3101 2856 3161 2928; x_wconf 77' lang='grc' dir='ltr'><strong>ἐξ</strong></span> <span class='ocrx_word' id='word_1_463' title='bbox 3194 2859 3365 2916; x_wconf 74' lang='grc' dir='ltr'>αὐτοῦ</span> <span class='ocrx_word' id='word_1_464' title='bbox 3412 2862 3628 2931; x_wconf 84' lang='grc' dir='ltr'>γνήσιον</span> <span class='ocrx_word' id='word_1_465' title='bbox 3657 2857 3735 2911; x_wconf 76' lang='grc' dir='ltr'><strong>καὶ</strong></span> 
     </span>
    </p>
   </div>
   <div class='ocr_carea' id='block_1_60' title="bbox 2172 2949 3732 3027">
    <p class='ocr_par' dir='ltr' id='par_1_60' title="bbox 2172 2949 3732 3027">
     <span class='ocr_line' id='line_1_60' title="bbox 2172 2949 3732 3027; baseline -0.003 -18"><span class='ocrx_word' id='word_1_466' title='bbox 2172 2955 2314 3019; x_wconf 80' lang='grc' dir='ltr'><strong>ἰδίως</strong></span> <span class='ocrx_word' id='word_1_467' title='bbox 2335 2952 2734 3027; x_wconf 81' lang='grc' dir='ltr'>γεγεννημένον</span> <span class='ocrx_word' id='word_1_468' title='bbox 2750 2951 2882 3010; x_wconf 85' lang='grc' dir='ltr'>Υίὸν</span> <span class='ocrx_word' id='word_1_469' title='bbox 2905 2954 2996 3010; x_wconf 69' lang='grc' dir='ltr'>διὰ</span> <span class='ocrx_word' id='word_1_470' title='bbox 3011 2953 3130 3020; x_wconf 83' lang='grc' dir='ltr'>τοῦ,</span> <span class='ocrx_word' id='word_1_471' title='bbox 3159 2954 3314 3007; x_wconf 85' lang='grc' dir='ltr'><strong>κατὰ</strong></span> <span class='ocrx_word' id='word_1_472' title='bbox 3338 2954 3458 3022; x_wconf 76' lang='grc' dir='ltr'>τὴν</span> <span class='ocrx_word' id='word_1_473' title='bbox 3478 2949 3732 3023; x_wconf 69' lang='grc' dir='ltr'>γαστέρα,</span> 
     </span>
    </p>
   </div>
   <div class='ocr_carea' id='block_1_61' title="bbox 2167 3046 3733 3123">
    <p class='ocr_par' dir='ltr' id='par_1_61' title="bbox 2167 3046 3733 3123">
     <span class='ocr_line' id='line_1_61' title="bbox 2167 3046 3733 3123; baseline -0.004 -20"><span class='ocrx_word' id='word_1_474' title='bbox 2167 3048 2430 3123; x_wconf 77' lang='grc' dir='ltr'>ὀνόματος</span> <span class='ocrx_word' id='word_1_475' title='bbox 2466 3048 2831 3115; x_wconf 82' lang='grc' dir='ltr'>παιδεύοντος·</span> <span class='ocrx_word' id='word_1_476' title='bbox 2857 3047 2932 3113; x_wconf 82' lang='grc' dir='ltr'><strong>ὡς</strong></span> <span class='ocrx_word' id='word_1_477' title='bbox 2957 3047 3158 3119; x_wconf 82' lang='grc' dir='ltr'>ὁμοίως</span> <span class='ocrx_word' id='word_1_478' title='bbox 3186 3046 3283 3100; x_wconf 75' lang='grc' dir='ltr'><strong>καὶ</strong></span> <span class='ocrx_word' id='word_1_479' title='bbox 3307 3049 3337 3101; x_wconf 93' lang='lat'><strong>6</strong></span> <span class='ocrx_word' id='word_1_480' title='bbox 3362 3047 3513 3110; x_wconf 75' lang='grc' dir='ltr'>Υἱὸς,</span> <span class='ocrx_word' id='word_1_481' title='bbox 3541 3046 3733 3113; x_wconf 81' lang='grc' dir='ltr'>Κύριος</span> 
     </span>
    </p>
   </div>
   <div class='ocr_carea' id='block_1_62' title="bbox 466 3131 2065 3225">
    <p class='ocr_par' dir='ltr' id='par_1_62' title="bbox 466 3131 2065 3207">
     <span class='ocr_line' id='line_1_62' title="bbox 466 3131 2065 3207; baseline 0.011 -21"><span class='ocrx_word' id='word_1_482' title='bbox 466 3131 618 3204; x_wconf 89' lang='lat' dir='ltr'><strong>quod</strong></span> <span class='ocrx_word' id='word_1_483' title='bbox 665 3142 719 3188; x_wconf 86' lang='lat' dir='ltr'><strong>et</strong></span> <span class='ocrx_word' id='word_1_484' title='bbox 761 3148 827 3189; x_wconf 89' lang='lat' dir='ltr'><strong>ea</strong></span> <span class='ocrx_word' id='word_1_485' title='bbox 874 3135 1040 3191; x_wconf 83' lang='lat' dir='ltr'><strong>verba</strong></span> <span class='ocrx_word' id='word_1_486' title='bbox 1086 3145 1364 3207; x_wconf 63' lang='lat' dir='ltr'><strong>praestant,</strong></span> <span class='ocrx_word' id='word_1_487' title='bbox 1394 3155 1461 3194; x_wconf 72' lang='lat' dir='ltr'><strong>ex</strong></span> <span class='ocrx_word' id='word_1_488' title='bbox 1510 3149 1676 3197; x_wconf 83' lang='lat' dir='ltr'><strong>utero.</strong></span> <span class='ocrx_word' id='word_1_489' title='bbox 1711 3143 1975 3202; x_wconf 83' lang='lat' dir='ltr'><strong>Similiter</strong></span> <span class='ocrx_word' id='word_1_490' title='bbox 2011 3155 2065 3204; x_wconf 86' lang='lat' dir='ltr'><strong>et</strong></span> 
     </span>
    </p>
   </div>
   <div class='ocr_carea' id='block_1_63' title="bbox 2167 3131 3735 3225">
    <p class='ocr_par' dir='ltr' id='par_1_63' title="bbox 2167 3135 3735 3212">
     <span class='ocr_line' id='line_1_63' title="bbox 2167 3135 3735 3212; baseline -0.006 -15"><span class='ocrx_word' id='word_1_491' title='bbox 2167 3141 2375 3198; x_wconf 81' lang='grc' dir='ltr'>ἕκτισέ</span> <span class='ocrx_word' id='word_1_492' title='bbox 2400 3158 2499 3212; x_wconf 81' lang='grc' dir='ltr'>με,</span> <span class='ocrx_word' id='word_1_493' title='bbox 2530 3139 2723 3208; x_wconf 87' lang='grc' dir='ltr'>εἰπὼν,</span> <span class='ocrx_word' id='word_1_494' title='bbox 2769 3140 2857 3194; x_wconf 82' lang='grc' dir='ltr'><strong>ἶνα</strong></span> <span class='ocrx_word' id='word_1_495' title='bbox 2895 3139 3393 3209; x_wconf 78' lang='grc' dir='ltr'>καινοποιουμένην</span> <span class='ocrx_word' id='word_1_496' title='bbox 3425 3136 3589 3191; x_wconf 82' lang='grc' dir='ltr'>αὑτοῦ</span> <span class='ocrx_word' id='word_1_497' title='bbox 3618 3135 3735 3205; x_wconf 79' lang='grc' dir='ltr'>πρὸς</span> 
     </span>
    </p>
   </div>
   <div class='ocr_carea' id='block_1_64' title="bbox 464 3222 2065 3304">
    <p class='ocr_par' dir='ltr' id='par_1_64' title="bbox 464 3222 2065 3304">
     <span class='ocr_line' id='line_1_64' title="bbox 464 3222 2065 3304; baseline 0.01 -26"><span class='ocrx_word' id='word_1_498' title='bbox 464 3222 642 3280; x_wconf 81' lang='lat' dir='ltr'><strong>Filius</strong></span> <span class='ocrx_word' id='word_1_499' title='bbox 666 3239 792 3280; x_wconf 88' lang='lat' dir='ltr'><strong>cum</strong></span> <span class='ocrx_word' id='word_1_500' title='bbox 825 3226 1077 3294; x_wconf 82' lang='lat' dir='ltr'><strong>dixisset,</strong></span> <span class='ocrx_word' id='word_1_501' title='bbox 1129 3227 1390 3285; x_wconf 85' lang='lat' dir='ltr'><strong>Dominus</strong></span> <span class='ocrx_word' id='word_1_502' title='bbox 1417 3234 1612 3288; x_wconf 78' lang='lat' dir='ltr'><strong>creavit</strong></span> <span class='ocrx_word' id='word_1_503' title='bbox 1645 3251 1726 3291; x_wconf 87' lang='lat' dir='ltr'><strong>me</strong></span> <span class='ocrx_word' id='word_1_504' title='bbox 1745 3237 1789 3304; x_wconf 81' lang='grc'>⁸,</span> <span class='ocrx_word' id='word_1_505' title='bbox 1819 3253 1889 3293; x_wconf 88' lang='lat' dir='ltr'><strong>ne</strong></span> <span class='ocrx_word' id='word_1_506' title='bbox 1913 3254 2065 3293; x_wconf 85' lang='lat' dir='ltr'><strong>com-</strong></span> 
     </span>
    </p>
   </div>
   <div class='ocr_carea' id='block_1_65' title="bbox 467 3310 2060 3385">
    <p class='ocr_par' dir='ltr' id='par_1_65' title="bbox 467 3310 2060 3385">
     <span class='ocr_line' id='line_1_65' title="bbox 467 3310 2060 3385; baseline 0.008 -17"><span class='ocrx_word' id='word_1_507' title='bbox 467 3329 690 3371; x_wconf 83' lang='lat' dir='ltr'><strong>munem</strong></span> <span class='ocrx_word' id='word_1_508' title='bbox 734 3310 859 3385; x_wconf 89' lang='lat' dir='ltr'><strong>ejus</strong></span> <span class='ocrx_word' id='word_1_509' title='bbox 912 3333 1039 3372; x_wconf 86' lang='lat' dir='ltr'><strong>cum</strong></span> <span class='ocrx_word' id='word_1_510' title='bbox 1093 3320 1294 3383; x_wconf 83' lang='lat' dir='ltr'><strong>creatis</strong></span> <span class='ocrx_word' id='word_1_511' title='bbox 1342 3321 1511 3378; x_wconf 88' lang='lat' dir='ltr'><strong>rebus</strong></span> <span class='ocrx_word' id='word_1_512' title='bbox 1546 3324 1757 3381; x_wconf 84' lang='lat' dir='ltr'><strong>caeteris</strong></span> <span class='ocrx_word' id='word_1_513' title='bbox 1805 3334 2060 3381; x_wconf 87' lang='lat' dir='ltr'><strong>naturam</strong></span> 
     </span>
    </p>
   </div>
   <div class='ocr_carea' id='block_1_66' title="bbox 465 3412 2065 3491">
    <p class='ocr_par' dir='ltr' id='par_1_66' title="bbox 465 3412 2065 3491">
     <span class='ocr_line' id='line_1_66' title="bbox 465 3412 2065 3491; baseline 0.007 -25"><span class='ocrx_word' id='word_1_514' title='bbox 465 3425 590 3468; x_wconf 82' lang='lat' dir='ltr'><strong>esse</strong></span> <span class='ocrx_word' id='word_1_515' title='bbox 617 3412 1052 3482; x_wconf 75' lang='lat' dir='ltr'><strong>suspicarentur,</strong></span> <span class='ocrx_word' id='word_1_516' title='bbox 1083 3418 1400 3475; x_wconf 89' lang='lat' dir='ltr'><strong>necessario</strong></span> <span class='ocrx_word' id='word_1_517' title='bbox 1453 3419 1729 3491; x_wconf 85' lang='lat' dir='ltr'><strong>subjecit:</strong></span> <span class='ocrx_word' id='word_1_518' title='bbox 1768 3422 1906 3476; x_wconf 81' lang='lat' dir='ltr'><strong>Ante</strong></span> <span class='ocrx_word' id='word_1_519' title='bbox 1949 3439 2065 3477; x_wconf 80' lang='lat' dir='ltr'><strong>om-</strong></span> 
     </span>
    </p>
   </div>
   <div class='ocr_carea' id='block_1_67' title="bbox 467 3504 2064 3584">
    <p class='ocr_par' dir='ltr' id='par_1_67' title="bbox 467 3504 2064 3584">
     <span class='ocr_line' id='line_1_67' title="bbox 467 3504 2064 3584; baseline 0.009 -28"><span class='ocrx_word' id='word_1_520' title='bbox 467 3519 557 3567; x_wconf 75' lang='lat' dir='ltr'><strong>nes</strong></span> <span class='ocrx_word' id='word_1_521' title='bbox 582 3504 744 3559; x_wconf 83' lang='lat' dir='ltr'><strong>colles</strong></span> <span class='ocrx_word' id='word_1_522' title='bbox 771 3507 950 3574; x_wconf 79' lang='lat' dir='ltr'><strong>genuit</strong></span> <span class='ocrx_word' id='word_1_523' title='bbox 988 3523 1070 3561; x_wconf 79' lang='lat' dir='ltr'><strong>me</strong></span> <span class='ocrx_word' id='word_1_524' title='bbox 1100 3507 1142 3563; x_wconf 79' lang='lat'><strong>’.</strong></span> <span class='ocrx_word' id='word_1_525' title='bbox 1197 3508 1410 3574; x_wconf 82' lang='lat' dir='ltr'><strong>Quibus</strong></span> <span class='ocrx_word' id='word_1_526' title='bbox 1448 3511 1593 3581; x_wconf 86' lang='lat' dir='ltr'><strong>piam</strong></span> <span class='ocrx_word' id='word_1_527' title='bbox 1625 3513 1784 3568; x_wconf 89' lang='lat' dir='ltr'><strong>nobis</strong></span> <span class='ocrx_word' id='word_1_528' title='bbox 1830 3529 1894 3568; x_wconf 87' lang='lat' dir='ltr'><strong>ac</strong></span> <span class='ocrx_word' id='word_1_529' title='bbox 1936 3529 2064 3584; x_wconf 81' lang='lat' dir='ltr'><strong>pas-</strong></span> 
     </span>
    </p>
   </div>
   <div class='ocr_carea' id='block_1_68' title="bbox 468 3593 2063 3676">
    <p class='ocr_par' dir='ltr' id='par_1_68' title="bbox 468 3593 2063 3676">
     <span class='ocr_line' id='line_1_68' title="bbox 468 3593 2063 3676; baseline 0.01 -28"><span class='ocrx_word' id='word_1_530' title='bbox 468 3593 645 3651; x_wconf 84' lang='lat' dir='ltr'><strong>sionis</strong></span> <span class='ocrx_word' id='word_1_531' title='bbox 665 3597 845 3653; x_wconf 83' lang='lat' dir='ltr'><strong>onmis</strong></span> <span class='ocrx_word' id='word_1_532' title='bbox 874 3608 1155 3668; x_wconf 78' lang='lat' dir='ltr'><strong>expertem</strong></span> <span class='ocrx_word' id='word_1_533' title='bbox 1186 3600 1361 3671; x_wconf 86' lang='lat' dir='ltr'><strong>ipsius</strong></span> <span class='ocrx_word' id='word_1_534' title='bbox 1387 3617 1456 3657; x_wconf 81' lang='lat' dir='ltr'><strong>ex</strong></span> <span class='ocrx_word' id='word_1_535' title='bbox 1484 3600 1647 3659; x_wconf 86' lang='lat' dir='ltr'><strong>Patre</strong></span> <span class='ocrx_word' id='word_1_536' title='bbox 1664 3602 1789 3660; x_wconf 89' lang='lat' dir='ltr'><strong>Filii</strong></span> <span class='ocrx_word' id='word_1_537' title='bbox 1815 3606 2063 3676; x_wconf 81' lang='lat' dir='ltr'><strong>pmprie-</strong></span> 
     </span>
    </p>
   </div>
   <div class='ocr_carea' id='block_1_69' title="bbox 467 3690 2065 3766">
    <p class='ocr_par' dir='ltr' id='par_1_69' title="bbox 467 3690 2065 3766">
     <span class='ocr_line' id='line_1_69' title="bbox 467 3690 2065 3766; baseline 0.009 -24"><span class='ocrx_word' id='word_1_538' title='bbox 467 3695 645 3744; x_wconf 79' lang='lat' dir='ltr'><strong>tatem</strong></span> <span class='ocrx_word' id='word_1_539' title='bbox 661 3691 961 3759; x_wconf 80' lang='lat' dir='ltr'><strong>expressit.</strong></span> <span class='ocrx_word' id='word_1_540' title='bbox 992 3690 1195 3748; x_wconf 79' lang='lat' dir='ltr'><strong>Verum</strong></span> <span class='ocrx_word' id='word_1_541' title='bbox 1237 3696 1405 3751; x_wconf 85' lang='lat' dir='ltr'><strong>semel</strong></span> <span class='ocrx_word' id='word_1_542' title='bbox 1453 3694 1726 3754; x_wconf 81' lang='lat' dir='ltr'><strong>duntaxat</strong></span> <span class='ocrx_word' id='word_1_543' title='bbox 1766 3697 1948 3766; x_wconf 80' lang='lat' dir='ltr'><strong>Pater,</strong></span> <span class='ocrx_word' id='word_1_544' title='bbox 1974 3715 2065 3756; x_wconf 86' lang='lat' dir='ltr'><strong>se-</strong></span> 
     </span>
    </p>
   </div>
   <div class='ocr_carea' id='block_1_70' title="bbox 468 3780 2065 3861">
    <p class='ocr_par' dir='ltr' id='par_1_70' title="bbox 468 3780 2065 3861">
     <span class='ocr_line' id='line_1_70' title="bbox 468 3780 2065 3861; baseline 0.007 -22"><span class='ocrx_word' id='word_1_545' title='bbox 468 3780 685 3851; x_wconf 71' lang='lat' dir='ltr'><strong>melque</strong></span> <span class='ocrx_word' id='word_1_546' title='bbox 732 3781 903 3839; x_wconf 78' lang='lat' dir='ltr'><strong>Filius</strong></span> <span class='ocrx_word' id='word_1_547' title='bbox 948 3785 1027 3839; x_wconf 82' lang='lat' dir='ltr'><strong>ob</strong></span> <span class='ocrx_word' id='word_1_548' title='bbox 1066 3785 1236 3849; x_wconf 83' lang='lat' dir='ltr'><strong>illam,</strong></span> <span class='ocrx_word' id='word_1_549' title='bbox 1267 3803 1432 3857; x_wconf 83' lang='lat' dir='ltr'><strong>quam</strong></span> <span class='ocrx_word' id='word_1_550' title='bbox 1478 3789 1743 3855; x_wconf 82' lang='lat' dir='ltr'><strong>diximus,</strong></span> <span class='ocrx_word' id='word_1_551' title='bbox 1772 3793 1916 3861; x_wconf 89' lang='lat' dir='ltr'><strong>piam</strong></span> <span class='ocrx_word' id='word_1_552' title='bbox 1969 3791 2065 3850; x_wconf 85' lang='lat' dir='ltr'><strong>Dei</strong></span> 
     </span>
    </p>
   </div>
   <div class='ocr_carea' id='block_1_71' title="bbox 467 3872 2063 3944">
    <p class='ocr_par' dir='ltr' id='par_1_71' title="bbox 467 3872 2063 3944">
     <span class='ocr_line' id='line_1_71' title="bbox 467 3872 2063 3944; baseline 0.008 -18"><span class='ocrx_word' id='word_1_553' title='bbox 467 3872 915 3941; x_wconf 82' lang='lat' dir='ltr'><strong>germanitatem,</strong></span> <span class='ocrx_word' id='word_1_554' title='bbox 956 3875 1127 3944; x_wconf 77' lang='lat' dir='ltr'><strong>geniti</strong></span> <span class='ocrx_word' id='word_1_555' title='bbox 1169 3877 1333 3934; x_wconf 84' lang='lat' dir='ltr'><strong>nobis</strong></span> <span class='ocrx_word' id='word_1_556' title='bbox 1380 3879 1708 3936; x_wconf 83' lang='lat' dir='ltr'><strong>vocabulum</strong></span> <span class='ocrx_word' id='word_1_557' title='bbox 1752 3881 2063 3939; x_wconf 89' lang='lat' dir='ltr'><strong>ediderunt.</strong></span> 
     </span>
    </p>
   </div>
   <div class='ocr_carea' id='block_1_72' title="bbox 466 3963 2063 4041">
    <p class='ocr_par' dir='ltr' id='par_1_72' title="bbox 466 3963 2063 4041">
     <span class='ocr_line' id='line_1_72' title="bbox 466 3963 2063 4041; baseline 0.005 -20"><span class='ocrx_word' id='word_1_558' title='bbox 466 3963 540 4021; x_wconf 81' lang='lat' dir='ltr'><strong>At</strong></span> <span class='ocrx_word' id='word_1_559' title='bbox 592 3963 771 4020; x_wconf 82' lang='lat' dir='ltr'><strong>Patris</strong></span> <span class='ocrx_word' id='word_1_560' title='bbox 818 3972 874 4021; x_wconf 90' lang='lat' dir='ltr'><strong>et</strong></span> <span class='ocrx_word' id='word_1_561' title='bbox 921 3964 1049 4022; x_wconf 86' lang='lat' dir='ltr'><strong>Filii</strong></span> <span class='ocrx_word' id='word_1_562' title='bbox 1096 3968 1412 4027; x_wconf 87' lang='lat' dir='ltr'><strong>nominibus</strong></span> <span class='ocrx_word' id='word_1_563' title='bbox 1452 3971 1673 4041; x_wconf 87' lang='lat' dir='ltr'><strong>plenum</strong></span> <span class='ocrx_word' id='word_1_564' title='bbox 1724 3982 1811 4029; x_wconf 86' lang='lat' dir='ltr'><strong>est</strong></span> <span class='ocrx_word' id='word_1_565' title='bbox 1849 3971 2063 4029; x_wconf 85' lang='lat' dir='ltr'><strong>Novum</strong></span> 
     </span>
    </p>
   </div>
   <div class='ocr_carea' id='block_1_73' title="bbox 467 4056 1106 4115">
    <p class='ocr_par' dir='ltr' id='par_1_73' title="bbox 467 4056 1106 4115">
     <span class='ocr_line' id='line_1_73' title="bbox 467 4056 1106 4115; baseline 0.002 -2"><span class='ocrx_word' id='word_1_566' title='bbox 467 4070 636 4113; x_wconf 80' lang='lat' dir='ltr'><strong>omne</strong></span> <span class='ocrx_word' id='word_1_567' title='bbox 667 4056 1106 4115; x_wconf 88' lang='lat' dir='ltr'><strong>Testamentum.</strong></span> 
     </span>
    </p>
   </div>
   <div class='ocr_carea' id='block_1_74' title="bbox 539 4147 2059 4222">
    <p class='ocr_par' dir='ltr' id='par_1_74' title="bbox 539 4147 2059 4222">
     <span class='ocr_line' id='line_1_74' title="bbox 539 4147 2059 4222; baseline 0.007 -21"><span class='ocrx_word' id='word_1_568' title='bbox 539 4147 683 4204; x_wconf 78' lang='lat' dir='ltr'><strong>XXI.</strong></span> <span class='ocrx_word' id='word_1_569' title='bbox 722 4148 829 4205; x_wconf 84' lang='lat' dir='ltr'><strong>Sed</strong></span> <span class='ocrx_word' id='word_1_570' title='bbox 864 4158 924 4205; x_wconf 92' lang='lat' dir='ltr'><strong>ut</strong></span> <span class='ocrx_word' id='word_1_571' title='bbox 960 4152 1195 4222; x_wconf 88' lang='lat' dir='ltr'><strong>propriis</strong></span> <span class='ocrx_word' id='word_1_572' title='bbox 1226 4154 1342 4208; x_wconf 84' lang='lat' dir='ltr'><strong>suis</strong></span> <span class='ocrx_word' id='word_1_573' title='bbox 1386 4156 1532 4210; x_wconf 85' lang='lat' dir='ltr'><strong>notis</strong></span> <span class='ocrx_word' id='word_1_574' title='bbox 1575 4171 1729 4211; x_wconf 74' lang='lat' dir='ltr'><strong>novae</strong></span> <span class='ocrx_word' id='word_1_575' title='bbox 1765 4155 1913 4212; x_wconf 90' lang='lat' dir='ltr'><strong>illius</strong></span> <span class='ocrx_word' id='word_1_576' title='bbox 1946 4156 2059 4211; x_wconf 72' lang='lat' dir='ltr'><strong>bas—</strong></span> 
     </span>
    </p>
   </div>
   <div class='ocr_carea' id='block_1_75' title="bbox 467 4242 2059 4318">
    <p class='ocr_par' dir='ltr' id='par_1_75' title="bbox 467 4242 2059 4318">
     <span class='ocr_line' id='line_1_75' title="bbox 467 4242 2059 4318; baseline 0.004 -20"><span class='ocrx_word' id='word_1_577' title='bbox 467 4242 608 4299; x_wconf 77' lang='lat' dir='ltr'><strong>resis</strong></span> <span class='ocrx_word' id='word_1_578' title='bbox 650 4243 982 4303; x_wconf 83' lang='lat' dir='ltr'><strong>architectos</strong></span> <span class='ocrx_word' id='word_1_579' title='bbox 1029 4244 1345 4302; x_wconf 88' lang='lat' dir='ltr'><strong>discernere</strong></span> <span class='ocrx_word' id='word_1_580' title='bbox 1394 4247 1694 4318; x_wconf 81' lang='lat' dir='ltr'><strong>possimus,</strong></span> <span class='ocrx_word' id='word_1_581' title='bbox 1735 4265 1803 4305; x_wconf 79' lang='lat' dir='ltr'><strong>ex</strong></span> <span class='ocrx_word' id='word_1_582' title='bbox 1848 4250 2059 4317; x_wconf 85' lang='lat' dir='ltr'><strong>multis,</strong></span> 
     </span>
    </p>
   </div>
   <div class='ocr_carea' id='block_1_76' title="bbox 467 4334 2059 4410">
    <p class='ocr_par' dir='ltr' id='par_1_76' title="bbox 467 4334 2059 4410">
     <span class='ocr_line' id='line_1_76' title="bbox 467 4334 2059 4410; baseline 0.005 -23"><span class='ocrx_word' id='word_1_583' title='bbox 467 4349 591 4403; x_wconf 64' lang='lat' dir='ltr'><strong>qum</strong></span> <span class='ocrx_word' id='word_1_584' title='bbox 617 4334 686 4390; x_wconf 88' lang='lat' dir='ltr'><strong>de</strong></span> <span class='ocrx_word' id='word_1_585' title='bbox 722 4335 818 4391; x_wconf 92' lang='lat' dir='ltr'><strong>illo</strong></span> <span class='ocrx_word' id='word_1_586' title='bbox 859 4345 1182 4409; x_wconf 79' lang='lat' dir='ltr'><strong>argumento</strong></span> <span class='ocrx_word' id='word_1_587' title='bbox 1221 4339 1582 4408; x_wconf 86' lang='lat' dir='ltr'><strong>scripserunt,</strong></span> <span class='ocrx_word' id='word_1_588' title='bbox 1607 4355 1800 4410; x_wconf 86' lang='lat' dir='ltr'><strong>pauca,</strong></span> <span class='ocrx_word' id='word_1_589' title='bbox 1830 4357 1898 4397; x_wconf 89' lang='lat' dir='ltr'><strong>ne</strong></span> <span class='ocrx_word' id='word_1_590' title='bbox 1936 4341 2059 4396; x_wconf 86' lang='lat' dir='ltr'><strong>lon-</strong></span> 
     </span>
    </p>
   </div>
   <div class='ocr_carea' id='block_1_77' title="bbox 466 4426 2060 4500">
    <p class='ocr_par' dir='ltr' id='par_1_77' title="bbox 466 4426 2060 4500">
     <span class='ocr_line' id='line_1_77' title="bbox 466 4426 2060 4500; baseline 0.006 -21"><span class='ocrx_word' id='word_1_591' title='bbox 466 4427 585 4496; x_wconf 62' lang='grc' dir='ltr'>εἰσιν</span> <span class='ocrx_word' id='word_1_592' title='bbox 600 4426 732 4490; x_wconf 78' lang='lat' dir='ltr'><strong>sim,</strong></span> <span class='ocrx_word' id='word_1_593' title='bbox 757 4428 1069 4485; x_wconf 88' lang='lat' dir='ltr'><strong>adnotanda</strong></span> <span class='ocrx_word' id='word_1_594' title='bbox 1098 4430 1303 4499; x_wconf 82' lang='lat' dir='ltr'><strong>putavi.</strong></span> <span class='ocrx_word' id='word_1_595' title='bbox 1333 4429 1409 4485; x_wconf 75' lang='lat' dir='ltr'><strong>Ex</strong></span> <span class='ocrx_word' id='word_1_596' title='bbox 1436 4431 1635 4500; x_wconf 85' lang='lat' dir='ltr'><strong>quibus</strong></span> <span class='ocrx_word' id='word_1_597' title='bbox 1657 4431 1923 4489; x_wconf 80' lang='lat' dir='ltr'><strong>Catholici</strong></span> <span class='ocrx_word' id='word_1_598' title='bbox 1947 4440 2060 4488; x_wconf 86' lang='lat' dir='ltr'><strong>tota</strong></span> 
     </span>
    </p>
   </div>
   <div class='ocr_carea' id='block_1_78' title="bbox 2167 3229 3743 3304">
    <p class='ocr_par' dir='ltr' id='par_1_78' title="bbox 2167 3229 3743 3304">
     <span class='ocr_line' id='line_1_78' title="bbox 2167 3229 3743 3304; baseline -0.008 -13"><span class='ocrx_word' id='word_1_599' title='bbox 2167 3237 2238 3291; x_wconf 74' lang='grc' dir='ltr'>τὰ</span> <span class='ocrx_word' id='word_1_600' title='bbox 2267 3235 2435 3290; x_wconf 81' lang='grc' dir='ltr'>λοιπὰ</span> <span class='ocrx_word' id='word_1_601' title='bbox 2474 3233 2750 3304; x_wconf 84' lang='grc' dir='ltr'>κτίσματα</span> <span class='ocrx_word' id='word_1_602' title='bbox 2797 3230 3228 3302; x_wconf 77' lang='grc' dir='ltr'>ὑποπτεύσωμεν</span> <span class='ocrx_word' id='word_1_603' title='bbox 3278 3230 3386 3300; x_wconf 78' lang='grc' dir='ltr'><strong>τὴν</strong></span> <span class='ocrx_word' id='word_1_604' title='bbox 3436 3229 3621 3298; x_wconf 76' lang='grc' dir='ltr'>φύσιν,</span> <span class='ocrx_word' id='word_1_605' title='bbox 3649 3229 3743 3280; x_wconf 72' lang='grc' dir='ltr'>ἑπο.</span> 
     </span>
    </p>
   </div>
   <div class='ocr_carea' id='block_1_79' title="bbox 2165 3316 3737 3401">
    <p class='ocr_par' dir='ltr' id='par_1_79' title="bbox 2165 3316 3737 3401">
     <span class='ocr_line' id='line_1_79' title="bbox 2165 3316 3737 3401; baseline -0.004 -18"><span class='ocrx_word' id='word_1_606' title='bbox 2165 3329 2399 3401; x_wconf 84' lang='grc' dir='ltr'>ήνεγκεν</span> <span class='ocrx_word' id='word_1_607' title='bbox 2430 3325 2768 3394; x_wconf 65' lang='grc' dir='ltr'>ἀναγκαίως</span> <span class='ocrx_word' id='word_1_608' title='bbox 2791 3323 2912 3393; x_wconf 86' lang='grc' dir='ltr'>Πρὸ</span> <span class='ocrx_word' id='word_1_609' title='bbox 2941 3323 3011 3377; x_wconf 76' lang='grc' dir='ltr'>δὲ</span> <span class='ocrx_word' id='word_1_610' title='bbox 3044 3322 3287 3377; x_wconf 78' lang='grc' dir='ltr'>πάντων</span> <span class='ocrx_word' id='word_1_611' title='bbox 3300 3321 3556 3389; x_wconf 75' lang='grc' dir='ltr'><strong>,βουνῶν</strong></span> <span class='ocrx_word' id='word_1_612' title='bbox 3578 3316 3737 3391; x_wconf 73' lang='grc' dir='ltr'>γεννᾷ</span> 
     </span>
    </p>
   </div>
   <div class='ocr_carea' id='block_1_80' title="bbox 2159 3413 3734 3489">
    <p class='ocr_par' dir='ltr' id='par_1_80' title="bbox 2159 3413 3734 3489">
     <span class='ocr_line' id='line_1_80' title="bbox 2159 3413 3734 3489; baseline -0.003 -19"><span class='ocrx_word' id='word_1_613' title='bbox 2159 3436 2258 3489; x_wconf 83' lang='grc' dir='ltr'>με,</span> <span class='ocrx_word' id='word_1_614' title='bbox 2296 3417 2495 3488; x_wconf 79' lang='grc' dir='ltr'>εὐσεὸἧ</span> <span class='ocrx_word' id='word_1_615' title='bbox 2533 3418 2665 3488; x_wconf 79' lang='grc' dir='ltr'>ἡμῖν</span> <span class='ocrx_word' id='word_1_616' title='bbox 2691 3416 2786 3472; x_wconf 75' lang='grc' dir='ltr'>καὶ</span> <span class='ocrx_word' id='word_1_617' title='bbox 2815 3414 3001 3486; x_wconf 78' lang='grc' dir='ltr'>ἀπαθῆ</span> <span class='ocrx_word' id='word_1_618' title='bbox 3034 3414 3135 3485; x_wconf 67' lang='grc' dir='ltr'>τὴν</span> <span class='ocrx_word' id='word_1_619' title='bbox 3162 3416 3228 3468; x_wconf 82' lang='grc' dir='ltr'><strong>ὲκ</strong></span> <span class='ocrx_word' id='word_1_620' title='bbox 3255 3414 3399 3468; x_wconf 80' lang='grc' dir='ltr'>Θεοῦ</span> <span class='ocrx_word' id='word_1_621' title='bbox 3428 3414 3632 3485; x_wconf 71' lang='lat' dir='ltr'><strong>[lat-pb;</strong></span> <span class='ocrx_word' id='word_1_622' title='bbox 3650 3413 3734 3483; x_wconf 81' lang='grc' dir='ltr'>τῆς</span> 
     </span>
    </p>
   </div>
   <div class='ocr_carea' id='block_1_81' title="bbox 2169 3500 3734 3581">
    <p class='ocr_par' dir='ltr' id='par_1_81' title="bbox 2169 3500 3734 3581">
     <span class='ocr_line' id='line_1_81' title="bbox 2169 3500 3734 3581; baseline -0.006 -17"><span class='ocrx_word' id='word_1_623' title='bbox 2169 3509 2421 3581; x_wconf 80' lang='grc' dir='ltr'>υίότητος</span> <span class='ocrx_word' id='word_1_624' title='bbox 2455 3508 2623 3564; x_wconf 84' lang='grc' dir='ltr'>αὑτοῦ</span> <span class='ocrx_word' id='word_1_625' title='bbox 2657 3507 2865 3562; x_wconf 69' lang='grc' dir='ltr'>ἔννοιαν</span> <span class='ocrx_word' id='word_1_626' title='bbox 2896 3507 3188 3579; x_wconf 77' lang='grc' dir='ltr'>παριστὰς.</span> <span class='ocrx_word' id='word_1_627' title='bbox 3241 3505 3390 3560; x_wconf 82' lang='grc' dir='ltr'><strong>Ἀλλ’</strong></span> <span class='ocrx_word' id='word_1_628' title='bbox 3426 3504 3572 3570; x_wconf 77' lang='grc' dir='ltr'><strong>ἅπαξ</strong></span> <span class='ocrx_word' id='word_1_629' title='bbox 3602 3500 3734 3574; x_wconf 83' lang='grc' dir='ltr'><strong>μὲνὸ</strong></span> 
     </span>
    </p>
   </div>
   <div class='ocr_carea' id='block_1_82' title="bbox 2170 3593 3731 3674">
    <p class='ocr_par' dir='ltr' id='par_1_82' title="bbox 2170 3593 3731 3674">
     <span class='ocr_line' id='line_1_82' title="bbox 2170 3593 3731 3674; baseline -0.004 -18"><span class='ocrx_word' id='word_1_630' title='bbox 2170 3602 2363 3674; x_wconf 82' lang='grc' dir='ltr'>Πατὴρ</span> <span class='ocrx_word' id='word_1_631' title='bbox 2394 3602 2489 3656; x_wconf 75' lang='grc' dir='ltr'>καὶ</span> <span class='ocrx_word' id='word_1_632' title='bbox 2510 3600 2658 3665; x_wconf 75' lang='grc' dir='ltr'><strong>ἅπαξ</strong></span> <span class='ocrx_word' id='word_1_633' title='bbox 2689 3603 2718 3655; x_wconf 89' lang='lat'><strong>6</strong></span> <span class='ocrx_word' id='word_1_634' title='bbox 2740 3599 2869 3664; x_wconf 75' lang='grc' dir='ltr'>Υἱὸς</span> <span class='ocrx_word' id='word_1_635' title='bbox 2888 3599 2977 3653; x_wconf 79' lang='grc' dir='ltr'><strong>διὰ</strong></span> <span class='ocrx_word' id='word_1_636' title='bbox 2997 3599 3098 3670; x_wconf 82' lang='grc' dir='ltr'>τὴν</span> <span class='ocrx_word' id='word_1_637' title='bbox 3120 3599 3535 3671; x_wconf 83' lang='grc' dir='ltr'>προειρημένην</span> <span class='ocrx_word' id='word_1_638' title='bbox 3560 3593 3731 3663; x_wconf 78' lang='grc' dir='ltr'>εὐσεόῆ</span> 
     </span>
    </p>
   </div>
   <div class='ocr_carea' id='block_1_83' title="bbox 2169 3686 3727 3762">
    <p class='ocr_par' dir='ltr' id='par_1_83' title="bbox 2169 3686 3727 3762">
     <span class='ocr_line' id='line_1_83' title="bbox 2169 3686 3727 3762; baseline -0.004 -17"><span class='ocrx_word' id='word_1_639' title='bbox 2169 3691 2502 3762; x_wconf 77' lang='grc' dir='ltr'>γνησιὸτητα</span> <span class='ocrx_word' id='word_1_640' title='bbox 2553 3690 2649 3745; x_wconf 88' lang='grc' dir='ltr'><strong>τοῦ</strong></span> <span class='ocrx_word' id='word_1_641' title='bbox 2702 3689 2837 3744; x_wconf 82' lang='grc' dir='ltr'>Θεοῦ</span> <span class='ocrx_word' id='word_1_642' title='bbox 2882 3691 2945 3744; x_wconf 80' lang='grc' dir='ltr'>τὸ</span> <span class='ocrx_word' id='word_1_643' title='bbox 2998 3689 3273 3761; x_wconf 80' lang='grc' dir='ltr'>γεννητδν’</span> <span class='ocrx_word' id='word_1_644' title='bbox 3309 3692 3449 3762; x_wconf 78' lang='grc' dir='ltr'>ἡμῖν</span> <span class='ocrx_word' id='word_1_645' title='bbox 3490 3686 3727 3755; x_wconf 79' lang='grc' dir='ltr'>ἐξέθεντο·</span> 
     </span>
    </p>
   </div>
   <div class='ocr_carea' id='block_1_84' title="bbox 2171 3774 3728 3856">
    <p class='ocr_par' dir='ltr' id='par_1_84' title="bbox 2171 3774 3728 3856">
     <span class='ocr_line' id='line_1_84' title="bbox 2171 3774 3728 3856; baseline -0.006 -18"><span class='ocrx_word' id='word_1_646' title='bbox 2171 3784 2322 3839; x_wconf 79' lang='grc' dir='ltr'>πᾶσα</span> <span class='ocrx_word' id='word_1_647' title='bbox 2362 3782 2420 3837; x_wconf 70' lang='grc' dir='ltr'>δὲ</span> <span class='ocrx_word' id='word_1_648' title='bbox 2458 3785 2491 3856; x_wconf 80' lang='grc' dir='ltr'><strong>ἡ</strong></span> <span class='ocrx_word' id='word_1_649' title='bbox 2534 3783 2712 3854; x_wconf 81' lang='grc' dir='ltr'>Καινὴ</span> <span class='ocrx_word' id='word_1_650' title='bbox 2755 3782 2995 3854; x_wconf 83' lang='grc' dir='ltr'>Διαθήκη</span> <span class='ocrx_word' id='word_1_651' title='bbox 3044 3783 3205 3853; x_wconf 84' lang='grc' dir='ltr'>γέμει</span> <span class='ocrx_word' id='word_1_652' title='bbox 3243 3781 3461 3853; x_wconf 79' lang='grc' dir='ltr'>Πατρὸς</span> <span class='ocrx_word' id='word_1_653' title='bbox 3501 3780 3590 3834; x_wconf 79' lang='grc' dir='ltr'><strong>καὶ</strong></span> <span class='ocrx_word' id='word_1_654' title='bbox 3618 3774 3728 3830; x_wconf 68' lang='lat' dir='ltr'><strong>Tini</strong></span> 
     </span>
    </p>
   </div>
   <div class='ocr_carea' id='block_1_85' title="bbox 2168 3875 2468 3948">
    <p class='ocr_par' dir='ltr' id='par_1_85' title="bbox 2168 3875 2468 3948">
     <span class='ocr_line' id='line_1_85' title="bbox 2168 3875 2468 3948; baseline 0.007 -20"><span class='ocrx_word' id='word_1_655' title='bbox 2168 3875 2468 3948; x_wconf 80' lang='grc' dir='ltr'>ὀνομάτων.</span> 
     </span>
    </p>
   </div>
   <div class='ocr_carea' id='block_1_86' title="bbox 2243 4141 3726 4214">
    <p class='ocr_par' dir='ltr' id='par_1_86' title="bbox 2243 4141 3726 4214">
     <span class='ocr_line' id='line_1_86' title="bbox 2243 4141 3726 4214; baseline -0.007 -14"><span class='ocrx_word' id='word_1_656' title='bbox 2243 4148 2376 4201; x_wconf 78' lang='lat' dir='ltr'><strong>KA&#39;.</strong></span> <span class='ocrx_word' id='word_1_657' title='bbox 2416 4146 2533 4200; x_wconf 84' lang='grc' dir='ltr'>Ἵνα</span> <span class='ocrx_word' id='word_1_658' title='bbox 2557 4145 2614 4200; x_wconf 75' lang='grc' dir='ltr'>δὲ</span> <span class='ocrx_word' id='word_1_659' title='bbox 2635 4142 2742 4197; x_wconf 82' lang='grc' dir='ltr'><strong>ἀπὺ</strong></span> <span class='ocrx_word' id='word_1_660' title='bbox 2764 4142 2875 4195; x_wconf 86' lang='grc' dir='ltr'><strong>τῶν</strong></span> <span class='ocrx_word' id='word_1_661' title='bbox 2913 4143 3060 4196; x_wconf 80' lang='grc' dir='ltr'>ἰδίων</span> <span class='ocrx_word' id='word_1_662' title='bbox 3090 4142 3472 4214; x_wconf 84' lang='grc' dir='ltr'>γνωρισθῶσιν</span> <span class='ocrx_word' id='word_1_663' title='bbox 3496 4141 3546 4194; x_wconf 87' lang='lat' dir='ltr'><strong>oi</strong></span> <span class='ocrx_word' id='word_1_664' title='bbox 3571 4152 3726 4194; x_wconf 84' lang='grc' dir='ltr'>καινο-</span> 
     </span>
    </p>
   </div>
   <div class='ocr_carea' id='block_1_87' title="bbox 2170 4229 3724 4311">
    <p class='ocr_par' dir='ltr' id='par_1_87' title="bbox 2170 4229 3724 4311">
     <span class='ocr_line' id='line_1_87' title="bbox 2170 4229 3724 4311; baseline -0.008 -18"><span class='ocrx_word' id='word_1_665' title='bbox 2170 4238 2466 4311; x_wconf 86' lang='grc' dir='ltr'>τομοῦντες</span> <span class='ocrx_word' id='word_1_666' title='bbox 2502 4238 2602 4310; x_wconf 83' lang='grc' dir='ltr'>τὴν</span> <span class='ocrx_word' id='word_1_667' title='bbox 2644 4238 2889 4310; x_wconf 85' lang='grc' dir='ltr'>αἵρεσιν,</span> <span class='ocrx_word' id='word_1_668' title='bbox 2928 4239 2992 4290; x_wconf 81' lang='grc' dir='ltr'>ὲκ</span> <span class='ocrx_word' id='word_1_669' title='bbox 3034 4236 3246 4290; x_wconf 74' lang='grc' dir='ltr'>πολλῶν</span> <span class='ocrx_word' id='word_1_670' title='bbox 3275 4236 3385 4290; x_wconf 83' lang='grc' dir='ltr'><strong>τῶν</strong></span> <span class='ocrx_word' id='word_1_671' title='bbox 3422 4234 3547 4307; x_wconf 86' lang='grc' dir='ltr'>παρ’</span> <span class='ocrx_word' id='word_1_672' title='bbox 3570 4229 3724 4287; x_wconf 77' lang='grc' dir='ltr'>αὐτῶν</span> 
     </span>
    </p>
   </div>
   <div class='ocr_carea' id='block_1_88' title="bbox 2170 4323 3724 4403">
    <p class='ocr_par' dir='ltr' id='par_1_88' title="bbox 2170 4323 3724 4403">
     <span class='ocr_line' id='line_1_88' title="bbox 2170 4323 3724 4403; baseline -0.008 -16"><span class='ocrx_word' id='word_1_673' title='bbox 2170 4334 2251 4396; x_wconf 76' lang='grc' dir='ltr'><strong>είς</strong></span> <span class='ocrx_word' id='word_1_674' title='bbox 2293 4331 2392 4402; x_wconf 79' lang='grc' dir='ltr'>τὴν</span> <span class='ocrx_word' id='word_1_675' title='bbox 2433 4331 2691 4385; x_wconf 71' lang='grc' dir='ltr'>ὑπόθεσιν</span> <span class='ocrx_word' id='word_1_676' title='bbox 2722 4329 3128 4403; x_wconf 84' lang='grc' dir='ltr'>γεγραμμένων</span> <span class='ocrx_word' id='word_1_677' title='bbox 3168 4329 3332 4397; x_wconf 79' lang='grc' dir='ltr'>ὀλίγα</span> <span class='ocrx_word' id='word_1_678' title='bbox 3363 4328 3453 4383; x_wconf 79' lang='grc' dir='ltr'>διὰ</span> <span class='ocrx_word' id='word_1_679' title='bbox 3482 4328 3542 4381; x_wconf 83' lang='grc' dir='ltr'>τὸ</span> <span class='ocrx_word' id='word_1_680' title='bbox 3572 4323 3724 4395; x_wconf 79' lang='grc' dir='ltr'>μῆκος</span> 
     </span>
    </p>
   </div>
   <div class='ocr_carea' id='block_1_89' title="bbox 2172 4415 3721 4496">
    <p class='ocr_par' dir='ltr' id='par_1_89' title="bbox 2172 4415 3721 4496">
     <span class='ocr_line' id='line_1_89' title="bbox 2172 4415 3721 4496; baseline -0.01 -16"><span class='ocrx_word' id='word_1_681' title='bbox 2172 4423 2769 4496; x_wconf 78' lang='grc' dir='ltr'>παρεσημειωσαμεθα·</span> <span class='ocrx_word' id='word_1_682' title='bbox 2811 4424 2903 4492; x_wconf 75' lang='grc' dir='ltr'><strong>ἀφ’</strong></span> <span class='ocrx_word' id='word_1_683' title='bbox 2934 4415 3009 4476; x_wconf 81' lang='grc' dir='ltr'>ὧν</span> <span class='ocrx_word' id='word_1_684' title='bbox 3046 4422 3167 4477; x_wconf 84' lang='grc' dir='ltr'>ὃ).ον</span> <span class='ocrx_word' id='word_1_685' title='bbox 3195 4422 3246 4476; x_wconf 82' lang='grc' dir='ltr'>οἱ</span> <span class='ocrx_word' id='word_1_686' title='bbox 3278 4417 3555 4474; x_wconf 83' lang='grc' dir='ltr'>καθολικοὶ</span> <span class='ocrx_word' id='word_1_687' title='bbox 3578 4428 3721 4469; x_wconf 78' lang='grc' dir='ltr'>κατα-</span> 
     </span>
    </p>
   </div>
   <div class='ocr_carea' id='block_1_90' title="bbox 465 4504 2065 4594">
    <p class='ocr_par' dir='ltr' id='par_1_90' title="bbox 465 4517 2064 4594">
     <span class='ocr_line' id='line_1_90' title="bbox 465 4517 2064 4594; baseline 0.004 -23"><span class='ocrx_word' id='word_1_688' title='bbox 465 4517 616 4572; x_wconf 88' lang='lat' dir='ltr'><strong>illius</strong></span> <span class='ocrx_word' id='word_1_689' title='bbox 643 4518 868 4574; x_wconf 82' lang='lat' dir='ltr'><strong>haeresis</strong></span> <span class='ocrx_word' id='word_1_690' title='bbox 886 4529 1066 4575; x_wconf 86' lang='lat' dir='ltr'><strong>mente</strong></span> <span class='ocrx_word' id='word_1_691' title='bbox 1086 4530 1391 4592; x_wconf 80' lang='lat' dir='ltr'><strong>perspecta,</strong></span> <span class='ocrx_word' id='word_1_692' title='bbox 1413 4524 1750 4590; x_wconf 83' lang='lat' dir='ltr'><strong>necessario,</strong></span> <span class='ocrx_word' id='word_1_693' title='bbox 1770 4533 1828 4578; x_wconf 89' lang='lat' dir='ltr'><strong>ut</strong></span> <span class='ocrx_word' id='word_1_694' title='bbox 1847 4525 2064 4594; x_wconf 89' lang='lat' dir='ltr'><strong>opinor,</strong></span> 
     </span>
    </p>
   </div>
   <div class='ocr_carea' id='block_1_91' title="bbox 2167 4504 3717 4594">
    <p class='ocr_par' dir='ltr' id='par_1_91' title="bbox 2175 4504 3717 4587">
     <span class='ocr_line' id='line_1_91' title="bbox 2175 4504 3717 4587; baseline -0.003 -16"><span class='ocrx_word' id='word_1_695' title='bbox 2175 4516 2440 4587; x_wconf 78' lang='grc' dir='ltr'>μαθόντες</span> <span class='ocrx_word' id='word_1_696' title='bbox 2465 4515 2556 4569; x_wconf 80' lang='grc' dir='ltr'>τὸν</span> <span class='ocrx_word' id='word_1_697' title='bbox 2589 4514 2715 4571; x_wconf 84' lang='grc' dir='ltr'>νοῦν</span> <span class='ocrx_word' id='word_1_698' title='bbox 2743 4516 2842 4587; x_wconf 81' lang='grc' dir='ltr'>τῆς</span> <span class='ocrx_word' id='word_1_699' title='bbox 2880 4515 3169 4585; x_wconf 86' lang='grc' dir='ltr'>αἱρέσεως,</span> <span class='ocrx_word' id='word_1_700' title='bbox 3213 4512 3542 4583; x_wconf 84' lang='grc' dir='ltr'>ἀναγκαίως.</span> <span class='ocrx_word' id='word_1_701' title='bbox 3568 4504 3717 4577; x_wconf 72' lang='grc' dir='ltr'>οἶμαι,</span> 
     </span>
    </p>
   </div>
   <div class='ocr_carea' id='block_1_92' title="bbox 465 4610 2067 4686">
    <p class='ocr_par' dir='ltr' id='par_1_92' title="bbox 465 4610 2067 4686">
     <span class='ocr_line' id='line_1_92' title="bbox 465 4610 2067 4686; baseline 0.004 -21"><span class='ocrx_word' id='word_1_702' title='bbox 465 4617 746 4669; x_wconf 75' lang='lat' dir='ltr'><strong>statuent:</strong></span> <span class='ocrx_word' id='word_1_703' title='bbox 776 4610 946 4683; x_wconf 63' lang='grc' dir='ltr'><strong>βω</strong></span> <span class='ocrx_word' id='word_1_704' title='bbox 982 4614 1077 4682; x_wconf 84' lang='lat' dir='ltr'><strong>qui</strong></span> <span class='ocrx_word' id='word_1_705' title='bbox 1128 4612 1246 4668; x_wconf 74' lang='lat' dir='ltr'><strong>haec</strong></span> <span class='ocrx_word' id='word_1_706' title='bbox 1295 4615 1661 4684; x_wconf 83' lang='lat' dir='ltr'><strong>scripserint,</strong></span> <span class='ocrx_word' id='word_1_707' title='bbox 1718 4616 1906 4671; x_wconf 87' lang='lat' dir='ltr'><strong>eadem</strong></span> <span class='ocrx_word' id='word_1_708' title='bbox 1949 4616 2067 4686; x_wconf 89' lang='lat' dir='ltr'><strong>ipsa</strong></span> 
     </span>
    </p>
   </div>
   <div class='ocr_carea' id='block_1_93' title="bbox 464 4698 2066 4776">
    <p class='ocr_par' dir='ltr' id='par_1_93' title="bbox 464 4698 2066 4776">
     <span class='ocr_line' id='line_1_93' title="bbox 464 4698 2066 4776; baseline 0.005 -21"><span class='ocrx_word' id='word_1_709' title='bbox 464 4699 791 4766; x_wconf 67' lang='lat' dir='ltr'><strong>damnasse;</strong></span> <span class='ocrx_word' id='word_1_710' title='bbox 828 4708 886 4754; x_wconf 88' lang='lat' dir='ltr'><strong>et</strong></span> <span class='ocrx_word' id='word_1_711' title='bbox 913 4701 1146 4771; x_wconf 84' lang='lat' dir='ltr'><strong>ipsamet</strong></span> <span class='ocrx_word' id='word_1_712' title='bbox 1192 4698 1450 4775; x_wconf 76' lang='lat' dir='ltr'><strong>dogmata</strong></span> <span class='ocrx_word' id='word_1_713' title='bbox 1497 4721 1600 4760; x_wconf 86' lang='lat' dir='ltr'><strong>sua</strong></span> <span class='ocrx_word' id='word_1_714' title='bbox 1645 4706 1719 4762; x_wconf 85' lang='lat' dir='ltr'><strong>ab</strong></span> <span class='ocrx_word' id='word_1_715' title='bbox 1753 4707 2066 4776; x_wconf 70' lang='lat' dir='ltr'><strong>apostolicae</strong></span> 
     </span>
    </p>
   </div>
   <div class='ocr_carea' id='block_1_94' title="bbox 465 4790 2063 4870">
    <p class='ocr_par' dir='ltr' id='par_1_94' title="bbox 465 4790 2063 4870">
     <span class='ocr_line' id='line_1_94' title="bbox 465 4790 2063 4870; baseline 0.007 -26"><span class='ocrx_word' id='word_1_716' title='bbox 465 4790 588 4847; x_wconf 79' lang='lat' dir='ltr'><strong>ﬁdei</strong></span> <span class='ocrx_word' id='word_1_717' title='bbox 622 4795 906 4851; x_wconf 83' lang='lat' dir='ltr'><strong>consortio</strong></span> <span class='ocrx_word' id='word_1_718' title='bbox 948 4796 1197 4866; x_wconf 79' lang='lat' dir='ltr'><strong>rejicere.</strong></span> <span class='ocrx_word' id='word_1_719' title='bbox 1251 4796 1358 4853; x_wconf 90' lang='lat' dir='ltr'><strong>Sed</strong></span> <span class='ocrx_word' id='word_1_720' title='bbox 1407 4806 1461 4853; x_wconf 90' lang='lat' dir='ltr'><strong>et</strong></span> <span class='ocrx_word' id='word_1_721' title='bbox 1510 4813 1606 4853; x_wconf 88' lang='lat' dir='ltr'><strong>eos</strong></span> <span class='ocrx_word' id='word_1_722' title='bbox 1646 4797 1931 4863; x_wconf 87' lang='lat' dir='ltr'><strong>damnare,</strong></span> <span class='ocrx_word' id='word_1_723' title='bbox 1969 4801 2063 4870; x_wconf 88' lang='lat' dir='ltr'><strong>qui</strong></span> 
     </span>
    </p>
   </div>
   <div class='ocr_carea' id='block_1_95' title="bbox 464 4882 2066 4961">
    <p class='ocr_par' dir='ltr' id='par_1_95' title="bbox 464 4882 2066 4961">
     <span class='ocr_line' id='line_1_95' title="bbox 464 4882 2066 4961; baseline 0.006 -24"><span class='ocrx_word' id='word_1_724' title='bbox 464 4882 653 4938; x_wconf 85' lang='lat' dir='ltr'><strong>eadem</strong></span> <span class='ocrx_word' id='word_1_725' title='bbox 688 4901 879 4942; x_wconf 79' lang='lat' dir='ltr'><strong>secum</strong></span> <span class='ocrx_word' id='word_1_726' title='bbox 906 4888 1144 4942; x_wconf 85' lang='lat' dir='ltr'><strong>sentiant</strong></span> <span class='ocrx_word' id='word_1_727' title='bbox 1171 4903 1236 4942; x_wconf 87' lang='lat' dir='ltr'><strong>ac</strong></span> <span class='ocrx_word' id='word_1_728' title='bbox 1257 4889 1509 4945; x_wconf 84' lang='lat' dir='ltr'><strong>doceant.</strong></span> <span class='ocrx_word' id='word_1_729' title='bbox 1540 4890 1819 4961; x_wconf 84' lang='lat' dir='ltr'><strong>Siquidem</strong></span> <span class='ocrx_word' id='word_1_730' title='bbox 1858 4891 1913 4945; x_wconf 93' lang='lat' dir='ltr'><strong>in</strong></span> <span class='ocrx_word' id='word_1_731' title='bbox 1951 4892 2066 4947; x_wconf 68' lang='lat' dir='ltr'><strong>haec</strong></span> 
     </span>
    </p>
   </div>
   <div class='ocr_carea' id='block_1_96' title="bbox 464 4973 2066 5052">
    <p class='ocr_par' dir='ltr' id='par_1_96' title="bbox 464 4973 2066 5052">
     <span class='ocr_line' id='line_1_96' title="bbox 464 4973 2066 5052; baseline 0.007 -26"><span class='ocrx_word' id='word_1_732' title='bbox 464 4973 633 5029; x_wconf 72' lang='lat' dir='ltr'><strong>verba</strong></span> <span class='ocrx_word' id='word_1_733' title='bbox 679 4977 1054 5047; x_wconf 80' lang='lat' dir='ltr'><strong>scripserunt:</strong></span> <span class='ocrx_word' id='word_1_734' title='bbox 1086 5000 1107 5033; x_wconf 85' lang='grc'><strong>‹</strong></span> <span class='ocrx_word' id='word_1_735' title='bbox 1142 4980 1275 5037; x_wconf 85' lang='lat' dir='ltr'><strong>Nam</strong></span> <span class='ocrx_word' id='word_1_736' title='bbox 1308 4981 1567 5052; x_wconf 63' lang='lat' dir='ltr'><strong>prmclara</strong></span> <span class='ocrx_word' id='word_1_737' title='bbox 1621 4981 1833 5036; x_wconf 85' lang='lat' dir='ltr'><strong>scilicet</strong></span> <span class='ocrx_word' id='word_1_738' title='bbox 1881 4980 2066 5036; x_wconf 77' lang='lat' dir='ltr'><strong>divina</strong></span> 
     </span>
    </p>
   </div>
   <div class='ocr_carea' id='block_1_97' title="bbox 463 5066 2067 5143">
    <p class='ocr_par' dir='ltr' id='par_1_97' title="bbox 463 5066 2067 5143">
     <span class='ocr_line' id='line_1_97' title="bbox 463 5066 2067 5143; baseline 0.004 -23"><span class='ocrx_word' id='word_1_739' title='bbox 463 5066 631 5121; x_wconf 81' lang='lat' dir='ltr'><strong>verba</strong></span> <span class='ocrx_word' id='word_1_740' title='bbox 660 5070 1067 5131; x_wconf 77' lang='lat' dir='ltr'><strong>communicare</strong></span> <span class='ocrx_word' id='word_1_741' title='bbox 1098 5075 1383 5129; x_wconf 75' lang='lat' dir='ltr'><strong>vobiscum</strong></span> <span class='ocrx_word' id='word_1_742' title='bbox 1405 5090 1570 5143; x_wconf 68' lang='lat' dir='ltr'><strong>(piant</strong></span> <span class='ocrx_word' id='word_1_743' title='bbox 1599 5073 1927 5129; x_wconf 73' lang='lat' dir='ltr'><strong>brevissimo</strong></span> <span class='ocrx_word' id='word_1_744' title='bbox 1956 5089 2067 5129; x_wconf 87' lang='lat' dir='ltr'><strong>ser-</strong></span> 
     </span>
    </p>
   </div>
   <div class='ocr_carea' id='block_1_98' title="bbox 464 5159 2064 5235">
    <p class='ocr_par' dir='ltr' id='par_1_98' title="bbox 464 5159 2064 5235">
     <span class='ocr_line' id='line_1_98' title="bbox 464 5159 2064 5235; baseline 0.006 -26"><span class='ocrx_word' id='word_1_745' title='bbox 464 5171 629 5211; x_wconf 80' lang='lat' dir='ltr'><strong>mone</strong></span> <span class='ocrx_word' id='word_1_746' title='bbox 668 5159 955 5216; x_wconf 87' lang='lat' dir='ltr'><strong>constitui.</strong></span> <span class='ocrx_word' id='word_1_747' title='bbox 1002 5163 1327 5235; x_wconf 84' lang='lat' dir='ltr'><strong>Quicunque</strong></span> <span class='ocrx_word' id='word_1_748' title='bbox 1375 5166 1702 5222; x_wconf 69' lang='lat' dir='ltr'><strong>substantiae</strong></span> <span class='ocrx_word' id='word_1_749' title='bbox 1747 5165 2064 5221; x_wconf 80' lang='lat' dir='ltr'><strong>similitudi-</strong></span> 
     </span>
    </p>
   </div>
   <div class='ocr_carea' id='block_1_99' title="bbox 464 5252 2066 5328">
    <p class='ocr_par' dir='ltr' id='par_1_99' title="bbox 464 5252 2066 5328">
     <span class='ocr_line' id='line_1_99' title="bbox 464 5252 2066 5328; baseline 0.007 -27"><span class='ocrx_word' id='word_1_750' title='bbox 464 5262 588 5301; x_wconf 74' lang='lat' dir='ltr'><strong>nem</strong></span> <span class='ocrx_word' id='word_1_751' title='bbox 626 5263 852 5304; x_wconf 81' lang='lat' dir='ltr'><strong>servare</strong></span> <span class='ocrx_word' id='word_1_752' title='bbox 889 5264 1016 5306; x_wconf 86' lang='lat' dir='ltr'><strong>cum</strong></span> <span class='ocrx_word' id='word_1_753' title='bbox 1064 5252 1224 5309; x_wconf 87' lang='lat' dir='ltr'><strong>Patre</strong></span> <span class='ocrx_word' id='word_1_754' title='bbox 1257 5254 1458 5310; x_wconf 84' lang='lat' dir='ltr'><strong>Filium</strong></span> <span class='ocrx_word' id='word_1_755' title='bbox 1500 5265 1717 5328; x_wconf 88' lang='lat' dir='ltr'><strong>putant,</strong></span> <span class='ocrx_word' id='word_1_756' title='bbox 1765 5272 1796 5313; x_wconf 89' lang='lat' dir='ltr'><strong>a</strong></span> <span class='ocrx_word' id='word_1_757' title='bbox 1835 5260 2066 5317; x_wconf 82' lang='lat' dir='ltr'><strong>veritate</strong></span> 
     </span>
    </p>
   </div>
   <div class='ocr_carea' id='block_1_100' title="bbox 465 5338 2064 5419">
    <p class='ocr_par' dir='ltr' id='par_1_100' title="bbox 465 5338 2064 5419">
     <span class='ocr_line' id='line_1_100' title="bbox 465 5338 2064 5419; baseline 0.008 -26"><span class='ocrx_word' id='word_1_758' title='bbox 465 5338 684 5412; x_wconf 63' lang='lat' dir='ltr'><strong>longius</strong></span> <span class='ocrx_word' id='word_1_759' title='bbox 715 5341 1067 5408; x_wconf 75' lang='lat' dir='ltr'><strong>aberrarunt,</strong></span> <span class='ocrx_word' id='word_1_760' title='bbox 1099 5360 1164 5401; x_wconf 85' lang='lat' dir='ltr'><strong>eo</strong></span> <span class='ocrx_word' id='word_1_761' title='bbox 1191 5348 1334 5416; x_wconf 81' lang='lat' dir='ltr'><strong>quod</strong></span> <span class='ocrx_word' id='word_1_762' title='bbox 1366 5349 1732 5418; x_wconf 86' lang='lat' dir='ltr'><strong>appellatione</strong></span> <span class='ocrx_word' id='word_1_763' title='bbox 1760 5349 1879 5419; x_wconf 78' lang='lat' dir='ltr'><strong>ipsa</strong></span> <span class='ocrx_word' id='word_1_764' title='bbox 1908 5349 2064 5419; x_wconf 82' lang='lat' dir='ltr'><strong>inge-</strong></span> 
     </span>
    </p>
   </div>
   <div class='ocr_carea' id='block_1_101' title="bbox 466 5433 2065 5498">
    <p class='ocr_par' dir='ltr' id='par_1_101' title="bbox 466 5433 2065 5498">
     <span class='ocr_line' id='line_1_101' title="bbox 466 5433 2065 5498; baseline 0.003 -9"><span class='ocrx_word' id='word_1_765' title='bbox 466 5433 586 5498; x_wconf 81' lang='lat' dir='ltr'><strong>niti,</strong></span> <span class='ocrx_word' id='word_1_766' title='bbox 614 5434 792 5491; x_wconf 86' lang='lat' dir='ltr'><strong>simile</strong></span> <span class='ocrx_word' id='word_1_767' title='bbox 815 5435 1120 5498; x_wconf 87' lang='lat' dir='ltr'><strong>secundum</strong></span> <span class='ocrx_word' id='word_1_768' title='bbox 1157 5449 1404 5493; x_wconf 88' lang='lat' dir='ltr'><strong>naturam</strong></span> <span class='ocrx_word' id='word_1_769' title='bbox 1438 5443 1829 5497; x_wconf 79' lang='lat' dir='ltr'><strong>condemnant.</strong></span> <span class='ocrx_word' id='word_1_770' title='bbox 1864 5460 1882 5492; x_wconf 72' lang='grc' dir='ltr'><strong>ι</strong></span> <span class='ocrx_word' id='word_1_771' title='bbox 1919 5442 2065 5495; x_wconf 82' lang='lat' dir='ltr'><strong>Rur-</strong></span> 
     </span>
    </p>
   </div>
   <div class='ocr_carea' id='block_1_102' title="bbox 468 5523 2066 5602">
    <p class='ocr_par' dir='ltr' id='par_1_102' title="bbox 468 5523 2066 5602">
     <span class='ocr_line' id='line_1_102' title="bbox 468 5523 2066 5602; baseline 0.008 -28"><span class='ocrx_word' id='word_1_772' title='bbox 468 5535 563 5580; x_wconf 75' lang='lat' dir='ltr'><strong>sus</strong></span> <span class='ocrx_word' id='word_1_773' title='bbox 585 5523 662 5579; x_wconf 89' lang='lat' dir='ltr'><strong>ita</strong></span> <span class='ocrx_word' id='word_1_774' title='bbox 685 5525 1002 5597; x_wconf 83' lang='lat' dir='ltr'><strong>disputant:</strong></span> <span class='ocrx_word' id='word_1_775' title='bbox 1042 5547 1063 5580; x_wconf 81' lang='grc' dir='ltr'><strong>ι</strong></span> <span class='ocrx_word' id='word_1_776' title='bbox 1085 5526 1257 5584; x_wconf 86' lang='lat' dir='ltr'><strong>Filius</strong></span> <span class='ocrx_word' id='word_1_777' title='bbox 1299 5545 1462 5600; x_wconf 88' lang='lat' dir='ltr'><strong>porro</strong></span> <span class='ocrx_word' id='word_1_778' title='bbox 1494 5532 1845 5602; x_wconf 84' lang='lat' dir='ltr'><strong>generatione</strong></span> <span class='ocrx_word' id='word_1_779' title='bbox 1885 5532 2066 5587; x_wconf 76' lang='lat' dir='ltr'><strong>minor</strong></span> 
     </span>
    </p>
   </div>
   <div class='ocr_carea' id='block_1_103' title="bbox 1085 5713 1501 5777">
    <p class='ocr_par' dir='ltr' id='par_1_103' title="bbox 1085 5713 1501 5777">
     <span class='ocr_line' id='line_1_103' title="bbox 1085 5713 1501 5777; baseline 0.005 -10"><span class='ocrx_word' id='word_1_780' title='bbox 1085 5714 1105 5744; x_wconf 81' lang='grc'>³</span> <span class='ocrx_word' id='word_1_781' title='bbox 1132 5713 1291 5768; x_wconf 74' lang='lat' dir='ltr'><strong>Joan.</strong></span> <span class='ocrx_word' id='word_1_782' title='bbox 1325 5730 1379 5777; x_wconf 68' lang='grc' dir='ltr'>κ,</span> <span class='ocrx_word' id='word_1_783' title='bbox 1409 5713 1501 5769; x_wconf 77' lang='grc'><strong>56.</strong></span> 
     </span>
    </p>
   </div>
   <div class='ocr_carea' id='block_1_104' title="bbox 538 5709 2059 5773">
    <p class='ocr_par' dir='ltr' id='par_1_104' title="bbox 538 5709 2059 5773">
     <span class='ocr_line' id='line_1_104' title="bbox 538 5709 2059 5773; baseline 0.002 -8"><span class='ocrx_word' id='word_1_784' title='bbox 538 5711 558 5742; x_wconf 77' lang='grc'>³</span> <span class='ocrx_word' id='word_1_785' title='bbox 589 5709 744 5766; x_wconf 76' lang='lat' dir='ltr'><strong>Joan.</strong></span> <span class='ocrx_word' id='word_1_786' title='bbox 779 5728 886 5773; x_wconf 74' lang='lat' dir='ltr'><strong>xw.</strong></span> <span class='ocrx_word' id='word_1_787' title='bbox 916 5712 1006 5767; x_wconf 65' lang='lat'><strong>28.</strong></span> <span class='ocrx_word' id='word_1_788' title='bbox 1085 5714 1105 5744; x_wconf 82' lang='grc'>³</span> <span class='ocrx_word' id='word_1_789' title='bbox 1132 5713 1291 5768; x_wconf 75' lang='lat' dir='ltr'><strong>Joan.</strong></span> <span class='ocrx_word' id='word_1_790' title='bbox 1325 5730 1379 5773; x_wconf 70' lang='grc' dir='ltr'>κ,</span> <span class='ocrx_word' id='word_1_791' title='bbox 1409 5713 1501 5769; x_wconf 76' lang='grc'><strong>56.</strong></span> <span class='ocrx_word' id='word_1_792' title='bbox 1578 5714 1599 5745; x_wconf 86' lang='grc'><strong><em>³</em></strong></span> <span class='ocrx_word' id='word_1_793' title='bbox 1626 5713 1784 5769; x_wconf 85' lang='lat' dir='ltr'><strong>Joan.</strong></span> <span class='ocrx_word' id='word_1_794' title='bbox 1817 5730 1925 5773; x_wconf 67' lang='lat' dir='ltr'><strong>ssi.</strong></span> <span class='ocrx_word' id='word_1_795' title='bbox 1969 5713 2059 5769; x_wconf 74' lang='lat'><strong>‘28.</strong></span> 
     </span>
    </p>
   </div>
   <div class='ocr_carea' id='block_1_105' title="bbox 469 5781 2087 5851">
    <p class='ocr_par' dir='ltr' id='par_1_105' title="bbox 469 5781 2087 5851">
     <span class='ocr_line' id='line_1_105' title="bbox 469 5781 2087 5851; baseline 0.005 -18"><span class='ocrx_word' id='word_1_796' title='bbox 469 5793 546 5847; x_wconf 71' lang='grc' dir='ltr'>γι,</span> <span class='ocrx_word' id='word_1_797' title='bbox 571 5781 663 5836; x_wconf 72' lang='lat'><strong>20.</strong></span> <span class='ocrx_word' id='word_1_798' title='bbox 740 5784 759 5813; x_wconf 90' lang='grc'><strong>⁷</strong></span> <span class='ocrx_word' id='word_1_799' title='bbox 799 5782 946 5838; x_wconf 78' lang='lat' dir='ltr'><strong>Psal.</strong></span> <span class='ocrx_word' id='word_1_800' title='bbox 977 5798 1089 5851; x_wconf 67' lang='lat' dir='ltr'><strong>cxx,</strong></span> <span class='ocrx_word' id='word_1_801' title='bbox 1115 5785 1169 5839; x_wconf 80' lang='grc'>5.</span> <span class='ocrx_word' id='word_1_802' title='bbox 1243 5786 1263 5819; x_wconf 81' lang='grc'><strong>⁸</strong></span> <span class='ocrx_word' id='word_1_803' title='bbox 1298 5784 1461 5842; x_wconf 80' lang='lat' dir='ltr'><strong>Prov.</strong></span> <span class='ocrx_word' id='word_1_804' title='bbox 1485 5799 1601 5851; x_wconf 84' lang='lat' dir='ltr'><strong>vm,</strong></span> <span class='ocrx_word' id='word_1_805' title='bbox 1623 5785 1712 5840; x_wconf 71' lang='lat'><strong>&#39;22.</strong></span> <span class='ocrx_word' id='word_1_806' title='bbox 1789 5788 1808 5819; x_wconf 74' lang='lat'><strong><em>9</em></strong></span> <span class='ocrx_word' id='word_1_807' title='bbox 1840 5786 1970 5841; x_wconf 84' lang='lat' dir='ltr'><strong>ibid.</strong></span> <span class='ocrx_word' id='word_1_808' title='bbox 1996 5785 2087 5842; x_wconf 76' lang='lat'><strong>25.</strong></span> 
     </span>
    </p>
   </div>
   <div class='ocr_carea' id='block_1_106' title="bbox 2170 4594 3716 4680">
    <p class='ocr_par' dir='ltr' id='par_1_106' title="bbox 2170 4594 3716 4680">
     <span class='ocr_line' id='line_1_106' title="bbox 2170 4594 3716 4680; baseline -0.01 -17"><span class='ocrx_word' id='word_1_809' title='bbox 2170 4608 2415 4680; x_wconf 85' lang='grc' dir='ltr'>κρινοῦσι</span> <span class='ocrx_word' id='word_1_810' title='bbox 2442 4609 2570 4671; x_wconf 77' lang='grc' dir='ltr'>τοὺς</span> <span class='ocrx_word' id='word_1_811' title='bbox 2601 4608 2775 4662; x_wconf 85' lang='grc' dir='ltr'>ταῦτα</span> <span class='ocrx_word' id='word_1_812' title='bbox 2807 4608 3123 4679; x_wconf 78' lang='grc' dir='ltr'>γράψαντας</span> <span class='ocrx_word' id='word_1_813' title='bbox 3158 4603 3551 4675; x_wconf 85' lang='grc' dir='ltr'>ὰναθεματίσαι</span> <span class='ocrx_word' id='word_1_814' title='bbox 3580 4594 3716 4657; x_wconf 75' lang='grc' dir='ltr'>αὐτὰ,</span> 
     </span>
    </p>
   </div>
   <div class='ocr_carea' id='block_1_107' title="bbox 2170 4684 3719 4768">
    <p class='ocr_par' dir='ltr' id='par_1_107' title="bbox 2170 4684 3719 4768">
     <span class='ocr_line' id='line_1_107' title="bbox 2170 4684 3719 4768; baseline -0.008 -12"><span class='ocrx_word' id='word_1_815' title='bbox 2170 4701 2268 4756; x_wconf 79' lang='grc' dir='ltr'>καὶ</span> <span class='ocrx_word' id='word_1_816' title='bbox 2300 4700 2499 4763; x_wconf 77' lang='grc' dir='ltr'>αὐτοὺς</span> <span class='ocrx_word' id='word_1_817' title='bbox 2532 4699 2602 4753; x_wconf 84' lang='grc' dir='ltr'>τὰ</span> <span class='ocrx_word' id='word_1_818' title='bbox 2634 4698 2844 4754; x_wconf 78' lang='grc' dir='ltr'>ἑαυτῶν</span> <span class='ocrx_word' id='word_1_819' title='bbox 2870 4699 3121 4753; x_wconf 75' lang='grc' dir='ltr'>ὲκδαλεῖν</span> <span class='ocrx_word' id='word_1_820' title='bbox 3150 4698 3251 4768; x_wconf 84' lang='grc' dir='ltr'>τῆς</span> <span class='ocrx_word' id='word_1_821' title='bbox 3273 4691 3621 4759; x_wconf 77' lang='grc' dir='ltr'>ἁποστολικῆς</span> <span class='ocrx_word' id='word_1_822' title='bbox 3645 4684 3719 4738; x_wconf 79' lang='grc' dir='ltr'><strong>πί·</strong></span> 
     </span>
    </p>
   </div>
   <div class='ocr_carea' id='block_1_108' title="bbox 2171 4780 3715 4864">
    <p class='ocr_par' dir='ltr' id='par_1_108' title="bbox 2171 4780 3715 4864">
     <span class='ocr_line' id='line_1_108' title="bbox 2171 4780 3715 4864; baseline -0.005 -16"><span class='ocrx_word' id='word_1_823' title='bbox 2171 4811 2358 4858; x_wconf 80' lang='grc' dir='ltr'>στεως·</span> <span class='ocrx_word' id='word_1_824' title='bbox 2403 4793 2801 4864; x_wconf 83' lang='grc' dir='ltr'>ἀναθεματίσαι</span> <span class='ocrx_word' id='word_1_825' title='bbox 2847 4793 2907 4846; x_wconf 82' lang='grc' dir='ltr'>δὲ</span> <span class='ocrx_word' id='word_1_826' title='bbox 2950 4794 3045 4846; x_wconf 77' lang='grc' dir='ltr'>καὶ</span> <span class='ocrx_word' id='word_1_827' title='bbox 3081 4792 3209 4855; x_wconf 73' lang='grc' dir='ltr'>τοὺς</span> <span class='ocrx_word' id='word_1_828' title='bbox 3252 4791 3324 4844; x_wconf 82' lang='grc' dir='ltr'>τὰ</span> <span class='ocrx_word' id='word_1_829' title='bbox 3371 4787 3508 4843; x_wconf 72' lang='grc' dir='ltr'>αὐτὰ</span> <span class='ocrx_word' id='word_1_830' title='bbox 3560 4780 3715 4840; x_wconf 73' lang='grc' dir='ltr'>αὐτοῖς</span> 
     </span>
    </p>
   </div>
   <div class='ocr_carea' id='block_1_109' title="bbox 2169 4871 3713 4973">
    <p class='ocr_par' dir='ltr' id='par_1_109' title="bbox 2169 4871 3713 4973">
     <span class='ocr_line' id='line_1_109' title="bbox 2169 4871 3713 4973; baseline -0.006 -33"><span class='ocrx_word' id='word_1_831' title='bbox 2169 4886 2503 4959; x_wconf 76' lang='grc' dir='ltr'>φρονοῦντας</span> <span class='ocrx_word' id='word_1_832' title='bbox 2543 4885 2638 4939; x_wconf 76' lang='grc' dir='ltr'>καὶ</span> <span class='ocrx_word' id='word_1_833' title='bbox 2671 4885 3040 4948; x_wconf 83' lang='grc' dir='ltr'>διδάσκοντας.</span> <span class='ocrx_word' id='word_1_834' title='bbox 3093 4884 3371 4955; x_wconf 84' lang='grc' dir='ltr'>Γράφουσι</span> <span class='ocrx_word' id='word_1_835' title='bbox 3408 4880 3513 4951; x_wconf 85' lang='grc' dir='ltr'>γὰρ</span> <span class='ocrx_word' id='word_1_836' title='bbox 3545 4871 3713 4973; x_wconf 42' lang='lat' dir='ltr'><strong>ab???</strong></span> 
     </span>
    </p>
   </div>
   <div class='ocr_carea' id='block_1_110' title="bbox 2165 4964 3712 5050">
    <p class='ocr_par' dir='ltr' id='par_1_110' title="bbox 2165 4964 3712 5050">
     <span class='ocr_line' id='line_1_110' title="bbox 2165 4964 3712 5050; baseline -0.009 -14"><span class='ocrx_word' id='word_1_837' title='bbox 2165 4982 2377 5048; x_wconf 78' lang='grc' dir='ltr'>λέξεσιν</span> <span class='ocrx_word' id='word_1_838' title='bbox 2405 4979 2596 5045; x_wconf 72' lang='grc' dir='ltr'>οὕτως’</span> <span class='ocrx_word' id='word_1_839' title='bbox 2629 4998 2649 5032; x_wconf 85' lang='grc' dir='ltr'><strong>ι</strong></span> <span class='ocrx_word' id='word_1_840' title='bbox 2681 4980 2755 5032; x_wconf 85' lang='grc' dir='ltr'><strong>Τὸ</strong></span> <span class='ocrx_word' id='word_1_841' title='bbox 2775 4978 2882 5050; x_wconf 72' lang='grc' dir='ltr'>γὰρ</span> <span class='ocrx_word' id='word_1_842' title='bbox 2912 4976 3235 5049; x_wconf 82' lang='grc' dir='ltr'>μεταδοῦναι</span> <span class='ocrx_word' id='word_1_843' title='bbox 3263 4977 3390 5047; x_wconf 82' lang='grc' dir='ltr'>ὑμῖν</span> <span class='ocrx_word' id='word_1_844' title='bbox 3408 4973 3512 5027; x_wconf 82' lang='grc' dir='ltr'>τῶν</span> <span class='ocrx_word' id='word_1_845' title='bbox 3541 4971 3591 5021; x_wconf 80' lang='grc' dir='ltr'>ὲν</span> <span class='ocrx_word' id='word_1_846' title='bbox 3613 4964 3712 5031; x_wconf 83' lang='grc' dir='ltr'><strong>Θεῷ</strong></span> 
     </span>
    </p>
   </div>
   <div class='ocr_carea' id='block_1_111' title="bbox 2169 5055 3710 5168">
    <p class='ocr_par' dir='ltr' id='par_1_111' title="bbox 2169 5055 3710 5168">
     <span class='ocr_line' id='line_1_111' title="bbox 2169 5055 3710 5168; baseline -0.003 -41"><span class='ocrx_word' id='word_1_847' title='bbox 2169 5074 2433 5147; x_wconf 80' lang='grc' dir='ltr'>ῥημάτων</span> <span class='ocrx_word' id='word_1_848' title='bbox 2457 5073 2761 5127; x_wconf 74' lang='grc' dir='ltr'>καλλίστων</span> <span class='ocrx_word' id='word_1_849' title='bbox 2788 5072 2857 5125; x_wconf 79' lang='grc' dir='ltr'>τὰ</span> <span class='ocrx_word' id='word_1_850' title='bbox 2890 5072 3125 5143; x_wconf 71' lang='grc' dir='ltr'>μάλιστα</span> <span class='ocrx_word' id='word_1_851' title='bbox 3151 5069 3240 5123; x_wconf 81' lang='grc' dir='ltr'><strong>διὰ</strong></span> <span class='ocrx_word' id='word_1_852' title='bbox 3252 5067 3498 5168; x_wconf 38' lang='grc' dir='ltr'>’βραχέων</span> 
     </span>
    </p>
   </div>
   <div class='ocr_carea' id='block_1_112' title="bbox 2169 5157 3707 5238">
    <p class='ocr_par' dir='ltr' id='par_1_112' title="bbox 2169 5157 3707 5238">
     <span class='ocr_line' id='line_1_112' title="bbox 2169 5157 3707 5238; baseline -0.006 -18"><span class='ocrx_word' id='word_1_853' title='bbox 2169 5165 2370 5238; x_wconf 84' lang='grc' dir='ltr'>μήθην.</span> <span class='ocrx_word' id='word_1_854' title='bbox 2403 5164 2558 5218; x_wconf 85' lang='grc' dir='ltr'>Ὅσοι</span> <span class='ocrx_word' id='word_1_855' title='bbox 2587 5165 2690 5235; x_wconf 78' lang='grc' dir='ltr'><strong>τὴν</strong></span> <span class='ocrx_word' id='word_1_856' title='bbox 2727 5164 2850 5218; x_wconf 83' lang='grc' dir='ltr'>κατ’</span> <span class='ocrx_word' id='word_1_857' title='bbox 2880 5163 3071 5216; x_wconf 77' lang='grc' dir='ltr'>οὐσίαν</span> <span class='ocrx_word' id='word_1_858' title='bbox 3111 5160 3403 5231; x_wconf 85' lang='grc' dir='ltr'>ὁμοιότητα</span> <span class='ocrx_word' id='word_1_859' title='bbox 3439 5157 3707 5211; x_wconf 69' lang='grc' dir='ltr'><strong>ἀποσώζειν</strong></span> 
     </span>
    </p>
   </div>
   <div class='ocr_carea' id='block_1_113' title="bbox 2160 5241 3705 5326">
    <p class='ocr_par' dir='ltr' id='par_1_113' title="bbox 2160 5241 3705 5326">
     <span class='ocr_line' id='line_1_113' title="bbox 2160 5241 3705 5326; baseline -0.001 -15"><span class='ocrx_word' id='word_1_860' title='bbox 2160 5258 2252 5312; x_wconf 84' lang='grc' dir='ltr'><strong>τὸν</strong></span> <span class='ocrx_word' id='word_1_861' title='bbox 2281 5256 2409 5310; x_wconf 75' lang='grc' dir='ltr'>Υίδν</span> <span class='ocrx_word' id='word_1_862' title='bbox 2448 5255 2527 5326; x_wconf 79' lang='grc' dir='ltr'><strong>τῷ</strong></span> <span class='ocrx_word' id='word_1_863' title='bbox 2571 5256 2746 5326; x_wconf 60' lang='grc' dir='ltr'><strong>[ἰατρὶ¹</strong></span> <span class='ocrx_word' id='word_1_864' title='bbox 2791 5253 3291 5324; x_wconf 72' lang='grc' dir='ltr'>ὑπολαμϐάνουσιν,</span> <span class='ocrx_word' id='word_1_865' title='bbox 3336 5249 3568 5317; x_wconf 59' lang='lat' dir='ltr'><strong>LEinn?</strong></span> <span class='ocrx_word' id='word_1_866' title='bbox 3593 5241 3705 5308; x_wconf 82' lang='grc' dir='ltr'><strong>ἀλη⁹</strong></span> 
     </span>
    </p>
   </div>
   <div class='ocr_carea' id='block_1_114' title="bbox 2162 5332 3703 5418">
    <p class='ocr_par' dir='ltr' id='par_1_114' title="bbox 2162 5332 3703 5418">
     <span class='ocr_line' id='line_1_114' title="bbox 2162 5332 3703 5418; baseline -0.006 -16"><span class='ocrx_word' id='word_1_867' title='bbox 2162 5348 2313 5412; x_wconf 85' lang='grc' dir='ltr'>θείας</span> <span class='ocrx_word' id='word_1_868' title='bbox 2372 5346 2658 5418; x_wconf 77' lang='grc' dir='ltr'>βεϐήκασι,</span> <span class='ocrx_word' id='word_1_869' title='bbox 2720 5346 2811 5400; x_wconf 77' lang='grc' dir='ltr'>διὰ</span> <span class='ocrx_word' id='word_1_870' title='bbox 2863 5345 2963 5416; x_wconf 83' lang='grc' dir='ltr'>τῆς</span> <span class='ocrx_word' id='word_1_871' title='bbox 3018 5345 3319 5415; x_wconf 82' lang='grc' dir='ltr'>ἀγεννήτου</span> <span class='ocrx_word' id='word_1_872' title='bbox 3371 5332 3703 5413; x_wconf 70' lang='grc' dir='ltr'>προσηγορίας</span> 
     </span>
    </p>
   </div>
   <div class='ocr_carea' id='block_1_115' title="bbox 2163 5423 3702 5510">
    <p class='ocr_par' dir='ltr' id='par_1_115' title="bbox 2163 5423 3702 5510">
     <span class='ocr_line' id='line_1_115' title="bbox 2163 5423 3702 5510; baseline -0.012 -16"><span class='ocrx_word' id='word_1_873' title='bbox 2163 5435 2599 5510; x_wconf 85' lang='grc' dir='ltr'>κατηγοροῦντες</span> <span class='ocrx_word' id='word_1_874' title='bbox 2638 5435 2732 5490; x_wconf 87' lang='grc' dir='ltr'><strong>τοῦ</strong></span> <span class='ocrx_word' id='word_1_875' title='bbox 2764 5436 2952 5506; x_wconf 83' lang='grc' dir='ltr'>ὁμοίου</span> <span class='ocrx_word' id='word_1_876' title='bbox 2992 5436 3112 5490; x_wconf 86' lang='grc' dir='ltr'>κατ’</span> <span class='ocrx_word' id='word_1_877' title='bbox 3144 5435 3348 5489; x_wconf 74' lang='grc' dir='ltr'>οὐσίαν.</span> <span class='ocrx_word' id='word_1_878' title='bbox 3389 5453 3406 5484; x_wconf 79' lang='grc' dir='ltr'><strong>ι</strong></span> <span class='ocrx_word' id='word_1_879' title='bbox 3443 5430 3545 5487; x_wconf 79' lang='grc' dir='ltr'><strong>Καὶ</strong></span> <span class='ocrx_word' id='word_1_880' title='bbox 3570 5423 3702 5510; x_wconf 59' lang='grc' dir='ltr'>πάλιν</span> 
     </span>
    </p>
   </div>
   <div class='ocr_carea' id='block_1_116' title="bbox 2163 5508 3697 5601">
    <p class='ocr_par' dir='ltr' id='par_1_116' title="bbox 2163 5508 3697 5601">
     <span class='ocr_line' id='line_1_116' title="bbox 2163 5508 3697 5601; baseline -0.01 -17"><span class='ocrx_word' id='word_1_881' title='bbox 2163 5508 2399 5601; x_wconf 49' lang='grc' dir='ltr'>ἐροῦσινλ</span> <span class='ocrx_word' id='word_1_882' title='bbox 2438 5546 2458 5580; x_wconf 76' lang='grc' dir='ltr'><strong>ι</strong></span> <span class='ocrx_word' id='word_1_883' title='bbox 2506 5528 2565 5581; x_wconf 85' lang='lat'><strong>&#39;0</strong></span> <span class='ocrx_word' id='word_1_884' title='bbox 2585 5527 2641 5580; x_wconf 79' lang='grc' dir='ltr'>δὲ</span> <span class='ocrx_word' id='word_1_885' title='bbox 2668 5528 2796 5592; x_wconf 78' lang='grc' dir='ltr'><strong>Υἱὸς</strong></span> <span class='ocrx_word' id='word_1_886' title='bbox 2828 5527 3067 5582; x_wconf 71' lang='grc' dir='ltr'>ἐλάττων</span> <span class='ocrx_word' id='word_1_887' title='bbox 3096 5526 3358 5597; x_wconf 85' lang='grc' dir='ltr'>γενέσεως</span> <span class='ocrx_word' id='word_1_888' title='bbox 3383 5524 3473 5578; x_wconf 78' lang='grc' dir='ltr'>καὶ</span> <span class='ocrx_word' id='word_1_889' title='bbox 3500 5508 3697 5573; x_wconf 74' lang='grc' dir='ltr'>ἐστικαὶ</span> 
     </span>
    </p>
   </div>
   <div class='ocr_carea' id='block_1_117' title="bbox 2134 5700 3690 5794">
    <p class='ocr_par' dir='ltr' id='par_1_117' title="bbox 2134 5700 3690 5794">
     <span class='ocr_line' id='line_1_117' title="bbox 2134 5700 3690 5794; baseline -0.001 -25"><span class='ocrx_word' id='word_1_890' title='bbox 2134 5713 2386 5794; x_wconf 30' lang='grc' dir='ltr'><strong>δοκιμὴ-,⁸</strong></span> <span class='ocrx_word' id='word_1_891' title='bbox 2410 5730 2521 5794; x_wconf 51' lang='lat' dir='ltr'><strong>im,</strong></span> <span class='ocrx_word' id='word_1_892' title='bbox 2546 5715 2635 5794; x_wconf 77' lang='lat' dir='ltr'><strong>_l_6.</strong></span> <span class='ocrx_word' id='word_1_893' title='bbox 2714 5717 2734 5748; x_wconf 84' lang='grc'><strong><em>⁸</em></strong></span> <span class='ocrx_word' id='word_1_894' title='bbox 2770 5716 2960 5771; x_wconf 81' lang='lat' dir='ltr'><strong>Matth.</strong></span> <span class='ocrx_word' id='word_1_895' title='bbox 2987 5731 3066 5777; x_wconf 84' lang='lat' dir='ltr'><strong>tu,</strong></span> <span class='ocrx_word' id='word_1_896' title='bbox 3094 5715 3159 5794; x_wconf 40' lang='lat'><strong>1-7</strong></span> <span class='ocrx_word' id='word_1_897' title='bbox 3185 5730 3363 5794; x_wconf 41' lang='lat' dir='ltr'><strong>;_x._vn,.</strong></span> <span class='ocrx_word' id='word_1_898' title='bbox 3386 5710 3436 5794; x_wconf 57' lang='lat'><strong>5:</strong></span> <span class='ocrx_word' id='word_1_899' title='bbox 3505 5703 3557 5794; x_wconf 49' lang='grc' dir='ltr'><strong>’,ί</strong></span> 
     </span>
    </p>
   </div>
   <div class='ocr_carea' id='block_1_118' title="bbox 2171 5775 3687 5859">
    <p class='ocr_par' dir='ltr' id='par_1_118' title="bbox 2171 5775 3687 5859">
     <span class='ocr_line' id='line_1_118' title="bbox 2171 5775 3687 5859; baseline -0.011 -18"><span class='ocrx_word' id='word_1_900' title='bbox 2171 5787 2213 5817; x_wconf 79' lang='grc'>¹⁰</span> <span class='ocrx_word' id='word_1_901' title='bbox 2251 5785 2312 5841; x_wconf 62' lang='grc' dir='ltr'>ι’.</span> <span class='ocrx_word' id='word_1_902' title='bbox 2342 5775 2518 5857; x_wconf 21' lang='grc' dir='ltr'>ὀλίγαν</span> <span class='ocrx_word' id='word_1_903' title='bbox 2540 5787 2595 5840; x_wconf 79' lang='grc' dir='ltr'><strong>δὲ</strong></span> <span class='ocrx_word' id='word_1_904' title='bbox 2626 5803 2794 5859; x_wconf 81' lang='grc' dir='ltr'>παρα.</span> <span class='ocrx_word' id='word_1_905' title='bbox 2840 5794 2893 5844; x_wconf 84' lang='lat' dir='ltr'><strong>et</strong></span> <span class='ocrx_word' id='word_1_906' title='bbox 2923 5775 3233 5859; x_wconf 80' lang='lat' dir='ltr'><strong>parcntlieSi</strong></span> <span class='ocrx_word' id='word_1_907' title='bbox 3267 5775 3562 5840; x_wconf 78' lang='lat' dir='ltr'><strong>includenda</strong></span> <span class='ocrx_word' id='word_1_908' title='bbox 3589 5775 3687 5825; x_wconf 70' lang='lat' dir='ltr'><strong>ista.</strong></span> 
     </span>
    </p>
   </div>
  </div>
