3988 6414
550 358 655 412 443

1972 353 2029 406 S.
2064 351 2150 407 ΕΡ

2255 351 2402 405 lANII
3683 356 3772 414 HI

555 471 660 524 lius
699 469 754 524 in
806 471 1061 528 omnibus
1121 470 1270 526 Patri
1314 471 1510 526 similis
1566 485 1690 525 esse
1739 467 2021 534 delinitur,
2060 470 2134 522 ita

2255 465 2378 521 εἶναι
2430 468 2518 520 τὸν
2567 469 2696 522 Υἱδν
2749 469 2827 540 τῷ
2881 469 3056 540 ιίατρὶ
3104 469 3242 523 κατά
3277 470 3454 524 πάντα
3496 468 3773 540 ὑπέγραψαν

553 562 1003 632 subscripserunt
1032 585 1046 619 :
1076 563 1292 618 Marcus
1342 563 1636 632 episcOpus
1701 562 2007 615 Arethusia:
2059 561 2134 614 ita

553 653 721 709 credo
773 662 827 708 et
864 653 1042 708 sentio
1068 693 1084 715 ,
1129 663 1190 706 ut
1233 668 1403 722 supra
1454 651 1719 721 scriptum
1762 659 1869 705 est.
1935 649 2137 705 Eodem

555 744 716 799 modo
763 754 817 799 et
866 745 962 815 qui
1022 746 1253 800 aderant
1308 744 1778 813 subscripserunt.
1825 742 1893 796 At
1939 741 2138 796 Valens

557 833 706 888 hunc
758 835 812 888 in
843 836 1064 890 modum
1105 855 1118 889 :
1147 835 1614 901 Quemadmodum
1650 849 1713 888 ea
1756 842 1937 898 nocte,
1971 849 2138 903 quam

556 925 674 980 dies
714 924 1067 982 Pentecostes
1103 935 1292 982 secuta
1327 935 1432 992 est,
1465 926 1802 996 superiorem
1840 925 1979 979 hanc
2004 925 2140 980 sub-

558 1016 915 1087 scriptionem
935 1017 1294 1084 ediderimus,
1323 1025 1528 1072 norunt
1567 1019 1660 1086 qui
1693 1027 1800 1071 tam
1843 1027 2140 1085 prazscntcs

558 1115 740 1170 crant,
779 1123 844 1162 ac
876 1109 996 1179 pius
1035 1110 1089 1162 in
1127 1108 1320 1177 primis
1349 1109 1665 1179 imperator,
1699 1107 1842 1178 apud
1879 1124 2041 1178 quem
2086 1115 2142 1162 et

560 1199 680 1254 sine
713 1200 917 1269 scripto
949 1215 1069 1256 sum
1109 1207 1163 1255 et
1210 1201 1416 1270 scripto
1457 1207 1818 1256 contestatus.
1861 1199 1994 1255 Post
2026 1200 2142 1253 haec

561 1307 688 1345 cum
752 1290 954 1348 Valens
1003 1307 1106 1347 suo
1144 1308 1296 1346 more
1338 1291 1776 1360 subscripsisset,
1825 1299 1878 1346 et
1918 1291 1984 1346 ad
2015 1291 2146 1346 sub-

563 1381 916 1452 scriptionem
978 1383 1301 1449 addidisset,
1369 1381 1601 1438 similem
1661 1398 1785 1438 esse
1842 1381 1992 1436 Patri
2053 1381 2144 1437 Fi-

563 1472 718 1538 lium,
774 1475 1157 1544 praetermissis
1197 1473 1284 1528 his
1327 1472 1577 1538 vocibus,
1617 1473 1673 1526 in
1701 1473 1967 1535 omnibus,
1999 1486 2146 1526 cum-

563 1578 672 1633 que
729 1579 792 1620 ea
851 1579 910 1620 re
958 1565 1316 1630 declarasset,
1350 1580 1511 1636 quem
1561 1565 1617 1619 in
1671 1579 1894 1620 sensum
1925 1578 1989 1618 ea
2026 1577 2148 1632 quze

562 1653 768 1726 scripta
792 1654 1010 1711 fuerant
1031 1657 1412 1727 approbasset,
1438 1672 1499 1711 ac
1531 1654 1986 1726 quemadmodum
2019 1667 2150 1706 con—

565 1746 951 1802 substantialis
972 1762 1157 1802 vocem
1189 1747 1539 1817 intelligeret,
1570 1746 1694 1816 pius
1722 1745 1824 1800 hoc
1852 1745 2150 1814 imperator

2243 563 2451 625 οὕτως·
2486 564 2712 634 Μάρκος
2748 565 2778 616 ὁ
2829 563 3127 626 ἐπίσκοπος
3165 560 3506 634 ’Δρεθουσίας
3542 558 3668 614 οῦτω
3705 578 3777 614 πι-

2244 655 2419 707 στεύω
2440 656 2532 709 xatl.
2562 653 2878 726 cppow'bftol;
2913 653 3458 725 προγεγραμμένοις·
3494 653 3640 706 καὶοὶ
3659 669 3778 724 παρ-

2243 745 2395 808 όντες
2429 745 2650 816 ὁμοίως.
2687 745 2900 815 Οὐάλης
2921 745 2979 798 δὲ
3009 744 3212 808 οὑτως·
3243 746 3430 808 Ὅπως
3458 743 3550 815 μὲν
3575 743 3780 815 ὑπεγρά-

2239 836 2422 906 ψαμεν
2453 839 2519 907 τῇ
2545 836 2701 890 νυκτί¹
2732 835 3149 907 ἑπιςωσκούσης
3182 835 3281 902 τῆς
3313 835 3672 905 Πεντηκοστῆς
3703 835 3781 906 τὴν

2243 927 2743 998 προγεγραμμένην
2785 927 3142 998 ὑπογραφὴν,
3196 926 3402 980 οἴδασιν
3451 925 3500 978 οἱ
3553 925 3782 995 παρόντες

2241 1019 2338 1072 καὶ
2361 1021 2390 1072 ὁ
2427 1018 2658 1088 εὐσεϐὴς
2702 1017 2986 1088 βασιλεὺς,
3021 1016 3160 1086 πρὸς
3202 1016 3260 1069 ὃν
3290 1016 3388 1069 καὶ
3431 1015 3783 1086 ἐμαρτυράμην

2243 1108 2508 1180 ἀγράφως
2535 1123 2594 1159 τε
2628 1107 2723 1160 καὶ
2782 1105 3103 1178 ἐγγράφως.
3134 1104 3290 1159 Μετὰ
3322 1105 3382 1157 δὲ
3425 1101 3592 1155 ταῦτα
3632 1103 3785 1174 οἰκείῳ

2243 1199 2362 1270 ἤθει
2413 1197 2830 1269 ὑπογράψαντος
2878 1196 3208 1259 Οὐάλεντος,
3243 1196 3340 1249 καὶ
3385 1193 3784 1265 προστεθεικύτος

2245 1292 2311 1360 τῇ
2345 1289 2658 1360 ὑπογραφῇ,
2698 1287 2884 1358 ὅμοιον
2915 1286 3008 1340 τὸν
3055 1285 3184 1340 Υίὺν
3208 1284 3287 1355 τῷ
3307 1279 3512 1354 lla-cpi,
3553 1283 3622 1353 μὴ
3646 1297 3786 1356 προσ-

2247 1379 2552 1442 τεθεικότος
2585 1379 2665 1446 δὲ,
2692 1378 2844 1432 κατὰ
2868 1377 3086 1441 πάντα,
3119 1376 3214 1430 καὶ
3245 1375 3520 1442 δείξαντος
3553 1375 3686 1436 ὅπως
3713 1375 3788 1426 καὶ

2249 1471 2500 1524 συνέθετο
2523 1473 2637 1534 τοῖς
2663 1469 3205 1543 προγεγραμμένοις,
3244 1467 3280 1538 ἢ
3313 1467 3378 1520 τὺ
3401 1464 3671 1538 ὁμοοὺσιον
3695 1465 3786 1527 πῶς

2247 1564 2382 1628 νοεῖ,
2413 1560 2899 1632 ὲπισημηναμένου
2941 1577 3002 1613 τε
3032 1559 3223 1613 τοῦτον
3254 1556 3351 1610 τοῦ
3393 1555 3638 1618 εὐσεϐοῦς
3663 1555 3786 1624 βασι.

2251 1655 2410 1718 λέως,
2455 1656 2550 1709 καὶ
2598 1654 3010 1722 ἀναγκάσαντος
3039 1650 3201 1705 αὐτὸν
3225 1648 3540 1722 προσθεῖναι
3565 1647 3644 1713 τὺ,
3671 1647 3787 1700 κατὰ

2253 1745 2470 1807 πάντα,
2498 1745 2635 1815 ὅπερ
2669 1743 2761 1797 καὶ
2805 1740 3160 1814 προστέθεικε
3181 1781 3197 1805 ,
3245 1739 3526 1802 Βασίλειος
3561 1737 3787 1791 ὑποπτεύ-

563 1837 898 1902 observavit,
943 1846 999 1893 et
1052 1847 1133 1903 ut,
1187 1841 1242 1894 in
1284 1840 1566 1902 omnibus,
1624 1838 1884 1908 adiiceret
1925 1835 2146 1906 coegit:

2255 1859 2352 1904 σας
2378 1842 2475 1895 καὶ
2509 1841 2592 1904 τὸ,
2614 1838 2769 1894 κατά
2806 1837 3024 1902 πάντα,
3068 1835 3183 1907 ἰδίῳ
3210 1835 3288 1907 νῷ
3322 1833 3484 1888 αὐτὸν
3518 1830 3786 1904 προστεθει-

565 1926 732 1998 idque
752 1933 812 1982 ut
831 1927 1024 1998 jussus
1063 1937 1183 1983 erat
1207 1929 1484 1999 praestitit.
1525 1929 1594 1982 At
1634 1927 1870 1983 Basilius
1897 1927 2147 1996 suspica-

565 2025 658 2075 tus
707 2033 870 2074 voces
902 2018 1044 2085 illas,
1081 2020 1132 2073 in
1178 2020 1444 2087 omnibus,
1491 2036 1555 2076 ex
1597 2021 1816 2090 propria
1857 2027 2039 2074 mente
2084 2032 2151 2072 ac

561 2125 728 2194 sensu
781 2109 849 2165 ad
879 2109 1166 2166 formulam
1209 2112 1477 2183 adjectas,
1509 2128 1634 2169 cum
1679 2113 1988 2184 exemplum
2021 2127 2152 2184 pro-

565 2202 822 2260 fessionis
851 2203 999 2260 illius
1027 2203 1226 2260 Valens
1256 2221 1380 2261 cum
1409 2207 1523 2263 suis
1555 2206 1758 2261 habere
1789 2207 1968 2270 vellet,
1995 2205 2141 2276 quod

563 2312 749 2353 secum
771 2297 837 2352 ad
859 2297 1260 2354 Ariminensem
1285 2297 1554 2370 synodum
1571 2298 1830 2364 deferret,
1859 2298 1964 2354 hoc
1987 2297 2150 2354 modo

564 2373 893 2459 subscripsit
929 2405 942 2441 :
973 2388 1212 2446 Basilius
1269 2391 1564 2460 episcopus
1606 2391 1837 2462 Ancyrae
1863 2389 2052 2454 credo,
2097 2397 2152 2445 et

565 2479 839 2533 assentior
891 2479 960 2533 iis
1008 2494 1130 2548 qua:
1166 2495 1331 2549 supra
1365 2480 1573 2549 scripta
1625 2477 2061 2544 sunt,'similem
2089 2477 2144 2532 in

563 2570 824 2627 omnibus
869 2572 1137 2626 confitens
1187 2569 1367 2626 Patris
1391 2587 1516 2628 esse
1550 2569 1773 2625 Filium.
1807 2569 1865 2624 In
1893 2569 2152 2624 omnibus

565 2676 699 2716 vero
725 2676 849 2716 cutn
872 2660 1020 2726 dico,
1056 2675 1166 2715 non
1199 2660 1480 2717 voluntate
1533 2661 1711 2718 solum
1759 2660 2028 2728 intelligo,
2055 2657 2152 2714 sed

565 2760 622 2808 et
668 2753 1048 2816 subsistentia,
1089 2760 1145 2808 et
1211 2752 1555 2819 exsistentia,
1615 2749 1861 2822 adeoque
1913 2747 2152 2807 essentia

547 2844 708 2915 ipsa.
737 2852 924 2915 utpote
945 2843 1164 2910 Filium,
1185 2845 1332 2915 quod
1354 2859 1526 2900 sacrae
1549 2843 1770 2899 Litterae
1782 2841 2112 2898 confirmant
2137 2858 2154 2896 :

567 2937 824 3006 spiritum
852 2952 884 2991 e
917 2936 1139 3006 spiritu,
1175 2937 1340 2990 vitam
1369 2951 1400 2992 e
1427 2938 1558 3001 vita,
1598 2937 1782 2991 lumen
1835 2950 1866 2990 θ
1910 2933 2139 2999 lumine,

569 3024 740 3080 Deum
803 3040 873 3082 ex
923 3025 1052 3092 Deo,
1083 3041 1274 3081 verum
1315 3024 1516 3080 Filium
1545 3041 1614 3081 ex
1649 3041 1802 3090 vero,
1829 3025 2152 3096 sapientiam

569 3113 766 3169 Filium
796 3130 828 3170 e
851 3114 1065 3184 sapient
1086 3113 1196 3169 Deo
1246 3128 1310 3168 ac
1341 3112 1521 3168 Patre.
1566 3113 1734 3183 87o
1789 3113 1888 3177 Et,
1946 3119 2007 3165 ut
2043 3125 2153 3165 uno

567 3206 740 3262 verbo
769 3205 973 3268 dicam,
1027 3203 1224 3260 Filium
1255 3203 1434 3261 Patris
1469 3205 1834 3276 undecunque
1884 3204 2152 3272 similem,

569 3298 650 3354 uti
712 3297 883 3352 lilium
923 3297 1116 3367 patris.
1143 3298 1222 3352 Ae
1245 3297 1292 3354 si
1315 3298 1442 3368 quis
1474 3298 1660 3368 aliqua
1690 3298 1870 3354 solum
1900 3312 1966 3352 ex
1996 3305 2152 3366 parte

2249 1935 2406 1988 κέναι
2440 1935 2520 1997 εἰς
2558 1932 2629 1986 τά
2660 1932 2750 1986 ίσα
2785 1930 3157 2003 (ἐσπούδασαν
3177 1929 3228 1981 οἱ
3267 1928 3401 1999 περὶ
3425 1925 3684 1980 Οὐάλεντα
3712 1921 3785 1976 λα·

2248 2024 2384 2089 δεῖν,
2427 2025 2512 2093 ἐφ’
2550 2017 2652 2094 ᾧτε
2685 2021 3022 2092 ἀποκομίσαι
3071 2021 3151 2084 είς
3204 2018 3306 2088 τὴν
3369 2015 3514 2070 κατά
3557 2013 3787 2084 ’Δρίμινον

2248 2113 2530 2186 σύνοδον),
2577 2112 2894 2185 ὑπέγραψεν
2939 2109 3146 2175 οὑτως·
3200 2107 3490 2172 Βασίλειος
3537 2103 3787 2166 ἐπίσκοπος

2260 2206 2534 2278 Ἀγκύρας
2558 2203 2799 2259 πιστεύω
2825 2203 2921 2258 καὶ
2947 2201 3250 2256 συνευδοκῶ
3270 2203 3386 2264 τοῖς
3413 2195 3787 2271 προγεγραμμέ-

2249 2316 2380 2362 νοις,
2396 2299 2582 2368 ὃμοιον
2601 2295 2880 2366 ὁμολογῶν
2901 2295 2993 2348 τὸν
3010 2292 3139 2348 Υίδν
3160 2291 3240 2364 τῷ
3263 2291 3443 2363 Πατρὶ
3467 2289 3603 2344 κατά
3625 2287 3784 2340 πάντα.

2249 2390 2408 2445 Κατά
2441 2389 2622 2442 πάντα
2651 2386 2728 2450 δὲ,
2763 2386 2826 2439 οὐ
2872 2386 3030 2456 μόνον
3053 2382 3198 2438 κατά
3237 2382 3340 2454 τὴν
3388 2381 3661 2452 βούλησιν,
3686 2374 3790 2430 ἀλλὰ

2251 2482 2392 2536 κατά
2423 2479 2522 2551 τὴν
2574 2478 2907 2539 ὑπόστασιν,
2957 2476 3053 2530 καὶ
3105 2474 3250 2528 κατά
3283 2474 3387 2546 τὴν
3425 2469 3676 2542 ὓπαρξιν,
3717 2465 3789 2520 καὶ

2251 2573 2394 2629 κατά
2447 2572 2508 2624 τὸ
2536 2566 2711 2633 εἶναι,
2761 2569 2839 2633 ὡς
2881 2568 3009 2622 Υίὸν
3045 2565 3190 2620 κατά
3237 2565 3340 2630 τὰς
3395 2564 3543 2626 θείας
3577 2559 3786 2631 Γραφὼξ,

2255 2662 2477 2733 πνεῦμα
2502 2662 2567 2714 ὲκ
2589 2659 2921 2730 πνεύματος,
2943 2657 3090 2728 ζωὴν
3119 2659 3184 2711 ὲκ
3213 2657 3386 2728 ζωῆς,
3409 2655 3524 2725 φῶς
3545 2654 3607 2707 ὲκ
3631 2651 3784 2721 φωτὸς.

2253 2752 2386 2806 Θεὸν
2421 2753 2486 2804 ὲκ
2517 2749 2654 2804 Θεοῦ
2677 2789 2692 2812 ,
2738 2748 2992 2820 ἀληθινὸν
3029 2748 3158 2803 Υίὸν
3203 2747 3266 2812 ἐξ
3312 2744 3568 2818 ἀληθινοῦ
3589 2783 3604 2809 ,
3641 2739 3786 2808 σοφίαν

2254 2843 2384 2898 Υῑὸν
2413 2844 2478 2896 ὲκ
2509 2840 2676 2910 σοφοῦ
2710 2840 2847 2894 Θεοῦ
2881 2841 2977 2894 καὶ
3010 2839 3245 2910 Πατρδς,
3277 2838 3375 2892 καὶ
3418 2833 3661 2898 καθάπαξ
3683 2828 3786 2884 κατὰ

2255 2935 2434 2989 πάντα
2453 2933 2544 2987 τὸν
2569 2932 2696 2986 Υίδν
2720 2932 2907 3003 ὅμοιον
2933 2931 3014 3002 τῷ
3045 2930 3243 3001 Πατρὶ,
3275 2929 3355 2993 ὡς
3380 2929 3494 2982 υἱὸν
3521 2924 3689 2996 πατρί.
3709 2919 3787 2974 Καὶ

2255 3027 2311 3081 εί
2329 3044 2413 3091 τις
2439 3025 2583 3080 κατά
2609 3042 2663 3078 τι
2694 3023 2845 3094 λέγοι
2874 3025 3082 3094 ὅμοιον,
3111 3021 3187 3086 ὡς
3217 3021 3643 3095 προγέγραπται,
3668 3013 3785 3069 d116—

2255 3135 2406 3189 τριον
2432 3111 2572 3170 εῖναι
2613 3115 2711 3186 τῆς
2745 3113 3046 3184 καθολικῆς
3087 3112 3444 3184 Ἐκκλησίας,
3477 3110 3548 3173 ὼς
3589 3107 3656 3178 μὴ
3683 3102 3788 3162 κατὰ

2254 3209 2353 3273 τὰς
2374 3209 2527 3272 θείας
2559 3205 2787 3279 Γραφάς
2820 3207 3007 3277 ὅμοιον
3038 3205 3130 3260 τὸν
3165 3204 3295 3258 Υἱδν
3326 3204 3408 3276 τῷ
3447 3201 3612 3272 Πατρὶ
3639 3197 3787 3266 λέγων.

2262 3299 2604 3370 Ἀνεγνώσθη
2634 3301 2669 3370 ἡ
2703 3295 3032 3369 ὑπογραφὴ,
3069 3295 3165 3352 καὶ
3195 3295 3360 3366 ἐδόθη
3393 3294 3658 3354 Οὐάλεντι,
3684 3304 3788 3357 παρ’

576 3386 814 3445 similem
842 3401 966 3443 esse
993 3385 1164 3452 dicat,
1206 3395 1266 3442 ut
1285 3397 1413 3443 ante
1438 3387 1705 3456 scriptum
1736 3396 1843 3453 est,
1877 3387 1947 3442 ab
1968 3385 2153 3443 Eccle-

2255 3393 2404 3457 άντος
2451 3393 2720 3464 Μάρκου.
2771 3390 3086 3461 Γεωργιου,
3136 3389 3484 3460 Οὐρσακίου,
3536 3378 3787 3457 Γερμανοῦ,

569 3477 654 3533 sia
683 3477 958 3533 catholica
989 3476 1231 3532 alienum
1268 3492 1394 3533 esse
1422 3492 1624 3534 censeo
1658 3496 1672 3532 :
1704 3492 1770 3532 eo
1803 3477 1952 3550 quod
1990 3491 2021 3532 e
2058 3492 2154 3533 sa-

568 3583 790 3624 crarum
823 3566 1157 3624 Litterarum
1198 3571 1523 3639 praescripto
1571 3569 1718 3624 Patri
1751 3570 1985 3625 similem
2032 3587 2156 3627 esse

2263 3483 2595 3538 ’Υπατιανοῦ
2645 3483 2758 3554 (52)
2805 3481 3151 3550 ἐπισκόπων,
3177 3482 3272 3536 καὶ
3317 3478 3688 3552 πρεσϐυτέρων
3720 3470 3790 3523 καὶ

2254 3573 2522 3628 διακόνων
2555 3573 2846 3628 πλειόνων.

570 3657 769 3715 Filium
795 3673 905 3714 non
927 3611 1232 3730 agnoscat:
1243 3657 1406 3715 Lecta
1429 3611 1519 3714 lest
1546 3660 1662 3714 haec
1702 3660 2036 3730 subscriptio
2109 3672 2164 3716 et
2228 3661 2444 3720 Valenti
2484 3664 2706 3719 tradita.
2738 3661 3000 3727 Adfuere,
3042 3660 3281 3727 Marcus,
3337 3659 3616 3732 Georgius,
3661 3651 3789 3708 Ursa-

570 3750 705 3814 tius,
739 3747 1042 3805 Germanus
1067 3755 1124 3804 et
1169 3747 1531 3820 Hypatianus.
1571 3749 1838 3820 episcopi,
1879 3765 2004 3804 eum
2038 3753 2370 3826 presbyteris
2409 3769 2475 3809 ac
2503 3753 2751 3810 diaconis
2779 3753 3049 3824 pluribus.

645 3837 834 3894 XXIII.
893 3837 987 3894 ila:
1038 3854 1204 3909 porro
1253 3839 1500 3908 cpistola:
1540 3854 1571 3893 a
1625 3839 1786 3896 nobis
1818 3839 1908 3894 hic
1936 3849 2158 3896 attextaa

575 3938 725 3995 sunt,
765 3941 826 3984 ut
863 3929 997 3984 illud
1025 3930 1277 3986 eruditus
1321 3931 1554 4000 quisque
1609 3945 1675 3985 ac
1718 3947 1860 3987 vera:
1885 3931 2008 3986 fidei
2039 3941 2158 3987 stn-

576 4022 766 4077 diosus
789 4020 1079 4092 intelligat,
1107 4036 1215 4075 non
1241 4020 1478 4078 inaniter
1526 4036 1591 4076 ac
1616 4022 1738 4078 sine
1765 4038 1934 4079 causa
1969 4040 2070 4080 nos
2099 4024 2156 4080 in

575 4113 814 4183 aliquem
852 4113 1056 4180 invehi,
1110 4114 1206 4170 sed
1241 4114 1567 4171 certissimis
1607 4115 2024 4186 probationibus
2057 4117 2155 4172 niti

575 4202 732 4258 velle.
763 4201 1032 4258 Caeterum
1060 4202 1202 4258 idem
1235 4203 1312 4265 illi
1332 4219 1525 4259 rursus
1554 4219 1584 4256 a
1612 4205 1730 4261 suis
1756 4204 2156 4270 discesserunt,

575 4311 701 4352 cum
758 4296 832 4352 ob
874 4295 1084 4368 privata
1132 4296 1257 4352 odia
1314 4297 1689 4369 humanasque
1741 4299 2048 4356 simultates
2093 4309 2149 4355 et

573 4389 1090 4447 amulationessese
1115 4389 1346 4446 invicem
1374 4390 1575 4461 jurgiis
1614 4391 1971 4456 lacesserent,
2008 4401 2062 4447 et
2089 4392 2159 4447 de

2335 3847 2464 3900 Kl".
2507 3839 2677 3900 Αῦται
2723 3845 2782 3900 ai
2836 3843 3123 3898 ἐπιστολαὶ
3174 3841 3551 3914 μετετάγησαν
3590 3834 3705 3906 πρὸς
3744 3828 3789 3882 τὸ

2263 3937 2464 3991 εἰδέναι
2511 3938 2743 3991 ἕκαστον
2787 3936 2894 3992 τῶν
2935 3936 3257 4008 φιλολόγων,
3302 3935 3418 3988 τῶν
3446 3935 3513 3986 τά
3547 3927 3696 3999 ἀληθῆ
3717 3923 3788 3990 τῆς

2265 4030 2499 4092 πίστεως
2535 4027 2927 4100 ὲκζητούντων,
2955 4029 3040 4082 ὅτι
3083 4028 3145 4081 οὐ
3179 4025 3321 4079 κατά
3373 4023 3528 4079 κενοῦ
3567 4013 3787 4091 φερόμεθα

2265 4119 2402 4190 πρός
2421 4135 2578 4182 τινας
2601 4116 2940 4186 λέγειννάλγ
2980 4116 3043 4181 ἐξ
3065 4113 3338 4185 ἀληθινῶν
3377 4112 3662 4167 συστάσεων
3685 4101 3788 4171 φάθ’

2262 4210 2575 4282 τεμούμεθα
2606 4211 2904 4282 ὁρμᾶσθαι.
2939 4207 3313 4280 Διηνέχθησαν
3347 4203 3441 4262 οῦν
3473 4207 3520 4258 οί
3550 4200 3684 4256 αὐτοὶ
3704 4193 3785 4259 (53)

2261 4302 2423 4356 πάλιν
2454 4303 2592 4373 πρὸς
2617 4303 2744 4367 τοὺς
2775 4303 2871 4356 σύν
2896 4303 3101 4367 αὐτοῖς,
3137 4299 3228 4354 διά
3266 4299 3404 4370 μίση
3429 4295 3582 4351 τινῶν
3609 4291 3687 4346 καὶ
3715 4285 3786 4351 ζῆ·

2259 4391 2350 4446 λον
2378 4391 2718 4464 ἀνθρώπινον
2751 4389 3169 4467 ἐρεσχελοῦντες
3197 4389 3458 4463 ἑκάτερος
3486 4386 3612 4458 πρὸς
3636 4379 3784 4435 Exit:-

579 4542 840 4618 Sirmium
874 4539 1112 4598 advolat.
1147 4541 1305 4618 Prior
1357 4543 1501 4599 enim
1547 4544 1812 4618 profectio
1858 4546 1914 4600 in
1952 4560 2156 4618 annum
2191 4551 2234 4607 ι)
2265 4544 2368 4618 [ille
2400 4547 2738 4618 disputatio,
2788 4555 2843 4618 et
2889 4547 2956 4602 ad
3002 4555 3209 4618 certam
3260 4550 3498 4618 regulam
3552 4539 3780 4618 perducta.

579 4614 956 4684 superiorem,
982 4621 1172 4684 quoet
1200 4614 1556 4684 Ancyranum
1587 4616 1880 4670 concilium
1912 4617 2156 4670 celebra-

579 4682 696 4737 tum
734 4691 820 4738 est
842 4721 860 4747 ,
914 4682 1168 4738 incurrit.
1201 4682 1276 4739 Ibi
1316 4682 1441 4738 cum
1484 4683 1775 4740 Ursacium
1803 4727 1816 4746 ,
1851 4684 2155 4749 Valentem,

580 4751 822 4808 Marcum
882 4751 1275 4820 Arethusium,
1335 4751 1628 4823 Georgium
1687 4755 2158 4820 Alexandrinum,

579 4823 959 4895 Germinium,
1009 4824 1256 4895 aliosque
1307 4823 1559 4878 factionis
1608 4826 1827 4880 Arianae
1885 4827 2160 4895 principes

581 4892 934 4965 offendisset,
977 4910 1100 4949 cum
1144 4892 1250 4948 illis
1277 4908 1612 4965 congressus
1636 4906 1716 4949 est
1736 4936 1749 4957 ,
1793 4912 1856 4949 ac
1887 4892 2014 4965 post
2045 4892 2162 4949 len-

582 4978 704 5044 βοτη
738 4963 1166 5044 altercationem,
1198 4963 1416 5044 demum
1442 4964 1782 5020 allahoraute
1812 4963 2159 5044 constantia,

584 5033 640 5087 in
673 5047 791 5086 eam
832 5033 952 5104 fidei
987 5034 1408 5104 professionem,
1438 5050 1766 5090 consensum
1816 5037 1883 5090 ab
1913 5037 2171 5092 omnibus

582 5107 700 5176 est,
743 5102 1048 5176 u_t_obqlat&,
1086 5113 1141 5161 et
1190 5103 1470 5176 ὀμοουσίου
1512 5106 1726 5176 abolitis
1775 5108 2002 5161 vocibus
2030 5148 2046 5173 ,
2082 5106 2171 5176 Fia-

587 5171 722 5242 liuiit
772 5170 921 5242 Patri
974 5189 1071 5242 per
1122 5170 1304 5230 omnia
1360 5175 1594 5230 similem
1649 5175 1999 5231 allirmarent.
2033 5170 2170 5230 ’Cui

585 5239 790 5316 Valens
853 5239 1057 5316 invitus
1113 5245 1471 5314 subscripsit;
1529 5245 1764 5301 Basilius
1812 5262 1979 5312 vero,
2019 5246 2168 5316 quod

584 5313 880 5387 impetrare
925 5311 1488 5387 minimeLpotui’sseL,
1536 5324 1597 5370 ut
1655 5318 1709 5372 in
1763 5311 1996 5372 formula
2037 5311 2169 5387 ipsa

586 5381 894 5457 substantia
921 5383 1110 5457 similis
1137 5381 1411 5438 diceretur
1440 5384 1613 5442 Filius
1633 5427 1647 5451 ,
1677 5387 1732 5442 in
1761 5381 2168 5457 subscriptione

587 5467 688 5508 sua
725 5451 857 5524 quid
907 5452 1166 5524 sentiret,
1216 5462 1477 5524 testatum
1525 5457 1738 5524 voluit,
1781 5466 1840 5511 ut
1890 5451 1998 5514 hoc
2044 5459 2168 5514 loco

588 5533 780 5594 narrat
815 5523 1170 5594 Epiphanius.
1215 5522 1412 5579 Valens
1445 5540 1570 5580 cum
1619 5522 1731 5583 hae
1775 5529 2008 5583 formula
2043 5529 2168 5584 ﬁdei

590 5591 777 5668 statim
821 5591 932 5668 ‘a'd'
960 5593 1306 5650 Ariminense
1363 5596 1654 5668 concilium
1715 5600 1975 5668 perrexit.
2023 5597 2170 5656 Inter

592 5660 782 5740 llilarii
815 5661 1116 5734 fragmenta
1158 5665 1594 5740 exstatepistola
1625 5660 1887 5724 Germinii
1914 5711 1929 5735 ,
1965 5684 2170 5740 exqua

599 5729 1039 5810 illud-praeterea
1088 5729 1478 5810 cognoscitur:
1513 5736 1648 5790 Cum
1707 5729 1976 5809 prasente
2025 5729 2171 5794 Gon-

595 5803 800 5857 stautio
835 5803 1049 5874 longius
1102 5803 1183 5864 ad“
1222 5814 1435 5864 noctem
1471 5822 1646 5879 usque
1678 5803 1887 5880 prolata
1929 5819 2074 5868 esset
2104 5809 2172 5866 de

2267 4607 2512 4670 Marcum
2557 4607 2913 4688 Arethusium
2962 4616 3033 4688 ab
3072 4627 3304 4687 utraque
3322 4607 3639 4688 "parteesse
3673 4607 3782 4688 dele:

2267 4694 2441 4752 ειυωο
2479 4702 2510 4740 a
2560 4701 2670 4760 quo
2717 4687 3180 4760 Sirmi_ensis__illa
3221 4686 3459 4742 formula
3489 4686 3783 4760 dictatagttll

2267 4771 2414 4812 coss.
2444 4755 2648 4826 praefixi
2678 4767 2828 4812 sunt.
2867 4757 2945 4810 Ex
2964 4756 3165 4826 quibus
3191 4765 3453 4826 apparet,
3482 4755 3778 4826 Germinjunlg

2267 4841 2404 4900 cum
2440 4817 2706 4900 hactenus
2746 4817 3136 4900 Anommorum
3178 4817 3415 4900 perfidia;
3439 4817 3574 4900 curn
3608 4817 3781 4900 Valentia

2267 4877 3136 4953 sim-gssit?uagaraam‘a;
3175 4877 3505 4952 satiram};
3538 4891 3696 4946 Osium
3730 4877 3780 4932 ad

2268 4915 2323 4951 ct
2365 4915 2594 4953 ursacto
2648 4915 2882 4953 luisset:
2971 4915 3132 4952 IIIDUS
3175 4915 3300 4950 cum
3339 4915 3497 4952 etiam
3538 4915 3696 4946 Uslum
3730 4915 3778 4932 -ι-

2268 4968 2586 5036 ὁμοουσίου,
2621 4978 2676 5023 et
2723 4915 3032 5038 ὁμοιουὲου
3087 4966 3352 5022 tollendas
3380 4983 3410 5022 e
3459 4963 3618 5038 medio
3655 4961 3778 5038 νοςέξδ

2271 5032 2656 5106 allegerat.ut
2693 5032 2786 5093 lib.
2833 5053 2918 5102 tv,
2951 5054 3072 5107 cap.
3113 5039 3170 5090 II
3195 5076 3210 5102 ,
3245 5038 3438 5092 scribit
3482 5032 3776 5107 Sozonnenulsi

2271 5089 2791 5179 sp'ﬁiigbauimaa‘
2830 5089 3579 5179 assesassessumma.
3604 5089 3777 5179 τῆξεὲ

2270 5177 2391 5250 (ἕξοις
2426 5164 2724 5242 mentione,
2752 5177 2874 5233 Filii
2905 5195 3002 5250 per
3033 5164 3218 5234 omnia
3260 5164 3386 5233 cuni
3408 5164 3559 5230 Patre
3577 5164 3776 5224 similitu-

2268 5248 2452 5322 dinem
2495 5253 2813 5322 agnovisse.
3083 5261 3098 5278 '
3243 5317 3270 5322 _
3509 5312 3546 5322 _

2339 5298 2452 5390 (ἐξὶ
2496 5298 2856 5390 Pagasas,
2921 5317 3292 5372 Ὑπατιανοῦ.
3344 5315 3447 5373 Alii
3508 5298 3757 5380 Γερμανίου

2271 5389 2366 5446 sed
2396 5390 2684 5460 Γερμινίου
2729 5392 2832 5459 leg.

2345 5442 2903 5531 (55)’Ᾱιηνέ>;οἠ“ὁέαν
2931 5453 3045 5514 οὖν
3074 5461 3127 5513 ol
3151 5458 3344 5531 (total.
3394 5451 3606 5531 Basilius

2271 5517 2451 5586 rarius,
2475 5517 2595 5600 post
2621 5517 2983 5585 Sirmiensem
3006 5529 3302 5600 synodum,
3333 5528 3385 5582 in
3416 5538 3514 5596 qua
3545 5517 3768 5600 suppl}?

2274 5586 2539 5655 adversus
2578 5599 2871 5656 Photinum
2902 5586 3122 5670 operam
3147 5586 3464 5670 navaverat,
3498 5586 3621 5662 apud
3640 5586 3768 5670 litigi}:

2273 5651 2535 5742 amas"?
2549 5651 2687 5742 is;
2689 5651 2773 5725 i3"
2787 5651 2876 5741 at;
2885 5651 2926 5724 ri
2937 5651 3024 5724 {nu
3033 5651 3084 5742 in
3091 5651 3123 5733 ί,
3148 5651 3216 5742 ξι
3235 5651 3581 5742 ξρίιὲιοτίωίε
3611 5651 3765 5742 Valgi};

2275 5755 2403 5794 nam
2438 5707 2824 5813 abAbncyr-anto
2868 5709 3200 5813 cottcjlio’ad
3236 5740 3384 5794 illum
3402 5707 3765 5813 Plleﬁawiﬂiﬂ

2276 5785 2852 5883 ἱὶὃὶἱόὖῖίὲιὶἱίἷζέἶᾶἔο
2870 5785 3575 5880 ἰῖίῖὖᾶοὶῖυὶῆζῖιέῖιὲἱιῗιε
3612 5785 3764 5850 suifra-
