3988 6402
225 407 336 467 διδ

906 413 1279 472 ADVERSUS
1317 415 1658 472 IIzEllESES
1685 417 1813 476 LIB.
1857 419 1944 474 IlI.
1984 419 2150 477 ΤΟΜ.
2192 419 2234 473 I.
2271 450 2340 459 —
2380 419 2654 475 IIACRES.
2700 421 2935 478 LXXIII.

3399 423 3506 480 μϐ

232 543 348 597 ρον.
383 525 483 581 καὶ
510 526 919 599 φιλαρχοῦντες.
950 529 1053 584 Καὶ
1088 531 1395 603 ἐκρατύνθη
1427 532 1547 586 τότε
1573 533 1636 587 τὸ
1662 533 1824 604 μέρος

1950 535 2238 606 η’ἰιιοὶριιιιι
2298 537 2713 592 contenderent.
2760 538 2838 594 Ac
2879 549 2992 592 tum
3045 537 3504 593 Semiarianorum

227 615 437 673 τούτων
459 618 571 672 τῶν
611 619 965 691 Ἦμιαρείων,
989 621 1098 675 τῶν
1138 623 1269 693 περὶ
1309 624 1608 688 Βασίλειον,
1650 625 1817 694 φημὶ,

228 709 331 763 καὶ
377 707 684 781 Γεὼργιον,
741 711 836 764 καὶ
883 711 1168 766 Σιλουανὸν
1212 713 1364 783 (Si),
1425 715 1520 766 καὶ
1564 713 1820 778 λοιποὺς,

229 796 454 868 ἔχοντες
485 797 606 868 μεθ’
636 797 846 852 ἑαυτῶν
869 801 1069 870 σαρκὸς
1101 800 1282 865 δεξιάν
1306 803 1686 856 Κωνστάντιον
1729 803 1822 856 τὸν

231 886 486 958 βασιλέα,
547 888 598 942 oi
631 889 760 962 περὶ
801 889 1084 955 Εὐδόξιονί
1265 893 1360 946 καὶ
1417 893 1686 965 Γεώργιον
1729 893 1822 946 τὸν

244 971 636 1046 Ἀλεξανδρέα,
691 974 787 1029 καὶ
836 974 1076 1038 nectam
1129 975 1222 1028 τὸν
1278 977 1575 1047 Ἀντιοχέα.
1612 979 1722 1032 Καὶ
1773 979 1822 1031 oi

235 1062 341 1134 μὲν
367 1064 500 1136 περὶ
533 1065 813 1118 Βασίλειον
842 1067 935 1120 καὶ
966 1066 1242 1138 Γεὼργιον
1282 1068 1376 1121 τὸν
1397 1068 1663 1122 Λαοδικέα
1699 1069 1824 1122 ἐτα-

233 1153 600 1225 πεινώθησαν,
625 1155 828 1227 καίπερ
852 1155 1025 1210 πολλὰ
1055 1156 1402 1229 ἰσχύσαντες.
1435 1158 1528 1224 Ἐξ
1553 1153 1629 1213 ὧν
1659 1159 1825 1214 πάλιν

238 1246 424 1319 ἕτεροι
450 1245 779 1319 διῃρέθησαν
817 1247 917 1318 τῆς
942 1247 1112 1320 αὐτῆς
1145 1248 1408 1322 αἱρέσεως
1435 1250 1528 1302 καὶ
1568 1250 1786 1303 συνόδου
1807 1267 1821 1282 ο

234 1338 334 1391 καὶ
358 1338 550 1408 γέγονε
580 1337 642 1392 τὸ
668 1336 779 1391 τῶν
812 1338 1104 1410 Ἀρειανῶν
1159 1339 1412 1411 σύστημα
1450 1341 1531 1404 εἰς
1571 1341 1700 1413 τρία
1730 1343 1827 1396 τά-

233 1445 452 1498 γματα.
469 1429 720 1493 Ἀκάκιος
744 1429 853 1502 γὰρ
878 1431 906 1484 ό
924 1429 1278 1495 Παλαιστῖνος
1299 1434 1328 1485 ὁ
1345 1434 1684 1506 Καισαρείας
1709 1435 1825 1506 ἅμα

233 1517 510 1588 Μελετίῳ,
544 1518 638 1572 καὶ
681 1519 931 1590 Οὐρανίῳ
962 1519 1042 1590 τῷ
1072 1519 1255 1592 Τυρίῳ
1281 1521 1415 1593 (56),
1445 1523 1540 1576 καὶ
1579 1524 1827 1595 Εὐτυχίῳ

234 1607 321 1679 τῷ
349 1609 832 1682 Ἐλευθεροπολίτῃ
851 1609 940 1663 διά
967 1609 1058 1663 τὸν
1088 1612 1226 1682 πρὸς
1249 1611 1517 1683 Κύριλλον
1538 1613 1628 1668 τὸν
1662 1615 1828 1686 Ἱερο-

238 1701 544 1773 σολυμίτην
589 1699 752 1771 ζῆλόν
784 1718 844 1754 τε
893 1702 988 1755 καὶ
1031 1704 1190 1772 μῖσος
1219 1689 1510 1758 ἀνθίστατο
1554 1707 1666 1770 τοῖς
1698 1705 1829 1777 περὶ

238 1791 543 1855 Βασίλειον,
567 1791 662 1845 καὶ
701 1789 971 1862 Γεὼργιον
985 1791 1078 1846 τὸν
1102 1794 1394 1859 Λαοδικέα,
1418 1796 1513 1850 καὶ
1540 1795 1829 1851 Σιλουανὸν

236 1882 336 1935 τὸν
362 1881 603 1953 Ταρσέα,
643 1881 915 1937 Ἐλεύσιόν
944 1899 1006 1936 τε
1043 1884 1137 1939 τὸν
1179 1886 1446 1952 Κυζίκου,
1491 1887 1827 1941 Μακεδόνων

237 1971 336 2027 τὸν
384 1959 1109 2044 Κωνσταντινουττολιτανόν,
1170 1975 1469 2032 Εὑστάθιον
1513 1977 1606 2031 τὸν
1660 1978 1828 2033 Σεϐα-

241 2063 434 2128 στείας
479 2064 575 2117 καὶ
615 2063 857 2118 ’Δνιανὸν
901 2065 995 2119 τὸν
1030 2067 1307 2138 Ἀντιοχέα
1326 2108 1342 2134 ,
1390 2068 1511 2122 τότε
1555 2086 1830 2124 καταστα-

241 2154 452 2208 θέντων
479 2155 501 2186 ²
530 2157 652 2208 κατ’
678 2155 856 2210 αὐτῶν
885 2156 999 2228 (57)
1028 2158 1220 2211 ἑαυτὸν
1248 2159 1586 2230 στρατεύσας
1613 2161 1640 2214 ό
1665 2160 1828 2226 αὐτὸς

254 2245 517 2308 Ἀκάκιος
561 2245 763 2318 πολλὴν
796 2247 996 2318 φύρσιν
1042 2249 1359 2321 εἰργάσατο.
1393 2251 1504 2304 Καὶ
1540 2252 1828 2320 γεγόνασιν

243 2337 328 2400 είς
357 2335 622 2407 ἀλλήλους
646 2337 902 2410 ὁμόδοξον
931 2339 1032 2410 μὲν
1067 2339 1292 2412 γνώμην
1331 2359 1499 2414 κεκτη
1511 2342 1682 2412 μένοι,
1714 2343 1831 2396 δια-

245 2428 436 2499 φόρως
461 2427 518 2482 δὲ
545 2427 778 2483 ἑκάστου
811 2429 995 2484 αὐτῶν
1023 2430 1432 2501 ὁμολογοῦντος,
1457 2433 1538 2496 είς
1569 2432 1833 2505 ἀλλήλους

244 2519 653 2590 διενηνεγμένοι
673 2561 689 2585 ,
730 2522 826 2574 καὶ
857 2521 1202 2594 σχισθέντες,
1229 2525 1310 2588 είς
1360 2523 1429 2578 τά
1460 2527 1834 2598 προειρημένα

242 2611 655 2684 διεσπάσθησαν
685 2614 817 2686 τρία
867 2615 1144 2687 τάγματα.
1192 2615 1250 2670 '0
1300 2617 1400 2687 μὲν
1438 2618 1548 2691 γὰρ
1583 2619 1837 2684 Ἀκάκιος

245 2705 345 2759 καὶ
383 2703 434 2756 ei
482 2705 600 2774 μετ’
629 2703 796 2759 αὑτοῦ
842 2704 967 2758 οὔτε
1019 2706 1304 2777 ὁμοούσιον
1330 2707 1664 2778 ὡμολόγουν,
1713 2708 1838 2762 οὔτε

247 2797 459 2868 κτίσμα
501 2796 560 2851 ἓν
599 2799 710 2852 τῶν
753 2801 1090 2871 κτισμάτων,
1123 2801 1324 2872 καίπερ
1369 2803 1418 2855 οί
1458 2803 1611 2855 αὐτοὶ
1657 2804 1835 2875 ὑπάρα-

249 2905 473 2959 χοντες·
502 2891 686 2961 κρυφῆ
712 2890 768 2944 δὲ
796 2891 883 2945 διὰ
922 2893 1015 2945 τὸν
1061 2891 1256 2964 καιρὸν
1299 2895 1836 2964 παρασιωπήσαντες

249 2980 318 3034 τὸ
340 2979 438 3036 τοῦ
482 2982 803 3054 κτίσματος,
835 2984 991 3039 αὐτοὶ
1042 2985 1142 3056 μὲν
1189 2984 1302 3038 ὅλοι
1340 2980 1503 3057 ἦσαν,
1541 2988 1716 3040 ὁποῖοι
1741 2987 1836 3041 καὶ

330 3141 348 3172 ¹
373 3139 537 3197 Decet
562 3138 790 3212 aliquid.
867 3141 890 3173 ²
918 3158 1009 3222 π).
1053 3143 1481 3201 κατασταθέντα.

258 3305 497 3370 gatores
512 3295 862 3370 imperatoris
889 3296 1072 3370 edicto
1101 3299 1439 3370 percelleret.
1473 3299 1598 3353 Mox
1627 3299 1680 3354 in
1712 3297 1837 3353 Ari-

260 3365 500 3439 ininensi
552 3365 606 3421 et
632 3365 964 3439 Seleueien_s_i
1019 3365 1229 3439 synodo
1262 3370 1660 3439 congregandis
1696 3384 1834 3439 prae-

260 3438 455 3519 cipuas
499 3443 695 3519 partes
745 3438 876 3508 egit.
909 3436 1130 3519 Verum
1162 3439 1338 3519 paulo
1374 3436 1496 3519 post
1539 3436 1723 3519 Λοξιοίίὶ
1757 3438 1840 3519 fa-_

261 3507 448 3579 ctione
479 3507 748 3579 dejectus,
773 3507 883 3562 non
914 3510 1078 3562 modo
1118 3507 1466 3579 imperatoris
1498 3511 1704 3578 gratia,
1744 3507 1842 3562 sed

262 3577 582 3647 episcopatu
655 3576 878 3647 insuper
928 3579 1151 3650 excidit.
1197 3576 1559 3650 :Flagrabant
1606 3593 1713 3650 per
1753 3579 1843 3631 illa

265 3657 516 3716 tempora
549 3660 659 3701 non
710 3651 886 3702 solum
932 3649 1075 3704 inter
1123 3648 1359 3702 Arianos
1408 3658 1462 3702 et
1505 3648 1842 3712 Catholicos,

267 3715 542 3772 sedinter
571 3717 719 3786 ipsos
751 3717 989 3774 Arianos
1025 3719 1276 3773 dissidia.
1309 3718 1552 3784 Quorum
1584 3719 1704 3773 dua:
1745 3733 1846 3785 po-

265 3787 544 3841 tissimum
599 3786 868 3842 factiones
914 3799 1092 3844 erant.
1148 3787 1378 3854 Quidam
1435 3789 1582 3845 enim
1620 3805 1684 3842 ex
1734 3789 1845 3842 illis

266 3856 410 3929 meri
438 3857 708 3929 dogmatis
766 3860 1007 3929 fautores
1034 3859 1202 3923 nihil,
1249 3858 1396 3929 quod
1446 3859 1514 3914 ad
1535 3859 1763 3929 _obclav
1795 3865 1849 3913 et

271 3927 637 3996 substantiam
693 3928 967 3996 pertinet,
1019 3925 1310 3984 commune
1361 3945 1484 3984 esse
1534 3925 1670 3984 Filio
1723 3942 1848 3982 cum

270 3994 439 4070 I’atre
490 3994 835 4070 sentiebant;
861 3997 1092 4070 ideoque
1147 4006 1257 4070 tam
1291 3999 1848 4070 όμοιούσιονπιιιιειιῐι

270 4064 562 4136 δμοούσιον
586 4064 1124 4137 repudiabantfnee
1170 4064 1338 4122 ullam
1367 4071 1590 4123 omnino
1617 4064 1718 4137 τῆς
1763 4067 1853 4120 οὐ-

275 4135 400 4210 σίας
431 4135 1148 4210 mentionemadmittebant
1172 4155 1187 4203 ;
1214 4153 1312 4210 pro
1340 4155 1406 4195 eo
1429 4155 1494 4195 ac
1519 4135 1766 4209 pluribus
1794 4138 1849 4210 in

273 4206 495 4262 illorum
527 4207 910 4262 conciliabulis
964 4206 1243 4264 decretum
1279 4208 1481 4273 fuerat,
1509 4206 1744 4263 maxime
1795 4208 1852 4262 in

273 4275 519 4348 secunda
544 4276 829 4348 Sirmiensi
864 4277 1094 4332 formula
1121 4317 1136 4342 ,
1171 4295 1335 4348 quam
1364 4279 1476 4334 Osii
1524 4287 1578 4335 et
1619 4277 1851 4332 l’otamii

277 4345 674 4419 blasphemiam
728 4345 968 4404 Hilarius
1020 4345 1276 4418 appellat.
1325 4348 1532 4419 Horum
1575 4350 1852 4419 principes

276 4427 436 4504 erant
469 4415 748 4504 Eudoxius
769 4456 784 4483 ,
805 4419 904 4504 qui
927 4415 1320 4504 Antiochenam
1335 4416 1519 4504 sedem
1536 4415 1856 4504 occuparat,

277 4486 724 4560 Aetiigpatronus
750 4527 766 4553 ,
803 4486 1069 4560 Georgius
1111 4489 1516 4560 Alexandrinus
1540 4527 1566 4560 ,ί
1593 4488 1850 4560 Euzoius,

281 4556 376 4626 qui
423 4555 727 4611 Antiochia:
773 4565 896 4628 post
941 4555 1352 4613 exauctoratum
1395 4559 1664 4628 Meleliun}
1693 4555 1856 4628 suffe-

279 4637 408 4680 ctus
451 4635 574 4681 est:
625 4626 841 4682 necnon
887 4629 1120 4683 Aeacius
1173 4629 1567 4690 Caesariensis,
1617 4626 1854 4682 Uranius

280 4694 414 4767 :lfyri
461 4696 747 4767 episcopi;
787 4698 842 4752 in
902 4698 1195 4754 Occidente
1255 4714 1388 4754 vero
1448 4699 1748 4760 Ursacius,
1804 4706 1857 4751 et
1890 4693 1932 4748 D

279 4764 514 4840 Valens,
543 4764 891 4840 Gerininius,
924 4771 1126 4840 aliique
1173 4769 1470 4826 innumeri.
1499 4769 1654 4834 Quod
1701 4767 1848 4840 enim
1931 4791 1936 4796 -

280 4835 566 4890 Aetianam
597 4837 875 4905 perfidiam
906 4835 1308 4894 cum’Eudoxio
1338 4839 1570 4895 Aeacius
1591 4879 1607 4906 ,
1641 4837 1851 4893 caeteri-

280 4921 392 4977 que
450 4909 946 4977 prOpugnaverint,
988 4917 1219 4965 testatur
1267 4910 1604 4965 Sozomenus
1638 4909 1731 4962 lib.
1772 4923 1846 4972 ιν,

281 4976 426 5049 cap._
459 4976 544 5030 11.
593 4977 700 5049 Alii
747 4994 876 5032 vero
908 4995 974 5034 ex
1003 4981 1195 5034 eodem
1231 4980 1556 5036 Arianorum
1610 4994 1770 5049 grege
1819 4993 1850 5030 a

282 5045 529 5118 magistri
555 5048 641 5102 sui
664 5048 940 5118 impietate
968 5050 1244 5118 paululum
1262 5045 1648 5115 desciscentes,
1663 5045 1850 5110 οὖσίας

282 5116 646 5189 vocabulum,
676 5116 754 5189 et,
775 5116 895 5172 Filii
926 5116 984 5172 in
1025 5121 1314 5184 omnibus,
1345 5120 1589 5189 adeoque
1636 5121 1691 5172 in
1723 5119 1854 5189 sub-

285 5194 513 5259 stantia,
543 5187 957 5259 similitudinem
993 5191 1382 5259 agnoscebant.
1407 5187 1651 5256 Quorum
1682 5188 1854 5258 signi-

286 5257 392 5331 feri
422 5271 491 5331 _a_e
526 5256 891 5331 duceserant
919 5256 1150 5331 Basilius
1193 5260 1516 5331 Ancyranus
1544 5300 1558 5324 ,
1591 5256 1856 5331 Georgius

288 5326 654 5400 Laodicenus,
681 5326 940 5400 Silvanus
969 5329 1258 5386 Tarsensis
1282 5370 1297 5392 ,
1314 5326 1672 5400 'SOphronius
1695 5326 1858 5400 Pom-

288 5398 712 5470 peiopolitanus,
743 5398 995 5454 Eleusius
1013 5400 1334 5470 Cyzicenus,
1355 5398 1702 5470 Macedonius
1713 5399 1856 5454 Con-

291 5468 808 5537 stantinopolitanus
835 5509 852 5534 ,
904 5480 954 5524 et
977 5511 992 5536 ,
1046 5468 1105 5524 ut
1135 5471 1391 5526 Socrates
1421 5487 1484 5525 ac
1519 5469 1858 5524 Sozomenus

291 5538 503 5612 volunt,
535 5539 694 5592 etiam
733 5540 971 5612 Cyrillus
1010 5541 1558 5612 Hierosolyniitanus.
1608 5539 1733 5594 Haec
1756 5540 1866 5594 duo

290 5610 509 5681 Ariame
538 5619 698 5663 secta
722 5611 898 5680 capita
947 5611 1198 5681 fuerunt,
1245 5610 1479 5681 quorum
1521 5613 1575 5665 in
1611 5612 1866 5680 dogmate

292 5682 419 5749 ipso
449 5679 721 5734 dissensio
767 5681 1108 5734 versabatur.
1138 5679 1318 5735 Tertia
1373 5681 1569 5736 deinde
1600 5679 1705 5734 non
1753 5689 1863 5732 tam

292 5765 366 5803 ex
397 5749 603 5802 erroris
630 5751 919 5821 varietate,
961 5767 1123 5821 quant
1179 5767 1244 5804 ex
1287 5752 1427 5805 odiis
1471 5763 1525 5804 et
1556 5749 1867 5821 offensioni-

293 5821 405 5880 bus
432 5828 622 5876 exorta
660 5819 824 5877 factio
849 5817 1392 5890 cst,'Acacianorum
1428 5823 1695 5879 videlicet.
1767 5817 1866 5873 Εια

1925 625 2157 680 istorum
2212 627 2460 696 partibus
2510 629 2677 683 robur
2715 631 2974 696 accessit;
3027 631 3082 684 in
3131 631 3329 701 quibus
3360 639 3512 684 luere

1924 718 2182 782 Basilius,
2237 717 2525 790 Georgius,
2560 719 2857 786 Silvanus,
2907 739 2970 774 ac
3032 723 3238 788 caeteri,
3303 724 3509 793 quibus

1925 809 2111 864 carnis
2144 809 2430 863 brachium
2465 811 2782 879 adjumento
2826 820 2962 878 erat,
2997 812 3372 866 Constantium
3409 814 3512 866 im-

1927 909 2232 969 peratorem
2296 901 2562 970 intelligo.
2593 899 2892 956 Obtinucre
2931 909 3110 955 tamen
3161 903 3508 971 postmodum

1927 987 2234 1052 Eudoxius,
2268 995 2324 1042 et
2363 987 2635 1059 Georgius
2695 988 3126 1056 Alexandrinus,
3167 999 3222 1043 et
3267 991 3505 1045 Euzoius

1925 1078 2320 1132 Antioclienus.
2349 1078 2584 1134 Basilius
2613 1095 2742 1135 vero
2775 1095 2839 1134 ac
2869 1078 3135 1151 Georgius
3165 1079 3510 1140 Laodicenus

1927 1184 2052 1224 cum
2112 1169 2229 1224 suis
2283 1169 2493 1225 minore
2551 1170 2604 1224 in
2655 1172 2832 1240 pretio
2866 1187 2988 1228 esse
3028 1182 3334 1242 coeperunt,
3385 1187 3509 1226 cum

1928 1259 2195 1315 hactenus
2248 1260 2539 1329 plurimum
2597 1263 2920 1318 auctoritate
2967 1264 3290 1318 valuissent.
3331 1262 3406 1315 Ex
3447 1262 3514 1316 iis

1927 1365 2147 1406 rursum
2187 1351 2278 1404 alii
2338 1350 2406 1406 ab
2449 1351 2639 1406 eadem
2694 1351 2886 1406 bazresi
2934 1369 2998 1407 ac
3056 1353 3267 1424 synodo
3313 1352 3514 1408 divulsi

1930 1450 2080 1507 sunt,
2129 1443 2267 1498 adeo
2320 1451 2380 1498 ut
2431 1443 2760 1497 Arianorum
2794 1451 2941 1498 secta
2972 1444 3075 1498 tria
3127 1445 3178 1498 in
3215 1443 3515 1499 factionum

1930 1534 2163 1589 divortia
2223 1534 2560 1590 discesserit.
2605 1534 2738 1588 Nam
2773 1536 3006 1591 Aeacius
3044 1535 3368 1592 Palaestinus
3395 1536 3513 1591 Cae-

1929 1642 2100 1681 sareae
2131 1626 2442 1696 cpiscOpus,
2478 1642 2604 1681 cum
2649 1625 2883 1692 Meletio,
2916 1636 2971 1682 et
3003 1626 3210 1682 Uranio
3247 1625 3431 1698 Tyrio,
3463 1635 3517 1681 et

1933 1714 2202 1788 Eutychio
2231 1717 2769 1788 Eleutheropolitano
2803 1733 2901 1787 pro
2926 1734 2992 1773 eo
3030 1734 3138 1788 quo
3174 1719 3228 1772 in
3255 1717 3518 1788 Cyrillum

1931 1807 2484 1880 IIierosolymitautnn
2543 1811 2672 1864 odio
2721 1819 2777 1865 et
2832 1809 3032 1864 invidia
3077 1810 3360 1881 flagrabat,
3417 1809 3518 1862 Ba-

1937 1901 2063 1954 silio
2137 1916 2200 1955 ac
2249 1900 2481 1972 Georgio
2549 1900 2892 1966 Laodiceno,
2951 1900 3173 1956 Silvano
3227 1900 3514 1964 Tarsensi,

1936 1989 2158 2046 Eleusio
2187 1990 2478 2062 Cyziceno,
2515 1991 2834 2047 Macedonio
2885 1990 3518 2063 ConstantinOpolitano.

1935 2081 2217 2138 Eustathio
2239 2083 2539 2138 Sebasteno
2585 2091 2642 2138 et
2662 2084 2874 2137 Aniano
2903 2083 3245 2138 Antiocheno
3279 2083 3520 2153 seipsum

1935 2173 2211 2244 opposuit,
2247 2174 2341 2244 qui
2400 2180 2514 2227 tum
2563 2174 2846 2228 constituti
2895 2190 3020 2228 cum
3053 2183 3258 2236 essent,
3284 2189 3414 2230 suas
3467 2175 3519 2228 in

1934 2279 2030 2319 eos
2067 2265 2213 2320 vires
2261 2265 2478 2335 collegit
2523 2265 2778 2330 Aeacius,
2807 2280 2873 2320 ac
2913 2264 3200 2319 turbarum
3225 2266 3518 2335 plurimum

1937 2355 2196 2411 concivit.
2230 2354 2307 2410 Ita
2360 2356 2562 2410 factum
2621 2364 2725 2420 est,
2769 2363 2827 2409 ut
2851 2369 2976 2410 cum
3011 2356 3064 2409 in
3097 2355 3285 2408 eadem
3318 2351 3520 2424 alioqui

1940 2461 2131 2501 omnes
2184 2446 2441 2517 opinione
2495 2446 2694 2514 forent,
2731 2462 2842 2500 non
2903 2445 3094 2500 eodem
3141 2453 3320 2499 tamen
3363 2445 3525 2498 modo

1940 2535 2140 2606 singuli
2190 2535 2552 2606 professionis
2594 2553 2708 2591 sum
2740 2536 3032 2590 formulam
3065 2536 3436 2604 conciperent,
3472 2540 3527 2587 et

1942 2643 1972 2682 a
2007 2644 2066 2683 se
2098 2628 2329 2682 invicem
2362 2627 2709 2683 dissiderent.
2761 2626 2837 2679 Ex
2867 2641 2973 2696 qua
3008 2625 3277 2680 divisione
3320 2625 3372 2678 in
3414 2633 3527 2678 tres

1944 2717 2086 2778 illas,
2127 2732 2266 2786 quas
2300 2715 2461 2770 modo
2488 2715 2750 2783 diximus,
2776 2713 3042 2769 factiones
3077 2714 3328 2769 distracti
3375 2721 3526 2770 sunt.

1943 2807 2158 2862 Etenim
2198 2808 2430 2863 Aeacius
2475 2823 2599 2862 cum
2637 2808 2755 2863 suis
2781 2822 2956 2876 neque
2998 2807 3528 2861 consubstantialem

1943 2899 2216 2954 fatebatur
2259 2916 2381 2956 esse
2437 2898 2657 2963 Filium,
2701 2915 2878 2969 neque
2922 2907 3229 2954 creaturam
3257 2915 3321 2952 ex
3363 2899 3524 2968 871

1939 2997 2260 3044 caaterarum
2311 2988 2504 3044 ordine
2532 3004 2596 3044 ac
2641 3004 2893 3044 numero.
2939 2987 3006 3041 Et
3057 2987 3306 3059 quamvis
3338 2989 3529 3042 eadem

1865 3306 1908 3366 c
1942 3297 2094 3354 enim
2125 3298 2362 3353 Aeacius
2391 3297 2747 3354 Caesariensis
2777 3313 2903 3353 cum
2952 3296 3169 3352 Meletio
3192 3337 3208 3361 ,
3237 3304 3291 3351 et
3325 3295 3532 3350 Uranio

1942 3369 2146 3439 Tyrio,
2187 3368 2456 3439 Eutycltio
2511 3367 3089 3439 EleutherOpolitano,
3143 3376 3196 3439 e_t
3229 3366 3526 3439 aliis_qui-

1942 3435 2172 3494 busdam
2209 3435 2339 3492 suas
2366 3437 2483 3506 ipse
2509 3445 2691 3507 partes
2718 3435 3026 3499 constituit,
3057 3451 3119 3489 ac
3153 3435 3531 3507 Sentiat-iano-

1944 3525 2067 3562 rum
2100 3507 2336 3562 ducibus
2370 3505 2634 3562 acerrime
2684 3508 2888 3561 restitit
2930 3509 2983 3560 in
3026 3505 3358 3560 Seleuciensi
3393 3520 3530 3559 con-

1945 3578 2094 3654 cilio_.
2129 3579 2232 3654 Qui
2278 3578 2333 3654 in
2373 3577 2827 3654 eo,_ut-_opin’or_.
2876 3578 2946 3631 ab
2992 3575 3265 3654 Eudolio,
3297 3575 3531 3645 aliisque

1945 3649 2250 3720 praefractis
2281 3648 2528 3704 Aetianis
2557 3644 2924 3720 discrepabat,
2966 3645 3111 3720 quod
3139 3644 3336 3720 Filium
3371 3644 3522 3720 crea-

1949 3715 2129 3773 turam
2190 3734 2354 3783 esse,
2416 3726 2511 3771 aut
2561 3715 2756 3772 Patris
2792 3715 3118 3772 dissimilem
3152 3717 3256 3772 etsi
3303 3715 3531 3787 perinde

1950 3797 2116 3859 atque
2175 3790 2250 3842 illi
2280 3788 2508 3859 sentiret
2531 3827 2545 3852 ,
2581 3803 2690 3842 non
2729 3795 2910 3842 tamen
2943 3788 3113 3842 libere
3159 3788 3531 3859 audacterque

1990 3857 2324 3914 rofiteretur.
2362 3858 2436 3914 De
2475 3859 2562 3913 his
2603 3859 2831 3912 consule
2871 3859 3148 3911 Socratem
3179 3857 3272 3911 lib.
3301 3872 3376 3920 ιι,
3405 3872 3530 3925 cap.

1993 3931 2016 3984 1
2050 3940 2103 3984 et
2133 3931 2520 3998 sequentibus;
2558 3927 2885 3984 Theodoret.
2926 3929 3018 3983 lib.
3045 3945 3103 3993 ιι,
3148 3943 3267 3998 cap.
3302 3927 3404 3994 27;
3439 3927 3535 3982 So-

1953 4015 2096 4054 zom.
2132 3999 2329 4069 iib.tv,
2372 4014 2493 4068 cap.
2521 3999 2584 4051 2|
2622 4015 2686 4052 ac
2720 3999 3000 4069 deinceps.

2024 4069 2135 4136 (54)
2172 4068 2294 4123 Τῶν
2322 4069 2453 4141 περὶ
2472 4069 2804 4141 βασίλειον
2822 4107 2837 4130 ,
2863 4068 3053 4141 eum,
3084 4068 3181 4121 καὶ
3217 4069 3532 4141 Γεώρχιον,

1953 4141 2054 4192 καὶ
2079 4137 2434 4192 Σιλουανόν.
2469 4138 2623 4192 Hune
2650 4141 2826 4209 ipsum
2857 4137 3138 4209 Silvanum
3169 4141 3333 4192 rcl'ert
3362 4137 3538 4209 Theo-

1955 4211 2179 4264 doretus
2220 4211 2314 4262 lib.
2349 4225 2410 4270 ιι,
2440 4224 2561 4278 cap.
2594 4208 2684 4273 27,
2734 4209 2796 4260 τὸ
2839 4208 3122 4278 ὁμοούσιον
3150 4224 3336 4262 coram
3369 4208 3536 4330 iung:-

1956 4287 2140 4330 ratorc
2178 4279 2507 4330 defendisse.
2551 4279 2708 4330 Ouod
2744 4279 2900 4330 valde
2951 4281 3152 4330 miror:
3192 4293 3315 4330 nam
3349 4278 3402 4329 in
3509 4304 3536 4318 -

1956 4287 2140 4332 ratorc
2178 4279 2507 4332 defendisse.
2551 4279 2708 4344 Quod
2744 4279 2900 4332 valde
2951 4281 3152 4331 miror:
3192 4293 3315 4330 nam
3349 4278 3402 4329 in
3439 4278 3536 4330 Se-

1959 4349 2220 4403 leuciensi
2275 4348 2640 4404 conciliabula
2672 4348 2819 4401 hunc
2871 4363 3039 4401 unum
3097 4347 3357 4400 adversus
3391 4351 3534 4401 Aca-

1957 4419 2149 4473 cianos
2186 4418 2457 4488 pertendit
2484 4457 2499 4481 ,
2532 4426 2591 4472 ut
2620 4417 2960 4471 Antiochena
2995 4417 3239 4488 formula
3271 4416 3536 4488 retinere-

1957 4496 2084 4550 tur,
2141 4487 2217 4542 ait
2251 4488 2506 4543 Socrates
2537 4489 2631 4542 lib.
2681 4502 2716 4541 ιι
2742 4501 2912 4556 νεαρ.
2945 4487 3034 4542 52.
3071 4487 3212 4552 Quid
3266 4493 3447 4540 autem
3479 4487 3534 4540 in

1959 4558 2144 4612 animo
2173 4559 2423 4612 habuerit
2465 4558 2512 4613 is
2539 4598 2554 4622 ,
2585 4557 2676 4627 qui
2731 4555 2913 4609 οὖσιον
2943 4557 3084 4626 apud
3132 4557 3534 4611 Theodoretum

1959 4643 2060 4697 pro
2112 4627 2396 4698 ὁμοούσιον
2447 4627 2819 4698 reponendum
2877 4629 3134 4692 censuit,
3183 4627 3382 4698 docere
3421 4627 3538 4695 ipse

1963 4697 2246 4753 debuerat.
2278 4697 2412 4751 Nam
2437 4697 2536 4752 vos
2569 4699 2656 4750 illa
2687 4697 2864 4760 aliato;
2894 4714 3002 4752 nou
3041 4706 3126 4752 cst
3156 4697 3335 4751 nauci.

2028 4768 2140 4838 (55)
2179 4771 2243 4821 Ol
2301 4768 2435 4836 περὶ
2496 4767 2807 4832 Εὑδόξιον.
2862 4769 3128 4837 Corrupta
3181 4769 3299 4838 sine
3340 4765 3531 4838 dubio,

1955 4834 2134 4908 neQue
2167 4840 2300 4908 satis
2335 4834 2542 4908 integra
2582 4839 2688 4893 ista
2731 4845 2902 4902 sunt;
2939 4834 3114 4907 neque
3159 4837 3305 4891 enini
3357 4834 3537 4908 Eudo-

1957 4905 2100 4973 xitts,
2137 4925 2199 4962 ac
2238 4905 2503 4978 Georgius
2558 4908 2960 4962 Alexandrinus
3007 4905 3040 4962 εἰ
3083 4908 3264 4962 Basilii
3308 4915 3401 4960 aut
3439 4905 3538 4959 Se-

1957 4980 2347 5034 tniarianoruln
2407 4979 2652 5048 partibus
2690 4986 2929 5048 stetere,
3001 4979 3326 5047 quibuscum
3377 4978 3539 5038 velte-

1957 5051 2293 5104 meutissime
2319 5049 2740 5104 contendebant.
2767 5047 2880 5103 Nos
2900 5064 3019 5118 qua:
3037 5049 3238 5104 desunt
3267 5049 3320 5102 in
3345 5048 3538 5102 Latino

1955 5121 2349 5189 supplevitnus.

2029 5187 2140 5260 (56)
2171 5191 2281 5244 Καὶ
2349 5192 2615 5258 Οἰφανίῳ
2654 5187 2735 5260 τῷ
2794 5190 2996 5257 Τυρίῳ.
3046 5189 3201 5258 Apud
3255 5187 3532 5242 Socratem

1957 5258 2157 5328 saepius
2199 5259 2454 5315 Ursacius
2512 5276 2612 5331 pro
2656 5258 2857 5313 Urania
2891 5274 3174 5331 perperam
3211 5260 3540 5314 substitutus

1955 5339 2059 5386 est.

2031 5400 2142 5472 (57)
2187 5403 2324 5456 Τότε
2352 5401 2846 5457 κατασταθέντων
2890 5401 3017 5472 κατ’
3055 5397 3272 5472 αὐτῶν.
3301 5396 3535 5472 [ιβιδ-,λιιι

1958 5464 2048 5546 est
2082 5464 2134 5546 in
2171 5471 3058 5546 margine,augendam;Nam
3087 5467 3402 5546 deposilpifl
3441 5464 3538 5543 Sc-

1968 5542 2228 5597 lcnciensi
2260 5535 2545 5598 concilioa
2578 5542 2780 5596 Basilio
2799 5550 2852 5596 et
2885 5535 3239 5594 Semiarianis
3272 5535 3537 5593 Eudoxio.

1967 5612 2230 5666 suffectus
2317 5620 2402 5668 est
2489 5613 2758 5677 Anianus,
2809 5613 2902 5680 qui
2953 5610 3022 5662 ab
3091 5606 3376 5660 Acacimis

1967 5683 2276 5731 Lanrieinm
2310 5691 2364 5731 et
2396 5681 2634 5731 Leonam
2670 5685 2725 5731 in
2757 5679 3009 5731 exsiliunt
3043 5678 3248 5731 eiectus
3290 5683 3395 5731 est.

1967 5683 2276 5735 Lauricinm
2310 5691 2364 5736 et
2395 5681 2634 5736 Leonam
2670 5685 2726 5738 in
2757 5679 3009 5738 exsiliunt
3043 5679 3248 5748 ejectus
3290 5683 3395 5731 est.

1967 5763 2142 5809 crates
2169 5753 2261 5826 lib.
2303 5768 2366 5822 tt,
2402 5768 2524 5825 cap.
2555 5752 2627 5808 52
