3988 6410
469 362 573 421 ιιτ
642 391 649 396 -
872 348 881 357 ’
1867 360 1927 416 s.
1971 360 2044 416 EF

2120 357 2315 417 ’ilANtl
3605 364 3695 425 448

468 496 596 536 cum
624 481 748 537 auis
778 483 1064 547 sentirent,
1117 495 1273 536 suam
1316 487 1501 535 tamen
1530 479 1846 551 opinionem
1882 480 2043 537 dissi-

2127 546 2128 551 η
2166 479 2432 551 ’Δρειανοὶ
2454 495 2466 507 ·
2493 477 2922 550 παρεκρύὸησαν
2948 478 3005 533 δὲ
3031 478 3109 551 τῷ
3131 480 3307 553 καιρῷ
3325 481 3532 553 ἐκεινῳ,
3558 485 3702 554 μηδὲν

471 573 771 634 mulahaut,
812 586 877 627 ac
923 572 1151 641 tempori
1209 572 1512 627 servientes
1552 580 1819 627 creaturae
1862 586 2046 626 nomer

2163 572 2293 627 ἄλλο
2325 571 2650 644 φρονοῦντες
2697 571 2812 624 ἀλλ’
2840 571 2873 643 ἢ
2928 570 3086 625 τοῦτο
3134 572 3220 627 διὰ
3257 573 3385 637 τοὺς
3416 574 3510 629 σὺν
3548 574 3706 641 αὐτοῖς

473 664 697 719 silentio
745 663 1126 733 pra'teribant,
1158 678 1284 717 cum
1318 662 1542 718 interim
1570 662 1709 716 nihil
1738 662 1806 717 ab
1841 661 2048 716 Ariani:

2169 666 2563 737 μεμιγμένους,
2595 663 2757 733 φύσει
2786 661 3122 736 ὀρθοδόξους,
3149 665 3445 739 ὑποκριτὰς
3468 663 3524 719 δέ
3555 666 3710 737 ὑπᾶρ-

471 755 821 811 dissiderent.
852 753 1052 810 Verum
1091 770 1187 825 per
1221 755 1354 810 illud
1381 762 1595 824 tempus
1620 754 1766 825 quod
1799 754 1854 809 in
1877 755 2046 808 animi

2165 774 2363 828 χοντας
2386 798 2401 821 ,
2438 759 2534 811 καὶ
2584 756 3045 828 ὑποκρινομένους
3092 757 3191 830 τὴν
3234 757 3495 829 βασιλέως
3520 756 3710 825 δεξιὰν,

472 847 742 903 habebant
774 849 1146 911 occultarunt,
1183 863 1307 903 cum
1354 848 1490 903 nihil
1520 848 1667 903 aliud
1701 857 1895 918 praeter
1932 848 2047 902 illm

2167 850 2263 903 καὶ
2291 848 2528 912 δεδιότας
2555 849 2595 914 ¹,
2630 849 2723 902 καὶ
2772 847 2995 920 ἔχοντας
3027 849 3164 922 πρὸς
3205 850 3467 922 ἀλλήλους
3497 850 3713 922 ἐχθρῐαν,

473 939 529 994 in
563 938 821 1009 opinione
859 939 1121 994 haberent
1147 957 1159 993 :
1190 939 1335 1009 quod
1362 954 1551 993 eorum
1585 939 1761 1010 gratia
1794 938 2042 994 fecerunt

2171 941 2485 1012 βουλόμενοι
2518 940 2729 1010 στῆναι.
2782 940 3042 1010 Εὑτύχιος
3091 940 3191 1012 μὲν
3226 941 3337 1012 γὰρ
3361 942 3391 995 ό
3432 938 3714 1015 Ἐλευθερο-

473 1033 567 1103 qui
594 1048 653 1088 se
692 1033 758 1087 ad
797 1033 1040 1103 ipsorum
1072 1043 1275 1087 emtum
1324 1041 1771 1104 aggregaverant,
1815 1031 2048 1087 homine:

2170 1036 2417 1105 πολίτης,
2452 1028 2540 1088 οἷα
2587 1032 2652 1105 δὴ
2696 1033 2804 1086 ἀπὸ
2852 1032 2946 1085 τοῦ
2987 1033 3254 1104 μακαρίου
3297 1028 3598 1104 Μαξιμωνᾶ
3638 1032 3718 1085 τοῦ

477 1125 719 1196 alioquin
745 1125 1058 1191 orthodoxi,
1110 1125 1205 1180 sed
1236 1126 1607 1190 simulatores,
1632 1132 1686 1179 et
1722 1123 2052 1194 imperatori:

2184 1124 2615 1197 Ἰεροσολυμέτου
2670 1123 3003 1195 όμολογητοῦ
3070 1124 3372 1177 ἐπισκόπου
3425 1123 3519 1195 τὴν
3564 1124 3722 1177 πίστιν

478 1218 735 1289 potestati
767 1218 1092 1283 servientes,
1126 1216 1485 1287 eamdemque
1506 1217 1949 1281 reformidantes,
1975 1233 2046 1289 qu

2173 1220 2313 1290 ἔχων
2334 1219 2482 1289 σαφῆ
2507 1217 2606 1288 τῆς
2629 1215 2957 1289 ὀρθοδοξίας,
2980 1214 3067 1269 διὰ
3086 1212 3185 1288 τὴν
3215 1216 3352 1288 πρὸς
3378 1215 3467 1269 τὸν
3488 1215 3723 1287 Κύριλλον

487 1325 676 1365 secum
709 1309 942 1364 invicem
980 1311 1297 1366 inimicitias
1345 1309 1696 1366 exercebant.
1724 1307 1861 1363 Nam
1900 1308 2062 1381 Euty-

2174 1310 2397 1384 ἐχθρίαν
2449 1310 2551 1363 οὐκ
2586 1306 2697 1380 (58)
2729 1306 2894 1379 ἐμίγη
2929 1309 3042 1371 τοῖς
3069 1307 3198 1379 περὶ
3236 1305 3512 1369 Ἀκάκιον,
3535 1305 3724 1377 όρθοδό-

479 1400 640 1457 chius
671 1399 1269 1472 Eleutheropolitanus,
1309 1409 1495 1474 utpote
1518 1420 1546 1455 ει
1581 1400 1740 1457 beato
1768 1400 2054 1456 Maximam

2175 1404 2282 1471 ξως
2309 1402 2409 1475 μέν
2436 1401 2577 1473 ἔχων
2606 1402 2734 1473 ἄχρι
2768 1400 2985 1472 καιροῦ,
3016 1399 3442 1472 ὑποκρινόμενος
3467 1398 3522 1451 δὲ
3551 1398 3630 1451 διὰ
3652 1398 3727 1452 τὸν

481 1486 982 1559 llierosolymitano
1007 1491 1267 1561 episeopo
1306 1505 1371 1546 ac
1419 1490 1742 1546 confessore
1785 1492 2056 1549 catholica

2178 1495 2308 1548 ἴδιον
2338 1494 2561 1566 θρόνον·
2606 1493 2702 1545 καὶ
2747 1491 2900 1547 ἄλλοι
2954 1490 3174 1555 πλειους
3219 1493 3321 1561 τῆς
3371 1488 3729 1559 Παλαιστίνης»

480 1576 607 1632 ﬁdei
666 1577 937 1633 institutis
982 1579 1232 1643 edoctus,
1273 1587 1495 1650 propter
1532 1580 1722 1651 Cyrilli
1757 1580 1967 1645 odium,
2005 1598 2055 1637 at

2175 1584 2247 1638 δι’
2267 1582 2363 1647 οὓς
2396 1582 2652 1647 Ἀκάκιος
2678 1581 2773 1637 καλ⁵
2801 1584 2851 1635 οἱ
2885 1582 3003 1653 μετ’
3027 1577 3194 1635 αὑτοῦ
3220 1580 3321 1652 τὴν
3349 1579 3519 1650 αὐτὴν
3544 1570 3731 1648 ἔχοντες

478 1665 741 1721 Acacium
771 1682 894 1723 sese
928 1683 1036 1723 non
1088 1668 1363 1738 adjunxit.
1399 1668 1504 1735 Qui
1537 1668 1756 1739 quidem
1789 1670 2053 1741 aliquanti

2176 1675 2379 1732 λύσσαν
2408 1676 2503 1731 καὶ
2532 1673 2776 1748 μανιώδη
2800 1673 3181 1739 κακοπιττξαν,
3208 1673 3349 1737 τέως
3376 1672 3510 1743 πρὸς
3524 1670 3608 1724 τὸν
3634 1688 3734 1723 κτι-

479 1766 733 1831 tempore
783 1760 1108 1815 catholicam
1152 1760 1311 1816 fidem
1373 1761 1743 1832 amplectens,
1795 1763 2054 1834 dignitati:

2181 1768 2274 1841 ρὸν
2307 1768 2437 1840 περὶ
2469 1766 2675 1821 τούτων
2701 1767 2854 1823 οὐδὲν
2885 1766 3120 1837 ἐκίνουν,
3151 1764 3277 1820 οὔτε
3322 1766 3422 1836 μὲν
3461 1763 3732 1834 ὁμολογεῖν,

482 1865 598 1906 sua:
627 1850 923 1906 retinendae
960 1853 1135 1923 gratia
1166 1851 1555 1916 dissimulavit,
1590 1861 1648 1907 ut
1694 1863 1747 1908 et
1776 1854 1867 1908 alii
1899 1854 2057 1911 Palae-

2175 1862 2297 1917 οὔτε
2329 1861 2613 1934 ἀρνεῖσθαι
2635 1877 2649 1891 ·
2698 1859 2836 1915 ἀλλὰ
2865 1850 3215 1920 συνελθόντες
3252 1859 3311 1915 ἐν
3349 1859 3419 1929 τῇ
3451 1854 3733 1929 Σελευκείᾳ,

484 1942 646 1998 stinaa
695 1945 1006 2013 complures
1067 1944 1333 2015 episcopi.
1385 1942 1619 2016 Propter
1661 1961 1802 2017 quos
1836 1947 2059 2005 Aeacius

2173 1958 2244 2027 τῇ
2272 1953 2514 2026 Τραχείᾳ
2541 1952 2878 2024 καλουμένῃ,
2905 1934 3050 2005 κατὰ
3074 1952 3172 2023 τὴν
3196 1949 3497 2022 ἰσαυρίαν,
3519 1949 3579 2001 ἐκ
3598 1963 3736 2019 προσ-

484 2046 613 2087 cum
642 2034 960 2089 suiseadem
994 2034 1146 2089 rabie
1174 2040 1227 2089 et
1258 2034 1601 2091 infidelitatis
1633 2034 1818 2094 furore
1852 2039 2059 2107 perciti,

2178 2048 2460 2117 τάγματος
2494 2044 2873 2101 Κωνσταντῖου
2889 2042 2996 2105 τοῦ
3035 2041 3324 2113 βασιλέως,
3358 2041 3538 2094 πίστιν
3569 2038 3737 2108 ἑτέραν

485 2123 620 2180 nihil
658 2124 726 2179 ad
786 2134 1000 2195 tempus
1056 2125 1123 2181 de
1155 2127 1309 2182 hisce
1338 2126 1687 2199 dogmatibus
1732 2143 1949 2185 movere
1977 2146 2060 2186 vo-

2179 2128 2340 2211 δῆθεν
2392 2120 2733 2203 ἐκτίθενται,
2768 2134 2828 2189 οὐ
2877 2132 3020 2189 κατὰ
3052 2133 3149 2204 τὴν
3197 2132 3303 2186 ὑπὸ
3358 2131 3467 2186 τῶν
3511 2130 3738 2201 Πατέρων

486 2216 726 2280 luerunt,
760 2232 936 2286 neque
953 2226 1042 2272 aut
1073 2217 1412 2286 affirmando,
1439 2226 1533 2287 aut
1559 2220 1808 2292 negando
1830 2237 2061 2292 pronun<

2180 2229 2470 2300 ταχθεῖσαν
2499 2230 2558 2282 ἐν
2581 2230 2649 2299 τῇ
2687 2225 2892 2297 Nimia
2929 2226 2997 2296 τῇ
3032 2224 3206 2287 πόλει,
3236 2224 3339 2296 τὴν
3373 2220 3640 2294 ὀρθόδοξον
3665 2218 3742 2269 καὶ

485 2308 711 2367 tiarunt.
744 2307 851 2363 Sed
877 2307 1157 2378 Seleuciae,
1197 2325 1320 2381 qua:
1345 2309 1555 2381 Aspera
1576 2310 1805 2380 dicitur,
1833 2313 1889 2369 in
1931 2316 2060 2370 lsau‘

2183 2320 2364 2387 καλῶς
2390 2319 2751 2390 τεταγμένην,
2784 2315 2920 2373 ἀλλὰ
2953 2315 3342 2388 πῳσποιητῶς
3372 2314 3492 2387 μὲν,
3524 2306 3593 2376 ὡς
3624 2307 3741 2364 κατὰ

486 2397 569 2453 ria
595 2397 903 2456 Constantii
950 2401 1302 2471 imperatoris
1327 2400 1488 2471 jussu
1544 2404 1856 2475 congregati
1910 2406 2061 2459 aliam

1226 2401 1302 2457 ris
1327 2400 1488 2471 jussu
1544 2404 1856 2475 congregati
1910 2406 2072 2460 aliam
2179 2410 2485 2481 ἀφελότητα
2520 2409 2798 2473 εἰπόντες’

489 2495 613 2553 ﬁdei
652 2494 941 2551 formulam
974 2504 1306 2567 proponunt,
1342 2514 1450 2552 non
1482 2500 1696 2568 qualem
1724 2498 1920 2558 Patres
1978 2502 2109 2557 olim
2141 2505 2196 2560 in
2231 2504 2452 2562 Nicana
2483 2504 2693 2577 synodo
2736 2504 3095 2560 orthodoxam
3146 2517 3210 2556 ac
3246 2502 3564 2572 prmclaram
3611 2497 3743 2555 iusti-

488 2599 730 2656 tuerant,
753 2590 850 2646 sed
879 2591 1076 2647 callide
1105 2608 1168 2647 ac
1200 2592 1322 2647 ficte
1362 2593 1619 2648 simulata
1661 2602 1845 2649 tamen
1883 2596 2256 2669 simplicitate,
2284 2601 2431 2656 hunc
2460 2601 2513 2654 in
2546 2600 2766 2654 modum
2794 2597 3277 2667 conscripserunt:

562 2685 754 2742 XXIV.
787 2685 1077 2744 Credimus
1116 2686 1172 2741 in
1201 2703 1371 2741 unum
1418 2687 1609 2769 Deum,
1644 2687 1863 2745 Patrem
1896 2692 2080 2746 omni-

2255 2697 2382 2751 ΚΝ.
2419 2695 2756 2765 Πιστεύομεν
2789 2693 2870 2755 εἰς
2900 2691 2996 2745 ἕνα
3027 2690 3181 2755 Θεὸν,
3215 2689 3444 2760 Πατέρα
3468 2685 3742 2759 παντοκρά-

490 2786 795 2850 potentem,
830 2786 965 2845 etc.,
1006 2785 1062 2832 et
1103 2777 1159 2832 in
1201 2776 1397 2832 Filium
1434 2776 1550 2845 Dei,
1580 2786 1714 2844 etc..
1756 2780 2065 2850 simpliciter

2185 2806 2340 2860 τορα,
2368 2788 2464 2842 καὶ
2491 2785 2729 2856 καθεξῆς
2748 2800 2761 2813 ·
2795 2784 2890 2838 καὶ
2915 2784 2996 2848 εἰς
3024 2783 3113 2836 τὸν
3141 2782 3271 2836 Υῑὸν
3292 2780 3390 2834 τοῦ
3415 2780 3567 2844 Θεοῦ,
3589 2777 3743 2842 λιτῶς,

493 2885 559 2925 ac
597 2867 732 2923 nihil
764 2867 1140 2923 vehementius
1170 2868 1394 2923 elocuti.
1427 2868 1629 2925 Postea
1655 2886 1784 2926 vero
1820 2883 1988 2926 totam
2023 2882 2068 2928 ul

2190 2878 2354 2950 μηδὲν
2392 2876 2612 2949 ἰσχυρὸν
2643 2875 2993 2944 λαλήσαντες.
3024 2872 3291 2946 ’Υστερον
3334 2872 3424 2926 ἵνα
3459 2867 3743 2935 ὑποδείξωσι

494 2960 738 3017 fabulam
793 2967 1037 3043 agerent,
1088 2958 1418 3014 addiderunt
1464 2977 1479 3014 :
1537 2979 1556 3013 ι
1601 2961 2069 3020 Consubstantialt

2185 2969 2295 3043 tiri
2326 2968 2505 3025 αὐτῶν
2546 2965 3016 3040 δραματουργίαν.
3046 2964 3279 3035 ἔφησαν,
3320 2963 3407 3018 ὃτι
3442 2982 3460 3016 ι
3491 2958 3742 3016 Ἐκδάλλο-

494 3051 795 3121 rejicimus,
825 3056 1085 3119 tanquam
1124 3063 1155 3102 a
1184 3049 1358 3103 sacris
1399 3048 1621 3105 Litteris
1651 3050 1910 3104 alienum.
1937 3050 2069 3105 lstua

2191 3079 2290 3131 μεν
2332 3060 2394 3114 τὸ
2432 3058 2738 3130 ὁμοούσιον,
2773 3056 2847 3120 ὡς
2881 3054 3160 3126 ἀλλότριον
3209 3054 3310 3125 τῆς
3346 3053 3497 3118 θείας
3533 3048 3742 3124 Γραφῆς.

495 3157 626 3199 vero
658 3142 986 3198 damnamus
1022 3159 1036 3195 :
1065 3140 1398 3196 Dissimilem
1433 3156 1558 3197 esse
1602 3139 1782 3196 Patris
1811 3139 2027 3194 Filium.
2066 3159 2070 3191 ι

2195 3151 2268 3203 Τὸ
2299 3150 2357 3203 δὲ
2383 3149 2639 3220 ἀνόμοιον
2665 3146 2795 3201 Υἱοῦ
2825 3145 2963 3217 πρὸς
2993 3144 3215 3216 Πατέρα
3229 3142 3700 3214 ἀναθεματίζομεν.
3725 3155 3739 3188 ι

494 3235 675 3305 Atque
714 3235 830 3290 haec
862 3233 1079 3288 demum
1100 3241 1217 3288 erat
1249 3231 1733 3288 callidissimorum
1762 3241 2069 3288 venatorun

2196 3242 2305 3296 Καὶ
2328 3237 2396 3313 ἦν
2425 3241 2586 3295 τοῦτο
2613 3238 2805 3293 δολίων
2829 3235 3109 3308 θηρευτῶν
3141 3235 3357 3306 δέλεαρ.
3384 3234 3494 3288 Καὶ
3519 3231 3618 3302 γὰρ
3642 3230 3745 3298 ἔφα-

499 3326 778 3381 illecebra.
818 3322 913 3378 Sic
948 3324 1094 3379 enim
1132 3324 1274 3378 inter
1316 3336 1438 3378 sese
1466 3323 1856 3388 mussitabant,
1892 3336 1957 3376 ae
1991 3322 2074 3376 do-

2198 3350 2345 3400 σκον,
2371 3333 2457 3386 ὅτε
2487 3333 2544 3384 ἐν
2576 3332 2758 3393 αὐτοῖς
2788 3329 3052 3400 ἐγίνοντο,
3087 3328 3180 3380 καὶ
3210 3324 3515 3389 ἐδίδασκον,
3543 3326 3617 3377 ὅτι
3636 3318 3744 3374 Κτί-

501 3419 701 3475 cebant
733 3435 746 3472 :
773 3416 1036 3472 Creatnra
1070 3415 1291 3486 quidem
1316 3421 1401 3485 est
1423 3414 1519 3470 Dei
1549 3413 1744 3482 Filius,
1774 3413 1868 3469 sed
1894 3415 2076 3470 similis

2198 3441 2309 3493 σμα
2341 3421 2440 3493 μὲν
2478 3421 2625 3474 ἔστιν
2664 3421 2692 3473 ὁ
2721 3419 2848 3481 Υἱὸς
2875 3402 2966 3470 τοῦ
2993 3413 3152 3480 Θεοῦ,
3195 3413 3310 3468 ἀλλ’
3342 3412 3525 3485 ὅμοιός
3556 3411 3659 3462 ἐστι
3687 3402 3746 3475 τῷ

498 3509 672 3574 Patri,
693 3524 759 3564 eo
776 3507 1030 3563 videlicet
1048 3522 1234 3571 sensu,
1256 3506 1352 3575 qui
1380 3506 1627 3563 omnium
1656 3506 1938 3562 hominum
1987 3520 2073 3560 uSt

2198 3515 2393 3585 Πατρὶ,
2418 3513 2494 3575 ὼς
2529 3511 2672 3565 κατὰ
2703 3511 2945 3565 διάνοιαν
2972 3507 3181 3579 ταύτην
3210 3504 3311 3578 τὴν
3343 3508 3405 3561 ἐν
3438 3508 3545 3567 τοῖς
3573 3497 3746 3570 ἀνθρώ-

502 3617 567 3658 ac
599 3600 996 3657 consuetudine
1034 3597 1327 3653 familiaris
1361 3605 1467 3654 est.
1512 3597 1722 3653 Etenim
1765 3598 1956 3667 plasta:
1976 3603 2077 3651 sta-

2198 3621 2323 3667 ποις
2367 3601 2848 3674 νομιστευομένην.
2889 3599 3221 3655 Ἐκτυποῦσι
3264 3598 3380 3670 γὰρ
3412 3599 3504 3651 καὶ
3542 3596 3588 3649 οι
3635 3591 3744 3645 πλα-

504 3703 630 3753 tuas
645 3691 925 3763 ellingunt,
944 3706 1009 3746 ac
1038 3691 1338 3760 simulacra
1366 3704 1429 3744 ex
1459 3703 1617 3753 auro,
1646 3696 1893 3758 argento,
1916 3687 2079 3742 aliave

2199 3711 2327 3748 στου
2336 3694 2455 3765 ργοὶ
2482 3693 2828 3765 ἀνδριάντας,
2856 3692 2949 3746 καὶ
2969 3687 3632 3763 ἀφομοιάζουσινβίκόνας
3651 3685 3747 3754 ἦτοι

390 3773 405 3783 ”
496 3784 759 3849 materia,
791 3790 886 3837 aut
911 3782 1193 3838 coloribus
1224 3782 1280 3835 in
1331 3780 1481 3851 ligno
1508 3779 1843 3849 exprimunt,
1870 3795 1965 3850 qua

2198 3788 2263 3840 ἐκ
2295 3783 2521 3857 χρυσοῦ,
2556 3785 2649 3838 καὶ
2669 3782 2936 3855 ἀργύρου.
2959 3784 3054 3838 καὶ
3075 3781 3241 3853 ἄλλης
3275 3780 3434 3851 ὕλης,
3461 3780 3492 3852 ἢ
3520 3778 3601 3832 διὰ
3629 3791 3746 3846 χρω-

506 3876 872 3931 militudinem
913 3874 1116 3931 habent
1147 3874 1239 3928 illa
1265 3874 1506 3944 quidem,
1525 3872 1932 3942 exemplaribus
1963 3887 2081 3927 vero

2198 3879 2387 3949 μάτων
2407 3877 2499 3929 ἐπι
2522 3874 2808 3941 ξύλου,καὶ
2830 3875 2892 3928 τὺ
2913 3876 3099 3945 ὅμοιον
3128 3873 3368 3944 ἔχουσιν,
3396 3871 3546 3925 οὐδὲν
3567 3869 3620 3921 δὲ
3651 3861 3746 3919 κατ’

509 3967 627 4022 suis
656 3965 806 4020 nullo
857 3963 1018 4021 modo
1057 3973 1186 4018 sunt
1240 3962 1494 4033 aequalia.
1527 3961 1620 4017 Sic
1650 3962 1717 4016 ab
1758 3961 1867 4018 illis
1897 3961 2084 4016 callide

2200 3969 2422 4041 ἰσότητα
2454 3968 2561 4021 τῶν
2583 3966 3022 4036 ἐκτυπουμένων.
3044 3964 3229 4028 Οὕτως
3260 3963 3393 4035 παρ’
3416 3962 3591 4021 αὐτοῖς
3610 3956 3661 4011 τὸ
3684 3951 3748 4006 δό-

509 4056 770 4128 quiddam
823 4056 1191 4127 excogitatqu
1254 4062 1339 4111 est
1391 4053 1747 4124 huiusmodi,
1802 4061 1861 4109 ut
1897 4052 2084 4108 Filium

2196 4062 2312 4116 λιον
2449 4060 2732 4131 ὁμολογεῖν
2757 4060 2855 4129 μὲν
2869 4059 3053 4132 ὅμοιον
3071 4057 3149 4128 τῷ
3169 4057 3368 4127 Πατρὶ,
3390 4055 3538 4109 οὐδὲν
3557 4052 3608 4106 δὲ
3633 4048 3746 4118 ἔχειν

509 4150 659 4206 Patri
700 4150 935 4205 similem
983 4162 1109 4204 esse
1165 4146 1506 4214 faterentur;
1554 4148 1682 4202 licet
1719 4147 1854 4201 nihil
1888 4148 1942 4201 in
1973 4147 2084 4217 ipso

2196 4152 2301 4223 τῆς
2331 4151 2428 4205 τοῦ
2472 4151 2687 4224 Πατρὺς
2720 4150 2975 4222 θεότητος
3002 4150 3065 4203 τὸ
3107 4148 3396 4221 παράπαν.
3440 4144 3595 4199 Ἀλλά
3632 4153 3747 4198 τινες

508 4251 751 4318 paternae
773 4240 1077 4295 divinitatis
1119 4239 1349 4296 inesset.
1382 4242 1546 4313 872
1591 4239 1717 4295 llaec
1743 4239 1960 4295 illorum
1995 4238 2083 4295 de-

2199 4242 2308 4297 τῶν
2362 4240 2481 4313 μετ’
2535 4239 2738 4303 αὐτῶν,
2776 4240 2891 4311 ἅμα
2933 4237 2993 4292 δὲ
3043 4237 3134 4291 διὰ
3172 4237 3270 4310 τήν
3311 4236 3457 4290 οὕτω
3501 4229 3747 4318 συμδξσαν

507 4313 659 4392 creta
684 4333 953 4395 nonnulli,
979 4330 1071 4402 qui
1106 4346 1231 4385 cum
1260 4332 1412 4403 ipsis‘
1434 4340 1613 4397 erant,
1633 4331 1833 4402 partim
1870 4335 2082 4400 proptel

2202 4332 2487 4405 συμφορὰν
2537 4329 2631 4385 τοῦ
2668 4328 2862 4402 καιροῦ
2907 4328 3289 4400 κατεδέχοντο,
3335 4328 3430 4382 καὶ
3468 4321 3595 4396 ὁμοῦ
3635 4313 3746 4389 ἦσαν

508 4431 772 4502 temporis
804 4428 1169 4483 calamitatem
1191 4428 1605 4497 approbarunt;
1641 4434 1698 4481 et
1738 4439 1867 4480 vero
1899 4437 2083 4493 mgna

2204 4424 2505 4487 συνειδότες
2532 4425 2582 4476 οι
2611 4422 2828 4485 πλείους
2861 4420 3041 4475 αὐτῶν
3062 4437 3075 4450 ·
3114 4420 3258 4483 τινὲς
3290 4419 3349 4474 δὲ
3394 4418 3488 4473 καὶ
3528 4406 3746 4481 ἀγνοοῦν-

512 4539 581 4581 ex
623 4499 778 4593 parte
813 4521 1023 4577 conscii
1068 4534 1132 4574 ac
1161 4515 1403 4575 fautores
1434 4528 1611 4574 erant.
1648 4515 1881 4584 Quidam
1910 4522 2087 4569 tamen

2168 4512 2309 4580 ⁵τες,
2346 4516 2422 4580 ὡς
2467 4514 2694 4588 ὓστερον
2723 4512 2961 4583 ἐδείχθη.
2998 4507 3109 4565 Ἦν
3141 4512 3249 4587 γὰρ
3286 4510 3405 4582 ἅμα
3430 4507 3626 4567 τούτοις
3650 4500 3743 4552 Ila-

511 4615 675 4675 inscii
715 4621 770 4668 et
809 4611 1180 4682 imprudentes
1235 4610 1444 4680 abrepti
1479 4617 1630 4672 sunt,
1667 4619 1723 4662 ut
1758 4606 1919 4678 paulo
1974 4611 2086 4676 post

2196 4608 2451 4682 τρόφιλπ
2477 4610 2505 4662 ό
2537 4606 2967 4677 Σκυθοπολίτης,
3001 4607 3095 4660 καλ⁵
3126 4604 3266 4677 μετὰ
3292 4602 3496 4683 τούτων
3520 4597 3743 4683 Φίλιππος

515 4705 786 4776 apparuit.
828 4677 999 4757 Erant
1033 4703 1181 4757 enim
1227 4677 1535 4757 inter—illos
1576 4677 1926 4769 Patropbilus
1965 4695 2090 4767 Scy-

2197 4677 2375 4756 ό-ἐκιῖ
2416 4699 2780 4763 κατασταθεὶς
2822 4698 3065 4768 διάδοχος
3110 4697 3205 4752 τοῦ
3238 4680 3640 4768 προειρημένου,
3665 4677 3742 4736 καὶ

515 4775 911 4868 thopolitanus,
964 4802 1022 4852 et
1067 4794 1373 4865 Philippus,
1424 4792 1521 4864 qui
1582 4792 1746 4862 hujus
1809 4804 2090 4846 successor

2199 4794 2349 4848 ἄλλοι
2382 4791 2619 4855 πλειους,
2648 4792 2697 4844 οἱ
2724 4789 2884 4861 φύσει
2924 4789 3127 4860 ταύτην
3153 4789 3253 4858 τὴν
3286 4787 3494 4858 αἵρεσιν
3526 4775 3741 4868 κατέχογ-

518 4860 853 4947 con-stitutus
900 4860 1019 4944 illic
1081 4860 1280 4951 fuerat,
1329 4860 1460 4940 cum
1496 4883 1622 4938 aliis
1659 4860 1957 4952 plerisque,
2007 4880 2093 4952 qui

2200 4903 2313 4949 τες.
2342 4882 2456 4938 Νῦν
2489 4882 2546 4936 δὲ
2579 4882 2717 4955 μετὰ
2740 4860 2852 4954 τὴν
2882 4880 3107 4935 ἐκείνων
3133 4878 3411 4950 τελευτὴν,
3431 4876 3515 4929 ὅτε
3537 4871 3607 4932 εις
3627 4860 3736 4918 πλά-

523 4980 666 5034 hanc
711 4979 966 5035 haeresim
1021 4975 1514 5048 amplectebantur.
1572 4971 1747 5027 llodie
1809 4987 1944 5027 vero
1981 4980 2098 5040 post

2201 4994 2293 5041 τος
2330 4975 2595 5048 ἐλήλακεν
2629 4976 2662 5046 ἡ
2703 4971 2884 5028 αὐτῶν
2928 4969 3237 5037 κακοδοξία,
3269 4969 3364 5023 καὶ
3395 4962 3527 5037 μετὰ
3557 4955 3739 5048 παῤῥης·

524 5069 745 5125 illorum
764 5069 994 5136 obitum,
1024 5042 1131 5124 υῢί-
1146 5070 1391 5140 ipsorum
1423 5066 1673 5136 impietas
1704 5064 1864 5133 longe
1894 5063 2099 5132 lateque

2203 5067 2325 5130 cia;
2375 5042 2706 5136 τῦγχάνουσι
2755 5063 2845 5118 διὰ
2890 5062 2991 5134 τὴν
3041 5062 3140 5133 τῆς
3198 5057 3403 5131 σαρκὸς
3439 5050 3639 5147 δεξιὰνῖ
3662 5042 3735 5147 κξὶ

525 5166 843 5232 propagata,
875 5139 1181 5215 audaciam,
1203 5175 1267 5216 ac
1301 5159 1578 5216 licentiam
1624 5155 1805 5223 nacti,
1831 5169 1895 5208 ac
1924 5153 2100 5209 carnis

2207 5158 2406 5229 μηκέτι
2447 5155 2889 5228 ἐμποδιζόμενοι,
2923 5154 3252 5227 κηρύττουσι
3288 5150 3469 5219 σαφῶς
3496 5145 3551 5199 τὸ
3586 5139 3735 5232 αὐξῶν

525 5220 755 5311 brachio
792 5220 937 5316 freti,
968 5251 1115 5306 nulla
1159 5267 1219 5308 re
1241 5252 1354 5321 jam
1391 5252 1665 5314 obstante,
1699 5220 1935 5319 quorum
1977 5262 2100 5302 con-

2202 5220 2543 5317 ἐπιχείρημα
2566 5263 2578 5275 ·
2604 5220 2790 5299 οὐκετι
2813 5220 2939 5298 οὕτε
2969 5220 3108 5299 ideo:
3127 5259 3233 5295 τινι
3261 5236 3613 5310 κατεχόμενοι,
3635 5220 3732 5278 οὕτε

527 5343 713 5403 silium
741 5342 976 5398 inierant
1020 5349 1202 5410 aperte
1231 5342 1322 5397 illa
1358 5343 1677 5413 praedicant.
1722 5340 1914 5396 Nullus
1959 5340 2102 5396 enim

2208 5339 2572 5410 ἰνδαλλόμενοι
2599 5338 2708 5394 ἀπό
2730 5355 2874 5400 τινος
2897 5337 3336 5409 προστάγματος,
3360 5333 3437 5395 εις
3464 5327 3522 5381 τὸ
3548 5322 3733 5395 μήτινα

601 5500 621 5533 ¹
652 5497 714 5554 F.
737 5497 830 5552 καὶ
855 5495 955 5566 τὴν
982 5495 1104 5567 βασ.
1134 5492 1242 5560 δεξ.
1265 5493 1373 5551 δεδ.

614 5653 720 5725 (58)
743 5653 1004 5734 Atd_t‘h¥
1037 5654 1185 5734 πρὸς
1221 5653 1329 5707 τὸν
1379 5650 2105 5734 ζςύριλῗζονρχθρίανηοῦκ.

2212 5647 2490 5734 ετςιςθνῑιη
2515 5659 2788 5734 (ιιξςιειιῐιι,Δ
2805 5644 3066 5718 Cyrillum
3124 5635 3640 5713 ilierosolymitanum
3672 5615 3724 5676 de

543 5717 908 5794 Expungenda
938 5717 1421 5794 omninonegandi
1462 5717 1768 5794 particula;
1792 5717 1915 5794 nam
1944 5719 2110 5791 Euty-
2216 5717 2535 5793 episcopatu
2563 5717 2812 5773 dimovit.
2850 5789 2857 5793 .

543 5790 699 5849 chius
724 5790 823 5864 pro
857 5809 956 5848 suo
973 5794 1029 5848 in
1050 5790 1309 5864 Cyrillum
1337 5791 1462 5849 odio
1482 5806 1602 5847 sese
1632 5791 1700 5847 ad
1720 5790 1978 5847 Acacium
2012 5790 2107 5861 ag-
