  <div class='ocr_page' id='page_1' title='image "/cluster/home/n/w/nwhite01/storage/ocr_20150623/42:no.2/coo.31924054869403/231.png"; bbox 0 0 3988 6396; ppageno 0'>
   <div class='ocr_carea' id='block_1_1' title="bbox 578 292 676 349">
    <p class='ocr_par' dir='ltr' id='par_1_1' title="bbox 578 292 676 349">
     <span class='ocr_line' id='line_1_1' title="bbox 578 292 676 349; baseline 0.01 -2"><span class='ocrx_word' id='word_1_1' title='bbox 578 292 676 349; x_wconf 76' lang='grc'><strong>451</strong></span> 
     </span>
    </p>
   </div>
   <div class='ocr_carea' id='block_1_2' title="bbox 578 506 2160 584">
    <p class='ocr_par' dir='ltr' id='par_1_2' title="bbox 578 506 2160 584">
     <span class='ocr_line' id='line_1_2' title="bbox 578 506 2160 584; baseline -0.004 -16"><span class='ocrx_word' id='word_1_2' title='bbox 578 514 866 584; x_wconf 84' lang='lat' dir='ltr'><strong>plerosque</strong></span> <span class='ocrx_word' id='word_1_3' title='bbox 899 515 964 563; x_wconf 88' lang='lat' dir='ltr'><strong>ad</strong></span> <span class='ocrx_word' id='word_1_4' title='bbox 1009 509 1332 563; x_wconf 89' lang='lat' dir='ltr'><strong>hodiernum</strong></span> <span class='ocrx_word' id='word_1_5' title='bbox 1381 515 1595 577; x_wconf 89' lang='lat' dir='ltr'><strong>tempus</strong></span> <span class='ocrx_word' id='word_1_6' title='bbox 1645 522 1820 576; x_wconf 87' lang='lat' dir='ltr'><strong>usque</strong></span> <span class='ocrx_word' id='word_1_7' title='bbox 1869 506 2160 577; x_wconf 84' lang='lat' dir='ltr'><strong>perturba-</strong></span> 
     </span>
    </p>
   </div>
   <div class='ocr_carea' id='block_1_3' title="bbox 579 596 2156 668">
    <p class='ocr_par' dir='ltr' id='par_1_3' title="bbox 579 596 2156 668">
     <span class='ocr_line' id='line_1_3' title="bbox 579 596 2156 668; baseline -0.006 -6"><span class='ocrx_word' id='word_1_8' title='bbox 579 608 709 668; x_wconf 93' lang='lat' dir='ltr'><strong>rint,</strong></span> <span class='ocrx_word' id='word_1_9' title='bbox 733 611 786 660; x_wconf 89' lang='lat' dir='ltr'><strong>et</strong></span> <span class='ocrx_word' id='word_1_10' title='bbox 811 621 838 656; x_wconf 88' lang='lat' dir='ltr'><strong>a</strong></span> <span class='ocrx_word' id='word_1_11' title='bbox 874 600 1152 656; x_wconf 86' lang='lat' dir='ltr'><strong>nonnullis</strong></span> <span class='ocrx_word' id='word_1_12' title='bbox 1173 601 1472 654; x_wconf 90' lang='lat' dir='ltr'><strong>etiamnum</strong></span> <span class='ocrx_word' id='word_1_13' title='bbox 1501 599 1750 653; x_wconf 75' lang='lat' dir='ltr'><strong>innovari</strong></span> <span class='ocrx_word' id='word_1_14' title='bbox 1781 598 1926 652; x_wconf 92' lang='lat' dir='ltr'><strong>istud</strong></span> <span class='ocrx_word' id='word_1_15' title='bbox 1959 596 2156 663; x_wconf 88' lang='lat' dir='ltr'><strong>ferant,</strong></span> 
     </span>
    </p>
   </div>
   <div class='ocr_carea' id='block_1_4' title="bbox 577 690 2158 754">
    <p class='ocr_par' dir='ltr' id='par_1_4' title="bbox 577 690 2158 754">
     <span class='ocr_line' id='line_1_4' title="bbox 577 690 2158 754; baseline -0.005 -2"><span class='ocrx_word' id='word_1_16' title='bbox 577 706 637 752; x_wconf 92' lang='lat' dir='ltr'><strong>ut</strong></span> <span class='ocrx_word' id='word_1_17' title='bbox 684 692 970 750; x_wconf 84' lang='lat' dir='ltr'><strong>diss&#39;milis</strong></span> <span class='ocrx_word' id='word_1_18' title='bbox 1001 690 1147 746; x_wconf 84' lang='lat' dir='ltr'><strong>Patri</strong></span> <span class='ocrx_word' id='word_1_19' title='bbox 1179 690 1354 746; x_wconf 83' lang='lat' dir='ltr'><strong>Filius</strong></span> <span class='ocrx_word' id='word_1_20' title='bbox 1397 707 1520 746; x_wconf 90' lang='lat' dir='ltr'><strong>esse</strong></span> <span class='ocrx_word' id='word_1_21' title='bbox 1570 692 1806 754; x_wconf 90' lang='lat' dir='ltr'><strong>dicatur,</strong></span> <span class='ocrx_word' id='word_1_22' title='bbox 1855 691 1926 745; x_wconf 90' lang='lat' dir='ltr'><strong>ob</strong></span> <span class='ocrx_word' id='word_1_23' title='bbox 1975 691 2026 745; x_wconf 91' lang='lat' dir='ltr'><strong>id</strong></span> <span class='ocrx_word' id='word_1_24' title='bbox 2060 693 2158 745; x_wconf 87' lang='lat' dir='ltr'><strong>ho-</strong></span> 
     </span>
    </p>
   </div>
   <div class='ocr_carea' id='block_1_5' title="bbox 576 784 2156 854">
    <p class='ocr_par' dir='ltr' id='par_1_5' title="bbox 576 784 2156 854">
     <span class='ocr_line' id='line_1_5' title="bbox 576 784 2156 854; baseline -0.001 -14"><span class='ocrx_word' id='word_1_25' title='bbox 576 786 796 847; x_wconf 83' lang='lat' dir='ltr'><strong>mousii,</strong></span> <span class='ocrx_word' id='word_1_26' title='bbox 839 789 942 840; x_wconf 85' lang='lat' dir='ltr'><strong>hoc</strong></span> <span class='ocrx_word' id='word_1_27' title='bbox 971 797 1058 840; x_wconf 87' lang='lat' dir='ltr'><strong>est</strong></span> <span class='ocrx_word' id='word_1_28' title='bbox 1079 784 1552 839; x_wconf 72' lang='lat' dir='ltr'><strong>consubstantialis</strong></span> <span class='ocrx_word' id='word_1_29' title='bbox 1582 799 1793 847; x_wconf 89' lang='lat' dir='ltr'><strong>vocem,</strong></span> <span class='ocrx_word' id='word_1_30' title='bbox 1823 792 2083 854; x_wconf 89' lang='lat' dir='ltr'><strong>tanquam</strong></span> <span class='ocrx_word' id='word_1_31' title='bbox 2126 801 2156 839; x_wconf 86' lang='lat' dir='ltr'><strong>a</strong></span> 
     </span>
    </p>
   </div>
   <div class='ocr_carea' id='block_1_6' title="bbox 574 873 2155 946">
    <p class='ocr_par' dir='ltr' id='par_1_6' title="bbox 574 873 2155 946">
     <span class='ocr_line' id='line_1_6' title="bbox 574 873 2155 946; baseline -0.003 -15"><span class='ocrx_word' id='word_1_32' title='bbox 574 877 750 932; x_wconf 90' lang='lat' dir='ltr'><strong>sacris</strong></span> <span class='ocrx_word' id='word_1_33' title='bbox 783 875 1008 931; x_wconf 85' lang='lat' dir='ltr'><strong>Litteris</strong></span> <span class='ocrx_word' id='word_1_34' title='bbox 1059 875 1426 946; x_wconf 76' lang='lat' dir='ltr'><strong>peregrinam,</strong></span> <span class='ocrx_word' id='word_1_35' title='bbox 1476 873 1793 942; x_wconf 87' lang='lat' dir='ltr'><strong>rejicimus;</strong></span> <span class='ocrx_word' id='word_1_36' title='bbox 1842 887 2155 927; x_wconf 72' lang='lat' dir='ltr'><strong>anomoeum</strong></span> 
     </span>
    </p>
   </div>
   <div class='ocr_carea' id='block_1_7' title="bbox 575 965 2160 1035">
    <p class='ocr_par' dir='ltr' id='par_1_7' title="bbox 575 965 2160 1035">
     <span class='ocr_line' id='line_1_7' title="bbox 575 965 2160 1035; baseline -0.005 -9"><span class='ocrx_word' id='word_1_37' title='bbox 575 987 724 1034; x_wconf 89' lang='lat' dir='ltr'><strong>vero,</strong></span> <span class='ocrx_word' id='word_1_38' title='bbox 756 971 862 1025; x_wconf 88' lang='lat' dir='ltr'><strong>hoc</strong></span> <span class='ocrx_word' id='word_1_39' title='bbox 891 979 974 1025; x_wconf 88' lang='lat' dir='ltr'><strong>est</strong></span> <span class='ocrx_word' id='word_1_40' title='bbox 1005 968 1286 1032; x_wconf 74' lang='lat' dir='ltr'><strong>dissimile,</strong></span> <span class='ocrx_word' id='word_1_41' title='bbox 1321 967 1790 1030; x_wconf 88' lang='lat' dir='ltr'><strong>condemnamus;</strong></span> <span class='ocrx_word' id='word_1_42' title='bbox 1835 972 1889 1019; x_wconf 86' lang='lat' dir='ltr'><strong>et</strong></span> <span class='ocrx_word' id='word_1_43' title='bbox 1922 965 2160 1035; x_wconf 91' lang='lat' dir='ltr'><strong>quicun-</strong></span> 
     </span>
    </p>
   </div>
   <div class='ocr_carea' id='block_1_8' title="bbox 572 1057 2157 1134">
    <p class='ocr_par' dir='ltr' id='par_1_8' title="bbox 572 1057 2157 1134">
     <span class='ocr_line' id='line_1_8' title="bbox 572 1057 2157 1134; baseline -0.004 -18"><span class='ocrx_word' id='word_1_44' title='bbox 572 1078 680 1134; x_wconf 93' lang='lat' dir='ltr'><strong>que</strong></span> <span class='ocrx_word' id='word_1_45' title='bbox 709 1059 985 1132; x_wconf 86' lang='lat' dir='ltr'><strong>ejusmodi</strong></span> <span class='ocrx_word' id='word_1_46' title='bbox 1019 1070 1168 1124; x_wconf 89' lang='lat' dir='ltr'><strong>sunt,</strong></span> <span class='ocrx_word' id='word_1_47' title='bbox 1201 1061 1271 1114; x_wconf 91' lang='lat' dir='ltr'><strong>ab</strong></span> <span class='ocrx_word' id='word_1_48' title='bbox 1296 1059 1542 1112; x_wconf 75' lang='lat' dir='ltr'><strong>Ecclesia</strong></span> <span class='ocrx_word' id='word_1_49' title='bbox 1573 1057 1782 1112; x_wconf 87' lang='lat' dir='ltr'><strong>alienos</strong></span> <span class='ocrx_word' id='word_1_50' title='bbox 1805 1071 1929 1110; x_wconf 87' lang='lat' dir='ltr'><strong>esse</strong></span> <span class='ocrx_word' id='word_1_51' title='bbox 1961 1070 2157 1110; x_wconf 87' lang='lat' dir='ltr'><strong>cense-</strong></span> 
     </span>
    </p>
   </div>
   <div class='ocr_carea' id='block_1_9' title="bbox 574 1148 2158 1218">
    <p class='ocr_par' dir='ltr' id='par_1_9' title="bbox 574 1148 2158 1218">
     <span class='ocr_line' id='line_1_9' title="bbox 574 1148 2158 1218; baseline -0.006 -8"><span class='ocrx_word' id='word_1_52' title='bbox 574 1172 720 1210; x_wconf 85' lang='lat' dir='ltr'><strong>mus.</strong></span> <span class='ocrx_word' id='word_1_53' title='bbox 753 1153 1002 1208; x_wconf 89' lang='lat' dir='ltr'><strong>Similem</strong></span> <span class='ocrx_word' id='word_1_54' title='bbox 1036 1167 1166 1207; x_wconf 89' lang='lat' dir='ltr'><strong>vero</strong></span> <span class='ocrx_word' id='word_1_55' title='bbox 1194 1150 1376 1206; x_wconf 88' lang='lat' dir='ltr'><strong>Patris</strong></span> <span class='ocrx_word' id='word_1_56' title='bbox 1417 1166 1541 1205; x_wconf 90' lang='lat' dir='ltr'><strong>esse</strong></span> <span class='ocrx_word' id='word_1_57' title='bbox 1573 1148 1770 1202; x_wconf 77' lang='lat' dir='ltr'><strong>Filium</strong></span> <span class='ocrx_word' id='word_1_58' title='bbox 1811 1155 1999 1218; x_wconf 89' lang='lat' dir='ltr'><strong>aperte</strong></span> <span class='ocrx_word' id='word_1_59' title='bbox 2031 1161 2158 1216; x_wconf 86' lang='lat' dir='ltr'><strong>pro-</strong></span> 
     </span>
    </p>
   </div>
   <div class='ocr_carea' id='block_1_10' title="bbox 575 1237 2158 1315">
    <p class='ocr_par' dir='ltr' id='par_1_10' title="bbox 575 1237 2158 1315">
     <span class='ocr_line' id='line_1_10' title="bbox 575 1237 2158 1315; baseline -0.004 -15"><span class='ocrx_word' id='word_1_60' title='bbox 575 1247 811 1311; x_wconf 86' lang='lat' dir='ltr'><strong>fitemur,</strong></span> <span class='ocrx_word' id='word_1_61' title='bbox 841 1253 896 1299; x_wconf 90' lang='lat' dir='ltr'><strong>et</strong></span> <span class='ocrx_word' id='word_1_62' title='bbox 926 1243 1248 1315; x_wconf 87' lang='lat' dir='ltr'><strong>Apostolum</strong></span> <span class='ocrx_word' id='word_1_63' title='bbox 1281 1241 1334 1296; x_wconf 92' lang='lat' dir='ltr'><strong>in</strong></span> <span class='ocrx_word' id='word_1_64' title='bbox 1365 1257 1432 1297; x_wconf 90' lang='lat' dir='ltr'><strong>eo</strong></span> <span class='ocrx_word' id='word_1_65' title='bbox 1464 1241 1767 1310; x_wconf 83' lang='lat' dir='ltr'><strong>sequimur,</strong></span> <span class='ocrx_word' id='word_1_66' title='bbox 1799 1239 1891 1310; x_wconf 90' lang='lat' dir='ltr'><strong>qui</strong></span> <span class='ocrx_word' id='word_1_67' title='bbox 1922 1239 1990 1293; x_wconf 91' lang='lat' dir='ltr'><strong>de</strong></span> <span class='ocrx_word' id='word_1_68' title='bbox 2020 1237 2158 1294; x_wconf 88' lang='lat' dir='ltr'><strong>Filio</strong></span> 
     </span>
    </p>
   </div>
   <div class='ocr_carea' id='block_1_11' title="bbox 573 1330 2155 1408">
    <p class='ocr_par' dir='ltr' id='par_1_11' title="bbox 573 1330 2155 1408">
     <span class='ocr_line' id='line_1_11' title="bbox 573 1330 2155 1408; baseline -0.004 -15"><span class='ocrx_word' id='word_1_69' title='bbox 573 1339 806 1408; x_wconf 88' lang='lat' dir='ltr'><strong>loquens</strong></span> <span class='ocrx_word' id='word_1_70' title='bbox 847 1355 860 1391; x_wconf 92' lang='lat'><strong>:</strong></span> <span class='ocrx_word' id='word_1_71' title='bbox 895 1337 1001 1404; x_wconf 85' lang='lat' dir='ltr'><strong>Qui</strong></span> <span class='ocrx_word' id='word_1_72' title='bbox 1041 1348 1144 1400; x_wconf 78' lang='lat' dir='ltr'><strong>est,</strong></span> <span class='ocrx_word' id='word_1_73' title='bbox 1195 1335 1396 1405; x_wconf 88' lang='lat' dir='ltr'><strong>inquit,</strong></span> <span class='ocrx_word' id='word_1_74' title='bbox 1432 1335 1608 1403; x_wconf 85' lang='lat' dir='ltr'><strong>imago</strong></span> <span class='ocrx_word' id='word_1_75' title='bbox 1659 1332 1758 1386; x_wconf 85' lang='lat' dir='ltr'><strong>Dei</strong></span> <span class='ocrx_word' id='word_1_76' title='bbox 1805 1330 2087 1385; x_wconf 72' lang='lat' dir='ltr'><strong>invisibilis</strong></span> <span class='ocrx_word' id='word_1_77' title='bbox 2115 1331 2155 1386; x_wconf 77' lang='grc'><strong>⁸.</strong></span> 
     </span>
    </p>
   </div>
   <div class='ocr_carea' id='block_1_12' title="bbox 571 1423 2158 1488">
    <p class='ocr_par' dir='ltr' id='par_1_12' title="bbox 571 1423 2158 1488">
     <span class='ocr_line' id='line_1_12' title="bbox 571 1423 2158 1488; baseline -0.006 0"><span class='ocrx_word' id='word_1_78' title='bbox 571 1430 909 1488; x_wconf 87' lang='lat' dir='ltr'><strong>Confitemur</strong></span> <span class='ocrx_word' id='word_1_79' title='bbox 957 1437 1139 1483; x_wconf 88' lang='lat' dir='ltr'><strong>autem</strong></span> <span class='ocrx_word' id='word_1_80' title='bbox 1197 1437 1252 1482; x_wconf 91' lang='lat' dir='ltr'><strong>et</strong></span> <span class='ocrx_word' id='word_1_81' title='bbox 1295 1425 1578 1482; x_wconf 89' lang='lat' dir='ltr'><strong>credimus</strong></span> <span class='ocrx_word' id='word_1_82' title='bbox 1625 1425 1680 1480; x_wconf 93' lang='lat' dir='ltr'><strong>in</strong></span> <span class='ocrx_word' id='word_1_83' title='bbox 1743 1441 1911 1479; x_wconf 90' lang='lat' dir='ltr'><strong>unum</strong></span> <span class='ocrx_word' id='word_1_84' title='bbox 1965 1423 2158 1488; x_wconf 90' lang='lat' dir='ltr'><strong>Deum,</strong></span> 
     </span>
    </p>
   </div>
   <div class='ocr_carea' id='block_1_13' title="bbox 569 1516 2156 1589">
    <p class='ocr_par' dir='ltr' id='par_1_13' title="bbox 569 1516 2156 1589">
     <span class='ocr_line' id='line_1_13' title="bbox 569 1516 2156 1589; baseline -0.005 -13"><span class='ocrx_word' id='word_1_85' title='bbox 569 1522 784 1576; x_wconf 86' lang='lat' dir='ltr'><strong>Patrem</strong></span> <span class='ocrx_word' id='word_1_86' title='bbox 822 1519 1276 1589; x_wconf 88' lang='lat' dir='ltr'><strong>omnipotentem,</strong></span> <span class='ocrx_word' id='word_1_87' title='bbox 1313 1516 1578 1572; x_wconf 89' lang='lat' dir='ltr'><strong>factorem</strong></span> <span class='ocrx_word' id='word_1_88' title='bbox 1617 1518 1742 1571; x_wconf 71' lang='grc' dir='ltr'><strong>(τωΙί</strong></span> <span class='ocrx_word' id='word_1_89' title='bbox 1773 1528 1826 1572; x_wconf 87' lang='lat' dir='ltr'><strong>et</strong></span> <span class='ocrx_word' id='word_1_90' title='bbox 1866 1525 2048 1581; x_wconf 64' lang='lat' dir='ltr'><strong>terrae,</strong></span> <span class='ocrx_word' id='word_1_91' title='bbox 2073 1516 2156 1568; x_wconf 86' lang='lat' dir='ltr'><strong>vi-</strong></span> 
     </span>
    </p>
   </div>
   <div class='ocr_carea' id='block_1_14' title="bbox 568 1604 2159 1679">
    <p class='ocr_par' dir='ltr' id='par_1_14' title="bbox 568 1604 2159 1679">
     <span class='ocr_line' id='line_1_14' title="bbox 568 1604 2159 1679; baseline -0.006 -11"><span class='ocrx_word' id='word_1_92' title='bbox 568 1611 918 1679; x_wconf 88' lang='lat' dir='ltr'><strong>sibiliumque</strong></span> <span class='ocrx_word' id='word_1_93' title='bbox 942 1616 998 1664; x_wconf 93' lang='lat' dir='ltr'><strong>et</strong></span> <span class='ocrx_word' id='word_1_94' title='bbox 1025 1607 1405 1662; x_wconf 88' lang='lat' dir='ltr'><strong>invisibilium.</strong></span> <span class='ocrx_word' id='word_1_95' title='bbox 1442 1605 1737 1660; x_wconf 80' lang='lat' dir='ltr'><strong>Credimus</strong></span> <span class='ocrx_word' id='word_1_96' title='bbox 1772 1607 1934 1660; x_wconf 90' lang='lat' dir='ltr'><strong>etiam</strong></span> <span class='ocrx_word' id='word_1_97' title='bbox 1973 1607 2026 1658; x_wconf 92' lang='lat' dir='ltr'><strong>in</strong></span> <span class='ocrx_word' id='word_1_98' title='bbox 2051 1604 2159 1659; x_wconf 84' lang='lat' dir='ltr'><strong>Do-</strong></span> 
     </span>
    </p>
   </div>
   <div class='ocr_carea' id='block_1_15' title="bbox 567 1695 2157 1762">
    <p class='ocr_par' dir='ltr' id='par_1_15' title="bbox 567 1695 2157 1762">
     <span class='ocr_line' id='line_1_15' title="bbox 567 1695 2157 1762; baseline -0.003 -6"><span class='ocrx_word' id='word_1_99' title='bbox 567 1703 777 1757; x_wconf 91' lang='lat' dir='ltr'><strong>minnm</strong></span> <span class='ocrx_word' id='word_1_100' title='bbox 801 1710 1054 1757; x_wconf 91' lang='lat' dir='ltr'><strong>nostrum</strong></span> <span class='ocrx_word' id='word_1_101' title='bbox 1087 1698 1276 1755; x_wconf 87' lang='lat' dir='ltr'><strong>Jesnm</strong></span> <span class='ocrx_word' id='word_1_102' title='bbox 1307 1698 1590 1753; x_wconf 88' lang='lat' dir='ltr'><strong>Christum</strong></span> <span class='ocrx_word' id='word_1_103' title='bbox 1623 1696 1820 1752; x_wconf 77' lang='lat' dir='ltr'><strong>Filium</strong></span> <span class='ocrx_word' id='word_1_104' title='bbox 1852 1695 1968 1762; x_wconf 86' lang='lat' dir='ltr'><strong>Dei,</strong></span> <span class='ocrx_word' id='word_1_105' title='bbox 2003 1705 2058 1752; x_wconf 88' lang='lat' dir='ltr'><strong>et</strong></span> <span class='ocrx_word' id='word_1_106' title='bbox 2087 1697 2157 1751; x_wconf 88' lang='lat' dir='ltr'><strong>ab</strong></span> 
     </span>
    </p>
   </div>
   <div class='ocr_carea' id='block_1_16' title="bbox 1997 291 2439 352">
    <p class='ocr_par' dir='ltr' id='par_1_16' title="bbox 1997 291 2439 352">
     <span class='ocr_line' id='line_1_16' title="bbox 1997 291 2439 352; baseline 0.005 -4"><span class='ocrx_word' id='word_1_107' title='bbox 1997 291 2056 352; x_wconf 88' lang='lat' dir='ltr'><strong>S.</strong></span> <span class='ocrx_word' id='word_1_108' title='bbox 2096 292 2439 350; x_wconf 78' lang='lat' dir='ltr'><strong>EPlPllANll</strong></span> 
     </span>
    </p>
   </div>
   <div class='ocr_carea' id='block_1_17' title="bbox 647 412 2230 478">
    <p class='ocr_par' dir='ltr' id='par_1_17' title="bbox 647 412 2230 478">
     <span class='ocr_line' id='line_1_17' title="bbox 647 412 2230 478; baseline -0.005 -2"><span class='ocrx_word' id='word_1_109' title='bbox 647 422 785 476; x_wconf 89' lang='lat' dir='ltr'><strong>Cum</strong></span> <span class='ocrx_word' id='word_1_110' title='bbox 814 415 1079 474; x_wconf 75' lang='lat' dir='ltr'><strong>hactenus</strong></span> <span class='ocrx_word' id='word_1_111' title='bbox 1106 413 1401 477; x_wconf 80' lang='lat' dir='ltr'><strong>homousii,</strong></span> <span class='ocrx_word' id='word_1_112' title='bbox 1441 421 1494 469; x_wconf 87' lang='lat' dir='ltr'><strong>et</strong></span> <span class='ocrx_word' id='word_1_113' title='bbox 1526 412 1853 470; x_wconf 78' lang='lat' dir='ltr'><strong>liommousii</strong></span> <span class='ocrx_word' id='word_1_114' title='bbox 1889 415 2154 470; x_wconf 86' lang='lat' dir='ltr'><strong>vocabula</strong></span> <span class='ocrx_word' id='word_1_115' title='bbox 2184 421 2230 478; x_wconf 81' lang='grc' dir='ltr'>Α</span> 
     </span>
    </p>
   </div>
   <div class='ocr_carea' id='block_1_18' title="bbox 3689 304 3776 361">
    <p class='ocr_par' dir='ltr' id='par_1_18' title="bbox 3689 304 3776 361">
     <span class='ocr_line' id='line_1_18' title="bbox 3689 304 3776 361; baseline 0 0"><span class='ocrx_word' id='word_1_116' title='bbox 3689 304 3776 361; x_wconf 62' lang='grc' dir='ltr'><strong>ιιι</strong></span> 
     </span>
    </p>
   </div>
   <div class='ocr_carea' id='block_1_19' title="bbox 2353 417 3780 490">
    <p class='ocr_par' dir='ltr' id='par_1_19' title="bbox 2353 417 3780 490">
     <span class='ocr_line' id='line_1_19' title="bbox 2353 417 3780 490; baseline 0.007 -22"><span class='ocrx_word' id='word_1_117' title='bbox 2353 417 2571 488; x_wconf 80' lang='grc' dir='ltr'>Ἐπειδὴ</span> <span class='ocrx_word' id='word_1_118' title='bbox 2599 417 2826 484; x_wconf 73' lang='grc' dir='ltr'>πολλοὺς</span> <span class='ocrx_word' id='word_1_119' title='bbox 2870 417 3169 490; x_wconf 80' lang='grc' dir='ltr'>ὲθορύϐησε</span> <span class='ocrx_word' id='word_1_120' title='bbox 3205 418 3267 472; x_wconf 80' lang='grc' dir='ltr'>τδ</span> <span class='ocrx_word' id='word_1_121' title='bbox 3307 418 3576 490; x_wconf 75' lang='grc' dir='ltr'>ὀμωὸσιον</span> <span class='ocrx_word' id='word_1_122' title='bbox 3613 423 3696 476; x_wconf 74' lang='grc' dir='ltr'>καὶ</span> <span class='ocrx_word' id='word_1_123' title='bbox 3731 425 3780 478; x_wconf 73' lang='grc' dir='ltr'>τὺ</span> 
     </span>
    </p>
   </div>
   <div class='ocr_carea' id='block_1_20' title="bbox 2257 505 3786 587">
    <p class='ocr_par' dir='ltr' id='par_1_20' title="bbox 2257 505 3786 587">
     <span class='ocr_line' id='line_1_20' title="bbox 2257 505 3786 587; baseline 0.007 -31"><span class='ocrx_word' id='word_1_124' title='bbox 2257 505 2565 574; x_wconf 81' lang='grc' dir='ltr'>ὁμοιούσιον</span> <span class='ocrx_word' id='word_1_125' title='bbox 2615 508 2672 559; x_wconf 81' lang='grc' dir='ltr'>ὲν</span> <span class='ocrx_word' id='word_1_126' title='bbox 2725 511 2838 572; x_wconf 85' lang='grc' dir='ltr'>τοῖς</span> <span class='ocrx_word' id='word_1_127' title='bbox 2887 508 3217 580; x_wconf 82' lang='grc' dir='ltr'><strong>παρελθοῦσι</strong></span> <span class='ocrx_word' id='word_1_128' title='bbox 3262 509 3490 580; x_wconf 76' lang='grc' dir='ltr'><strong>χρόνοις,</strong></span> <span class='ocrx_word' id='word_1_129' title='bbox 3525 513 3612 565; x_wconf 67' lang='grc' dir='ltr'><strong>καὶ</strong></span> <span class='ocrx_word' id='word_1_130' title='bbox 3654 513 3786 587; x_wconf 71' lang='grc' dir='ltr'>μέχρι</span> 
     </span>
    </p>
   </div>
   <div class='ocr_carea' id='block_1_21' title="bbox 2257 595 3786 672">
    <p class='ocr_par' dir='ltr' id='par_1_21' title="bbox 2257 595 3786 672">
     <span class='ocr_line' id='line_1_21' title="bbox 2257 595 3786 672; baseline 0.009 -24"><span class='ocrx_word' id='word_1_131' title='bbox 2257 595 2372 662; x_wconf 79' lang='grc' dir='ltr'>νῦν,</span> <span class='ocrx_word' id='word_1_132' title='bbox 2401 597 2538 650; x_wconf 85' lang='grc' dir='ltr'><strong>ἀλλά</strong></span> <span class='ocrx_word' id='word_1_133' title='bbox 2567 599 2662 651; x_wconf 73' lang='grc' dir='ltr'><strong>καὶ</strong></span> <span class='ocrx_word' id='word_1_134' title='bbox 2693 599 2799 663; x_wconf 85' lang='grc' dir='ltr'>’έως</span> <span class='ocrx_word' id='word_1_135' title='bbox 2845 601 2971 672; x_wconf 80' lang='grc' dir='ltr'>ἄρτι</span> <span class='ocrx_word' id='word_1_136' title='bbox 3003 600 3220 669; x_wconf 86' lang='grc' dir='ltr'>λέγεται</span> <span class='ocrx_word' id='word_1_137' title='bbox 3264 603 3677 672; x_wconf 85' lang='grc' dir='ltr'>καινοτομεϊσθαι</span> <span class='ocrx_word' id='word_1_138' title='bbox 3701 608 3786 661; x_wconf 79' lang='grc' dir='ltr'><strong>ὐπὸ</strong></span> 
     </span>
    </p>
   </div>
   <div class='ocr_carea' id='block_1_22' title="bbox 2257 688 3785 769">
    <p class='ocr_par' dir='ltr' id='par_1_22' title="bbox 2257 688 3785 769">
     <span class='ocr_line' id='line_1_22' title="bbox 2257 688 3785 769; baseline 0.007 -30"><span class='ocrx_word' id='word_1_139' title='bbox 2257 704 2416 740; x_wconf 89' lang='grc' dir='ltr'>τινων</span> <span class='ocrx_word' id='word_1_140' title='bbox 2445 688 2506 741; x_wconf 79' lang='grc' dir='ltr'><strong>τὸ</strong></span> <span class='ocrx_word' id='word_1_141' title='bbox 2533 689 2786 760; x_wconf 80' lang='grc' dir='ltr'>ἀνόμοιον</span> <span class='ocrx_word' id='word_1_142' title='bbox 2822 691 2952 744; x_wconf 86' lang='grc' dir='ltr'>Υἱοῦ</span> <span class='ocrx_word' id='word_1_143' title='bbox 3000 692 3138 764; x_wconf 75' lang='grc' dir='ltr'>πρὸς</span> <span class='ocrx_word' id='word_1_144' title='bbox 3172 694 3416 764; x_wconf 82' lang='grc' dir='ltr'>Πατέρα·</span> <span class='ocrx_word' id='word_1_145' title='bbox 3457 694 3630 747; x_wconf 79' lang='grc' dir='ltr'>τούτου</span> <span class='ocrx_word' id='word_1_146' title='bbox 3657 697 3785 769; x_wconf 81' lang='grc' dir='ltr'><strong>χάριν</strong></span> 
     </span>
    </p>
   </div>
   <div class='ocr_carea' id='block_1_23' title="bbox 2257 779 3785 858">
    <p class='ocr_par' dir='ltr' id='par_1_23' title="bbox 2257 779 3785 858">
     <span class='ocr_line' id='line_1_23' title="bbox 2257 779 3785 858; baseline 0.007 -26"><span class='ocrx_word' id='word_1_147' title='bbox 2257 779 2320 832; x_wconf 82' lang='grc' dir='ltr'>τὸ</span> <span class='ocrx_word' id='word_1_148' title='bbox 2346 779 2633 849; x_wconf 87' lang='grc' dir='ltr'>ὁμοούσιον</span> <span class='ocrx_word' id='word_1_149' title='bbox 2660 781 2735 845; x_wconf 86' lang='grc' dir='ltr'>ὠς</span> <span class='ocrx_word' id='word_1_150' title='bbox 2766 782 3046 855; x_wconf 88' lang='grc' dir='ltr'>ἀλλότριον</span> <span class='ocrx_word' id='word_1_151' title='bbox 3079 784 3188 836; x_wconf 85' lang='grc' dir='ltr'><strong>τῶν</strong></span> <span class='ocrx_word' id='word_1_152' title='bbox 3212 785 3439 854; x_wconf 74' lang='grc' dir='ltr'>Γραφῶν</span> <span class='ocrx_word' id='word_1_153' title='bbox 3467 785 3785 858; x_wconf 61' lang='grc' dir='ltr'>ἐκϐάλλομεν</span> 
     </span>
    </p>
   </div>
   <div class='ocr_carea' id='block_1_24' title="bbox 2255 869 3789 945">
    <p class='ocr_par' dir='ltr' id='par_1_24' title="bbox 2255 869 3789 945">
     <span class='ocr_line' id='line_1_24' title="bbox 2255 869 3789 945; baseline 0.007 -23"><span class='ocrx_word' id='word_1_154' title='bbox 2255 869 2316 922; x_wconf 83' lang='grc' dir='ltr'><strong>τὸ</strong></span> <span class='ocrx_word' id='word_1_155' title='bbox 2330 870 2386 922; x_wconf 88' lang='grc' dir='ltr'><strong>δὲ</strong></span> <span class='ocrx_word' id='word_1_156' title='bbox 2402 870 2652 942; x_wconf 82' lang='grc' dir='ltr'>ἀνόμοιον</span> <span class='ocrx_word' id='word_1_157' title='bbox 2668 871 3156 945; x_wconf 77' lang='grc' dir='ltr'>ἀναθεματίζομεν·</span> <span class='ocrx_word' id='word_1_158' title='bbox 3177 877 3268 927; x_wconf 71' lang='grc' dir='ltr'>καὶ</span> <span class='ocrx_word' id='word_1_159' title='bbox 3285 877 3510 938; x_wconf 84' lang='grc' dir='ltr'>πάντας,</span> <span class='ocrx_word' id='word_1_160' title='bbox 3527 877 3630 930; x_wconf 81' lang='grc' dir='ltr'>ὅσοι</span> <span class='ocrx_word' id='word_1_161' title='bbox 3646 881 3789 933; x_wconf 80' lang='grc' dir='ltr'>τοιοῦ·</span> 
     </span>
    </p>
   </div>
   <div class='ocr_carea' id='block_1_25' title="bbox 2255 963 3786 1040">
    <p class='ocr_par' dir='ltr' id='par_1_25' title="bbox 2255 963 3786 1040">
     <span class='ocr_line' id='line_1_25' title="bbox 2255 963 3786 1040; baseline 0.007 -26"><span class='ocrx_word' id='word_1_162' title='bbox 2255 978 2338 1014; x_wconf 83' lang='grc' dir='ltr'><strong>τοι</strong></span> <span class='ocrx_word' id='word_1_163' title='bbox 2353 963 2731 1032; x_wconf 82' lang='grc' dir='ltr'>τυγχάνουσιν,</span> <span class='ocrx_word' id='word_1_164' title='bbox 2745 964 3057 1036; x_wconf 86' lang='grc' dir='ltr'>ἀλλοτρίους</span> <span class='ocrx_word' id='word_1_165' title='bbox 3068 965 3350 1036; x_wconf 79' lang='grc' dir='ltr'>ἡγούμεθα</span> <span class='ocrx_word' id='word_1_166' title='bbox 3368 966 3466 1037; x_wconf 83' lang='grc' dir='ltr'>τῆς</span> <span class='ocrx_word' id='word_1_167' title='bbox 3489 968 3786 1040; x_wconf 81' lang='grc' dir='ltr'>Ἐκκλησίας.</span> 
     </span>
    </p>
   </div>
   <div class='ocr_carea' id='block_1_26' title="bbox 2257 1053 3791 1129">
    <p class='ocr_par' dir='ltr' id='par_1_26' title="bbox 2257 1053 3791 1129">
     <span class='ocr_line' id='line_1_26' title="bbox 2257 1053 3791 1129; baseline 0.005 -24"><span class='ocrx_word' id='word_1_168' title='bbox 2257 1053 2333 1106; x_wconf 82' lang='grc' dir='ltr'><strong>Τὸ</strong></span> <span class='ocrx_word' id='word_1_169' title='bbox 2353 1054 2409 1106; x_wconf 79' lang='grc' dir='ltr'><strong>δὲ</strong></span> <span class='ocrx_word' id='word_1_170' title='bbox 2437 1055 2622 1124; x_wconf 83' lang='grc' dir='ltr'>ὅμοιον</span> <span class='ocrx_word' id='word_1_171' title='bbox 2643 1054 2737 1108; x_wconf 88' lang='grc' dir='ltr'><strong>τοῦ</strong></span> <span class='ocrx_word' id='word_1_172' title='bbox 2767 1055 2898 1108; x_wconf 85' lang='grc' dir='ltr'>Υἱοῦ</span> <span class='ocrx_word' id='word_1_173' title='bbox 2919 1056 3068 1126; x_wconf 82' lang='grc' dir='ltr'>’πρὸς</span> <span class='ocrx_word' id='word_1_174' title='bbox 3097 1058 3319 1128; x_wconf 82' lang='grc' dir='ltr'>Πατέρα</span> <span class='ocrx_word' id='word_1_175' title='bbox 3351 1058 3532 1128; x_wconf 74' lang='grc' dir='ltr'>σαφῶς</span> <span class='ocrx_word' id='word_1_176' title='bbox 3553 1060 3791 1129; x_wconf 81' lang='grc' dir='ltr'>ὁμολογοῦ-</span> 
     </span>
    </p>
   </div>
   <div class='ocr_carea' id='block_1_27' title="bbox 2261 1145 3789 1220">
    <p class='ocr_par' dir='ltr' id='par_1_27' title="bbox 2261 1145 3789 1220">
     <span class='ocr_line' id='line_1_27' title="bbox 2261 1145 3789 1220; baseline 0.007 -25"><span class='ocrx_word' id='word_1_177' title='bbox 2261 1161 2382 1214; x_wconf 86' lang='grc' dir='ltr'>μεν,</span> <span class='ocrx_word' id='word_1_178' title='bbox 2408 1145 2549 1198; x_wconf 84' lang='grc' dir='ltr'>κατὰ</span> <span class='ocrx_word' id='word_1_179' title='bbox 2571 1145 2662 1198; x_wconf 84' lang='grc' dir='ltr'><strong>τὸν</strong></span> <span class='ocrx_word' id='word_1_180' title='bbox 2703 1146 3022 1200; x_wconf 88' lang='grc' dir='ltr'>Ἀπόστολον</span> <span class='ocrx_word' id='word_1_181' title='bbox 3044 1147 3136 1200; x_wconf 83' lang='grc' dir='ltr'><strong>τὸν</strong></span> <span class='ocrx_word' id='word_1_182' title='bbox 3163 1149 3393 1217; x_wconf 79' lang='grc' dir='ltr'>λέγοντα</span> <span class='ocrx_word' id='word_1_183' title='bbox 3413 1167 3477 1202; x_wconf 87' lang='grc' dir='ltr'><strong>πε</strong></span> <span class='ocrx_word' id='word_1_184' title='bbox 3486 1151 3536 1220; x_wconf 82' lang='lat' dir='ltr'><strong>pl.</strong></span> <span class='ocrx_word' id='word_1_185' title='bbox 3561 1151 3646 1205; x_wconf 89' lang='grc' dir='ltr'><strong>τοῦ</strong></span> <span class='ocrx_word' id='word_1_186' title='bbox 3667 1153 3789 1206; x_wconf 70' lang='grc' dir='ltr'>Υίοῦο</span> 
     </span>
    </p>
   </div>
   <div class='ocr_carea' id='block_1_28' title="bbox 2262 1235 3792 1313">
    <p class='ocr_par' dir='ltr' id='par_1_28' title="bbox 2262 1235 3792 1313">
     <span class='ocr_line' id='line_1_28' title="bbox 2262 1235 3792 1313; baseline 0.006 -25"><span class='ocrx_word' id='word_1_187' title='bbox 2262 1235 2363 1302; x_wconf 84' lang='grc' dir='ltr'>’ος</span> <span class='ocrx_word' id='word_1_188' title='bbox 2394 1235 2568 1290; x_wconf 82' lang='grc' dir='ltr'>ἐστιν</span> <span class='ocrx_word' id='word_1_189' title='bbox 2601 1236 2780 1290; x_wconf 81' lang='grc' dir='ltr'>είκὼν</span> <span class='ocrx_word' id='word_1_190' title='bbox 2811 1237 2919 1292; x_wconf 84' lang='grc' dir='ltr'><strong>τοῦ</strong></span> <span class='ocrx_word' id='word_1_191' title='bbox 2970 1239 3120 1293; x_wconf 85' lang='grc' dir='ltr'><strong>Θεοῦ</strong></span> <span class='ocrx_word' id='word_1_192' title='bbox 3157 1239 3258 1294; x_wconf 87' lang='grc' dir='ltr'><strong>τοῦ</strong></span> <span class='ocrx_word' id='word_1_193' title='bbox 3301 1240 3574 1309; x_wconf 78' lang='grc' dir='ltr'><strong>ἀοράτου.</strong></span> <span class='ocrx_word' id='word_1_194' title='bbox 3609 1243 3792 1313; x_wconf 76' lang='grc' dir='ltr'>Ὁμολο-</span> 
     </span>
    </p>
   </div>
   <div class='ocr_carea' id='block_1_29' title="bbox 2257 1329 3794 1410">
    <p class='ocr_par' dir='ltr' id='par_1_29' title="bbox 2257 1329 3794 1410">
     <span class='ocr_line' id='line_1_29' title="bbox 2257 1329 3794 1410; baseline 0.006 -27"><span class='ocrx_word' id='word_1_195' title='bbox 2257 1329 2543 1402; x_wconf 82' lang='grc' dir='ltr'>γοῦμενδὲ</span> <span class='ocrx_word' id='word_1_196' title='bbox 2567 1332 2662 1387; x_wconf 73' lang='grc' dir='ltr'><strong>καὶ</strong></span> <span class='ocrx_word' id='word_1_197' title='bbox 2692 1332 3022 1404; x_wconf 78' lang='grc' dir='ltr'><strong>πιστεύομεν</strong></span> <span class='ocrx_word' id='word_1_198' title='bbox 3049 1336 3129 1398; x_wconf 76' lang='grc' dir='ltr'><strong>εἰς</strong></span> <span class='ocrx_word' id='word_1_199' title='bbox 3157 1336 3254 1388; x_wconf 79' lang='grc' dir='ltr'>ἒνα</span> <span class='ocrx_word' id='word_1_200' title='bbox 3276 1335 3429 1400; x_wconf 75' lang='grc' dir='ltr'>Θεὸν,</span> <span class='ocrx_word' id='word_1_201' title='bbox 3462 1338 3664 1410; x_wconf 80' lang='grc' dir='ltr'>Πατέρα</span> <span class='ocrx_word' id='word_1_202' title='bbox 3687 1357 3794 1394; x_wconf 80' lang='grc' dir='ltr'>παν-</span> 
     </span>
    </p>
   </div>
   <div class='ocr_carea' id='block_1_30' title="bbox 2257 1423 3793 1502">
    <p class='ocr_par' dir='ltr' id='par_1_30' title="bbox 2257 1423 3793 1502">
     <span class='ocr_line' id='line_1_30' title="bbox 2257 1423 3793 1502; baseline 0.003 -26"><span class='ocrx_word' id='word_1_203' title='bbox 2257 1423 2587 1496; x_wconf 84' lang='grc' dir='ltr'>τοκράτορα,</span> <span class='ocrx_word' id='word_1_204' title='bbox 2623 1425 2717 1478; x_wconf 87' lang='grc' dir='ltr'><strong>τὸν</strong></span> <span class='ocrx_word' id='word_1_205' title='bbox 2766 1427 2996 1498; x_wconf 86' lang='grc' dir='ltr'>ποιητὴν</span> <span class='ocrx_word' id='word_1_206' title='bbox 3041 1427 3274 1498; x_wconf 83' lang='grc' dir='ltr'>οὐρανοῦ</span> <span class='ocrx_word' id='word_1_207' title='bbox 3335 1431 3429 1482; x_wconf 79' lang='grc' dir='ltr'><strong>καὶ</strong></span> <span class='ocrx_word' id='word_1_208' title='bbox 3462 1429 3579 1500; x_wconf 80' lang='grc' dir='ltr'>γῆς,</span> <span class='ocrx_word' id='word_1_209' title='bbox 3621 1429 3793 1502; x_wconf 74' lang='grc' dir='ltr'>ὁρατῶν</span> 
     </span>
    </p>
   </div>
   <div class='ocr_carea' id='block_1_31' title="bbox 2257 1515 3794 1597">
    <p class='ocr_par' dir='ltr' id='par_1_31' title="bbox 2257 1515 3794 1597">
     <span class='ocr_line' id='line_1_31' title="bbox 2257 1515 3794 1597; baseline 0.006 -29"><span class='ocrx_word' id='word_1_210' title='bbox 2257 1533 2317 1568; x_wconf 88' lang='grc' dir='ltr'><strong>τε</strong></span> <span class='ocrx_word' id='word_1_211' title='bbox 2348 1517 2444 1569; x_wconf 74' lang='grc' dir='ltr'><strong>καὶ</strong></span> <span class='ocrx_word' id='word_1_212' title='bbox 2489 1518 2757 1588; x_wconf 81' lang='grc' dir='ltr'><strong>ἀοράτων.</strong></span> <span class='ocrx_word' id='word_1_213' title='bbox 2796 1519 3134 1592; x_wconf 84' lang='grc' dir='ltr'>Πιστεύομεν</span> <span class='ocrx_word' id='word_1_214' title='bbox 3173 1515 3360 1575; x_wconf 71' lang='grc' dir='ltr'>δὲ’καὶ</span> <span class='ocrx_word' id='word_1_215' title='bbox 3397 1523 3477 1585; x_wconf 81' lang='grc' dir='ltr'>εἰς</span> <span class='ocrx_word' id='word_1_216' title='bbox 3516 1522 3599 1576; x_wconf 82' lang='grc' dir='ltr'><strong>τὸν</strong></span> <span class='ocrx_word' id='word_1_217' title='bbox 3632 1525 3794 1597; x_wconf 80' lang='grc' dir='ltr'>Κύρων</span> 
     </span>
    </p>
   </div>
   <div class='ocr_carea' id='block_1_32' title="bbox 2259 1607 3795 1681">
    <p class='ocr_par' dir='ltr' id='par_1_32' title="bbox 2259 1607 3795 1681">
     <span class='ocr_line' id='line_1_32' title="bbox 2259 1607 3795 1681; baseline 0.005 -21"><span class='ocrx_word' id='word_1_218' title='bbox 2259 1607 2416 1678; x_wconf 75' lang='grc' dir='ltr'>ἡμῶν</span> <span class='ocrx_word' id='word_1_219' title='bbox 2468 1608 2676 1677; x_wconf 82' lang='grc' dir='ltr'>Ἰησοῦν</span> <span class='ocrx_word' id='word_1_220' title='bbox 2723 1611 2959 1681; x_wconf 83' lang='grc' dir='ltr'>Χριστὸν</span> <span class='ocrx_word' id='word_1_221' title='bbox 3006 1611 3097 1665; x_wconf 82' lang='grc' dir='ltr'><strong>τὸν</strong></span> <span class='ocrx_word' id='word_1_222' title='bbox 3145 1611 3272 1665; x_wconf 78' lang='grc' dir='ltr'>Υίὸν</span> <span class='ocrx_word' id='word_1_223' title='bbox 3307 1612 3401 1665; x_wconf 82' lang='grc' dir='ltr'><strong>τοῦ</strong></span> <span class='ocrx_word' id='word_1_224' title='bbox 3450 1612 3601 1677; x_wconf 84' lang='grc' dir='ltr'>Θεοῦ,</span> <span class='ocrx_word' id='word_1_225' title='bbox 3639 1615 3717 1667; x_wconf 69' lang='grc' dir='ltr'><strong>τόν</strong></span> <span class='ocrx_word' id='word_1_226' title='bbox 3749 1615 3795 1680; x_wconf 76' lang='grc' dir='ltr'><strong>ἐξ</strong></span> 
     </span>
    </p>
   </div>
   <div class='ocr_carea' id='block_1_33' title="bbox 2259 1698 3794 1774">
    <p class='ocr_par' dir='ltr' id='par_1_33' title="bbox 2259 1698 3794 1774">
     <span class='ocr_line' id='line_1_33' title="bbox 2259 1698 3794 1774; baseline 0.006 -23"><span class='ocrx_word' id='word_1_227' title='bbox 2259 1698 2424 1752; x_wconf 85' lang='grc' dir='ltr'>αὑτοῦ</span> <span class='ocrx_word' id='word_1_228' title='bbox 2459 1699 2789 1770; x_wconf 86' lang='grc' dir='ltr'>γεννηθέντα</span> <span class='ocrx_word' id='word_1_229' title='bbox 2817 1701 3041 1765; x_wconf 81' lang='grc' dir='ltr'>ἀπαθῶς</span> <span class='ocrx_word' id='word_1_230' title='bbox 3072 1703 3178 1774; x_wconf 84' lang='grc' dir='ltr'><strong>πρὸ</strong></span> <span class='ocrx_word' id='word_1_231' title='bbox 3206 1703 3429 1757; x_wconf 87' lang='grc' dir='ltr'>πάντων</span> <span class='ocrx_word' id='word_1_232' title='bbox 3451 1706 3669 1770; x_wconf 75' lang='grc' dir='ltr'>αἰώνων,</span> <span class='ocrx_word' id='word_1_233' title='bbox 3692 1706 3794 1761; x_wconf 81' lang='grc' dir='ltr'>Θεὸν</span> 
     </span>
    </p>
   </div>
   <div class='ocr_carea' id='block_1_34' title="bbox 568 1765 2151 1868">
    <p class='ocr_par' dir='ltr' id='par_1_34' title="bbox 568 1778 2151 1866">
     <span class='ocr_line' id='line_1_34' title="bbox 568 1778 2151 1866; baseline -0.005 -16"><span class='ocrx_word' id='word_1_234' title='bbox 568 1795 690 1866; x_wconf 90' lang='lat' dir='ltr'><strong>ipso</strong></span> <span class='ocrx_word' id='word_1_235' title='bbox 744 1794 988 1865; x_wconf 74' lang='lat' dir='ltr'><strong>genitum</strong></span> <span class='ocrx_word' id='word_1_236' title='bbox 1029 1793 1170 1845; x_wconf 83' lang='lat' dir='ltr'><strong>citra</strong></span> <span class='ocrx_word' id='word_1_237' title='bbox 1224 1778 1536 1861; x_wconf 86' lang='lat' dir='ltr'><strong>passionem</strong></span> <span class='ocrx_word' id='word_1_238' title='bbox 1589 1789 1756 1842; x_wconf 86' lang='lat' dir='ltr'><strong>ullam</strong></span> <span class='ocrx_word' id='word_1_239' title='bbox 1806 1797 1934 1843; x_wconf 88' lang='lat' dir='ltr'><strong>ante</strong></span> <span class='ocrx_word' id='word_1_240' title='bbox 1973 1789 2151 1842; x_wconf 85' lang='lat' dir='ltr'><strong>omnia</strong></span> 
     </span>
    </p>
   </div>
   <div class='ocr_carea' id='block_1_35' title="bbox 2253 1765 3792 1868">
    <p class='ocr_par' dir='ltr' id='par_1_35' title="bbox 2258 1765 3792 1868">
     <span class='ocr_line' id='line_1_35' title="bbox 2258 1765 3792 1868; baseline 0.003 -24"><span class='ocrx_word' id='word_1_241' title='bbox 2258 1791 2452 1860; x_wconf 85' lang='grc' dir='ltr'>Λόγον,</span> <span class='ocrx_word' id='word_1_242' title='bbox 2472 1765 2623 1846; x_wconf 33' lang='grc' dir='ltr'>’Θεὸν</span> <span class='ocrx_word' id='word_1_243' title='bbox 2638 1765 2702 1846; x_wconf 57' lang='grc' dir='ltr'>ἐκ</span> <span class='ocrx_word' id='word_1_244' title='bbox 2723 1793 2857 1846; x_wconf 87' lang='grc' dir='ltr'>Θεοῦ</span> <span class='ocrx_word' id='word_1_245' title='bbox 2891 1765 3178 1865; x_wconf 69' lang='grc' dir='ltr'>μονογενῇ</span> <span class='ocrx_word' id='word_1_246' title='bbox 3205 1795 3343 1864; x_wconf 65' lang='grc' dir='ltr'>φῶς,</span> <span class='ocrx_word' id='word_1_247' title='bbox 3375 1796 3538 1868; x_wconf 81' lang='grc' dir='ltr'>ζωὴν,</span> <span class='ocrx_word' id='word_1_248' title='bbox 3561 1765 3792 1868; x_wconf 81' lang='grc' dir='ltr'>ἀλήθειαν,</span> 
     </span>
    </p>
   </div>
   <div class='ocr_carea' id='block_1_36' title="bbox 569 1879 2152 1951">
    <p class='ocr_par' dir='ltr' id='par_1_36' title="bbox 569 1879 2152 1951">
     <span class='ocr_line' id='line_1_36' title="bbox 569 1879 2152 1951; baseline -0.008 -7"><span class='ocrx_word' id='word_1_249' title='bbox 569 1887 792 1951; x_wconf 52' lang='lat' dir='ltr'><strong>sarcula,</strong></span> <span class='ocrx_word' id='word_1_250' title='bbox 822 1884 992 1940; x_wconf 89' lang='lat' dir='ltr'><strong>Deum</strong></span> <span class='ocrx_word' id='word_1_251' title='bbox 1023 1881 1288 1946; x_wconf 80' lang='lat' dir='ltr'><strong>Verbum,</strong></span> <span class='ocrx_word' id='word_1_252' title='bbox 1318 1880 1490 1935; x_wconf 89' lang='lat' dir='ltr'><strong>Deum</strong></span> <span class='ocrx_word' id='word_1_253' title='bbox 1525 1880 1592 1936; x_wconf 92' lang='lat' dir='ltr'><strong>de</strong></span> <span class='ocrx_word' id='word_1_254' title='bbox 1627 1879 1759 1947; x_wconf 89' lang='lat' dir='ltr'><strong>Deo,</strong></span> <span class='ocrx_word' id='word_1_255' title='bbox 1788 1880 2152 1951; x_wconf 76' lang='lat' dir='ltr'><strong>unigenitum,</strong></span> 
     </span>
    </p>
   </div>
   <div class='ocr_carea' id='block_1_37' title="bbox 569 1971 2158 2042">
    <p class='ocr_par' dir='ltr' id='par_1_37' title="bbox 569 1971 2158 2042">
     <span class='ocr_line' id='line_1_37' title="bbox 569 1971 2158 2042; baseline -0.006 -10"><span class='ocrx_word' id='word_1_256' title='bbox 569 1979 772 2039; x_wconf 87' lang='lat' dir='ltr'><strong>lucem,</strong></span> <span class='ocrx_word' id='word_1_257' title='bbox 803 1976 998 2041; x_wconf 90' lang='lat' dir='ltr'><strong>vitam,</strong></span> <span class='ocrx_word' id='word_1_258' title='bbox 1034 1973 1344 2040; x_wconf 79' lang='lat' dir='ltr'><strong>veritatem,</strong></span> <span class='ocrx_word' id='word_1_259' title='bbox 1369 1971 1718 2042; x_wconf 88' lang='lat' dir='ltr'><strong>sapientiam,</strong></span> <span class='ocrx_word' id='word_1_260' title='bbox 1755 1971 2036 2034; x_wconf 85' lang='lat' dir='ltr'><strong>virtutem,</strong></span> <span class='ocrx_word' id='word_1_261' title='bbox 2060 1985 2158 2038; x_wconf 90' lang='lat' dir='ltr'><strong>per</strong></span> 
     </span>
    </p>
   </div>
   <div class='ocr_carea' id='block_1_38' title="bbox 570 2061 2156 2140">
    <p class='ocr_par' dir='ltr' id='par_1_38' title="bbox 570 2061 2156 2140">
     <span class='ocr_line' id='line_1_38' title="bbox 570 2061 2156 2140; baseline -0.006 -16"><span class='ocrx_word' id='word_1_262' title='bbox 570 2085 730 2140; x_wconf 90' lang='lat' dir='ltr'><strong>quem</strong></span> <span class='ocrx_word' id='word_1_263' title='bbox 769 2067 955 2123; x_wconf 88' lang='lat' dir='ltr'><strong>omnia</strong></span> <span class='ocrx_word' id='word_1_264' title='bbox 999 2066 1141 2120; x_wconf 83' lang='lat' dir='ltr'><strong>facta</strong></span> <span class='ocrx_word' id='word_1_265' title='bbox 1178 2072 1330 2127; x_wconf 86' lang='lat' dir='ltr'><strong>sunt,</strong></span> <span class='ocrx_word' id='word_1_266' title='bbox 1361 2079 1485 2135; x_wconf 73' lang='lat' dir='ltr'><strong>quae</strong></span> <span class='ocrx_word' id='word_1_267' title='bbox 1531 2062 1586 2116; x_wconf 89' lang='lat' dir='ltr'><strong>in</strong></span> <span class='ocrx_word' id='word_1_268' title='bbox 1623 2061 1777 2117; x_wconf 74' lang='lat' dir='ltr'><strong>cmlis</strong></span> <span class='ocrx_word' id='word_1_269' title='bbox 1827 2070 1882 2117; x_wconf 94' lang='lat' dir='ltr'><strong>et</strong></span> <span class='ocrx_word' id='word_1_270' title='bbox 1926 2063 1978 2114; x_wconf 91' lang='lat' dir='ltr'><strong>iu</strong></span> <span class='ocrx_word' id='word_1_271' title='bbox 2011 2069 2156 2116; x_wconf 88' lang='lat' dir='ltr'><strong>terra</strong></span> 
     </span>
    </p>
   </div>
   <div class='ocr_carea' id='block_1_39' title="bbox 567 2151 2156 2223">
    <p class='ocr_par' dir='ltr' id='par_1_39' title="bbox 567 2151 2156 2223">
     <span class='ocr_line' id='line_1_39' title="bbox 567 2151 2156 2223; baseline -0.008 -7"><span class='ocrx_word' id='word_1_272' title='bbox 567 2171 717 2223; x_wconf 90' lang='lat' dir='ltr'><strong>sunt,</strong></span> <span class='ocrx_word' id='word_1_273' title='bbox 771 2159 888 2215; x_wconf 84' lang='lat' dir='ltr'><strong>sive</strong></span> <span class='ocrx_word' id='word_1_274' title='bbox 929 2156 1188 2220; x_wconf 90' lang='lat' dir='ltr'><strong>visibilia,</strong></span> <span class='ocrx_word' id='word_1_275' title='bbox 1232 2155 1349 2210; x_wconf 83' lang='lat' dir='ltr'><strong>sive</strong></span> <span class='ocrx_word' id='word_1_276' title='bbox 1397 2153 1718 2208; x_wconf 83' lang='lat' dir='ltr'><strong>invisibilia.</strong></span> <span class='ocrx_word' id='word_1_277' title='bbox 1773 2151 1926 2206; x_wconf 87' lang='lat' dir='ltr'><strong>llunc</strong></span> <span class='ocrx_word' id='word_1_278' title='bbox 1977 2152 2156 2222; x_wconf 88' lang='lat' dir='ltr'><strong>ipsum</strong></span> 
     </span>
    </p>
   </div>
   <div class='ocr_carea' id='block_1_40' title="bbox 565 2243 2156 2316">
    <p class='ocr_par' dir='ltr' id='par_1_40' title="bbox 565 2243 2156 2316">
     <span class='ocr_line' id='line_1_40' title="bbox 565 2243 2156 2316; baseline -0.006 -10"><span class='ocrx_word' id='word_1_279' title='bbox 565 2251 843 2307; x_wconf 90' lang='lat' dir='ltr'><strong>credimus</strong></span> <span class='ocrx_word' id='word_1_280' title='bbox 873 2249 929 2303; x_wconf 94' lang='lat' dir='ltr'><strong>in</strong></span> <span class='ocrx_word' id='word_1_281' title='bbox 951 2247 1056 2303; x_wconf 93' lang='lat' dir='ltr'><strong>flne</strong></span> <span class='ocrx_word' id='word_1_282' title='bbox 1085 2247 1412 2302; x_wconf 67' lang='lat' dir='ltr'><strong>saeculorum</strong></span> <span class='ocrx_word' id='word_1_283' title='bbox 1440 2245 1508 2300; x_wconf 90' lang='lat' dir='ltr'><strong>ad</strong></span> <span class='ocrx_word' id='word_1_284' title='bbox 1539 2243 2002 2316; x_wconf 80' lang='lat' dir='ltr'><strong>exstinguendum</strong></span> <span class='ocrx_word' id='word_1_285' title='bbox 2030 2258 2156 2314; x_wconf 89' lang='lat' dir='ltr'><strong>pec-</strong></span> 
     </span>
    </p>
   </div>
   <div class='ocr_carea' id='block_1_41' title="bbox 565 2335 2160 2408">
    <p class='ocr_par' dir='ltr' id='par_1_41' title="bbox 565 2335 2160 2408">
     <span class='ocr_line' id='line_1_41' title="bbox 565 2335 2160 2408; baseline -0.007 -9"><span class='ocrx_word' id='word_1_286' title='bbox 565 2355 746 2400; x_wconf 90' lang='lat' dir='ltr'><strong>catum</strong></span> <span class='ocrx_word' id='word_1_287' title='bbox 795 2355 1019 2396; x_wconf 88' lang='lat' dir='ltr'><strong>carnem</strong></span> <span class='ocrx_word' id='word_1_288' title='bbox 1061 2354 1094 2395; x_wconf 89' lang='lat' dir='ltr'><strong>e</strong></span> <span class='ocrx_word' id='word_1_289' title='bbox 1143 2348 1335 2394; x_wconf 88' lang='lat' dir='ltr'><strong>sancta</strong></span> <span class='ocrx_word' id='word_1_290' title='bbox 1359 2336 1587 2408; x_wconf 80' lang='lat' dir='ltr'><strong>Virgine</strong></span> <span class='ocrx_word' id='word_1_291' title='bbox 1626 2337 1950 2407; x_wconf 86' lang='lat' dir='ltr'><strong>sumpsisse,</strong></span> <span class='ocrx_word' id='word_1_292' title='bbox 1988 2335 2160 2390; x_wconf 85' lang='lat' dir='ltr'><strong>homi-</strong></span> 
     </span>
    </p>
   </div>
   <div class='ocr_carea' id='block_1_42' title="bbox 564 2427 2156 2505">
    <p class='ocr_par' dir='ltr' id='par_1_42' title="bbox 564 2427 2156 2505">
     <span class='ocr_line' id='line_1_42' title="bbox 564 2427 2156 2505; baseline -0.008 -14"><span class='ocrx_word' id='word_1_293' title='bbox 564 2450 803 2505; x_wconf 89' lang='lat' dir='ltr'><strong>nemque</strong></span> <span class='ocrx_word' id='word_1_294' title='bbox 835 2433 1062 2495; x_wconf 89' lang='lat' dir='ltr'><strong>factnm,</strong></span> <span class='ocrx_word' id='word_1_295' title='bbox 1098 2445 1322 2502; x_wconf 86' lang='lat' dir='ltr'><strong>passum</strong></span> <span class='ocrx_word' id='word_1_296' title='bbox 1357 2431 1484 2485; x_wconf 90' lang='lat' dir='ltr'><strong>item</strong></span> <span class='ocrx_word' id='word_1_297' title='bbox 1515 2444 1613 2499; x_wconf 92' lang='lat' dir='ltr'><strong>pro</strong></span> <span class='ocrx_word' id='word_1_298' title='bbox 1651 2429 1897 2498; x_wconf 87' lang='lat' dir='ltr'><strong>peccatis</strong></span> <span class='ocrx_word' id='word_1_299' title='bbox 1928 2427 2156 2490; x_wconf 89' lang='lat' dir='ltr'><strong>nostris,</strong></span> 
     </span>
    </p>
   </div>
   <div class='ocr_carea' id='block_1_43' title="bbox 565 2516 2156 2592">
    <p class='ocr_par' dir='ltr' id='par_1_43' title="bbox 565 2516 2156 2592">
     <span class='ocr_line' id='line_1_43' title="bbox 565 2516 2156 2592; baseline -0.008 -9"><span class='ocrx_word' id='word_1_300' title='bbox 565 2528 960 2592; x_wconf 81' lang='lat' dir='ltr'><strong>resurrexisse,</strong></span> <span class='ocrx_word' id='word_1_301' title='bbox 1010 2533 1066 2580; x_wconf 93' lang='lat' dir='ltr'><strong>et</strong></span> <span class='ocrx_word' id='word_1_302' title='bbox 1118 2525 1175 2578; x_wconf 91' lang='lat' dir='ltr'><strong>in</strong></span> <span class='ocrx_word' id='word_1_303' title='bbox 1221 2523 1422 2577; x_wconf 71' lang='lat' dir='ltr'><strong>cmlum</strong></span> <span class='ocrx_word' id='word_1_304' title='bbox 1469 2522 1793 2576; x_wconf 87' lang='lat' dir='ltr'><strong>subvectum</strong></span> <span class='ocrx_word' id='word_1_305' title='bbox 1846 2519 2041 2575; x_wconf 86' lang='lat' dir='ltr'><strong>sedere</strong></span> <span class='ocrx_word' id='word_1_306' title='bbox 2086 2516 2156 2571; x_wconf 75' lang='lat' dir='ltr'><strong>ad</strong></span> 
     </span>
    </p>
   </div>
   <div class='ocr_carea' id='block_1_44' title="bbox 565 2612 2157 2682">
    <p class='ocr_par' dir='ltr' id='par_1_44' title="bbox 565 2612 2157 2682">
     <span class='ocr_line' id='line_1_44' title="bbox 565 2612 2157 2682; baseline -0.008 -5"><span class='ocrx_word' id='word_1_307' title='bbox 565 2623 844 2677; x_wconf 78' lang='lat' dir='ltr'><strong>dexteram</strong></span> <span class='ocrx_word' id='word_1_308' title='bbox 887 2617 1091 2682; x_wconf 90' lang='lat' dir='ltr'><strong>Patris,</strong></span> <span class='ocrx_word' id='word_1_309' title='bbox 1146 2625 1201 2671; x_wconf 90' lang='lat' dir='ltr'><strong>et</strong></span> <span class='ocrx_word' id='word_1_310' title='bbox 1245 2618 1442 2670; x_wconf 91' lang='lat' dir='ltr'><strong>iterum</strong></span> <span class='ocrx_word' id='word_1_311' title='bbox 1480 2622 1770 2670; x_wconf 88' lang='lat' dir='ltr'><strong>venturum</strong></span> <span class='ocrx_word' id='word_1_312' title='bbox 1807 2626 1934 2667; x_wconf 91' lang='lat' dir='ltr'><strong>cum</strong></span> <span class='ocrx_word' id='word_1_313' title='bbox 1984 2612 2157 2682; x_wconf 78' lang='lat' dir='ltr'><strong>gloria</strong></span> 
     </span>
    </p>
   </div>
   <div class='ocr_carea' id='block_1_45' title="bbox 558 2705 2156 2783">
    <p class='ocr_par' dir='ltr' id='par_1_45' title="bbox 558 2705 2156 2783">
     <span class='ocr_line' id='line_1_45' title="bbox 558 2705 2156 2783; baseline -0.006 -16"><span class='ocrx_word' id='word_1_314' title='bbox 558 2713 814 2783; x_wconf 83' lang='lat' dir='ltr'><strong>judicare</strong></span> <span class='ocrx_word' id='word_1_315' title='bbox 863 2711 1018 2766; x_wconf 84' lang='lat' dir='ltr'><strong>vivos</strong></span> <span class='ocrx_word' id='word_1_316' title='bbox 1056 2719 1110 2764; x_wconf 89' lang='lat' dir='ltr'><strong>et</strong></span> <span class='ocrx_word' id='word_1_317' title='bbox 1145 2715 1412 2762; x_wconf 91' lang='lat' dir='ltr'><strong>mortuos.</strong></span> <span class='ocrx_word' id='word_1_318' title='bbox 1460 2707 1748 2761; x_wconf 79' lang='lat' dir='ltr'><strong>Credimus</strong></span> <span class='ocrx_word' id='word_1_319' title='bbox 1792 2714 1847 2760; x_wconf 91' lang='lat' dir='ltr'><strong>et</strong></span> <span class='ocrx_word' id='word_1_320' title='bbox 1880 2705 1934 2758; x_wconf 91' lang='lat' dir='ltr'><strong>in</strong></span> <span class='ocrx_word' id='word_1_321' title='bbox 1986 2721 2156 2759; x_wconf 90' lang='lat' dir='ltr'><strong>unum</strong></span> 
     </span>
    </p>
   </div>
   <div class='ocr_carea' id='block_1_46' title="bbox 575 2796 2158 2873">
    <p class='ocr_par' dir='ltr' id='par_1_46' title="bbox 575 2796 2158 2873">
     <span class='ocr_line' id='line_1_46' title="bbox 575 2796 2158 2873; baseline -0.007 -14"><span class='ocrx_word' id='word_1_322' title='bbox 575 2813 828 2859; x_wconf 89' lang='lat' dir='ltr'><strong>sanctum</strong></span> <span class='ocrx_word' id='word_1_323' title='bbox 863 2801 1151 2873; x_wconf 87' lang='lat' dir='ltr'><strong>Spiritum,</strong></span> <span class='ocrx_word' id='word_1_324' title='bbox 1179 2815 1340 2869; x_wconf 91' lang='lat' dir='ltr'><strong>quem</strong></span> <span class='ocrx_word' id='word_1_325' title='bbox 1377 2797 1629 2852; x_wconf 84' lang='lat' dir='ltr'><strong>Salvator</strong></span> <span class='ocrx_word' id='word_1_326' title='bbox 1665 2807 1719 2852; x_wconf 91' lang='lat' dir='ltr'><strong>et</strong></span> <span class='ocrx_word' id='word_1_327' title='bbox 1761 2796 2027 2852; x_wconf 86' lang='lat' dir='ltr'><strong>Dominus</strong></span> <span class='ocrx_word' id='word_1_328' title='bbox 2057 2813 2158 2849; x_wconf 88' lang='lat' dir='ltr'><strong>no-</strong></span> 
     </span>
    </p>
   </div>
   <div class='ocr_carea' id='block_1_47' title="bbox 568 2885 2159 2953">
    <p class='ocr_par' dir='ltr' id='par_1_47' title="bbox 568 2885 2159 2953">
     <span class='ocr_line' id='line_1_47' title="bbox 568 2885 2159 2953; baseline -0.008 -3"><span class='ocrx_word' id='word_1_329' title='bbox 568 2905 681 2951; x_wconf 78' lang='lat' dir='ltr'><strong>ster</strong></span> <span class='ocrx_word' id='word_1_330' title='bbox 710 2893 870 2949; x_wconf 81' lang='lat' dir='ltr'><strong>.lesus</strong></span> <span class='ocrx_word' id='word_1_331' title='bbox 919 2891 1176 2947; x_wconf 85' lang='lat' dir='ltr'><strong>Christus</strong></span> <span class='ocrx_word' id='word_1_332' title='bbox 1217 2889 1561 2945; x_wconf 82' lang='lat' dir='ltr'><strong>Paracletum</strong></span> <span class='ocrx_word' id='word_1_333' title='bbox 1601 2888 1837 2953; x_wconf 85' lang='lat' dir='ltr'><strong>vocavit,</strong></span> <span class='ocrx_word' id='word_1_334' title='bbox 1883 2885 2159 2942; x_wconf 56' lang='lat' dir='ltr'><strong>eumden»</strong></span> 
     </span>
    </p>
   </div>
   <div class='ocr_carea' id='block_1_48' title="bbox 567 2979 2155 3058">
    <p class='ocr_par' dir='ltr' id='par_1_48' title="bbox 567 2979 2155 3058">
     <span class='ocr_line' id='line_1_48' title="bbox 567 2979 2155 3058; baseline -0.003 -20"><span class='ocrx_word' id='word_1_335' title='bbox 567 3003 675 3058; x_wconf 87' lang='lat' dir='ltr'><strong>que</strong></span> <span class='ocrx_word' id='word_1_336' title='bbox 705 2997 827 3057; x_wconf 92' lang='lat' dir='ltr'><strong>post</strong></span> <span class='ocrx_word' id='word_1_337' title='bbox 871 2987 1179 3039; x_wconf 89' lang='lat' dir='ltr'><strong>discessum</strong></span> <span class='ocrx_word' id='word_1_338' title='bbox 1226 2997 1390 3038; x_wconf 92' lang='lat' dir='ltr'><strong>suum</strong></span> <span class='ocrx_word' id='word_1_339' title='bbox 1430 2982 1729 3036; x_wconf 90' lang='lat' dir='ltr'><strong>missurum</strong></span> <span class='ocrx_word' id='word_1_340' title='bbox 1776 2995 1836 3036; x_wconf 85' lang='lat' dir='ltr'><strong>se</strong></span> <span class='ocrx_word' id='word_1_341' title='bbox 1868 2979 2155 3050; x_wconf 90' lang='lat' dir='ltr'><strong>apostolis,</strong></span> 
     </span>
    </p>
   </div>
   <div class='ocr_carea' id='block_1_49' title="bbox 2261 1878 3793 1956">
    <p class='ocr_par' dir='ltr' id='par_1_49' title="bbox 2261 1878 3793 1956">
     <span class='ocr_line' id='line_1_49' title="bbox 2261 1878 3793 1956; baseline 0.004 -20"><span class='ocrx_word' id='word_1_342' title='bbox 2261 1883 2474 1952; x_wconf 84' lang='grc' dir='ltr'>σοφίαν,</span> <span class='ocrx_word' id='word_1_343' title='bbox 2528 1883 2781 1955; x_wconf 84' lang='grc' dir='ltr'>δύναμιν,</span> <span class='ocrx_word' id='word_1_344' title='bbox 2830 1885 2899 1939; x_wconf 85' lang='grc' dir='ltr'><strong>δι’</strong></span> <span class='ocrx_word' id='word_1_345' title='bbox 2931 1878 2993 1938; x_wconf 79' lang='grc' dir='ltr'>οὗ</span> <span class='ocrx_word' id='word_1_346' title='bbox 3036 1886 3104 1939; x_wconf 86' lang='grc' dir='ltr'><strong>τά</strong></span> <span class='ocrx_word' id='word_1_347' title='bbox 3141 1888 3320 1941; x_wconf 85' lang='grc' dir='ltr'>πάντα</span> <span class='ocrx_word' id='word_1_348' title='bbox 3373 1887 3631 1956; x_wconf 74' lang='grc' dir='ltr'>ἐγένοντο,</span> <span class='ocrx_word' id='word_1_349' title='bbox 3657 1888 3714 1942; x_wconf 82' lang='grc' dir='ltr'>τὰ</span> <span class='ocrx_word' id='word_1_350' title='bbox 3751 1891 3793 1942; x_wconf 84' lang='grc' dir='ltr'>ὲν</span> 
     </span>
    </p>
   </div>
   <div class='ocr_carea' id='block_1_50' title="bbox 2257 1976 3793 2054">
    <p class='ocr_par' dir='ltr' id='par_1_50' title="bbox 2257 1976 3793 2054">
     <span class='ocr_line' id='line_1_50' title="bbox 2257 1976 3793 2054; baseline 0.005 -26"><span class='ocrx_word' id='word_1_351' title='bbox 2257 1976 2383 2040; x_wconf 75' lang='grc' dir='ltr'>τοῖς</span> <span class='ocrx_word' id='word_1_352' title='bbox 2397 1977 2645 2048; x_wconf 84' lang='grc' dir='ltr'>οὐρανοῖς</span> <span class='ocrx_word' id='word_1_353' title='bbox 2690 1979 2784 2033; x_wconf 82' lang='grc' dir='ltr'><strong>καὶ</strong></span> <span class='ocrx_word' id='word_1_354' title='bbox 2825 1980 2895 2034; x_wconf 88' lang='grc' dir='ltr'><strong>τά</strong></span> <span class='ocrx_word' id='word_1_355' title='bbox 2926 1981 3018 2034; x_wconf 75' lang='grc' dir='ltr'>ἐπὶ</span> <span class='ocrx_word' id='word_1_356' title='bbox 3059 1983 3158 2052; x_wconf 83' lang='grc' dir='ltr'>τῆς</span> <span class='ocrx_word' id='word_1_357' title='bbox 3185 1983 3309 2054; x_wconf 83' lang='grc' dir='ltr'>γῆς,</span> <span class='ocrx_word' id='word_1_358' title='bbox 3361 1983 3472 2036; x_wconf 82' lang='grc' dir='ltr'>εἴτε</span> <span class='ocrx_word' id='word_1_359' title='bbox 3515 1983 3673 2054; x_wconf 84' lang='grc' dir='ltr'>ὀρατά</span> <span class='ocrx_word' id='word_1_360' title='bbox 3709 1981 3793 2035; x_wconf 77' lang='grc' dir='ltr'>εἴτε</span> 
     </span>
    </p>
   </div>
   <div class='ocr_carea' id='block_1_51' title="bbox 2258 2071 3794 2146">
    <p class='ocr_par' dir='ltr' id='par_1_51' title="bbox 2258 2071 3794 2146">
     <span class='ocr_line' id='line_1_51' title="bbox 2258 2071 3794 2146; baseline 0.002 -23"><span class='ocrx_word' id='word_1_361' title='bbox 2258 2071 2484 2143; x_wconf 84' lang='grc' dir='ltr'>ἀόρατα.</span> <span class='ocrx_word' id='word_1_362' title='bbox 2518 2073 2718 2126; x_wconf 89' lang='grc' dir='ltr'>Τοῦτον</span> <span class='ocrx_word' id='word_1_363' title='bbox 2752 2072 3083 2143; x_wconf 84' lang='grc' dir='ltr'>πιστεύομεν</span> <span class='ocrx_word' id='word_1_364' title='bbox 3116 2074 3208 2126; x_wconf 79' lang='grc' dir='ltr'><strong>ἐπὶ</strong></span> <span class='ocrx_word' id='word_1_365' title='bbox 3243 2073 3525 2146; x_wconf 75' lang='grc' dir='ltr'>συντελείᾳ</span> <span class='ocrx_word' id='word_1_366' title='bbox 3555 2075 3655 2128; x_wconf 82' lang='grc' dir='ltr'><strong>τῶν</strong></span> <span class='ocrx_word' id='word_1_367' title='bbox 3691 2075 3794 2126; x_wconf 84' lang='grc' dir='ltr'>ιιἰὼ-</span> 
     </span>
    </p>
   </div>
   <div class='ocr_carea' id='block_1_52' title="bbox 2258 2160 3790 2235">
    <p class='ocr_par' dir='ltr' id='par_1_52' title="bbox 2258 2160 3790 2235">
     <span class='ocr_line' id='line_1_52' title="bbox 2258 2160 3790 2235; baseline 0.001 -20"><span class='ocrx_word' id='word_1_368' title='bbox 2258 2160 2365 2215; x_wconf 81' lang='grc' dir='ltr'>νών</span> <span class='ocrx_word' id='word_1_369' title='bbox 2413 2164 2493 2225; x_wconf 88' lang='grc' dir='ltr'><strong>είς</strong></span> <span class='ocrx_word' id='word_1_370' title='bbox 2529 2161 2787 2233; x_wconf 80' lang='grc' dir='ltr'>ἀθέτησιν</span> <span class='ocrx_word' id='word_1_371' title='bbox 2836 2164 3112 2234; x_wconf 79' lang='grc' dir='ltr'>ἁμαρτίας</span> <span class='ocrx_word' id='word_1_372' title='bbox 3162 2166 3345 2235; x_wconf 84' lang='grc' dir='ltr'>σάρκα</span> <span class='ocrx_word' id='word_1_373' title='bbox 3396 2164 3718 2235; x_wconf 73' lang='grc' dir='ltr'>ἀνειληφέναι</span> <span class='ocrx_word' id='word_1_374' title='bbox 3747 2168 3790 2218; x_wconf 74' lang='grc' dir='ltr'>ὲκ</span> 
     </span>
    </p>
   </div>
   <div class='ocr_carea' id='block_1_53' title="bbox 2257 2251 3793 2327">
    <p class='ocr_par' dir='ltr' id='par_1_53' title="bbox 2257 2251 3793 2327">
     <span class='ocr_line' id='line_1_53' title="bbox 2257 2251 3793 2327; baseline 0.002 -20"><span class='ocrx_word' id='word_1_375' title='bbox 2257 2255 2359 2324; x_wconf 82' lang='grc' dir='ltr'>τῆς</span> <span class='ocrx_word' id='word_1_376' title='bbox 2391 2251 2692 2326; x_wconf 83' lang='grc' dir='ltr'>Παρθένου,</span> <span class='ocrx_word' id='word_1_377' title='bbox 2735 2255 2830 2308; x_wconf 76' lang='grc' dir='ltr'><strong>καὶ</strong></span> <span class='ocrx_word' id='word_1_378' title='bbox 2867 2254 3391 2326; x_wconf 82' lang='grc' dir='ltr'>ὲνανθρωπήσαντα,</span> <span class='ocrx_word' id='word_1_379' title='bbox 3438 2257 3664 2310; x_wconf 83' lang='grc' dir='ltr'>παθόντα</span> <span class='ocrx_word' id='word_1_380' title='bbox 3688 2257 3793 2327; x_wconf 82' lang='grc' dir='ltr'>ὑπὲρ</span> 
     </span>
    </p>
   </div>
   <div class='ocr_carea' id='block_1_54' title="bbox 2258 2347 3793 2419">
    <p class='ocr_par' dir='ltr' id='par_1_54' title="bbox 2258 2347 3793 2419">
     <span class='ocr_line' id='line_1_54' title="bbox 2258 2347 3793 2419; baseline 0 -19"><span class='ocrx_word' id='word_1_381' title='bbox 2258 2347 2365 2400; x_wconf 81' lang='grc' dir='ltr'>τῶν</span> <span class='ocrx_word' id='word_1_382' title='bbox 2387 2347 2671 2419; x_wconf 84' lang='grc' dir='ltr'>ἁμαρτιῶν</span> <span class='ocrx_word' id='word_1_383' title='bbox 2687 2347 2866 2418; x_wconf 81' lang='grc' dir='ltr'>ἡμῶν,</span> <span class='ocrx_word' id='word_1_384' title='bbox 2888 2348 2982 2401; x_wconf 77' lang='grc' dir='ltr'>καὶ</span> <span class='ocrx_word' id='word_1_385' title='bbox 3004 2348 3334 2415; x_wconf 84' lang='grc' dir='ltr'>ἀναστάντα,</span> <span class='ocrx_word' id='word_1_386' title='bbox 3356 2351 3454 2402; x_wconf 76' lang='grc' dir='ltr'>καὶ</span> <span class='ocrx_word' id='word_1_387' title='bbox 3471 2348 3793 2419; x_wconf 77' lang='grc' dir='ltr'>ἀναληφθέντα</span> 
     </span>
    </p>
   </div>
   <div class='ocr_carea' id='block_1_55' title="bbox 2258 2438 3794 2512">
    <p class='ocr_par' dir='ltr' id='par_1_55' title="bbox 2258 2438 3794 2512">
     <span class='ocr_line' id='line_1_55' title="bbox 2258 2438 3794 2512; baseline 0 -20"><span class='ocrx_word' id='word_1_388' title='bbox 2258 2441 2339 2504; x_wconf 85' lang='grc' dir='ltr'><strong>είς</strong></span> <span class='ocrx_word' id='word_1_389' title='bbox 2367 2440 2651 2510; x_wconf 78' lang='grc' dir='ltr'>οὐρανοὺς,</span> <span class='ocrx_word' id='word_1_390' title='bbox 2683 2438 3002 2504; x_wconf 72' lang='grc' dir='ltr'>καθέζεσθαι</span> <span class='ocrx_word' id='word_1_391' title='bbox 3032 2441 3090 2494; x_wconf 75' lang='grc' dir='ltr'>ἐν</span> <span class='ocrx_word' id='word_1_392' title='bbox 3118 2438 3271 2511; x_wconf 80' lang='grc' dir='ltr'>δεξιᾷ</span> <span class='ocrx_word' id='word_1_393' title='bbox 3293 2439 3391 2493; x_wconf 84' lang='grc' dir='ltr'><strong>τοῦ</strong></span> <span class='ocrx_word' id='word_1_394' title='bbox 3423 2441 3645 2512; x_wconf 59' lang='grc' dir='ltr'>Πατρός,</span> <span class='ocrx_word' id='word_1_395' title='bbox 3669 2440 3794 2493; x_wconf 80' lang='grc' dir='ltr'>πάλιν</span> 
     </span>
    </p>
   </div>
   <div class='ocr_carea' id='block_1_56' title="bbox 2259 2531 3793 2604">
    <p class='ocr_par' dir='ltr' id='par_1_56' title="bbox 2259 2531 3793 2604">
     <span class='ocr_line' id='line_1_56' title="bbox 2259 2531 3793 2604; baseline 0.001 -21"><span class='ocrx_word' id='word_1_396' title='bbox 2259 2532 2554 2603; x_wconf 80' lang='grc' dir='ltr'>ἐρχόμενον</span> <span class='ocrx_word' id='word_1_397' title='bbox 2582 2533 2638 2584; x_wconf 82' lang='grc' dir='ltr'>ὲν</span> <span class='ocrx_word' id='word_1_398' title='bbox 2670 2531 2800 2602; x_wconf 77' lang='grc' dir='ltr'><strong>δόξῃ</strong></span> <span class='ocrx_word' id='word_1_399' title='bbox 2841 2535 3022 2603; x_wconf 84' lang='grc' dir='ltr'>κρῖναι</span> <span class='ocrx_word' id='word_1_400' title='bbox 3065 2532 3280 2597; x_wconf 81' lang='grc' dir='ltr'>ζῶντας</span> <span class='ocrx_word' id='word_1_401' title='bbox 3325 2533 3423 2586; x_wconf 80' lang='grc' dir='ltr'><strong>καὶ</strong></span> <span class='ocrx_word' id='word_1_402' title='bbox 3459 2531 3686 2604; x_wconf 86' lang='grc' dir='ltr'>νεκρούς.</span> <span class='ocrx_word' id='word_1_403' title='bbox 3720 2533 3793 2585; x_wconf 86' lang='grc' dir='ltr'>Πι-</span> 
     </span>
    </p>
   </div>
   <div class='ocr_carea' id='block_1_57' title="bbox 2261 2621 3794 2696">
    <p class='ocr_par' dir='ltr' id='par_1_57' title="bbox 2261 2621 3794 2696">
     <span class='ocr_line' id='line_1_57' title="bbox 2261 2621 3794 2696; baseline 0.003 -22"><span class='ocrx_word' id='word_1_404' title='bbox 2261 2621 2524 2692; x_wconf 85' lang='grc' dir='ltr'>στεύομεν</span> <span class='ocrx_word' id='word_1_405' title='bbox 2565 2622 2622 2675; x_wconf 85' lang='grc' dir='ltr'><strong>δὲ</strong></span> <span class='ocrx_word' id='word_1_406' title='bbox 2660 2624 2755 2676; x_wconf 78' lang='grc' dir='ltr'><strong>καὶ</strong></span> <span class='ocrx_word' id='word_1_407' title='bbox 2785 2625 2865 2686; x_wconf 85' lang='grc' dir='ltr'><strong>είς</strong></span> <span class='ocrx_word' id='word_1_408' title='bbox 2894 2623 2954 2676; x_wconf 83' lang='grc' dir='ltr'>ἓν</span> <span class='ocrx_word' id='word_1_409' title='bbox 2992 2624 3145 2691; x_wconf 82' lang='grc' dir='ltr'>ἆγιον</span> <span class='ocrx_word' id='word_1_410' title='bbox 3177 2624 3432 2695; x_wconf 86' lang='grc' dir='ltr'>Πνεῦμα,</span> <span class='ocrx_word' id='word_1_411' title='bbox 3470 2624 3499 2678; x_wconf 74' lang='grc' dir='ltr'><strong>ὃ</strong></span> <span class='ocrx_word' id='word_1_412' title='bbox 3525 2625 3612 2678; x_wconf 66' lang='grc' dir='ltr'>ναὶ</span> <span class='ocrx_word' id='word_1_413' title='bbox 3648 2623 3794 2696; x_wconf 79' lang='grc' dir='ltr'>Παρά-</span> 
     </span>
    </p>
   </div>
   <div class='ocr_carea' id='block_1_58' title="bbox 2259 2713 3792 2788">
    <p class='ocr_par' dir='ltr' id='par_1_58' title="bbox 2259 2713 3792 2788">
     <span class='ocr_line' id='line_1_58' title="bbox 2259 2713 3792 2788; baseline 0.001 -23"><span class='ocrx_word' id='word_1_414' title='bbox 2259 2713 2454 2784; x_wconf 85' lang='grc' dir='ltr'>κλητον</span> <span class='ocrx_word' id='word_1_415' title='bbox 2489 2713 2772 2784; x_wconf 84' lang='grc' dir='ltr'>ὠνόμασεν</span> <span class='ocrx_word' id='word_1_416' title='bbox 2797 2717 2826 2768; x_wconf 87' lang='grc' dir='ltr'><strong>ό</strong></span> <span class='ocrx_word' id='word_1_417' title='bbox 2859 2715 3047 2786; x_wconf 79' lang='grc' dir='ltr'>Σωτὴρ</span> <span class='ocrx_word' id='word_1_418' title='bbox 3073 2717 3166 2769; x_wconf 74' lang='grc' dir='ltr'><strong>καὶ</strong></span> <span class='ocrx_word' id='word_1_419' title='bbox 3201 2716 3413 2788; x_wconf 83' lang='grc' dir='ltr'>Κύριος</span> <span class='ocrx_word' id='word_1_420' title='bbox 3445 2715 3598 2788; x_wconf 82' lang='grc' dir='ltr'>ἡμῶν</span> <span class='ocrx_word' id='word_1_421' title='bbox 3633 2714 3792 2786; x_wconf 81' lang='grc' dir='ltr'>Ἰησοῦς</span> 
     </span>
    </p>
   </div>
   <div class='ocr_carea' id='block_1_59' title="bbox 2259 2803 3791 2877">
    <p class='ocr_par' dir='ltr' id='par_1_59' title="bbox 2259 2803 3791 2877">
     <span class='ocr_line' id='line_1_59' title="bbox 2259 2803 3791 2877; baseline 0.003 -21"><span class='ocrx_word' id='word_1_422' title='bbox 2259 2803 2516 2875; x_wconf 79' lang='grc' dir='ltr'>Χριστὸς,</span> <span class='ocrx_word' id='word_1_423' title='bbox 2559 2806 3048 2877; x_wconf 76' lang='grc' dir='ltr'>ἐπαγγειλάμενος,</span> <span class='ocrx_word' id='word_1_424' title='bbox 3092 2809 3232 2877; x_wconf 87' lang='grc' dir='ltr'><strong>μετά</strong></span> <span class='ocrx_word' id='word_1_425' title='bbox 3278 2809 3339 2862; x_wconf 86' lang='grc' dir='ltr'><strong>τὸ</strong></span> <span class='ocrx_word' id='word_1_426' title='bbox 3382 2809 3616 2862; x_wconf 84' lang='grc' dir='ltr'>ἀνελθεῖν</span> <span class='ocrx_word' id='word_1_427' title='bbox 3649 2807 3791 2870; x_wconf 80' lang='grc' dir='ltr'>αὑτὸν,</span> 
     </span>
    </p>
   </div>
   <div class='ocr_carea' id='block_1_60' title="bbox 2260 2893 3791 2968">
    <p class='ocr_par' dir='ltr' id='par_1_60' title="bbox 2260 2893 3791 2968">
     <span class='ocr_line' id='line_1_60' title="bbox 2260 2893 3791 2968; baseline 0.001 -19"><span class='ocrx_word' id='word_1_428' title='bbox 2260 2896 2472 2967; x_wconf 84' lang='grc' dir='ltr'>πέμψαι</span> <span class='ocrx_word' id='word_1_429' title='bbox 2503 2899 2616 2962; x_wconf 88' lang='grc' dir='ltr'>τοῖς</span> <span class='ocrx_word' id='word_1_430' title='bbox 2638 2899 2908 2968; x_wconf 84' lang='grc' dir='ltr'>μαθηταῖς</span> <span class='ocrx_word' id='word_1_431' title='bbox 2935 2899 3112 2964; x_wconf 84' lang='grc' dir='ltr'>τοῦτο,</span> <span class='ocrx_word' id='word_1_432' title='bbox 3144 2899 3173 2951; x_wconf 84' lang='grc' dir='ltr'><strong>ὃ</strong></span> <span class='ocrx_word' id='word_1_433' title='bbox 3202 2901 3298 2953; x_wconf 59' lang='grc' dir='ltr'><strong>καὶ⁸</strong></span> <span class='ocrx_word' id='word_1_434' title='bbox 3322 2900 3651 2963; x_wconf 86' lang='grc' dir='ltr'>ἀπέστειλεν,</span> <span class='ocrx_word' id='word_1_435' title='bbox 3673 2901 3727 2952; x_wconf 83' lang='grc' dir='ltr'><strong>δι’</strong></span> <span class='ocrx_word' id='word_1_436' title='bbox 3747 2893 3791 2951; x_wconf 79' lang='grc' dir='ltr'>οὗ</span> 
     </span>
    </p>
   </div>
   <div class='ocr_carea' id='block_1_61' title="bbox 2260 2991 3791 3065">
    <p class='ocr_par' dir='ltr' id='par_1_61' title="bbox 2260 2991 3791 3065">
     <span class='ocr_line' id='line_1_61' title="bbox 2260 2991 3791 3065; baseline 0.001 -23"><span class='ocrx_word' id='word_1_437' title='bbox 2260 2991 2354 3042; x_wconf 77' lang='grc' dir='ltr'>καὶ</span> <span class='ocrx_word' id='word_1_438' title='bbox 2387 2991 2605 3059; x_wconf 81' lang='grc' dir='ltr'>ἁγιάζει</span> <span class='ocrx_word' id='word_1_439' title='bbox 2632 2994 2758 3055; x_wconf 80' lang='grc' dir='ltr'>τοὺς</span> <span class='ocrx_word' id='word_1_440' title='bbox 2792 2993 2850 3045; x_wconf 83' lang='grc' dir='ltr'>ὲν</span> <span class='ocrx_word' id='word_1_441' title='bbox 2890 2995 2955 3064; x_wconf 81' lang='grc' dir='ltr'>τῇ</span> <span class='ocrx_word' id='word_1_442' title='bbox 2998 2992 3298 3065; x_wconf 75' lang='grc' dir='ltr'>Ἐκκλησία</span> <span class='ocrx_word' id='word_1_443' title='bbox 3335 2995 3692 3056; x_wconf 83' lang='grc' dir='ltr'>πιστεύοντας,</span> <span class='ocrx_word' id='word_1_444' title='bbox 3724 2993 3791 3045; x_wconf 72' lang='grc' dir='ltr'>καὶ</span> 
     </span>
    </p>
   </div>
   <div class='ocr_carea' id='block_1_62' title="bbox 567 3071 2151 3162">
    <p class='ocr_par' dir='ltr' id='par_1_62' title="bbox 567 3071 2146 3150">
     <span class='ocr_line' id='line_1_62' title="bbox 567 3071 2146 3150; baseline -0.006 -16"><span class='ocrx_word' id='word_1_445' title='bbox 567 3079 836 3150; x_wconf 86' lang='lat' dir='ltr'><strong>promisit.</strong></span> <span class='ocrx_word' id='word_1_446' title='bbox 862 3076 1036 3143; x_wconf 86' lang='lat' dir='ltr'><strong>Quem</strong></span> <span class='ocrx_word' id='word_1_447' title='bbox 1064 3085 1118 3130; x_wconf 90' lang='lat' dir='ltr'><strong>et</strong></span> <span class='ocrx_word' id='word_1_448' title='bbox 1161 3088 1352 3128; x_wconf 88' lang='lat' dir='ltr'><strong>revera</strong></span> <span class='ocrx_word' id='word_1_449' title='bbox 1391 3073 1562 3138; x_wconf 90' lang='lat' dir='ltr'><strong>misit,</strong></span> <span class='ocrx_word' id='word_1_450' title='bbox 1591 3079 1646 3128; x_wconf 90' lang='lat' dir='ltr'><strong>et</strong></span> <span class='ocrx_word' id='word_1_451' title='bbox 1679 3087 1778 3142; x_wconf 89' lang='lat' dir='ltr'><strong>per</strong></span> <span class='ocrx_word' id='word_1_452' title='bbox 1806 3087 1930 3126; x_wconf 90' lang='lat' dir='ltr'><strong>eum</strong></span> <span class='ocrx_word' id='word_1_453' title='bbox 1963 3071 2146 3126; x_wconf 89' lang='lat' dir='ltr'><strong>fideles</strong></span> 
     </span>
    </p>
   </div>
   <div class='ocr_carea' id='block_1_63' title="bbox 2253 3071 3792 3162">
    <p class='ocr_par' dir='ltr' id='par_1_63' title="bbox 2263 3079 3792 3157">
     <span class='ocr_line' id='line_1_63' title="bbox 2263 3079 3792 3157; baseline 0 -24"><span class='ocrx_word' id='word_1_454' title='bbox 2263 3079 2696 3152; x_wconf 82' lang='grc' dir='ltr'>βαπτιζομένους</span> <span class='ocrx_word' id='word_1_455' title='bbox 2739 3085 2798 3136; x_wconf 87' lang='grc' dir='ltr'>ὲν</span> <span class='ocrx_word' id='word_1_456' title='bbox 2835 3083 3061 3154; x_wconf 86' lang='grc' dir='ltr'>ὀνόματι</span> <span class='ocrx_word' id='word_1_457' title='bbox 3113 3085 3352 3157; x_wconf 73' lang='grc' dir='ltr'>Πατρός,</span> <span class='ocrx_word' id='word_1_458' title='bbox 3399 3085 3496 3139; x_wconf 78' lang='grc' dir='ltr'><strong>καὶ</strong></span> <span class='ocrx_word' id='word_1_459' title='bbox 3549 3083 3682 3148; x_wconf 82' lang='grc' dir='ltr'>Υἱοῦ,</span> <span class='ocrx_word' id='word_1_460' title='bbox 3725 3082 3792 3136; x_wconf 74' lang='grc' dir='ltr'>καὶ</span> 
     </span>
    </p>
   </div>
   <div class='ocr_carea' id='block_1_64' title="bbox 569 3165 2148 3237">
    <p class='ocr_par' dir='ltr' id='par_1_64' title="bbox 569 3165 2148 3237">
     <span class='ocr_line' id='line_1_64' title="bbox 569 3165 2148 3237; baseline -0.004 -11"><span class='ocrx_word' id='word_1_461' title='bbox 569 3173 624 3226; x_wconf 90' lang='lat' dir='ltr'><strong>in</strong></span> <span class='ocrx_word' id='word_1_462' title='bbox 670 3170 914 3225; x_wconf 87' lang='lat' dir='ltr'><strong>Ecclesia</strong></span> <span class='ocrx_word' id='word_1_463' title='bbox 947 3167 1275 3230; x_wconf 76' lang='lat' dir='ltr'><strong>sanctificat,</strong></span> <span class='ocrx_word' id='word_1_464' title='bbox 1311 3167 1404 3236; x_wconf 88' lang='lat' dir='ltr'><strong>qui</strong></span> <span class='ocrx_word' id='word_1_465' title='bbox 1445 3166 1797 3237; x_wconf 85' lang='lat' dir='ltr'><strong>baptizantnr</strong></span> <span class='ocrx_word' id='word_1_466' title='bbox 1833 3165 1887 3218; x_wconf 90' lang='lat' dir='ltr'><strong>in</strong></span> <span class='ocrx_word' id='word_1_467' title='bbox 1929 3165 2148 3219; x_wconf 90' lang='lat' dir='ltr'><strong>nomine</strong></span> 
     </span>
    </p>
   </div>
   <div class='ocr_carea' id='block_1_65' title="bbox 566 3256 2156 3329">
    <p class='ocr_par' dir='ltr' id='par_1_65' title="bbox 566 3256 2156 3329">
     <span class='ocr_line' id='line_1_65' title="bbox 566 3256 2156 3329; baseline -0.005 -10"><span class='ocrx_word' id='word_1_468' title='bbox 566 3264 766 3327; x_wconf 83' lang='lat' dir='ltr'><strong>Patris,</strong></span> <span class='ocrx_word' id='word_1_469' title='bbox 801 3270 854 3316; x_wconf 87' lang='lat' dir='ltr'><strong>et</strong></span> <span class='ocrx_word' id='word_1_470' title='bbox 891 3259 1037 3323; x_wconf 87' lang='lat' dir='ltr'><strong>Filii,</strong></span> <span class='ocrx_word' id='word_1_471' title='bbox 1068 3268 1122 3315; x_wconf 89' lang='lat' dir='ltr'><strong>et</strong></span> <span class='ocrx_word' id='word_1_472' title='bbox 1149 3258 1389 3329; x_wconf 87' lang='lat' dir='ltr'><strong>Spiritus</strong></span> <span class='ocrx_word' id='word_1_473' title='bbox 1431 3259 1630 3313; x_wconf 90' lang='lat' dir='ltr'><strong>sancti.</strong></span> <span class='ocrx_word' id='word_1_474' title='bbox 1659 3256 1984 3326; x_wconf 86' lang='lat' dir='ltr'><strong>Quicunque</strong></span> <span class='ocrx_word' id='word_1_475' title='bbox 2025 3271 2156 3311; x_wconf 87' lang='lat' dir='ltr'><strong>vero</strong></span> 
     </span>
    </p>
   </div>
   <div class='ocr_carea' id='block_1_66' title="bbox 566 3349 2155 3426">
    <p class='ocr_par' dir='ltr' id='par_1_66' title="bbox 566 3349 2155 3426">
     <span class='ocr_line' id='line_1_66' title="bbox 566 3349 2155 3426; baseline -0.005 -16"><span class='ocrx_word' id='word_1_476' title='bbox 566 3364 764 3426; x_wconf 64' lang='lat' dir='ltr'><strong>praeter</strong></span> <span class='ocrx_word' id='word_1_477' title='bbox 797 3357 938 3408; x_wconf 85' lang='lat' dir='ltr'><strong>hanc</strong></span> <span class='ocrx_word' id='word_1_478' title='bbox 985 3351 1144 3407; x_wconf 87' lang='lat' dir='ltr'><strong>fidem</strong></span> <span class='ocrx_word' id='word_1_479' title='bbox 1181 3350 1330 3404; x_wconf 88' lang='lat' dir='ltr'><strong>aliud</strong></span> <span class='ocrx_word' id='word_1_480' title='bbox 1359 3349 1620 3421; x_wconf 86' lang='lat' dir='ltr'><strong>quiddam</strong></span> <span class='ocrx_word' id='word_1_481' title='bbox 1657 3349 1980 3420; x_wconf 64' lang='lat' dir='ltr'><strong>praedicant,</strong></span> <span class='ocrx_word' id='word_1_482' title='bbox 2019 3349 2155 3403; x_wconf 90' lang='lat' dir='ltr'><strong>alie-</strong></span> 
     </span>
    </p>
   </div>
   <div class='ocr_carea' id='block_1_67' title="bbox 563 3438 2157 3507">
    <p class='ocr_par' dir='ltr' id='par_1_67' title="bbox 563 3438 2157 3507">
     <span class='ocr_line' id='line_1_67' title="bbox 563 3438 2157 3507; baseline -0.004 -6"><span class='ocrx_word' id='word_1_483' title='bbox 563 3463 666 3502; x_wconf 90' lang='lat' dir='ltr'><strong>nos</strong></span> <span class='ocrx_word' id='word_1_484' title='bbox 713 3445 863 3500; x_wconf 89' lang='lat' dir='ltr'><strong>novit</strong></span> <span class='ocrx_word' id='word_1_485' title='bbox 903 3443 1145 3497; x_wconf 87' lang='lat' dir='ltr'><strong>Ecclesia</strong></span> <span class='ocrx_word' id='word_1_486' title='bbox 1183 3442 1474 3497; x_wconf 89' lang='lat' dir='ltr'><strong>catholica.</strong></span> <span class='ocrx_word' id='word_1_487' title='bbox 1523 3438 1996 3507; x_wconf 82' lang='lat' dir='ltr'><strong>Quemadmodum</strong></span> <span class='ocrx_word' id='word_1_488' title='bbox 2027 3454 2157 3494; x_wconf 91' lang='lat' dir='ltr'><strong>vero</strong></span> 
     </span>
    </p>
   </div>
   <div class='ocr_carea' id='block_1_68' title="bbox 562 3529 2154 3602">
    <p class='ocr_par' dir='ltr' id='par_1_68' title="bbox 562 3529 2154 3602">
     <span class='ocr_line' id='line_1_68' title="bbox 562 3529 2154 3602; baseline -0.004 -10"><span class='ocrx_word' id='word_1_489' title='bbox 562 3554 688 3592; x_wconf 90' lang='lat' dir='ltr'><strong>cum</strong></span> <span class='ocrx_word' id='word_1_490' title='bbox 732 3537 834 3592; x_wconf 86' lang='lat' dir='ltr'><strong>hac</strong></span> <span class='ocrx_word' id='word_1_491' title='bbox 867 3535 988 3590; x_wconf 89' lang='lat' dir='ltr'><strong>fidei</strong></span> <span class='ocrx_word' id='word_1_492' title='bbox 1020 3534 1256 3589; x_wconf 80' lang='lat' dir='ltr'><strong>formula</strong></span> <span class='ocrx_word' id='word_1_493' title='bbox 1287 3541 1658 3589; x_wconf 87' lang='lat' dir='ltr'><strong>consentanea</strong></span> <span class='ocrx_word' id='word_1_494' title='bbox 1686 3533 1759 3587; x_wconf 92' lang='lat' dir='ltr'><strong>sit</strong></span> <span class='ocrx_word' id='word_1_495' title='bbox 1785 3547 1848 3587; x_wconf 89' lang='lat' dir='ltr'><strong>ea</strong></span> <span class='ocrx_word' id='word_1_496' title='bbox 1881 3547 2002 3602; x_wconf 65' lang='lat' dir='ltr'><strong>quae</strong></span> <span class='ocrx_word' id='word_1_497' title='bbox 2037 3529 2154 3586; x_wconf 87' lang='lat' dir='ltr'><strong>Sir—</strong></span> 
     </span>
    </p>
   </div>
   <div class='ocr_carea' id='block_1_69' title="bbox 565 3624 2157 3700">
    <p class='ocr_par' dir='ltr' id='par_1_69' title="bbox 565 3624 2157 3700">
     <span class='ocr_line' id='line_1_69' title="bbox 565 3624 2157 3700; baseline -0.003 -17"><span class='ocrx_word' id='word_1_498' title='bbox 565 3630 658 3683; x_wconf 92' lang='lat' dir='ltr'><strong>mii</strong></span> <span class='ocrx_word' id='word_1_499' title='bbox 697 3645 874 3700; x_wconf 91' lang='lat' dir='ltr'><strong>nuper</strong></span> <span class='ocrx_word' id='word_1_500' title='bbox 902 3628 1157 3697; x_wconf 81' lang='lat' dir='ltr'><strong>exposita</strong></span> <span class='ocrx_word' id='word_1_501' title='bbox 1197 3636 1283 3681; x_wconf 91' lang='lat' dir='ltr'><strong>est</strong></span> <span class='ocrx_word' id='word_1_502' title='bbox 1315 3638 1502 3680; x_wconf 89' lang='lat' dir='ltr'><strong>coram</strong></span> <span class='ocrx_word' id='word_1_503' title='bbox 1533 3625 1954 3695; x_wconf 76' lang='lat' dir='ltr'><strong>religiosissima</strong></span> <span class='ocrx_word' id='word_1_504' title='bbox 1985 3624 2157 3695; x_wconf 87' lang='lat' dir='ltr'><strong>impe-</strong></span> 
     </span>
    </p>
   </div>
   <div class='ocr_carea' id='block_1_70' title="bbox 561 3716 2014 3787">
    <p class='ocr_par' dir='ltr' id='par_1_70' title="bbox 561 3716 2014 3787">
     <span class='ocr_line' id='line_1_70' title="bbox 561 3716 2014 3787; baseline -0.003 -12"><span class='ocrx_word' id='word_1_505' title='bbox 561 3728 747 3775; x_wconf 80' lang='lat' dir='ltr'><strong>ratore</strong></span> <span class='ocrx_word' id='word_1_506' title='bbox 774 3727 984 3781; x_wconf 90' lang='lat' dir='ltr'><strong>nostro,</strong></span> <span class='ocrx_word' id='word_1_507' title='bbox 1015 3727 1220 3772; x_wconf 91' lang='lat' dir='ltr'><strong>norunt</strong></span> <span class='ocrx_word' id='word_1_508' title='bbox 1257 3717 1351 3787; x_wconf 88' lang='lat' dir='ltr'><strong>qui</strong></span> <span class='ocrx_word' id='word_1_509' title='bbox 1375 3717 1518 3771; x_wconf 89' lang='lat' dir='ltr'><strong>hanc</strong></span> <span class='ocrx_word' id='word_1_510' title='bbox 1552 3718 1727 3786; x_wconf 86' lang='lat' dir='ltr'><strong>ipsam</strong></span> <span class='ocrx_word' id='word_1_511' title='bbox 1762 3716 2014 3786; x_wconf 83' lang='lat' dir='ltr'><strong>legerint.</strong></span> 
     </span>
    </p>
   </div>
   <div class='ocr_carea' id='block_1_71' title="bbox 634 3808 2156 3881">
    <p class='ocr_par' dir='ltr' id='par_1_71' title="bbox 634 3808 2156 3881">
     <span class='ocr_line' id='line_1_71' title="bbox 634 3808 2156 3881; baseline -0.004 -15"><span class='ocrx_word' id='word_1_512' title='bbox 634 3810 803 3881; x_wconf 65' lang='grc'><strong>874</strong></span> <span class='ocrx_word' id='word_1_513' title='bbox 824 3809 1016 3862; x_wconf 77' lang='lat' dir='ltr'><strong>XXVI.</strong></span> <span class='ocrx_word' id='word_1_514' title='bbox 1058 3809 1522 3880; x_wconf 89' lang='lat' dir='ltr'><strong>Subscripserunt</strong></span> <span class='ocrx_word' id='word_1_515' title='bbox 1568 3809 1662 3878; x_wconf 90' lang='lat' dir='ltr'><strong>qui</strong></span> <span class='ocrx_word' id='word_1_516' title='bbox 1713 3809 1966 3871; x_wconf 87' lang='lat' dir='ltr'><strong>aderant,</strong></span> <span class='ocrx_word' id='word_1_517' title='bbox 2007 3808 2156 3864; x_wconf 83' lang='lat' dir='ltr'><strong>Basi-</strong></span> 
     </span>
    </p>
   </div>
   <div class='ocr_carea' id='block_1_72' title="bbox 564 3900 2148 3971">
    <p class='ocr_par' dir='ltr' id='par_1_72' title="bbox 564 3900 2148 3971">
     <span class='ocr_line' id='line_1_72' title="bbox 564 3900 2148 3971; baseline -0.003 -12"><span class='ocrx_word' id='word_1_518' title='bbox 564 3903 693 3971; x_wconf 88' lang='lat' dir='ltr'><strong>lius,</strong></span> <span class='ocrx_word' id='word_1_519' title='bbox 758 3903 1010 3967; x_wconf 69' lang='lat' dir='ltr'><strong>Blarcus,</strong></span> <span class='ocrx_word' id='word_1_520' title='bbox 1063 3901 1331 3971; x_wconf 80' lang='lat' dir='ltr'><strong>Georgius</strong></span> <span class='ocrx_word' id='word_1_521' title='bbox 1409 3900 1756 3956; x_wconf 75' lang='lat' dir='ltr'><strong>Alexandria:</strong></span> <span class='ocrx_word' id='word_1_522' title='bbox 1827 3901 2148 3970; x_wconf 89' lang='lat' dir='ltr'><strong>episcopus,</strong></span> 
     </span>
    </p>
   </div>
   <div class='ocr_carea' id='block_1_73' title="bbox 642 4057 1083 4124">
    <p class='ocr_par' dir='ltr' id='par_1_73' title="bbox 642 4057 1083 4124">
     <span class='ocr_line' id='line_1_73' title="bbox 642 4057 1083 4124; baseline -0.007 -9"><span class='ocrx_word' id='word_1_523' title='bbox 642 4062 659 4092; x_wconf 88' lang='grc'>¹</span> <span class='ocrx_word' id='word_1_524' title='bbox 685 4060 898 4115; x_wconf 84' lang='lat' dir='ltr'><strong>Coloss.</strong></span> <span class='ocrx_word' id='word_1_525' title='bbox 927 4074 965 4124; x_wconf 87' lang='grc' dir='ltr'><strong>ι,</strong></span> <span class='ocrx_word' id='word_1_526' title='bbox 994 4057 1083 4112; x_wconf 73' lang='grc'><strong>15.</strong></span> 
     </span>
    </p>
   </div>
   <div class='ocr_carea' id='block_1_74' title="bbox 644 4211 2150 4292">
    <p class='ocr_par' dir='ltr' id='par_1_74' title="bbox 644 4211 2150 4292">
     <span class='ocr_line' id='line_1_74' title="bbox 644 4211 2150 4292; baseline -0.001 -22"><span class='ocrx_word' id='word_1_527' title='bbox 644 4216 748 4292; x_wconf 61' lang='lat'><strong>(52)</strong></span> <span class='ocrx_word' id='word_1_528' title='bbox 792 4214 1181 4284; x_wconf 73' lang='grc' dir='ltr'>Ὕπέῃοαψαν</span> <span class='ocrx_word' id='word_1_529' title='bbox 1211 4215 1264 4268; x_wconf 82' lang='lat' dir='ltr'><strong>al</strong></span> <span class='ocrx_word' id='word_1_530' title='bbox 1294 4213 1609 4292; x_wconf 62' lang='grc' dir='ltr'>παρόντες.</span> <span class='ocrx_word' id='word_1_531' title='bbox 1646 4212 1779 4292; x_wconf 77' lang='lat' dir='ltr'><strong>&#39;I_‘am</strong></span> <span class='ocrx_word' id='word_1_532' title='bbox 1817 4211 1920 4268; x_wconf 83' lang='lat' dir='ltr'><strong>hoc</strong></span> <span class='ocrx_word' id='word_1_533' title='bbox 1954 4228 2150 4292; x_wconf 78' lang='lat' dir='ltr'><strong>a__ver_o</strong></span> 
     </span>
    </p>
   </div>
   <div class='ocr_carea' id='block_1_75' title="bbox 497 4282 2150 4355">
    <p class='ocr_par' dir='ltr' id='par_1_75' title="bbox 497 4282 2150 4355">
     <span class='ocr_line' id='line_1_75' title="bbox 497 4282 2150 4355; baseline -0.005 -11"><span class='ocrx_word' id='word_1_534' title='bbox 497 4345 500 4349; x_wconf 61' lang='grc'><strong>,</strong></span> <span class='ocrx_word' id='word_1_535' title='bbox 560 4282 798 4344; x_wconf 78' lang='lat' dir='ltr'><strong>alienum</strong></span> <span class='ocrx_word' id='word_1_536' title='bbox 828 4282 1137 4355; x_wconf 35' lang='lat' dir='ltr'><strong>esu—quam</strong></span> <span class='ocrx_word' id='word_1_537' title='bbox 1165 4283 1310 4355; x_wconf 89' lang='lat' dir='ltr'><strong>quod</strong></span> <span class='ocrx_word' id='word_1_538' title='bbox 1361 4285 1616 4355; x_wconf 83' lang='lat' dir='ltr'><strong>maxime.</strong></span> <span class='ocrx_word' id='word_1_539' title='bbox 1663 4282 1953 4355; x_wconf 74' lang='lat' dir='ltr'><strong>Nunquam</strong></span> <span class='ocrx_word' id='word_1_540' title='bbox 1996 4282 2150 4336; x_wconf 83' lang='lat' dir='ltr'><strong>Basi-</strong></span> 
     </span>
    </p>
   </div>
   <div class='ocr_carea' id='block_1_76' title="bbox 557 4352 2147 4422">
    <p class='ocr_par' dir='ltr' id='par_1_76' title="bbox 557 4352 2147 4422">
     <span class='ocr_line' id='line_1_76' title="bbox 557 4352 2147 4422; baseline -0.005 -8"><span class='ocrx_word' id='word_1_541' title='bbox 557 4360 668 4414; x_wconf 85' lang='lat' dir='ltr'><strong>lius</strong></span> <span class='ocrx_word' id='word_1_542' title='bbox 698 4364 792 4410; x_wconf 89' lang='lat' dir='ltr'><strong>ant</strong></span> <span class='ocrx_word' id='word_1_543' title='bbox 815 4352 1029 4410; x_wconf 74' lang='lat' dir='ltr'><strong>Marcus</strong></span> <span class='ocrx_word' id='word_1_544' title='bbox 1059 4352 1346 4408; x_wconf 71' lang='lat' dir='ltr'><strong>Acacianae</strong></span> <span class='ocrx_word' id='word_1_545' title='bbox 1377 4353 1466 4407; x_wconf 89' lang='lat' dir='ltr'><strong>isti</strong></span> <span class='ocrx_word' id='word_1_546' title='bbox 1503 4353 1748 4406; x_wconf 64' lang='lat' dir='ltr'><strong>formula:</strong></span> <span class='ocrx_word' id='word_1_547' title='bbox 1795 4354 2147 4422; x_wconf 86' lang='lat' dir='ltr'><strong>subscripsit,</strong></span> 
     </span>
    </p>
   </div>
   <div class='ocr_carea' id='block_1_77' title="bbox 558 4422 2144 4492">
    <p class='ocr_par' dir='ltr' id='par_1_77' title="bbox 558 4422 2144 4492">
     <span class='ocr_line' id='line_1_77' title="bbox 558 4422 2144 4492; baseline -0.004 -9"><span class='ocrx_word' id='word_1_548' title='bbox 558 4439 621 4483; x_wconf 89' lang='lat' dir='ltr'><strong>nt</strong></span> <span class='ocrx_word' id='word_1_549' title='bbox 675 4443 776 4482; x_wconf 91' lang='lat' dir='ltr'><strong>nec</strong></span> <span class='ocrx_word' id='word_1_550' title='bbox 808 4426 1120 4481; x_wconf 83' lang='lat' dir='ltr'><strong>Occidentis</strong></span> <span class='ocrx_word' id='word_1_551' title='bbox 1164 4424 1431 4492; x_wconf 87' lang='lat' dir='ltr'><strong>episcopi,</strong></span> <span class='ocrx_word' id='word_1_552' title='bbox 1485 4423 1578 4492; x_wconf 87' lang='lat' dir='ltr'><strong>qui</strong></span> <span class='ocrx_word' id='word_1_553' title='bbox 1621 4423 1876 4486; x_wconf 81' lang='lat' dir='ltr'><strong>Arimini,</strong></span> <span class='ocrx_word' id='word_1_554' title='bbox 1907 4439 2014 4492; x_wconf 72' lang='lat' dir='ltr'><strong>lion</strong></span> <span class='ocrx_word' id='word_1_555' title='bbox 2048 4422 2144 4477; x_wconf 91' lang='lat' dir='ltr'><strong>Sc-</strong></span> 
     </span>
    </p>
   </div>
   <div class='ocr_carea' id='block_1_78' title="bbox 560 4491 2143 4562">
    <p class='ocr_par' dir='ltr' id='par_1_78' title="bbox 560 4491 2143 4562">
     <span class='ocr_line' id='line_1_78' title="bbox 560 4491 2143 4562; baseline -0.004 -10"><span class='ocrx_word' id='word_1_556' title='bbox 560 4501 751 4553; x_wconf 64' lang='lat' dir='ltr'><strong>lenciaa</strong></span> <span class='ocrx_word' id='word_1_557' title='bbox 774 4503 1170 4552; x_wconf 86' lang='lat' dir='ltr'><strong>convenerunt.</strong></span> <span class='ocrx_word' id='word_1_558' title='bbox 1204 4491 1409 4549; x_wconf 79' lang='lat' dir='ltr'><strong>Deinde</strong></span> <span class='ocrx_word' id='word_1_559' title='bbox 1462 4491 1726 4561; x_wconf 87' lang='lat' dir='ltr'><strong>quorsum</strong></span> <span class='ocrx_word' id='word_1_560' title='bbox 1781 4493 1867 4546; x_wconf 86' lang='lat' dir='ltr'><strong>bis</strong></span> <span class='ocrx_word' id='word_1_561' title='bbox 1921 4491 2143 4562; x_wconf 80' lang='lat' dir='ltr'><strong>Georgii</strong></span> 
     </span>
    </p>
   </div>
   <div class='ocr_carea' id='block_1_79' title="bbox 559 4562 2147 4635">
    <p class='ocr_par' dir='ltr' id='par_1_79' title="bbox 559 4562 2147 4635">
     <span class='ocr_line' id='line_1_79' title="bbox 559 4562 2147 4635; baseline -0.003 -14"><span class='ocrx_word' id='word_1_562' title='bbox 559 4584 624 4622; x_wconf 89' lang='lat' dir='ltr'><strong>ac</strong></span> <span class='ocrx_word' id='word_1_563' title='bbox 653 4567 924 4620; x_wconf 83' lang='lat' dir='ltr'><strong>Pancratii</strong></span> <span class='ocrx_word' id='word_1_564' title='bbox 968 4565 1194 4635; x_wconf 85' lang='lat' dir='ltr'><strong>repetita</strong></span> <span class='ocrx_word' id='word_1_565' title='bbox 1244 4564 1577 4632; x_wconf 87' lang='lat' dir='ltr'><strong>subscriptio</strong></span> <span class='ocrx_word' id='word_1_566' title='bbox 1593 4562 1805 4635; x_wconf 75' lang='lat' dir='ltr'><strong>?_Atqni</strong></span> <span class='ocrx_word' id='word_1_567' title='bbox 1844 4578 1951 4614; x_wconf 88' lang='lat' dir='ltr'><strong>non</strong></span> <span class='ocrx_word' id='word_1_568' title='bbox 1987 4563 2147 4616; x_wconf 89' lang='lat' dir='ltr'><strong>aliter</strong></span> 
     </span>
    </p>
   </div>
   <div class='ocr_carea' id='block_1_80' title="bbox 560 4633 2143 4708">
    <p class='ocr_par' dir='ltr' id='par_1_80' title="bbox 560 4633 2143 4708">
     <span class='ocr_line' id='line_1_80' title="bbox 560 4633 2143 4708; baseline -0.004 -17"><span class='ocrx_word' id='word_1_569' title='bbox 560 4639 924 4708; x_wconf 78' lang='lat' dir='ltr'><strong>Epiphanium</strong></span> <span class='ocrx_word' id='word_1_570' title='bbox 984 4633 1316 4708; x_wconf 51' lang='lat' dir='ltr'><strong>scripsisse,</strong></span> <span class='ocrx_word' id='word_1_571' title='bbox 1352 4641 1446 4708; x_wconf 80' lang='lat' dir='ltr'><strong>aut</strong></span> <span class='ocrx_word' id='word_1_572' title='bbox 1473 4633 1730 4708; x_wconf 71' lang='lat' dir='ltr'><strong>sensisse</strong></span> <span class='ocrx_word' id='word_1_573' title='bbox 1770 4641 2143 4708; x_wconf 82' lang='lat' dir='ltr'><strong>necesse___est,</strong></span> 
     </span>
    </p>
   </div>
   <div class='ocr_carea' id='block_1_81' title="bbox 557 4701 2147 4779">
    <p class='ocr_par' dir='ltr' id='par_1_81' title="bbox 557 4701 2147 4779">
     <span class='ocr_line' id='line_1_81' title="bbox 557 4701 2147 4779; baseline -0.002 -19"><span class='ocrx_word' id='word_1_574' title='bbox 557 4701 722 4779; x_wconf 77' lang='lat' dir='ltr'><strong>quam</strong></span> <span class='ocrx_word' id='word_1_575' title='bbox 761 4715 818 4760; x_wconf 93' lang='lat' dir='ltr'><strong>nt</strong></span> <span class='ocrx_word' id='word_1_576' title='bbox 876 4701 1205 4779; x_wconf 79' lang='lat' dir='ltr'><strong>professioni</strong></span> <span class='ocrx_word' id='word_1_577' title='bbox 1245 4704 1320 4779; x_wconf 82' lang='lat' dir='ltr'><strong>illi</strong></span> <span class='ocrx_word' id='word_1_578' title='bbox 1363 4703 1618 4779; x_wconf 63' lang='lat' dir='ltr'><strong>llasilius.</strong></span> <span class='ocrx_word' id='word_1_579' title='bbox 1671 4701 1908 4779; x_wconf 66' lang='lat' dir='ltr'><strong>Marcus,</strong></span> <span class='ocrx_word' id='word_1_580' title='bbox 1945 4701 2147 4779; x_wconf 82' lang='lat' dir='ltr'><strong>aliique</strong></span> 
     </span>
    </p>
   </div>
   <div class='ocr_carea' id='block_1_82' title="bbox 559 4772 2147 4846">
    <p class='ocr_par' dir='ltr' id='par_1_82' title="bbox 559 4772 2147 4846">
     <span class='ocr_line' id='line_1_82' title="bbox 559 4772 2147 4846; baseline -0.006 -13"><span class='ocrx_word' id='word_1_581' title='bbox 559 4772 990 4846; x_wconf 70' lang='lat' dir='ltr'><strong>subscripserunt</strong></span> <span class='ocrx_word' id='word_1_582' title='bbox 1025 4793 1037 4827; x_wconf 89' lang='lat'>:</span> <span class='ocrx_word' id='word_1_583' title='bbox 1073 4791 1198 4846; x_wconf 73' lang='lat' dir='ltr'><strong>nam</strong></span> <span class='ocrx_word' id='word_1_584' title='bbox 1246 4775 1300 4826; x_wconf 93' lang='lat' dir='ltr'><strong>in</strong></span> <span class='ocrx_word' id='word_1_585' title='bbox 1358 4772 1462 4825; x_wconf 90' lang='lat' dir='ltr'><strong>fine</strong></span> <span class='ocrx_word' id='word_1_586' title='bbox 1511 4773 2147 4846; x_wconf 79' lang='lat' dir='ltr'><strong>Stibscriptionum__-epi-</strong></span> 
     </span>
    </p>
   </div>
   <div class='ocr_carea' id='block_1_83' title="bbox 561 4840 2141 4915">
    <p class='ocr_par' dir='ltr' id='par_1_83' title="bbox 561 4840 2141 4915">
     <span class='ocr_line' id='line_1_83' title="bbox 561 4840 2141 4915; baseline -0.005 -15"><span class='ocrx_word' id='word_1_587' title='bbox 561 4840 1066 4915; x_wconf 43' lang='lat' dir='ltr'><strong>scapos-numerat</strong></span> <span class='ocrx_word' id='word_1_588' title='bbox 1115 4844 1206 4906; x_wconf 73' lang='grc'><strong>45,</strong></span> <span class='ocrx_word' id='word_1_589' title='bbox 1237 4852 1389 4915; x_wconf 13' lang='lat' dir='ltr'><strong>quot,</strong></span> <span class='ocrx_word' id='word_1_590' title='bbox 1413 4857 1599 4915; x_wconf 75' lang='lat' dir='ltr'><strong>revera</strong></span> <span class='ocrx_word' id='word_1_591' title='bbox 1630 4850 1778 4915; x_wconf 61' lang='lat' dir='ltr'><strong>sunt,</strong></span> <span class='ocrx_word' id='word_1_592' title='bbox 1798 4842 1840 4894; x_wconf 89' lang='lat' dir='ltr'><strong>si</strong></span> <span class='ocrx_word' id='word_1_593' title='bbox 1861 4840 2141 4904; x_wconf 81' lang='lat' dir='ltr'><strong>Basilium,</strong></span> 
     </span>
    </p>
   </div>
   <div class='ocr_carea' id='block_1_84' title="bbox 561 4910 2142 4984">
    <p class='ocr_par' dir='ltr' id='par_1_84' title="bbox 561 4910 2142 4984">
     <span class='ocr_line' id='line_1_84' title="bbox 561 4910 2142 4984; baseline -0.003 -15"><span class='ocrx_word' id='word_1_594' title='bbox 561 4910 823 4976; x_wconf 72' lang='lat' dir='ltr'><strong>Marcum.</strong></span> <span class='ocrx_word' id='word_1_595' title='bbox 843 4917 1188 4984; x_wconf 85' lang='lat' dir='ltr'><strong>reliquosque</strong></span> <span class='ocrx_word' id='word_1_596' title='bbox 1217 4910 1650 4984; x_wconf 77' lang='lat' dir='ltr'><strong>complectimur.</strong></span> <span class='ocrx_word' id='word_1_597' title='bbox 1674 4910 2142 4984; x_wconf 76' lang='lat' dir='ltr'><strong>Socrates_autem</strong></span> 
     </span>
    </p>
   </div>
   <div class='ocr_carea' id='block_1_85' title="bbox 561 4979 2143 5054">
    <p class='ocr_par' dir='ltr' id='par_1_85' title="bbox 561 4979 2143 5054">
     <span class='ocr_line' id='line_1_85' title="bbox 561 4979 2143 5054; baseline -0.001 -18"><span class='ocrx_word' id='word_1_598' title='bbox 561 5003 682 5053; x_wconf 76' lang='lat' dir='ltr'><strong>t&#39;up.</strong></span> <span class='ocrx_word' id='word_1_599' title='bbox 718 4987 778 5037; x_wconf 78' lang='lat' dir='ltr'><strong>5i</strong></span> <span class='ocrx_word' id='word_1_600' title='bbox 820 5002 925 5039; x_wconf 91' lang='lat' dir='ltr'><strong>non</strong></span> <span class='ocrx_word' id='word_1_601' title='bbox 963 4979 1144 5054; x_wconf 79' lang='lat' dir='ltr'><strong>plures</strong></span> <span class='ocrx_word' id='word_1_602' title='bbox 1197 4979 1361 5053; x_wconf 82' lang='lat' dir='ltr'><strong>quani</strong></span> <span class='ocrx_word' id='word_1_603' title='bbox 1398 4981 1473 5054; x_wconf 68' lang='lat'><strong>§0</strong></span> <span class='ocrx_word' id='word_1_604' title='bbox 1500 4997 1630 5054; x_wconf 82' lang='lat' dir='ltr'><strong>cum</strong></span> <span class='ocrx_word' id='word_1_605' title='bbox 1663 4981 1886 5054; x_wconf 83' lang='lat' dir='ltr'><strong>Acacio,</strong></span> <span class='ocrx_word' id='word_1_606' title='bbox 1908 4979 2143 5054; x_wconf 85' lang='lat' dir='ltr'><strong>Georgio</strong></span> 
     </span>
    </p>
   </div>
   <div class='ocr_carea' id='block_1_86' title="bbox 561 5050 2141 5120">
    <p class='ocr_par' dir='ltr' id='par_1_86' title="bbox 561 5050 2141 5120">
     <span class='ocr_line' id='line_1_86' title="bbox 561 5050 2141 5120; baseline -0.002 -13"><span class='ocrx_word' id='word_1_607' title='bbox 561 5050 979 5117; x_wconf 48' lang='lat' dir='ltr'><strong>Alexandrinof</strong></span> <span class='ocrx_word' id='word_1_608' title='bbox 1027 5050 1230 5108; x_wconf 85' lang='lat' dir='ltr'><strong>Uranio</strong></span> <span class='ocrx_word' id='word_1_609' title='bbox 1293 5061 1348 5107; x_wconf 90' lang='lat' dir='ltr'><strong>et</strong></span> <span class='ocrx_word' id='word_1_610' title='bbox 1397 5050 1643 5105; x_wconf 79' lang='lat' dir='ltr'><strong>Eudoxio</strong></span> <span class='ocrx_word' id='word_1_611' title='bbox 1682 5051 2032 5120; x_wconf 78' lang='lat' dir='ltr'><strong>conspirasse</strong></span> <span class='ocrx_word' id='word_1_612' title='bbox 2086 5052 2141 5104; x_wconf 90' lang='lat' dir='ltr'><strong>in</strong></span> 
     </span>
    </p>
   </div>
   <div class='ocr_carea' id='block_1_87' title="bbox 562 5119 2140 5185">
    <p class='ocr_par' dir='ltr' id='par_1_87' title="bbox 562 5119 2140 5185">
     <span class='ocr_line' id='line_1_87' title="bbox 562 5119 2140 5185; baseline -0.001 -10"><span class='ocrx_word' id='word_1_613' title='bbox 562 5139 682 5176; x_wconf 83' lang='lat' dir='ltr'><strong>eam</strong></span> <span class='ocrx_word' id='word_1_614' title='bbox 752 5123 1040 5177; x_wconf 86' lang='lat' dir='ltr'><strong>formulam</strong></span> <span class='ocrx_word' id='word_1_615' title='bbox 1100 5125 1286 5185; x_wconf 83' lang='lat' dir='ltr'><strong>refert.</strong></span> <span class='ocrx_word' id='word_1_616' title='bbox 1317 5131 1379 5176; x_wconf 91' lang='lat' dir='ltr'><strong>ut</strong></span> <span class='ocrx_word' id='word_1_617' title='bbox 1410 5123 1467 5175; x_wconf 90' lang='lat' dir='ltr'><strong>in</strong></span> <span class='ocrx_word' id='word_1_618' title='bbox 1504 5132 1676 5176; x_wconf 88' lang='lat' dir='ltr'><strong>totum</strong></span> <span class='ocrx_word' id='word_1_619' title='bbox 1716 5122 1825 5175; x_wconf 92' lang='lat' dir='ltr'><strong>sint</strong></span> <span class='ocrx_word' id='word_1_620' title='bbox 1854 5120 1942 5173; x_wconf 79' lang='grc'>54.</span> <span class='ocrx_word' id='word_1_621' title='bbox 1991 5119 2140 5175; x_wconf 90' lang='lat' dir='ltr'><strong>Satis</strong></span> 
     </span>
    </p>
   </div>
   <div class='ocr_carea' id='block_1_88' title="bbox 560 5190 2136 5278">
    <p class='ocr_par' dir='ltr' id='par_1_88' title="bbox 560 5190 2136 5278">
     <span class='ocr_line' id='line_1_88' title="bbox 560 5190 2136 5278; baseline -0.002 -35"><span class='ocrx_word' id='word_1_622' title='bbox 560 5194 725 5278; x_wconf 49' lang='lat' dir='ltr'><strong>igitur</strong></span> <span class='ocrx_word' id='word_1_623' title='bbox 778 5202 986 5273; x_wconf 68' lang='lat' dir='ltr'><strong>constat</strong></span> <span class='ocrx_word' id='word_1_624' title='bbox 1048 5194 1162 5246; x_wconf 72' lang='lat' dir='ltr'><strong>haec</strong></span> <span class='ocrx_word' id='word_1_625' title='bbox 1196 5190 1658 5278; x_wconf 48' lang='lat' dir='ltr'><strong>pos-trenia,.6p.o-3</strong></span> <span class='ocrx_word' id='word_1_626' title='bbox 1693 5191 1980 5278; x_wconf 71' lang='grc' dir='ltr'>ἐπίσκοποι</span> <span class='ocrx_word' id='word_1_627' title='bbox 2011 5195 2136 5278; x_wconf 44' lang='grc' dir='ltr'>,μγπ</span> 
     </span>
    </p>
   </div>
   <div class='ocr_carea' id='block_1_89' title="bbox 556 5260 2142 5334">
    <p class='ocr_par' dir='ltr' id='par_1_89' title="bbox 556 5260 2142 5334">
     <span class='ocr_line' id='line_1_89' title="bbox 556 5260 2142 5334; baseline -0.003 -17"><span class='ocrx_word' id='word_1_628' title='bbox 556 5260 849 5334; x_wconf 81' lang='lat' dir='ltr'><strong>Epiphanii</strong></span> <span class='ocrx_word' id='word_1_629' title='bbox 888 5277 994 5315; x_wconf 91' lang='lat' dir='ltr'><strong>non</strong></span> <span class='ocrx_word' id='word_1_630' title='bbox 1026 5278 1169 5325; x_wconf 86' lang='lat' dir='ltr'><strong>esse,</strong></span> <span class='ocrx_word' id='word_1_631' title='bbox 1197 5260 1250 5318; x_wconf 71' lang='lat' dir='ltr'><strong>si</strong></span> <span class='ocrx_word' id='word_1_632' title='bbox 1287 5265 1430 5317; x_wconf 89' lang='lat' dir='ltr'><strong>hunc</strong></span> <span class='ocrx_word' id='word_1_633' title='bbox 1461 5263 1528 5334; x_wconf 83' lang='lat' dir='ltr'><strong>ab</strong></span> <span class='ocrx_word' id='word_1_634' title='bbox 1558 5260 1765 5334; x_wconf 78' lang='lat' dir='ltr'><strong>erroris</strong></span> <span class='ocrx_word' id='word_1_635' title='bbox 1801 5260 2142 5334; x_wconf 78' lang='lat' dir='ltr'><strong>culpa___libe-</strong></span> 
     </span>
    </p>
   </div>
   <div class='ocr_carea' id='block_1_90' title="bbox 558 5329 2136 5402">
    <p class='ocr_par' dir='ltr' id='par_1_90' title="bbox 558 5329 2136 5402">
     <span class='ocr_line' id='line_1_90' title="bbox 558 5329 2136 5402; baseline -0.001 -18"><span class='ocrx_word' id='word_1_636' title='bbox 558 5329 680 5402; x_wconf 65' lang='lat' dir='ltr'><strong>rare</strong></span> <span class='ocrx_word' id='word_1_637' title='bbox 711 5333 944 5402; x_wconf 76' lang='lat' dir='ltr'><strong>velimus</strong></span> <span class='ocrx_word' id='word_1_638' title='bbox 972 5348 984 5382; x_wconf 90' lang='lat'><strong>:</strong></span> <span class='ocrx_word' id='word_1_639' title='bbox 1011 5346 1188 5400; x_wconf 87' lang='lat' dir='ltr'><strong>neque</strong></span> <span class='ocrx_word' id='word_1_640' title='bbox 1216 5348 1380 5402; x_wconf 90' lang='lat' dir='ltr'><strong>porro</strong></span> <span class='ocrx_word' id='word_1_641' title='bbox 1406 5333 1617 5402; x_wconf 89' lang='lat' dir='ltr'><strong>priores</strong></span> <span class='ocrx_word' id='word_1_642' title='bbox 1653 5332 1797 5392; x_wconf 89' lang='lat' dir='ltr'><strong>illos,</strong></span> <span class='ocrx_word' id='word_1_643' title='bbox 1852 5329 2136 5402; x_wconf 79' lang='lat' dir='ltr'><strong>Basilium,</strong></span> 
     </span>
    </p>
   </div>
   <div class='ocr_carea' id='block_1_91' title="bbox 557 5400 2139 5472">
    <p class='ocr_par' dir='ltr' id='par_1_91' title="bbox 557 5400 2139 5472">
     <span class='ocr_line' id='line_1_91' title="bbox 557 5400 2139 5472; baseline -0.001 -16"><span class='ocrx_word' id='word_1_644' title='bbox 557 5401 825 5470; x_wconf 75' lang='lat' dir='ltr'><strong>Marcum,</strong></span> <span class='ocrx_word' id='word_1_645' title='bbox 883 5400 1270 5472; x_wconf 84' lang='lat' dir='ltr'><strong>Hypatianum,</strong></span> <span class='ocrx_word' id='word_1_646' title='bbox 1318 5411 1373 5456; x_wconf 90' lang='lat' dir='ltr'><strong>et</strong></span> <span class='ocrx_word' id='word_1_647' title='bbox 1408 5400 1802 5472; x_wconf 73' lang='lat' dir='ltr'><strong>Occidentales</strong></span> <span class='ocrx_word' id='word_1_648' title='bbox 1849 5400 2139 5468; x_wconf 87' lang='lat' dir='ltr'><strong>episc0pos</strong></span> 
     </span>
    </p>
   </div>
   <div class='ocr_carea' id='block_1_92' title="bbox 555 5470 2137 5541">
    <p class='ocr_par' dir='ltr' id='par_1_92' title="bbox 555 5470 2137 5541">
     <span class='ocr_line' id='line_1_92' title="bbox 555 5470 2137 5541; baseline -0.001 -17"><span class='ocrx_word' id='word_1_649' title='bbox 555 5473 883 5541; x_wconf 81' lang='lat' dir='ltr'><strong>Acacianam</strong></span> <span class='ocrx_word' id='word_1_650' title='bbox 937 5470 1152 5523; x_wconf 65' lang='grc' dir='ltr'>ἔκθεσιν</span> <span class='ocrx_word' id='word_1_651' title='bbox 1212 5473 1566 5541; x_wconf 85' lang='lat' dir='ltr'><strong>approbasse.</strong></span> <span class='ocrx_word' id='word_1_652' title='bbox 1602 5470 1782 5536; x_wconf 83' lang='lat' dir='ltr'><strong>Quare</strong></span> <span class='ocrx_word' id='word_1_653' title='bbox 1825 5477 1920 5522; x_wconf 89' lang='lat' dir='ltr'><strong>aut</strong></span> <span class='ocrx_word' id='word_1_654' title='bbox 1947 5484 2137 5541; x_wconf 77' lang='lat' dir='ltr'><strong>eorum</strong></span> 
     </span>
    </p>
   </div>
   <div class='ocr_carea' id='block_1_93' title="bbox 555 5538 2137 5609">
    <p class='ocr_par' dir='ltr' id='par_1_93' title="bbox 555 5538 2137 5609">
     <span class='ocr_line' id='line_1_93' title="bbox 555 5538 2137 5609; baseline -0.002 -16"><span class='ocrx_word' id='word_1_655' title='bbox 555 5540 864 5596; x_wconf 79' lang='lat' dir='ltr'><strong>inducenda</strong></span> <span class='ocrx_word' id='word_1_656' title='bbox 890 5542 1130 5604; x_wconf 89' lang='lat' dir='ltr'><strong>nomina,</strong></span> <span class='ocrx_word' id='word_1_657' title='bbox 1166 5538 1265 5595; x_wconf 72' lang='lat' dir='ltr'><strong>aut</strong></span> <span class='ocrx_word' id='word_1_658' title='bbox 1286 5538 1361 5595; x_wconf 85' lang='lat' dir='ltr'><strong>ita</strong></span> <span class='ocrx_word' id='word_1_659' title='bbox 1385 5541 1671 5609; x_wconf 72' lang='lat' dir='ltr'><strong>legendum</strong></span> <span class='ocrx_word' id='word_1_660' title='bbox 1698 5547 1804 5601; x_wconf 88' lang='lat' dir='ltr'><strong>est,</strong></span> <span class='ocrx_word' id='word_1_661' title='bbox 1837 5538 2137 5609; x_wconf 77' lang='grc' dir='ltr'>γνωρίζου-</span> 
     </span>
    </p>
   </div>
   <div class='ocr_carea' id='block_1_94' title="bbox 560 5605 2137 5682">
    <p class='ocr_par' dir='ltr' id='par_1_94' title="bbox 560 5605 2137 5682">
     <span class='ocr_line' id='line_1_94' title="bbox 560 5605 2137 5682; baseline -0.001 -20"><span class='ocrx_word' id='word_1_662' title='bbox 560 5625 646 5662; x_wconf 79' lang='grc' dir='ltr'><strong>σιν</strong></span> <span class='ocrx_word' id='word_1_663' title='bbox 685 5613 735 5682; x_wconf 74' lang='lat' dir='ltr'><strong>oi</strong></span> <span class='ocrx_word' id='word_1_664' title='bbox 789 5610 1206 5682; x_wconf 72' lang='grc' dir='ltr'>ἐντυγχάνοντες</span> <span class='ocrx_word' id='word_1_665' title='bbox 1244 5613 1311 5681; x_wconf 82' lang='grc' dir='ltr'>τῇ</span> <span class='ocrx_word' id='word_1_666' title='bbox 1355 5605 1559 5682; x_wconf 63' lang='grc' dir='ltr'>πίστει,</span> <span class='ocrx_word' id='word_1_667' title='bbox 1692 5605 2033 5682; x_wconf 4' lang='grc' dir='ltr'>,ὑπέγραψαν</span> <span class='ocrx_word' id='word_1_668' title='bbox 2087 5610 2137 5660; x_wconf 84' lang='grc' dir='ltr'>οἱ</span> 
     </span>
    </p>
   </div>
   <div class='ocr_carea' id='block_1_95' title="bbox 559 5669 2137 5747">
    <p class='ocr_par' dir='ltr' id='par_1_95' title="bbox 559 5669 2137 5747">
     <span class='ocr_line' id='line_1_95' title="bbox 559 5669 2137 5747; baseline -0.001 -16"><span class='ocrx_word' id='word_1_669' title='bbox 559 5680 846 5747; x_wconf 67' lang='grc' dir='ltr'>παρόντες,</span> <span class='ocrx_word' id='word_1_670' title='bbox 873 5669 1330 5745; x_wconf 45' lang='grc' dir='ltr'>Βασίλειοςίειιςῗ,</span> <span class='ocrx_word' id='word_1_671' title='bbox 1356 5681 1449 5734; x_wconf 78' lang='grc' dir='ltr'><strong>καὶ</strong></span> <span class='ocrx_word' id='word_1_672' title='bbox 1486 5669 1556 5732; x_wconf 67' lang='grc' dir='ltr'>οῖ’</span> <span class='ocrx_word' id='word_1_673' title='bbox 1573 5669 2137 5732; x_wconf 57' lang='grc' dir='ltr'>πλεῖστοιῖπίσκοποι</span> 
     </span>
    </p>
   </div>
   <div class='ocr_carea' id='block_1_96' title="bbox 557 5745 2138 5825">
    <p class='ocr_par' dir='ltr' id='par_1_96' title="bbox 557 5745 2138 5825">
     <span class='ocr_line' id='line_1_96' title="bbox 557 5745 2138 5825; baseline 0.001 -24"><span class='ocrx_word' id='word_1_674' title='bbox 557 5745 654 5816; x_wconf 73' lang='grc' dir='ltr'>τῆς</span> <span class='ocrx_word' id='word_1_675' title='bbox 668 5749 901 5812; x_wconf 82' lang='grc' dir='ltr'>Δύσεως.</span> <span class='ocrx_word' id='word_1_676' title='bbox 929 5749 1065 5806; x_wconf 83' lang='lat' dir='ltr'><strong>Tum</strong></span> <span class='ocrx_word' id='word_1_677' title='bbox 1089 5751 1355 5825; x_wconf 81' lang='grc' dir='ltr'>Γεώργιος</span> <span class='ocrx_word' id='word_1_678' title='bbox 1373 5750 1690 5816; x_wconf 76' lang='grc' dir='ltr'>ἐπίσκοπος,</span> <span class='ocrx_word' id='word_1_679' title='bbox 1715 5755 1824 5804; x_wconf 86' lang='lat' dir='ltr'><strong>etc.</strong></span> <span class='ocrx_word' id='word_1_680' title='bbox 1854 5748 2138 5803; x_wconf 81' lang='lat' dir='ltr'><strong>Allirmant</strong></span> 
     </span>
    </p>
   </div>
   <div class='ocr_carea' id='block_1_97' title="bbox 2256 3173 3795 3251">
    <p class='ocr_par' dir='ltr' id='par_1_97' title="bbox 2256 3173 3795 3251">
     <span class='ocr_line' id='line_1_97' title="bbox 2256 3173 3795 3251; baseline -0.001 -23"><span class='ocrx_word' id='word_1_681' title='bbox 2256 3173 2413 3244; x_wconf 85' lang='grc' dir='ltr'>ἁγίου</span> <span class='ocrx_word' id='word_1_682' title='bbox 2457 3175 2793 3246; x_wconf 84' lang='grc' dir='ltr'>Πνεύματος.</span> <span class='ocrx_word' id='word_1_683' title='bbox 2825 3177 2964 3241; x_wconf 79' lang='grc' dir='ltr'>Τοὺς</span> <span class='ocrx_word' id='word_1_684' title='bbox 3003 3177 3059 3232; x_wconf 80' lang='grc' dir='ltr'><strong>δὲ</strong></span> <span class='ocrx_word' id='word_1_685' title='bbox 3093 3177 3246 3248; x_wconf 88' lang='grc' dir='ltr'><strong>παρά</strong></span> <span class='ocrx_word' id='word_1_686' title='bbox 3275 3179 3487 3251; x_wconf 81' lang='grc' dir='ltr'>ταύτην</span> <span class='ocrx_word' id='word_1_687' title='bbox 3529 3179 3620 3250; x_wconf 76' lang='grc' dir='ltr'>τὴν</span> <span class='ocrx_word' id='word_1_688' title='bbox 3656 3176 3795 3229; x_wconf 81' lang='grc' dir='ltr'>πίστιν</span> 
     </span>
    </p>
   </div>
   <div class='ocr_carea' id='block_1_98' title="bbox 2255 3265 3793 3342">
    <p class='ocr_par' dir='ltr' id='par_1_98' title="bbox 2255 3265 3793 3342">
     <span class='ocr_line' id='line_1_98' title="bbox 2255 3265 3793 3342; baseline 0 -22"><span class='ocrx_word' id='word_1_689' title='bbox 2255 3265 2384 3320; x_wconf 82' lang='grc' dir='ltr'>ἀλλο</span> <span class='ocrx_word' id='word_1_690' title='bbox 2431 3284 2486 3320; x_wconf 88' lang='grc' dir='ltr'><strong>τι</strong></span> <span class='ocrx_word' id='word_1_691' title='bbox 2539 3267 2909 3339; x_wconf 85' lang='grc' dir='ltr'>κηρύττοντας</span> <span class='ocrx_word' id='word_1_692' title='bbox 2964 3268 3278 3341; x_wconf 86' lang='grc' dir='ltr'>ἀλλοτρίους</span> <span class='ocrx_word' id='word_1_693' title='bbox 3327 3266 3468 3327; x_wconf 80' lang='grc' dir='ltr'>οἶδεν</span> <span class='ocrx_word' id='word_1_694' title='bbox 3508 3274 3540 3342; x_wconf 78' lang='grc' dir='ltr'><strong>ἡ</strong></span> <span class='ocrx_word' id='word_1_695' title='bbox 3584 3267 3793 3334; x_wconf 81' lang='grc' dir='ltr'>καθολικὴ</span> 
     </span>
    </p>
   </div>
   <div class='ocr_carea' id='block_1_99' title="bbox 2268 3358 3793 3434">
    <p class='ocr_par' dir='ltr' id='par_1_99' title="bbox 2268 3358 3793 3434">
     <span class='ocr_line' id='line_1_99' title="bbox 2268 3358 3793 3434; baseline -0.001 -23"><span class='ocrx_word' id='word_1_696' title='bbox 2268 3358 2586 3430; x_wconf 87' lang='grc' dir='ltr'>Ἐκκλησία.</span> <span class='ocrx_word' id='word_1_697' title='bbox 2618 3361 2743 3412; x_wconf 74' lang='grc' dir='ltr'>Ὀτι</span> <span class='ocrx_word' id='word_1_698' title='bbox 2774 3360 2832 3413; x_wconf 84' lang='grc' dir='ltr'><strong>δὲ</strong></span> <span class='ocrx_word' id='word_1_699' title='bbox 2869 3360 3043 3434; x_wconf 85' lang='grc' dir='ltr'>ταύτῃ</span> <span class='ocrx_word' id='word_1_700' title='bbox 3084 3363 3150 3432; x_wconf 81' lang='grc' dir='ltr'>τῇ</span> <span class='ocrx_word' id='word_1_701' title='bbox 3191 3363 3381 3416; x_wconf 86' lang='grc' dir='ltr'>πίστει</span> <span class='ocrx_word' id='word_1_702' title='bbox 3419 3358 3793 3432; x_wconf 81' lang='grc' dir='ltr'>ίσοδυναμείκαὶ</span> 
     </span>
    </p>
   </div>
   <div class='ocr_carea' id='block_1_100' title="bbox 2256 3449 3794 3523">
    <p class='ocr_par' dir='ltr' id='par_1_100' title="bbox 2256 3449 3794 3523">
     <span class='ocr_line' id='line_1_100' title="bbox 2256 3449 3794 3523; baseline -0.001 -21"><span class='ocrx_word' id='word_1_703' title='bbox 2256 3451 2290 3520; x_wconf 83' lang='grc' dir='ltr'>ὴ</span> <span class='ocrx_word' id='word_1_704' title='bbox 2315 3449 2374 3503; x_wconf 82' lang='grc' dir='ltr'>ὲν</span> <span class='ocrx_word' id='word_1_705' title='bbox 2405 3450 2614 3521; x_wconf 86' lang='grc' dir='ltr'>Σιρμίῳ</span> <span class='ocrx_word' id='word_1_706' title='bbox 2652 3449 2846 3522; x_wconf 86' lang='grc' dir='ltr'>πρώην</span> <span class='ocrx_word' id='word_1_707' title='bbox 2880 3450 3162 3504; x_wconf 81' lang='grc' dir='ltr'>ὲκτεθείσα</span> <span class='ocrx_word' id='word_1_708' title='bbox 3196 3453 3388 3517; x_wconf 85' lang='grc' dir='ltr'>πίστις</span> <span class='ocrx_word' id='word_1_709' title='bbox 3446 3455 3536 3506; x_wconf 78' lang='grc' dir='ltr'>ἐπὶ</span> <span class='ocrx_word' id='word_1_710' title='bbox 3572 3454 3662 3523; x_wconf 83' lang='grc' dir='ltr'>τῆς</span> <span class='ocrx_word' id='word_1_711' title='bbox 3677 3452 3794 3504; x_wconf 78' lang='grc' dir='ltr'>εὐσε-</span> 
     </span>
    </p>
   </div>
   <div class='ocr_carea' id='block_1_101' title="bbox 2257 3539 3793 3615">
    <p class='ocr_par' dir='ltr' id='par_1_101' title="bbox 2257 3539 3793 3615">
     <span class='ocr_line' id='line_1_101' title="bbox 2257 3539 3793 3615; baseline 0 -23"><span class='ocrx_word' id='word_1_712' title='bbox 2257 3540 2408 3603; x_wconf 83' lang='grc' dir='ltr'>ϐείας</span> <span class='ocrx_word' id='word_1_713' title='bbox 2439 3539 2534 3592; x_wconf 86' lang='grc' dir='ltr'><strong>τοῦ</strong></span> <span class='ocrx_word' id='word_1_714' title='bbox 2579 3540 2844 3610; x_wconf 86' lang='grc' dir='ltr'>βασιλέως</span> <span class='ocrx_word' id='word_1_715' title='bbox 2881 3541 3058 3612; x_wconf 74' lang='grc' dir='ltr'>ἡμῶν,</span> <span class='ocrx_word' id='word_1_716' title='bbox 3101 3542 3469 3615; x_wconf 74' lang='grc' dir='ltr'>γνωρίζουσιν</span> <span class='ocrx_word' id='word_1_717' title='bbox 3495 3544 3544 3597; x_wconf 87' lang='grc' dir='ltr'>οἱ</span> <span class='ocrx_word' id='word_1_718' title='bbox 3581 3539 3793 3609; x_wconf 81' lang='grc' dir='ltr'>ἐντυγχά-</span> 
     </span>
    </p>
   </div>
   <div class='ocr_carea' id='block_1_102' title="bbox 2255 3632 2789 3704">
    <p class='ocr_par' dir='ltr' id='par_1_102' title="bbox 2255 3632 2789 3704">
     <span class='ocr_line' id='line_1_102' title="bbox 2255 3632 2789 3704; baseline 0.002 -18"><span class='ocrx_word' id='word_1_719' title='bbox 2255 3649 2444 3696; x_wconf 88' lang='grc' dir='ltr'>νοντες</span> <span class='ocrx_word' id='word_1_720' title='bbox 2484 3635 2550 3704; x_wconf 80' lang='grc' dir='ltr'>τῇ</span> <span class='ocrx_word' id='word_1_721' title='bbox 2589 3632 2789 3687; x_wconf 85' lang='grc' dir='ltr'>πίστει.</span> 
     </span>
    </p>
   </div>
   <div class='ocr_carea' id='block_1_103' title="bbox 2321 3808 3784 3884">
    <p class='ocr_par' dir='ltr' id='par_1_103' title="bbox 2321 3808 3784 3884">
     <span class='ocr_line' id='line_1_103' title="bbox 2321 3808 3784 3884; baseline -0.001 -20"><span class='ocrx_word' id='word_1_722' title='bbox 2321 3810 2467 3876; x_wconf 71' lang='grc' dir='ltr'><strong>ΚΕΓ.</strong></span> <span class='ocrx_word' id='word_1_723' title='bbox 2486 3808 2837 3881; x_wconf 86' lang='grc' dir='ltr'>Ὑπέγραψαν</span> <span class='ocrx_word' id='word_1_724' title='bbox 2853 3811 2900 3862; x_wconf 86' lang='grc' dir='ltr'>οἱ</span> <span class='ocrx_word' id='word_1_725' title='bbox 2916 3811 3180 3881; x_wconf 86' lang='grc' dir='ltr'>παρόντες</span> <span class='ocrx_word' id='word_1_726' title='bbox 3207 3810 3345 3884; x_wconf 70' lang='grc' dir='ltr'><strong>(ϐΞ),</strong></span> <span class='ocrx_word' id='word_1_727' title='bbox 3371 3813 3650 3874; x_wconf 78' lang='grc' dir='ltr'>Βασίλειος.</span> <span class='ocrx_word' id='word_1_728' title='bbox 3671 3809 3784 3878; x_wconf 52' lang='lat' dir='ltr'><strong>Mai?</strong></span> 
     </span>
    </p>
   </div>
   <div class='ocr_carea' id='block_1_104' title="bbox 2251 3899 3786 3975">
    <p class='ocr_par' dir='ltr' id='par_1_104' title="bbox 2251 3899 3786 3975">
     <span class='ocr_line' id='line_1_104' title="bbox 2251 3899 3786 3975; baseline 0.005 -22"><span class='ocrx_word' id='word_1_729' title='bbox 2251 3916 2367 3967; x_wconf 88' lang='grc' dir='ltr'>κος,</span> <span class='ocrx_word' id='word_1_730' title='bbox 2403 3901 2496 3953; x_wconf 82' lang='grc' dir='ltr'>καὶ</span> <span class='ocrx_word' id='word_1_731' title='bbox 2545 3899 2816 3972; x_wconf 81' lang='grc' dir='ltr'>Γεὼργιος</span> <span class='ocrx_word' id='word_1_732' title='bbox 2855 3900 2885 3952; x_wconf 90' lang='grc' dir='ltr'><strong>ό</strong></span> <span class='ocrx_word' id='word_1_733' title='bbox 2919 3901 3024 3971; x_wconf 83' lang='grc' dir='ltr'>τῆς</span> <span class='ocrx_word' id='word_1_734' title='bbox 3070 3901 3479 3975; x_wconf 78' lang='grc' dir='ltr'>Ἀλεξανδρείας</span> <span class='ocrx_word' id='word_1_735' title='bbox 3522 3903 3786 3964; x_wconf 70' lang='grc' dir='ltr'>ἐπίσκοπος,</span> 
     </span>
    </p>
   </div>
   <div class='ocr_carea' id='block_1_105' title="bbox 2246 4209 3782 4270">
    <p class='ocr_par' dir='ltr' id='par_1_105' title="bbox 2246 4209 3782 4270">
     <span class='ocr_line' id='line_1_105' title="bbox 2246 4209 3782 4270; baseline -0.004 -4"><span class='ocrx_word' id='word_1_736' title='bbox 2246 4211 2394 4266; x_wconf 88' lang='lat' dir='ltr'><strong>enim</strong></span> <span class='ocrx_word' id='word_1_737' title='bbox 2431 4209 2690 4264; x_wconf 73' lang='lat' dir='ltr'><strong>Acaciani</strong></span> <span class='ocrx_word' id='word_1_738' title='bbox 2720 4209 2921 4265; x_wconf 88' lang='lat' dir='ltr'><strong>editam</strong></span> <span class='ocrx_word' id='word_1_739' title='bbox 2958 4226 2988 4265; x_wconf 89' lang='lat' dir='ltr'><strong>a</strong></span> <span class='ocrx_word' id='word_1_740' title='bbox 3024 4227 3085 4268; x_wconf 87' lang='lat' dir='ltr'><strong>se</strong></span> <span class='ocrx_word' id='word_1_741' title='bbox 3115 4212 3236 4268; x_wconf 91' lang='lat' dir='ltr'><strong>fidei</strong></span> <span class='ocrx_word' id='word_1_742' title='bbox 3276 4213 3668 4270; x_wconf 85' lang='lat' dir='ltr'><strong>confessionem</strong></span> <span class='ocrx_word' id='word_1_743' title='bbox 3688 4222 3782 4263; x_wconf 89' lang='lat' dir='ltr'><strong>cum</strong></span> 
     </span>
    </p>
   </div>
   <div class='ocr_carea' id='block_1_106' title="bbox 2245 4278 3784 4352">
    <p class='ocr_par' dir='ltr' id='par_1_106' title="bbox 2245 4278 3784 4352">
     <span class='ocr_line' id='line_1_106' title="bbox 2245 4278 3784 4352; baseline -0.002 -15"><span class='ocrx_word' id='word_1_744' title='bbox 2245 4298 2312 4337; x_wconf 89' lang='lat' dir='ltr'><strong>ea</strong></span> <span class='ocrx_word' id='word_1_745' title='bbox 2369 4281 2685 4352; x_wconf 71' lang='lat' dir='ltr'><strong>consentire</strong></span> <span class='ocrx_word' id='word_1_746' title='bbox 2739 4281 2996 4352; x_wconf 76' lang='lat' dir='ltr'><strong>formula,</strong></span> <span class='ocrx_word' id='word_1_747' title='bbox 3051 4283 3104 4336; x_wconf 93' lang='lat' dir='ltr'><strong>in</strong></span> <span class='ocrx_word' id='word_1_748' title='bbox 3146 4299 3310 4352; x_wconf 88' lang='lat' dir='ltr'><strong>quam</strong></span> <span class='ocrx_word' id='word_1_749' title='bbox 3358 4285 3540 4339; x_wconf 91' lang='lat' dir='ltr'><strong>Sirmii</strong></span> <span class='ocrx_word' id='word_1_750' title='bbox 3571 4278 3784 4352; x_wconf 14' lang='lat' dir='ltr'><strong>cumHVa-</strong></span> 
     </span>
    </p>
   </div>
   <div class='ocr_carea' id='block_1_107' title="bbox 2248 4348 3779 4411">
    <p class='ocr_par' dir='ltr' id='par_1_107' title="bbox 2248 4348 3779 4411">
     <span class='ocr_line' id='line_1_107' title="bbox 2248 4348 3779 4411; baseline 0.001 -5"><span class='ocrx_word' id='word_1_751' title='bbox 2248 4353 2414 4411; x_wconf 90' lang='lat' dir='ltr'><strong>lente,</strong></span> <span class='ocrx_word' id='word_1_752' title='bbox 2439 4348 2688 4411; x_wconf 88' lang='lat' dir='ltr'><strong>Ursacio,</strong></span> <span class='ocrx_word' id='word_1_753' title='bbox 2712 4360 2763 4405; x_wconf 88' lang='lat' dir='ltr'><strong>et</strong></span> <span class='ocrx_word' id='word_1_754' title='bbox 2783 4348 3230 4408; x_wconf 79' lang='lat' dir='ltr'><strong>Occidentalibus</strong></span> <span class='ocrx_word' id='word_1_755' title='bbox 3255 4369 3554 4410; x_wconf 87' lang='lat' dir='ltr'><strong>convenere</strong></span> <span class='ocrx_word' id='word_1_756' title='bbox 3573 4351 3779 4407; x_wconf 66' lang='lat' dir='ltr'><strong>Basilius,</strong></span> 
     </span>
    </p>
   </div>
   <div class='ocr_carea' id='block_1_108' title="bbox 2249 4418 3781 4492">
    <p class='ocr_par' dir='ltr' id='par_1_108' title="bbox 2249 4418 3781 4492">
     <span class='ocr_line' id='line_1_108' title="bbox 2249 4418 3781 4492; baseline -0.002 -17"><span class='ocrx_word' id='word_1_757' title='bbox 2249 4421 2484 4482; x_wconf 88' lang='lat' dir='ltr'><strong>Marcus,</strong></span> <span class='ocrx_word' id='word_1_758' title='bbox 2517 4419 3083 4492; x_wconf 31' lang='lat' dir='ltr'><strong>Georgius,‘_aliique,</strong></span> <span class='ocrx_word' id='word_1_759' title='bbox 3127 4439 3268 4492; x_wconf 86' lang='lat' dir='ltr'><strong>quos</strong></span> <span class='ocrx_word' id='word_1_760' title='bbox 3295 4423 3598 4478; x_wconf 90' lang='lat' dir='ltr'><strong>Gcrminius</strong></span> <span class='ocrx_word' id='word_1_761' title='bbox 3630 4424 3675 4475; x_wconf 89' lang='lat' dir='ltr'><strong>in</strong></span> <span class='ocrx_word' id='word_1_762' title='bbox 3698 4418 3781 4487; x_wconf 86' lang='lat' dir='ltr'><strong>epi-</strong></span> 
     </span>
    </p>
   </div>
   <div class='ocr_carea' id='block_1_109' title="bbox 2250 4489 3780 4563">
    <p class='ocr_par' dir='ltr' id='par_1_109' title="bbox 2250 4489 3780 4563">
     <span class='ocr_line' id='line_1_109' title="bbox 2250 4489 3780 4563; baseline -0.005 -17"><span class='ocrx_word' id='word_1_763' title='bbox 2250 4493 2410 4552; x_wconf 78' lang='lat' dir='ltr'><strong>stOla,</strong></span> <span class='ocrx_word' id='word_1_764' title='bbox 2452 4506 2574 4559; x_wconf 67' lang='lat' dir='ltr'><strong>qua:</strong></span> <span class='ocrx_word' id='word_1_765' title='bbox 2618 4489 2988 4563; x_wconf 34' lang='lat' dir='ltr'><strong>inter‘llilarii</strong></span> <span class='ocrx_word' id='word_1_766' title='bbox 3021 4489 3324 4562; x_wconf 82' lang='lat' dir='ltr'><strong>fragmenta</strong></span> <span class='ocrx_word' id='word_1_767' title='bbox 3379 4495 3653 4563; x_wconf 73' lang='lat' dir='ltr'><strong>reperitur,</strong></span> <span class='ocrx_word' id='word_1_768' title='bbox 3679 4501 3780 4543; x_wconf 87' lang='lat' dir='ltr'><strong>enn-</strong></span> 
     </span>
    </p>
   </div>
   <div class='ocr_carea' id='block_1_110' title="bbox 2249 4559 3779 4631">
    <p class='ocr_par' dir='ltr' id='par_1_110' title="bbox 2249 4559 3779 4631">
     <span class='ocr_line' id='line_1_110' title="bbox 2249 4559 3779 4631; baseline -0.005 -16"><span class='ocrx_word' id='word_1_769' title='bbox 2249 4569 2472 4631; x_wconf 79' lang='lat' dir='ltr'><strong>mcrat_:</strong></span> <span class='ocrx_word' id='word_1_770' title='bbox 2509 4575 2704 4629; x_wconf 88' lang='lat' dir='ltr'><strong>nempe</strong></span> <span class='ocrx_word' id='word_1_771' title='bbox 2755 4559 3049 4631; x_wconf 77' lang='lat' dir='ltr'><strong>Georgium</strong></span> <span class='ocrx_word' id='word_1_772' title='bbox 3090 4559 3558 4631; x_wconf 66' lang='lat' dir='ltr'><strong>Alexandrinum,</strong></span> <span class='ocrx_word' id='word_1_773' title='bbox 3590 4561 3779 4614; x_wconf 85' lang='lat' dir='ltr'><strong>Pancra-</strong></span> 
     </span>
    </p>
   </div>
   <div class='ocr_carea' id='block_1_111' title="bbox 2248 4629 3776 4702">
    <p class='ocr_par' dir='ltr' id='par_1_111' title="bbox 2248 4629 3776 4702">
     <span class='ocr_line' id='line_1_111' title="bbox 2248 4629 3776 4702; baseline -0.004 -19"><span class='ocrx_word' id='word_1_774' title='bbox 2248 4633 2383 4702; x_wconf 70' lang='lat' dir='ltr'><strong>tium</strong></span> <span class='ocrx_word' id='word_1_775' title='bbox 2418 4629 2764 4702; x_wconf 76' lang='lat' dir='ltr'><strong>Pelusinuin,</strong></span> <span class='ocrx_word' id='word_1_776' title='bbox 2815 4629 3074 4685; x_wconf 72' lang='lat' dir='ltr'><strong>llasilinm</strong></span> <span class='ocrx_word' id='word_1_777' title='bbox 3124 4633 3492 4702; x_wconf 75' lang='lat' dir='ltr'><strong>Ancyranum,</strong></span> <span class='ocrx_word' id='word_1_778' title='bbox 3527 4630 3776 4702; x_wconf 69' lang='lat' dir='ltr'><strong>Valentem,</strong></span> 
     </span>
    </p>
   </div>
   <div class='ocr_carea' id='block_1_112' title="bbox 2249 4698 3777 4756">
    <p class='ocr_par' dir='ltr' id='par_1_112' title="bbox 2249 4698 3777 4756">
     <span class='ocr_line' id='line_1_112' title="bbox 2249 4698 3777 4756; baseline -0.002 -3"><span class='ocrx_word' id='word_1_779' title='bbox 2249 4698 2538 4754; x_wconf 87' lang='lat' dir='ltr'><strong>Ursacium</strong></span> <span class='ocrx_word' id='word_1_780' title='bbox 2580 4711 2634 4753; x_wconf 84' lang='lat' dir='ltr'><strong>et</strong></span> <span class='ocrx_word' id='word_1_781' title='bbox 2683 4701 2946 4754; x_wconf 85' lang='lat' dir='ltr'><strong>Marcum.</strong></span> <span class='ocrx_word' id='word_1_782' title='bbox 2982 4698 3336 4756; x_wconf 77' lang='lat' dir='ltr'><strong>Restituenda</strong></span> <span class='ocrx_word' id='word_1_783' title='bbox 3378 4703 3519 4756; x_wconf 90' lang='lat' dir='ltr'><strong>enim</strong></span> <span class='ocrx_word' id='word_1_784' title='bbox 3553 4698 3777 4754; x_wconf 77' lang='lat' dir='ltr'><strong>Pancralil</strong></span> 
     </span>
    </p>
   </div>
   <div class='ocr_carea' id='block_1_113' title="bbox 2245 4769 3773 4840">
    <p class='ocr_par' dir='ltr' id='par_1_113' title="bbox 2245 4769 3773 4840">
     <span class='ocr_line' id='line_1_113' title="bbox 2245 4769 3773 4840; baseline -0.001 -18"><span class='ocrx_word' id='word_1_785' title='bbox 2245 4781 2459 4840; x_wconf 9' lang='lat' dir='ltr'><strong>voxrcst</strong></span> <span class='ocrx_word' id='word_1_786' title='bbox 2486 4770 2540 4840; x_wconf 90' lang='lat' dir='ltr'><strong>in</strong></span> <span class='ocrx_word' id='word_1_787' title='bbox 2571 4769 2836 4823; x_wconf 88' lang='lat' dir='ltr'><strong>Germinii</strong></span> <span class='ocrx_word' id='word_1_788' title='bbox 2865 4773 3092 4838; x_wconf 88' lang='lat' dir='ltr'><strong>epistola</strong></span> <span class='ocrx_word' id='word_1_789' title='bbox 3123 4789 3136 4821; x_wconf 88' lang='lat'><strong>:</strong></span> <span class='ocrx_word' id='word_1_790' title='bbox 3177 4773 3265 4826; x_wconf 90' lang='lat' dir='ltr'><strong>ubi</strong></span> <span class='ocrx_word' id='word_1_791' title='bbox 3304 4776 3374 4826; x_wconf 91' lang='lat' dir='ltr'><strong>ita</strong></span> <span class='ocrx_word' id='word_1_792' title='bbox 3407 4773 3651 4840; x_wconf 88' lang='lat' dir='ltr'><strong>scriptum</strong></span> <span class='ocrx_word' id='word_1_793' title='bbox 3679 4772 3773 4840; x_wconf 62' lang='lat' dir='ltr'><strong>est:</strong></span> 
     </span>
    </p>
   </div>
   <div class='ocr_carea' id='block_1_114' title="bbox 2246 4834 3775 4909">
    <p class='ocr_par' dir='ltr' id='par_1_114' title="bbox 2246 4834 3775 4909">
     <span class='ocr_line' id='line_1_114' title="bbox 2246 4834 3775 4909; baseline 0.001 -17"><span class='ocrx_word' id='word_1_794' title='bbox 2246 4839 2316 4892; x_wconf 81' lang='lat' dir='ltr'><strong>Et</strong></span> <span class='ocrx_word' id='word_1_795' title='bbox 2341 4839 2564 4908; x_wconf 81' lang='lat' dir='ltr'><strong>Georgio</strong></span> <span class='ocrx_word' id='word_1_796' title='bbox 2580 4841 2820 4909; x_wconf 82' lang='lat' dir='ltr'><strong>episcopo</strong></span> <span class='ocrx_word' id='word_1_797' title='bbox 2848 4834 3332 4896; x_wconf 70' lang='lat' dir='ltr'><strong>Alexandrinorum</strong></span> <span class='ocrx_word' id='word_1_798' title='bbox 3365 4834 3601 4895; x_wconf 65' lang='lat' dir='ltr'><strong>Ecclesia:</strong></span> <span class='ocrx_word' id='word_1_799' title='bbox 3624 4841 3638 4858; x_wconf 79' lang='grc'>⁸</span> <span class='ocrx_word' id='word_1_800' title='bbox 3661 4841 3676 4859; x_wconf 81' lang='grc'><strong>⁴</strong></span> <span class='ocrx_word' id='word_1_801' title='bbox 3697 4834 3775 4886; x_wconf 54' lang='lat' dir='ltr'><strong>PP</strong></span> 
     </span>
    </p>
   </div>
   <div class='ocr_carea' id='block_1_115' title="bbox 2248 4909 3774 4984">
    <p class='ocr_par' dir='ltr' id='par_1_115' title="bbox 2248 4909 3774 4984">
     <span class='ocr_line' id='line_1_115' title="bbox 2248 4909 3774 4984; baseline 0.002 -23"><span class='ocrx_word' id='word_1_802' title='bbox 2248 4911 2569 4965; x_wconf 83' lang='lat' dir='ltr'><strong>lusinorum.</strong></span> <span class='ocrx_word' id='word_1_803' title='bbox 2599 4911 2715 4984; x_wconf 74' lang='lat' dir='ltr'><strong>lino</strong></span> <span class='ocrx_word' id='word_1_804' title='bbox 2743 4926 2868 4984; x_wconf 85' lang='lat' dir='ltr'><strong>vero</strong></span> <span class='ocrx_word' id='word_1_805' title='bbox 2900 4915 3014 4984; x_wconf 83' lang='lat' dir='ltr'><strong>fieri</strong></span> <span class='ocrx_word' id='word_1_806' title='bbox 3046 4923 3244 4982; x_wconf 84' lang='lat' dir='ltr'><strong>potest,</strong></span> <span class='ocrx_word' id='word_1_807' title='bbox 3275 4922 3332 4966; x_wconf 96' lang='lat' dir='ltr'><strong>ut</strong></span> <span class='ocrx_word' id='word_1_808' title='bbox 3382 4909 3652 4984; x_wconf 73' lang='lat' dir='ltr'><strong>llypatiani</strong></span> <span class='ocrx_word' id='word_1_809' title='bbox 3670 4916 3774 4984; x_wconf 49' lang='lat' dir='ltr'><strong>qi}?</strong></span> 
     </span>
    </p>
   </div>
   <div class='ocr_carea' id='block_1_116' title="bbox 2245 4976 3770 5049">
    <p class='ocr_par' dir='ltr' id='par_1_116' title="bbox 2245 4976 3770 5049">
     <span class='ocr_line' id='line_1_116' title="bbox 2245 4976 3770 5049; baseline -0.007 -15"><span class='ocrx_word' id='word_1_810' title='bbox 2245 4996 2352 5049; x_wconf 88' lang='lat' dir='ltr'><strong>que</strong></span> <span class='ocrx_word' id='word_1_811' title='bbox 2381 4995 2578 5034; x_wconf 89' lang='lat' dir='ltr'><strong>nomen</strong></span> <span class='ocrx_word' id='word_1_812' title='bbox 2615 4995 2645 5032; x_wconf 86' lang='lat' dir='ltr'><strong>a</strong></span> <span class='ocrx_word' id='word_1_813' title='bbox 2671 4978 2950 5035; x_wconf 89' lang='lat' dir='ltr'><strong>Germinio</strong></span> <span class='ocrx_word' id='word_1_814' title='bbox 2993 4976 3480 5037; x_wconf 74' lang='lat' dir='ltr'><strong>continemoratuiii</strong></span> <span class='ocrx_word' id='word_1_815' title='bbox 3516 4976 3770 5048; x_wconf 58' lang='lat' dir='ltr'><strong>exciderit;</strong></span> 
     </span>
    </p>
   </div>
   <div class='ocr_carea' id='block_1_117' title="bbox 2245 5049 3770 5119">
    <p class='ocr_par' dir='ltr' id='par_1_117' title="bbox 2245 5049 3770 5119">
     <span class='ocr_line' id='line_1_117' title="bbox 2245 5049 3770 5119; baseline 0.004 -16"><span class='ocrx_word' id='word_1_816' title='bbox 2245 5065 2371 5103; x_wconf 88' lang='lat' dir='ltr'><strong>nam</strong></span> <span class='ocrx_word' id='word_1_817' title='bbox 2403 5049 2743 5119; x_wconf 86' lang='lat' dir='ltr'><strong>Epiphanius</strong></span> <span class='ocrx_word' id='word_1_818' title='bbox 2794 5052 2850 5104; x_wconf 93' lang='lat' dir='ltr'><strong>in</strong></span> <span class='ocrx_word' id='word_1_819' title='bbox 2903 5054 3057 5107; x_wconf 88' lang='lat' dir='ltr'><strong>calce</strong></span> <span class='ocrx_word' id='word_1_820' title='bbox 3090 5067 3243 5107; x_wconf 91' lang='lat' dir='ltr'><strong>num.</strong></span> <span class='ocrx_word' id='word_1_821' title='bbox 3287 5053 3356 5105; x_wconf 69' lang='grc'>22</span> <span class='ocrx_word' id='word_1_822' title='bbox 3397 5054 3534 5105; x_wconf 90' lang='lat' dir='ltr'><strong>inter</strong></span> <span class='ocrx_word' id='word_1_823' title='bbox 3571 5061 3672 5108; x_wconf 70' lang='lat' dir='ltr'><strong>eos.</strong></span> <span class='ocrx_word' id='word_1_824' title='bbox 3700 5053 3770 5119; x_wconf 76' lang='grc' dir='ltr'>ιω</span> 
     </span>
    </p>
   </div>
   <div class='ocr_carea' id='block_1_118' title="bbox 2247 5118 3770 5192">
    <p class='ocr_par' dir='ltr' id='par_1_118' title="bbox 2247 5118 3770 5192">
     <span class='ocr_line' id='line_1_118' title="bbox 2247 5118 3770 5192; baseline -0.005 -20"><span class='ocrx_word' id='word_1_825' title='bbox 2247 5118 2536 5175; x_wconf 82' lang='lat' dir='ltr'><strong>Sirmiensi</strong></span> <span class='ocrx_word' id='word_1_826' title='bbox 2582 5120 2829 5192; x_wconf 74' lang='lat' dir='ltr'><strong>formulae</strong></span> <span class='ocrx_word' id='word_1_827' title='bbox 2853 5122 3323 5192; x_wconf 88' lang='lat' dir='ltr'><strong>subscripserunt,</strong></span> <span class='ocrx_word' id='word_1_828' title='bbox 3365 5122 3598 5192; x_wconf 79' lang='lat' dir='ltr'><strong>adfuisse</strong></span> <span class='ocrx_word' id='word_1_829' title='bbox 3624 5118 3770 5192; x_wconf 74' lang='lat' dir='ltr'><strong>narrat</strong></span> 
     </span>
    </p>
   </div>
   <div class='ocr_carea' id='block_1_119' title="bbox 2243 5187 3769 5261">
    <p class='ocr_par' dir='ltr' id='par_1_119' title="bbox 2243 5187 3769 5261">
     <span class='ocr_line' id='line_1_119' title="bbox 2243 5187 3769 5261; baseline 0.004 -18"><span class='ocrx_word' id='word_1_830' title='bbox 2243 5205 2370 5244; x_wconf 91' lang='lat' dir='ltr'><strong>cum</strong></span> <span class='ocrx_word' id='word_1_831' title='bbox 2415 5189 2628 5245; x_wconf 65' lang='lat' dir='ltr'><strong>caeteris</strong></span> <span class='ocrx_word' id='word_1_832' title='bbox 2664 5190 3032 5260; x_wconf 84' lang='lat' dir='ltr'><strong>llypatianum</strong></span> <span class='ocrx_word' id='word_1_833' title='bbox 3065 5187 3202 5261; x_wconf 62' lang='lat' dir='ltr'><strong>{qui</strong></span> <span class='ocrx_word' id='word_1_834' title='bbox 3264 5187 3769 5261; x_wconf 61' lang='lat' dir='ltr'><strong>l-lcraclea_2__f_uil_¢Pl&#39;</strong></span> 
     </span>
    </p>
   </div>
   <div class='ocr_carea' id='block_1_120' title="bbox 2242 5252 3768 5332">
    <p class='ocr_par' dir='ltr' id='par_1_120' title="bbox 2242 5252 3768 5332">
     <span class='ocr_line' id='line_1_120' title="bbox 2242 5252 3768 5332; baseline 0.003 -18"><span class='ocrx_word' id='word_1_835' title='bbox 2242 5274 2466 5332; x_wconf 80' lang='lat' dir='ltr'><strong>scopus,</strong></span> <span class='ocrx_word' id='word_1_836' title='bbox 2513 5269 2572 5332; x_wconf 89' lang='lat' dir='ltr'><strong>ut</strong></span> <span class='ocrx_word' id='word_1_837' title='bbox 2617 5252 2966 5316; x_wconf 59' lang='lat' dir='ltr'><strong>ait&#39;Sozom.</strong></span> <span class='ocrx_word' id='word_1_838' title='bbox 3017 5252 3227 5332; x_wconf 64' lang='lat' dir='ltr'><strong>lib.&#39;vt,</strong></span> <span class='ocrx_word' id='word_1_839' title='bbox 3266 5278 3383 5332; x_wconf 89' lang='lat' dir='ltr'><strong>cap.</strong></span> <span class='ocrx_word' id='word_1_840' title='bbox 3431 5252 3768 5332; x_wconf 62' lang='lat' dir='ltr'><strong>7.&#39;Ub_i0bl_lel&#39;</strong></span> 
     </span>
    </p>
   </div>
   <div class='ocr_carea' id='block_1_121' title="bbox 2242 5327 3765 5398">
    <p class='ocr_par' dir='ltr' id='par_1_121' title="bbox 2242 5327 3765 5398">
     <span class='ocr_line' id='line_1_121' title="bbox 2242 5327 3765 5398; baseline -0.001 -16"><span class='ocrx_word' id='word_1_841' title='bbox 2242 5327 2620 5398; x_wconf 80' lang='lat' dir='ltr'><strong>eineiidandus</strong></span> <span class='ocrx_word' id='word_1_842' title='bbox 2655 5339 2761 5395; x_wconf 90' lang='lat' dir='ltr'><strong>est,</strong></span> <span class='ocrx_word' id='word_1_843' title='bbox 2789 5333 2920 5386; x_wconf 88' lang='lat' dir='ltr'><strong>dum</strong></span> <span class='ocrx_word' id='word_1_844' title='bbox 2945 5335 3020 5386; x_wconf 90' lang='lat' dir='ltr'><strong>ait</strong></span> <span class='ocrx_word' id='word_1_845' title='bbox 3052 5327 3491 5395; x_wconf 75' lang='lat' dir='ltr'><strong>Macedonianos,</strong></span> <span class='ocrx_word' id='word_1_846' title='bbox 3513 5327 3765 5398; x_wconf 65' lang='lat' dir='ltr'><strong>quiposm</strong></span> 
     </span>
    </p>
   </div>
   <div class='ocr_carea' id='block_1_122' title="bbox 2242 5395 3765 5470">
    <p class='ocr_par' dir='ltr' id='par_1_122' title="bbox 2242 5395 3765 5470">
     <span class='ocr_line' id='line_1_122' title="bbox 2242 5395 3765 5470; baseline -0.003 -19"><span class='ocrx_word' id='word_1_847' title='bbox 2242 5397 2530 5470; x_wconf 89' lang='lat' dir='ltr'><strong>Lampsaci</strong></span> <span class='ocrx_word' id='word_1_848' title='bbox 2591 5410 3002 5466; x_wconf 90' lang='lat' dir='ltr'><strong>convenerunt,</strong></span> <span class='ocrx_word' id='word_1_849' title='bbox 3063 5400 3447 5458; x_wconf 85' lang='lat' dir='ltr'><strong>Valentiniano</strong></span> <span class='ocrx_word' id='word_1_850' title='bbox 3499 5395 3548 5454; x_wconf 77' lang='lat' dir='ltr'><strong>et</strong></span> <span class='ocrx_word' id='word_1_851' title='bbox 3588 5395 3765 5470; x_wconf 69' lang='lat' dir='ltr'><strong>Valente</strong></span> 
     </span>
    </p>
   </div>
   <div class='ocr_carea' id='block_1_123' title="bbox 2243 5459 3762 5557">
    <p class='ocr_par' dir='ltr' id='par_1_123' title="bbox 2243 5459 3762 5557">
     <span class='ocr_line' id='line_1_123' title="bbox 2243 5459 3762 5557; baseline -0.003 -35"><span class='ocrx_word' id='word_1_852' title='bbox 2243 5459 2640 5557; x_wconf 60' lang='lat' dir='ltr'><strong>imperantibus</strong></span> <span class='ocrx_word' id='word_1_853' title='bbox 2684 5471 2856 5557; x_wconf 68' lang='lat' dir='ltr'><strong>fuisse</strong></span> <span class='ocrx_word' id='word_1_854' title='bbox 2900 5459 3208 5557; x_wconf 46' lang='grc' dir='ltr'>ὀμορυσίου.</span> <span class='ocrx_word' id='word_1_855' title='bbox 3231 5478 3657 5557; x_wconf 61' lang='lat' dir='ltr'><strong>propugnatores;</strong></span> <span class='ocrx_word' id='word_1_856' title='bbox 3682 5459 3762 5557; x_wconf 51' lang='lat'><strong>1:2;</strong></span> 
     </span>
    </p>
   </div>
   <div class='ocr_carea' id='block_1_124' title="bbox 2240 5524 3759 5620">
    <p class='ocr_par' dir='ltr' id='par_1_124' title="bbox 2240 5524 3759 5620">
     <span class='ocr_line' id='line_1_124' title="bbox 2240 5524 3759 5620; baseline 0.02 -30"><span class='ocrx_word' id='word_1_857' title='bbox 2240 5524 2475 5620; x_wconf 63' lang='lat' dir='ltr'><strong>gendum</strong></span> <span class='ocrx_word' id='word_1_858' title='bbox 2514 5549 2595 5620; x_wconf 67' lang='lat' dir='ltr'><strong>est</strong></span> <span class='ocrx_word' id='word_1_859' title='bbox 2635 5524 2946 5620; x_wconf 31' lang='lat' dir='ltr'><strong>enimidem.</strong></span> <span class='ocrx_word' id='word_1_860' title='bbox 2994 5524 3143 5620; x_wconf 49' lang='lat' dir='ltr'><strong>QIOL</strong></span> <span class='ocrx_word' id='word_1_861' title='bbox 3187 5524 3464 5620; x_wconf 48' lang='grc' dir='ltr'><strong>ὁεῖᾦῦσιὸν</strong></span> <span class='ocrx_word' id='word_1_862' title='bbox 3619 5524 3759 5620; x_wconf 43' lang='lat' dir='ltr'><strong>“cf?!</strong></span> 
     </span>
    </p>
   </div>
   <div class='ocr_carea' id='block_1_125' title="bbox 2240 5607 3759 5680">
    <p class='ocr_par' dir='ltr' id='par_1_125' title="bbox 2240 5607 3759 5680">
     <span class='ocr_line' id='line_1_125' title="bbox 2240 5607 3759 5680; baseline -0.001 -19"><span class='ocrx_word' id='word_1_863' title='bbox 2240 5607 2330 5661; x_wconf 74' lang='grc' dir='ltr'><strong>τὸν</strong></span> <span class='ocrx_word' id='word_1_864' title='bbox 2363 5609 2488 5662; x_wconf 84' lang='grc' dir='ltr'>Υἰὸν</span> <span class='ocrx_word' id='word_1_865' title='bbox 2530 5609 2718 5680; x_wconf 6' lang='grc' dir='ltr'>,λέγειν</span> <span class='ocrx_word' id='word_1_866' title='bbox 2778 5612 2984 5680; x_wconf 74' lang='grc' dir='ltr'>ἠξίουν.</span> <span class='ocrx_word' id='word_1_867' title='bbox 3031 5613 3130 5670; x_wconf 85' lang='lat' dir='ltr'><strong>Est</strong></span> <span class='ocrx_word' id='word_1_868' title='bbox 3181 5607 3322 5671; x_wconf 74' lang='lat' dir='ltr'><strong>enim</strong></span> <span class='ocrx_word' id='word_1_869' title='bbox 3369 5627 3475 5667; x_wconf 90' lang='lat' dir='ltr'><strong>non</strong></span> <span class='ocrx_word' id='word_1_870' title='bbox 3524 5607 3759 5662; x_wconf 72' lang='lat' dir='ltr'><strong>Summe&quot;!</strong></span> 
     </span>
    </p>
   </div>
   <div class='ocr_carea' id='block_1_126' title="bbox 2237 5679 2774 5748">
    <p class='ocr_par' dir='ltr' id='par_1_126' title="bbox 2237 5679 2774 5748">
     <span class='ocr_line' id='line_1_126' title="bbox 2237 5679 2774 5748; baseline 0.009 -14"><span class='ocrx_word' id='word_1_871' title='bbox 2237 5693 2416 5748; x_wconf 82' lang='lat' dir='ltr'><strong>error,</strong></span> <span class='ocrx_word' id='word_1_872' title='bbox 2449 5679 2545 5737; x_wconf 86' lang='lat' dir='ltr'><strong>sed</strong></span> <span class='ocrx_word' id='word_1_873' title='bbox 2565 5681 2774 5738; x_wconf 87' lang='lat' dir='ltr'><strong>librarii</strong></span> 
     </span>
    </p>
   </div>
  </div>
