3988 6414
150 357 363 440 ’λετ

895 369 1264 430 ADVERSUS
1301 370 1642 427 [UERESES
1673 370 1799 426 LIB.
1836 372 1871 426 ll

1976 370 2128 428 I'OM.
2161 371 2201 426 I.
2215 371 2572 430 -ΠᾸΞΠΕ5,
2608 370 2850 430 LXXIII.

3411 375 3518 434 451»

247 488 625 564 ιιαγκράτιος,
682 485 776 540 καὶ
818 483 1166 547 ’Υπατιανδς,
1209 481 1304 535 καὶ
1339 484 1387 536 οἱ
1434 482 1673 535 πλεῖστοι
1722 482 1871 542 ἐπίο,

1976 485 2288 548 ’ancratius,
2319 482 2682 556 Hypatianus,
2709 497 2765 543 et
2797 484 3019 558 plurimi
3055 486 3372 544 Occidentis
3397 491 3519 558 epi-

249 600 455 638 σκοποι
497 581 596 650 τῆς
647 576 885 639 Δύσεωςο
931 573 1202 646 Γεώργιος
1245 575 1541 638 ἐπίσκοπος
1595 575 1844 640 Ἀλεξαν.

249 675 446 748 δρείας
487 669 754 740 ἐξεθέμην
796 668 896 739 τὴν
938 667 1122 719 πίστιν
1164 665 1368 730 οὔτως
1405 667 1679 738 Ὀμολογῶ
1709 686 1842 740 φρο..

249 769 373 820 νεῖν
403 765 480 827 ὡς
521 762 835 834 πρόκειται.⁹
883 758 1136 823 ’Δκάκιος
1171 757 1470 824 ἐπίσκοπος
1510 761 1845 831 Καισαρείας

253 857 532 927 ἐξεθέμην
574 853 671 924 τὴν
713 851 894 905 πίστιν
932 850 1139 914 οὕτως·
1188 850 1468 921 Ὁμολογῶ
1520 855 1736 923 φρονεῖν
1771 852 1846 916 ὡς

254 947 576 1016 πρόκειται.
638 941 900 1014 Οὐράνιος
954 939 1250 1002 ἐπίσκοπος
1317 939 1524 1012 Τύρου,
1590 941 1849 1011 Εὐτύχιος

255 1037 568 1096 ἐπίσκοπος
616 1028 1128 1100 Ἐλευθεροπόλεως,
1178 1026 1374 1092 Ζώῖλος
1417 1029 1714 1092 ἐπίσκοπος
1741 1030 1850 1083 Λα-

259 1130 466 1202 ρίσσης
488 1126 586 1193 τῆς
617 1123 838 1193 Συρίας,
863 1119 1038 1190 Σέρας
1066 1119 1361 1183 ἐπίσκοπος
1379 1121 1439 1172 ἐκ
1464 1120 1796 1190 Παρατονίου
1830 1121 1845 1151 ¹

258 1223 364 1291 τῆς
395 1215 620 1286 Λιϐύης,
665 1214 876 1275 Παῦλος
914 1212 1211 1275 ἐπίσκοπος
1256 1210 1504 1282 Ἐμίσης,
1557 1211 1850 1274 Εὐστὰοιος

260 1311 566 1370 ἐπίσκοπος
626 1305 948 1374 Ἐπιφανίας
1000 1304 1149 1376 (65),
1210 1304 1497 1375 Εἰρηναῖος
1556 1306 1852 1368 ἐπίσκοπος

264 1401 588 1472 Τριπόλεως
608 1397 709 1467 τῆς
737 1396 1010 1468 Φοινίκης,
1042 1395 1300 1460 Εὐσέϐιος
1339 1397 1634 1460 ἐπίσκοπος
1660 1398 1854 1450 Σελευ-

262 1493 427 1555 κείας
456 1492 555 1562 τῆς
600 1489 821 1559 Συρίας,
870 1489 1197 1560 Εὐτυχιανὸς
1247 1488 1543 1553 ἐπίσκοπος
1589 1490 1854 1561 Πατάρων

263 1584 372 1654 τῆς
407 1581 628 1644 Λυκίας,
660 1580 954 1643 Εὐστάθιος
1006 1580 1306 1644 ἐπίσκοπος
1339 1580 1589 1652 Πιναρῶν
1635 1582 1730 1634 καὶ
1765 1583 1855 1634 Δι-

265 1674 480 1745 δύμων,
531 1671 808 1734 Βασίλειος
853 1671 1150 1733 ἐπίσκοπος
1197 1669 1446 1724 Καυνίων
1490 1671 1590 1742 τῆς
1635 1671 1854 1736 Λυδίας,

1944 573 2116 643 scopi.
2171 573 2284 645 Ego
2323 574 2592 647 Georgius
2641 578 2934 648 episcopus
2975 577 3323 634 Alexandriae
3375 579 3519 635 hanc
3596 624 3603 632 .

1946 663 2069 717 ﬁdei
2093 665 2489 734 professionem
2515 667 2686 734 edidi,
2719 679 2880 738 atque
2905 669 3000 735 ita,
3026 676 3086 722 ut
3115 670 3381 739 scriptum
3408 678 3518 734 est,

1945 771 2030 809 me
2061 757 2264 812 sentire
2293 758 2568 826 proliteor.
2603 757 2716 828 Ego
2749 758 2982 815 Aeacius
3010 760 3302 830 episc0pus
3334 758 3521 814 Caesa-

1945 861 2051 901 reae
2102 847 2244 902 hanc
2286 848 2406 904 ﬁdei
2453 849 2848 919 professionem
2899 850 3065 916 edidi,
3107 859 3270 919 atque
3313 852 3410 917 ita,
3459 857 3521 905 ut

1949 938 2213 1007 scriptum
2245 948 2350 1002 est,
2385 955 2471 994 me
2499 942 2703 996 sentire
2742 941 3018 1011 proﬁteor.
3047 940 3286 994 Uranius
3313 941 3521 1011 episco-

1948 1043 2051 1096 pus
2109 1027 2257 1099 Tyri,
2320 1029 2622 1100 Eutychius
2677 1033 2970 1101 cpiSCOpus
3043 1031 3517 1100 Eleutheropolis,

1949 1119 2135 1176 Zoilus
2182 1122 2470 1191 episcopus
2513 1122 2744 1178 Larissa:
2789 1122 2980 1194 Syriae,
3029 1122 3194 1177 Seras
3229 1122 3522 1191 episcopus

1949 1226 2015 1264 ex
2071 1209 2374 1266 Paraetonio
2423 1211 2622 1282 Libyae,
2673 1213 2877 1267 Paulus
2936 1212 3228 1282 episcopus
3269 1209 3524 1274 Emissae,

1953 1299 2274 1356 Eustathius
2318 1302 2612 1372 episcopus
2666 1301 3001 1372 Epiphaniae,
3050 1301 3287 1355 Irenaeus
3312 1299 3530 1370 episco-

1952 1410 2054 1464 pus
2084 1391 2322 1464 Tripolis
2351 1392 2663 1459 thnices,
2710 1393 2980 1450 Eusebius
3013 1396 3309 1464 episcopus
3341 1391 3529 1448 Seleu-

1953 1484 2051 1538 cia:
2091 1482 2282 1556 Syriae,
2327 1483 2702 1557 Eutychianus
2755 1483 3043 1554 cpiscopus
3101 1483 3428 1538 Patarorum
3471 1483 3531 1539 in

1953 1574 2137 1644 Lycia,
2168 1575 2484 1632 Eustathius
2516 1577 2810 1646 episcopus
2835 1575 3160 1630 Pinarorum
3184 1583 3239 1630 et
3274 1574 3532 1646 Didymo-

1955 1684 2098 1734 rum,
2135 1667 2370 1723 Basilius
2399 1669 2692 1739 episcopus
2721 1668 3057 1723 Cauniorum
3088 1667 3288 1740 Lydiae,
3336 1667 3535 1722 Petrus

268 1765 483 1835 Πέτρος
541 1762 836 1825 ἐπίσκοπος
898 1762 1094 1815 Ἵππου
1146 1761 1530 1832 Παλαιστίνης,
1583 1762 1856 1830 Στέφανος

1976 1761 2249 1831 episcopus
2294 1758 2453 1830 Hippi
2496 1759 2820 1827 Palaestinae,
2873 1761 3179 1832 Stephanus
3233 1761 3530 1833 episcopus

274 1855 580 1916 ἐπίσκοπος
623 1851 986 1922 Πτολεμαΐδος
1032 1852 1132 1922 τῆς
1182 1852 1407 1924 Λιϐύης,
1452 1851 1700 1919 Εὐδὸξιος
1733 1854 1854 1906 ἐπί-

1976 1851 2306 1908 )ιοΙειηίιίιὶὶε
2354 1851 2555 1925 Libyae,
2607 1851 2885 1908 Eudoxius
2943 1854 3249 1924 episcopus,
3312 1854 3536 1924 Apollo-
3591 1885 3598 1893 ι

275 1961 482 2007 σκοπος
530 1941 667 2013 (64),
725 1940 1080 2006 ’Λπολλώνιος
1129 1941 1424 2007 ἐπίσκοπος
1486 1942 1814 2015 Ὀξυρύγχου
1837 1984 1853 2011 ,

274 2037 604 2099 Θεόκτιστος
632 2034 930 2097 ἐπίσκοπος
963 2032 1340 2104 Ὀστρακίνης,
1367 2033 1614 2097 Λεόντιος
1640 2035 1859 2087 ἐπίσκο-

273 2146 382 2192 πος
414 2127 635 2190 Λυδίας,
685 2125 966 2188 Θεοδόσιος
1015 2124 1310 2188 ἐπίσκοπος
1355 2125 1454 2196 τῆς
1506 2126 1859 2196 Φιλαδελφίας

275 2218 504 2284 Λυδίας,
537 2215 726 2280 Φοῖϐος
754 2215 1049 2278 ἐπίσκοπος
1075 2213 1479 2285 Πολυχαλάνδου
1508 2217 1607 2286 τῆς
1638 2216 1858 2282 Λυδίας,

277 2311 507 2378 Μάγνος
549 2307 846 2370 ἐπίσκοπος
874 2304 1126 2377 Θεμισῶν
1167 2305 1270 2374 τῆς
1306 2306 1566 2378 Φρυγίας,
1595 2307 1862 2379 Εὐάγριος

279 2401 582 2463 ἐπίσκοπος
606 2397 932 2469 Μιτυλήνης
957 2396 1066 2450 τῶν
1093 2397 1292 2468 νήσων,
1323 2397 1544 2469 Κυρίων
1566 2397 1864 2462 ἐπίσκοπος

277 2492 530 2563 Δολίχης,
573 2489 880 2559 Αὔγουστος
928 2488 1225 2552 ἐπίσκοπος
1269 2488 1582 2560 Εὐφράτης,
1625 2488 1865 2561 [Μάγνος

281 2583 585 2645 ἐπίσκοπος
623 2580 874 2651 Θεμισῶν
901 2579 1004 2650 τῆς
1048 2575 1330 2649 Φρυγίας,]
1365 2577 1707 2650 Πολυδεύκης
1745 2579 1865 2633 ἐπί-

284 2691 490 2736 σκοπος
553 2670 854 2741 Ἐπαρχίας
916 2669 1176 2742 δευτέρας
1231 2667 1468 2739 Λιϐύης,
1523 2669 1867 2741 Παγκράτιος

283 2765 585 2826 ἐπίσκοπος
611 2761 916 2831 Πηλουσίου
958 2759 1091 2830 (65),
1123 2759 1404 2821 Φιλίκαδος
1443 2759 1738 2824 ἐπίσκοπος
1761 2761 1869 2814 Λύ-

284 2854 599 2924 γουστάδων
639 2852 881 2924 Φρυγίας
921 2850 1211 2921 ἐπαρχίας,
1249 2849 1533 2920 Σεραπίων
1574 2849 1869 2912 ἐπίσκοπος

301 2945 662 3017 Ἀντιπύργου
689 2944 784 3014 τῆς
815 2941 1042 3012 Λιϐύης,
1074 2941 1333 3004 Εὐσέϐιος
1377 2941 1672 3002 ἐπίσκοπος
1700 2940 1870 2993 Σεϐα-

289 3039 426 3108 στῆς
448 3038 545 3107 τῆς
567 3034 952 3104 Παλαιστίνης,
990 3032 1307 3104 Ἡλιόδωρος
1338 3035 1634 3096 ἐπίσκοπος
1656 3031 1869 3097 Σωζού-

291 3144 395 3198 σης
414 3125 512 3194 τῆς
529 3121 938 3186 Πενταπόλεως,
955 3121 1286 3192 Πτολεμαῖος
1303 3123 1600 3183 ἐπίσκοπος
1614 3119 1871 3190 Θμούεως

289 3214 754 3286 Δύγουστονίκης,
803 3212 1050 3284 Αὐγαρος
1096 3212 1393 3275 ἐπίσκοπος
1424 3211 1607 3282 Κύρου
1650 3211 1870 3281 Εὐφρα-

294 3307 442 3369 σίας,
479 3303 780 3373 Ἐξερέσιος
810 3302 1108 3364 ἐπίσκοπος
1147 3301 1420 3372 Γερασῶν,
1466 3301 1732 3372 ’Λραϐίων
1755 3299 1874 3352 ἐπί-

293 3411 503 3458 σκοπος
579 3394 855 3465 Ἀδρὰων,
915 3393 1176 3464 Χαρίσιος
1233 3392 1532 3455 ἐπίσκοπος
1604 3390 1871 3457 Ἄζωτον,

313 3486 615 3547 Ἐλισσαῖος
637 3484 931 3546 ἐπίσκοπος
956 3481 1566 3554 Διοκλητιανουπόλεως,
1599 3483 1876 3554 Γερμανὸς

293 3575 596 3636 ἐπίσκοπος
626 3573 870 3644 Πετρῶν,
906 3572 1167 3643 Βαρόχιος
1197 3572 1218 3602 ²
1246 3570 1544 3633 ἐπίσκοπος
1591 3569 1871 3641 Ἀραϐίας.

305 3665 478 3738 ὀμοῦ
508 3664 793 3718 ἐπίσκοποι
820 3671 930 3735 μγ’.

369 3758 728 3829 Πεπλήρωται
761 3756 866 3820 ἐως
893 3749 1050 3826 ὦδεή
1084 3755 1194 3808 τῶν
1222 3755 1634 3828 προειρημένων
1675 3755 1872 3826 ’Πμια-

301 3851 466 3924 ρείων
492 3850 584 3903 καὶ
622 3847 912 3919 Ἀρειανῶν
937 3845 1171 3910 ἐκθεσις.

375 3943 500 3996 KZ’.
533 3941 596 3994 Οί
624 3941 913 4010 νουνεχεῖς,
935 3938 1136 4010 ταύτην
1165 3938 1275 4018 (βϐ)
1305 3939 1396 3993 καὶ
1429 3938 1526 4003 τὰς
1551 3937 1716 4002 ἄλλας
1738 3937 1869 3992 διελ-

382 4099 401 4129 ί
442 4094 502 4152 F.
527 4097 906 4169 Παραιτονίου.
982 4096 1004 4126 ⁹
1029 4111 1121 4164 πρ.
1150 4094 1426 4167 Βαρίχιος.

379 4253 492 4326 (65)
525 4253 856 4326 Εὐστάθιος
905 4253 1239 4326 ἐπίσκοπος
1279 4251 1650 4326 Tangam-low.
1705 4248 1884 4304 Scrib.

317 4323 686 4392 Ἐπιφανείας.
749 4324 872 4393 Quo
927 4323 1145 4376 nomine
1210 4325 1886 4393 complure_s_censentur.

305 4397 406 4452 Est
438 4388 581 4448 enim
611 4394 675 4448 ad
733 4388 988 4448 Orontem
1019 4406 1149 4453 una,
1202 4388 1373 4446 altera
1429 4391 1494 4446 ad
1535 4388 1885 4461 Euphraten;

307 4465 418 4518 alia
451 4465 504 4517 in
533 4463 746 4522 Cilicia.
773 4471 835 4517 ut
859 4464 927 4517 de
957 4461 1183 4530 reliquis
1212 4463 1424 4517 sileam.

386 4533 502 4603 (64)
554 4532 867 4603 Εὐδόξιος,
893 4528 1245 4603 ἐπίσκοπος.
1299 4530 1420 4603 _Non
1473 4528 1638 4603 alium
1689 4528 1884 4598 opinor

307 4599 456 4664 esse,
480 4599 637 4671 quam
659 4602 1077 4656 Antiocheuum.
1107 4599 1204 4653 Hic
1225 4600 1368 4655 enim
1388 4599 1882 4671 conjunct:mrmim

309 4667 516 4726 Acacio
539 4686 760 4725 causam
815 4671 1184 4724 habuitzcum
1223 4685 1397 4738 eoque
1453 4667 1507 4722 in
1547 4667 1885 4722 Seleuciensi

311 4749 589 4795 conventu
623 4756 651 4794 a
680 4739 1032 4796 Semiarianis
1066 4740 1121 4792 in
1152 4737 1398 4794 ordinem
1429 4739 1702 4799 redactus,
1723 4737 1887 4792 vicis-

313 4813 422 4867 sim
452 4811 575 4866 illos
608 4811 662 4865 in
709 4808 1316 4878 Constantinopolitano
1363 4808 1600 4862 concilio
1633 4807 1886 4877 perculit.

314 4881 426 4933 Sed
462 4880 507 4934 si
565 4881 612 4935 is
666 4888 770 4942 est,
835 4879 1032 4932 mirum
1068 4877 1245 4948 valde,
1281 4877 1555 4948 quomodo
1608 4893 1716 4948 non
1765 4883 1889 4948 post

310 4948 607 5018 Georgium
641 4951 829 5018 saltem
888 4946 1314 5018 Alexandrinum
1348 4946 1753 5018 subscripserit,
1795 4947 1887 5018 qui

314 5016 508 5087 utique
559 5027 684 5074 ante
713 5017 1018 5073 Orientales
1063 5025 1117 5070 et
1169 5017 1339 5088 Syros
1371 5017 1658 5086 episc0pos
1711 5016 1889 5069 nomi—

314 5092 536 5140 nandus
577 5090 696 5140 fuit.

312 5092 536 5144 nandus
577 5090 696 5142 fuit.

395 5158 505 5226 (65)
542 5157 906 5226 Παγκράτιος
936 5157 1268 5224 ἐπίσκοπος
1301 5152 1806 5226 Πηλουσίου,ρυί
1837 5163 1891 5209 et

317 5225 612 5283 Sirmi'ensi
644 5225 814 5282 tertiae
844 5226 1172 5282 Professioni
1195 5242 1321 5282 cum
1349 5227 1551 5293 Marco,
1577 5225 1795 5288 Basilio,
1827 5239 1891 5278 ac

315 5298 534 5367 caeteris
561 5298 980 5367 subscripserat.

397 5365 507 5436 (66)
549 5371 614 5421 Οἱ
638 5363 969 5435 νουνῖεχεῒς,
997 5367 1240 5434 ταύτην.
1265 5364 1445 5419 Varia:
1467 5374 1594 5419 sunt
1628 5364 1696 5418 ab
1732 5363 1860 5436 Aria
1879 5397 1894 5406 -

317 5435 412 5491 nis
461 5437 689 5493 diversis
741 5436 1077 5506 temporibus
1125 5436 1284 5506 editae
1318 5436 1697 5506 Professiones
1729 5435 1891 5488 ﬁdei:

317 5521 557 5576 quarum
609 5523 802 5560 novem
854 5504 1078 5559 omnino
1127 5505 1194 5576 ad
1227 5504 1893 5576 Conﬁstantinopolitanum

319 5574 502 5645 usque
551 5577 995 5638 conciliabulum,
1030 5575 1174 5645 quod
1201 5590 1233 5628 a
1263 5575 1600 5645 Seleuciensi
1653 5574 1896 5645 proxime

319 5643 425 5699 est
463 5646 733 5712 habitum,
792 5643 1374 5709 recenset’Socrates,
1422 5644 1519 5700 sed
1563 5652 1619 5697 et
1651 5643 1896 5697 Athana-

323 5716 446 5770 sius
489 5716 580 5768 lih.
613 5715 688 5768 De
719 5715 931 5784 synod.,
964 5729 1030 5768 ex
1052 5728 1165 5784 quo
1191 5722 1373 5767 tamen
1405 5713 1592 5768 decem
1627 5713 1896 5784 colligun-

325 5793 419 5838 tur
501 5785 648 5850 Quas
717 5781 818 5840 hoc
887 5786 1007 5840 loco
1068 5781 1336 5855 attingam
1397 5784 1652 5840 breviter.
1707 5781 1898 5836 Prima

1957 1945 2083 2000 nius
2133 1944 2423 2014 episcopus
2471 1943 2789 2015 Oxyrinchi,
2841 1943 3191 2000 Theoctistus
3236 1945 3535 2016 episcopus

1958 2035 2292 2098 Ostracines,
2320 2034 2579 2091 Leontius
2622 2037 2911 2106 episcopus
2945 2035 3148 2107 Lydiae,
3195 2035 3538 2092 Theodosius

1960 2125 2256 2196 episcopus
2291 2123 2679 2194 Philadelphia;
2715 2123 2920 2196 Lydia},
2969 2123 3210 2180 Phoebus
3243 2109 3547 2197 episcopus.

1963 2214 2381 2286 Polycbalandae
2422 2214 2623 2285 Lydiae,
2657 2213 2884 2285 Magnus
2924 2217 3216 2287 episcopus
3253 2215 3540 2272 Themiso-

1964 2322 2088 2362 ruin
2119 2306 2386 2378 Phrygiae,
2419 2305 2684 2376 Evagrius
2722 2306 3014 2377 episcopus
3043 2307 3326 2379 Mytilenes
3379 2308 3541 2364 insu-

1963 2401 2162 2464 larum,
2197 2397 2398 2470 Cyrion
2445 2398 2733 2468 episcopus
2781 2396 3055 2463 Doliches,
3095 2398 3376 2468 Augustus
3421 2397 3540 2468 epi-

1965 2507 2165 2563 scopus
2212 2489 2605 2560 Euphratesiae,
2660 2489 2852 2544 Pollux
2895 2489 3184 2560 episcopus
3235 2477 3553 2559 provincia?

1967 2583 2220 2640 secundae
2247 2581 2449 2653 Lybiae,
2488 2579 2816 2636 Pancratius
2848 2579 3139 2650 episcopus
3168 2578 3394 2646 Pelusii,
3418 2579 3543 2635 Plii-

1968 2676 2177 2730 Iicadus
2211 2675 2500 2744 episcopus
2541 2672 2984 2742 Augustadorum
3024 2671 3274 2743 Phrygiae
3313 2672 3542 2744 provin-

1969 2767 2086 2831 ciae,
2130 2765 2393 2836 Serapion
2438 2765 2729 2835 episcopus
2783 2763 3067 2836 Antipyrgi
3117 2763 3320 2834 Libyae,
3368 2763 3544 2818 Euse-

1979 2859 2105 2914 bius
2131 2857 2422 2928 episcopus
2450 2855 2694 2910 Sebastae
2715 2853 3041 2918 Palaestinae,
3078 2852 3406 2909 Heliodorus
3429 2854 3549 2924 epi—

1971 2964 2172 3019 scopus
2215 2947 2432 3004 Sezusae
2484 2945 2828 3016 Pcntapolis,
2877 2945 3197 3001 Ptolemaeus
3257 2946 3549 3015 episcopus

1973 3039 2250 3102 Thmueos
2303 3039 2726 3108 Augustonices,
2776 3038 3026 3108 Augarus
3084 3037 3375 3108 episcopus
3419 3037 3549 3108 Cyri

1974 3131 2313 3202 Euphrasiae,
2352 3129 2642 3185 Exeresius
2692 3129 2980 3198 episcopus
3021 3127 3374 3194 Gerasorum,
3413 3128 3552 3181 Ara-

1975 3223 2105 3278 bion
2167 3223 2459 3292 episcopus
2513 3220 2856 3284 Adraorum,
2924 3219 3206 3274 Charisius
3259 3220 3552 3289 episcopus

1975 3313 2154 3379 Azoti,
2203 3313 2460 3368 Elissaeus
2518 3314 2808 3381 episcopus
2865 3309 3362 3380 Diocletianopolis,
3413 3309 3552 3365 Ger-

1977 3416 2176 3456 manus
2234 3401 2524 3471 epiSCOpus
2558 3401 2863 3464 Petrarum,
2911 3400 3209 3455 Barochius
3261 3403 3554 3472 episcopus

1979 3492 2211 3547 Arabiae.
2243 3489 2448 3548 Omnes
2471 3493 2711 3564 episc0pi
2745 3509 2974 3550 numero
3000 3492 3182 3548 XLIII.

2053 3755 2328 3812 Hactenus
2396 3753 2856 3812 Semiarianoruin
2930 3764 2985 3812 et
3052 3754 3378 3810 Arianorum
3432 3755 3557 3812 ﬁdei

1979 3862 2040 3903 ex
2051 3848 2267 3917 positio.

2049 3937 2216 4010 875
2258 3937 2477 3996 XXVII.
2525 3940 2662 3995 Cum
2711 3942 2852 3996 hanc
2897 3947 2951 3994 et
3002 3949 3228 3996 caeteras
3269 3940 3322 3995 id
3385 3953 3560 4013 genus

2968 4049 2999 4074 Ι

1995 4246 2116 4301 ﬁdei
2145 4244 2358 4308 εκθεσις
2385 4244 2684 4300 Antiochia:
2722 4243 3100 4300 Encaeniorum
3144 4253 3388 4314 tempore
3414 4245 3556 4301 scri-

1992 4325 2082 4386 pta
2126 4315 2439 4386 Marcellino
2477 4327 2534 4369 et
2566 4314 2810 4386 Probino
2860 4330 3143 4386 cosrs.,an.
3185 4315 3312 4386 εει,
3357 4315 3447 4370 ubi
3488 4315 3558 4369 de

1991 4383 2149 4455 οὐσίᾳ
2187 4385 2412 4439 verbum
2465 4383 2673 4455 nullum
2693 4401 2725 4455 ;A
2767 4385 3027 4455 secunda,
3071 4384 3388 4455 _in__erodemr
3424 4399 3560 4438 con-

1915 4483 1960 4539 D
1989 4453 2243 4539 ciliabulo
2283 4455 2474 4533 edita,_
2500 4453 2664 4539 paqu
2715 4453 2962 4539 longior:
2993 4453 3105 4535 ubi.
3136 4453 3330 4539 Filium
3381 4454 3558 4539 μονο-

1987 4526 2117 4596 γενῆ
2145 4523 2294 4588 Θεόν,
2306 4539 2383 4596 ac
2415 4522 2514 4596 τῆς
2537 4522 2724 4596 οὐσίας
2756 4523 2942 4596 εἰκόνα
2963 4523 3347 4586 nominarunt;
3377 4525 3555 4596 tertia,

1988 4593 2188 4648 ibidem
2233 4607 2262 4644 a
2305 4593 2690 4660 TheOphronio
2732 4593 3080 4662 conscripta:
3114 4607 3234 4662 quae
3270 4601 3325 4645 et
3370 4593 3558 4656 οὐσίας

1987 4664 2312 4718 vocabulum
2344 4661 2673 4732 supprimit;
2708 4672 2918 4731 quarta,
2947 4661 3150 4732 paucos
3183 4670 3306 4730 post
3341 4677 3558 4732 menses

1990 4749 2085 4803 per
2118 4731 2463 4790 Narcissum;
2488 4731 2698 4803 Marim,
2733 4733 2978 4801 aliosque
3009 4731 3075 4803 iu_
3091 4731 3289 4803 Gallias
3318 4733 3382 4784 ad
3412 4731 3559 4803 _Con-

1990 4800 2224 4857 stantem
2261 4803 2426 4857 inissa
2455 4821 2468 4855 :
2501 4804 2554 4854 in
2589 4801 2691 4855 hac
2718 4800 2957 4855 damnati
2988 4801 3080 4870 qui
3107 4801 3351 4855 dicerent
3375 4800 3433 4865 ἐξ
3461 4802 3560 4854 οὐκ

1989 4871 2156 4925 ὄντων
2185 4872 2275 4925 τὸν
2315 4870 2513 4940 Υἰὸν,ἣ
2550 4871 2610 4934 ἐξ
2639 4871 2832 4941 ἐτέρας
2861 4871 3229 4934 ὑποστάσεως,
3266 4871 3359 4923 καὶ¹
3389 4871 3462 4940 μὴ
3497 4872 3562 4924 ἐκ

1990 4943 2084 4994 τοῦ
2119 4941 2253 4993 Θεοῦ
2287 4939 2568 5009 γενέσθαι,
2617 4949 2711 4993 aut
2738 4939 2931 4995 ‘fuisse
2963 4941 3256 5010 aliquando
3308 4939 3521 5010 tempus
3542 4979 3559 5004 ,

1992 5027 2114 5065 cum
2151 5026 2258 5065 non
2297 5020 2477 5076 esset;
2516 5013 2721 5079 quinta,
2755 5018 2876 5079 post
2921 5009 3214 5064 triennium
3249 5010 3302 5063 in
3355 5009 3560 5064 Italiam

1992 5082 2158 5136 missa
2187 5082 2569 5152 μακρόστιχος,
2591 5081 2692 5133 hoc
2718 5087 2802 5132 est
2825 5079 3035 5152 longior
3059 5080 3329 5152 appellata
3357 5097 3372 5145 ;
3396 5095 3560 5150 quam

1994 5153 2210 5220 quidem
2239 5151 2539 5204 Antiochiae
2564 5158 2874 5204 contextam
2907 5152 2967 5220 in
2988 5151 3295 5205 Annalibus
3325 5152 3559 5218 reperio,

1995 5219 2087 5275 sed
2132 5223 2447 5289 hocneque
2515 5221 2766 5273 Socrates
2817 5234 2881 5273 ac
2943 5219 3322 5285 Sozonienus,
3385 5235 3563 5289 neque

1993 5291 2327 5344 Athanasius
2361 5285 2670 5361 referunt;
2729 5290 2795 5361 in
2835 5305 2940 5361 qua
2979 5291 3078 5361 τῆς
3120 5291 3323 5361 οὐσίας
3355 5285 3562 5361 ιιιοείιίο

1995 5363 2176 5425 nulla;
2209 5371 2376 5423 sexta,
2399 5360 2452 5412 in
2478 5359 2713 5413 concilio
2744 5358 3241 5415 Sirmiensi'contra
3271 5360 3560 5413 Photinum

1995 5432 2138 5486 edita
2176 5445 2320 5483 anno
2361 5429 2458 5484 551
2494 5448 2506 5500 ;
2564 5430 2630 5483 de
2658 5430 2877 5500 _quarin
2929 5430 3303 5500 superioribus
3346 5428 3563 5500 abunde

1995 5501 2199 5554 dictum
2231 5508 2344 5564 est;
2377 5499 2617 5566 septima,
2652 5497 2836 5552 Sirmii
2868 5497 3012 5553 anno
3034 5499 3137 5554 557
3188 5497 3376 5552 Latine
3422 5497 3562 5551 scri-

1996 5579 2222 5649 pta_est,
2254 5569 2321 5649 de
2348 5585 2477 5638 qua,
2517 5577 2572 5648 ut
2625 5577 2677 5649 et
2729 5569 2805 5622 de
2841 5579 3042 5649 octava,
3089 5583 3210 5649 quae
3254 5566 3561 5649 Ariminum

1998 5635 2203 5709 perlata
2237 5647 2339 5701 est,
2363 5635 2671 5707 conscripta
2695 5653 2837 5709 anno
2870 5639 2994 5709 559_,
3021 5635 3156 5709 satis
3183 5644 3341 5691 antea
3373 5635 3563 5709 dispu-

1998 5707 2264 5772 tavimus;
2307 5725 2466 5770 nona,
2511 5718 2594 5762 est
2635 5707 2904 5761 Acaciana
2950 5707 3211 5760 Seleuciae
3260 5707 3560 5775 proposita,

1999 5794 2162 5849 quam
2209 5794 2330 5834 cum
2390 5778 2675 5834 Sirmiensi
2723 5778 2880 5832 tertia
2937 5777 3248 5832 consentire
3303 5783 3561 5830 auctores
