3988 6406
590 307 695 363 433

2007 300 2063 358 s.
2104 295 2447 356 EPlPllANll
3692 308 3771 364 ιδ,

591 430 717 487 fidei
776 426 1150 498 expositiones
1205 438 1303 479 vos
1349 422 1552 493 legitis,
1607 419 1810 492 quibus
1875 408 2178 488 prudentia:

2297 414 2485 477 δόντες,
2520 410 2695 480 γνῶτε
2722 410 2842 475 πῶς
2890 410 3212 483 ῥᾳδιουργόν
3261 414 3374 467 ἐστι
3416 412 3474 465 τὸ
3509 413 3779 490 ἐπιχείρημα

591 524 735 578 inest
799 536 862 574 ac
905 518 1096 590 jndicii
1150 514 1424 576 nonnihil,
1478 510 1916 573 animadvertite,
1967 521 2173 579 quaeso,

591 626 754 682 quam
808 607 1099 664 subdolum
1155 620 1221 660 ac
1266 604 1600 659 malitiosum
1646 601 1719 657 sit
1765 600 1930 656 unius
1973 614 2040 655 ex
2086 599 2179 655 illa

592 710 739 757 secta
776 700 947 771 partis
995 697 1311 761 consilium,
1351 709 1416 749 ac
1445 692 1580 749 nihil
1605 700 1810 747 rectum
1835 690 2052 755 habeat,
2087 706 2181 744 nc-

592 808 699 864 que
726 792 810 846 vel
839 781 1118 845 levissime
1159 788 1359 841 divina:
1397 784 1521 840 fidei
1556 786 1628 839 sit
1661 781 2021 853 professionis
2048 796 2181 836 con-

595 895 937 944 sentaneum.
999 879 1215 937 Etenim
1271 878 1534 934 Dominus
1581 875 1655 929 ita
1714 871 2176 929 commonefecit:

596 978 750 1045 Quod
770 978 821 1031 in
842 990 1022 1029 aurem
1050 972 1272 1037 auditis,
1297 968 1583 1041 prmdicate
1607 981 1762 1035 super
1780 967 1975 1020 tecta‘.
2004 965 2183 1036 Atque

595 1080 657 1125 ut
690 1067 986 1139 Apostolus
1035 1065 1329 1119 hortatur:
1376 1060 1662 1115 Veritatem
1711 1057 2070 1127 unusquisque
2102 1056 2184 1109 lo-

595 1171 794 1231 quatur
822 1176 939 1213 cum
966 1158 1215 1229 proximo
1245 1170 1341 1209 suo
1363 1154 1404 1207 ’.
1436 1154 1506 1206 At
1526 1151 1798 1221 Propheta
1831 1149 2052 1203 illorum
2081 1148 2185 1203 im-

599 1253 930 1324 probitatem
958 1262 1067 1303 non
1117 1247 1237 1303 sine
1270 1242 1692 1314 reprehensione
1728 1239 2004 1307 declarat:
2049 1235 2184 1291 Cum

594 1345 859 1415 proximo,
886 1342 1083 1412 inquit,
1118 1337 1352 1408 loquitur
1380 1334 1608 1403 paciﬁca
1626 1374 1643 1398 ,
1672 1332 1728 1385 in
1768 1329 1925 1385 corde
1946 1346 2064 1385 vero
2089 1346 2185 1384 suo

599 1433 751 1488 habet
789 1430 1126 1486 inimicitiam
1150 1427 1193 1492 ³,
1228 1426 1343 1481 sive
1384 1423 1667 1477 malitiam.
1716 1421 1867 1474 Talis
1910 1430 1998 1476 εει
2046 1418 2187 1473 Aea-

602 1524 725 1580 cius
755 1524 860 1578 iste
901 1536 1027 1576 cum
1068 1520 1204 1575 suis.
1242 1515 1377 1571 Nam
1405 1529 1530 1570 cum
1559 1528 1620 1569 se
1668 1527 1699 1567 a
1735 1510 1940 1566 Basilio
1979 1517 2034 1565 et
2066 1509 2185 1578 ejus

599 1615 827 1671 asseclis
869 1609 1295 1681 disjunxissent,
1327 1620 1440 1676 quo
1484 1618 1625 1659 verae
1661 1599 2029 1657 confessionis
2064 1600 2187 1652 vin-

598 1708 782 1762 culum
818 1720 883 1760 ac
913 1717 1113 1758 nexum
1151 1700 1454 1755 dissolvere
1479 1695 1786 1765 cupientes,
1827 1690 2186 1745 adulterinam

2281 504 2511 577 θατέρου
2562 502 2741 557 αὐτῶν
2793 502 2887 556 τοῦ
2936 504 3297 574 συστήματος,
3338 506 3431 557 καὶ
3474 505 3606 558 οὐδὲν
3642 509 3779 579 ὀρθὴν,

2278 596 2400 651 οὐδὲ
2434 596 2608 668 βραχὺ
2638 594 2864 665 μετέχον
2887 595 2990 665 τῆς
3018 596 3159 649 κατά
3179 595 3309 649 Θεὸν
3330 597 3610 666 ὁμολογίας.
3628 602 3783 658 Φάσκει

2278 688 2387 759 γὰρ
2411 688 2440 741 ὁ
2474 686 2677 757 Κύριος
2707 685 2913 755 λέγων·
2945 688 3012 740 Ὃ
3051 689 3140 753 εἰς
3166 686 3231 740 τὸ
3263 685 3371 753 οὖς
3407 688 3692 755 ἠκούσατε,
3713 694 3785 746 ἐπὶ

2278 778 2401 833 τῶν
2426 777 2712 847 δωμάτων
2754 778 3075 846 κηρύξατε.
3103 779 3212 832 Καὶ
3245 777 3423 842 καθὼς
3455 781 3481 832 ὁ
3506 780 3639 848 ἅγιος
3669 783 3788 836 Ἀπο-

2283 870 2469 934 στολός
2511 886 2708 940 φησιν·
2751 868 3071 934 Ἀλήθειαν
3108 870 3363 923 λαλείτω
3416 869 3649 937 ἕκαστος
3679 877 3790 942 μετὰ

2281 962 2388 1016 τοῦ
2408 962 2678 1030 πλησίον
2703 960 2893 1016 αὐτοῦ
2907 975 2921 990 ·
2935 961 2965 1014 ὁ
2978 960 3033 1013 δὲ
3054 958 3345 1034 Προφήτης
3359 957 3453 1031 τὴν
3462 958 3643 1017 τούτων
3668 965 3792 1019 κακά

2283 1070 2431 1107 νοιαν
2479 1052 2770 1124 διελέγχων
2813 1052 3060 1121 ἐκφαίνει
3109 1050 3286 1119 λέγων
3310 1069 3323 1083 '
3369 1051 3523 1105 Μετὰ
3551 1052 3645 1106 τοῦ
3680 1058 3793 1117 πλη-

2285 1147 2427 1200 σίου
2462 1143 2649 1199 αὑτοῦ
2676 1144 2859 1198 λα.λεῖ
2880 1144 3169 1214 εἰρηνικὰ,
3214 1144 3282 1198 ὲν
3310 1143 3378 1197 δὲ
3411 1142 3482 1213 τῇ
3524 1145 3705 1213 καρδίῃ
3721 1154 3796 1204 σί..

2284 1238 2393 1292 τοῦ
2444 1238 2568 1308 ἔχει
2612 1236 2729 1305 τὴν
2757 1237 3004 1306 ἔχθραν,
3055 1239 3152 1290 εἶτ’
3200 1232 3291 1291 οὖν
3324 1237 3543 1290 κακίαν·
3590 1238 3709 1291 οὓτω
3730 1240 3798 1292 καὶ

2285 1325 2433 1384 οὗτοι
2487 1332 2617 1399 περὶ
2664 1329 2940 1383 Ἀκάκιον.
2976 1329 3073 1383 Ἐκ
3114 1328 3221 1382 τῶν
3281 1329 3411 1400 περὶ
3460 1329 3694 1400 βασιλέως
3724 1330 3798 1384 Hii

2286 1422 2628 1495 διῃρημένοι,
2663 1419 2972 1492 βουλόμενοι
2996 1419 3157 1473 λῦσαι
3181 1419 3271 1472 τὸν
3288 1418 3587 1490 ,σύνδεσμον
3610 1420 3692 1488 τῆς
3711 1420 3798 1488 ἀλη.

2288 1516 2443 1586 θινῆς
2491 1514 2805 1585 ὁμολογίας,
2841 1512 2994 1591 νὸθογ
3039 1511 3161 1565 τινὰ
3199 1512 3294 1566 καὶ
3332 1510 3590 1564 εὐάλωτον
3628 1513 3682 1564 ἐκ
3708 1529 3801 1565 παν-

2289 1606 2516 1678 ταχόθεν
2565 1604 2842 1675 άπολυτὴν
2893 1603 3078 1656 ἔθεντο
3123 1602 3360 1667 ἔκθεσιν,
3400 1603 3478 1665 εἰς
3517 1601 3573 1654 τὸ
3606 1601 3802 1654 δύνασθαι

2292 1700 2491 1762 αὐτοὺς
2533 1697 2640 1750 ἀπὸ
2679 1695 2889 1750 τούτων
2936 1694 3046 1748 τῶν
3082 1693 3415 1766 εἰρημένων,
3445 1695 3491 1746 εἰ
3522 1692 3611 1763 μὲν
3652 1691 3802 1747 θέλοιέν

598 1799 796 1854 nescio
826 1811 1016 1866 quam,
1046 1801 1102 1848 et
1135 1791 1202 1846 ad
1231 1785 1593 1846 refellendum
1627 1783 1868 1847 facilem,
1898 1789 1953 1837 et
1986 1782 2040 1836 in
2074 1796 2191 1865 om—

2297 1808 2448 1854 τινας
2476 1790 2713 1860 ἀπατᾷν,
2751 1786 3011 1842 δύνασθαι
3052 1786 3335 1858 ὁμολογεῖν
3373 1785 3434 1838 τὸ
3463 1784 3679 1838 δίκαιον
3711 1785 3803 1837 εἰδὲ

601 1904 702 1946 nes
763 1860 945 1958 partes
996 1881 1320 1938 versabilem
1377 1876 1501 1931 fidei
1542 1871 1940 1946 professionem
2005 1860 2191 1926 edide-

602 1990 751 2041 runt,
792 1986 854 2033 ut
896 1993 962 2032 ex
1008 1982 1274 2044 concepta
1324 1970 1444 2040 ipsa
1485 1968 1777 2021 verborum
1833 1962 2088 2026 formula,
2143 1961 2191 2015 si

600 2070 802 2141 quiLus
827 2067 1107 2139 imponere
1130 2063 1350 2126 vellent,
1381 2060 1584 2130 justam
1619 2071 1684 2111 ac
1718 2055 2016 2125 legitimam
2051 2069 2187 2108 con-

604 2162 898 2219 fessionem
933 2172 1044 2228 pra:
1070 2171 1129 2212 se
1164 2153 1306 2210 ferre
1338 2150 1512 2209 videri
1544 2157 1787 2220 possent.
1824 2147 1919 2202 Sin
1952 2146 2192 2216 perﬁdiae

605 2269 721 2309 sua:
778 2251 929 2304 virus
976 2245 1284 2319 patefacere
1333 2250 1619 2309 cuperent,
1665 2238 1936 2310 ejusmodi
1978 2238 2087 2293 illis
2126 2237 2192 2292 ad

605 2355 827 2396 manum
857 2345 1002 2393 esset
1028 2335 1149 2391 lidci
1178 2332 1473 2405 prolessio,
1504 2345 1627 2402 qua}
1658 2332 1915 2399 utrinque
1940 2337 2196 2398 spectans

604 2431 672 2485 ad
706 2427 1005 2501 quamlibet
1033 2426 1249 2479 illorum
1280 2422 1688 2479 simulationem
1716 2431 1901 2491 aptum
1933 2419 2194 2490 quiddam

604 2520 959 2591 exprimeret.
997 2515 1104 2571 Sed
1151 2513 1409 2584 quoniam
1452 2512 1511 2566 in
1552 2511 1655 2565 hoc
1691 2512 1875 2564 Acacii
1910 2511 2199 2566 conventi-

605 2610 754 2673 culo,
802 2607 947 2679 quod
1000 2607 1066 2661 ab
1117 2606 1241 2660 aliis
1291 2602 1505 2658 duobus
1557 2611 1640 2657 est
1696 2603 2044 2670 sejunctum;
2083 2601 2198 2670 jam

609 2702 757 2756 enim
788 2699 1028 2754 diximus
1060 2707 1173 2753 tres
1200 2698 1255 2750 in
1281 2705 1466 2766 partes
1486 2694 1814 2747 Arianorum
1847 2701 2051 2748 sectam
2078 2710 2200 2749 csse

611 2792 868 2845 divisam.
935 2788 1115 2856 Quare
1171 2784 1485 2848 Eudoxius,
1537 2781 1876 2843 Germanus,
1933 2780 2201 2851 Georgius

610 2881 1036 2943 Alexandrinus,
1087 2877 1327 2934 Euzoius
1372 2876 1751 2931 Antiochenus
1804 2876 1858 2929 in
1901 2888 2066 2929 unam
2119 2874 2200 2929 fa-

611 2975 848 3029 ctionem
902 2970 1172 3043 segregati
1238 2976 1401 3036 sunt;
1452 2967 1689 3023 Basilius
1738 2982 1868 3021 vero
1924 2966 2199 3030 Eleusius,

614 3067 956 3129 Eustathius,
984 3063 1253 3133 Georgius
1276 3061 1645 3125 Laodicenus,
1673 3060 1949 3131 Sylvanus
1970 3059 2204 3115 Tarsen-

614 3158 712 3220 sis,
748 3156 1095 3211 Macedonius
1124 3132 1790 3221 Constantinopolitanus,
1832 3158 1886 3206 et
1920 3151 2011 3204 alii
2052 3162 2202 3207 com-
2230 3132 2274 3197 C

614 3250 801 3317 plures
835 3244 1133 3313 separatim
1176 3259 1339 3298 suum
1370 3256 1573 3312 corpus
1605 3239 1939 3308 effecerunt;
1970 3242 2205 3295 Aeacius

613 3338 871 3408 denique,
914 3345 973 3390 ut
1004 3350 1171 3406 supra
1208 3333 1342 3398 dixi,
1379 3348 1504 3387 cum
1552 3332 1790 3396 Meletio,
1838 3331 2107 3404 Euty’chio
2151 3343 2206 3388 et

615 3429 742 3484 aliis
768 3427 1046 3483 nonnullis
1079 3426 1270 3481 tertias
1306 3425 1361 3478 in
1391 3434 1575 3494 partes
1613 3423 1991 3479 discesserunt
2026 3444 2039 3479 :
2067 3440 2206 3495 quo-

613 3537 737 3576 rum
770 3519 1049 3589 negotium
1085 3532 1245 3572 omne
1277 3516 1511 3579 fraudis,
1547 3529 1612 3569 ac
1658 3515 1915 3585 nequitia:
1943 3514 2205 3584 plenissi-

606 3626 765 3666 mum
809 3609 929 3664 fuit.
975 3608 1107 3662 Nam
1140 3622 1266 3662 cum
1326 3620 1358 3658 a
1402 3620 1463 3660 se
1506 3605 1739 3659 invicem
1792 3605 2050 3674 opinione
2095 3618 2204 3706 negt

617 3702 1016 3770 discreparent,
1072 3697 1434 3751 nihilominus
1481 3703 1663 3750 certas
1707 3694 1763 3748 in
1811 3694 2081 3750 factiones
2123 3694 2205 3749 di—

618 3792 761 3846 vulsi
802 3799 950 3854 sunt,
984 3788 1113 3842 dum
1144 3790 1387 3857 privatas
1417 3786 1560 3839 inter
1603 3800 1662 3840 se
1701 3784 2009 3841 simultates
2048 3801 2207 3841 exer-

621 3889 768 3942 cent,
800 3879 964 3934 veluti
992 3878 1137 3948 quod
1167 3876 1407 3949 Cyrillus
1439 3874 1972 3946 llierosolymitanus
2014 3886 2068 3931 et
2100 3876 2207 3931 Eu-

625 3972 842 4043 tycliius
882 3981 1102 4025 mutuas
1135 3967 1452 4022 inimicitias
1482 3965 1766 4032 foverent;
1808 3965 2046 4036 Cyrillus
2073 3981 2205 4022 vero

625 4079 655 4117 a
694 4061 879 4117 Basilii
910 4060 1135 4122 Galatae,
1172 4070 1226 4115 et
1265 4058 1489 4123 Aniani,
1532 4057 1623 4127 qui
1654 4056 1954 4112 Antiochia:
1990 4056 2207 4112 ordina-

627 4162 718 4206 tus
765 4161 883 4205 erat
915 4151 1231 4221 episcOpus,
1268 4164 1332 4203 ac
1358 4147 1576 4220 Georgii
1621 4146 1916 4203 Laodiceni
1954 4149 2206 4218 partibus

624 4250 822 4299 staret.
854 4241 996 4309 Quid
1030 4250 1212 4296 autem
1256 4240 1450 4295 attinet
1481 4240 1536 4293 in
1575 4252 1768 4295 eorum
1799 4239 2039 4293 cmtibus
2079 4253 2207 4309 par—

624 4332 828 4387 tiendis
872 4346 937 4385 ac
976 4328 1472 4385 commemorandis
1524 4336 1738 4399 tempus
1774 4326 1989 4383 terere?
2035 4326 2205 4383 Venio

2292 1879 2578 1951 θελήσαιεν
2610 1878 2709 1950 τῆς
2754 1878 2965 1931 ἑαυτῶν
3004 1875 3324 1942 κακοδοξίας
3357 1875 3581 1944 ὲκφᾶναι
3610 1873 3662 1926 τὺ
3692 1873 3805 1945 δηλη-

2290 1974 2502 2044 τήριον,
2534 1972 2687 2025 ἔσται
2710 1971 2893 2035 αὐτοῖς
2913 1969 3051 2041 αὕτη
3074 1970 3107 2038 ἡ
3128 1967 3345 2031 ἕκθεσις
3370 1966 3808 2037 ὲπαμφοτερίζσδσα

2292 2064 2393 2124 τὰς
2433 2064 2571 2132 πρὸς
2607 2063 2700 2117 δύο
2730 2062 2961 2135 σχέσεις,
2996 2062 3091 2115 καὶ
3122 2059 3403 2130 δυναμένη
3448 2061 3606 2111 ποιεῖν
3632 2057 3807 2126 ἑκάστης

2294 2153 2474 2209 αὐτῶν
2503 2155 2780 2226 ποιήσεως
2826 2152 2923 2225 τὴν
2965 2150 3278 2223 ὁμολογίαν.
3325 2148 3463 2202 Ἀλλ’
3497 2148 3809 2219 ὲπειδήπερὲν

2296 2249 2363 2318 τῇ
2396 2246 2537 2303 κατὰ
2576 2246 2668 2300 τὸν
2714 2245 2967 2299 ’Λκάκιον
2998 2242 3169 2315 ταύτῃ
3198 2244 3263 2314 τῇ
3294 2242 3404 2294 άπὸ
3441 2239 3545 2292 τῶν
3583 2237 3726 2293 ἄλλων
3747 2236 3811 2289 δύο

2298 2338 2530 2392 συνόδων
2557 2336 2892 2410 διαιρεθείσῃ
2914 2334 3143 2406 συνόδῳ·
3168 2334 3381 2405 ἔφημεν
3401 2332 3504 2404 γάρ
3519 2331 3624 2394 πῶς
3645 2331 3709 2392 εἰς
3725 2330 3811 2399 τρία

2296 2432 2549 2501 τάγματα
2581 2431 2614 2501 ἠ
2662 2429 2758 2500 τῆς
2796 2426 3088 2502 Ἀρειανῶν
3118 2424 3348 2499 διῃρέθη
3389 2423 3559 2488 τάξις,
3588 2423 3653 2485 ὡς
3689 2423 3712 2474 ὀ
3742 2420 3809 2489 μὲν

2297 2520 2568 2585 Εὺδὸξιος,
2604 2521 2695 2574 καὶ
2725 2518 3020 2590 Γερμανὸς,
3048 2515 3322 2587 Γεώργιός
3347 2533 3408 2570 τε
3434 2517 3462 2569 ὁ
3483 2513 3809 2584 Ἀλεξανδρεὺς.

2299 2612 2538 2676 Εὐξωῖός
2564 2629 2623 2664 τε
2668 2610 3013 2681 Ἀντιοχείας,
3039 2610 3118 2671 είς
3144 2608 3200 2659 ἓν
3234 2607 3424 2677 τάγμα
3455 2603 3810 2676 ἀπεσχίσθησαν·

2301 2701 2581 2765 Βασίλειὸς
2616 2718 2674 2753 τε
2707 2701 2801 2754 καὶ
2828 2699 3121 2764 Ἐλεύσιος,
3156 2698 3456 2762 Εὐστάοιος
3486 2697 3576 2749 καὶ
3615 2697 3647 2747 Γ
3647 2692 3812 2763 εώργιος

2300 2795 2328 2846 ὁ
2361 2793 2701 2856 Λαοδικείας,
2751 2784 3034 2854 Σιλοδανός
3064 2808 3124 2843 τε
3150 2791 3179 2842 ὁ
3209 2788 3450 2862 Ταρσοῦ,
3496 2784 3769 2846 Μακεδόνιος
3794 2783 3813 2834 ὁ

2301 2883 2964 2952 Κωνσταντινουπο).ίτης,
3013 2883 3108 2933 καὶ
3154 2881 3307 2935 ἄλλοι
3360 2879 3573 2942 πλείους
3617 2874 3810 2933 ὡσαύτως

2303 2976 2382 3038 εἰς
2420 2973 2477 3026 ἓν
2528 2974 2716 3043 τάγμα
2770 2972 3134 3045 διῃρέθησαν
3171 2971 3434 3035 Ἀκάκιος
3476 2971 3532 3024 δὲ
3580 2968 3729 3031 πάλιν,
3764 2963 3812 3024 ὡς

2306 3070 2589 3139 προεῖπον,
2622 3067 2715 3121 καὶ
2738 3066 3020 3128 Μελέτιος,
3059 3062 3150 3117 καὶ
3185 3063 3470 3135 Εὐτύχιος,
3501 3063 3590 3117 καὶ
3614 3060 3733 3117 ἄλλοι
3757 3073 3813 3108 τι·

2306 3158 2394 3222 νὲς
2424 3157 2552 3211 ἄλλο
2579 3157 2767 3228 τάγμα
2804 3158 2898 3210 καὶ
2938 3151 3084 3211 οὗτοι
3126 3157 3409 3226 γεγόνασι,
3450 3155 3541 3213 καὶ
3576 3149 3635 3225 ἦν
3671 3152 3720 3204 τὸ
3742 3147 3814 3201 πᾶν

2306 3247 2531 3313 κυϐείας
2561 3248 2811 3319 ἔμπλεων
2838 3248 2900 3301 τὸ
2937 3248 3097 3320 ἔργον
3122 3264 3134 3278 °
3165 3247 3202 3302 ἃ
3235 3247 3351 3320 γὰρ
3398 3248 3614 3307 ἕκαστος
3639 3242 3812 3313 ἐφρόνει,

2305 3339 2480 3394 ταῦτα
2514 3340 2609 3393 καὶ
2641 3340 2670 3391 ὁ
2693 3339 2878 3411 ἕτερος
2916 3336 3062 3412 εἶχεν
3088 3359 3101 3371 ·
3127 3344 3206 3404 εἰς
3250 3342 3529 3413 σχίσματα
3553 3337 3604 3390 δὲ
3627 3331 3814 3407 διῃρέθη·

2308 3445 2407 3482 σαν
2436 3428 2573 3497 πρὸς
2602 3427 2882 3498 ἀλλήλους,
2921 3430 2955 3501 ἢ
2989 3430 3137 3501 μίσει
3174 3431 3280 3484 τινὶ
3322 3430 3401 3501 τῷ
3435 3429 3566 3501 πρὸς
3598 3424 3812 3494 ἀλλήλους,

2305 3518 2394 3572 διὰ
2427 3519 2489 3572 τὸ
2536 3519 2804 3592 Κύριλλον
2840 3522 2932 3573 τὸν
2973 3521 3410 3594 Ἱεροσολυμίτην
3454 3520 3581 3591 πρὸς
3623 3513 3816 3581 Εὑτύχιον

2306 3609 2455 3681 ἔχειν
2492 3610 2674 3680 μῆνιν,
2718 3613 2811 3664 καί
2840 3611 3100 3682 Εὐτύχιον
3136 3613 3273 3683 πρὸς
3322 3610 3613 3684 Κύριλλον’
3640 3601 3750 3659 εἶναι
3779 3600 3817 3653 δὲ

2305 3699 2395 3752 τὸν
2424 3699 2690 3771 Κύριλλον
2723 3702 2841 3773 ἅμα
2870 3702 3135 3772 Βασιλείῳ
3171 3700 3247 3773 τῷ
3273 3702 3512 3772 Γαλάτῃ,
3543 3698 3628 3753 καὶ
3649 3687 3817 3756 ’Δνιανῷ

2304 3788 2384 3859 τῷ
2411 3790 2805 3844 κατασταθέντι
2844 3791 2939 3845 ἐπὶ
2971 3791 3070 3862 τῆς
3106 3792 3461 3861 Ἀντιοχείας,
3510 3787 3595 3844 καὶ
3627 3778 3817 3852 Γεωργίίρ

2305 3879 2385 3951 τῷ
2411 3880 2761 3946 Λαοδικείας’
2790 3882 2843 3935 τί
2870 3881 2928 3935 δὲ
2967 3881 3372 3953 κατατρίϐομαι
3417 3874 3699 3944 τὰς’τάξεις
3722 3873 3817 3925 διαι-

2302 3970 2414 4045 ρῶν
2456 3989 2515 4026 τε
2558 3972 2654 4027 καὶ
2699 3972 2912 4042 λέγων;
2958 3973 3283 4045 Ἐλεύσομαι
3340 3974 3397 4027 δὲ
3443 3975 3521 4037 εἰς
3556 3968 3644 4033 τὰς
3669 3965 3816 4020 τούτων

2299 4062 2643 4128 ἀντιθέσεις,
2670 4064 2764 4119 καὶ
2791 4064 3105 4136 ἀνατροπὴν
3146 4065 3245 4135 τῆς
3291 4065 3527 4118 ἑκάστου
3569 4059 3739 4114 τούτων
3762 4052 3818 4103 δο-

2298 4151 2567 4223 λιότητος.
2599 4156 2691 4207 Δεῖ
2719 4154 2778 4208 δέ
2821 4171 2888 4225 με
2923 4154 3137 4227 πρῶτον
3167 4156 3296 4225 περὶ
3336 4155 3450 4207 τῶν
3484 4153 3685 4222 ὕστερον
3705 4158 3818 4213 γετο-

2301 4241 2472 4295 νότων
2516 4242 2719 4312 λέγειν.
2761 4240 3086 4317 Συμσὲσηκε
3127 4245 3236 4317 γὰρ
3263 4245 3427 4300 τοῦτό
3462 4260 3595 4298 τισιν
3634 4242 3701 4302 εἰς
3723 4237 3817 4302 ἁγα-

2303 4330 2523 4403 θότητα,
2555 4336 2663 4389 ’.τισὶ⁵
2688 4335 2745 4389 δὲ
2769 4338 2850 4400 εἰς
2880 4339 3168 4409 πονηρίαν.

627 4425 794 4496 igitur
824 4425 890 4479 ad
930 4423 1055 4480 illos
1091 4439 1284 4480 omnes
1320 4423 1648 4483 refellendos
1701 4430 1758 4477 et
1799 4422 2238 4493 uniuscujusque
2290 4428 2461 4500 876
2510 4432 2832 4489 calliditatis
2889 4436 3240 4489 evertendam
3293 4434 3606 4504 nequitiam.
3648 4424 3732 4481 Sed
3772 4418 3819 4471 de

628 4519 716 4572 his
760 4520 959 4588 prius,
1014 4533 1135 4588 qua:
1188 4525 1377 4589 postea
1417 4520 1791 4588 contigerunt,
1825 4517 2120 4573 dicendum
2166 4520 2403 4580 videtur.
2447 4525 2597 4582 Istud
2647 4529 2793 4583 enim
2842 4529 3020 4598 ipsum
3089 4531 3371 4586 nonnullis
3424 4529 3489 4595 ad
3541 4523 3816 4598 prohitaletn.

629 4610 751 4663 aliis
785 4609 851 4663 ad
887 4610 1208 4679 pravitatem
1239 4610 1427 4689 cessit.

697 4699 935 4755 XXVill.
980 4699 1189 4754 Etenim
1245 4699 1492 4755 Meletius
1538 4698 1608 4754 ab
1665 4697 1868 4754 Acacio
1906 4698 2197 4756 Antiochia

2384 4702 2521 4756 KH'.
2538 4699 2793 4768 Μελέτιος
2813 4704 2911 4772 μὲν
2944 4704 3052 4774 γάρ
3072 4706 3102 4758 ὁ
3125 4705 3181 4756 ἐν
3203 4705 3503 4775 Ἀντιοχείᾳ
3526 4695 3816 4756 κατασταθεὶς

626 4793 918 4849 ordinatus
964 4793 1279 4863 episc0pos.
1321 4790 1590 4861 Deinceps
1628 4792 1775 4846 enim
1828 4792 1933 4847 hoc
1976 4793 2213 4866 Aeacius

630 4886 969 4956 propositum
1005 4884 1216 4950 habuit,
1248 4883 1529 4954 paululum
1563 4891 1624 4937 ut
1653 4884 1723 4937 ab
1753 4884 1969 4938 illorum
2001 4885 2211 4939 nefario

630 4977 881 5043 dogmate
919 4975 1254 5039 deﬂecteret,
1286 4984 1343 5032 et
1377 4990 1545 5028 unum
1578 4991 1639 5029 se
1670 4990 1735 5029 ex
1768 4972 2103 5031 Orthodoxis
2134 4976 2214 5027 fa-

632 5072 805 5129 ceret,
844 5066 947 5118 hoc
972 5067 1112 5135 ipso,
1156 5067 1303 5136 quod
1333 5065 1609 5121 Meletium
1655 5066 1709 5118 in
1742 5066 1833 5118 illa
1864 5066 2214 5120 ordinatione

634 5155 1014 5211 confirmaret:
1033 5160 1235 5227 quippe
1261 5158 1511 5213 Meletius
1543 5157 1634 5210 hic
1655 5157 1723 5210 ab
1750 5155 2043 5211 Acacianis
2088 5171 2214 5226 par-

2311 4790 2417 4843 ὑπὸ
2436 4790 2546 4843 τῶν
2564 4792 2694 4862 περὶ
2712 4792 2966 4854 ’Λκάκιον
2981 4810 2995 4822 ·
3014 4793 3262 4846 ἐντεῦθεν
3273 4793 3381 4865 γὰρ
3398 4795 3577 4862 γέγονε
3604 4791 3683 4843 τοῦ
3700 4787 3817 4839 Ἀκα-

2312 4881 2433 4934 κίου
2460 4880 2730 4947 ἔνστασις,
2764 4884 2903 4955 ὑπὲρ
2937 4884 3030 4937 τοῦ
3063 4885 3164 4938 κᾶν
3208 4885 3388 4952 ὀλίγον
3431 4903 3483 4937 τι
3527 4877 3817 4948 ἀποστρέψειν

2310 4975 2410 5043 τῆς
2442 4974 2731 5039 κακοδόξου
2763 4974 2942 5028 αὐτῶν
2965 4976 3208 5047 γνώμης,
3237 4980 3331 5031 καὶ
3358 4976 3657 5047 ὑποφαίνειν
3675 4966 3815 5024 ἑαυτὸν

2310 5064 2471 5135 δῆθεν
2503 5066 2562 5117 ὲν
2605 5065 2926 5137 ὀρθοδὸεξοις,
2956 5066 3046 5120 διὰ
3086 5067 3147 5120 τὸ
3185 5067 3477 5138 βεϐαιῶσαι
3507 5067 3590 5119 τὸν
3618 5070 3816 5132 προειρη’

2314 5156 2475 5226 μένον
2503 5155 2765 5211 Μελέτιον
2793 5158 2851 5210 ὲν
2884 5160 2951 5230 τῇ
3000 5158 3358 5212 καταστάσει·
3392 5153 3717 5213 κατασταθεὶς
3738 5145 3815 5215 γὰρ

709 5309 727 5341 ¹
756 5307 961 5381 Matth.
983 5323 1038 5373 ι,
1069 5310 1157 5363 27.
1237 5311 1258 5341 ²
1296 5309 1496 5381 Ephes.
1528 5327 1599 5375 ιν,
1627 5309 1721 5364 ‘25.
1800 5307 1985 5364 'Psal.
2028 5324 2197 5372 xxvn,

2370 5307 2394 5339 ⁸
2416 5307 2542 5365 Cor.
2576 5311 2871 5367 Βασίλειον.

637 5465 788 5519 illius
815 5470 1107 5528 asserunt;
1138 5461 1362 5523 decima,
1391 5463 1863 5533 Constantinopoli
1888 5466 1955 5523 ab
1983 5465 2207 5533 Aeacio,

641 5535 907 5591 lindoxio.
946 5533 1177 5615 aliisque
1206 5534 1462 5588 conﬂata.
1481 5533 1633 5615 _Qtt:e
1657 5533 1844 5615 οὐσίας
1877 5545 1938 5615 _et
1966 5536 2208 5590 ὑποστά-

644 5621 781 5666 σεως
812 5606 1039 5660 nomina
1075 5607 1491 5659 commemorari
1535 5614 1711 5658 vetat:
1750 5606 1980 5659 similem
2022 5616 2202 5659 tamen

639 5669 788 5729 Patri
840 5672 1041 5729 Filium
1081 5689 1202 5730 esse
1254 5674 1463 5729 deﬁnit.
1516 5673 1611 5728 llis
1666 5675 2009 5730 undecimam
2062 5674 2215 5729 addit

2315 5467 2654 5539 Athanasius
2685 5468 2991 5529 Antiochiae
3023 5471 3094 5526 ab
3133 5470 3323 5528 iisdem
3361 5470 3482 5527 istis
3522 5464 3812 5539 publici”).

2319 5538 2411 5607 nhi
2449 5541 2786 5607 superiorem
2820 5539 3216 5602 emendarunt.
3251 5558 3313 5598 ac
3354 5532 3653 5598 dissimilem
3678 5532 3813 5607 Ρεξιηξ

2318 5600 2532 5679 Eilimtt'
2552 5611 2812 5664 audacter
2860 5600 3283 5679 pronuntiarunt
3312 5630 3326 5666 :
3366 5614 3504 5666 unde
3531 5600 3814 5663 Anotnwiml

2334 5677 2688 5747 Ἐξοῡκόντιοι
2723 5677 2982 5752 appellari
3023 5692 3326 5753 cwpcrunt.
