3988 6402
121 417 231 478 461

791 417 1162 488 ADVERSUS
1202 411 1548 480 HERESES
1587 421 1714 479 ΗΒ.
1753 423 1762 474 έ

1889 421 2053 479 ron.
2087 423 2126 478 ι.
2162 456 2230 465 -
2261 412 2535 484 uiuens.
2569 418 2804 486 Lxxm.

3330 429 3436 492 ιιι

121 541 381 613 δύναμιν
399 584 414 606 ,
443 543 593 614 ὑπὲρ
619 540 647 596 ὃ
677 543 1006 614 φθέγξασθαι
1032 543 1258 598 δύναται
1286 544 1524 613 γλῶττα,
1555 544 1696 614 ὑπὲρ
1720 544 1748 597 ὂ

1870 545 2092 609 ξιρειιὶι,
2126 562 2294 616 supra
2330 547 2380 602 id
2415 557 2579 604 omne
2610 551 2754 621 quod
2791 550 2874 606 vel
2907 551 3087 623 eloqui
3122 553 3436 624 lingua,ch

125 635 371 703 κινῆσαι
409 636 662 689 διάνοια’
706 635 951 706 γέννημα
983 634 1187 688 τέλειόν
1225 652 1286 688 τε
1329 637 1425 688 καὶ
1460 635 1639 705 μένον,
1681 635 1747 688 ἐκ

127 723 361 777 τελείου
414 726 515 780 καὶ
553 724 804 796 μένοντος
839 726 898 778 ἐν
925 724 1236 796 ταυτότητι,
1271 725 1372 778 ούκ
1397 722 1748 796 ἀποῤῥεῦσαν

130 818 203 867 ἐκ
241 816 515 885 Πατρὺς,
565 815 690 869 οὔτε
719 815 1037 886 ἀποτμηθὲν
1071 833 1131 869 τε
1179 815 1276 869 καὶ
1303 816 1592 886 διαιρεθὲν,
1634 815 1747 869 ἀλλ’

129 907 386 972 ἀπαθῶς
413 911 510 962 καὶ
540 909 847 980 ὁλοκλήρως
874 889 1174 980 προελθὼν,
1203 910 1266 962 ἐκ
1297 909 1389 962 τοῦ
1427 909 1594 980 μηδὲν
1624 910 1750 962 ἁπο-

129 999 491 1070 6ε6ληκο5τος
518 996 595 1056 ὧν
623 997 763 1072 εἶχε·
794 1003 888 1055 καὶ
911 1004 992 1055 ὅτι
1019 1001 1192 1070 Λόγος
1226 1002 1343 1056 ἐστί
1375 1021 1434 1055 τε
1470 1003 1564 1055 καὶ
1595 1003 1751 1072 λέγε-

127 1111 232 1146 ται
269 1093 440 1157 Υἱὸς,
470 1094 532 1147 οὐ
566 1096 672 1166 μὴν
707 1094 858 1165 φωνὴ
886 1094 978 1148 τοῦ
1011 1096 1246 1166 Πατρὸς,
1281 1095 1403 1148 οὐδὲ
1432 1095 1582 1166 ῥῆμα
1614 1097 1750 1149 νοεῖ-

132 1202 259 1238 ται.
300 1185 613 1254 ’Υφέστηκε
661 1184 769 1256 γὰρ
803 1185 924 1238 καθ’
972 1185 1184 1249 ἑαυτὸν,
1233 1187 1329 1238 καὶ
1374 1188 1613 1256 ἐνεργεῖ,
1655 1185 1750 1240 καὶ

127 1273 220 1328 δι’
286 1275 482 1329 αὑτοῦ
537 1276 611 1329 τὰ
649 1274 872 1341 πάντα,
915 1276 1015 1330 καὶ
1066 1276 1138 1329 ἐν
1183 1275 1348 1342 αὐτῷ
1396 1275 1469 1330 τὰ
1515 1276 1746 1330 πάντα·

125 1365 347 1437 ὥσπερ
379 1367 476 1419 καῖ¹
503 1365 664 1434 σοφία
687 1368 715 1420 ὁ
751 1367 913 1431 αὐτὸς
939 1366 1015 1421 ὣν
1047 1368 1150 1421 οὐκ
1188 1365 1481 1440 ἐνθύμημα
1512 1368 1606 1422 τοῦ
1633 1371 1748 1423 Πα-

123 1460 286 1530 τρὺς
316 1461 545 1522 νοεῖται,
576 1457 702 1512 οὔτε
745 1459 956 1530 κίνησις
983 1458 1076 1512 τοῦ
1105 1459 1440 1530 ἡγεμονικοῦ
1474 1460 1746 1530 ἐνέργεια,

122 1549 292 1603 ἀλλὰ
319 1549 575 1619 γέννημα
612 1549 796 1619 ὅμοιόν
832 1567 891 1602 τε
937 1550 1031 1604 τοῦ
1068 1551 1301 1620 Πατρὺς,
1347 1551 1556 1605 καὶτὸν
1586 1570 1753 1624 χαραο

132 1642 342 1712 κτῆρα
392 1641 488 1694 τοῦ
533 1641 745 1711 Πατρὸς
792 1640 1074 1712 ἀκριϐοῦν.
1122 1641 1324 1695 Τοῦτον
1366 1642 1474 1714 γὰρ
1506 1645 1534 1697 ὁ
1565 1643 1750 1716 Πατὴρ

127 1733 496 1804 ἐσφράγισεν
538 1733 567 1784 ὁ
608 1732 769 1797 Θεός·
801 1733 895 1787 καὶ⁸
939 1734 1037 1804 οὐχ
1069 1733 1242 1805 ἑτέρῳ
1287 1734 1386 1805 μὲν
1429 1735 1750 1808 ἐνυπάρχει,

126 1828 246 1897 οὐχ
280 1826 562 1897 ὑφέστηκε
587 1826 642 1879 δὲ
665 1826 784 1879 καθ’
821 1825 1002 1892 ἑαυτὸ,
1030 1825 1165 1880 ἀλλὰ
1189 1827 1437 1898 γέννημα
1465 1829 1751 1901 ἐνεργητι-

128 1919 271 1981 κὸν,
327 1920 428 1973 καὶ
455 1919 753 1989 πεποιηκὸς
783 1918 900 1972 τόδε
929 1917 991 1971 τὸ
1024 1919 1154 1982 πᾶν,
1203 1921 1298 1972 uati.

131 2008 346 2061 Ταῦτα
377 2009 542 2061 ἱκανὰ
562 2009 656 2062 καῖ¹
680 2009 780 2078 τῆς
812 2008 1076 2081 Ἑλλήνων
1101 2008 1312 2081 πλάνης
1336 2011 1484 2081 ἡμᾶς
1531 2010 1627 2064 καὶ
1649 2011 1748 2082 τῆς

142 2100 476 2170 Ἰουδαϊκῆς
506 2099 959 2173 ἐθελοθρησκείας
990 2099 1376 2172 ἐλευθερῶσαι,
1407 2103 1501 2156 καὶ
1532 2102 1634 2173 τῆς
1662 2104 1748 2154 al-

128 2209 242 2263 ρετ
252 2192 390 2262 ικῆς
425 2191 761 2259 κακοδοξίας.

217 2454 360 2507 AA'.
419 2449 636 2522 Ἐπειδὴ
673 2450 730 2504 δὲ
763 2450 869 2504 τῶν
917 2453 974 2505 ἐν
1026 2455 1148 2516 ταῖς
1195 2452 1439 2524 Γραφαῖς
1482 2451 1752 2522 κειμένων

133 2543 362 2608 λέξεων
407 2541 499 2594 τὸν
522 2541 646 2594 νοῦν
674 2540 1116 2613 παρατρέποντές
1147 2559 1314 2605 τινες,
1351 2542 1442 2594 καὶ
1478 2541 1681 2612 ἑτέρως
1719 2540 1752 2612 ἢ

136 2634 449 2704 προσῆκεν
476 2633 892 2704 ἑρμηνεύοντες,
918 2634 1012 2687 καὶ
1039 2635 1180 2704 μήτε
1211 2633 1320 2687 τῶν
1353 2634 1618 2703 ῥημάτιον
1656 2633 1754 2703 τὴν

139 2724 437 2792 δύναμιν.
479 2725 617 2794 μήτε
671 2722 779 2775 τῶν
832 2724 1173 2794 πραγμάτων
1221 2722 1320 2794 τὴν
1369 2723 1531 2792 φύσιν
1585 2740 1753 2777 κατα-

146 2815 439 2877 νοοῦντες,
472 2814 741 2885 τολμῶσιν
787 2813 998 2867 ἀθετεῖν
1042 2814 1142 2885 τὴν
1187 2814 1414 2885 θεότητα
1467 2813 1558 2867 τοῦ
1601 2813 1752 2877 Υἰοῦ,

147 2905 612 2978 προσκόπτοντες
645 2909 712 2977 τῇ
747 2904 889 2970 λέξει
924 2906 1025 2976 τῆς
1050 2905 1279 2968 κτίσεως
1302 2908 1365 2976 τῇ
1402 2904 1757 2977 ὲμφερομένῃ

145 3002 282 3061 ταῖς
337 2997 701 3069 Παροιμίαις·
761 2997 978 3065 Κύριος
1025 2999 1134 3068 γὰρ
1183 2996 1387 3051 sum
1432 3014 1509 3066 με
1556 2995 1760 3065 ἀρχὴν·

143 3090 326 3143 ὁδῶν
349 3090 542 3143 αὑτοῦ
575 3092 662 3156 εἰς
687 3089 830 3158 ἔργα
861 3089 1048 3144 αὑτοῦ
1066 3106 1078 3116 ·
1107 3087 1201 3153 οὓς
1233 3088 1352 3142 δέον
1379 3088 1455 3160 τῷ
1483 3088 1758 3158 πνεύματι

144 3184 233 3254 τῷ
269 3182 634 3246 ζωοποιοῦντι
663 3181 999 3250 ἀκολουθεῖν,
1030 3181 1126 3236 καὶ
1157 3180 1232 3254 μὴ
1257 3181 1334 3253 τῷ
1361 3181 1653 3252 γράμματι
1681 3178 1760 3250 τῷ

1850 641 2062 710 agitare
2087 642 2286 697 mentis
2333 642 2692 715 intelligentia
2736 655 2936 716 potest.
2982 646 3311 712 Perfectam,
3351 650 3438 704 in»

1849 744 2036 798 quam,
2068 732 2334 797 sobolem,
2371 741 2426 788 ct
2457 735 2708 790 stabilem
2759 753 2823 792 ex
2862 737 3107 808 perfecto
3149 750 3203 795 et
3245 739 3299 794 in
3337 755 3436 795 eo.

1849 821 1971 876 dem
2003 832 2154 878 statu
2186 836 2557 894 permanente.
2591 827 2724 893 Qua:
2761 829 2981 899 quidem
3018 831 3235 886 soboles
3261 846 3438 902 neque

1852 926 1882 964 a
1924 909 2090 967 Patre
2127 912 2424 983 proﬂuxit,
2470 931 2571 971 nec
2615 928 2834 972 exsecta
2879 925 2986 983 est,
3039 920 3122 975 vel
3168 919 3439 975 divisione

1851 1008 2172 1070 propagata,
2224 1001 2318 1057 sed
2367 1003 2504 1057 citra
2552 1005 2864 1072 passionem
2897 1006 3218 1078 integreque
3255 1009 3332 1064 ab
3369 1025 3439 1067 eo

1851 1091 2142 1159 processit,
2175 1093 2266 1161 qui
2311 1093 2450 1147 nihil
2488 1109 2703 1160 eorum,
2733 1097 2937 1168 quibus
2977 1099 3240 1169 praeditus
3268 1111 3436 1167 esset,

1852 1180 2118 1237 amiserit.
2161 1182 2300 1238 Tum
2326 1186 2577 1241 eumdem
2607 1188 2758 1243 illum
2793 1189 2990 1246 Filium
3025 1190 3266 1249 Verbum
3315 1209 3442 1250 esse

1851 1270 2092 1343 dicique,
2127 1290 2234 1329 non
2265 1291 2455 1357 vocem
2487 1287 2581 1334 aut
2619 1279 2916 1336 dictionem
2945 1281 3126 1340 Patris
3165 1284 3437 1357 intelligit.

1855 1361 2134 1434 Siquidem
2168 1382 2264 1437 per
2293 1351 2353 1424 se
2392 1369 2483 1425 ille
2519 1371 2771 1425 subsistit
2813 1379 2862 1426 et
2895 1374 3026 1442 agit,
3055 1389 3122 1428 ac
3147 1390 3238 1442 per
3265 1351 3442 1445 ipsum

1854 1458 2052 1522 omnia,
2085 1468 2133 1512 et
2169 1460 2221 1512 in
2254 1459 2365 1529 ipso
2395 1473 2516 1515 sunt
2549 1464 2728 1517 omnia
2757 1464 2798 1516 ³.
2855 1463 3330 1530 Quem-admodum
3365 1469 3440 1523 ita

1854 1548 1942 1604 ille
1969 1549 2140 1620 879
2182 1550 2450 1621 sapientia
2477 1562 2582 1620 est,
2610 1561 2668 1606 ut
2702 1551 2880 1610 Patris
2910 1556 3193 1627 cogitatio,
3222 1557 3304 1612 vel
3334 1573 3442 1612 mo-

1853 1639 1930 1694 tio
1973 1641 2193 1705 mentis,
2250 1642 2463 1698 actiove
2509 1644 2736 1701 minime
2779 1645 2851 1703 sit
2882 1648 3183 1716 putandus,
3235 1651 3329 1706 sed
3363 1652 3443 1707 si—

1854 1729 2000 1784 milis
2041 1728 2224 1787 Patris
2259 1731 2500 1796 soboles.
2552 1746 2608 1790 et
2649 1746 2967 1792 accuratam
3009 1738 3064 1792 in
3110 1755 3232 1796 sesc
3260 1739 3442 1797 Patris

1855 1821 2084 1894 efﬁgiem
2131 1824 2466 1894 exprimens.
2517 1825 2652 1880 Nam
2689 1828 2835 1884 hunc
2883 1827 3032 1887 Deus
3065 1830 3226 1886 Pater
3263 1833 3444 1904 sig-illo

1344 1919 1610 1988 φυλάττον
1638 1919 1745 1975 ἀεί.

1870 1912 1999 1966 velut
2028 1912 2359 1982 obsignavit,
2393 1930 2569 1985 neque
2604 1917 2684 1971 sic
2713 1917 3003 1973 exsistitin
3021 1919 3220 1990 altero,
3250 1900 3444 1992 ut'per

1858 2019 1980 2060 sese
2011 2005 2235 2059 minime
2283 2007 2573 2070 subsistat,
2613 2008 2710 2065 scd
2743 2009 2932 2065 eﬂicax
2965 2010 3188 2080 quidam
3233 2011 3324 2068 ille
3369 2013 3449 2070 fc-

1862 2101 1950 2146 tus
1989 2099 2093 2158 cst,
2122 2092 2215 2162 qui
2253 2101 2426 2148 totum
2467 2094 2572 2150 hoc
2606 2096 2924 2153 universum
2969 2097 3116 2169 quod
3162 2099 3442 2165 condidit,

1860 2188 2123 2252 perpetuo
2158 2192 2474 2240 conservat.
2510 2184 2636 2241 llzec
2678 2185 2874 2242 idonea
2907 2197 3053 2254 sunt,
3089 2198 3146 2244 ut
3191 2204 3294 2245 nos
3327 2199 3382 2246 et
3413 2205 3446 2245 a

1860 2273 2173 2328 Graecorum
2205 2290 2416 2342 errore,
2449 2285 2498 2332 et
2527 2292 2558 2331 a
2589 2276 2904 2334 Iudaeorum
2936 2282 3351 2350 superstitione,
3388 2292 3449 2339 et

1860 2364 1929 2418 ab
1958 2364 2336 2421 lmreticorum
2365 2366 2574 2423 nefaria
2605 2369 2864 2439 opinione
2893 2371 3192 2428 vindicent.

1931 2453 2124 2510 XXXI.
2168 2455 2440 2522 Quoniam
2491 2475 2621 2514 vero
2677 2461 2925 2516 nonnulli
2979 2477 3176 2518 vocum
3227 2464 3451 2520 illarum

1861 2563 1983 2619 qua:
2017 2548 2069 2602 in
2118 2547 2421 2619 Scripturis
2463 2559 2717 2619 exstant,
2767 2568 2990 2608 sensum
3034 2554 3448 2626 dctorquentes.

1864 2626 2027 2712 atque
2051 2642 2209 2696 aliter
2237 2657 2400 2713 quam
2430 2659 2530 2714 par
2571 2645 2643 2698 sit
2675 2645 3119 2715 interpretantes,
3155 2663 3332 2717 neque
3352 2655 3452 2702 aut

1863 2736 2152 2791 verborum
2185 2736 2597 2807 proprietatem,
2633 2746 2727 2792 aut
2750 2753 2930 2794 rerum
2968 2749 3219 2792 naturam
3251 2741 3454 2795 intelli-

1863 2834 2074 2897 gentes,
2118 2827 2237 2882 Filii
2271 2827 2613 2884 divinitatem
2646 2838 2892 2885 evertere
2936 2846 3044 2884 non
3084 2831 3358 2898 dubitant,
3395 2842 3451 2886 et

1865 2917 1933 2971 ad
1980 2918 2111 2972 illud
2156 2918 2451 2974 crcationis
2497 2921 2826 2975 vocabulum
2871 2921 3172 2989 offendunt,
3217 2925 3364 2995 quod
3397 2925 3455 2980 in

1865 3007 2178 3066 Proverbiis
2205 3011 2441 3084 legitur:
2473 3012 2756 3082 Dominus,
2787 3013 2986 3084 inquit,
3018 3015 3211 3068 creavit
3249 3032 3328 3069 me
3347 3016 3456 3069 ini-

1867 3101 2000 3153 tium
2022 3100 2228 3154 viarum
2256 3119 2480 3156 suarum
2509 3103 2563 3158 in
2594 3117 2749 3170 opera
2776 3104 2940 3172 ipsius
2964 3103 3008 3171 ⁸;
3065 3119 3205 3175 quos
3232 3105 3457 3176 quidem

1867 3193 2156 3261 oportebat
2185 3193 2461 3248 vivificum
2501 3195 2685 3264 potius
2713 3194 2991 3264 spiritum,
3015 3211 3179 3267 quam
3205 3198 3458 3254 occiden-

144 3275 574 3331 ἀποκτείναντι·
620 3275 689 3328 Τὸ
737 3273 847 3344 γὰρ
894 3273 1132 3344 πι-οεῦμα
1177 3271 1475 3334 ζωοποιεῖ·
1525 3271 1656 3342 φέρε
1697 3271 1761 3343 δὴ

1870 3290 1974 3338 lem
1999 3283 2236 3339 litteram
2267 3287 2460 3356 sequi;
2502 3262 2897 3357 Spiritus—enim
2926 3262 3191 3358 rieihcat‘
3230 3305 3363 3361 :age
3399 3299 3458 3346 et

145 3370 542 3440 τολμήσωμεν
595 3366 691 3419 καὶ
722 3368 884 3437 ἡμεῖς
931 3365 1103 3437 μικρὰ
1149 3367 1277 3436 περὶ
1327 3365 1532 3418 τούτων
1574 3365 1760 3418 διαλα-

145 3461 280 3514 ϐεῖν
305 3500 319 3520 ,
350 3459 454 3528 οὐχ
484 3458 567 3510 ὅτι
597 3459 610 3488 ¹
638 3455 870 3520 ἐντελῶς
911 3458 1123 3526 εἴρηται
1154 3459 1264 3518 τοῖς
1293 3454 1397 3526 πρὸ
1421 3453 1579 3526 ἡμῶν
1609 3456 1762 3526 εἰρη-

149 3554 326 3608 κόσιν
347 3567 361 3580 ·
461 3548 566 3620 γὰρ
594 3547 661 3601 ἃν
693 3547 938 3617 μαίνοιτό
973 3565 1056 3610 τις
1077 3590 1090 3612 ,
1136 3547 1185 3599 εί
1226 3545 1384 3598 τοῦτο
1431 3544 1614 3614 λέγοι·
1643 3546 1764 3599 οὐδὲ

147 3646 242 3697 ὅτι
291 3640 531 3713 χρῄζετε
569 3638 943 3701 διδάσκοντος·
979 3638 1134 3691 αὐτοὶ
1179 3636 1288 3710 γὰρ
1330 3637 1489 3706 ὑμεῖς
1539 3636 1768 3690 θεοδίδα-

149 3735 288 3788 κτοί
318 3735 449 3786 ἐστε
469 3748 482 3760 ⁸
511 3730 625 3784 ἀλλ’
662 3731 748 3784 ἵνα
781 3729 1185 3801 φανερωθῶμεν
1219 3732 1275 3784 ἐν
1302 3729 1422 3792 ταῖς
1457 3727 1767 3800 συνειδήσε-

156 3845 249 3881 σιν
292 3823 482 3895 ἡμῶν,
528 3824 608 3876 ὅτι
642 3822 751 3876 τῶν
787 3821 1198 3892 ἐπιθυμούντων
1233 3821 1399 3892 ἐσμὲν
1427 3820 1768 3891 χαρίσματος

155 3916 305 3990 ὒμῖν
333 3916 660 3988 μεταδοῦναι
697 3912 1087 3986 πνευματικοῦ.

238 4011 550 4065 Πίστευσον
579 4004 690 4073 οὖν,
728 4009 809 4062 ὃτι
838 4005 961 4060 οὔτε
990 4003 1223 4076 ἀλλαχοῦ
1247 4005 1345 4076 τῆς
1377 4003 1619 4076 Γραφῆς,
1646 4001 1768 4058 οὔτε

158 4104 267 4157 ἐπὶ
314 4101 414 4154 τοῦ
466 4100 730 4171 παρόντος
776 4098 977 4171 χωρίου
1020 4097 1237 4150 ἐναντία
1284 4095 1352 4148 τὰ
1414 4099 1632 4166 ῥήματα
1670 4095 1772 4164 τῆς

159 4192 412 4268 Γραφῆς
443 4191 692 4262 ἀλλήλοις
717 4190 858 4254 ἐστὶ,
887 4189 991 4243 κᾶν
1022 4187 1289 4258 μάχεσθαι
1317 4187 1446 4258 δοκῇ
1480 4185 1631 4257 παρὰ
1659 4188 1772 4248 τοῖς

161 4293 238 4361 τῇ
277 4289 467 4340 πίστει
500 4285 573 4357 μὴ
601 4283 958 4353 ὑγιαίνουσιν,
986 4281 1105 4350 ἦτοι
1137 4277 1427 4332 ἀσθενοῦσι
1455 4278 1519 4347 τῇ
1545 4274 1768 4347 γνὼμῃο

166 4382 275 4434 aut
317 4380 396 4442 ὡς
435 4377 585 4432 οὐδὲν
622 4376 731 4430 τῶν
764 4374 907 4429 κατὰ
942 4372 1034 4425 τὸν
1071 4371 1274 4441 κόσμον
1312 4369 1773 4442 παραδειγμάτων

167 4471 295 4527 οἷον
328 4470 391 4523 τέ
424 4473 569 4524 ἐστιν
595 4467 906 4540 εὑρεθῆναι,
937 4466 1075 4535 ὅπερ
1106 4463 1330 4535 ἐξαρκεῖ
1355 4462 1473 4515 καθ’
1496 4457 1660 4513 ὲαυτδ
1683 4477 1776 4513 σα-

1866 3389 1968 3430 nos
1995 3374 2062 3429 de
2101 3374 2188 3430 his
2218 3391 2393 3445 pauca
2424 3376 2792 3447 disputemus,
2840 3393 2948 3432 non
2981 3379 3127 3449 quod
3168 3394 3232 3434 ea
3266 3395 3354 3435 res
3389 3381 3458 3435 ab

1867 3467 1936 3522 iis
1980 3466 2220 3538 perfecte
2263 3475 2494 3523 tractata
2539 3483 2648 3524 non
2697 3468 2858 3524 fuerit
2885 3469 2980 3540 qui
3017 3479 3143 3527 ante
3175 3486 3276 3529 nos
3305 3469 3458 3529 dixe-

1868 3567 2032 3612 runt:
2064 3558 2244 3614 furere
2280 3561 2426 3614 enim
2459 3559 2612 3614 illum
2649 3575 2877 3616 necesse
2909 3570 3026 3626 est,
3059 3562 3152 3632 qui
3191 3563 3337 3618 istud
3368 3579 3460 3618 as-

1868 3657 2045 3706 serat:
2078 3666 2255 3720 neque
2279 3651 2424 3721 quod
2449 3651 2674 3707 doctore
2690 3667 2831 3724 opus
2857 3653 3142 3720 habeatis;
3175 3669 3272 3711 vos
3301 3656 3448 3710 enim

1870 3743 1973 3814 ipsi
2003 3743 2267 3800 divinitus
2295 3745 2432 3800 estis
2458 3742 2678 3810 cdocti;
2713 3745 2809 3802 sed
2840 3754 2900 3801 ut
2925 3745 2994 3800 de
3022 3747 3184 3804 nobis
3219 3747 3288 3803 sit
3325 3748 3462 3804 illud

1869 3834 1923 3888 in
1954 3833 2291 3888 conscientia
2322 3841 2499 3890 vestra
2523 3834 2898 3900 manifestum,
2923 3851 3122 3907 cupere
3146 3853 3246 3894 nos
3282 3836 3461 3908 Spiri-

1805 3988 1815 3998 ,
1872 3935 1964 3979 tus
1992 3925 2167 3980 sancti
2197 3925 2341 3979 dona
2376 3927 2786 3984 communicare
2815 3929 3121 3984 vobiscum.

1943 4016 2219 4088 imprimis
2247 4018 2430 4089 itaque
2460 4018 2622 4075 crede
2654 4019 2790 4075 nihil
2832 4037 2936 4076 nec
2979 4021 3034 4076 in
3064 4022 3278 4076 caeteris
3316 4020 3467 4074 Scri-

1872 4117 2046 4179 pturae
2096 4110 2254 4172 locis,
2295 4125 2396 4164 nec
2428 4109 2481 4164 in
2513 4126 2579 4164 eo
2613 4109 2680 4166 de
2722 4126 2832 4180 quo
2867 4113 3028 4168 modo
3066 4115 3311 4184 agimus,
3354 4115 3465 4168 ulla

1875 4202 1976 4256 sibi
2009 4200 2240 4254 invicem
2269 4215 2392 4256 esse
2421 4200 2719 4272 Scriptura:
2746 4205 2907 4258 verba
2936 4208 3236 4272 contraria,
3269 4214 3467 4261 tamet-

1876 4296 1920 4346 si
1956 4293 2022 4348 iis
2047 4293 2316 4347 duntaxat
2351 4294 2444 4362 qui
2478 4293 2557 4347 vel
2603 4309 2737 4349 sana
2779 4295 2884 4350 fide
2917 4297 3128 4365 praediti
3165 4313 3272 4351 non
3305 4306 3460 4361 sunt,

1874 4381 1960 4434 vel
1994 4380 2369 4435 imbecillioris
2403 4381 2605 4451 ingenii
2636 4390 2785 4449 sunt,
2819 4398 3123 4456 repugnare
3150 4387 3463 4452 videantur;

1875 4471 2071 4528 deinde
2094 4471 2304 4526 nullum
2340 4473 2394 4525 in
2425 4472 2630 4528 mundo
2664 4475 2973 4544 exemplum
3017 4479 3244 4547 reperiri
3278 4493 3464 4549 posse,

176 4564 305 4635 φῶς
333 4562 689 4632 παραστῆσαι
713 4558 805 4612 τοῦ
834 4555 1172 4625 Μονογενοῦς
1195 4555 1296 4626 τὴν
1327 4553 1505 4624 φύσιν.
1538 4553 1648 4606 Καὶ
1686 4553 1762 4605 διὰ

176 4655 346 4708 τοῦτο
375 4655 410 4718 ἡ
449 4651 639 4718 Γραφὴ
686 4649 908 4712 πολλαῖς
952 4646 1220 4708 ἐπινοίαις
1249 4645 1377 4716 περὶ
1409 4641 1503 4696 τοῦ
1534 4644 1762 4711 Μονογε-

1883 4563 2028 4633 quod
2072 4562 2138 4616 ad
2177 4577 2304 4633 repr
2386 4560 2680 4616 cntandam
2740 4561 3012 4635 Unigeniti
3067 4576 3317 4622 naturam
3371 4585 3470 4639 per

1887 4667 2009 4708 sese
2031 4649 2285 4706 sufliciat.
2305 4577 2499 4718 ﬁliam
2526 4647 2597 4706 ob
2617 4667 2842 4708 causam
2869 4653 3153 4718 Scriptura
3182 4657 3382 4713 multas
3400 4658 3468 4712 ad

175 4655 346 4708 τοῦτο
375 4655 410 4724 ἡ
449 4651 639 4724 Γραφὴ
686 4649 908 4712 πολλαῖς
952 4646 1220 4708 ἐπινοίαις
1249 4645 1377 4716 περὶ
1409 4641 1503 4696 τοῦ
1534 4644 1776 4711 Μονογε-

181 4746 314 4808 νοῦς
347 4745 443 4798 καὶ
473 4741 813 4814 ἐπωνυμίαις
849 4739 1137 4811 κέχρηται,
1168 4736 1222 4789 εἴ
1264 4753 1379 4800 πως
1420 4735 1780 4808 δυνηθείημεν

167 4839 279 4904 ¹διεὶι
303 4839 412 4889 τῶν
447 4836 569 4890 καθ’
593 4836 742 4908 ἡμᾶς
774 4833 833 4887 τὸ
862 4831 1004 4904 ὺπέρ
1029 4832 1172 4902 ὑμᾶς
1196 4829 1546 4892 καταλαϐεῖν,
1578 4832 1670 4885 καὶ
1693 4831 1780 4886 διὰ

189 4929 304 4982 τῶν
364 4925 784 4997 γινωσκομένων
837 4922 1210 4994 φαντασθῆναι
1267 4920 1338 4974 τὰ
1403 4921 1740 4994 ἀγνοούμενα
1763 4962 1777 4985 ,

193 5019 380 5094 ἠρέμα
413 5020 505 5074 καὶ
547 5015 690 5072 κατὰ
723 5018 916 5088 μικρὸν
947 5014 1056 5070 ἀπὸ
1099 5012 1208 5067 τῶν
1254 5013 1504 5086 φανερῶν
1537 5013 1674 5086 πρὸς
1713 5014 1782 5068 τὰ

196 5112 554 5185 κεκρυμμένα
585 5109 1063 5185 προϐισαζόμενοι.
1107 5108 1258 5161 Ἐπεὶ
1300 5106 1483 5162 τοίνυν
1513 5106 1622 5160 ἔδει
1653 5107 1780 5169 τοὺς

196 5205 554 5270 πιστεύοντας
571 5206 591 5236 ¹
611 5205 694 5268 εἰς
721 5202 978 5277 Χριστὸν,
1010 5200 1085 5266 ὡς
1113 5199 1298 5271 ὅμοιός
1320 5199 1469 5252 ἐστιν
1493 5200 1523 5252 ὁ
1552 5197 1679 5262 Υἱὸς
1703 5197 1782 5269 τῷ

196 5301 402 5372 Ila-cpi,
427 5299 520 5352 ἆτε
559 5297 624 5370 δὴ
657 5295 819 5350 εἰκὼν
854 5294 1114 5367 ὗπάρχων
1141 5292 1236 5347 τοῦ
1275 5294 1368 5346 ἐπὶ
1391 5293 1608 5346 πάντων
1633 5289 1662 5344 ὸ
1693 5289 1785 5344 διὰ

197 5391 443 5454 πάντων,
485 5389 551 5444 δι’
579 5383 642 5443 οὗ
677 5387 746 5442 τὰ
781 5385 962 5440 πάντα
997 5382 1483 5456 δεδημιούργηται,
1525 5381 1596 5436 τά
1625 5398 1684 5435 τε
1723 5381 1784 5435 ἐν

195 5487 311 5548 τοῖς
344 5483 614 5554 οὐρανοῖς,
643 5479 738 5535 καὶ
765 5478 834 5532 τὰ
861 5476 956 5531 ἐπὶ
987 5476 1116 5547 γῆς·
1143 5474 1308 5530 εἰκὼν
1339 5473 1396 5528 δὲ
1422 5474 1522 5545 οὐχ
1543 5473 1618 5537 ὡς
1649 5471 1785 5543 ἄψυ-

197 5593 296 5649 χον
322 5574 603 5646 ἐμψύχου,
636 5571 744 5626 οὐδ’
769 5570 847 5633 ὡς
880 5567 1131 5640 ἐνέργεια
1155 5565 1369 5638 τέχνης,
1409 5565 1519 5618 οὐδ’
1548 5561 1624 5630 ὡς
1647 5565 1785 5618 ἀπο-

196 5670 444 5741 τέλεσμα
472 5665 786 5739 ἐνεργείας,
820 5660 956 5716 ἀλλὰ
984 5660 1230 5730 γέννημα
1258 5656 1353 5712 τοῦ
1387 5658 1744 5727 γεννήσαντος
1766 5670 1780 5683 ·

1887 4667 2009 4708 sese
2031 4649 2285 4706 sufliciat.
2326 4647 2499 4718 Quam
2526 4647 2597 4706 ob
2617 4667 2842 4708 causam
2869 4653 3153 4726 Scriptura
3182 4657 3382 4713 multas
3400 4658 3468 4712 ad

1888 4744 1940 4800 id
1975 4746 2314 4815 excogitatas
2350 4745 2596 4799 rationes
2636 4752 2690 4800 et
2729 4747 3125 4816 appellationes
3155 4763 3469 4805 accommo-

1887 4834 2001 4900 dat,
2039 4835 2084 4890 si
2119 4849 2228 4906 quo
2263 4833 2498 4891 fortasse
2531 4835 2694 4890 modo
2724 4852 2790 4891 ex
2824 4838 2910 4893 his
2948 4853 3070 4910 qua:
3097 4836 3259 4895 nobis
3313 4837 3471 4896 fami-

1886 4924 2044 4979 liaria
2078 4935 2208 4980 sunt
2252 4933 2306 4981 et
2337 4925 2577 4997 cognita,
2608 4940 2730 4996 quae
2757 4934 2978 4998 captum
3023 4937 3271 4984 nostrum
3305 4945 3472 5002 supe-

1888 5025 2011 5071 rant
2039 5016 2504 5087 comprehendere
2538 5018 2837 5088 possimus,
2870 5028 2923 5074 et
2944 5035 3008 5074 ex
3037 5021 3274 5092 cognitis
3321 5023 3466 5094 igno-

1888 5115 2067 5162 tarum
2094 5123 2277 5164 rerum
2310 5107 2609 5165 informare
2641 5103 2912 5179 notitiam,
2959 5126 2989 5166 a
3021 5115 3330 5185 perspicuis
3367 5117 3475 5174 illis

1892 5199 2220 5272 pedetentim
2254 5197 2322 5255 ad
2357 5213 2558 5255 arcana
2613 5201 2940 5274 occultaque
2991 5205 3265 5277 perducti.
3318 5207 3475 5276 Quod

1892 5291 2060 5362 igitur
2082 5305 2180 5347 eos
2210 5291 2301 5362 qui
2327 5291 2381 5346 in
2403 5291 2688 5349 Christum
2721 5297 3034 5361 crederent,
3065 5298 3288 5356 credere
3310 5315 3476 5370 opor-

1894 5381 2038 5438 tebat
2072 5381 2307 5438 similem
2337 5398 2460 5441 esse
2485 5380 2666 5442 Patris
2693 5381 2917 5454 Filium,
2949 5397 3136 5459 utpote
3157 5405 3283 5445 cum
3307 5389 3476 5457 illius,

1891 5472 1984 5544 qui
2036 5487 2201 5543 supra
2235 5474 2420 5530 omnia
2467 5484 2574 5541 est,
2622 5476 2804 5549 imago
2841 5478 2915 5536 sit
2960 5481 3050 5538 ille
3098 5481 3191 5554 qui
3227 5481 3477 5552 pervadit

1892 5565 2095 5630 omnia,
2119 5573 2173 5621 et
2195 5580 2226 5619 a
2254 5581 2363 5636 quo
2389 5567 2653 5638 producta
2684 5577 2815 5625 sunt
2841 5568 3012 5642 880
3047 5571 3253 5632 omnia,
3277 5576 3389 5623 tam
3421 5569 3476 5623 in

1893 5655 2055 5723 cmlo,
2087 5671 2251 5728 quam
2301 5656 2357 5712 in
2398 5665 2584 5716 terra:
2616 5659 2797 5732 imago
2843 5674 3010 5730 porro
3050 5657 3321 5730 ejusmodi
3364 5673 3475 5714 non

275 5853 314 5922 '_
338 5849 500 5907 Deest
529 5845 700 5902 altera
725 5842 957 5916 negatio.
1039 5843 1059 5876 ⁸
1099 5839 1256 5897 Addo
1281 5839 1579 5896 πιστεύειν.
1659 5839 1679 5870 ³
1717 5837 1759 5894 C

1870 5855 1933 5895 is.
1989 5855 2026 5906 ι,
2061 5839 2146 5893 16.
2224 5839 2245 5871 ⁸
2282 5838 2584 5911 Prov.vtu,
2611 5837 2701 5894 22.
2754 5840 2803 5924 _'
2845 5838 2892 5894 Il
2919 5837 3049 5897 Cor.
3090 5855 3170 5907 ιιι,
3206 5840 3263 5896 6.
