3988 6400
257 354 373 413 ιω

909 357 1279 419 ADVERSUS
1309 360 1653 421 HEBESES
1690 362 1820 421 LIB.
1856 362 1944 420 Ill.
1986 362 2150 422 TOM.
2192 364 2319 421 l.—
2356 363 2630 423 HEBES.
2674 364 2903 423 LXXIII.

3434 364 3559 424 ιτοε

259 475 623 551 ιδμοιούσιον]
663 480 984 552 ὁμοούσιον,
1030 485 1228 555 Σαφῶς
1276 487 1410 559 ἡμῖν
1452 489 1852 563 ὀμολογήσατε,

1967 506 2090 562 pere
2131 490 2428 548 molestum
2469 491 2627 548 vobis
2655 499 2741 548 est
2796 506 2862 546 ac
2898 502 3085 561 grave,
3140 487 3339 543 Filium
3391 488 3541 545 Patri

260 568 352 624 ενα
382 570 480 624 καὶ
509 570 654 641 ὑμᾶς
694 573 1007 644 ὲπιγνῶμεν
1040 576 1206 642 ίδίους
1234 577 1416 645 ὄντας,
1451 582 1549 636 καὶ
1584 583 1659 655 μὴ
1691 582 1851 636 ἀλλο-

259 660 469 734 τρίους.
496 663 732 719 Δύναται
762 665 872 738 γὰρ
894 668 987 721 καὶ
1024 670 1332 741 ὁμοιούσιον
1370 668 1513 728 εἶναι
1558 674 1695 747 πρὸς
1718 690 1881 748 χρυο“

263 753 358 805 σδν
387 753 607 823 χαλκὸς,
641 755 778 827 πρὸς
809 758 1051 832 ἄργυρον
1085 761 1429 836 κασσίτερος,
1472 764 1609 837 πρὸς
1637 765 1853 837 σίδηρον

259 845 291 898 6
322 845 593 916 μόλιϐδος.
637 848 777 903 Ἀλλ’
816 851 919 905 οὐκ
959 853 1236 925 ἀπατήσει
1266 856 1413 928 ἡμᾶς
1453 857 1488 927 ὴ
1532 855 1693 927 ὑμῶν
1740 858 1857 911 ἐπι-

202 927 221 947 ⁹
260 935 633 1010 τετηδευμένη
676 940 773 994 καὶ
798 942 1192 1016 τετορνευμένη
1229 927 1622 1016 μοθοπλαστία.
1659 947 1725 1000 Ei
1755 947 1856 1018 μὲν

260 1027 374 1099 γάρ
401 1046 555 1093 τινας
584 1030 899 1103 βουλόμενοι
948 1033 1230 1107 ἀπατῆσαι
1263 1035 1521 1107 βούλεσθε
1552 1039 1856 1111 προφάσεις

260 1119 482 1190 ψευδεῖς
514 1124 783 1194 λέγοντες,
830 1128 913 1182 ὅτι
965 1129 1027 1183 οὐ
1074 1130 1180 1202 χρὴ
1222 1130 1403 1202 λέγειν
1439 1134 1502 1187 τὸ
1548 1135 1855 1207 ὁμοούσιον,

262 1212 359 1268 ἵνα
387 1215 463 1285 μὴ
484 1216 810 1290 συναλοιφὴν
836 1220 1151 1293 ποιήσωμεν
1180 1222 1277 1277 τὸν
1294 1224 1424 1278 Υίδν
1454 1225 1592 1298 πρὸς
1613 1227 1856 1299 Πατέρα,

262 1303 297 1373 ἢ
348 1303 412 1357 τὸ
460 1305 686 1377 Πνεῦμα
738 1309 875 1380 πρὸς
906 1310 999 1364 τὸν
1047 1312 1177 1366 Υἱδν
1223 1314 1318 1367 καὶ
1364 1316 1608 1389 Πατέρα,
1670 1318 1765 1371 καὶ¹
1799 1317 1859 1372 ὲν

261 1394 443 1466 τοῦτῳ
485 1397 734 1455 διέπεσεν
766 1402 919 1473 ὑμῶν
954 1405 983 1459 6
1019 1406 1507 1479 ὲπιτετηδευμένος
1550 1408 1728 1479 λόγος.
1780 1411 1856 1465 Οὐ

262 1486 379 1558 γὰρ
406 1487 634 1559 εἴπομεν
658 1491 1016 1562 ἁιιαούσιον,
1068 1496 1187 1550 ἀλλ’
1219 1500 1544 1568 ὀμοούσιον
1565 1516 1581 1534 σ
1630 1503 1717 1557 ἴνα
1750 1521 1858 1576 μη-

261 1577 356 1631 δὲν
387 1577 484 1632 τοῦ
510 1582 727 1654 Πατρδς
754 1585 1212 1658 παρηλλαγμένον
1248 1588 1698 1665 ὁμολογήσωμεν,
1725 1594 1860 1651 ἀλλὰ

261 1669 402 1724 Θεὸν
431 1671 604 1738 ὅντως
628 1675 695 1729 ὲκ
720 1675 856 1730 Θεοῦ
898 1679 1318 1750 γεγεννημένον,
1349 1683 1442 1737 καὶ
1482 1685 1583 1741 οὐκ
1626 1685 1860 1760 ἀλλαχό-

265 1760 382 1827 θεν,
436 1763 559 1818 οὐδὲ
592 1764 653 1831 ἐξ
699 1766 800 1822 οὐκ
851 1768 1043 1838 ὄντων,
1092 1770 1229 1827 ἀλλὰ
1267 1773 1483 1846 Πατρδς
1528 1776 1860 1850 προελθόντα

1953 583 2484 640 consubstantialem
2506 583 2793 640 asserere?
2818 581 2990 637 Velim
3020 580 3125 635 hoc
3146 579 3281 633 mihi
3307 578 3543 650 ingenue

1954 687 2257 749 aperteque
2294 676 2601 742 fateamini,
2636 684 2695 731 ιιι
2717 688 2817 732 vos
2861 688 2974 728 non
3029 672 3239 727 alienos
3283 685 3312 724 a
3355 669 3549 732 nobis,

1953 768 2050 824 sed
2081 782 2375 839 germanos
2415 782 2542 823 esse
2584 778 3009 837 cognoscamus.
3056 761 3248 817 Potest
3293 760 3441 816 enim
3487 765 3544 815 et

1955 873 2032 914 :rs
2078 872 2234 926 auro,
2281 865 2339 913 et
2383 863 2614 929 argento
2650 864 2934 919 stannum,
2979 861 3028 912 et
3090 850 3232 907 icrro
3258 851 3542 923 plumbum

1957 947 2154 1007 similis
2185 962 2308 1005 esse
2337 948 2679 1004 substantiae.
2724 944 2833 1000 Sed
2869 958 2972 999 nos
2991 952 3172 999 vestra
3220 943 3311 998 illa
3357 955 3545 1012 perpe-

1956 1055 2076 1096 ram
2110 1038 2423 1111 excogitata
2462 1052 2529 1093 ac
2564 1036 2946 1092 fraudulenter
2967 1032 3205 1089 conficta
3231 1036 3549 1086 commenta

1957 1147 2067 1188 non
2100 1132 2307 1187 fallent.
2334 1131 2467 1185 Nam
2492 1130 2564 1199 si,
2599 1137 2660 1185 ut
2688 1129 2742 1183 in
2769 1141 3017 1184 errorem
3052 1124 3268 1195 aliquos
3303 1121 3550 1191 impella-

1963 1226 2060 1292 tis,
2110 1224 2307 1281 inanes
2348 1223 2566 1294 species
2610 1219 3135 1287 commentitiasque
3179 1213 3451 1286 quaeritis,
3492 1220 3549 1267 et

1960 1316 2486 1374 consubstantialem
2532 1319 2825 1384 propterea
2879 1309 3062 1365 vocari
3115 1322 3227 1362 non
3288 1311 3550 1376 oportere

1961 1406 2282 1470 defenditis,
2309 1418 2379 1460 ne
2405 1401 2605 1457 Filium
2636 1416 2763 1457 cum
2804 1399 2989 1464 Patre,
3020 1405 3076 1453 et
3114 1395 3383 1467 Spiritum
3419 1409 3551 1450 san-

1960 1506 2110 1556 ctum
2158 1513 2284 1553 cum
2332 1505 2569 1567 utroque
2608 1493 3015 1549 confundanms
3044 1531 3061 1556 ,
3115 1488 3288 1560 884
3331 1503 3402 1543 ne
3446 1487 3551 1542 hac

1962 1589 2185 1661 quidem
2230 1589 2284 1643 in
2329 1595 2484 1659 parte
2536 1592 2771 1657 possunt
2811 1580 3103 1638 mendacia
3142 1589 3325 1635 vestra
3376 1580 3553 1634 consi-

1964 1691 2127 1738 stere.
2158 1678 2277 1734 Non
2319 1679 2467 1734 enim
2518 1672 3118 1737 simulsubstantialem,
3182 1671 3278 1728 sed
3325 1668 3552 1724 consub-

1964 1772 2272 1829 stantialem
2313 1770 2553 1826 dicimus
2586 1785 2601 1835 ;
2647 1783 2716 1824 ne
2755 1766 2963 1837 aliquid
3021 1764 3301 1819 diversum
3327 1777 3360 1815 a
3389 1759 3553 1815 Patre

263 1856 517 1927 άχρόνως
548 1859 644 1912 καὶ
689 1860 972 1934 ἀνάρχως,
1007 1864 1104 1917 καὶ
1148 1865 1557 1939 ἀνεκδιηγήτως
1602 1886 1864 1943 γεγεννη-

1967 1863 2348 1937 profiteamur,
2384 1861 2482 1918 sed
2522 1860 2693 1916 Deum
2720 1874 2785 1914 ex
2821 1856 2932 1914 Deo
2960 1870 3089 1913 vere
3127 1855 3400 1927 genitum,
3439 1866 3553 1907 non

266 1947 459 2018 μένον,
517 1950 604 2004 ἀεὶ
645 1950 776 2007 ὄντα
817 1952 956 2025 πρὸς
1000 1954 1095 2008 τὸν
1149 1956 1393 2030 Πατέρα,
1432 1960 1528 2012 καὶ
1590 1962 1861 2033 μηδέποτε

263 2038 612 2097 διαλείποντα
650 2042 745 2098 τοῦ
791 2041 954 2111 εἶναι,
988 2047 1124 2102 ἀλλὰ
1168 2050 1588 2123 γεγεννημένον,
1627 2054 1690 2108 οὐ
1740 2071 1864 2109 συν⁴

263 2129 516 2200 άδελφον,
546 2134 607 2187 οὐ
637 2137 980 2211 προπάτορα.
1004 2139 1077 2194 Τὸ
1105 2141 1235 2213 γὰρ,
1269 2142 1441 2212 ὁμοῦ,
1476 2143 1570 2197 δύο
1598 2145 1696 2216 μὲν
1731 2147 1863 2200 ὑπο-

265 2222 514 2277 στάσεών
547 2226 666 2280 ἐστι
702 2232 1061 2300 σημαντικὸν,
1091 2232 1192 2286 οὐκ
1222 2232 1522 2306 ἀλλοτρίων
1564 2238 1631 2308 τῇ
1664 2237 1857 2307 φύσει·

263 2313 348 2369 διδ
384 2318 414 2370 6
450 2316 745 2390 σύνδεσμος
768 2321 871 2392 τῆς
897 2322 1159 2397 ἀληθείας
1187 2326 1245 2378 ὲν
1275 2325 1451 2396 τούτῳ
1478 2327 1543 2380 ὲκ
1569 2326 1662 2381 τοῦ
1701 2327 1864 2383 Πνεύ-

268 2425 443 2477 ματος
470 2409 565 2464 τοῦ
596 2411 753 2481 ἁγίου
789 2414 1160 2487 ᾠκονόμηται,
1195 2416 1254 2470 ὲν
1284 2416 1516 2490 στόματι
1554 2418 1665 2473 τῶν
1705 2419 1864 2475 τοῦτο

263 2498 602 2571 ὲκθεμένων.
650 2504 762 2558 Καὶ
788 2505 944 2577 ὁρᾷς,
968 2506 1053 2560 ὅτι
1098 2507 1200 2560 οὐκ
1246 2506 1403 2562 ἔσται
1443 2526 1525 2563 σοι
1566 2511 1860 2582 πρόφασις,

264 2589 391 2643 οὐδὲ
422 2590 650 2647 δύνασαι
695 2595 839 2650 κατὰ
886 2595 987 2667 τῆς
1030 2595 1344 2668 ὁρθοδοξίας
1387 2597 1568 2667 λέγειν
1598 2601 1694 2654 καὶ
1730 2599 1865 2655 πτύ-

271 2696 390 2751 ρειν
416 2680 548 2745 τοὺς
575 2682 729 2755 παρὰ
753 2683 849 2738 σοῦ
873 2684 973 2756 τὴν
1001 2684 1171 2757 ἀκοὴν
1208 2685 1302 2740 τοῦ
1333 2689 1862 2761 παραπεποιημένου

268 2787 368 2826 σου
407 2773 568 2843 λόγου
617 2776 1130 2848 παραδεχομένονςο
1176 2777 1282 2844 ὅτι,
1337 2779 1464 2834 Ἐάν
1511 2798 1597 2846 τις
1635 2781 1764 2853 εἴπῃ
1802 2782 1865 2836 τὸ

265 2863 576 2935 δμοούσιον,
594 2866 922 2939 συναλοιφὴν
945 2868 1320 2942 ὡμολόγησεν.
1350 2872 1549 2927 οὐκέτι
1578 2874 1688 2950 γάρ
1709 2874 1863 2930 ἔσται

265 2955 451 3012 τοῦτο.
511 2958 647 3012 Ἀπὸ
672 2960 783 3032 γὰρ
803 2960 922 3025 τοῦ,
950 2961 1255 3034 ὀμοούσιον,
1289 2966 1706 3039 σημανθήσεται
1746 2968 1862 3035 δύο,

269 3048 367 3101 καὶ
395 3049 505 3103 ἅπδ
526 3050 647 3119 τοῦ,
675 3051 986 3123 ὁμοουσίου,
1033 3055 1410 3129 δηλωθήσεται
1456 3059 1557 3112 οὐκ
1583 3058 1865 3132 ἀλλότριον

267 3137 331 3193 τὸ
377 3139 625 3213 γέννημα
653 3143 793 3215 πρὸς
840 3142 933 3199 τὸν
973 3146 1195 3219 Πατέρα
1221 3147 1489 3220 ὑπάρχον.
1517 3150 1591 3204 Σὺ
1617 3149 1697 3216 δὲ,
1744 3151 1866 3206 ἐπι-

270 3230 622 3305 κλασάμενος
649 3233 734 3300 τὸ,
778 3237 1107 3308 δμοιούσιον,
1126 3240 1216 3294 διὰ
1244 3239 1346 3311 μὲν
1366 3238 1461 3294 τοῦ
1481 3240 1745 3313 ὀνόματος
1763 3242 1864 3314 τῆς

269 3321 463 3388 οὐσίας
498 3323 826 3399 ὲλεγχθήσῃ,
852 3327 943 3382 διὰ
964 3326 1021 3383 δὲ
1042 3329 1143 3401 τῆς
1183 3330 1650 3403 παρηλλαγμένης
1674 3332 1861 3402 ὀμολο·

270 3412 400 3482 γίας
450 3415 870 3490 κατακριθήσῃ,
912 3419 1012 3490 οὐχ
1051 3419 1089 3474 ἃ
1141 3421 1321 3490 λέγεις
1369 3421 1620 3494 φρονῶν,
1672 3421 1788 3476 ἀλλ’
1829 3421 1868 3478 ἃ

273 3507 498 3575 φρονεῖς
550 3510 1095 3582 παραπεποιημὲνως
1144 3512 1413 3568 διδάσκων
1432 3531 1447 3546 ·
1486 3515 1536 3567 εί
1574 3513 1684 3586 γάρ
1730 3514 1868 3580 ὅλως

272 3595 381 3649 οὐκ
435 3594 583 3651 ἔστιν
608 3598 667 3666 ὲξ
696 3600 885 3666 αὑτοῦ,
914 3601 1099 3673 ὅμοιος
1125 3602 1185 3658 δὲ
1214 3603 1365 3676 αὐτῷ
1407 3605 1545 3671 ἐστι,
1587 3605 1720 3659 πολὺ
1763 3607 1869 3677 ἀφ-

274 3686 518 3759 έστηκας
540 3689 643 3760 τῆς
672 3691 954 3762 ἀληθείας.
974 3693 1219 3759 Ὀποίαις
1259 3696 1369 3768 γὰρ
1413 3695 1568 3760 ὕλαις
1590 3696 1682 3750 τὸν
1708 3697 1871 3751 Extu—

273 3779 550 3851 πούμενον
590 3783 645 3836 ετ
666 3799 750 3848 τις
777 3783 845 3843 ἂν
867 3783 1009 3839 θέλοι
1042 3785 1433 3861 διακοσμήσειν
1461 3789 1501 3855 ³,
1535 3788 1639 3843 οὐκ
1665 3788 1731 3843 ἂν
1754 3789 1869 3844 ἴσον

271 3871 355 3942 τῷ
382 3874 779 3946 ὲκτυπουμένῳ
805 3877 1259 3933 κατασκευάσειε.
1301 3879 1413 3933 Καὶ
1439 3880 1547 3952 γὰρ
1571 3881 1665 3934 καὶ
1699 3897 1871 3934 κατα.

274 3963 481 4034 σκευῆς
520 3964 584 4018 τὸ
627 3964 812 4037 ἔργον.
867 3967 941 4021 Τὸ
963 3968 1022 4020 δὲ
1063 3968 1401 4042 γεννώμενον
1447 3971 1514 4024 ἐκ
1559 3970 1652 4025 τοῦ
1700 3988 1867 4039 τινος,

274 4052 457 4108 ἐκεῖνο
479 4055 617 4126 πρὸς
638 4056 702 4110 τὸ
723 4056 883 4125 γένος
909 4058 971 4112 τὸ
1007 4060 1196 4130 ὅμοιον
1240 4061 1338 4115 καλ⁴
1370 4061 1432 4115 τὸ
1470 4062 1584 4116 ἶσον
1612 4063 1711 4134 τῆς
1738 4079 1873 4134 γνη-

275 4144 539 4216 σιάτητος,
562 4145 840 4212 ἀποσώζει
881 4144 1135 4215 εἶδος.Ἥί
1161 4152 1341 4207 τοίνυν
1368 4154 1474 4208 οὐκ
1498 4153 1560 4219 ἐξ
1583 4154 1748 4209 αὐτοῦ
1778 4172 1872 4224 γε-

275 4235 532 4306 γέννηται
572 4238 668 4292 τοῦ
714 4239 928 4313 Ila-:96;
975 4244 1005 4296 6
1045 4242 1195 4309 Υἱὸς,
1230 4245 1390 4309 ἐκτὸς
1436 4245 1494 4299 δὲ
1544 4245 1712 4300 αὑτοῦ
1759 4249 1867 4319 εἴη,

274 4322 591 4392 ὀμοιούσιος
635 4327 691 4380 δὲ
709 4328 862 4402 παρὰ
883 4329 968 4382 σοὶ
995 4331 1135 4385 κατὰ
1166 4334 1326 4405 χάριν
1352 4334 1700 4408 λεχθήσεται,
1718 4337 1872 4391 οὐδὲν

275 4414 429 4487 αὐτῷ
462 4416 722 4483 δέδωκας,
755 4419 872 4473 ἀλλ’
902 4419 1170 4487 ἐξέπεσας
1209 4425 1307 4495 τῆς
1346 4428 1476 4499 παρ’
1504 4427 1672 4482 αὐτοῦ
1716 4429 1871 4501 χάρι-

1890 3191 1935 3252 ο

1964 1956 2222 2018 aliunde,
2257 1968 2363 2010 nec
2407 1969 2475 2009 ex
2521 1951 2717 2017 nihilo,
2751 1949 2849 2007 sed
2878 1964 2910 2003 a
2945 1948 3108 2003 Patre
3139 1947 3260 2003 sine
3304 1954 3555 2015 tempore

1962 2057 2019 2107 et
2066 2046 2250 2111 initio,
2295 2052 2352 2101 et
2395 2040 2773 2113 inexplicabili
2821 2038 3060 2110 quadam
3097 2039 3315 2092 ratione
3348 2034 3556 2106 produ-
3600 2110 3601 2113 η

1963 2154 2113 2197 ctum
2160 2153 2227 2193 ac
2274 2135 2561 2208 genitum;
2616 2133 2711 2203 qui
2763 2146 2985 2202 semper
3013 2144 3139 2184 cum
3167 2128 3333 2183 Patre
3367 2126 3557 2190 fuerit,

1964 2246 2067 2287 nec
2099 2244 2226 2287 esse
2259 2226 2593 2299 quandoque
2635 2222 3160 2293 desinat:genitum
3205 2234 3392 2291 porro,
3441 2233 3558 2274 nou

1963 2335 2288 2396 germanum
2319 2318 2567 2383 fratrem,
2597 2331 2706 2370 non
2740 2329 2924 2370 avum.
2951 2311 3087 2367 Nam
3111 2313 3230 2367 haec
3257 2310 3552 2381 particula,

1965 2431 2085 2481 con,
2117 2415 2445 2487 hypostases
2473 2410 2633 2474 duas,
2666 2423 2769 2463 nec
2796 2405 3006 2461 alienas
3030 2413 3225 2461 natura
3254 2402 3555 2474 significat.

1969 2507 2123 2563 Unde
2150 2514 2207 2561 et
2246 2502 2497 2560 veritatis
2546 2502 2696 2557 velut
2748 2515 2927 2555 nexus
2970 2513 3037 2553 ac
3078 2495 3385 2559 vinculum,
3440 2510 3555 2550 non

1965 2601 2088 2658 sine
2117 2598 2293 2657 sancti
2343 2594 2581 2668 Spiritus
2629 2590 2835 2660 afflatu,
2886 2606 2984 2662 per
3019 2590 3240 2645 illorum
3293 2581 3415 2650 ora,
3457 2586 3557 2657 qui

1967 2691 2130 2764 primi
2184 2697 2442 2745 auctores
2489 2685 2735 2749 fuerunt,
2787 2691 2874 2740 est
2919 2682 2975 2736 in
3008 2695 3073 2737 ea
3102 2694 3243 2735 voce
3277 2677 3557 2735 constitu—

1965 2794 2105 2840 tum.
2137 2780 2308 2837 Vides
2334 2780 2504 2851 igitur
2528 2777 2738 2832 mullum
2762 2774 2876 2845 jam
2905 2773 3008 2830 tibi
3038 2772 3280 2829 colorem
3311 2777 3408 2825 aut
3434 2784 3557 2839 spe-

1967 2876 2111 2932 ciem
2144 2887 2272 2930 csse
2303 2870 2573 2943 reliquam
2599 2910 2616 2935 ,
2658 2883 2839 2938 neque
2883 2867 3152 2922 adversus
3191 2862 3557 2919 orthodoxam

1967 2968 2130 3024 ﬁdem
2159 2965 2359 3022 merito
2390 2977 2557 3035 posse
2588 2965 2949 3028 contendere,
2985 2959 3071 3016 vel
3104 2972 3200 3014 eos
3231 2955 3562 3028 perturbare

1966 3061 2060 3133 qui
2104 3058 2305 3116 falsum
2342 3057 2477 3112 illud
2524 3062 2678 3110 tuum
2706 3069 2737 3108 a
2762 3061 2816 3109 te
2838 3055 3119 3110 decretum
3149 3065 3215 3105 ac
3245 3062 3559 3104 sermonem

1968 3149 2319 3221 acceperint:
2341 3148 2389 3204 si
2422 3146 2549 3218 quis
2597 3143 3074 3201 consubstantiale
3104 3154 3375 3211 usurpare
3405 3138 3560 3199 velit,

1967 3241 2357 3300 confusionem
2392 3237 2688 3311 quamdam
2723 3238 2779 3293 in
2807 3236 3097 3292 divinitate
3128 3232 3401 3289 confiteri.
3455 3230 3563 3287 Ne-

1966 3351 2076 3409 que
2119 3335 2269 3391 enim
2320 3334 2560 3404 amplius
2614 3330 2761 3386 istud
2813 3329 3058 3400 obiicere
3106 3334 3287 3397 potes.
3342 3324 3566 3394 Quippe

1967 3425 2463 3485 consubstantialis
2493 3423 2586 3479 illa
2617 3439 2723 3479 vox
2751 3421 2893 3478 duos
2936 3419 3208 3490 quosdam
3259 3416 3461 3488 signifit
3481 3426 3559 3477 at,

1967 3521 2268 3592 eademque
2311 3516 2457 3573 haud
2514 3517 2751 3572 alienam
2813 3529 2844 3569 a
2902 3514 3062 3569 l‘atre
3129 3512 3376 3568 sobolem
3437 3525 3564 3565 esse

1968 3614 2332 3671 demonstrat.
2380 3608 2462 3665 Tu
2504 3625 2636 3666 vero
2678 3607 3107 3670 hommousion,
3158 3604 3265 3659 hoc
3301 3611 3389 3659 (st
3432 3602 3562 3657 sub-

1969 3703 2173 3760 stantia
2212 3701 2408 3767 simile,
2441 3710 2810 3763 commentus,
2848 3698 3085 3769 primum
3115 3696 3234 3767 ipso
3269 3695 3422 3757 usim,
3458 3693 3564 3749 hoc

1969 3804 2056 3854 est
2100 3795 2448 3859 substantias,
2494 3791 2763 3849 vocabulo
2797 3789 3109 3856 refelleris;
3155 3787 3354 3844 deinde
3381 3795 3564 3841 tuate

1972 3889 2067 3945 illa
2096 3888 2425 3959 discrepans
2469 3900 2573 3942 nec
2604 3892 2980 3941 consentanea
3005 3881 3279 3955 professio
3309 3880 3565 3956 condem-

1972 3990 2087 4049 nat,
2121 3996 2246 4036 cum
2274 3995 2383 4035 non
2415 3994 2482 4036 ea
2507 3978 2661 4036 dicas
2683 3993 2806 4050 quae
2835 3976 3067 4040 sentias,
3103 3974 3199 4032 scd
3225 3988 3346 4045 quae
3388 3972 3564 4029 sentis

1974 4075 2230 4131 falso-ac
2274 4073 2618 4129 mendaciter
2668 4072 2921 4128 doceas:
2966 4070 3169 4126 etenim
3224 4069 3273 4124 si
3324 4067 3394 4123 ab
3443 4067 3564 4137 ipso

1972 4158 2134 4215 Patre
2184 4175 2295 4214 non
2331 4168 2418 4215 est
2465 4160 2693 4216 omnino
2721 4157 2917 4225 Filius,
2950 4158 3047 4215 sed
3088 4156 3449 4214 nihilominus
3485 4158 3562 4211 si-

1973 4253 2122 4309 milis
2150 4262 2255 4319 est,
2292 4267 2323 4306 a
2353 4253 2588 4309 veritate
2622 4252 2921 4324 plurimum
2958 4252 3220 4315 aberras;
3256 4264 3384 4303 nam
3426 4263 3565 4318 qua-

1972 4362 2192 4417 cunque
2223 4345 2443 4400 demum
2473 4360 2541 4400 ex
2571 4346 2804 4399 materia
2828 4343 3062 4414 quilibet
3091 4356 3416 4412 expressum
3456 4340 3561 4394 alia-

1974 4441 2135 4510 cujus
2164 4437 2525 4494 simulacrum
2558 4450 2759 4492 ornare
2790 4435 3047 4505 voluerit,
3098 4446 3380 4504 nunquam
3425 4431 3558 4486 illud

274 4527 392 4575 τος.
445 4512 499 4565 '0
535 4512 647 4583 γὰρ
669 4513 757 4584 μὴ
786 4514 972 4584 τιμῶν
1001 4517 1109 4572 τὸν
1149 4519 1286 4573 my
1313 4521 1395 4585 ὡς
1442 4522 1579 4591 τιμᾷ
1607 4525 1712 4578 τὸν
1749 4529 1864 4579 Ila-

1972 4547 2099 4586 cum
2132 4529 2448 4599 exemplari
2492 4529 2615 4599 ipso
2656 4527 2952 4600 adaequare
3002 4527 3243 4598 poterit:
3274 4534 3358 4581 est
3413 4523 3561 4579 enim

275 4603 440 4673 τέρα,
479 4605 518 4674 ἠ
548 4607 695 4677 ὀργὴ
740 4608 848 4664 τοῦ
897 4609 1047 4665 Θεοῦ
1086 4612 1256 4680 μένει
1287 4613 1380 4667 ἐπ’
1418 4616 1627 4680 αὐτὸν,
1657 4618 1686 4670 6
1716 4617 1872 4688 ἅγιος

276 4691 576 4762 ἁπόστολός
613 4716 748 4771 φησι
769 4716 785 4732 ’
840 4703 936 4757 καὶ
970 4703 1130 4759 πάλιν
1152 4721 1166 4737 ο
1216 4707 1365 4777 Ἐγὼ
1394 4708 1463 4763 ἐκ
1504 4709 1613 4765 τοῦ
1640 4713 1873 4781 Πατρός

274 4784 562 4856 ἐξῆλθον,
593 4789 696 4844 καί
727 4791 855 4860 ἥκω
875 4808 890 4824 '
933 4796 963 4849 6
991 4797 1170 4867 φήσας
1194 4814 1208 4826 ·
1253 4798 1403 4868 Ἐγὼ
1440 4801 1513 4854 ἐν
1553 4798 1634 4867 τῷ
1663 4802 1872 4872 Πατρὶ,

277 4881 314 4935 ό
355 4880 561 4951 Πατὴρ
604 4883 677 4937 ἐν
707 4882 843 4953 ἐμοι
864 4901 880 4917 ⁸
914 4886 944 4939 6
980 4886 1190 4957 λέγων·
1226 4893 1506 4958 Φίλιππε,
1538 4895 1570 4947 ό
1599 4894 1875 4963 ἑωρακὼς

277 4971 388 5043 ἐμὲ
420 4972 644 5044 ἑώρακε
676 4973 788 5029 τὸν
816 4978 1070 5048 Πατέρα.

1971 4632 2266 4681 structura:
2290 4614 2455 4691 atque
2486 4618 2796 4677 ellectionis
2824 4637 2965 4692 opus
2995 4618 3151 4674 iilud.
3184 4617 3342 4686 Quod
3377 4624 3561 4671 autem

1973 4716 2045 4770 ab
2098 4713 2285 4783 aliquo
2326 4711 2593 4784 gignitur,
2635 4711 2876 4783 idipsum
2909 4711 2977 4768 ad
3009 4713 3084 4777 id,
3119 4711 3265 4766 unde
3297 4708 3563 4781 gignitur,

1972 4803 2354 4878 germanitatis
2415 4820 2530 4860 suae
2576 4804 2812 4862 similem
2880 4813 2936 4860 et
2997 4804 3264 4874 a'qualem
3331 4801 3564 4856 fortnam

1974 4896 2197 4951 retinet.
2234 4891 2605 4959 Quamobrem
2634 4893 2683 4950 si
2714 4893 2784 4948 ab
2816 4893 2938 4965 ipso
2973 4894 3131 4948 Patre
3160 4909 3267 4947 non
3299 4897 3384 4947 est
3413 4889 3569 4962 geni-

1976 4997 2089 5051 tus,
2131 4992 2188 5041 et
2211 4993 2367 5039 extra
2398 4983 2578 5055 ipsum
2610 4993 2716 5054 cst,
2754 4986 2882 5041 licet
2916 4986 3338 5042 similitudinem
3370 4999 3570 5055 quam-

277 5066 408 5122 dam
448 5068 793 5137 substantim,
836 5072 982 5127 velut
1013 5073 1398 5144 gratilicando,
1443 5075 1678 5144 tribuas,
1718 5079 1857 5134 nihil
1893 5078 1998 5149 ipsi
2028 5078 2270 5151 largiris,
2303 5076 2399 5132 sed
2424 5076 2494 5131 ab
2540 5076 2663 5148 ejus
2722 5078 2980 5133 excidisti
3030 5080 3227 5150 gratia.
3271 5081 3376 5149 Qui
3428 5081 3569 5136 enim

278 5174 388 5213 non
416 5159 637 5217 honorat
703 5161 928 5231 Filium,
971 5166 1106 5220 sicut
1150 5167 1373 5222 honorat
1410 5168 1645 5238 Patrem,
1683 5173 1767 5227 ira
1833 5173 1926 5230 Dei
1973 5182 2150 5229 "tenet
2207 5173 2259 5225 in
2307 5171 2516 5240 ipsum,
2572 5172 2650 5225 ait
2703 5181 2929 5228 sanctus
2993 5176 3280 5244 apostolus
3305 5178 3347 5242 ’ί
3394 5176 3566 5231 item:

283 5249 441 5307 Exivi
462 5268 495 5307 a
520 5252 706 5319 Patre,
734 5264 783 5309 et
809 5255 951 5311 vado
983 5257 1026 5323 ³,
1051 5257 1141 5314 ille
1165 5259 1281 5329 ipse
1308 5258 1569 5316 nimirum
1596 5264 1689 5334 qui
1714 5264 1854 5322 dixit
1886 5285 1900 5322 :
1945 5267 2058 5340 Ego
2104 5267 2159 5321 in
2194 5265 2382 5332 Patre,
2419 5273 2484 5319 et.
2508 5262 2671 5319 Pater
2716 5265 2782 5319 in-
2811 5264 2929 5319 me‘
2949 5305 2964 5321 .
2994 5264 3133 5322 Tum
3183 5268 3319 5323 illud
3363 5286 3377 5322 :
3433 5265 3570 5322 Plii—

277 5346 444 5417 lippa,
475 5349 566 5420 qui
594 5349 733 5405 videt
758 5368 858 5417 me,
892 5351 1029 5408 uidet
1058 5363 1107 5409 et
1132 5354 1353 5410 Patrem
1374 5356 1415 5411 ³.

354 5441 479 5496 ΔΖ’.
520 5442 789 5510 Πολλάκις
826 5445 885 5499 δὲ
914 5447 1010 5501 καὶ
1047 5449 1177 5522 περὶ
1209 5449 1413 5505 τούτων
1442 5453 1867 5527 διηγησάμενος,

250 5532 535 5621 ςάρκετῶς
565 5536 712 5607 ἔχειν
756 5537 992 5611 ἐνταῦθα
1022 5541 1307 5613 ἡγούμεθα
1348 5543 1457 5599 τῶν
1505 5547 1685 5601 αὐτῶν
1732 5551 1868 5603 ἀνα-

254 5622 505 5701 τροπῶν
539 5625 647 5681 τῶν
679 5627 949 5701 ρηοεισῶν
996 5631 1106 5686 ἄνω
1153 5634 1288 5706 πρὸς
1319 5634 1416 5708 τὴν
1450 5636 1605 5707 ῥίζαν
1633 5640 1734 5711 τὴν
1773 5643 1868 5694 ἐκ·

2048 5454 2318 5512 XXXVII.
2359 5455 2633 5513 Gaetcrmn
2671 5472 2798 5513 cum
2842 5456 2958 5513 haec
3005 5457 3116 5513 sint
3145 5472 3176 5509 a
3212 5469 3297 5509 n-e
3331 5460 3569 5510 tractata

1977 5551 2199 5621 saepius,
2225 5566 2348 5621 quae
2373 5550 2441 5606 ad
2470 5550 2649 5623 impia:
2684 5553 2850 5621 funus
2882 5553 3107 5608 Iucrcsis
3131 5548 3298 5621 885
3324 5547 3569 5602 radicem

1977 5658 2042 5698 ac
2093 5641 2321 5713 stirpem
2366 5642 2720 5699 evertendam
2772 5651 2898 5697 ante
2943 5641 3206 5705 diximus,
3258 5638 3394 5694 satis
3441 5651 3569 5694 esse

360 5803 381 5839 ¹
418 5803 483 5863 F.
514 5806 952 5884 διακοσμήσειεν.
1032 5813 1050 5844 ²
1090 5809 1246 5868 Joan.
1276 5831 1327 5883 ν,
1352 5814 1457 5883 ‘23;
1491 5830 1574 5886 tu,
1606 5817 1692 5874 ΞΟ.
1770 5823 1791 5857 ³
1831 5833 1856 5875 ,ς

1967 5858 1988 5877 ..
2023 5834 2135 5887 xw,
2162 5818 2253 5880 28.
2337 5818 2356 5851 ⁸
2393 5817 2551 5876 Joan.
2591 5838 2702 5888 xlv,
2738 5822 2826 5878 It).
2900 5823 2919 5852 ⁸
2960 5817 3094 5874 ibid.
3127 5816 3179 5873 9.
