3988 6422
480 355 588 414 ‘75

1890 358 1948 415 S.
1989 361 2329 420 EPIPIIANII
3633 369 3713 428 ΠΟ

477 474 667 532 tandis
699 474 1003 532 lueresibus
1028 473 1354 533 certissimis
1380 475 1433 530 id
1465 475 1771 535 rationibus
1806 493 1915 532 non
1953 495 2069 537 mc-

2176 484 2401 555 Πνεῦμα
2431 484 2537 557 γὰρ
2572 487 2777 558 Κυρίου
2827 486 3064 555 λέγεται,
3109 486 3201 539 καὶ
3241 484 3308 537 ἐκ
3350 484 3552 553 Harpe;
3579 485 3718 540 ἐκπο-

480 566 660 624 diocri
718 567 1000 638 diligentia
1050 569 1341 637 probatum
1397 569 1770 639 reliquimus:
1821 571 2074 628 videlicet

483 654 750 727 Spiritum
803 665 1057 712 sanctum
1098 673 1225 712 cum
1276 657 1438 713 Patre
1490 668 1542 713 et
1593 657 1732 713 Filio
1782 658 2073 717 Dominum

482 750 771 820 appellari.
815 749 1053 818 Spiritus
1081 750 1225 805 enim
1258 743 1474 805 Domini
1503 751 1717 821 replevit
1762 754 1940 808 orbem
1970 764 2076 809 ler-

482 856 665 895 rarum
700 841 715 872 ⁸
746 859 760 895 :
792 840 1030 910 Spiritus
1075 843 1167 897 ille
1216 845 1489 899 veritatis‘
1549 858 1614 898 ac
1662 844 1776 900 Dei.
1835 844 2076 916 Spiritus

478 934 625 988 enim
674 931 887 989 Domini
935 935 1159 1002 dicitur,
1209 944 1263 992 ct
1298 953 1327 991 a
1354 936 1515 992 Patre
1565 939 1866 1008 procedens
1891 941 1933 1004 ³,
1957 949 2013 996 et
2043 959 2075 997 a

479 1024 621 1080 Filio
671 1026 1017 1096 accipiens‘,
1091 1043 1156 1082 ac
1221 1028 1455 1099 singulis
1497 1030 1646 1084 varie
1691 1029 1835 1085 dona
1885 1032 2077 1089 distri-

478 1115 655 1171 buens
677 1115 719 1180 δ,
776 1124 939 1187 prout
988 1117 1184 1186 libet',
1222 1118 1318 1173 Dei
1365 1133 1584 1188 quoque
1614 1119 1883 1188 profunda
1911 1139 2074 1179 scru-

480 1211 607 1257 taus
637 1203 678 1268 ⁸,
735 1219 859 1258 cum
909 1202 1071 1262 Patre
1114 1207 1389 1263 exsistens
1431 1215 1486 1263 ct
1535 1205 1716 1274 Filio,
1760 1210 2066 1281 baptizaus,

480 1292 806 1364 obsignans.
850 1296 1308 1368 ollsignatumque
1368 1296 1680 1367 perliciens.
1738 1299 1936 1357 Verum
2000 1320 2070 1360 ne

479 1384 732 1440 etut-dem
767 1384 1007 1441 laborem
1044 1388 1241 1442 iterum
1271 1389 1376 1445 hoc
1406 1391 1528 1446 loco
1564 1402 1829 1462 repetam,
1859 1408 1982 1463 qua:
2010 1391 2067 1448 in

479 1488 675 1545 magna
706 1474 795 1528 illa
826 1475 1217 1546 disputatione,
1243 1494 1407 1549 quam
1458 1479 1528 1536 de
1557 1480 1663 1536 (ide
1692 1483 1747 1535 in
1793 1480 2069 1553 Pamphy-

2177 576 2490 647 ρευὸμενον,
2531 579 2625 634 κα)⁵
2643 579 2706 633 τὸ
2730 579 2858 633 Υίοῦ
2892 577 3187 649 λαμϐάνον,
3217 574 3564 647 χαριζόμενόν
3589 595 3639 630 τε
3661 582 3721 633 τὶ

2174 665 2493 737 χαρίσματα
2535 667 2808 740 διαφόρως
2827 707 2842 729 ,
2870 668 2948 731 ὡς
2982 667 3261 737 βούλεται,
3296 665 3525 736 ἐρευνῶν
3554 666 3637 719 καὶ
3663 668 3719 721 τὰ

2176 754 2315 827 βά.οη
2361 756 2457 810 τοῦ
2501 758 2656 824 Θεοῦ,
2696 760 2796 813 σὺν
2840 759 3015 831 Πατρὶ
3062 757 3157 811 καὶ
3214 756 3330 827 Υίῷ
3360 754 3439 822 ὃν,
3474 756 3721 827 βαπτίζον,

2178 849 2500 919 σφραγίζον,
2546 850 2784 905 τελειοῦν
2815 852 2907 906 τὸν
2945 850 3404 923 ὲσφραγισμένον.
3437 849 3549 901 ἰνα
3585 849 3635 902 δὲ
3661 851 3722 922 μὴ

2176 940 2413 996 ἐνταῦθα
2451 942 2698 1014 κάματον
2727 944 3093 1015 ἀναδέεωμαι,
3133 943 3200 997 τὰ
3238 943 3341 1014 ήδη
3376 959 3463 1013 μοι
3490 943 3724 1013 εἰρημένα

2175 1029 2235 1084 ὲν
2268 1030 2346 1100 τῷ
2389 1032 2611 1103 μεγάλῳ
2657 1033 2801 1105 λόγῳ
2835 1033 2911 1105 τῷ
2943 1034 3075 1105 περὶ
3111 1032 3348 1095 πίστεως
3376 1032 3624 1103 γραφέντι
3659 1033 3724 1095 είς

2172 1118 2242 1173 τὰ
2268 1120 2412 1193 μέρη
2439 1123 2538 1192 τῆς
2561 1124 2874 1193 Παμφύλων
2895 1125 3304 1196 παραθήσομαι,
3327 1122 3462 1194 πρὸς
3489 1122 3724 1177 ἀντίθεσιν

2182 1210 2282 1282 μὲν
2319 1212 2428 1266 τῶν
2453 1212 2923 1286 βλασφημούντων
2952 1214 3013 1269 τὸ
3040 1214 3194 1284 ἅγιον
3228 1213 3475 1284 Πνεῦμα,
3501 1214 3575 1275 εἰς
3606 1212 3726 1265 διδα-

2181 1304 2409 1358 σκαλίαν
2440 1306 2499 1360 δὲ
2537 1308 2648 1362 τῶν
2683 1308 3148 1379 ἐντυγχανόντων,
3191 1306 3288 1360 καὶ
3331 1306 3411 1370 εἰς
3461 1303 3726 1376 εὐφρασίαν

2173 1395 2284 1449 τῶν
2341 1398 2661 1471 Πνεύματος
2724 1401 2883 1470 ἁγίου
2945 1398 3411 1469 καταξιουμένων.
3467 1396 3570 1449 Καὶ
3628 1394 3727 1446 ἐστι

2173 1485 2294 1543 τάδε
2303 1529 2318 1545 .

479 1568 608 1622 liam
640 1570 859 1640 scripsi,
891 1571 1023 1626 olim
1053 1587 1083 1626 a
1115 1588 1202 1628 me
1258 1574 1540 1645 disputata
1581 1584 1731 1641 sunt,
1795 1576 1884 1631 hic
1923 1594 2252 1650 proponam,
2322 1600 2434 1657 quo
2490 1594 2547 1642 et
2595 1586 3025 1643 contumeliosos
3068 1586 3192 1640 illos
3229 1584 3286 1637 in
3323 1580 3577 1652 Spiritum
3618 1592 3726 1630 san-

478 1672 627 1720 ctum
657 1666 945 1726 haereticos
973 1670 1241 1737 refellam,
1286 1681 1342 1726 et
1367 1673 1599 1730 lectores
1633 1674 1917 1729 instituam
1948 1715 1966 1744 ,
2001 1678 2156 1736 etiis
2214 1683 2309 1753 qui
2354 1683 2624 1755 Spiritum
2684 1693 2938 1741 sanctum
2979 1683 3377 1746 obtinuerunt,
3431 1677 3727 1747 voluptatem

477 1772 544 1815 ac
580 1758 820 1815 laetitiam
848 1760 1093 1817 aﬂ'eram.
1124 1764 1201 1819 Ea
1245 1779 1412 1835 porro
1438 1773 1569 1820 sunt
1596 1766 1891 1836 ejusmodi.

807 1874 893 1930 Ea:
922 1875 1192 1932 Ancorato
1224 1888 1468 1947 excerpta
1495 1877 1757 1950 quasdam.

554 1988 624 2044 ll.
678 1989 934 2058 Apparuit
986 1991 1165 2060 gratia
1211 1988 1430 2043 Domini
1475 1991 1646 2045 nostri
1689 1989 1822 2046 Jesu
1874 1990 2075 2048 Christi

478 2079 725 2134 erudiens
757 2097 873 2147 nos,
906 2089 965 2134 ut
998 2079 1316 2152 abneganles
1351 2083 1675 2151 impietatem
1709 2092 1759 2138 et
1789 2085 2076 2139 sa'cularia

478 2170 761 2237 desideria,
791 2170 987 2236 sobrie,
1015 2171 1099 2240 pie
1127 2179 1179 2225 et
1203 2172 1346 2242 iuste
1373 2174 1607 2229 vitamus
1638 2175 1691 2228 in
1730 2174 1827 2229 hoc
1856 2175 2072 2241 saeculo,

475 2271 837 2333 exspectantes
863 2263 1035 2335 888
1066 2263 1273 2319 beatam
1303 2279 1445 2332 spem
1488 2272 1540 2319 et
1572 2264 1855 2321 adventum
1890 2268 2076 2338 gloria:

476 2354 656 2425 magni
680 2353 776 2408 Dei
798 2362 849 2409 et
880 2354 1177 2409 Saluatoris
1227 2356 1402 2410 nostri
1423 2354 1555 2411 Iesu
1583 2356 1808 2422 Christi,
1840 2361 1930 2430 qui
1964 2368 2077 2415 tra-

475 2447 614 2499 didit
651 2448 887 2516 seipsum,
919 2463 1015 2517 pro
1061 2446 1210 2502 nobis
1258 2456 1316 2501 ut
1354 2448 1633 2503 redimeret
1679 2466 1773 2504 nos
1817 2450 1883 2504 ab
1932 2451 2076 2507 omni

477 2535 778 2605 iniquitate,
804 2543 856 2589 et
878 2544 1131 2607 purgaret
1159 2537 1261 2591 sibi
1300 2537 1405 2608 ipsi
1441 2538 1694 2607 populum
1724 2539 2072 2609 peculiarem,

477 2636 792 2680 sectatorem
839 2626 1097 2681 bonorum
1146 2644 1361 2698 operum
1393 2628 1439 2696 ",
1488 2629 1659 2684 deleto
1715 2646 1809 2699 per
1864 2630 2075 2687 decreta

478 2735 578 2773 sua
617 2718 989 2789 chirographo,
1023 2720 1162 2789 quod
1192 2728 1378 2774 contra
1417 2736 1513 2775 nos
1544 2730 1663 2775 erat
1709 2738 1772 2776 ac
1801 2723 1950 2778 nobis
1978 2724 2076 2778 ad-

478 2810 817 2885 rersabutur,
875 2811 1012 2879 quod
1041 2827 1071 2865 e
1098 2812 1268 2866 medio
1296 2812 1566 2867 sublatum
1600 2813 1769 2883 aﬂizit
1811 2815 1979 2874 cruci,
2014 2831 2075 2869 ac

477 2903 807 2972 principatus
855 2911 905 2956 et
949 2912 1233 2973 potestates
1265 2905 1502 2974 spolians
1539 2908 1781 2961 traduxit
1818 2909 2077 2962 audacter

483 2994 821 3063 triumphans
850 2995 972 3050 illos
1003 2996 1057 3050 in
1086 2998 1364 3067 semetipso
1392 2998 1435 3053 '.
1469 2997 1682 3054 Etcum
1713 3015 1895 3063 teneas
1928 2999 2075 3055 fores

480 3084 859 3151 contrivissct,
915 3100 981 3141 ac
1019 3095 1202 3142 vectes
1243 3087 1452 3145 ferreos
1498 3087 1857 3160 confregisset
1875 3090 1918 3155 ',
1952 3090 2076 3145 vitae

480 3175 834 3248 postmodum
882 3177 1065 3233 lumen
1108 3178 1374 3243 ostendit,
1425 3193 1622 3235 manus
1668 3180 1957 3252 porrigens
2010 3195 2075 3235 ac

479 3269 622 3324 viam
662 3269 939 3336 muniens,
967 3278 1022 3326 et
1052 3269 1121 3325 ad
1146 3272 1346 3327 cmlum
1374 3271 1857 3329 conscendendum
1892 3272 2073 3329 scalas
2099 3243 2143 3301 δ

478 3360 796 3428 ostendens,
829 3376 895 3417 ac
943 3362 1258 3434 paradisum
1297 3363 1536 3434 denique
1570 3379 1765 3420 rursus
1802 3364 1870 3420 ad
1917 3364 2075 3420 habi-

480 3452 706 3508 tandum
731 3451 987 3511 olferens.
1024 3454 1123 3511 Hic
1149 3456 1314 3527 igitur
1351 3456 1613 3512 habitavit
1651 3457 1709 3511 in
1742 3456 1891 3511 nobis
1912 3457 1978 3521 ",
2010 3472 2075 3513 ac

480 3544 621 3616 legis
667 3544 908 3616 Spiritus
938 3548 1113 3603 sancti
1150 3547 1605 3618 justiﬁeationem
1646 3548 1807 3605 nobis
1834 3558 1919 3605 cst
1960 3549 2073 3604 lar-

480 3638 649 3709 gitus,
702 3646 762 3693 ut
810 3647 920 3695 tam
956 3640 1157 3712 ipsum,
1203 3656 1371 3712 quam
1398 3658 1521 3713 qua?
1564 3650 1695 3698 sunt
1739 3642 1917 3713 ipsius
1953 3658 2076 3714 pro-

480 3730 596 3797 pria
628 3743 1031 3799 cognoscamus
1061 3750 1074 3786 :
1111 3733 1258 3803 quod
1287 3732 1414 3787 vita:
1454 3732 1673 3787 initium
1715 3747 1779 3788 ac
1814 3732 1939 3790 linis
1967 3741 2072 3789 est.

482 3819 628 3891 Ergo
662 3821 891 3890 iustitiae
925 3823 1085 3880 nobis
1130 3838 1393 3880 concessa
1423 3824 1508 3879 lex
1539 3831 1645 3888 est,
1678 3824 1787 3890 lex,
1824 3827 2071 3897 inquam,

484 3912 632 3978 ﬁdei,
662 3912 748 3967 lex
789 3913 1038 3984 spiritus,
1079 3920 1133 3969 et
1184 3914 1357 3985 alege
1399 3913 1585 3970 cannis
1626 3917 1835 3987 peccati
1881 3916 2073 3973 libera.

484 4006 853 4082 Quamobrem
874 4007 1019 4078 quod
1054 4006 1121 4061 ad
1151 4007 1470 4062 interiorem
1507 4006 1783 4063 hominem
1807 4007 2065 4078 pertinet,

486 4101 584 4160 Dei
616 4116 701 4154 me
742 4100 831 4155 lex
868 4100 1183 4156 delectat".
1217 4098 1315 4157 Est
1362 4108 1542 4156 autem
1577 4102 1720 4156 intra
1768 4117 1868 4158 nos
1909 4101 2075 4158 Chri-

485 4200 628 4258 stus,
677 4192 949 4264 siquidem
1008 4192 1218 4249 habitat
1270 4192 1326 4248 in
1405 4192 1589 4250 nobis.
1668 4192 1774 4249 Sed
1825 4204 2075 4251 mortuus

486 4285 612 4361 ipse
651 4286 739 4340 via
770 4284 898 4341 vita:
945 4293 1136 4342 nostra
1172 4300 1341 4342 causa
1378 4283 1559 4342 factus
1599 4293 1683 4341 est
1715 4303 1728 4340 :
1768 4283 1837 4339 Ut
1873 4285 1964 4356 qui
2005 4286 2078 4340 οἱς

484 4387 632 4444 runt,
660 4393 765 4434 non
808 4378 913 4433 sibi
958 4377 1085 4449 ipsis
1128 4377 1358 4447 amplius
1399 4377 1590 4445 vivant,
1633 4376 1725 4432 sed
1761 4376 1811 4431 ei
1850 4377 1941 4449 qui
1980 4391 2074 4446 pro

484 4470 635 4532 nobis
681 4481 924 4527 mortuus
976 4478 1058 4527 est
1122 4480 1173 4524 et
1219 4470 1509 4524 resurrexit
1542 4470 1606 4524 ".
1653 4467 1910 4540 Idemque
1953 4467 2077 4524 vita:

2535 1881 2637 1937 Ἐκ
2659 1880 2768 1936 τοῦ
2809 1880 3178 1951 Ἀγκυρωτοῢ
3207 1880 3417 1952 λόγος.

2247 1995 2323 2052 Β¹.
2367 1993 2674 2064 Ἐπεφάνη
2701 1994 2740 2063 ὴ
2768 1992 2941 2063 χάρις
2972 1991 3078 2048 τοῦ
3104 1991 3333 2061 Κυρίου
3364 1988 3526 2060 ήμῶν
3561 1989 3727 2059 Ἰησοῦ

2175 2087 2437 2157 Χριστοῦ
2459 2085 2840 2141 διδάσκουσα
2860 2082 3045 2154 ἡμᾶς’
3068 2083 3191 2147 ἵνα,
3217 2082 3618 2153 ἀρνησάμενοι
3636 2080 3729 2149 τὴν

2174 2178 2460 2235 ἀσέϐειαν
2507 2176 2608 2231 καί
2650 2175 2758 2243 τὰς
2808 2174 3102 2244 κοσμικὰς
3143 2173 3496 2242 ἐπιθυμίας,
3526 2175 3726 2242 σωφρόη

2177 2288 2297 2338 νως
2344 2269 2442 2324 καί
2491 2267 2757 2335 εὐσεϐῶς
2812 2266 2911 2321 καί
2958 2265 3203 2331 δικαίως
3250 2263 3518 2334 ζήσωμεν
3562 2265 3626 2319 ἐν
3664 2263 3729 2329 τῷ

2177 2362 2297 2417 νῦν
2324 2357 2516 2424 αἰῶνι,
2556 2356 3031 2427 προσδεχόμενοι
3067 2355 3183 2423 τὴν
3215 2355 3518 2424 μακαρίαν
3542 2353 3730 2409 ἐλπίδα

2175 2456 2274 2510 καί
2322 2451 2680 2522 ἐπιφάνειαν
2728 2448 2841 2519 τῆς
2881 2447 3068 2515 δόξης
3127 2447 3235 2501 τοῦ
3290 2446 3556 2517 μεγάλου
3605 2444 3728 2500 Θεοῦ

2176 2550 2275 2603 καὶ
2314 2544 2589 2614 Σωτῆρος
2626 2541 2801 2614 ἡμῶν
2846 2539 3050 2609 Ἰησοῦ
3094 2539 3395 2609 Χριστοῦ’
3437 2539 3503 2606 ὃς
3539 2538 3730 2592 ἔδωκεν

2176 2641 2394 2695 ἑαυτὸν
2445 2637 2600 2706 ὑπὲρ
2648 2633 2836 2703 ἡμῶν,
2884 2633 2987 2686 ἵνα
3029 2632 3418 2701 λυτρώσηται
3459 2629 3607 2702 ἡμᾶς
3630 2627 3729 2684 ἀπὸ

2176 2727 2382 2795 πάσης
2408 2726 2680 2797 ἀνομίας,
2718 2721 2817 2778 καί
2854 2723 3150 2792 καθαρίσῃ
3187 2721 3384 2789 ἑαυτῷ
3420 2722 3568 2777 λαὸν
3596 2735 3728 2789 περι-

2176 2817 2428 2880 ούσιον,
2476 2812 2744 2882 ζηλωτὴν
2797 2809 3004 2866 καλῶν
3046 2812 3268 2882 ἔργων’
3320 2812 3637 2881 ἐξαλείψας
3672 2809 3726 2864 τὸ

2175 2907 2305 2962 καθ’
2366 2905 2539 2977 ’ἡμῶν
2587 2906 2986 2976 χειρόγραφον
3045 2903 3171 2971 τοῖς
3225 2904 3555 2975 δόῃνιασιν,
3601 2902 3630 2956 ὃ
3665 2897 3728 2971 ἦν

2173 2998 2542 3055 ὑπεναντίον
2583 2997 2772 3068 ἡμῶν,
2806 2993 2993 3067 ἦρκεν
3027 2996 3096 3050 ἐκ
3122 2995 3324 3066 μέσου
3363 2993 3729 3066 προσηλώσας

2175 3088 2322 3143 αὑτό
2362 3085 2441 3153 τῷ
2475 3084 2750 3157 σταιιρίῖν
2787 3085 3292 3156 ἀπεκδυσάμενος
3328 3088 3433 3153 τὰς
3451 3083 3626 3155 ἀρχὰς
3647 3081 3725 3136 καί

2178 3181 2282 3250 τὰς
2330 3181 2641 3248 ἐξουσίας,
2680 3177 3091 3250 ἐδειγμάτισεν
3129 3179 3201 3232 ἐν
3230 3178 3533 3247 παρρησίᾳ
3557 3179 3726 3245 θριαμ-

2177 3276 2402 3341 ϐεύσας
2440 3271 2665 3338 αὐτοὺς
2704 3271 2775 3326 ἐν
2826 3269 3017 3336 αὐτῷ·
3068 3269 3241 3340 θύρας
3292 3268 3499 3340 χαλκᾶς
3546 3266 3727 3336 συντρί-

2175 3368 2306 3438 ψας,
2336 3365 2433 3420 καὶ
2471 3362 2704 3436 μοχλοὺς
2741 3361 2994 3435 σιδηροῦς
3028 3361 3357 3425 συνθλάσας,
3385 3360 3445 3414 τὸ
3469 3359 3577 3430 φῶς
3598 3354 3724 3419 αὖθις

2178 3452 2426 3519 ὑπέδειξε
2460 3453 2560 3524 τῆς
2601 3451 2768 3523 ζωῆς,
2805 3453 2991 3522 χεῖρας
3024 3449 3265 3522 ὀρέγων,
3305 3450 3576 3514 ὁδοποιῶν,
3614 3449 3724 3503 ὑπο-

2178 3546 2388 3618 σάθραν
2431 3545 2678 3617 οὐρανῶν
2720 3544 3073 3611 ὑποδεικνὺς,
3110 3543 3444 3614 παράδεισον
3481 3532 3622 3604 αὖθις
3661 3539 3724 3590 oi-

2176 3640 2294 3691 κεῖν
2320 3636 2506 3704 ἀξιῶν.
2543 3635 2739 3690 Τοίνυν
2774 3634 3133 3704 κατῴκησεν
3164 3635 3237 3688 ἐν
3269 3634 3440 3705 ἡμῖν,
3471 3635 3559 3687 καὶ
3582 3631 3636 3685 τὸ
3659 3629 3722 3682 δι·-

2178 3729 2403 3802 καίωμα
2433 3727 2527 3783 τοῦ
2555 3728 2722 3801 νόμου
2754 3728 2879 3792 δοὺς
2908 3729 3045 3800 ἡμῖν
3082 3727 3179 3781 τοῦ
3219 3727 3552 3799 Πνεύματος,
3583 3726 3652 3787 εἰς
3676 3720 3726 3773 τι

2176 3825 2382 3895 γνῶναι
2413 3822 2663 3895 astam)
2706 3822 2776 3876 τὰ
2826 3822 2957 3894 περὶ
2991 3819 3184 3888 αὐτοῦ,
3215 3822 3245 3875 ὃ
3285 3823 3432 3875 ἐστιν
3471 3818 3601 3892 ἀρχὴ
3648 3813 3724 3869 καὶ

2175 3916 2329 3980 τέλος
2356 3915 2524 3986 ζωῆς,
2558 3914 2726 3986 νόμος
2754 3913 3104 3985 δικαιοσύνης
3134 3913 3366 3983 γέγονεν
3404 3915 3551 3983 ἡμῖν,
3589 3908 3724 3977 νόμος

2178 4011 2436 4076 πίστεως,
2468 4008 2634 4080 νόμος
2659 4006 2990 4085 πνεύματος,
3021 4006 3309 4078 ἐλεύθερος
3343 4008 3410 4059 ὲκ
3441 4005 3592 4075 νόμου
3616 4016 3725 4071 σαρ-

2178 4103 2272 4169 κὸς
2324 4102 2621 4175 ἁμαρτίας.
2679 4101 2771 4156 Διὸ
2824 4101 3127 4171 συνήδομαι
3172 4100 3252 4172 τῷ
3301 4101 3449 4171 νόμῳ
3486 4096 3573 4151 τοῦ
3611 4089 3722 4147 Θεοῦ

2177 4195 2323 4251 κατὰ
2345 4195 2436 4250 τὸν
2485 4195 2594 4249 ἔσω
2627 4192 2935 4266 ἄνθρωπον.
2980 4193 3131 4246 Ἐσω
3164 4192 3220 4245 δὲ
3251 4194 3285 4263 ἠ
3295 4193 3413 4264 μῶν
3443 4193 3471 4244 ὁ
3503 4183 3718 4260 Χριστὸς,

2178 4289 2337 4362 εἴπερ
2370 4290 2509 4342 οἰκεῖ
2556 4290 2613 4343 ὲν
2646 4289 2801 4359 ἡμῖν.
2839 4285 2978 4339 Ἀλλ’
3025 4285 3187 4350 αὐτὸς
3231 4282 3409 4339 θανὼν
3459 4282 3568 4345 ὁδὸς
3602 4275 3721 4344 ζωῆς

2179 4377 2321 4447 ὑπὲρ
2361 4376 2519 4448 ήμῶν
2565 4375 2818 4445 γέγονεν·
2871 4375 3007 4431 Ἵνα
3046 4377 3101 4428 oi
3138 4373 3350 4440 ζῶντες
3374 4371 3576 4443 μηκέτι
3612 4368 3721 4421 ἑαυ-

2179 4469 2305 4535 τοῖς
2339 4467 2538 4532 ζῶσιν,
2563 4469 2724 4523 ἀλλὰ
2752 4465 2832 4532 τῷ
2865 4465 3017 4536 ὑπὲρ
3040 4464 3210 4536 ἡμῶν
3263 4464 3609 4521 ἀποθανόντι
3640 4454 3718 4509 καὶ

483 4563 839 4634 principium,
884 4577 950 4621 ac
984 4561 1375 4634 jurisjurandi,
1434 4576 1544 4633 quo
1601 4576 1663 4617 se
1709 4569 1836 4616 ante
1884 4559 2073 4632 plures

2178 4555 2530 4621 ἀναστάντι,
2544 4557 2703 4628 αἰτίῳ
2728 4554 3001 4627 ζωῆς,τοῦ
3027 4555 3134 4626 πρὸ
3155 4554 3368 4609 πολλῶν
3387 4553 3573 4624 γενεῶν
3583 4551 3716 4619 ὅρκου

483 4669 662 4715 annos
712 4654 1116 4723 obstrinxerat,
1170 4663 1229 4711 ut
1283 4654 1360 4707 ait
1417 4653 1583 4709 David
1618 4653 1697 4718 ⁸³,
1750 4657 2073 4711 recordatus

2185 4650 2463 4723 μνησθεὶς,
2500 4650 2643 4704 κατὰ
2683 4648 2776 4702 τὸν
2809 4647 3005 4702 Δαϐίδ·
3053 4649 3105 4702 Ὀ
3134 4648 3281 4716 Θεὸς
3307 4645 3385 4719 ἦν
3410 4648 3476 4701 ἐν
3505 4648 3716 4712 Χριστφ.

483 4755 568 4809 est
608 4764 622 4801 :
660 4744 800 4800 Deus
845 4746 984 4801 enim
1023 4754 1141 4808 erat
1189 4745 1244 4800 in
1283 4744 1496 4805 Christo
1544 4744 1800 4799 mundum
1843 4747 2073 4800 reconci-

2181 4742 2417 4812 κόσμον
2460 4738 2912 4795 καταλλάσσων
2964 4737 3158 4805 ἑαυτῷ
3175 4781 3191 4806 ,
3239 4741 3327 4810 μὴ
3385 4735 3717 4829 λογιζόμενος

485 4833 626 4891 liaus
652 4833 774 4902 sibi,
791 4852 892 4890 sua
926 4835 1032 4891 illis
1063 4835 1261 4895 delicta
1290 4852 1393 4889 non
1421 4836 1767 4907 imputans".
1796 4835 2070 4902 Quoniam

2179 4833 2385 4900 αὐτοῖς
2439 4831 2511 4887 τὰ
2566 4831 3010 4902 παραπτώματα
3063 4831 3281 4886 αὐτῶν.
3330 4832 3449 4885 Ὀτι
3494 4831 3548 4881 ὲν
3592 4823 3714 4887 αὐτῷ

486 4924 542 4977 in
580 4924 699 4993 ipso
733 4926 937 4995 placuit
987 4942 1206 4983 omnem
1257 4925 1508 4985 habitare
1560 4926 1976 4999 plenitudinem,
2017 4932 2073 4980 et

2176 4926 2446 4998 ηὖδόκησε
2480 4926 2590 4979 πᾶν
2610 4927 2672 4979 τὸ
2710 4925 2983 4998 πλήρωμα
3007 4926 3354 4997 κατοικῆσαι,
3379 4923 3468 4978 καὶ
3492 4920 3552 4974 δι’
3578 4918 3713 4972 ait“)

488 5014 769 5094 perillqu
824 5021 1187 5075 reconciliare
1224 5018 1284 5077 in
1322 5020 1505 5094 ipsum
1539 5020 1746 5087 omnia,
1796 5033 1921 5074 cum
1973 5032 2073 5089 pa-

2178 5021 2620 5089 ἀποκαταλλάξαι
2654 5019 2722 5073 τὰ
2770 5019 2947 5073 πάντα
2992 5019 3072 5082 είς
3116 5018 3300 5084 αὐτὸν,
3344 5009 3712 5087 εἰρηνοποιήσας

487 5091 605 5168 eam
637 5108 819 5163 crucis
845 5113 1110 5181 sanguine
1138 5091 1497 5173 sanxisset".

2177 5112 2266 5166 διὰ
2297 5112 2392 5166 τοῦ
2422 5113 2652 5184 αἵματος
2675 5110 2769 5165 τοῦ
2796 5108 3053 5182 σταυροῦ.

559 5198 662 5257 llic
701 5198 866 5270 igitur
901 5202 968 5256 ad
1008 5212 1316 5277 temporum
1355 5205 1846 5263 administrandam
1896 5201 2073 5275 plcui‘

2246 5204 2598 5277 Παραγέγονε
2618 5204 2800 5258 τοίνυν
2824 5203 2904 5266 εἰς
2925 5200 3237 5272 οἰκονομίαν
3263 5197 3357 5253 τοῦ
3390 5190 3707 5289 πληρῶματξς

488 5291 738 5346 tudinem
786 5291 1013 5359 advenit,
1083 5296 1546 5365 quemadmodum
1599 5296 1913 5351 Abraltamo
1970 5309 2073 5349 cae-

2176 5296 2284 5351 τῶν
2310 5296 2539 5369 καιρῶν,
2570 5294 2752 5358 καθὼς
2779 5293 3115 5366 ἐπήγγελται
3147 5291 3400 5362 Ἀδραὰμ
3421 5285 3508 5339 καὶ
3537 5282 3708 5369 λοιιτοῐς

491 5384 737 5453 terisque
765 5383 975 5440 sanctis
1011 5385 1137 5441 data
1192 5386 1325 5444 ﬁdes
1351 5398 1499 5455 erat,
1524 5397 1583 5444 ut
1612 5389 1675 5447 in
1700 5390 1820 5460 ipso
1868 5388 2073 5443 instau-

2176 5387 2372 5456 ἁγίοις,
2407 5367 2996 5456 ἀνακεφαλαιώσασθαι
3021 5383 3092 5437 τὰ
3117 5383 3295 5437 πάντα
3315 5381 3372 5433 ἐν
3393 5371 3548 5442 αὐτῷ,
3651 5377 3706 5460 ξε

488 5488 636 5535 raret
665 5477 873 5543 omnia,
907 5491 974 5533 ac
1018 5476 1169 5534 velut
1199 5476 1257 5535 in
1301 5494 1573 5536 summam
1623 5480 1917 5553 redigeret,
1955 5493 2073 5548 qua:

2176 5448 2237 5533 ἐν
2261 5448 2373 5542 “cois
2396 5448 2646 5549 obpavoic
2670 5477 2764 5532 καὶ
2800 5475 2870 5530 τὰ
2892 5475 2984 5529 ἐπὶ
3008 5475 3109 5546 τῆς
3128 5472 3235 5544 γῆς
3253 5489 3267 5503 ·
3301 5468 3561 5524 διάστασις
3581 5456 3628 5510 δὲ
3651 5448 3704 5522 ἦν

559 5631 759 5704 ‘_Sap.
792 5648 833 5700 ι,
861 5634 939 5704 7.ί
1002 5634 1023 5665 ¹
1061 5632 1222 5690 Joan.
1252 5651 1365 5701 xvi,
1395 5637 1475 5690 l5.
1545 5638 1566 5669 ³
1602 5636 1760 5692 Joan.
1790 5655 1878 5701 xv,
1901 5637 1993 5693 26.
2073 5635 2093 5668 "
2129 5636 2286 5692 Joan.
2318 5653 2428 5699 va,
2462 5635 2547 5699 14,
2579 5634 2667 5690 13.
2745 5634 2765 5667 ⁵
2809 5631 2986 5704 I_Cor.
3012 5646 3109 5695 xu,
3136 5630 3226 5704 ll.
3300 5629 3334 5704 ᾗ
3560 5631 3610 5704 Ψ

490 5675 759 5775 {13E}?
779 5675 967 5761 ἣξεί.
1047 5675 1314 5763 θ’ἒᾘῐὸεέἶ
1329 5675 1516 5771 Hii,
1562 5675 2057 5771 157“'i'r3‘sit’l.“2'w,

2176 5675 2685 5775 '"':n;;u'.';,'n.
2766 5675 3226 5770 «unxistis:
3297 5700 3337 5733 --
3358 5675 3606 5752 nam;
3632 5675 3699 5734 ιι

495 5770 542 5806 ⁸⁸
576 5769 722 5828 Bsal.
758 5786 1021 5841 Lxsxvut,
1053 5777 1107 5832 4.
1186 5778 1227 5811 ιδ
1266 5776 1309 5834 ll
1348 5776 1477 5833 Cor.
1504 5769 1560 5843 iv,
1601 5777 1681 5833 19.
1760 5779 1804 5810 ”
1840 5769 2052 5834 ColossL

2186 5777 2240 5847 9,
2271 5779 2361 5834 ea.
