3988 6412
286 387 393 454 AR!)

884 383 1248 441 ADVERSUS
1288 378 1625 438 lleRESES
1660 380 1789 437 LIB.
1835 379 1875 432 ll

1977 377 2122 434 I'OM.
2150 377 2276 433 1.-
2306 377 2581 433 HAZRES.
2621 375 2853 432 LXXIV.

3423 371 3529 430 490

285 502 395 573 γὰρ
428 503 460 554 d
488 501 651 566 Θεὸς,
711 497 920 568 θεότης,
963 495 1316 568 χαρισμάτων
1362 496 1476 548 ἐστὶ
1502 495 1688 566 δοτὴρ,
1726 495 1859 564 ἀλη-

1977 491 2202 560 Spiritus
2231 497 2456 546 sanctus
2483 491 2552 546 ab
2579 490 2844 546 ambobus
2864 488 3058 554 oritur,
3091 488 3326 560 Spiritus
3347 505 3377 545 e
3409 490 3528 560 Spi-

283 592 557 652 θὲστατον,
597 589 951 659 φωτιστικὸν,
999 587 1428 658 παρακλητικὸν,
1477 585 1860 656 βουλευμάτων

281 683 376 736 τοῦ
432 684 644 754 Πατρὸς
689 679 1030 750 ἀγγελτικόν.
1076 680 1165 742 Ὃς
1222 679 1331 748 γὰρ
1374 680 1402 731 ό
1433 678 1558 741 Υἱὸς
1615 678 1862 748 μεγάλης

285 773 482 843 βουλῆς
522 772 751 840 ἄγγελος
778 811 792 835 ,
837 768 979 824 οὕτω
1027 770 1121 822 καὶ
1179 769 1239 820 τὸ
1305 767 1527 837 Πνεῦμα
1573 769 1635 820 τὸ
1681 767 1856 834 ἅγιον.

296 866 447 919 Ἀλλ’
472 863 783 932 ἐλάϐομεν,
825 863 976 931 φησι,
1015 860 1256 928 Πνεῦμα
1290 859 1458 921 Θεοῦ,
1505 861 1604 912 ἵνα
1643 859 1864 928 ἴδωμεν

283 953 358 1007 τὰ
397 950 761 1022 χαρισθέντα
793 951 938 1022 ἡμῖν
968 951 1084 1005 ὑπὸ
1115 950 1284 1012 Θεοῦ,
1317 950 1355 1004 d
1399 950 1494 1002 καὶ
1529 950 1860 1018 λαλοῦμεν,

281 1046 394 1099 οὐκ
416 1045 486 1096 ὲν
518 1043 742 1109 πειθοῖς
776 1044 791 1074 ⁸
827 1045 1048 1111 σοφίας
1091 1043 1315 1108 λόγοις,
1347 1041 1483 1094 ἀλλ’
1520 1042 1590 1094 ἐν
1621 1039 1864 1094 ἀποδεί-

283 1133 374 1198 ξει
415 1137 758 1202 Πνεύματος
807 1135 978 1198 Θεοῦ,
1021 1133 1442 1202 πνευματικοῖς
1493 1131 1864 1201 πνευματικὰ

283 1239 397 1294 συγ
408 1227 737 1292 κρίνοντες.

356 1424 438 1476 ῙΡ.
483 1423 619 1476 Ἀλλ’
643 1425 754 1494 ἐ.ρεί
779 1441 862 1488 τις
887 1441 900 1455 ·
939 1423 1148 1478 Οὐκοῦν
1171 1440 1351 1492 φαμεν
1378 1421 1472 1476 δύο
1502 1417 1639 1474 εἶναι
1680 1421 1858 1485 Υίούς.

283 1515 398 1568 Καὶ
430 1515 546 1576 πῶς
569 1515 912 1585 Μονογενήςς
949 1515 1256 1584 Μενοῦνγε,
1310 1515 1394 1568 Σὺ
1420 1516 1512 1582 τίς
1545 1511 1658 1570 εῒό
1696 1517 1863 1571 ἀντι-

280 1606 662 1676 λοτιζόμενος
689 1606 771 1672 τῷ
824 1606 982 1672 Θεῷ;
1039 1607 1102 1660 El
1145 1608 1254 1677 γὰρ
1291 1608 1382 1662 τὺν
1425 1607 1524 1678 μὲν
1547 1608 1674 1662 Υίὸν
1707 1611 1868 1662 καλεῖ

279 1697 378 1749 τὸν
403 1696 461 1762 ἐξ
488 1695 673 1760 αὐτοῦ,
695 1697 756 1750 τὸ
780 1697 834 1749 δὲ
858 1698 1008 1766 ἅγιον
1027 1697 1250 1768 Πνεῦμα
1273 1697 1334 1750 τὸ
1354 1699 1482 1770 παρ’
1511 1699 1862 1771 ἀμφοτέρω),

285 1788 448 1858 μόνον
483 1788 662 1841 πίστει
693 1789 957 1860 νοούμενα
985 1789 1088 1842 ὑπὸ
1119 1790 1227 1842 τῶν
1245 1790 1432 1858 ἁγίων,
1473 1791 1729 1860 φωτεινὰ,
1759 1808 1862 1860 φω-

281 1846 496 1942 τιοδότα,
531 1879 795 1949 φωτεινὴν
822 1846 922 1950 τὴν
965 1881 1245 1951 ἐνέργειαν
1277 1846 1431 1950 έχειί
1453 1846 1782 1952 σῦμφωνίαν.
1801 1900 1860 1936 τε
1895 1846 1938 1900 Β

281 1972 426 2042 πρὸς
451 1971 611 2024 αὐτὸν
625 1972 714 2024 τὸν
729 1972 945 2044 Πατέρα
975 1975 1204 2025 ποιεῖται
1229 1973 1405 2042 φωτὸς
1424 1973 1624 2026 πίστει.
1642 1973 1860 2037 Ἀκουε,

279 2057 328 2116 ὦ
359 2058 536 2127 οὗτος,
561 2064 642 2116 ὄτι
677 2066 705 2118 ό
732 2065 921 2134 Πατὴρ
951 2065 1166 2135 ἀληθῶς
1197 2065 1327 2118 Υίοῦ
1368 2068 1482 2118 ἐστι
1517 2066 1717 2136 πατὴρ,
1747 2065 1864 2134 φῶς

281 2154 431 2217 ὅλος,
476 2155 566 2208 καὶ
591 2155 716 2218 Υἱὸς
748 2157 959 2226 Πατρὸς
989 2156 1242 2226 ἀληθοῦς,
1280 2155 1394 2225 φῶς
1436 2157 1632 2225 φωτὸς,
1666 2157 1764 2226 οὐχ
1790 2157 1866 2218 ὡς

278 2247 357 2300 τὰ
408 2247 605 2318 ποιητὰ
656 2247 690 2318 ἢ
739 2247 806 2302 τὰ
867 2247 1095 2309 mm,
1153 2247 1500 2318 προσηγορία
1546 2247 1716 2318 μόνῃ·
1771 2248 1866 2300 καὶ

251 2336 514 2406 γΠνεῦμα
581 2338 731 2405 ἅγιον
772 2335 993 2404 Πνεῦμα
1047 2336 1304 2406 ἀληθείας
1349 2337 1486 2400 ἐστὶ,
1527 2335 1643 2404 φῶς
1688 2335 1867 2407 τρίτον

281 2427 442 2496 παρὰ
470 2426 678 2496 Πατρδς
709 2426 804 2479 καὶ
829 2426 962 2478 Υίοῦ
989 2443 1003 2457 ·
1050 2426 1118 2479 τὰ
1150 2426 1196 2478 δ’
1229 2426 1363 2480 ἄλλα
1419 2425 1595 2479 πάντα
1647 2424 1793 2479 θέσει
1832 2426 1865 2496 ἣ

280 2516 614 2586 παραθέσει,
659 2518 692 2588 ἢ
741 2518 950 2590 κλήσει,
986 2519 1084 2588 οὐχ
1121 2519 1286 2590 ὁμοίᾳ
1313 2518 1502 2572 τούτου
1539 2519 1866 2590 ἑνεργείᾳμῆ

279 2609 542 2678 δυνάμει,
576 2609 789 2679 ἢφωτὶ,
815 2610 848 2679 ἢ
887 2611 1097 2681 ἐννοίᾳο
1127 2609 1258 2681 ἢὼς
1284 2611 1349 2664 ἂν
1376 2611 1518 2664 εἴποι
1550 2627 1661 2675 τιςο
1699 2612 1871 2680 Υίοὺς

278 2698 592 2767 ἐγέννησα
651 2700 750 2754 καὶ
782 2701 1001 2769 {tib-an
1028 2718 1041 2732 ·
1092 2701 1125 2771 ἢ
1171 2701 1247 2764 ὡς
1290 2702 1356 2755 ἂν
1394 2701 1536 2756 εἴποι
1569 2720 1686 2768 τις·
1731 2705 1872 2776 Ἐγὼ

279 2788 460 2845 εἶπεν
499 2791 630 2845 Θεοί
662 2792 802 2845 ἐστε
845 2793 945 2846 καί
969 2794 1084 2846 υίοὶ
1121 2793 1413 2862 Ὑψίστου
1458 2793 1712 2861 πάντες·
1743 2794 1872 2868 ἢὼς

282 2884 357 2937 ἂν
417 2882 563 2936 εἴποι
607 2899 722 2947 τιςο
767 2886 818 2936 '0
857 2884 1111 2950 τετοκὼς
1141 2885 1386 2951 ,βώλους
1429 2885 1749 2958 δρόσου-ἢ
1798 2887 1872 2950 ὡς

293 2973 369 3028 ἂν
410 2974 553 3026 εἴποι
574 2990 683 3034 τις·
725 2973 825 3038 Ἐξ
854 2969 925 3028 οὗ
950 2973 1117 3026 πᾶσα
1138 2975 1354 3040 πατριὰ
1371 2974 1442 3027 ἐν
1469 2975 1748 3041 οὐρανοῖς
1773 2974 1873 3028 καὶ

1964 585 2091 637 ritu.
2151 582 2382 652 Spiritus
2407 584 2592 653 quippe
2620 582 2761 637 Deus
2789 583 2936 650 est”;
2971 582 3112 638 idem
3143 591 3198 638 et
3226 583 3531 637 caelestium]

1961 673 2230 727 donorum
2262 673 2488 742 largitor
2515 679 2600 726 est
2619 709 2634 734 ,
2669 671 3010 734 verissimus,
3041 672 3178 726 lucis
3220 669 3534 725 eﬁicacissi-

1964 781 2106 826 mus,
2143 765 2478 828 consolator,
2521 763 2876 817 consiliorum
2919 761 3098 817 Patris
3153 763 3424 831 interpres
3467 776 3532 815 ac

1965 853 2362 908 nuntius.Nam
2395 865 2454 906 ut
2503 852 2673 908 Filius
2707 855 2885 923 magni
2911 854 3122 908 consilii
3145 856 3370 925 angelus
3389 862 3472 909 est
3489 854 3530 916 ⁸,

1964 944 2039 997 ita
2075 945 2314 1014 Spiritus
2351 956 2598 1002 sanctus.
2641 945 2743 998 Sed
2793 947 3104 1012 accepimus,
3134 947 3331 1014 inquit,
3373 945 3537 1014 Spiri-

1965 1044 2074 1088 tum
2105 1034 2225 1100 Dei,
2256 1036 2423 1107 896
2453 1046 2509 1090 ut
2537 1037 2806 1091 videamus
2830 1054 2947 1106 qua:
2978 1053 3009 1089 a
3049 1037 3158 1091 Deo
3185 1038 3384 1090 donata
3413 1047 3534 1090 sunt

1965 1129 2144 1191 nobis,
2177 1144 2293 1198 qua:
2335 1139 2383 1181 et
2416 1129 2698 1198 loquimur,
2732 1146 2836 1183 non
2870 1128 3080 1181 blandis
3111 1129 3382 1197 sapientia:
3421 1145 3535 1182 ser-

1965 1217 2207 1273 monibus
2233 1260 2248 1285 ,
2279 1219 2370 1272 sed
2419 1220 2726 1287 probatione
2765 1220 2993 1289 Spiritus
3033 1220 3160 1285 Dei,
3209 1220 3538 1288 spiritalibus

1965 1310 2235 1377 spiritalia
2263 1321 2628 1381 comparantes
2653 1311 2694 1365 ‘.

2039 1422 2171 1477 Vlll.
2217 1423 2372 1478 Dicat
2401 1425 2602 1494 aliquis
2635 1443 2648 1478 ε
2685 1424 2832 1478 Duos
2861 1441 2991 1495 ergo
3028 1423 3197 1480 Filios
3226 1425 3537 1481 statuimus.

1967 1514 2121 1580 Quod
2156 1515 2202 1569 si
2235 1517 2306 1568 ita
2349 1525 2465 1582 est,
2504 1518 2594 1586 qui
2631 1518 2850 1571 tandem
2895 1532 3020 1572 esse
3055 1526 3234 1586 potest
3281 1516 3543 1587 Unigeni-

1967 1605 2090 1660 tus?
2110 1603 2223 1659 lmo
2245 1621 2394 1668 vero,
2417 1617 2470 1660 tu
2498 1608 2615 1678 quis
2645 1624 2698 1661 es
2722 1608 2810 1678 qui
2840 1607 3176 1660 rontradicas
3198 1607 3306 1662 Deo
3330 1608 3385 1660 δῖ’
3403 1609 3538 1662 Cum

1967 1700 2113 1752 enim
2166 1696 2363 1752 Filium
2395 1707 2572 1763 vocet,
2602 1700 2695 1768 qui
2730 1714 2760 1752 a
2793 1714 2852 1754 se
2877 1701 3075 1758 oritur.
3122 1699 3383 1770 Spiritum
3411 1715 3542 1754 vero

1967 1799 2240 1855 sanctum,
2270 1791 2364 1861 qui
2395 1791 2464 1844 ab
2483 1800 2716 1861 utroque
2744 1791 3009 1860 procedit,
3057 1805 3135 1845 ea:
3161 1799 3271 1846 tres
3294 1805 3542 1861 persone

1971 1883 2086 1938 sola
2119 1882 2221 1937 ﬁde
2249 1898 2278 1937 a
2315 1884 2523 1939 sanctis
2561 1884 2694 1938 viris
2736 1891 3007 1953 perceptae
3049 1883 3263 1950 lucidas,
3305 1897 3368 1937 ac
3403 1884 3541 1937 luris

1967 1982 2222 2029 auctores
2249 1973 2428 2027 lucida
2457 1982 2587 2028 sunt
2632 1977 2849 2029 actione
2887 1975 3144 2045 praeditae,
3179 1983 3381 2031 etcum
3425 1977 3542 2046 ipso

1968 2065 2130 2119 Patre
2162 2063 2283 2118 ﬁdei
2315 2064 2436 2118 luce
2463 2064 2814 2118 concordiam
2846 2072 3086 2119 servant.
3137 2063 3283 2119 Heus
3310 2067 3399 2118 tul
3443 2065 3543 2134 igi-

1968 2165 2058 2210 tur
2089 2155 2240 2218 audi,
2272 2155 2729 2224 quemadmodum
2761 2155 2921 2209 Pater
2943 2170 3071 2210 vere
3099 2155 3171 2210 sit
3202 2154 3324 2208 Filii
3391 2167 3544 2222 pater

1969 2255 2228 2318 totusque
2280 2248 2404 2312 lux;
2449 2256 2502 2302 et
2547 2244 2720 2302 Filius
2750 2245 2862 2300 veri
2913 2248 2983 2300 sit
3019 2244 3199 2300 Patris
3234 2243 3423 2309 Filius,
3461 2245 3544 2298 lu-

1969 2353 2092 2392 men
2122 2338 2190 2392 de
2214 2338 2440 2400 lumine,
2486 2353 2594 2392 non
2627 2347 2687 2391 ut
2720 2336 2863 2391 facta
2923 2345 3172 2392 creatave
3201 2345 3544 2410 caeterauap-

1919 2457 1926 2461 -
1971 2428 2266 2500 pellatione
2295 2427 2594 2494 duntaxat;
2651 2426 2889 2496 Spiritus
2925 2427 3160 2496 denique
3197 2433 3422 2480 sanctus
3450 2441 3544 2478 vc.-

1970 2519 2152 2574 ritatis
2188 2517 2260 2572 sit
2288 2517 2525 2586 Spiritus
2589 2532 2652 2572 ac
2679 2518 2899 2572 tertium
2930 2532 2959 2570 a
2999 2516 3157 2572 Patre
3186 2515 3433 2587 Filioque
3459 2518 3546 2570 lu-

1972 2627 2137 2679 men;
2178 2619 2372 2666 caztera
2413 2611 2598 2665 omnia
2650 2611 2961 2680 adoptione,
3001 2611 3086 2665 vel
3115 2610 3540 2680 comparatione,

1971 2705 2056 2758 vel
2093 2703 2469 2774 appositione,
2511 2703 2596 2757 vel
2627 2703 2988 2773 appellatione
3011 2741 3026 2766 ,
3075 2716 3182 2757 non
3218 2702 3381 2756 simili
3419 2717 3544 2756 cum

1973 2811 2039 2850 eo
2070 2796 2310 2860 actione,
2359 2794 2444 2848 vel
2479 2793 2708 2855 virtute,
2759 2794 2844 2847 vel
2874 2793 3014 2858 luce,
3047 2793 3129 2846 vel
3165 2793 3384 2865 notione
3421 2805 3551 2846 cen-

1977 2896 2188 2942 sentur.
2219 2885 2347 2941 Sive
2384 2887 2510 2955 quis
2538 2885 2667 2938 illud
2710 2885 2912 2938 dixerit
2944 2900 2957 2936 :
2998 2883 3166 2938 Filios
3190 2885 3344 2954 genui
3373 2891 3424 2937 et
3454 2898 3550 2937 ex-

1977 2977 2218 3045 altavi‘;
2251 2979 2367 3032 sive
2405 2977 2537 3030 illud
2569 2995 2582 3030 :
2622 2975 2732 3046 Ego
2757 2975 2874 3028 dixi
2902 2992 2920 3030 :
2952 2974 3042 3027 Dii
3070 2975 3194 3028 estis
3242 2984 3290 3028 et
3321 2973 3422 3042 ﬁlii
3455 2972 3553 3025 Αι-

285 3067 400 3119 ἐπὶ
434 3065 545 3132 τῆς
569 3065 711 3136 γῆς·
743 3065 776 3136 ἢ
807 3065 882 3128 ὡς
913 3067 978 3119 ἂν
1007 3067 1152 3118 εἴποι
1181 3083 1264 3129 τις
1287 3083 1300 3096 ·
1343 3065 1485 3136 Ἐγὼ
1528 3069 1560 3120 ὀ
1615 3063 1875 3133 στερεῶν

1979 3071 2172 3124 tissimi
2202 3086 2378 3124 omnes
2405 3071 2424 3099 "
2453 3087 2466 3133 ;
2515 3069 2630 3123 sive
2662 3067 2809 3122 istud
2840 3083 2854 3120 :
2897 3067 3001 3134 Qui
3037 3066 3214 3135 genuit
3246 3065 3423 3120 stillas
3463 3080 3553 3116 ro-

278 3157 585 3226 βροντὴν,
621 3157 719 3210 καί
758 3157 966 3218 κτίζων
986 3159 1249 3227 Πνεῦμα.
1287 3159 1362 3211 Οὐ
1385 3157 1494 3228 γὰρ
1516 3156 1590 3220 ὼς
1621 3159 1669 3210 οἱ
1699 3157 1875 3209 λοιποὶ

1980 3161 2133 3226 ris“;
2167 3162 2282 3215 sive
2309 3161 2413 3214 hoc
2445 3162 2624 3231 ipsum
2660 3177 2672 3212 :
2715 3161 2755 3213 .4
2815 3176 2916 3227 quo
2956 3160 3126 3213 omnis
3171 3158 3463 3224 paternitas
3497 3157 3552 3210 in

285 3249 552 3321 πατέρες,
593 3249 626 3320 ἢ
667 3251 996 3321 πατριάρχαι
1030 3252 1058 3304 ό
1079 3250 1328 3322 ἀληθινὸς
1356 3249 1544 3320 Πατὴρ
1572 3248 1874 3320 ἀρξάμενος

1977 3252 2119 3308 σαίὶε
2161 3261 2208 3305 et
2258 3253 2311 3304 in
2349 3253 2564 3317 terra”;
2616 3253 2772 3306 sive:
2820 3250 2931 3321 Ego
2971 3252 3194 3319 ﬁrmans
3229 3249 3462 3309 tonitru,
3503 3262 3552 3300 οι

282 3339 397 3395 τοῦ
440 3336 578 3394 εἶναι
619 3341 882 3413 ﬂat:th
925 3343 1186 3395 ἐλλείπων
1233 3342 1362 3396 ποτε
1419 3342 1498 3412 τῷ
1544 3342 1720 3412 χρόνῳ
1781 3341 1875 3394 τοῦ

286 3429 440 3487 εἶναι
462 3434 678 3506 Πατήρ.
713 3435 774 3486 Ei
815 3434 924 3504 γὰρ
971 3435 1196 3506 ἄρχεται
1219 3434 1313 3487 τοῦ
1342 3430 1482 3487 εἶναι
1514 3434 1723 3504 Πατὴρ,
1752 3433 1878 3496 Υἱὸς

290 3528 410 3598 ἄρα
429 3505 498 3595 ἦν
527 3543 658 3579 ποτε
686 3525 874 3596 ἑτέρου
898 3505 1124 3597 πατρὸς,
1161 3525 1266 3596 πρὸ
1292 3523 1385 3578 τοῦ
1411 3520 1549 3578 εἶναι
1571 3525 1734 3578 αὑτὸν
1765 3526 1876 3577 Πα-

290 3619 437 3687 τέρα
465 3616 824 3686 Μονογενοῦς.
857 3616 997 3669 Καθ’
1026 3616 1318 3687 ὁμοιότητα
1350 3617 1408 3668 δὲ
1438 3616 1675 3686 πατέρες
1719 3617 1881 3668 πατὲ-

289 3727 412 3778 ρων
441 3708 683 3762 νοοῦνται
747 3707 932 3771 τέκνα,
993 3709 1088 3766 καὶ
1144 3710 1222 3771 εἰς
1265 3707 1491 3778 ἄπειρον
1536 3708 1628 3760 τὸν
1666 3707 1881 3776 ἀληθῶς

291 3800 519 3871 πατέρα
558 3800 656 3870 τῆς
701 3799 1085 3870 ἀρχαιολογίας
1123 3801 1302 3868 εὑρεῖν
1345 3799 1511 3854 ἐστιν.
1549 3799 1683 3852 Οὐδὲ
1714 3799 1788 3861 ὼς
1814 3798 1884 3851 τὰ

296 3892 471 3944 λοιπὰ
513 3892 679 3944 τέκνα
736 3891 880 3944 θέσει
908 3894 934 3944 ό
967 3891 1088 3954 Υἱὸς
1119 3894 1147 3944 ὁ
1187 3891 1434 3960 ἀληθινὸς
1467 3891 1586 3955 νέος
1614 3890 1704 3943 τοῦ
1744 3885 1882 3943 εἶναι

297 3985 454 4040 Υἱός.
477 3985 540 4038 Εἰ
573 3986 681 4055 γὰρ
708 3985 827 4047 νέος
852 3983 944 4038 τοῦ
982 3980 1120 4036 εἶναι
1148 3984 1291 4051 Υἱὸς,
1326 3981 1394 4057 ἦν
1417 4002 1546 4038 ποτε
1579 3986 1768 4056 χρίνος
1796 3987 1883 4038 ὅτε

292 4080 406 4132 οὐκ
447 4073 515 4149 ἦν
569 4080 598 4131 ό
645 4078 856 4150 Πατὴρ,
913 4077 1101 4148 Πατὴρ
1139 4077 1494 4146 Μονογενοῦς.
1540 4079 1672 4132 Οὐδὲ
1713 4079 1786 4141 ὡς
1816 4078 1884 4131 τὰ

298 4169 469 4222 λοιπὰ
505 4171 789 4240 πνεύματα
828 4171 888 4223 τὸ
924 4170 1144 4240 Πνεῦμα
1175 4168 1276 4240 τῆς
1317 4169 1572 4240 ἀληθείας
1600 4171 1816 4224 κτιστὺν
1848 4170 1880 4241 ἢ

300 4263 560 4331 ποιητὸν·
617 4262 740 4316 οὐδὲ
783 4263 860 4326 ὼς
893 4264 939 4316 οί
977 4263 1154 4316 λοιποὶ
1193 4263 1411 4331 ἄγγελοι
1449 4266 1476 4316 ὁ
1509 4263 1604 4332 τῆς
1641 4263 1885 4333 μεγάλης

304 4353 764 4423 βουλῆςἊγγελος
781 4353 1046 4407 καλεῖται.
1077 4356 1140 4406 "A
1168 4355 1263 4424 μὲν
1283 4355 1390 4424 γὰρ
1416 4353 1588 4424 ἀρχὴν
1613 4355 1704 4407 καὶ
1731 4353 1883 4416 τέλος

305 4443 448 4512 ἔχει,
472 4442 508 4496 ἃ
529 4443 584 4495 δὲ
611 4442 962 4513 ἁνεπινόητον
990 4441 1102 4512 ἔχει
1132 4442 1192 4494 τὸ
1217 4441 1412 4513 κράτος
1439 4443 1532 4494 καὶ
1563 4441 1663 4510 τὴν
1685 4441 1879 4510 ἀρχήν.

309 4533 424 4588 Καὶ
454 4533 490 4587 ἃ.
509 4535 604 4604 μὲν
631 4534 804 4598 κτίζει
821 4535 890 4587 τὰ
906 4534 1186 4597 πανταλείς
1207 4534 1464 4604 ἀπείρους
1478 4530 1677 4595 αἰῶνας
1701 4549 1885 4600 συνερ⁹

1980 3361 2164 3398 creaus
2198 3343 2462 3413 Spiritum
2519 3344 2586 3396 ¹⁰.
2633 3341 2750 3396 Non
2791 3344 2935 3398 enim
2981 3352 3303 3395 czeterorum
3340 3348 3554 3410 patrum

1981 3434 2486 3502 patriarcliarumve
2532 3448 2685 3489 more
2736 3449 2897 3487 verus
2949 3431 3039 3485 ille
3092 3430 3255 3484 Pater
3289 3437 3385 3482 aut
3431 3443 3554 3484 esse

1980 3525 2140 3580 Pater
2171 3526 2462 3595 aliquando
2485 3527 2669 3595 cepit,
2700 3532 2794 3578 aut
2822 3537 3114 3594 progressu
3145 3520 3406 3591 temporis
3431 3534 3555 3574 esse

1981 3616 2307 3686 quandoque
2337 3617 2568 3673 desinet.
2601 3616 2736 3671 Nam
2767 3618 2811 3672 si
2841 3616 3000 3670 Pater
3021 3605 3146 3670 esse
3171 3611 3420 3684 cmperit,
3458 3625 3556 3666 ne-

1983 3723 2139 3764 cesse
2177 3717 2262 3764 est
2291 3717 2350 3762 ut
2375 3708 2545 3765 Filius
2569 3709 2796 3764 alterius
2827 3708 2999 3778 patris
3025 3708 3154 3760 olim
3191 3705 3376 3768 fuerit,
3401 3712 3558 3759 ante-

1983 3817 2147 3871 quam
2192 3812 2338 3858 esset
2398 3800 2673 3872 Unigeniti
2736 3800 2914 3854 Pater.
2972 3797 3142 3852 Porro
3202 3795 3558 3852 similitudine

1985 3893 2221 3962 quadam
2254 3902 2468 3964 patrum
2507 3902 2688 3962 patres
2720 3893 3097 3961 intelliguntur
3120 3905 3243 3945 esse
3279 3888 3392 3951 ﬁlii,
3420 3895 3472 3942 et
3503 3889 3556 3940 in

1987 3986 2258 4040 inﬁnitum
2291 4001 2451 4042 verus
2491 3987 2719 4055 originis
2759 3993 2910 4040 sator
2972 3999 3034 4058 a_c
3075 3997 3272 4052 parens
3333 3978 3558 4050 perduci

1985 4087 2186 4148 potest.
2227 4077 2411 4147 Neque
2441 4093 2571 4132 vero
2601 4087 2920 4132 czeterorum
2962 4076 3134 4129 instar
3161 4073 3422 4133 ﬁliorum,
3464 4073 3558 4140 qui

1987 4171 2276 4240 adoptione
2309 4170 2431 4224 facti
2462 4179 2584 4224 sunt
2608 4210 2624 4232 ,
2649 4185 2812 4223 verus
2844 4167 3016 4222 Filius
3041 4180 3234 4222 recens
3261 4173 3347 4220 est
3381 4163 3560 4218 factus

1985 4261 2180 4316 Filius.
2211 4261 2466 4330 Alioquin
2510 4261 2656 4314 enim
2689 4271 2903 4329 tempus
2935 4257 3229 4327 aliquando
3275 4255 3411 4319 fuit,
3451 4270 3562 4324 quo

1985 4353 2146 4409 Pater
2173 4354 2410 4408 nondum
2444 4362 2593 4408 esset
2624 4352 2896 4423 Unigeniti
2931 4352 3107 4405 Pater.
3143 4347 3246 4403 Sed
3272 4363 3449 4416 neque
3484 4347 3558 4400 uti

1987 4443 2178 4513 reliqui
2213 4441 2462 4511 spiritus,
2498 4441 2745 4496 veritatis
2777 4441 2999 4510 spiritus
3032 4447 3274 4493 creatum
3301 4436 3561 4507 quiddam

1989 4543 2072 4589 est
2093 4574 2108 4596 ,
2159 4541 2254 4588 aut
2285 4532 2525 4598 factum;
2574 4549 2749 4601 neque
2783 4540 3103 4586 caeterorum
3137 4531 3312 4584 instar
3339 4529 3563 4598 angelo-

306 4625 514 4693 γοῦντα
534 4625 610 4696 τῷ
628 4626 824 4696 Πατρὶ.
847 4625 950 4679 ass
976 4624 1334 4689 κτίζεταιύπὺ
1352 4626 1558 4678 τούτων
1575 4624 1648 4684 ὡς
1672 4623 1736 4676 ἂν
1771 4623 1875 4674 ὲθέ·

1995 4642 2138 4689 rum,
2173 4627 2353 4696 magni
2387 4626 2477 4681 ille
2506 4626 2718 4680 consilii
2749 4625 2986 4694 Angelus
3023 4622 3310 4678 dicitur”.
3343 4620 3400 4672 Si
3440 4620 3563 4688 qui-

308 4715 480 4768 λοιεν.
501 4717 605 4769 Καὶ
635 4715 672 4770 ἃ
705 4716 802 4786 μὲν
824 4715 1076 4784 λατρεύει
1107 4715 1334 4779 τούτοις,
1361 4714 1464 4768 ac:
1493 4711 1761 4781 λατρευτά
1787 4712 1891 4764 ὑπὸ

310 4808 423 4860 τῶν
450 4807 584 4861 ὅλων
606 4809 938 4878 κτισμάτων.
968 4807 1126 4861 Καὶᾶ
1152 4808 1247 4877 μὲν
1269 4809 1410 4859 ίᾶται
1444 4806 1510 4858 τὰ
1533 4807 1829 4875 ποιήματα,
1857 4803 1892 4857 ἃ.

309 4898 370 4952 δὲ
401 4899 499 4968 τὴν
528 4900 670 4952 ίασιν
698 4898 964 4968 λαμϐάνει
995 4900 1123 4970 παρ’
1136 4897 1509 4952 αὐτῶν.Κα“ιᾶ
1535 4897 1631 4967 μὲν
1649 4896 1893 4967 κρίνεται

314 4991 438 5044 κατ’
468 4990 649 5055 ἀξίαν,
683 4990 717 5044 ἃ
739 4991 795 5044 δὲ
827 4992 924 5061 τὴν
963 4991 1144 5062 κρίσιν
1194 4991 1304 5060 ἔχει
1332 4992 1430 5060 τὴν
1465 4989 1698 5043 δικαίαν.
1723 4990 1830 5042 Καὶ
1861 4987 1896 5042 ἃ

317 5080 421 5152 μὲν
450 5083 623 5155 χρόνῳ
655 5083 822 5144 ἐστὶν,
854 5082 890 5135 ἃ
917 5082 971 5135 δὲ
1001 5082 1101 5135 οὐκ
1148 5084 1204 5134 ὲν
1245 5083 1420 5155 χρόνῳ
1471 5081 1744 5150 τυγχάνει.
1792 5079 1896 5135 Καὶ

314 5171 353 5226 ἃ
394 5173 489 5242 μὲν
515 5171 737 5242 φωτίζει
757 5173 826 5226 τὰ
854 5174 1051 5232 πάντα.
1085 5173 1120 5226 ἃ
1151 5173 1207 5226 δὲ
1253 5173 1567 5243 φωτίζεται.
1602 5174 1712 5228 Καὶ
1732 5173 1767 5227 ἃ.
1797 5174 1896 5244 μὲν

316 5262 474 5316 καλεῖ
503 5264 726 5332 νηπίους
751 5265 830 5326 εἰς
848 5262 997 5332 ὕψος,
1013 5262 1048 5316 ἂ
1071 5263 1126 5316 δὲ
1148 5263 1394 5317 καλεῖται
1420 5264 1524 5317 ὑπὸ
1545 5262 1639 5316 τοῦ
1667 5264 1892 5316 τελείου.

318 5354 431 5407 Καὶ
449 5354 486 5407 ἃ.
520 5355 617 5423 μὲν
643 5354 924 5424 χαρίζεται
943 5355 1127 5416 πᾶσιν,
1154 5354 1255 5408 ἂδὲ
1273 5354 1585 5426 χαρίσματα
1607 5356 1894 5425 λαμϐάνει.

318 5445 429 5500 Καὶ
463 5445 713 5513 καθάπαξ
748 5448 940 5514 εἰπεῖν,
967 5445 1002 5499 ἃ
1033 5446 1132 5514 μὲν
1163 5446 1385 5517 ὲξυμνεῖ
1409 5446 1506 5518 τὴν
1542 5447 1805 5518 ἁγιότητα
1840 5450 1896 5501 ἐν

391 5726 410 5757 ⁸
452 5745 544 5799 γρ.
583 5731 777 5786 πειθοῖ.
855 5735 876 5765 ²
913 5732 1070 5790 Joan.
1104 5734 1289 5798 mm.
1365 5733 1385 5767 ³
1427 5734 1531 5792 lsa.
1561 5753 1639 5801 ix,
1669 5736 1722 5792 6.

1992 4719 2114 4773 dem
2149 4718 2234 4771 illa
2278 4717 2494 4772 initium
2524 4717 2728 4771 habent
2759 4728 2812 4770 et
2857 4719 3038 4778 linem,
3092 4715 3208 4768 lia-c
3233 4713 3341 4767 duo
3374 4712 3564 4772 robur,

1991 4824 2055 4863 ac
2086 4808 2451 4879 principatum
2488 4809 2704 4869 habent,
2741 4823 2901 4876 quem
2933 4807 3078 4860 nulla
3113 4805 3437 4874 cujusquam
3479 4804 3568 4856 in-

1993 4897 2293 4967 telligentia
2345 4899 2518 4966 possit
2557 4899 2802 4967 assequi.
2843 4896 2966 4951 llaec
3013 4897 3268 4950 universa
3310 4908 3568 4964 procrea-

1991 5000 2143 5056 runt,
2168 5005 2289 5060 qum
2317 5005 2442 5044 cum
2479 4989 2640 5046 Patre
2668 5007 2763 5061 per
2794 4990 3003 5044 inﬁnita
3037 4990 3236 5046 stecula
3261 4988 3570 5045 communi-

1993 5089 2078 5136 ter
2105 5081 2288 5136 omnia
2335 5083 2666 5146 moliuntnr;
2719 5091 2912 5136 caetera
2951 5081 3020 5136 ab
3068 5081 3174 5136 illis
3219 5089 3383 5151 prout
3435 5080 3570 5150 ipsis

1994 5174 2127 5228 libat
2172 5182 2447 5228 creantur.
2501 5173 2590 5227 illa
2636 5175 2882 5228 serviunt
2936 5175 3024 5235 iis,
3077 5182 3128 5228 et
3160 5175 3382 5239 colunt;
3415 5173 3501 5229 bis
3539 5188 3572 5226 ιι

1996 5265 2266 5321 creaturis
2319 5265 2580 5320 omnibus
2639 5267 2876 5320 servitus
2929 5267 3222 5336 cultusque
3286 5267 3569 5320 tribuitur.

1991 5357 2157 5428 897
2194 5355 2316 5411 Haec
2340 5357 2600 5425 operibus
2639 5358 2755 5413 suis
2785 5356 3110 5412 medicinam
3141 5357 3435 5420 adhibent;
3476 5355 3572 5410 illa

1971 5447 2333 5502 ~niedicinam
2371 5441 2440 5498 ab
2470 5445 2591 5501 istis
2626 5445 2926 5517 accipiunt.
2956 5443 3081 5504 Haec
3107 5444 3363 5499 universa
3388 5441 3562 5496 collu-

1833 5737 1898 5790 ⁸1
1933 5737 2057 5793 Cor.
2085 5753 2148 5801 ιι,
2179 5737 2268 5798 19.,
2300 5738 2386 5792 15.
2464 5739 2483 5770 ⁸
2515 5737 2669 5794 Rom.
2705 5755 2781 5803 ix,
2810 5740 2900 5795 20.
2977 5741 3000 5771 θ
3029 5739 3134 5797 lsa.
3167 5757 3208 5808 t,
3233 5739 3288 5795 2.
3362 5741 3384 5775 "
3418 5741 3571 5800 Psal.

287 5809 511 5864 ‘um,
544 5803 595 5854 6.
672 5803 692 5833 ⁸
724 5801 824 5857 Job
851 5822 1076 5866 xxxvm,
1105 5807 1195 5859 '28.
1273 5809 1294 5838 ν
1335 5805 1532 5878 Eplics.
1563 5824 1645 5870 Ill,
1678 5809 1762 5862 15.
1845 5809 1875 5839 ¹⁴

1983 5824 2082 5863 nos
2137 5825 2210 5876 Iv,
2244 5809 2310 5864 15
2343 5825 2406 5864 ex
2443 5808 2603 5864 LXX.
2687 5813 2724 5842 ¹¹
2760 5801 2860 5866 lsa.
2889 5827 2964 5878 ix,
2996 5811 3048 5866 6.

531 5895 800 5956 Ριιτιιοι.
835 5897 952 5959 Gn.
988 5899 1180 5960 XLII.

3127 5909 3202 5967 16
