3988 6404
331 415 438 472 693

1001 405 1365 464 ADVERSUS
1407 401 1750 460 "ERESES
1784 399 1910 456 LIB.

2033 443 2046 456 .
2087 398 2252 456 TOM.
2297 398 2727 455 L—IIAERES.
2769 398 3004 454 LXXIV.

3503 395 3610 453 494

323 529 442 599 γὰρ
478 525 709 599 Χριστῷ
745 525 940 596 Ἰησοῦ
967 525 1082 596 ἐγὼ
1107 521 1410 594 ἐγέννησα
1435 519 1606 591 ὑμᾶς.
1635 520 1770 594 Περὶ
1794 519 1918 572 τού-

2032 517 2280 573 )stendit.
2315 515 2386 571 Et
2405 533 2579 572 vorem
2600 517 2716 586 ejus
2746 515 2904 570 audis
2926 533 2945 570 :
2970 514 3058 571 sed
3080 513 3250 569 nescis
3286 513 3422 568 unde
3445 512 3608 574 venit,

325 639 423 676 του
477 623 506 675 6
556 619 761 691 Κύριος
785 635 800 649 ·
855 619 1036 672 Ὅταν
1084 616 1236 684 ἔλθῃ
1297 618 1330 668 ό
1368 611 1761 681 Παράκλητος
1786 649 1801 674 ,
1843 610 1916 664 ὃν

328 711 444 782 ἐγὼ
484 710 694 780 πέμπω
731 709 877 780 ὑμῖν
901 748 916 772 ,
972 707 1038 762 τὸ
1077 705 1322 776 Πνεῦμα
1371 705 1486 774 τῆς
1529 703 1846 770 ἀληθείας,
1882 700 1914 755 ὃ

327 804 492 871 παρὰ
519 801 627 856 τοῦ
661 801 890 869 Πατρός
917 800 1325 868 ἐκπορεύεται,
1347 795 1588 861 ἐκεῖνος
1614 791 1917 863 μαρτυρή-

325 912 425 950 σει
460 895 593 964 περὶ
630 895 776 965 ἐμοῦ
801 913 815 927 ο
873 895 967 948 καὶ
990 935 1005 958 ,
1058 893 1187 947 Ἔτι
1233 889 1436 946 πολλὰ
1487 887 1611 957 ἔχω
1663 887 1866 956 λέγειν
1897 900 1912 915 ⁸

325 987 470 1042 ἀλλ’
529 988 602 1041 οὑ
654 986 918 1040 δύνασθε
970 980 1298 1049 βαστάζειν
1342 980 1495 1049 ἄρτι.
1539 979 1720 1034 Ὅταν
1766 978 1916 1044 ἔλθη

323 1079 559 1143 ἐκεῖνος
581 1117 594 1140 ,
652 1079 720 1132 τὸ
771 1077 1014 1146 Πνεῦμα
1069 1075 1181 1142 τῆς
1229 1073 1516 1141 ἀληθείας
1542 1111 1559 1137 ,
1627 1069 1916 1139 ὁδηγήσει

321 1170 486 1245 ὑμᾶς
521 1175 609 1238 είς
637 1169 845 1225 πᾶσαν
890 1170 1008 1238 τὴν
1040 1168 1350 1235 ἀλήθειαν.
1400 1171 1482 1222 Οὐ
1520 1169 1630 1238 γὰρ
1655 1166 1916 1232 λαλήσει

323 1267 430 1338 ἀφ’
463 1265 680 1321 ἑαυτοῦ
705 1283 720 1297 ο
747 1264 885 1320 ἀλλ’
930 1265 1050 1318 ὅσα
1078 1264 1330 1318 ἀκούσει
1362 1262 1624 1328 λαλήσει
1646 1302 1661 1326 ,
1713 1259 1811 1315 καὶ
1844 1261 1916 1315 τὰ

322 1361 622 1430 ἐρχόμενα
650 1357 975 1428 ἀναγγελεῖ
1009 1355 1174 1425 ὑμῖν.
1219 1354 1480 1420 Ἐκεῖνός
1512 1370 1590 1424 με
1630 1351 1876 1418 δοξάσει
1898 1370 1912 1386 ο

323 1453 418 1506 ἔτι
470 1453 539 1506 ἐκ
577 1451 684 1505 τοῦ
726 1451 872 1521 ἐμοῦ
915 1449 1211 1518 λήψεται,
1246 1447 1345 1501 καί
1400 1445 1727 1516 ἀναγγελεῖ
1771 1444 1916 1516 ὑμῖν

322 1545 547 1598 πάντα.

401 1719 457 1771 l'.
489 1719 553 1770 Εί
585 1716 762 1770 τοίνυν
808 1713 962 1787 παρὰ
1009 1713 1106 1768 τοῦ
1134 1711 1348 1784 Πατρδς
1390 1708 1786 1782 ἐκπορεύεται,
1819 1709 1916 1763 καὶ

323 1811 394 1863 ὲκ
433 1809 527 1862 τοῦ
566 1807 723 1879 ἐμοῦ,
761 1808 926 1878 φησὶν
961 1809 988 1860 6
1014 1805 1252 1876 Κύριος,
1287 1803 1516 1874 λήψεται
1542 1841 1558 1866 ,
1599 1801 1662 1856 ὃν
1709 1799 1916 1873 τρόπον

2019 619 2113 663 aut
2143 625 2246 680 quo
2297 609 2507 664 vadit’.
2567 607 2736 663 Item:
2777 605 2901 663 Nisi
2929 607 3093 679 geniti
3128 605 3338 675 fueritis
3376 620 3442 660 ea:
3470 620 3611 675 aqua

2017 713 2066 758 et
2083 703 2290 774 Spiritu
2313 704 2353 757 ³.
2403 701 2503 758 Cui
2530 711 2958 758 consentaneum
2989 701 3117 756 illud
3141 708 3226 757 est
3248 699 3436 757 Pauli:
3464 697 3610 754 Nam

2017 796 2072 848 in
2119 795 2331 851 Christo
2384 793 2516 850 Jesu
2562 811 2656 865 ego
2692 796 2850 866 genui
2887 811 2977 849 vos
3000 793 3042 847 ⁸.
3078 793 3151 850 De
3180 793 3371 849 eodem
3402 791 3608 863 Spiritu

2019 887 2282 944 Dominus
2308 889 2381 942 ita
2409 887 2688 958 loquitur:
2721 886 2856 942 Cum
2879 887 3074 942 venerit
3099 885 3437 948 Paractetus,
3455 901 3610 954 quem

2016 997 2110 1052 ego
2138 983 2343 1036 mittam
2373 981 2540 1044 vobis,
2569 979 2804 1048 Spiritus
2832 969 3073 1035 ueritatis
3107 981 3198 1051 qui
3231 996 3262 1033 a
3295 978 3459 1032 Patre
3487 993 3612 1046 pro-

2017 1073 2175 1139 cedit,
2211 1074 2302 1129 ille
2347 1074 2706 1128 testimonium
2769 1072 3057 1142 perhibebit
3102 1072 3163 1127 de
3219 1089 3299 1127 me
3321 1074 3368 1127 '.
3431 1072 3606 1125 Item:

2018 1167 2204 1221 Adhuc
2227 1169 2399 1222 multa
2442 1166 2605 1222 habeo
2636 1167 2861 1222 dicenda
2895 1181 2915 1220 :
2948 1167 3040 1222 sed
3087 1183 3190 1222 non
3219 1167 3438 1238 potestis
3473 1165 3613 1234 ferre

2019 1259 2194 1315 modo.
2224 1258 2358 1314 Cum
2390 1261 2587 1313 venerit
2608 1259 2700 1314 ille
2730 1258 2964 1328 Spiritus
3001 1260 3257 1320 veritatis.
3290 1258 3501 1313 inducet
3520 1271 3610 1311 vos

2018 1351 2072 1404 in
2114 1365 2318 1404 onmem
2352 1351 2643 1404 veritatem.
2699 1347 2822 1402 Non
2864 1349 3005 1402 enim
3050 1349 3294 1418 loquetur
3334 1365 3368 1401 a
3396 1349 3610 1416 seipso;

2018 1445 2109 1498 sed
2141 1459 2462 1515 quwcunque
2489 1442 2670 1496 audiet
2703 1442 2968 1513 loquetur,
3003 1451 3051 1494 et
3087 1451 3304 1496 ventura
3341 1441 3614 1496 nuntiabit

2019 1534 2182 1589 vobis.
2237 1533 2339 1588 Ille
2374 1550 2454 1588 me
2480 1533 2843 1603 ctariﬁcabit;
2889 1534 3014 1604 quia
3041 1535 3106 1588 de
3137 1550 3253 1589 meo
3287 1535 3528 1604 accipiet,
3557 1545 3610 1590 et

2018 1627 2162 1683 vobis
2187 1628 2369 1681 omnia
2395 1627 2663 1681 nuntiabit
2688 1627 2730 1683 ‘.

2092 1711 2161 1768 Χ.
2201 1714 2395 1785 Igitur,
2437 1713 2484 1770 si
2535 1728 2566 1768 a
2595 1712 2760 1770 Patre
2817 1713 3136 1784 procedit’,
3177 1723 3234 1771 et
3262 1715 3331 1771 de
3363 1730 3506 1779 meo,
3537 1715 3614 1771 alt

2020 1801 2311 1868 Dominus,
2352 1805 2552 1876 accipit
2567 1806 2614 1870 ³,
2637 1805 3098 1876 quemadmodum
3144 1804 3314 1861 Nemo
3344 1809 3484 1862 novit
3505 1806 3615 1863 Pa-

327 1901 544 1967 Οὐδείς
571 1900 724 1970 ἔγνω
757 1900 866 1953 τὸν
901 1897 1155 1966 Πατέρα,
1195 1897 1244 1950 εί
1272 1895 1357 1966 μὴ
1391 1897 1424 1950 ὀ
1460 1894 1610 1960 Υἱὸς,
1645 1891 1788 1947 οὐδὲ
1809 1891 1920 1946 τὸν

2032 1904 2155 1951 trem
2207 1897 2312 1950 nisi
2355 1894 2556 1963 Filius,
2608 1913 2773 1968 neque
2808 1895 3011 1952 Filium
3046 1899 3152 1953 nisi
3187 1897 3395 1954 Pater'
3444 1917 3458 1954 :
3541 1899 3615 1955 ita

331 1993 498 2055 raw,
526 1995 578 2045 el
632 1991 713 2058 μὴ
765 1993 798 2044 ὀ
851 1988 1085 2058 Πατήρο
1127 1987 1299 2050 οὕτως
1349 1982 1592 2057 τολμῶσι
1643 1983 1828 2052 λέγειν
1859 1983 1916 2016 ί·

320 2084 450 2136 οὐδὲ
493 2082 554 2138 τὸ
586 2081 811 2152 Πνεῦμα
837 2083 885 2134 εί
928 2081 1002 2153 μὴ
1041 2083 1070 2135 6
1096 2081 1226 2145 Υἱὸς
1255 2080 1315 2146 ἐξ
1342 2074 1404 2135 οῦ
1432 2079 1702 2151 λαμϐάνει
1721 2119 1738 2144 ,
1771 2067 1920 2133 stat/6

323 2177 525 2248 Πατὴρ
550 2178 681 2244 παρ’
720 2169 780 2229 οῦ
809 2173 1170 2246 ἐκπορεύεται
1189 2191 1203 2205 ο
1236 2173 1332 2228 καὶ
1363 2173 1484 2228 οὐδὲ
1514 2171 1608 2226 τὸν
1639 2171 1791 2236 Υίὺν,
1823 2171 1922 2224 κα)⁸

322 2268 420 2322 τὸν
454 2270 672 2340 Πατέρα
693 2307 707 2331 ,
753 2270 800 2320 εἰ
834 2268 907 2338 μὴ
938 2268 1000 2321 τὸ
1029 2265 1253 2336 Πνεῦμα
1280 2266 1342 2318 τὸ
1375 2265 1530 2335 ἅγιον
1556 2303 1571 2329 ,
1604 2264 1665 2318 τὸ
1699 2261 1921 2330 δοξάζον

324 2361 577 2433 ἀληθῶς,
621 2361 682 2415 τὸ
723 2360 973 2415 διδάσκον
1017 2359 1089 2414 τὰ
1127 2360 1340 2423 πάντα,
1393 2358 1455 2412 τὸ
1507 2354 1820 2430 μαρτυροῦν
1851 2356 1921 2409 τὰ

324 2457 462 2527 περὶ
492 2454 586 2508 τοῦ
617 2453 748 2508 Υίοῦ
777 2497 791 2520 ,
821 2453 851 2508 6
883 2454 1032 2527 παρὰ
1069 2453 1164 2506 τοῦ
1199 2454 1443 2525 Πατρὸς,
1480 2453 1510 2506 ὃ
1541 2455 1605 2506 ὲκ
1643 2451 1738 2506 τοῦ
1764 2451 1916 2515 Υίοῦ,

327 2549 496 2620 μόνος
545 2546 740 2619 ὁδηγὸς
801 2547 1058 2618 ἀληθείας
1096 2564 1110 2580 ο
1169 2548 1351 2619 νόμιον
1402 2544 1675 2617 ἐξηγητὴς
1727 2545 1920 2613 ἁγίων,

327 2638 706 2710 πνευματικοῦ
761 2642 928 2709 νόμου
981 2639 1297 2710 ὑφηγητὴς,
1331 2637 1627 2711 προφητῶν
1677 2635 1924 2708 καθηγη-

324 2732 463 2804 τὴς,
490 2731 801 2786 ἀποστόλων
836 2731 1190 2796 διδάσκαλος,
1225 2729 1596 2800 εὐαηελικῶν
1636 2729 1924 2800 δογμάτων

328 2823 562 2895 φωστὴρ
587 2864 601 2889 ,
639 2823 808 2890 ἁγίων
839 2823 1096 2892 ἑκλογεὺς
1116 2864 1130 2887 ,
1179 2822 1295 2892 φῶς
1324 2822 1386 2875 τὸ
1415 2819 1670 2892 ἀληθινὸν
1706 2819 1765 2885 ἑξ
1790 2820 1924 2889 ἀληο

330 2911 485 2966 Οινοῦ
525 2913 723 2982 φωτός.
759 2912 888 2976 Υἱὸς
914 2912 1144 2982 φυσικὸς
1166 2950 1181 2974 ,
1213 2912 1342 2974 Υἱὸς
1368 2910 1574 2980 ἀληθὴς
1595 2951 1608 2973 ,
1640 2910 1768 2973 Υἱὸς
1789 2911 1924 2981 γνή-

333 3021 488 3067 σιος.
535 3003 696 3074 μόνος
745 3004 810 3055 ὲκ
845 3002 1040 3074 μόνου,
1081 3005 1178 3056 σὺν
1230 3001 1382 3073 αὐτῷ
1433 3002 1529 3056 καὶ
1574 3002 1637 3055 τὸ
1675 3000 1922 3072 Πνεῦμα,

332 3097 472 3152 ἀλλὰ
506 3095 730 3164 Πνεῦμα
787 3095 1206 3166 ὀνομαζόμενον.
1250 3090 1418 3160 Οὗτος
1475 3096 1505 3148 6
1542 3094 1671 3158 Θεὸς
1704 3092 1924 3160 δοξαζό-

338 3204 500 3260 μενος
529 3187 587 3240 ὲν
624 3185 924 3256 Ἐκκλησία
948 3201 960 3216 ’
989 3187 1180 3258 Πατὴρ
1208 3185 1314 3248 ἀεὶ,
1343 3185 1469 3247 Υἱὸς
1497 3184 1604 3249 ἀεὶ,
1633 3184 1730 3238 καὶ
1756 3183 1926 3236 Πνεῦ-

340 3297 420 3351 μα
447 3278 602 3346 ἆγιον
632 3278 756 3340 ἀεὶ,
809 3276 1012 3348 ὑψηλὸς
1045 3275 1252 3347 ὑψηλοῦ
1293 3278 1388 3330 καὶ
1434 3274 1692 3346 ὕψιστος,
1733 3273 1927 3346 γοερὰν

334 3371 496 3436 δόξαν
531 3371 668 3441 ἔχων
699 3371 1042 3442 ἀμέτρητον,
1077 3363 1121 3437 ᾧ
1147 3368 1456 3440 ὑποσέϐηκε
1494 3367 1564 3422 τὰ
1611 3367 1806 3420 κτιστὰ
1836 3367 1930 3420 καὶ

336 3464 412 3518 τὰ
439 3463 638 3534 ποιητὰ
668 3461 816 3527 ἅπαξ
849 3461 1028 3525 Ξιπλῶς
1053 3461 1123 3515 τὰ
1144 3461 1437 3531 σύμπαντα
1468 3457 1811 3532 μετρούμενα
1836 3459 1931 3512 καὶ

339 3555 711 3628 περιεχόμενα
741 3553 967 3608 ἕκαστα.
995 3553 1202 3625 Θεότης
1227 3553 1286 3606 δὲ
1319 3553 1417 3624 μία
1451 3554 1509 3608 ὲν
1559 3554 1784 3607 Μωῦσεϊ
1825 3552 1929 3622 μά-

339 3651 504 3703 λιστα
531 3645 956 3715 καταγγέλλεται
981 3659 994 3672 ⁸
1023 3643 1154 3707 δυὰς
1201 3643 1256 3697 δὲ
1298 3644 1357 3697 ὲν
1387 3644 1695 3715 προφήταις
1726 3642 1934 3713 σφόδρα

341 3739 712 3812 κηρύσσεται·
746 3737 916 3807 Τριὰς
963 3735 1020 3789 δὲ
1071 3737 1128 3791 ὲν
1177 3734 1531 3802 Εὐαγγελίοις
1580 3731 1931 3804 φανεροῦται,

342 3831 530 3886 πλεῖον
559 3828 700 3882 κατὰ
749 3827 974 3898 καιροὺς
1020 3825 1112 3880 καὶ
1146 3825 1338 3892 γενεὰς
1384 3821 1703 3894 ἁρμόζουσα
1747 3820 1826 3892 τῷ
1857 3821 1934 3873 δι·-

341 3922 488 3993 καίῳ
531 3921 610 3983 είς
654 3918 854 3989 γνῶσιν
881 3917 976 3971 καὶ
1003 3917 1204 3971 πίστιν.
1239 3916 1445 3978 Γνῶσις
1473 3914 1530 3968 δὲ
1560 3913 1698 3985 αῦτη
1730 3913 1934 3967 ἀθανα-

345 4011 595 4076 σίας,ὲκ
648 4008 882 4072 πίστεως
948 4007 1004 4060 δὲ
1057 4009 1227 4078 αὐτῆς
1282 4007 1314 4078 ἢ
1379 4005 1650 4070 υἱοθεσίας
1703 4004 1931 4074 γίνεται.

357 4104 525 4160 Ἀλλὰ
577 4103 792 4174 πρῶτον
845 4098 1193 4170 δικαιώματα
1249 4098 1452 4169 σαρκὸς
1503 4097 1812 4171 ἐκφρὰζει,
1860 4096 1938 4159 ὡς

343 4195 635 4266 περίϐολον
661 4193 790 4246 ναοῦ
816 4192 908 4245 τὸν
943 4191 1047 4255 ἔξω
1074 4190 1416 4262 διεγείρουσα
1443 4191 1502 4242 ὲν
1530 4189 1755 4242 Μωῦσεῖ
1779 4205 1792 4218 ·
1823 4187 1938 4240 δεύ-

342 4301 508 4356 τερον
550 4284 606 4337 δὲ
637 4281 979 4353 δικαιώματα
1005 4279 1186 4350 ψυχῆς
1214 4279 1570 4350 ἐκδιηγεῖται,
1594 4278 1671 4341 ὡς
1703 4279 1774 4331 τὰ
1805 4277 1937 4346 ἅγια

345 4375 633 4446 κοσμοῦσα
683 4376 740 4429 ἐν
785 4373 999 4436 λοιπαῖς
1057 4371 1453 4442 προφητείαις·
1509 4369 1692 4442 τρίτον
1725 4368 1939 4422 δικαιώ-

349 4487 499 4542 ματα
536 4467 870 4538 πνεύματος,
898 4466 974 4530 ὡς
1007 4467 1068 4519 τὸ
1097 4466 1408 4535 ἱλαστήριον
1443 4465 1537 4518 καὶ
1563 4463 1632 4518 τὰ
1672 4464 1806 4531 ἆγια
1830 4462 1937 4516 τῶν

2017 1989 2290 2044 Catholici
2307 1989 2492 2044 dicere
2513 1989 2749 2046 audent:
2788 1989 2976 2063 Neque
3000 1990 3268 2062 Spiritum
3291 1992 3442 2047 novit
3462 1990 3616 2062 quis-

2018 2081 2191 2152 piam,
2235 2081 2340 2136 nisi
2369 2078 2562 2144 Filius,
2610 2096 2642 2136 a
2679 2097 2791 2152 quo
2824 2084 3060 2154 accepit,
3106 2093 3162 2139 et
3194 2083 3378 2149 Pater,
3429 2099 3462 2139 a
3501 2099 3616 2156 quo

2019 2174 2308 2247 procedit;
2354 2189 2530 2244 neque
2569 2173 2769 2228 Filium
2812 2184 2868 2230 et
2912 2173 3130 2230 Patrem
3179 2177 3332 2230 novit
3388 2176 3613 2247 aliquis,

2021 2267 2127 2322 nisi
2164 2265 2403 2338 Spiritus
2430 2274 2691 2323 sanctus:
2741 2267 2834 2338 qui
2868 2282 2997 2324 vere
3029 2267 3271 2323 celebrat
3319 2283 3384 2323 ac
3415 2269 3613 2340 praedi-

2021 2369 2138 2412 cat:
2189 2358 2284 2428 qui
2333 2356 2504 2422 docet,
2543 2358 2755 2423 omnia,
2785 2359 2880 2429 qui
2930 2359 3000 2414 de
3048 2358 3188 2414 Filio
3233 2361 3612 2416 testimonium

2021 2452 2178 2516 dicit,
2210 2451 2303 2521 qui
2347 2466 2378 2505 a
2408 2449 2590 2519 Patre,
2619 2452 2714 2522 qui
2745 2467 2776 2508 e
2805 2451 2943 2507 Filio
2975 2454 3246 2525 procedit,
3289 2455 3443 2511 solus
3471 2457 3617 2510 veri-

2023 2543 2153 2599 tatis
2196 2542 2330 2608 dux,
2397 2551 2714 2598 sanctarum
2776 2544 2955 2614 legum
3005 2545 3296 2616 interpres,
3349 2547 3616 2618 spiritalis

2024 2634 2160 2705 legis
2187 2640 2498 2696 enarrator,
2519 2633 2910 2704 prophetarum
2937 2636 3220 2707 magister,
3238 2637 3615 2708 apostolorum

2023 2733 2349 2796 praeceptor,
2392 2724 2837 2795 evangelicorum
2889 2728 3206 2800 dogmatum
3240 2730 3328 2784 tax
3358 2739 3412 2784 et
3440 2730 3616 2794 sidus,

2025 2828 2343 2876 sanctorum
2392 2821 2622 2887 elector,
2677 2834 2866 2875 verum
2903 2819 3088 2876 lumen
3137 2835 3169 2876 e
3217 2835 3350 2876 vero
3389 2821 3618 2877 lumine.

1977 2947 1980 2949 λ
2025 2910 2200 2966 Filius
2245 2913 2517 2970 naturalis
2565 2921 2684 2979 est,
2731 2928 2897 2968 verus
2943 2911 3148 2978 Filius,
3182 2927 3478 2983 germanus
3530 2911 3619 2967 Fi-

2027 3003 2156 3067 lius,
2201 3004 2354 3062 solus
2399 3021 2430 3061 c
2459 3007 2608 3072 solo,
2655 3005 2826 3076 899
2867 3019 3106 3076 quocum
3137 3011 3192 3060 et
3220 3003 3460 3076 Spiritus
3490 3020 3620 3060 san-

2028 3103 2152 3152 ctus
2201 3097 2572 3170 conjungitur,
2617 3099 2710 3168 qui
2739 3095 2978 3167 Spiritus
3027 3099 3249 3168 proprie
3276 3099 3619 3153 nominatur.

2033 3184 2130 3241 llic
2158 3186 2247 3242 ille
2277 3187 2420 3243 Deus
2461 3187 2516 3242 in
2548 3186 2793 3242 Ecclesia
2830 3187 3162 3250 celebratur,
3195 3202 3412 3258 semper
3436 3186 3619 3250 Pater.

2031 3291 2248 3347 semper
2286 3276 2481 3342 Filius,
2530 3293 2748 3348 semper
2779 3277 3019 3348 Spiritus
3067 3289 3316 3346 sanctus,
3366 3279 3623 3335 excelsus

2031 3366 2100 3420 ab
2131 3366 2372 3434 excelso,
2396 3367 2506 3422 imo
2533 3367 2908 3432 celsissimos;
2937 3368 3031 3438 qui
3068 3368 3399 3440 iutelligibili
3423 3370 3618 3440 gloria,

2030 3464 2083 3512 et
2114 3458 2334 3529 quidem
2381 3458 2592 3514 inﬁnita
2627 3457 2891 3529 praeditus
2918 3464 3045 3526 est;
3099 3461 3188 3514 cui
3222 3468 3406 3515 creata
3438 3461 3623 3516 omnia

2034 3550 2289 3620 factaque
2327 3559 2457 3606 sunt
2501 3551 2731 3606 omnino
2762 3551 3032 3621 subjecta,
3068 3568 3192 3623 qua:
3219 3552 3444 3623 quidem
3472 3564 3624 3610 certa

2033 3657 2314 3708 mensura,
2341 3658 2405 3697 ac
2429 3641 2946 3714 circumscriptione
2966 3643 3327 3700 definiuntur.
3351 3644 3623 3700 Cancrum

2034 3733 2292 3789 divinitas
2332 3749 2440 3788 una
2482 3733 2629 3805 apud
2665 3733 2888 3806 Moysen
2940 3737 3213 3807 praecipue
3248 3737 3623 3808 praedicatur:

2034 3826 2284 3882 hinarius
2314 3827 2369 3882 iu
2403 3827 2686 3897 prophetis
2720 3828 3038 3899 diligentius
3075 3829 3383 3885 nuntiatur.
3443 3828 3626 3884 Trini-

2037 3927 2125 3976 tas
2159 3934 2287 3975 vero
2335 3919 2391 3974 in
2442 3919 2755 3990 Evangeliis
2801 3921 3136 3988 ostenditur,
3170 3937 3292 3994 quae
3342 3938 3442 3994 per
3490 3933 3628 3978 tem—

2037 4026 2171 4080 pora
2204 4013 2697 4084 generationcsque
2739 4014 2988 4084 singulas
3029 4015 3181 4084 justo
3222 4014 3290 4069 ad
3335 4015 3623 4072 scientiam

2039 4102 2309 4173 ﬁdemque
2334 4105 2569 4174 amplius
2600 4107 2944 4163 conveniret.
2999 4106 3074 4162 Ea
3105 4122 3273 4178 porro
3300 4107 3628 4163 immortali-

2039 4194 2170 4249 tatis
2200 4195 2428 4252 scientia
2456 4211 2522 4251 ex
2566 4196 2670 4252 tide
2706 4199 2848 4268 ipsa,
2895 4198 2977 4254 vel
3017 4198 3310 4269 adoptione
3354 4199 3624 4256 nascitur.

2042 4285 2148 4342 Sed
2204 4287 2443 4356 primum
2494 4289 2921 4359 justiﬁcationes
2979 4291 3167 4344 carnis
3214 4290 3417 4355 edicit,
3482 4291 3627 4345 velut

2041 4379 2223 4450 templi
2264 4379 2538 4449 quoddam
2589 4382 2834 4438 exterius
2888 4390 3102 4451 septum
3145 4383 3199 4436 in
3232 4381 3419 4454 Moyse
3461 4381 3629 4437 fabri-

2041 4485 2197 4525 cans.
2253 4469 2447 4527 Postea
2488 4487 2618 4527 vero
2662 4473 2859 4528 animae
2900 4473 3330 4542 justiﬁcationes
3376 4473 3624 4544 exponit,

347 4563 525 4630 ἁγίων
573 4559 909 4631 ῥυθμίζουσα
950 4559 1008 4610 ὲν
1044 4554 1399 4626 Εὐαγγελίοις
1489 4555 1624 4627 πρὸς
1673 4556 1926 4625 κατοίκη-

2041 4570 2302 4633 tanquam
2343 4571 2532 4619 snncta
2574 4565 2822 4634 quaedam
2873 4565 3016 4636 apud
3062 4575 3292 4621 caeteros
3333 4565 3627 4636 prophetas

348 4675 437 4710 σιν
472 4654 688 4723 ἑαυτῆς.
726 4651 938 4724 Σκηνὴν
985 4651 1041 4704 δὲ
1072 4649 1268 4719 ἁγίαν,
1305 4650 1432 4702 λαὸν
1483 4648 1676 4719 ἅγιον,
1720 4649 1812 4702 τὸν
1863 4649 1934 4701 δίί

346 4765 508 4800 καιον
540 4745 653 4816 ἔχει
717 4745 876 4816 μόνον
918 4743 1010 4797 τὸν
1042 4742 1268 4797 συνόντα
1309 4741 1538 4805 τούτοις.
1582 4742 1843 4796 Κατοικεῖ
1881 4740 1939 4794 δὲ

347 4838 414 4891 ἐν
451 4836 597 4907 αὐτῷ
651 4836 747 4906 μία
787 4835 977 4906 θεότης
1017 4834 1320 4906 ἄφθαρτος,
1376 4832 1473 4903 μία
1513 4833 1704 4904 θεότης
1746 4833 1939 4903 ἁπεριη

346 4933 542 5000 νόητος
573 4969 587 4994 ,
658 4929 1042 4999 ἀκατάληπτος
1070 4969 1083 4990 ,
1147 4927 1542 4999 ἀνεκδιήγητος
1581 4967 1594 4991 ,
1671 4927 1933 4998 ἀόρατος,

347 5023 553 5092 ἑαυτὴν
593 5021 935 5092 γινιῦσκουσα
977 5021 1110 5092 μόνη
1138 5060 1151 5082 ,
1207 5021 1407 5091 ἑαυτὴν
1455 5019 1828 5090 ἐμφανίζουσα
1857 5015 1936 5082 οἷς

348 5115 604 5187 βούλεται
631 5156 646 5182 ,
680 5116 962 5188 μάρτυρας
1014 5113 1213 5182 ἑαυτῆς
1244 5113 1586 5185 διεγείρουσα
1609 5151 1624 5174 ,
1679 5109 1935 5174 καλοῦσα,

347 5208 738 5280 προορίζουσα,
767 5207 1084 5272 δοξάζουσα,
1113 5205 1171 5271 ἐξ
1196 5205 1322 5277 ᾷδου
1353 5205 1583 5274 ῦψοῦσα,
1615 5204 1936 5272 ἁγιάζουσα,

347 5299 675 5353 {vorato-36a
705 5299 865 5352 πάλιν
905 5299 1039 5369 πρὸς
1067 5299 1164 5369 τὴν
1198 5297 1396 5367 ἑαυτῆς
1437 5295 1594 5360 δόξαν
1624 5295 1718 5348 καὶ
1756 5295 1938 5348 πίστιν

344 5390 422 5444 τὰ
448 5392 573 5462 τρία
606 5391 800 5454 ταῦτα,
835 5393 1153 5461 ἐπουράνια,
1185 5391 1279 5443 καὶ
1313 5389 1552 5458 ἐπίγεια,
1586 5387 1936 5459 καταχθόνια·

344 5478 571 5548 πνεῦμα
591 5521 606 5541 ,
636 5480 843 5550 ψυχὴν,
894 5481 1073 5552 σάρκα
1092 5522 1106 5538 .
1152 5481 1335 5534 πίστιν
1361 5521 1375 5544 ,
1413 5479 1605 5533 ἐλπίδα
1631 5519 1645 5540 ,
1684 5480 1936 5550 ἀγάπηνο

346 5569 712 5642 παρελθόντα,
753 5571 964 5625 ἑστῶτα
987 5613 1001 5638 ,
1041 5572 1324 5642 μέλλοντα,
1354 5571 1524 5626 αἰῶνα
1554 5571 1750 5636 αἰῶνος
1771 5613 1786 5638 ,
1811 5572 1941 5627 αἰῶ-

428 5767 443 5796 ¹
490 5765 759 5840 τολμῶ
799 5770 1100 5840 συλλέγειν.
1222 5773 1244 5840 ?
1283 5768 1444 5825 Joan.
1485 5787 1568 5834 ιιι,
1605 5771 1658 5826 8.

347 5835 542 5895 1214.
621 5839 639 5870 ⁷
676 5835 835 5897 Joan.
864 5835 1064 5908 “.96.
1144 5841 1164 5873 '
1202 5839 1497 5909 Joau.xv1,
1534 5843 1622 5909 14,
1654 5842 1738 5896 ii).

1765 5770 1785 5804 ³
1825 5771 1957 5827 ibid.
1989 5774 2023 5827 5

1815 5841 1838 5873 ’
1879 5843 2071 5903 Matth.
2107 5846 2289 5914 XI,‘27.

2045 4669 2340 4710 exornans.
2394 4654 2583 4710 Tertio
2629 4657 2866 4728 denique
2895 4657 3320 4729 iustiﬁcationes
3373 4658 3624 4727 spiritus.

2045 4747 2202 4815 quasi
2229 4747 2668 4818 pr0pitiatorium
2702 4757 2756 4804 et
2809 4757 3003 4807 sancta
3030 4759 3348 4805 sanctorum
3379 4749 3433 4803 in
3463 4748 3632 4803 Evau~
3691 4760 3704 4766 ’

2043 4836 2202 4906 geliis
2228 4836 2294 4891 ad
2330 4837 2413 4892 sui
2439 4837 2773 4894 domicilium
2808 4841 3112 4897 instruens.
3148 4841 3219 4893 At
3248 4840 3424 4894 sancti
3453 4841 3632 4895 laber-

2045 4930 2228 4984 naculi
2267 4930 2410 4996 loco,
2441 4931 2731 5002 sanctique
2767 4934 2973 5004 populi,
3000 4933 3212 5003 justum
3242 4933 3407 4990 habet
3438 4951 3630 4998 unum,

2045 5022 2137 5091 qui
2165 5021 2218 5076 in
2246 5022 2366 5078 istis
2396 5033 2667 5079 versatur.
2725 5025 2781 5080 In
2810 5027 2897 5082 his
2929 5042 3058 5082 vero
3079 5043 3187 5081 una
3215 5027 3391 5084 deitas
3419 5028 3633 5083 habitat

2044 5113 2384 5185 incorrupta,
2442 5130 2553 5170 una
2615 5117 2817 5182 dcitas,
2853 5134 2976 5187 qua:
3017 5121 3352 5191 cogitatione
3417 5121 3632 5190 concipi

2043 5206 2527 5275 comprehendive,
2552 5209 2636 5264 vel
2666 5209 2950 5280 explicari,
2978 5223 3072 5265 aut
3101 5211 3271 5268 videri
3302 5227 3410 5267 non
3435 5221 3633 5284 potest,

2045 5313 2167 5368 quae
2195 5300 2431 5370 seipsam
2466 5301 2581 5356 sola
2616 5304 2922 5374 cognoscit,
2955 5313 3008 5360 et
3037 5305 3241 5376 quibus
3273 5307 3508 5362 voluerit
3538 5321 3633 5376 pa-

2047 5387 2258 5444 tefacit.
2306 5389 2507 5446 Eadem
2545 5400 2714 5448 testes
2745 5408 2877 5450 suos
2908 5395 3132 5460 excitat,
3163 5403 3348 5461 vocat,
3378 5403 3506 5450 ante
3532 5395 3632 5451 de-

2047 5483 2234 5548 stinat,
2267 5483 2432 5539 allicit
2466 5486 2663 5557 gloria,
2715 5487 2783 5542 ab
2826 5488 3020 5544 inferis
3051 5489 3252 5552 evehit,
3302 5487 3632 5550 sanctiﬁcat,

2046 5583 2101 5631 et
2136 5575 2204 5630 ad
2255 5577 2484 5649 gloriam
2528 5578 2800 5651 iidemque
2847 5596 3004 5636 suam
3052 5581 3153 5636 tria
3209 5580 3324 5634 haec
3375 5579 3431 5635 in
3463 5595 3634 5635 unum

2141 5774 2162 5807 ⁵
2201 5775 2374 5848 lCor.
2408 5793 2482 5848 tv,
2515 5780 2600 5837 l5.
2698 5783 2719 5814 ⁵
2757 5780 2918 5837 Joan.
2952 5796 3045 5846 xv,
3077 5779 3168 5835 ‘26.
3247 5779 3268 5812 ⁸
3304 5777 3465 5835 Joan.
3525 5790 3640 5846 am,
