3988 6466
460 401 562 460 £95

1870 405 1929 462 S.
1969 404 2308 463 EPIPHANII
3579 423 3666 481 ηε

460 524 608 593 cogit
639 537 700 577 ac
731 523 1011 578 consociat
1045 542 1056 579 :
1094 525 1358 589 cmlestia.
1383 533 1625 588 terrena,
1656 524 2049 592 subterranea;

2171 541 2255 586 va;
2285 521 2513 590 αἰώνων,
2550 522 2809 605 σάϐϐατα
2845 524 3152 591 σαϐϐάτων,
3186 531 3461 603 περιτομὴν
3485 538 3669 605 σαρκὸς,
3696 592 3704 600 ι

348 632 361 643 κ
462 617 739 685 spiritum,
797 616 1035 671 animam.
1122 628 1285 689 atque
1324 633 1588 685 carnem;
1639 618 1823 685 ﬁdem,
1870 634 2045 690 spem,

461 708 817 773 rharitatcm;
867 709 1164 779 praeterita,
1194 711 1505 781 praesentia,
1532 710 1753 776 futura;
1786 710 2045 767 sarculum

461 799 670 865 saeculi,
720 800 921 855 sarcula
964 802 1318 881 saeculorum,
1374 803 1603 861 sabbata
1657 801 2045 865 sabbatorum;

460 888 937 948 circumcisionem
997 896 1219 956 carnis.
1294 894 1772 951 circumcisionem
1835 895 2044 958 cordis,

461 984 944 1041 circumcisionem
984 986 1192 1042 Christi
1258 986 1312 1040 in
1360 986 1758 1055 exspoliatione
1803 984 2053 1055 corporis

461 1078 865 1145 peccatorum‘.
892 1076 1139 1149 Denique
1159 1078 1484 1148 sibimetipsi
1497 1079 1751 1134 universa
1770 1082 2047 1147 repurgat,

466 1176 574 1220 tam
616 1183 740 1238 quae
772 1167 945 1224 videri
986 1180 1290 1240 nequeunt,
1329 1186 1494 1241 quam
1543 1186 1666 1242 qua:
1697 1169 2053 1243 aspectabilia

465 1266 616 1324 sunt,
652 1252 905 1325 tbrono's,
953 1261 1376 1330 dominationes,
1416 1266 1778 1336 principatus,
1810 1269 2054 1335 potesta-

466 1358 570 1417 tes,
606 1352 856 1409 virtutes.
911 1354 971 1409 ln
1017 1355 1272 1411 omnibus
1302 1370 1430 1412 vero
1466 1356 1655 1411 eadem
1698 1354 1967 1426 sapientia
1997 1360 2054 1408 et

466 1454 653 1498 sancta
704 1462 810 1501 vox
856 1461 891 1500 a
934 1447 1108 1518 gloria
1147 1448 1204 1503 in
1240 1449 1469 1518 gloriam
1520 1447 1775 1514 Sanctus,
1813 1455 2053 1511 sanctus,

2159 616 2461 688 περιτομὴν
2503 616 2751 686 καρδίας,
2794 618 3096 691 περιτομὴν
3143 621 3366 692 Χριστοῦ
3405 626 3457 677 ἐν
3492 629 3550 698 τῇ
3587 630 3673 682 ἀπ-

2162 709 2374 763 εκδύσει
2412 709 2504 763 τοῦ
2534 708 2789 780 σώματος
2824 709 2937 766 τῶν
2971 713 3278 784 ἁμαρτιῶν·
3307 715 3512 770 καθόλου
3539 718 3676 773 καθα-

2167 804 2373 873 ροποιεί
2420 802 2588 873 ἑαυτῇ
2623 801 2801 857 πάντα
2840 800 2912 856 τὰ
2938 802 3153 874 ἀόρατα
3187 805 3279 859 καὶ
3302 804 3365 859 τὰ
3388 805 3554 876 ὁρατὰ,
3579 810 3681 881 ope.

2163 911 2309 958 νους,
2351 895 2714 967 κυριότητας,
2740 897 2952 967 ἀρχὰς,
2998 897 3274 963 ἐξουσίας,
3322 899 3566 970 δυνάμεις.
3610 903 3681 955 Ἐν

2163 988 2304 1040 πᾶσι
2343 987 2401 1040 δὲ
2443 989 2479 1058 ἡ
2516 988 2654 1061 αὐτὴ
2698 989 2864 1059 σοφία
2907 990 3000 1044 καὶ
3048 988 3202 1061 φωνὴ
3244 991 3388 1058 ἁγία,
3421 992 3518 1045 ἀπὸ
3554 992 3685 1064 δόξης

2163 1083 2242 1145 εἰς
2283 1079 2461 1147 δόξαν,
2505 1083 2726 1152 Ἄγιος,
2771 1082 2959 1153 ἅγιος,
2998 1082 3167 1152 ἅγιος
3206 1082 3468 1152 φωνοῦσα,
3505 1083 3687 1154 Πατέρα

2163 1176 2224 1228 ὲν
2260 1175 2395 1241 Υίῶ,
2442 1176 2571 1231 Υίὸν
2615 1175 2675 1229 δὲ
2721 1177 2781 1229 ἐν
2824 1175 3001 1247 Πατρὶ
3036 1176 3138 1230 σὺν
3172 1174 3310 1247 ἁγίῳ
3354 1175 3624 1245 Πνεῦματιι
3652 1169 3689 1243 ᾧ

2165 1268 2200 1338 ἡ
2228 1266 2356 1333 δόξα
2393 1269 2488 1322 καὶ
2533 1268 2595 1321 τὸ
2621 1268 2822 1337 κράτος
2846 1269 2928 1331 είς
2958 1268 3086 1332 τοὺς
3121 1268 3321 1332 αἰῶνας
3356 1266 3459 1322 τῶν
3492 1264 3689 1321 αίώνων.

2178 1359 2372 1429 Ἀμήν.
2426 1359 2544 1412 Καὶ
2591 1360 2708 1430 ἐρεῖ
2753 1361 2784 1413 ό
2831 1358 2974 1415 οὕτω
3022 1358 3326 1414 πιστεύωνσ
3370 1357 3583 1426 Γένοιτο,
3617 1357 3693 1427 γὲ-

2169 1452 2340 1507 νοιτοι
2405 1439 2422 1452 ’

465 1549 684 1593 sanctus
726 1542 747 1572 ³
778 1542 1118 1606 exclamans,
1150 1556 1215 1596 ac
1244 1540 1464 1599 Patrem
1497 1542 1554 1597 in
1590 1541 1751 1606 Filio,
1785 1540 1982 1596 Filium
2020 1538 2077 1593 in
2125 1536 2287 1600 Patre
2318 1557 2444 1599 cum
2475 1541 2683 1613 Spiritu
2728 1550 2925 1600 sancto
2964 1541 3273 1615 pradicans
3303 1558 3320 1601 :
3354 1541 3441 1599 cui
3472 1539 3627 1614 gloria
3654 1546 3701 1596 et

465 1629 752 1696 imperium
789 1630 844 1684 in
889 1631 1090 1686 saecula
1123 1632 1471 1689 saeculorum.
1504 1633 1700 1688 Amen.
1730 1631 1798 1686 Et
1825 1632 1974 1687 dicet
1999 1628 2093 1699 qui
2122 1628 2199 1688 ita
2234 1634 2448 1690 credit:
2484 1633 2624 1701 Fiat,
2657 1634 2770 1689 ﬂat.

536 1718 818 1776 Hactenus
843 1736 913 1777 ex
939 1722 1230 1779 Aucorato.

2239 1724 2603 1798 Πεπλήρωται
2627 1726 2698 1781 τὰ
2723 1725 2821 1781 τοῦ
2856 1725 3240 1797 Ἀτιευριοτοῦ.

535 1813 701 1884 900
733 1811 827 1867 XI.
858 1812 985 1869 Haec
1014 1826 1166 1879 sunt,
1198 1830 1321 1886 qua:
1358 1815 1428 1871 de
1464 1815 1569 1872 ﬁde
1603 1814 1783 1870 Patris
1816 1828 1881 1869 ac
1932 1812 2057 1867 Filii

2240 1821 2341 1874 lA'.
2371 1819 2487 1875 Καὶ
2508 1817 2685 1873 ταῦτα
2713 1819 2820 1890 μόν
2838 1817 3008 1882 ἔστιν,
3034 1817 3073 1873 ἃ
3103 1818 3207 1890 ἠδη
3242 1816 3367 1889 περὶ
3389 1814 3485 1886 τῆς
3509 1813 3707 1875 πίστεως

469 1916 527 1962 et
552 1904 802 1976 Spiritus
828 1907 1005 1961 sancti
1028 1906 1235 1977 scripta
1259 1907 1562 1979 quondam,
1590 1916 1646 1964 et
1674 1921 1772 1978 pro
1795 1906 2061 1962 tenuitate

468 1998 662 2051 nostra
696 1994 996 2063 declarata,
1032 1996 1272 2051 breviter
1310 1998 1494 2053 denuo
1528 1997 1632 2052 hoc
1660 1997 1785 2052 loco
1814 2002 2063 2064 repetere

469 2090 772 2145 voluimus.
809 2088 970 2144 Nunc
1000 2089 1070 2144 ad
1101 2090 1263 2144 vitam
1298 2098 1549 2145 nostram
1589 2087 1949 2147 asserendam
1993 2100 2060 2144 ac

472 2180 942 2237 corroborandam
992 2182 1098 2236 alia
1150 2183 1398 2255 quaedam
1446 2182 1764 2239 testimonia
1803 2181 1893 2253 pie
1932 2194 2064 2250 pro.

472 2272 638 2335 ferre,
683 2280 738 2328 et
783 2288 853 2327 ex
900 2282 1048 2329 recta
1102 2274 1319 2330 ratione
1367 2275 1625 2346 religiose
1657 2272 1727 2330 de
1767 2270 2063 2329 divinitate

473 2366 678 2420 sentire
699 2380 1010 2437 pergemus.
1042 2364 1260 2421 Etenim
1282 2365 1540 2437 pluribus
1572 2365 1842 2422 hactenus
1864 2371 2059 2419 aucto-

475 2454 949 2524 ritatibus‘pal‘am
992 2453 1127 2509 illud
1158 2463 1244 2510 est
1280 2452 1510 2520 factum,
1551 2451 1906 2524 Unigenitum
1935 2463 2062 2505 cum

474 2546 639 2601 Patre
679 2547 843 2603 simul
888 2546 1146 2603 universa
1194 2546 1409 2613 moliri;
1459 2553 1517 2601 et
1540 2544 1772 2616 equalia
1800 2542 2066 2614 perlicere

477 2643 532 2695 in
562 2642 819 2696 omnibus
863 2656 929 2696 ac
966 2640 1174 2711 largiri,
1200 2647 1388 2711 utpote
1416 2639 1512 2709 qui
1540 2638 1611 2695 ab
1639 2638 1760 2708 ipso
1784 2634 2064 2708 procedat.

479 2747 580 2787 nec
611 2748 639 2785 a
673 2740 898 2802 paterna
931 2732 1135 2786 virtute
1166 2718 1248 2785 ac
1286 2729 1576 2785 divinitate
1624 2728 1927 2803 discrepet,
1966 2725 2064 2782 scd

477 2820 726 2889 ejusdem
756 2824 972 2876 sitcum
998 2819 1157 2875 Patre
1177 2819 1520 2876 substantiae.
1555 2817 1742 2888 Neque
1761 2832 1895 2873 vero
1915 2815 2069 2873 solus

482 2911 677 2974 Filius,
708 2913 803 2968 sed
822 2920 876 2968 et
894 2911 1134 2983 Spiritus
1156 2919 1387 2967 sanctus
1409 2913 1463 2966 in
1497 2910 1692 2982 agendi
1725 2906 2069 2964 communio-

481 3020 606 3060 nem
638 3019 763 3058 cum
793 3004 956 3060 Patre
988 3003 1238 3075 Filioque
1268 3004 1439 3069 venit,
1466 3009 1524 3058 et
1569 3000 1798 3072 aequalia
1825 3005 2067 3070 praestat,

2161 1900 2376 1977 Πατρὺς
2398 1945 2415 1972 ,
2449 1906 2545 1960 καὶ
2584 1905 2737 1971 Υίοῦ,
2764 1907 2861 1962 καὶ
2883 1905 3041 1976 ἁγίου
3073 1905 3389 1978 Πνεῦματος
3414 1903 3698 1976 γράφοντες,

2160 1998 2304 2054 κατὰ
2351 1999 2415 2053 τὸ
2460 1998 2798 2072 βραχύτατον
2835 1999 2998 2072 ἡμῶν
3026 1999 3127 2072 τῆς
3158 1999 3504 2072 μετριότητος
3532 1996 3703 2066 ἐξηγηο

2163 2086 2379 2161 σαμεθα
2402 2129 2419 2155 ,
2455 2090 2552 2144 καὶ
2580 2091 2673 2146 ’ἐκ
2721 2090 2832 2146 τῶν
2886 2089 3312 2164 προρρηθέντων
3368 2086 3703 2161 παρεθέμεθα.

2165 2180 2290 2236 Ἔτι
2322 2180 2381 2235 δὲ
2412 2182 2782 2254 ἐπιμενοῦμεν
2816 2185 2897 2248 τίς
2936 2182 3199 2237 σύστασιν
3224 2183 3325 2253 τῆς
3347 2178 3543 2236 ἑαυτῶν
3565 2178 3704 2245 ζωῆς,

2164 2274 2405 2340 εὐσεϐῶς
2466 2276 2773 2350 μαρτυρίας
2834 2277 3135 2348 φέροντες,
3193 2276 3291 2330 καὶ
3347 2275 3405 2342 ἐξ
3452 2271 3597 2348 ὀρθοῦ
3632 2270 3711 2324 λο-

2164 2363 2369 2436 γισμοῦ
2400 2365 2646 2430 εὐσεϐῶς
2678 2367 2810 2437 περὶ
2836 2366 3089 2437 θεότητος
3125 2365 3588 2438 διαλαμϐάνοντες.
3609 2362 3713 2413 Ὅτι

2169 2455 2267 2527 μὲν
2293 2455 2403 2529 γὰρ
2447 2457 2507 2510 ἐν
2535 2458 2651 2520 τοῖς
2689 2457 2796 2512 ὑπὸ
2834 2457 3026 2512 τούτου
3069 2456 3369 2529 ἀπεδείχθη
3416 2455 3502 2510 διὰ
3535 2449 3714 2507 πολλῶν

2169 2546 2486 2619 μαρτυριῶν
2513 2548 2546 2600 ὁ
2581 2548 2894 2620 Μονογενὴς
2919 2548 3293 2620 συμπράττων
3317 2548 3397 2620 τῷ
3428 2546 3607 2616 “arpi,
3635 2541 3715 2596 καὶ

2165 2638 2235 2692 τὰ
2288 2637 2379 2692 ῐσα
2410 2638 2469 2693 ὲν
2506 2637 2683 2693 ἅπασι
2728 2639 2950 2694 τελειῶν
2979 2641 3076 2694 καὶ
3132 2638 3522 2712 χαριζόμενος,
3559 2634 3627 2697 ὡς
3666 2629 3717 2696 ti

2166 2729 2335 2786 αὐτοῦ
2366 2729 2466 2794 ὢν,
2498 2731 2595 2786 καὶ
2618 2732 2720 2787 οὐκ
2745 2731 2957 2797 ἀλλοῖος
2995 2730 3150 2805 παρὰ
3174 2732 3278 2805 τὴν
3305 2730 3401 2787 τοῦ
3432 2726 3628 2802 Πατρδς
3645 2722 3717 2779 δύ-

2167 2839 2334 2894 ναμιν
2358 2823 2454 2876 καὶ
2486 2822 2716 2896 θεότητα
2739 2863 2755 2886 ,
2785 2824 2923 2879 ἀλλὰ
2948 2824 3238 2896 δμοούσιος
3272 2824 3444 2896 Πατρί
3465 2839 3478 2854 ο
3501 2823 3556 2876 οὐ
3585 2819 3720 2893 μόνον

2168 2913 2226 2968 δὲ
2263 2916 2293 2968 ὁ
2316 2913 2446 2978 Υίδς
2468 2953 2484 2979 ,
2515 2913 2655 2970 ἀλλὰ
2695 2915 2790 2970 καὶ
2838 2914 2902 2969 τὸ
2947 2915 3104 2986 ἆγιον
3141 2915 3372 2987 Πνεῦμα
3399 2910 3723 2985 συμπράττον

2170 3004 2287 3074 Υίῷ
2320 3004 2416 3059 καὶ
2446 3005 2659 3077 [lat-pl,
2695 3004 2887 3060 καὶτὰ
2917 3004 3010 3061 ῐσα
3066 3004 3437 3079 ἐργαζόμενον
3482 2999 3726 3073 δωροόμιο

482 3111 584 3166 pro
616 3110 685 3152 eo
712 3110 777 3151 ac
807 3096 959 3162 libet,
1000 3095 1418 3150 communicans
1461 3107 1526 3149 ac
1558 3092 1797 3162 largiens
1827 3108 1841 3144 :
1868 3088 2067 3160 quippe

2171 3097 2263 3151 νόν
2304 3113 2365 3151 τε
2416 3098 2512 3152 καὶ
2539 3097 2897 3169 χαριζόμενον
2921 3138 2937 3164 ,
2971 3099 3048 3164 ὡς
3083 3098 3372 3171 βούλεται,
3403 3098 3479 3163 ὡς
3502 3096 3592 3150 καὶ
3617 3090 3729 3150 αὐτὸ

482 3165 608 3244 rum
652 3197 706 3244 et
747 3189 864 3259 ipse
898 3202 1023 3245 vere
1063 3203 1130 3243 ex
1171 3185 1282 3243 Deo
1312 3186 1405 3252 sit,
1441 3200 1545 3241 nec
1589 3184 1801 3240 alienus
1835 3195 1867 3235 a
1904 3179 2067 3235 Patre

2172 3187 2342 3250 ὅντως
2385 3188 2452 3242 ἐκ
2670 3165 2755 3255 ὃν,
2790 3188 2886 3244 καὶ
2927 3189 3030 3243 οὐκ
3079 3165 3364 3264 ἀλλότριον
3406 3187 3609 3261 Πατρός
3650 3183 3727 3239 καὶ

481 3282 752 3353 Filioque,
800 3281 896 3338 sed
948 3280 1170 3352 utrique
1210 3275 1729 3336 cousubstantialis.
1783 3272 1932 3337 Haec,
1980 3271 2067 3325 in-

481 3389 670 3444 quam,
714 3372 918 3430 nemini
966 3388 1077 3428 non
1104 3378 1294 3442 aperte
1341 3377 1423 3425 tot
1453 3367 1707 3425 adductis
1738 3362 2072 3421 testimoniis

485 3466 857 3532 ostendimus,
881 3482 947 3521 ac
970 3465 1231 3535 deinceps
1254 3463 1629 3520 ostendemus.
1654 3458 1773 3514 Jam
1796 3472 1926 3514 vero
1943 3470 2071 3528 pro-

488 3569 605 3630 pter
638 3559 818 3616 sancti
860 3558 1100 3630 Spiritus
1133 3557 1482 3613 adversarios
1537 3564 1593 3611 et
1625 3553 1899 3617 inimicos,
1929 3565 2071 3606 non-

486 3655 636 3709 nulla
702 3654 976 3710 uberioris
1051 3651 1436 3723 explicationis
1495 3648 1669 3721 gratia
1729 3646 1928 3717 partim
1979 3643 2072 3715 pia

486 3744 737 3813 quiacdam
780 3750 1104 3812 argumenta
1156 3758 1222 3798 ex
1274 3751 1424 3797 recta
1470 3740 1684 3794 ratione
1724 3736 2069 3807 deprompta,

490 3838 688 3906 partim
715 3836 963 3905 ejusdem
999 3833 1300 3904 Scripturae
1341 3831 1657 3889 testimonia
1688 3829 2073 3899 superioribus

488 3928 776 3993 addemus,
805 3928 942 3983 adeo
974 3935 1032 3982 ut
1063 3927 1120 3981 in
1151 3925 1410 3981 omnibus
1443 3938 1632 3979 verum
1657 3935 1722 3978 ac
1755 3920 2071 3991 religiosum
2102 3988 2105 3993 _

487 4020 555 4073 de
588 4017 794 4089 Spiritu
821 4025 1017 4074 sancto
1042 4018 1241 4088 dogma
1272 4030 1588 4086 sequamur.
1624 4011 1840 4069 Etenim
1876 4011 2077 4067 unicus

488 4126 553 4165 ac
581 4110 879 4182 singularis
900 4119 984 4166 est
1018 4108 1262 4180 Spiritus
1292 4107 1382 4163 ille
1412 4113 1659 4170 sanctus,
1678 4105 1772 4176 qui
1804 4103 1873 4159 ab
1893 4101 2074 4158 omni-

488 4206 594 4260 bus
642 4204 926 4267 adoratur,
964 4204 1033 4259 ab
1082 4202 1341 4258 omnibus
1382 4201 1651 4256 creaturis
1703 4198 2076 4269 operibusque

487 4297 860 4355 desideratur.
906 4296 1011 4363 Qui
1057 4311 1182 4351 cum
1231 4294 1381 4351 nullo
1413 4292 1688 4363 adaquari
1723 4299 1924 4363 potest,
1962 4302 2073 4343 non

488 4390 704 4461 angelo,
752 4404 864 4444 non
900 4390 1075 4443 altero
1112 4386 1332 4456 spiritu,
1384 4385 1480 4440 sed
1514 4398 1657 4440 unus
1682 4397 1750 4437 ac
1779 4381 2076 4451 singularis

2172 3278 2304 3333 Υίοῦ
2328 3319 2343 3346 ,
2374 3279 2489 3332 ἀλλ’
2514 3279 2800 3351 ὁμοούσιον
2825 3281 3004 3354 Πατρὶ
3050 3280 3146 3335 καὶ
3173 3281 3326 3353 Υίῷ,
3357 3280 3519 3336 παντί
3544 3296 3618 3351 τῳ
3647 3293 3728 3331 σα-

2175 3370 2275 3441 φὲς
2322 3369 2467 3426 κατὰ
2497 3370 2679 3427 πάντα
2719 3372 2785 3425 ὲκ
2821 3370 2931 3426 τῶν
2974 3371 3251 3427 τοσούτων
3314 3370 3617 3445 μαρτυριῶν
3641 3368 3730 3421 ἀπ-

2172 3462 2391 3535 εδείχθη
2419 3479 2479 3517 τε
2533 3463 2631 3517 καὶ
2665 3462 3142 3536 ἀποδειχθήσεται.
3161 3462 3281 3520 Νῦν
3309 3465 3369 3520 δὲ
3398 3463 3488 3520 διὰ
3509 3464 3627 3527 τοὺς
3651 3460 3732 3514 ἀν-

2171 3554 2416 3619 τιθέτους
2464 3554 2559 3609 καὶ
2590 3554 2821 3628 ἐχθροὺς
2862 3554 2956 3611 τοῦ
3007 3556 3167 3625 ἁγίου
3219 3543 3539 3628 Πνέύματος
3566 3554 3630 3607 τὰ
3658 3551 3734 3604 εὐ-

2174 3646 2309 3719 σεϐῆ
2333 3646 2431 3702 τοῦ
2458 3646 2622 3719 ὀρθοῦ
2648 3646 2913 3719 λογισμοῦ
2943 3648 3044 3703 καὶ
3069 3648 3139 3703 τὰ
3178 3649 3291 3704 ἀπὸ
3322 3644 3629 3722 μαρτυριῶν
3651 3643 3735 3712 τῆς

2172 3740 2344 3812 αὐτῆς
2367 3739 2518 3804 θείας
2540 3740 2764 3812 Γραφῆς
2790 3738 3186 3813 διηγησάμενοι
3216 3740 3621 3815 περισσοτέρως
3643 3733 3738 3789 τῶν
3822 3776 3825 3779 λ

2174 3832 2441 3904 πρότερον
2478 3831 2908 3904 παραθησόμιθα
2962 3834 3304 3905 μαρτυρίαις
3347 3830 3647 3894 ἀκολούθως
3681 3827 3738 3896 τῇ

2174 3922 2303 3995 περ).
2336 3923 2494 3991 ἁγίου
2542 3922 2860 3993 Πνεῦματος
2905 3921 3133 3993 ἀληθινῇ
3196 3922 3475 3993 εὐσεϐείᾳ.
3518 3920 3599 3982 Ὠς
3644 3914 3740 3986 ἔχει

2173 4014 2285 4087 γὰρ
2310 4016 2331 4048 ³
2366 4014 2460 4068 καὶ
2487 4014 2604 4069 ἔστι
2636 4014 2863 4085 Πνεῦμα
2907 4013 3064 4084 ἅγιον
3110 4015 3328 4070 ἔνεικον
3351 4014 3394 4082 ⁸,
3423 4012 3527 4068 ὑπὸ
3550 4011 3739 4067 πάντων

2174 4107 2673 4181 προσκυνούμενον,
2707 4108 2874 4162 πᾶσιν
2908 4106 3243 4179 ὲπιπόθητον
3273 4111 3392 4174 τοῖς
3418 4102 3665 4177 κτίσμασί
3689 4115 3738 4153 τε

2174 4202 2271 4257 καὶ
2294 4201 2597 4274 ποιήμασιν
2616 4240 2632 4268 ,
2660 4200 2841 4265 οὐδενὶ
2864 4199 3214 4271 ἐξισούμενον
3230 4241 3248 4267 ,
3271 4200 3379 4255 οὐκ
3406 4197 3615 4269 ἀγγέλῳ
3629 4235 3643 4257 ,
3688 4191 3742 4245 οὗ

2175 4292 2448 4365 πνεύματι
2472 4293 2667 4365 ἑτέρῳ,
2694 4290 2812 4347 ἀλλ’
2847 4292 3049 4347 ἑνικόν.
3086 4291 3312 4365 Ἐπειδὴ
3335 4292 3448 4365 γὰρ
3478 4291 3569 4345 καὶ
3594 4285 3742 4341 πολλὰ

2175 4386 2468 4458 πνεύματά
2506 4388 2648 4452 ἐστι,
2674 4386 2834 4441 τοῦτο
2859 4386 2916 4440 δὲ
2958 4384 3240 4440 ἀνώτατον
3271 4386 3496 4451 πάντων
3522 4377 3742 4450 πνευμὰο

486 4491 591 4537 est.
644 4479 781 4534 Nam
829 4494 957 4534 cum
1010 4479 1166 4533 multi
1215 4478 1327 4532 sint
1364 4475 1616 4544 spiritus,
1663 4471 1922 4528 omnibus
1968 4470 2067 4526 ists

2178 4494 2286 4532 των
2306 4517 2323 4544 ,
2354 4477 2431 4543 ὡς
2456 4477 2517 4532 ὃν
2558 4478 2646 4531 ἀεὶ
2678 4480 2744 4531 ὲκ
2774 4478 3011 4550 Πατρὺς,
3058 4478 3155 4533 καὶ
3185 4476 3268 4550 μὴ
3293 4476 3409 4531 ἀπὸ
3453 4476 3561 4530 τῶν
3589 4471 3739 4527 ἄλλων

493 4573 748 4643 superior
776 4580 883 4636 est,
920 4578 1110 4642 utpote
1136 4570 1231 4640 qui
1263 4583 1479 4639 semper
1506 4581 1537 4620 a
1567 4565 1729 4629 Patre
1755 4565 1848 4630 sit,
1880 4575 1983 4616 nec
2003 4560 2075 4617 ab

489 4665 615 4720 aliis
645 4679 765 4735 qua:
808 4679 841 4719 e
871 4663 1047 4719 nihilo
1072 4661 1337 4732 producta
1386 4666 1535 4721 sunt,
1568 4657 1821 4713 exsistat.
1880 4652 2073 4709 Plures

488 4764 640 4817 sunt,
669 4755 926 4825 inquam,
955 4754 1219 4823 spiritus;
1257 4749 1353 4806 sed
1384 4766 1529 4805 unus
1556 4756 1643 4804 est
1671 4745 1911 4817 Spiritus
1940 4759 2073 4800 san-

488 4855 649 4909 etus,
685 4844 1147 4917 quemadmodum
1185 4857 1330 4898 unus
1369 4848 1454 4897 est
1494 4837 1663 4905 Dens,
1718 4846 1774 4892 et
1802 4851 1946 4891 unus
1979 4832 2072 4889 Dei

491 4938 664 4994 Filius
705 4939 1042 5009 unigenitus.
1106 4936 1200 4992 Sic
1243 4946 1296 4991 et
1352 4940 1581 4990 sanctus
1616 4930 1708 4985 Dei
1769 4927 2014 4998 Spiritus
2046 4942 2078 4981 a

495 5030 606 5087 Deo
637 5040 721 5086 est
749 5039 805 5085 et
842 5034 895 5087 in
930 5032 1059 5087 Deo.
1095 5031 1281 5100 itaque
1314 5038 1369 5084 et
1426 5026 1746 5098 unigenitus
1774 5021 1948 5077 Filius
1994 5020 2080 5075 in-

491 5122 1006 5191 comprehensibilis
1031 5133 1136 5197 est,
1152 5132 1205 5177 et
1228 5121 1466 5192 Spiritus
1482 5115 2078 5188 incomprehensibilis.

491 5217 596 5285 Qui
625 5224 679 5271 et
714 5231 743 5270 a
777 5215 886 5272 Deo
916 5216 1186 5286 procedit,
1218 5231 1317 5270 nec
1349 5230 1379 5269 a
1410 5212 1573 5267 Patre
1611 5222 1664 5265 et
1693 5209 1833 5263 F.lio
1863 5208 2079 5265 alienus

491 5320 595 5369 est.
649 5294 837 5380 Neque
863 5325 994 5365 vero
1033 5323 1159 5363 cum
1191 5307 1352 5362 Patre
1398 5318 1453 5362 et
1479 5304 1620 5361 Filio
1665 5306 1813 5359 velut
1839 5301 2077 5372 quadam

492 5402 820 5459 confusione
854 5399 1138 5465 coalescit,
1171 5399 1266 5453 sed
1308 5396 1555 5452 Trinitas
1580 5393 1827 5465 ejusdem
1863 5406 2081 5461 semper

493 5501 577 5547 est
627 5491 976 5551 substantiae,
1021 5504 1129 5543 non
1177 5487 1402 5542 alterius
1451 5502 1480 5539 a
1526 5486 1849 5551 divinitate;
1901 5498 2081 5552 neque

490 5584 752 5641 divinitas
792 5584 961 5637 altera
993 5590 1078 5637 est
1121 5595 1153 5634 a
1186 5578 1517 5640 substantia,
1545 5578 1641 5632 sed
1683 5577 1801 5647 ipsa
1833 5590 1931 5647 per
1954 5589 2081 5631 sese

492 5671 773 5733 divinitas.
808 5682 861 5728 et
889 5689 954 5728 ex
983 5675 1169 5729 eadem
1198 5671 1486 5727 divinitate
1512 5667 1685 5724 Filius
1740 5684 1804 5723 ac
1835 5668 2075 5737 Spiritus

561 5789 575 5817 ³
616 5787 735 5841 Col.
772 5798 838 5843 tl,
876 5782 957 5837 ll.
1038 5787 1057 5817 '
1099 5788 1201 5845 |sa.
1235 5802 1311 5853 vr,
1343 5783 1401 5838 ‘5.

476 5849 508 5901 ἀ
534 5860 652 5921 μέν.

1488 5781 1510 5817 ³
1547 5783 1917 5855 Expunxerim
1946 5785 2076 5856 γάρ.

2179 4567 2299 4622 τῶν.
2320 4567 2381 4637 ἐξ
2409 4566 2512 4622 οὐκ
2557 4570 2727 4624 ὅντων
2755 4571 3051 4641 γενόμενον
3076 4568 3097 4600 ⁵
3147 4567 3210 4624 δν
3234 4584 3251 4599 ο
3287 4566 3467 4622 πολλὰ
3508 4564 3610 4636 γάρ
3644 4562 3743 4614 ἐστι

2181 4660 2492 4732 πνεύματα,
2526 4659 2587 4715 ἒν
2609 4659 2666 4712 δὲ
2691 4658 2753 4713 τὸ
2779 4659 2939 4728 ἅγιον
2968 4658 3198 4729 Πνεῦμα
3229 4697 3247 4724 ,
3279 4658 3477 4728 ὥσπερ
3513 4649 3592 4719 sig
3632 4649 3744 4712 Θεὸς

2182 4751 2278 4806 καὶ
2310 4745 2392 4814 εἷς
2421 4749 2719 4821 μονογενὴς
2745 4749 2873 4813 Υἱὸς
2905 4748 3004 4805 τοῦ
3035 4748 3172 4803 Θεοῦ
3192 4767 3206 4780 ·
3240 4749 3393 4805 οὕτω
3422 4748 3517 4804 καὶ
3547 4742 3746 4813 Πνεῦμα

2182 4841 2337 4911 ἅγιον
2360 4838 2521 4905 Θεοῦ,
2558 4840 2671 4895 ἀπὸ
2695 4839 2754 4895 δὲ
2780 4839 2916 4894 Θεοῦ
2946 4841 3039 4894 καὶ
3071 4841 3128 4893 ὲν
3156 4839 3299 4912 Θεῷ.
3340 4839 3503 4894 Ἀλλὰ
3529 4837 3588 4891 τὸ
3619 4834 3705 4905 μὲν
3727 4828 3746 4860 ⁶

2183 4932 2480 5004 μονογενὴς
2508 4933 2642 4997 Υἱὸς
2674 4933 3060 5003 ἁκατάληπτος
3085 4970 3101 4996 ,
3125 4932 3189 4986 τὸ
3216 4931 3276 4986 δὲ
3317 4930 3547 5002 Πνεῦμα
3574 4922 3747 4984 ἀκατά-

2179 5025 2416 5095 ληπτον,
2446 5027 2510 5079 ὲκ
2537 5024 2673 5079 Θεοῦ
2700 5024 2756 5078 δὲ
2777 5065 2792 5089 ,
2843 5026 2938 5079 καὶ
2964 5025 3067 5080 οὐκ
3098 5025 3388 5097 ἀλλότριον
3440 5022 3645 5093 Πατρὸς
3667 5015 3748 5071 καὶ

2182 5114 2333 5170 Υίοῦ.
2381 5116 2455 5168 Οὐ
2501 5115 2795 5184 συναλοιφῇ
2838 5113 2897 5168 δέ
2934 5115 3052 5167 ἐστι
3079 5114 3258 5184 Πατρὶ
3295 5112 3397 5172 καὶ
3442 5108 3555 5181 Υίῷ
3580 5123 3592 5137 ⁸
3631 5099 3748 5158 ἀλλὰ

2181 5208 2352 5279 me;
2384 5208 2473 5261 ἀεὶ
2497 5204 2632 5262 οὖσα
2657 5208 2757 5279 τῆς
2783 5207 2954 5279 αὐτῆς
2976 5205 3165 5269 οὐσίας
3182 5246 3199 5271 ,
3224 5208 3329 5276 οὐχ
3365 5204 3564 5275 ἑτέρας
3583 5196 3749 5254 οὐσίας

2183 5297 2336 5367 παρὰ
2370 5297 2469 5366 τὴν
2497 5296 2748 5367 θεότητα,
2787 5297 2888 5368 οὺχ
2918 5295 3083 5368 ἑτέρα
3123 5294 3317 5367 θεότης
3362 5292 3514 5363 παρὰ
3539 5290 3632 5360 τὴν
3671 5282 3749 5337 0'5—

2183 5389 2324 5452 σίαν,
2359 5386 2494 5441 ἀλλὰ
2543 5387 2871 5460 αὑτοθεότης
2920 5386 3014 5441 καὶ
3058 5388 3124 5440 ὲκ
3167 5386 3267 5456 τῆς
3317 5384 3495 5454 αὐτῆς
3522 5380 3750 5445 θεότητος

2183 5481 2313 5545 Υἱὸς
2334 5481 2429 5534 καὶ
2453 5480 2517 5534 τὸ
2539 5480 2698 5549 ἅγιον
2723 5480 2969 5552 Πνεῦμα.
2994 5480 3106 5534 Καὶ
3133 5480 3196 5533 τὸ
3223 5478 3326 5549 μὲν
3358 5476 3583 5547 Πνεῦμα
3607 5464 3750 5523 Πνεῦη

2185 5592 2262 5645 μα
2289 5574 2446 5644 ἅγιον
2468 5614 2485 5639 ,
2534 5577 2564 5629 ό
2594 5575 2654 5629 δὲ
2685 5574 2815 5639 Υἱὸς
2840 5574 2990 5638 Υἱός.
3031 5573 3104 5627 Τὸ
3130 5573 3188 5626 δὲ
3222 5571 3458 5642 Πνεῦμα
3494 5563 3639 5637 παρὰ
3659 5560 3753 5614 Παν-

2180 5686 2212 5721 τ
2219 5668 2311 5739 ρὸς
2365 5669 2797 5742 ἐκπορευόμενον
2864 5669 2962 5723 καὶ
2990 5667 3084 5722 τοῦ
3120 5664 3247 5721 Υίοῦ
3279 5663 3562 5735 λαμϐάνον
3581 5674 3594 5688 ·
3622 5658 3748 5726 ἐρευ·

3653 5762 3746 5823 οἳ.

2182 5784 2202 5816 ⁸
2241 5783 2300 5840 F.
2339 5784 2536 5850 ἑνικόν,
2577 5785 2663 5841 vel
2721 5784 2989 5840 ἐνοικοῦν.
3065 5784 3085 5817 ⁵
3124 5780 3186 5838 F.
3220 5779 3557 5851 γενομένων.
