3988 6400
250 399 361 454 εοει
955 403 1323 462 Αυνειιευε
1362 406 1701 466 ΠΔΕΒΕΞΕΞ
1740 408 1868 466 LIB.
1911 409 1997 465 III.
2040 412 2201 468 TOM.
2244 411 2664 471 I.——II1EI\ES.
2696 411 2926 469 LXXIV.
3415 407 3525 463 498

253 518 367 571 νῶν
418 516 491 571 τά
530 517 671 591 βάθη
700 518 796 573 τοῦ
824 519 959 575 Θεοῦ
982 560 999 587 ,
1036 523 1366 593 άναγγέλλον
1394 526 1462 580 τά
1510 525 1640 580 Υἰοῦ
1675 527 1733 580 ἐν
1759 528 1842 581 κό·
1868 579 1872 588 ,

1980 540 2171 587 auctus
2201 531 2435 587 exsistit.
2480 527 2665 601 Itaque
2709 529 2972 600 Spiritus.
3015 527 3257 598 Spiritus
3298 535 3524 599 sanctus

256 624 405 680 σμῳ,
434 609 679 680 ἁγιάζον,
724 611 910 682 ἁγίους
952 614 1140 668 ποιοῦν
1168 614 1255 669 διὰ
1292 617 1391 687 τῆς
1426 617 1686 688 Τριάδος·
1717 612 1837 691 τρί-

1980 630 2051 686 st,
2085 630 2139 675 et
2170 619 2362 686 Filius,
2391 620 2599 688 Filius;
2644 619 2883 690 Spiritus
2915 631 3045 673 vero
3078 631 3110 671 a
3137 615 3298 670 Patre
3331 628 3527 685 proce-

252 712 351 749 τον
395 700 463 770 τῇ
497 700 795 773 ὀνομασίᾳ,
828 702 1016 775 ἐπειδὴ
1055 705 1087 775 ἡ
1128 705 1298 776 Τριάς
1343 708 1460 760 ἐστι
1493 707 1712 780 Πατὴρ,
1745 709 1840 762 καὶ

1982 718 2140 780 ens’,
2169 716 2329 787 θοι
2367 724 2422 772 et
2451 715 2636 771 aFilio
2664 715 2942 783 accipiens
2961 714 3005 777 ³,
3038 728 3102 766 ac
3133 710 3227 766 Dei
3258 708 3526 780 profunda

254 787 392 854 Υἱὸς
414 830 427 847 .
468 791 564 844 καὶ
602 791 759 861 ἅγιον
790 792 1037 866 Πνεῦμα.
1073 797 1456 864 Ἀπελθόντες
1494 798 1604 869 γὰρ
1628 839 1644 865 ,
1687 801 1841 872 φησὶ,

1980 822 2302 864 erserutans
2322 808 2366 872 ⁸,
2416 815 2471 863 et
2507 822 2629 878 quae
2682 806 2751 862 ad
2793 804 2987 860 Filium
3034 810 3284 874 spectant
3324 799 3531 855 mundo

254 879 598 945 βαπτίσατε
625 885 713 950 εὶς
751 884 817 938 τὸ
872 885 1062 956 ὄνομα
1110 887 1219 942 τοῦ
1270 889 1505 959 Πατρός
1532 930 1546 956 ,
1601 893 1701 947 καὶ
1734 893 1843 948 τοῦ

1980 900 2246 955 ιυηιίεοεε
2300 899 2679 962 sanctiﬁcans,
2719 905 2772 952 et
2802 903 3026 953 sanctos
3069 910 3163 965 per
3204 892 3528 947 Trinitatem

262 969 433 1034 Υιοῦ,
462 971 560 1025 καὶ
598 972 771 1042 ἁγίου
799 977 1145 1046 Πνεύματος
1166 993 1180 1007 ο
1210 979 1546 1052 ὲπισφραγὶς
1605 982 1708 1053 τῆς
1753 984 1846 1056 χά-

1982 990 2208 1046 ίιὶοίεηε.
2265 990 2370 1058 Qui
2402 998 2456 1045 et
2502 990 2864 1060 appellatione
2894 987 3089 1043 tertius
3133 991 3241 1049 est,
3271 981 3531 1054 quoniam

259 1074 449 1129 ριτος,
498 1061 559 1114 οὐ
614 1063 631 1094 ¹
666 1064 962 1137 σύνδεσμος
994 1069 1094 1139 τῆς
1121 1070 1385 1141 Τριάδος,
1433 1074 1533 1128 οὐκ
1570 1075 1853 1147 ἀλλότριον

1980 1077 2201 1135 l‘rinitas
2253 1086 2339 1135 est
2385 1078 2546 1136 Pater
2579 1088 2634 1135 et
2668 1077 2839 1134 Filius
2912 1086 2968 1132 et
3003 1075 3245 1147 Spiritus
3286 1078 3537 1130 sanctus.

254 1148 357 1242 τοῦ
407 1152 681 1225 άγιασμοῦ
710 1197 726 1223 ,
764 1157 825 1209 οὐ
868 1157 1090 1225 διεστὼς
1138 1163 1203 1234 τῇ
1253 1162 1563 1237 ὀνομασίᾳ,
1603 1165 1703 1220 οῦκ
1745 1164 1847 1220 at.

1980 1168 2157 1226 Euntes
2184 1171 2347 1239 enim,
2391 1172 2590 1242 inquit,
2626 1170 2892 1241 baptizata
2923 1170 2979 1225 in
3011 1169 3220 1223 nomine
3250 1165 3433 1221 Patris
3484 1168 3538 1218 et

256 1241 480 1333 λότριον
513 1244 615 1316 τῆς
642 1246 852 1319 δωρεᾶς
872 1265 886 1279 ·
943 1250 1061 1305 ἀλλ’
1114 1247 1196 1317 εἷς
1233 1252 1366 1318 Θεὸς
1388 1293 1403 1318 ,
1470 1256 1569 1326 μία
1628 1257 1811 1321 πίστις
1836 1298 1851 1323 ,

1980 1259 2097 1317 Filii
2122 1272 2191 1324 ,ει
2223 1241 2655 1333 δρὶνὶιιιειαηοιί
2677 1266 2718 1319 ⁸.
2780 1262 2927 1318 Idem
2958 1263 3048 1316 ille
3077 1260 3268 1332 gratiae
3299 1256 3539 1328 sigillum

260 1326 348 1396 εἷς
378 1333 611 1405 Κύριος,
650 1337 735 1406 ⁸ἓν
774 1340 1057 1412 χάρισμα,
1104 1343 1205 1413 μία
1244 1343 1570 1416 Ἐκκλησία,
1635 1348 1695 1402 ἓν
1752 1348 1853 1420 βά-

1980 1363 2046 1410 :st
2098 1369 2163 1410 ac
2205 1326 2490 1413 Trinitatis
2515 1356 2815 1424 vinculum,
2848 1356 2942 1425 qui
2979 1326 3143 1409 nec'a
3180 1326 3547 1422 productione

261 1438 504 1517 ’ἴδωμ’
586 1516 589 1517 ν
1962 1445 2274 1504 sanctitatis
2305 1446 2637 1514 excluditur,
2696 1460 2798 1503 nec
2834 1445 3203 1517 appellatione
3233 1443 3539 1511 discrepat.

262 1528 429 1606 ηερε
464 1516 750 1606 largitione
780 1521 1026 1579 muneris
1074 1524 1287 1582 alienus
1323 1535 1429 1596 est,
1461 1528 1557 1586 sed
1616 1547 1761 1587 unus
1816 1542 1903 1589 est
1945 1535 2114 1606 Deus,
2160 1553 2268 1594 una
2309 1539 2470 1605 ﬁdes,
2518 1554 2662 1596 unus
2713 1516 2997 1605 Dominus,
3057 1552 3165 1592 una
3205 1535 3402 1606 gratia,
3432 1546 3543 1586 una

261 1600 537 1671 Ecclesia,
568 1604 876 1675 baptismus
905 1624 1070 1668 unus.

340 1693 439 1751 ω’.
481 1696 592 1750 Ἀεὶ
614 1698 722 1770 γὰρ
757 1699 1007 1772 mpm,
1045 1701 1121 1767 ὡς
1156 1703 1415 1771 πολλάκις
1443 1706 1603 1781 ἔφην,
1640 1711 1735 1765 καὶ
1763 1712 1856 1767 ού-

2040 1713 2155 1771 XII.
2198 1717 2407 1788 Quippe
2438 1717 2681 1774 Trinitas
2705 1731 2919 1787 semper
2952 1723 3056 1782 est,
3088 1726 3146 1769 ut
3176 1716 3375 1786 sacpius
3404 1716 3543 1780 dixi.

200 1768 215 1777 ”
260 1782 460 1887 dera-ns
480 1787 527 1887 η
538 1768 709 1859 Τριὰς
728 1768 1045 1860 προσθήκην
1065 1789 1351 1863 λαμϐάνει,
1462 1768 1700 1866 γλῦκέως
1718 1800 1864 1855 ἐστιν

2207 1768 2405 1788 ,ιτ-η-
2448 1768 2677 1774 --η---η
2705 1768 2907 1787 --ητρ
2959 1768 3056 1782 ηε,
3096 1768 3135 1769 κν
3184 1768 3215 1769 η
3253 1768 3369 1786 τίη
3412 1768 3435 1770 ρ

1980 1824 2069 1864 nec
2110 1809 2277 1864 ullam
2308 1824 2548 1880 unquam
2586 1810 2956 1866 accessionem
2986 1809 3137 1887 capit
3166 1826 3179 1862 :
3225 1808 3277 1862 id
3317 1807 3460 1877 quod
3493 1819 3547 1865 et

264 1878 576 1949 ὁμολογεῖν,
605 1883 699 1936 καὶ
725 1884 1042 1954 ἀκορέστως
1075 1885 1280 1956 λέγειν.
1315 1892 1557 1948 Γλυκέα
1584 1896 1716 1965 γὰρ,
1753 1915 1860 1969 φηω

267 1970 416 2025 σὶνό
448 1972 756 2045 προφήτης,
801 1974 885 2042 τῷ
931 1975 1191 2049 λάρυγγί
1220 1996 1342 2049 μου
1374 1981 1449 2038 τὰ
1499 1984 1675 2055 adrui
1721 2003 1860 2043 σου.

268 2060 389 2114 Καὶ
419 2063 469 2115 εί
496 2061 564 2116 τὰ
609 2061 768 2133 λόγια
812 2064 1038 2135 γλυκέα,
1080 2068 1235 2141 πόσῳ
1262 2087 1326 2140 γε
1374 2072 1575 2144 μᾶλλον
1602 2074 1665 2128 τὸ
1692 2075 1864 2148 ὄνομα

266 2151 337 2241 τὸ
368 2152 577 2226 ἆγιονή
606 2155 795 2227 Τριάς,
831 2159 867 2230 η
897 2160 1049 2231 πηγὴ
1076 2162 1259 2234 πάσης
1283 2163 1618 2236 γλυκύτητος
1642 2184 1657 2234 ;
1695 2168 1866 2241 Τριὰς

269 2237 371 2296 οῦν
402 2242 576 2309 οὕτως
606 2245 1009 2321 ἀριθμουμένη,
1039 2250 1250 2324 Πατὴρ,
1279 2254 1375 2307 καὶ
1406 2254 1555 2321 Υἱὸς,
1589 2259 1685 2312 καὶ
1713 2237 1865 2328 ἅγιον

268 2333 526 2406 Πνεῦμα.
563 2336 639 2389 ού
683 2338 978 2412 συναλοιφὴ
998 2340 1056 2393 δὲ
1091 2342 1126 2412 ἡ
1150 2343 1342 2411 Τριὰς,
1376 2345 1437 2399 ού
1468 2345 1735 2402 διεστῶσα
1765 2349 1866 2422 τῆς

272 2425 483 2498 ἑαυτῆς
508 2427 764 2498 μονάδος·
795 2431 854 2483 ὲν
884 2430 1179 2487 ὑποστάσει
1204 2433 1262 2487 δὲ
1293 2435 1631 2509 τελειότητος
1656 2440 1863 2506 τέλειος

275 2517 311 2571 6
342 2509 557 2590 Πατὴρ,
596 2519 799 2586 τέλειος
835 2523 866 2577 ὀ
897 2524 1050 2592 Υίὸς,
1079 2524 1283 2580 τέλειον
1330 2528 1391 2581 τὸ
1428 2529 1585 2599 ἅγιον
1604 2532 1866 2605 Πνεῦμα,

268 2608 476 2681 Πατὴρ
525 2610 620 2664 καὶ
680 2611 807 2677 Υίὸς
844 2615 938 2668 καὶ
983 2616 1138 2686 ἅγιον
1181 2618 1423 2692 Πνεῦμα.
1458 2623 1533 2678 Τὸ
1564 2624 1622 2679 δὲ
1659 2626 1871 2680 ἀνάπα-

273 2703 364 2755 λιν
391 2702 620 2775 Πνεῦμα
658 2706 987 2778 ταττόμενον
1035 2711 1094 2763 ὲν
1144 2712 1450 2785 χαρίσμασι
1475 2734 1488 2747 ·
1544 2716 1870 2788 Διαιρέσεις

273 2794 394 2866 γὰρ
436 2796 823 2878 κιιριιγμείτιιιν⁵
857 2800 999 2867 εἱσι,
1040 2802 1107 2857 τὸ
1140 2803 1210 2858 δὲ
1251 2806 1401 2862 αὐτὸ
1447 2810 1690 2881 Πνεῦμα
1708 2829 1722 2842 ·
1768 2813 1869 2865 καὶ

273 2886 603 2955 διαιρέσεις
647 2888 966 2945 διακονιῶν
1006 2896 1184 2963 εἰσιν,
1216 2898 1250 2952 ό
1288 2896 1357 2951 δὲ
1388 2900 1571 2969 αὐτὸς
1618 2904 1868 2972 Κύριοςα

276 2978 382 3031 καὶ
439 2977 760 3048 διαιρέσεις
807 2983 1224 3055 ἐνεργημάτων
1270 2989 1451 3055 εἰσιν,
1499 2994 1533 3047 ό
1571 2991 1641 3046 δὲ
1688 2996 1873 3062 αὐτὸς

278 3068 452 3138 Θεὸς,
478 3072 513 3126 ό
544 3071 806 3143 ἐνεργῶν
829 3072 902 3128 τὰ
933 3074 1131 3131 πάντα
1159 3077 1230 3132 ἐν
1256 3078 1433 3140 πᾶσι.

354 3340 576 3396 Τούτων
606 3342 665 3396 δὲ
697 3341 873 3409 οὕτως
911 3342 1166 3417 ἑχόντων,
1198 3347 1628 3422 άσφαλισώμεθα
1665 3350 1742 3424 μὴ
1764 3352 1875 3407 ὲκ·-

278 3434 543 3505 πέσωμεν
576 3434 679 3507 τῆς
699 3436 959 3511 ἀληθείας
980 3456 994 3471 ο
1025 3439 1142 3494 ἀλλ’
1170 3440 1597 3513 ὁμολογήσωμεν
1623 3443 1724 3514 τὴν
1746 3444 1872 3515 ἀλή-

276 3528 464 3592 θειαν,
508 3527 568 3581 οὐ
619 3530 1048 3602 συνηγοροῦντες
1090 3532 1231 3606 ὑπὲρ
1259 3533 1418 3599 Θεοῦ,
1471 3534 1591 3588 ἀλλ’
1633 3535 1875 3601 εὐσεϐῶς

278 3617 553 3684 νοοῦντες,
589 3619 676 3673 ἵνα
711 3621 788 3694 μὴ
828 3622 1181 3695 ἀπολώμεθα.
1216 3625 1558 3680 ’Δνένδεκτον
1604 3628 1714 3699 γὰρ
1756 3645 1875 3681 κτι-

282 3711 417 3764 στόν
444 3728 495 3766 τι
522 3713 581 3764 ὲν
609 3712 799 3784 Τριάδι
833 3713 1034 3784 λέγειν,
1064 3716 1097 3788 ἢ
1142 3715 1491 3782 διανοεῖσθαι,
1519 3717 1554 3791 ἢ
1588 3720 1877 3790 ὲπιγεννη-

280 3804 380 3856 τόν
398 3821 412 3834 -
444 3803 579 3858 ἀλλὰ
604 3800 672 3877 ἦν
702 3806 790 3859 ἀεὶ
814 3806 1003 3879 Πατὴρ
1031 3808 1125 3862 καὶ
1152 3809 1280 3873 Υίὸς
1328 3810 1424 3863 καὶ
1451 3810 1606 3879 ἅγιον
1628 3811 1875 3882 Πνεῦμα.

283 3895 432 3950 Οῦτε
464 3896 786 3966 συνάδελφος
826 3897 954 3962 Υἱὸς
996 3899 1193 3972 Πατρὶ,
1241 3898 1367 3954 οὔτε
1416 3902 1747 3973 συναλοιφή’
1783 3904 1880 3957 καὶ

284 3988 353 4042 τὸ
378 3986 604 4059 Πνεῦμα
649 3986 775 4042 οῦτε
818 3989 1138 4064 συναλοιφὴ,
1184 3990 1308 4045 οῦτε
1340 3991 1669 4064 συνάδελφον
1704 3994 1881 4064 Πατρὶ

286 4082 388 4136 καὶ
416 4082 544 4153 Titi),
574 4082 721 4155 [οὔτε
745 4085 1042 4158 συναλοιφὴ
1067 4085 1130 4139 τὸ
1151 4086 1378 4159 Πνεῦμα
1402 4088 1577 4159 Πατρὶ
1597 4089 1692 4142 καὶ
1718 4086 1879 4159 Υίῷ·]

287 4173 427 4237 Υἱὸς
466 4173 525 4227 δὲ
550 4176 808 4247 γεννητὸς
837 4178 902 4231 ὲκ
944 4178 1180 4251 Πατρὸς,
1211 4179 1305 4233 καὶ
1350 4178 1574 4250 Πνεῦμα
1620 4178 1881 4251 προελθὸν

285 4266 357 4316 ἐκ
386 4264 617 4336 Πατρός.
635 4265 1065 4339 Ἀνεκδιηγήτως
1092 4268 1193 4340 τῆς
1218 4268 1446 4341 Τριάδος
1466 4267 1633 4340 οὔσης
1663 4271 1721 4323 ἐν
1749 4286 1883 4323 ταυ-

284 4356 480 4428 τότητι
505 4356 803 4426 δοξολογία,
853 4359 947 4413 καὶ
979 4359 1382 4432 άκαταλήπτως
1423 4360 1554 4413 Υίοῦ
1586 4361 1738 4425 ὄντος
1783 4361 1883 4414 σὺν

288 4448 473 4518 Πατρὶ
513 4448 608 4502 καὶ
648 4449 928 4522 Πνεύματι
973 4450 1113 4524 ἁγίῳ
1152 4449 1434 4515 ὡσαύτως,
1476 4450 1571 4504 καὶ
1613 4451 1883 4522 μηδέποτε

1970 1900 2214 1971 proﬁteri
2244 1902 2633 1958 suavissimum
2660 1908 2766 1964 est,
2805 1909 2860 1955 ct
2891 1901 3011 1955 sine
3050 1900 3157 1953 ulla
3186 1900 3437 1953 satietate
3463 1900 3547 1954 di-

1969 1991 2132 2047 citur.
2158 1989 2293 2044 Nam
2322 1988 2597 2062 Propheta
2639 1990 2838 2046 cecinit
2867 2006 2881 2043 :
2918 1989 3113 2044 Dulcia
3153 2002 3274 2043 sunt
3307 1989 3547 2057 faucibus

1970 2083 2101 2136 meis
2127 2082 2337 2154 eloquia
2366 2090 2458 2136 tua
2488 2083 2530 2139 ⁸.
2562 2080 2768 2148 Quodsi
2813 2081 3028 2151 eloquia
3054 2083 3167 2151 ipsa
3201 2081 3383 2137 dulcia
3416 2081 3551 2148 sint,

1971 2182 2179 2245 quanto
2229 2182 2314 2230 est
2357 2188 2560 2230 nomen
2603 2173 2785 2243 ipsum
2818 2171 3108 2227 Trinitatis
3153 2173 3391 2235 dulcius,
3427 2188 3555 2243 qua:
3674 2214 3681 2217 -

1971 2262 2191 2330 quidem
2231 2259 2356 2317 fons
2384 2268 2439 2316 et
2461 2261 2617 2332 origo
2661 2260 2950 2317 suavitatis
2990 2262 3168 2316 omnis
3207 2262 3329 2315 est?
3371 2262 3551 2327 Quare

1972 2350 2219 2406 Trinitas
2270 2353 2448 2409 tribus
2479 2353 2632 2408 hisce
2683 2359 3025 2415 numeratur,
3070 2353 3251 2417 Patre,
3302 2352 3441 2409 Filio
3497 2363 3550 2407 et

1974 2441 2183 2514 Spiritu
2219 2455 2441 2505 sancto;
2480 2460 2657 2516 neque
2698 2459 2828 2499 vero
2864 2445 3190 2500 confusione
3223 2447 3459 2516 quadam
3496 2447 3550 2499 in

1975 2553 2141 2592 unum
2174 2538 2462 2609 redigitur,
2499 2552 2600 2592 nec
2629 2554 2658 2591 ε
2689 2551 2788 2594 sua
2822 2539 3030 2592 unitate
3059 2538 3417 2609 disjungitur,
3456 2538 3551 2592 sed

1975 2629 2029 2682 in
2059 2626 2298 2698 perfecta
2336 2628 2693 2685 subsistentia
2724 2628 3002 2700 perfectus
3035 2640 3118 2685 est
3143 2628 3322 2693 Pater,
3356 2629 3541 2697 perfe-

1974 2731 2098 2777 ctus
2131 2719 2340 2784 Filius,
2378 2722 2654 2792 perfectus
2692 2722 2928 2793 Spiritus
2973 2732 3234 2784 sanctus,
3286 2721 3445 2776 Pater
3498 2729 3555 2775 et

1975 2806 2148 2864 Filius
2194 2816 2247 2863 et
2308 2809 2545 2880 Spiritus
2573 2817 2817 2865 sanctus.
2865 2808 3108 2864 Rursum
3145 2825 3275 2863 vero
3316 2807 3557 2878 Spiritus

1976 2899 2274 2970 largiendis
2313 2899 2472 2954 donis
2522 2899 2843 2953 attribuitur
2885 2919 2896 2953 :
2945 2898 3236 2952 Divisiones
3269 2899 3408 2953 enim
3435 2914 3561 2968 gra-

1977 2993 2176 3045 tiarum
2205 3000 2326 3045 sunt
2346 3031 2361 3057 ,
2393 2991 2484 3046 sed
2528 2991 2664 3045 idem
2696 2989 2966 3059 Spiritus;
2999 3000 3050 3044 et
3082 2992 3363 3045 divisiones
3404 2991 3561 3043 mini-

1976 3082 2258 3136 steriorum
2304 3091 2447 3145 sunt,
2479 3081 2616 3133 idem
2666 3097 2785 3135 vero
2841 3080 3132 3145 Dominus;
3183 3090 3228 3135 et
3275 3081 3558 3134 divisiones

1889 3172 1935 3234 C
1967 3174 2335 3243 operationum
2393 3183 2538 3231 sunt,
2595 3172 2733 3227 idem
2777 3188 2894 3227 vero
2955 3170 3118 3239 Deus,
3172 3172 3259 3243 qui
3311 3182 3560 3239 operatur

1971 3265 2149 3317 omnia
2186 3264 2242 3318 in
2264 3265 2502 3317 omnibus
2535 3264 2578 3316 ⁷.

2045 3355 2180 3422 Quae
2204 3370 2327 3410 cum
2353 3356 2426 3409 ita
2459 3370 2519 3409 se
2542 3356 2802 3422 habeant,
2827 3369 3125 3412 caveamus
3146 3355 3458 3428 diligenter,
3493 3371 3562 3411 ne

1975 3448 2257 3521 averitate
2301 3448 2654 3513 aberremus;
2705 3450 2801 3505 sed
2851 3448 3137 3505 veritatem
3177 3447 3559 3519 proﬁteamur,

1976 3554 2087 3594 non
2117 3537 2226 3593 Deo
2255 3538 2691 3608 patrocinantes,
2733 3538 2827 3594 sed
2863 3539 2951 3608 pie
2985 3539 3038 3594 id
3072 3538 3462 3611 intelligentes,
3494 3556 3564 3595 ne

1978 3629 2272 3698 aliquando
2302 3643 2613 3698 pereamus.
2648 3626 2789 3682 Fieri
2822 3631 3023 3698 quippe
3061 3629 3217 3683 nullo
3254 3627 3420 3684 modo
3457 3645 3559 3699 po-

1977 3727 2106 3782 test,
2159 3725 2220 3771 ut
2270 3724 2513 3772 creatum
2565 3717 2827 3786 quiddam
2881 3718 2934 3769 in
2983 3715 3253 3773 Trinitate
3289 3717 3560 3782 dicamus,

1943 3881 1951 3889 _
1979 3811 2063 3864 vel
2092 3810 2395 3880 cogitemus
2424 3808 2612 3875 etiam,
2644 3818 2739 3862 aut
2762 3808 2920 3877 cujus
2950 3816 3139 3878 postea
3179 3811 3319 3863 facta
3357 3810 3429 3864 sit
3467 3826 3564 3865 ac-

1978 3900 2194 3967 cessio;
2234 3899 2326 3956 sed
2353 3910 2614 3971 perpetuo
2674 3898 2835 3954 Pater
2863 3898 2967 3954 fuit
2998 3908 3053 3955 ct
3095 3897 3269 3955 Filius
3302 3908 3354 3953 et
3396 3898 3567 3972 Spiri-

1982 4001 2070 4049 tus
2110 4003 2354 4049 sanctus.
2387 3990 2575 4063 Neque
2622 3990 2796 4047 Filius
2834 4008 3132 4063 germanus
3165 3991 3349 4049 Patris
3376 3992 3565 4058 frater,

1981 4099 2160 4155 neque
2198 4101 2323 4140 cum
2364 4084 2458 4139 illo
2479 4084 2745 4143 confusus
2776 4094 2879 4141 est.
2915 4085 3178 4140 Similiter
3214 4102 3391 4156 neque
3421 4101 3554 4141 con-

1983 4179 2141 4234 fusus
2169 4186 2254 4234 est
2310 4176 2580 4247 Spiritus,
2622 4193 2800 4247 neque
2845 4176 3024 4234 Patris
3073 4176 3303 4249 Filiique
3342 4194 3556 4249 germa-

1984 4286 2090 4325 nus
2128 4279 2214 4325 est
2242 4287 2256 4324 :
2287 4267 2461 4325 Filius
2496 4285 2525 4324 a
2560 4270 2722 4324 Patre
2746 4269 2984 4340 genitus,
3016 4285 3047 4322 a
3087 4284 3196 4339 quo
3226 4268 3472 4339 procedit
3500 4275 3556 4324 et

1987 4360 2245 4433 Spiritus.
2269 4360 2420 4417 Adeo
2444 4367 2503 4416 ut
2527 4361 2768 4417 Trinitas
2801 4377 2867 4416 eo
2896 4361 3081 4427 modo,
3110 4361 3202 4431 qui
3244 4361 3432 4417 verbis
3469 4376 3566 4416 ex-

1985 4450 2179 4524 plicari
2213 4467 2321 4506 non
2356 4460 2558 4521 potest,
2600 4452 2657 4505 in
2694 4451 2886 4507 eadem
2932 4451 3105 4521 gloria
3140 4466 3203 4505 ac
3249 4450 3567 4505 laudatione

286 4538 679 4612 ὃιαλειπούσης
707 4542 807 4613 τῆς
840 4541 1069 4613 Τριάδος
1095 4541 1198 4613 τῆς
1223 4543 1395 4615 αὐτῆς
1418 4543 1739 4613 ἀϊδιότητος.
1764 4544 1872 4597 Πα-

1988 4544 2288 4609 consistat;
2328 4552 2380 4598 et
2425 4540 2596 4598 Filius
2653 4557 2776 4597 cum
2818 4540 2975 4597 Patre
3020 4540 3341 4614 Spirituque
3375 4551 3567 4597 sancto

285 4630 400 4702 τὴρ
433 4625 529 4685 οῦν
558 4632 647 4686 ἀεὶ
689 4633 986 4705 άγέννητος
1036 4634 1128 4688 καὶ
1161 4633 1417 4699 άκτιστος
1476 4634 1571 4689 καὶ
1608 4634 1884 4705 ἀκατάλη-

289 4740 431 4789 mo;
451 4742 468 4757 ·
504 4724 634 4789 Υἱὸς
661 4725 719 4779 δὲ
772 4728 1047 4799 γεννητὸς,
1091 4727 1208 4783 ἀλλ’
1251 4727 1506 4793 άκτιστος
1540 4728 1633 4782 καὶ
1680 4729 1884 4782 ἀκατά-

1988 4634 2528 4706 incomprehensibili
2572 4633 2787 4689 ratione
2843 4633 2915 4689 sit
2960 4634 3327 4704 conjunctns,
3389 4650 3569 4705 neque

1985 4727 2230 4784 Trinitas
2260 4706 2340 4784 ὀὶ)
2371 4743 2470 4783 sua
2507 4742 2747 4798 unquam
2780 4727 3085 4782 mlernitate
3128 4728 3377 4780 desistat.
3408 4724 3570 4779 Sem-

286 4815 519 4889 ὶηπτος.
541 4817 766 4891 Πνεῦμα
788 4819 941 4889 ἅγιον
964 4820 1071 4889 ἀεὶ,
1096 4822 1156 4873 ού
1176 4820 1454 4893 γεννητὸν,
1470 4822 1529 4875 οὐ
1559 4821 1802 4876 κτιστὸν.
1822 4822 1872 4874 οε

1987 4837 2084 4893 per
2113 4822 2281 4891 igitur
2317 4820 2593 4891 ingenitus
2651 4827 2736 4873 est
2771 4819 3157 4887 increatusque
3189 4816 3349 4871 Pater
3376 4808 3450 4869 ἐι
3485 4816 3570 4869 in-

293 4909 648 4980 συνάδελφον,
671 4912 732 4965 οὐ
763 4911 1131 4983 προπάτορον,
1155 4913 1254 4967 ούκ
1280 4912 1519 4982 ἔγγονον,
1548 4911 1663 4966 ἀλλ’
1689 4915 1753 4966 ὲκ
1784 4914 1872 4983 τῆς

1987 4912 2549 4984 comprehensibilis:
2605 4908 2777 4964 Filius
2828 4909 3046 4980 genitus
3094 4908 3349 4979 quidem,
3401 4906 3565 4978 902

289 4999 472 5071 αὐτῆς
506 5002 693 5067 οὐσίας
731 5003 943 5076 Πατρὸς
969 5005 1063 5058 καὶ
1100 5005 1252 5059 Υίοῦ.
1287 5005 1511 5076 Πνεῦμα
1546 5004 1703 5077 γάρὸ
1730 5005 1872 5068 Θεός.

1989 5004 2082 5061 sed
2127 5005 2405 5058 increatus
2428 5010 2483 5057 et
2515 5000 3085 5071 incomprehensibilis
3113 5019 3127 5054 :
3160 4999 3400 5070 Spiritus
3435 5016 3569 5053 san-

288 5099 425 5147 ctus
456 5108 565 5147 non
590 5095 829 5164 genitus.
864 5110 972 5149 non
1004 5103 1243 5162 creatus,
1276 5110 1385 5150 non
1419 5090 1739 5166 germanus.
1765 5110 1874 5149 non
1913 5110 2071 5158 avus,
2110 5110 2218 5149 non
2246 5107 2441 5163 nepos,
2470 5092 2564 5148 sed
2588 5108 2653 5147 ex
2701 5093 2889 5145 eadem
2944 5105 3069 5144 cum
3110 5090 3269 5146 Patre
3325 5090 3570 5161 Filioque

295 5186 633 5242 substantia.
661 5184 945 5255 Ejusmodi
975 5195 1059 5243 est
1078 5186 1340 5258 Spiritus,
1366 5188 1612 5257 inquam,
1635 5194 1884 5242 sanctus.
1922 5185 2163 5258 Spiritus
2184 5186 2329 5242 enim
2354 5184 2499 5239 Deus
2529 5192 2632 5239 est.

372 5279 472 5336 II'.
505 5280 618 5350 Τῆς
644 5280 701 5334 δὲ
721 5278 978 5351 τοιαύτης
1004 5277 1421 5352 ἡσφαλισμένης
1454 5277 1612 5350 ἡμῶν
1650 5276 1797 5348 ζωῆς
1825 5279 1872 5330 αἱ

2062 5276 2201 5330 Xlll.
2237 5277 2415 5346 Atque
2449 5276 2615 5346 hujus
2653 5275 2874 5346 quidem
2910 5274 3055 5329 hunc
3093 5277 3146 5329 in
3186 5274 3402 5329 modum
3439 5290 3570 5327 ρυιι⁴

299 5374 602 5448 μαρτυρίαι
637 5374 695 5426 ἐν
729 5373 878 5444 πάσῃ
916 5372 1105 5444 Γραφῇ
1142 5371 1493 5444 ὲμφέρονται.
1531 5372 1664 5425 Ἀπὸ
1687 5371 1744 5425 δὲ
1774 5371 1872 5425 τῶι

1992 5370 2198 5423 ειίιυιεε
2228 5366 2489 5423 salutaris
2521 5366 2643 5421 ﬁdei
2674 5368 2876 5437 passim
2910 5364 2965 5419 in
2993 5365 3293 5435 Scripturis
3317 5363 3573 5417 omnibus

298 5466 562 5520 πλειόνων
596 5464 756 5533 ὀλίγα
797 5462 1183 5535 παραθήσομαι
1214 5463 1356 5516 κατὰ
1385 5462 1447 5515 τὸ
1490 5461 1715 5516 δυνατόν
1735 5479 1748 5494 ·
1797 5464 1872 5516 ἶνα

1990 5467 2214 5516 exstant
2241 5459 2565 5530 consignata
2607 5460 2945 5514 testimonia.
2986 5457 3096 5511 Nos
3130 5465 3311 5509 autem
3348 5470 3411 5508 ex
3455 5455 3573 5521 plu-

296 5559 381 5631 μὴ
415 5558 729 5630 ἀμάρτυρον
767 5556 895 5628 περὶ
936 5555 1257 5633 Πνεύμαίεος
1287 5555 1380 5608 καὶ
1428 5555 1486 5609 ἐν
1531 5553 1607 5626 τῷ
1659 5554 1872 5626 παρόντι

1991 5553 2147 5609 ribus
2188 5567 2358 5623 pauca
2397 5551 2644 5622 quiedam
2683 5567 2781 5622 pro
2816 5552 2952 5606 virili
2991 5550 3329 5618 colligemus,
3379 5562 3447 5599 ne
3481 5561 3573 5599 ca-

376 5738 396 5808 }
439 5728 699 5808 Eipungo
742 5742 927 5808 negat.
961 5733 1055 5808 οὐ.Δ
1099 5732 1145 5808 _’
1184 5730 1340 5787 Joan.
1373 5748 1464 5808 xv,
1500 5730 1590 5786 ‘26.
1668 5731 1690 5764 ²
1728 5732 1862 5788 Joan

1980 5748 2029 5798 't,
2068 5733 2153 5799 Iri,
2191 5733 2274 5788 Ib.
2355 5730 2438 5785 “I
2469 5731 2594 5795 Cor,
2640 5747 2697 5794 ιι,
2736 5731 2815 5785 IO.
2897 5731 2916 5761 ⁸
2953 5726 3138 5781 Matth.
3239 5732 3401 5771 “rm
3433 5761 3444 5779 ,
3495 5721 3582 5780 l9.

300 5809 326 5842 ⁸
366 5802 738 5871 Ρεεὶξοιιῗιιι,
782 5802 904 5862 105.
980 5806 999 5837 ⁷
1039 5804 1057 5859 I
1091 5803 1215 5859 Cor.
1260 5819 1357 5870 xu,
1401 5802 1436 5857 4
1474 5818 1598 5873 sqq.

3514 5906 3547 5921 Ι
