3988 6456
517 348 618 402 499

1912 348 1970 404 S.
2008 344 2353 402 EPIPHANII
2599 343 2608 351 ’
3624 345 3704 404 500

513 463 779 519 thollcum
808 464 940 520 Illud
967 465 1036 520 de
1079 463 1285 536 Spiritu
1339 472 1532 522 sancto
1569 467 1766 538 dogma
1817 465 1938 523 sine
1969 467 2096 521 ullis

2205 463 2734 537 παρελεύσωμαιτὴν
2757 466 3050 536 ὑφήγησιν.
3079 463 3250 527 Εὐθὺς
3277 462 3370 534 μὲν
3391 463 3488 534 γὰρ
3511 465 3536 516 ὁ
3557 465 3710 538 Πατήρ

513 557 895 613 conﬁrmatum
921 558 1348 615 auctoritatibus
1382 560 1484 614 hoc
1522 558 1644 615 loco
1682 568 2094 631 pratereamus.

513 649 571 704 In
613 650 806 722 primis
845 649 990 705 enim
1025 647 1189 705 Pater
1219 651 1336 722 ipse
1373 651 1442 707 de
1467 651 1700 707 adventu
1730 650 1856 707 Filii
1905 655 1987 709 sic
2018 653 2098 708 lo-

511 741 702 810 quitur
729 757 742 795 :
777 739 1016 806 Ponant,
1053 740 1268 812 inquit,
1305 738 1567 813 Spiritum
1599 760 1769 798 meum
1801 744 1853 798 in
1881 746 2023 814 ipso,
2047 754 2096 800 et

510 831 769 896 iudicium
809 832 1052 903 gentibus
1091 835 1361 888 nuntiabit
1395 837 1432 890 ί.
1461 834 1674 902 Quibus
1711 836 1893 892 verbis
1921 835 2098 907 Spiri-

511 927 625 976 tu'm
662 938 822 978 suum
857 933 1110 979 sanctum
1155 925 1406 982 ﬁdelibus
1451 927 1706 983 omnibus
1745 927 1812 983 ad
1845 928 2099 983 obtinen-

509 1014 634 1067 dam
661 1015 892 1070 salutem
931 1031 1121 1072 verum
1176 1032 1240 1072 ac
1263 1033 1584 1090 germanum
1618 1017 1784 1075 Deum
1821 1034 1944 1076 esse
1967 1036 2099 1090 pra:-

511 1105 682 1161 tlicat.
723 1107 952 1162 Accedit
980 1107 1047 1163 ad
1079 1107 1182 1164 hoc
1212 1103 1585 1166 testimonium
1619 1109 1896 1182 Uulgenlti
1922 1113 2098 1183 ipsius

509 1199 817 1255 auctoritas
850 1219 864 1254 :
890 1197 1145 1269 Spiritus,
1173 1201 1375 1272 inquit,
1407 1201 1624 1257 Domini
1653 1219 1812 1274 super
1844 1217 1945 1269 me,
1967 1219 2094 1272 pro-

508 1295 624 1355 pter
655 1287 794 1357 quod
828 1289 981 1343 unxit
1028 1307 1109 1344 me
1142 1293 1197 1356 ';
1231 1305 1343 1362 quo
1401 1291 1551 1348 illius
1606 1294 1987 1348 incarnatione
2043 1303 2097 1350 et

510 1378 719 1449 Spiritu
786 1389 979 1436 sancto
1037 1383 1314 1446 stabilita,
1377 1389 1432 1438 et
1495 1383 1750 1440 ﬁdelibus
1808 1390 2093 1452 nuntiata,

509 1469 796 1540 ipsiusmet
825 1471 1036 1528 Christi
1082 1475 1469 1530 testiﬁcatione
1509 1487 1659 1532 certo
1691 1476 1825 1532 illud
1873 1491 2094 1533 assera-

2201 576 2335 629 φησι
2367 559 2498 629 περὶ
2525 559 2623 630 τῆς
2654 558 2749 611 τοῦ
2787 558 2915 611 Υίοῦ
2962 557 3280 628 παρουσίας,
3303 555 3380 608 ὅτι
3409 552 3637 624 Θιξσομαι
3661 556 3713 611 τὸ

2201 650 2443 720 Πνεῦμα
2471 669 2592 720 μου
2625 650 2720 704 ἐπ’
2757 651 2964 716 αὐτὸν,
3002 649 3097 702 καὶ
3130 648 3325 716 κρίσιν
3355 647 3472 715 τοῖς
3514 649 3714 703 ἔθνεσιν

2198 745 2544 814 ἀπαγγελεῖ,
2577 744 2662 796 ἶνα
2688 745 2908 815 γνήσιον
2955 739 3165 815 κηρύξῃ
3191 740 3317 793 Θεὸν
3344 739 3400 792 τὸ
3426 741 3563 809 ἅγιον
3587 742 3717 794 αὑτοῦ

2201 832 2424 903 Πνεῦμα
2447 835 2583 886 πᾶσι
2617 835 2828 896 πιστοῖς
2855 833 2933 896 είς
2983 831 3272 904 σωτηρίαν.
3310 831 3369 884 Εἰ
3396 829 3448 884 δὲ
3477 833 3502 883 ὁ
3526 833 3720 900 Moth-

2199 923 2295 994 νὴς
2333 927 2397 996 τῇ
2444 926 2582 996 αὐτῇ
2634 925 2913 997 μαρτυρίᾳ
2954 923 3210 996 προσθεὶς
3253 922 3474 990 φάσκει·
3525 920 3724 988 Πνεῦμα

2199 1017 2423 1085 Κυρίου
2473 1017 2566 1071 ἐπ’
2599 1017 2723 1088 ἐμὲ,
2757 1013 2830 1073 οὗ
2873 1017 3084 1071 ἕνεκεν
3117 1014 3321 1085 ἕχρισέ
3351 1031 3423 1084 με
3443 1031 3454 1043 ·
3485 1015 3562 1067 ἶνα
3599 1016 3628 1083 ἡ
3659 1015 3724 1065 ἕν-

2201 1127 2402 1181 σαρκος
2433 1107 2597 1163 αὑτοῦ
2645 1111 2936 1182 παρουσία,
2973 1110 3066 1163 καὶ
3096 1107 3173 1180 τῷ
3206 1107 3473 1180 Πνεύματι
3513 1106 3582 1176 τῷ
3616 1107 3724 1177 ἁγίῳ

2196 1200 2598 1274 ὴσφαλισμένη,
2638 1202 2734 1256 καὶ
2767 1203 2980 1266 πιστοῖς
3010 1198 3404 1272 κηρυττομένη,
3438 1197 3606 1266 σαφῶς
3625 1199 3726 1266 ὁμο-

2197 1293 2403 1366 λογηθῇ
2433 1294 2542 1348 ἀπὸ
2571 1294 2670 1365 τῆς
2698 1292 2793 1348 τοῦ
2827 1291 3064 1366 Χριστοῦ
3096 1290 3418 1363 μαρτυρίας,
3441 1289 3515 1341 ὅτι
3540 1288 3630 1339 οὐκ
3651 1287 3725 1340 ἀλ·

2196 1384 2406 1456 λάτριον
2436 1386 2496 1438 τὸ
2531 1385 2756 1456 Πνεῦμά
2793 1388 2909 1439 ἐστι
2933 1383 3028 1439 τοῦ
3069 1381 3224 1437 Θεοῦ.
3256 1383 3420 1436 Πάλιν
3441 1380 3494 1433 δὲ
3513 1382 3538 1432 ὁ
3563 1377 3730 1448 Κύριος

2198 1479 2328 1550 περὶ
2369 1477 2465 1532 τοῦ
2501 1478 2839 1548 Πνεύματος,
2883 1479 2964 1532 ὅτι
3005 1477 3075 1532 Τὸ
3127 1475 3370 1544 Πνεῦμα
3411 1473 3511 1527 τοῦ
3542 1473 3731 1539 Πατρός

505 1575 629 1618 tuus
685 1562 926 1618 alienum
977 1579 1007 1618 ιι
1067 1563 1179 1621 Deo
1254 1582 1602 1638 nequaquam
1646 1583 1771 1625 esse
1826 1566 2094 1640 Spiritum

2198 1588 2311 1640 μου
2341 1570 2472 1624 ἐστὶ
2506 1569 2572 1623 τὸ
2618 1571 2857 1625 λαλοῦν
2895 1569 2965 1623 ὲν
2998 1567 3161 1639 ὑμῖν.
3201 1567 3312 1620 Καὶ
3357 1565 3531 1629 πάλιν,
3559 1565 3625 1626 ὡς
3654 1564 3732 1616 οὐκ

505 1659 781 1708 sanctum.
817 1649 1061 1709 Rursum
1105 1654 1174 1710 de
1214 1654 1422 1726 Spiritu
1469 1656 1777 1714 Dominus:
1827 1660 2092 1727 Spiritus.

505 1741 704 1813 inquit,
734 1739 919 1798 Patris
965 1746 1067 1800 mei
1090 1755 1191 1811 est,
1220 1747 1310 1816 qui
1346 1747 1580 1818 loquitur
1609 1751 1663 1803 in
1700 1749 1844 1805 vobis
1879 1751 1921 1805 ⁸.
1947 1749 2096 1806 Prte-

2197 1663 2480 1734 ἀλλοτρίου
2513 1660 2607 1716 τοῦ
2641 1662 2960 1733 Πνεύματος
3005 1659 3361 1730 τυγχάνοντος
3401 1658 3493 1728 τῆς
3521 1656 3604 1709 τοῦ
3625 1655 3732 1708 Θεοῦ

2199 1757 2472 1828 θεότητος,
2497 1755 2831 1827 ἐνεφύσησεν
2863 1757 2942 1819 είς
2962 1755 3022 1808 τὸ
3050 1754 3343 1825 πρόσωπον
3370 1751 3474 1805 τῶν
3498 1749 3734 1820 μαθητῶν,

502 1840 656 1890 terea
700 1841 763 1889 ut
802 1835 873 1890 ab
906 1835 1026 1905 ipsa
1071 1835 1362 1893 divinitate
1397 1854 1506 1894 non
1538 1841 1938 1896 excludendum
1973 1857 2096 1898 esse

2200 1849 2291 1902 καὶ
2345 1818 2497 1902 es...
2533 1818 2757 1902 Αᾶεεέε
2806 1845 3050 1914 Πνεῦμα
3081 1818 3278 1915 ἅγιον.
3321 1843 3431 1896 Καὶ
3469 1818 3632 1902 πάλιν,
3669 1840 3736 1892 ἵνα

506 1922 775 1995 Spiritum
809 1925 1144 1993 ostenderet,
1182 1928 1358 1982 vultui
1388 1930 1762 2000 apostolorum
1791 1929 2013 1999 afﬂavit,
2042 1942 2096 1988 et

2198 1938 2341 2011 δείξῃ
2363 1939 2462 2010 τὴν
2493 1936 2687 1993 ἑαυτοῦ
2728 1937 2948 2009 ἰσότητα
2980 1937 3073 1992 καὶ
3132 1935 3520 2007 ὁμοουσιότητα
3549 1931 3666 2003 πρὸς
3691 1931 3738 1983 τὸ

502 2016 644 2072 divit
700 2035 715 2073 :
781 2015 1020 2086 Accipite
1061 2016 1321 2087 Spiritum
1370 2031 1615 2076 sanctum
1635 2022 1677 2078 ⁸.
1754 2022 1976 2090 Adhtec,
2037 2032 2098 2080 ut

501 2109 766 2180 aequalem
801 2126 866 2165 ac
893 2113 1423 2169 consubstantialem
1484 2130 1586 2171 suo
1615 2113 1905 2188 Patrisque
1931 2116 2098 2188 Spiri-

503 2203 582 2256 tui
614 2211 806 2258 sancto
828 2219 886 2260 se
907 2219 1032 2260 esse
1053 2214 1407 2271 monstraret,
1437 2206 1499 2263 Si
1517 2207 1742 2279 diligitis
1769 2225 1868 2274 me,
1894 2210 2093 2280 inquit,

502 2295 758 2350 mandata
788 2313 904 2352 mea
931 2308 1168 2353 servate:
1191 2309 1240 2354 et
1263 2315 1357 2371 ego
1381 2301 1576 2372 rogabo
1596 2298 1832 2367 Patrem,
1859 2312 1908 2356 et
1929 2303 2097 2356 alium

502 2386 848 2444 Paracletum
900 2389 1050 2444 dabit
1105 2391 1251 2446 vobis
1273 2392 1316 2447 ⁵.
1358 2391 1529 2459 Quasi
1583 2401 1638 2448 et
1683 2391 1948 2448 Dominus
1981 2394 2097 2465 ipse

502 2479 826 2538 Paracletus
851 2483 944 2548 sit,
976 2491 1032 2538 et
1062 2481 1306 2554 Spiritus
1338 2492 1565 2540 sanctus
1599 2485 1793 2540 eodem
1829 2484 1994 2540 modo
2024 2488 2096 2541 sit

500 2557 847 2629 Paracletus.
873 2572 1121 2644 Apostoli
1155 2589 1308 2641 vero,
1343 2583 1404 2629 ut
1437 2573 1793 2630 ostenderent
1831 2573 2096 2646 Spiritum

502 2673 758 2720 sanctum
823 2680 936 2720 non
976 2681 1103 2723 esse
1139 2682 1391 2732 servum,
1420 2665 1516 2722 sed
1559 2667 1752 2723 eadem
1803 2667 2096 2725 divinitate

504 2755 825 2827 praeditum,
891 2756 1040 2814 illius
1099 2759 1486 2814 auctoritatem
1529 2773 1594 2814 ac
1663 2761 1963 2830 potentiam
2009 2761 2095 2816 his

502 2847 687 2902 verbis
730 2846 1045 2918 signiﬁcant
1088 2865 1103 2902 :
1139 2847 1211 2902 Et
1254 2849 1392 2902 dixit
1430 2846 1660 2918 Spiritus
1701 2860 1962 2905 sanctus:
1996 2849 2092 2906 Se-

499 2946 713 3009 gregate
741 2937 870 2992 mihi
900 2938 1211 2994 Barnabam
1248 2949 1301 2994 et
1342 2938 1570 2995 Saulum
1615 2941 1668 2994 in
1702 2957 1830 3011 opus
1861 2943 1930 2996 ad
1954 2943 2094 3012 quod

499 3047 588 3086 eos
644 3031 824 3085 vocavi
857 3032 900 3095 ⁸.
951 3039 1056 3087 etc.
1110 3031 1250 3086 Tum
1302 3033 1602 3103 Apostolus
1651 3036 1843 3089 eadem
1892 3034 2096 3091 diserte

501 3125 766 3181 declarat.
822 3123 1079 3180 Dominus
1129 3143 1270 3191 vero,
1326 3126 1528 3196 inquit,
1580 3127 1815 3197 Spiritus
1854 3137 1953 3183 est.
1995 3127 2094 3182 Ubi
2121 3165 2168 3223 α

502 3228 677 3274 autem
732 3217 968 3288 Spiritus
1011 3218 1228 3274 Domini
1260 3228 1373 3283 est,
1425 3220 1536 3274 illic
1573 3220 1794 3275 libertas
1827 3223 1867 3276 ⁷.
1914 3219 2090 3277 Item:

514 3310 614 3364 Vos
649 3310 896 3379 templum
939 3310 1040 3366 Dei
1066 3312 1193 3367 estis
1215 3352 1231 3376 ,
1275 3321 1326 3367 et
1361 3311 1596 3382 Spiritus
1633 3312 1845 3368 Domini
1889 3315 2097 3370 habitat

502 3403 554 3456 in
588 3401 732 3456 vobis
766 3400 808 3456 ⁸.
849 3399 971 3477 Jam
1017 3417 1147 3458 vero
1188 3417 1313 3457 cum
1369 3405 1632 3475 templum
1675 3403 1770 3461 Dei
1821 3406 1892 3460 ob
1945 3405 2096 3460 illaut

502 3496 677 3552 sancti
726 3495 970 3568 Spiritus
1001 3495 1394 3552 habitationem
1429 3513 1713 3563 vocemur,
1759 3499 1886 3570 quis
1919 3498 2099 3569 Spiri-

499 3595 614 3642 tum
655 3587 948 3659 repudiare
1004 3588 1204 3644 audeat
1237 3596 1292 3643 et
1322 3604 1351 3642 a
1374 3587 1466 3643 Dei
1498 3588 1805 3645 substantia
1837 3589 2097 3659 rejicere;

500 3696 626 3734 cum
659 3680 867 3736 diserte
912 3679 1018 3734 hoc
1056 3679 1356 3749 Apostolus
1406 3688 1653 3745 asserat,
1696 3680 1960 3750 templum
1995 3698 2098 3737 nos

499 3785 625 3826 esse
662 3769 794 3835 Dei,
850 3779 1076 3842 propter
1104 3771 1266 3840 903
1314 3769 1581 3852 Spiritum
1619 3771 1773 3825 illum
1820 3781 2097 3837 sanctum,

2196 2028 2422 2100 Πνεῦμα
2467 2027 2633 2084 αὑτοῦ
2663 2047 2722 2082 τε
2769 2025 2985 2082 καὶτοῦ
3026 2026 3241 2099 Πατρδς
3295 2025 3456 2080 αὐτοῦ
3496 2023 3552 2076 τὸ
3593 2023 3736 2091 ἅγιον,

2195 2118 2396 2189 φησιν’
2446 2119 2582 2174 Ἐὰν
2618 2117 2890 2190 ἀγαπᾶτέ
2935 2135 3034 2188 με,
3075 2116 3182 2183 τὰς
3213 2114 3468 2182 ἐντολὰς
3509 2131 3616 2183 μου
3656 2129 3739 2173 τη-

2188 2208 2434 2277 ρήσετε.
2491 2209 2638 2280 Ἐγὼ
2691 2208 2971 2278 ἐρωτήσω
3021 2207 3127 2261 τὸν
3161 2209 3414 2272 Πατέρα,
3457 2204 3548 2258 καί
3582 2203 3741 2256 ἄλλον

2197 2301 2597 2370 Παράκλητον
2641 2300 2821 2356 δώσει
2871 2299 3044 2370 ὑμῖν
3096 2299 3174 2363 ὼς
3228 2297 3392 2352 αὑτοῦ
3443 2295 3532 2350 τοῦ
3569 2293 3741 2364 Κυρίου

2197 2395 2556 2468 Παρακλήτου
2612 2395 2796 2459 ὄντος,
2845 2395 2939 2448 καὶ
2978 2391 3071 2448 τοῦ
3122 2391 3440 2461 Πνεύματος
3487 2387 3572 2442 τοῦ
3615 2387 3742 2454 ἁγίου

2199 2489 2669 2561 συμπαρακλήτου
2712 2488 2863 2552 ὄντος
2900 2485 3122 2557 ὁμοίως.
3151 2487 3216 2538 Ol.
3247 2485 3304 2538 δὲ
3355 2480 3746 2537 dubet-010L83-

2198 2586 2475 2649 κνύοντες,
2511 2585 2593 2638 ὅτι
2633 2584 2694 2636 ού
2725 2581 2911 2634 δοῦλον
2951 2579 3212 2650 τυγχάνει
3252 2578 3314 2632 τὸ
3360 2575 3595 2646 Πνεῦμα.
3637 2569 3745 2625 ἀλλὰ

2196 2676 2294 2746 τῆς
2325 2675 2494 2746 αὐτῆς
2519 2673 2793 2745 θεότητος,
2820 2671 2919 2743 τὴν
2941 2669 3107 2724 αὑτοῦ
3130 2668 3420 2724 αύθεντίαν
3453 2662 3748 2720 ὑποδεικνύν-

2200 2784 2292 2831 τες
2321 2767 2487 2836 φασίο
2524 2765 2635 2821 Καὶ
2680 2759 2812 2818 εἷπε
2843 2761 2912 2817 τὸ
2946 2760 3190 2832 Πνεῦμα
3226 2759 3294 2812 τὸ
3334 2758 3524 2826 ἅγιον·
3564 2750 3747 2821 Ἀφορί-

2197 2859 2348 2912 σατέ
2381 2872 2478 2927 μοι
2527 2851 2844 2924 Βαρνάϐαν
2890 2852 2988 2906 καί
3037 2850 3280 2906 Σαῦλον
3319 2850 3408 2914 είς
3436 2845 3501 2900 τὸ
3532 2844 3687 2912 ἔργον
3723 2838 3747 2893 ὅ

2199 2951 2656 3020 προσκέκλημαι
2679 2947 2922 3014 αὐτοὺς,
2964 2945 3060 3000 καὶ
3087 2945 3155 2999 τὰ
3196 2944 3350 3014 ἑξῆς.
3394 2943 3454 2996 '0
3475 2941 3538 2994 δὲ
3568 2935 3748 3005 Κύριός

2197 3044 2331 3098 ἐστι
2367 3042 2436 3097 τὸ
2475 3039 2737 3112 Πνεῦμα.
2765 3036 2849 3096 Οὗ
2877 3039 2946 3093 δὲ
2986 3037 3054 3092 τὸ
3103 3037 3352 3106 Πνεῦμα
3396 3033 3626 3103 Κυρίου,
3649 3025 3748 3082 ἐκεῖ

2199 3137 2546 3205 ἐλευθερία·
2602 3135 2718 3199 καὶ,
2766 3131 2966 3202 Ὑμεῖς
2993 3130 3142 3195 ναὸς
3182 3128 3336 3184 Θεοῦ
3386 3129 3544 3186 ἐστε.
3588 3124 3671 3178 καὶ
3697 3119 3748 3174 τὸ

2199 3228 2446 3297 Πνεῦμα
2476 3227 2701 3295 Κυρίου
2726 3224 2883 3279 οἰκεῖ
2899 3225 2968 3278 ὲν
2991 3222 3156 3293 ὑμῖν.
3192 3224 3258 3276 Εἰ
3299 3221 3476 3275 τοίνυν
3503 3217 3621 3280 ναὸς
3641 3211 3750 3268 Θεοῦ

2201 3320 2513 3392 καλούμεθα
2537 3319 2626 3373 διὰ
2659 3319 2873 3394 οἴκησιν
2913 3317 3074 3386 ἁγίου
3108 3315 3249 3370 Πνεύ
3259 3331 3454 3386 ματος,
3477 3311 3558 3375 τίς
3581 3308 3751 3377 τολμήο

2201 3432 2316 3469 σειε
2351 3411 2796 3484 παραιτήσασθαι
2826 3409 2887 3463 τὸ
2924 3407 3169 3479 Πνεῦμα,
3205 3407 3303 3460 καὶ
3352 3399 3753 3474 ἀπαλλοτριῶσαι

2198 3509 2297 3579 τῆς
2326 3504 2422 3559 τοῦ
2451 3502 2586 3557 Θεοῦ
2629 3501 2838 3566 οὐσίας,
2884 3499 3070 3572 σαφῶς
3109 3499 3204 3553 τοῦ
3243 3497 3562 3553 Ἀποστόλου
3604 3493 3755 3590 λέγον-

2199 3615 2291 3660 τος
2337 3598 2485 3668 ἡμᾶς
2552 3594 2714 3658 ναοὺς
2766 3591 2903 3646 Θεοῦ
2977 3588 3260 3659 γίνεσθαι,
3312 3588 3398 3642 διὰ
3444 3587 3504 3640 τὸ
3547 3587 3758 3638 ἐνοικοῦν

2202 3687 2430 3760 Πνεῦμα
2461 3688 2614 3756 ἅγιον
2651 3687 2708 3739 ἐν
2733 3688 2848 3748 τοῖς
2878 3683 3082 3751 ἁξίοιςς
3117 3682 3242 3746 Πῶς
3264 3682 3322 3736 δὲ
3356 3680 3625 3750 ἀλλότριον
3647 3669 3755 3728 Θεοῦ

2201 3781 2354 3834 ἔσται
2387 3779 2450 3833 τὸ
2495 3778 2720 3850 Πνεῦμα
2756 3777 2820 3830 τὸ
2867 3776 3006 3848 βάθη
3047 3775 3139 3829 τοῦ
3186 3773 3326 3828 Θεοῦ
3362 3770 3627 3845 ἐρευνῶνς
3668 3762 3757 3818 Καὶ

502 3861 596 3930 qui
643 3860 700 3914 ln
748 3860 932 3931 dignis
976 3861 1280 3915 habitat’?
1323 3859 1592 3917 Praaterea
1651 3877 1891 3932 quonam
1939 3872 2100 3933 pacto

502 3954 717 4009 alienus
764 3969 796 4009 a
831 3953 944 4011 Deo
995 3963 1176 4025 potest
1237 3969 1361 4009 esse
1416 3951 1658 4025 Spiritus
1713 3953 1823 4018 ille,
1871 3957 1961 4026 qui
2006 3955 2098 4011 Dei

504 4045 778 4118 profunda
807 4053 1094 4102 scrutatur
1127 4046 1211 4100 “2
1237 4045 1347 4101 Nec
1381 4053 1466 4102 est
1493 4046 1639 4118 quod
1671 4045 1806 4100 illud
1843 4047 2095 4118 objicias,

502 4143 739 4197 scrutari
781 4142 872 4196 illa
907 4140 1160 4213 quidem,
1205 4141 1438 4196 necdum
1481 4148 1667 4198 tamen
1728 4155 2097 4213 cognoscere,

503 4245 562 4289 ut
608 4235 860 4290 nonnulli
895 4234 1296 4290 contumeliose
1338 4234 1524 4304 jacere
1557 4250 1683 4289 cum
1720 4251 1820 4291 sua
1855 4236 2096 4305 pernicie

2200 4243 2250 4295 εί
2285 4239 2498 4302 ἀσεϐῶς
2519 4241 2754 4310 νοήσεις,
2781 4236 2869 4290 διὰ
2901 4235 2962 4288 τδ
3012 4234 3087 4307 μὴ
3117 4234 3430 4289 ἐπικεῖσθαι
3466 4231 3543 4302 τῷ
3570 4225 3759 4299 ὲρευνᾷν

501 4328 621 4383 ausi
660 4335 810 4384 sunt.
838 4325 987 4382 Nihil
1018 4326 1164 4383 enim
1191 4334 1362 4392 vetat,
1396 4327 1531 4398 quin
1565 4325 1707 4382 idem
1738 4326 1803 4382 de
1829 4325 1991 4382 Patre
2017 4327 2096 4382 di-

2201 4334 2262 4387 τὸ
2289 4331 2582 4402 γινώσκειν
2619 4330 2714 4384 ἐπὶ
2753 4328 2846 4383 τοῦ
2892 4326 3227 4399 Πνεῦματος.
3261 4327 3562 4398 ἀσεϐήσαις
3595 4321 3653 4375 ἂν
3687 4315 3762 4371 καὶ

499 4428 650 4485 cant,
682 4421 750 4475 de
780 4436 892 4492 quo
932 4419 1202 4490 scriptum
1240 4427 1364 4484 est,
1409 4420 1652 4475 scrutari
1701 4419 1854 4472 illum
1887 4419 2096 4484 ventris

2205 4429 2331 4498 περὶ
2355 4425 2448 4479 τοῦ
2481 4425 2690 4496 Πατρος
2717 4421 2815 4492 τὴν
2839 4423 3009 4494 αὐτὴν
3041 4419 3492 4490 ἀναγκαζόμενος
3523 4409 3762 4486 παρεκφέ-

499 4529 758 4570 recessus
782 4513 846 4566 ".
878 4510 1063 4580 Quare
1112 4511 1159 4567 si
1203 4519 1490 4582 propterea
1532 4511 1680 4581 quod
1712 4510 1779 4566 ad
1813 4511 2096 4566 scrutandi

2206 4535 2322 4588 ρειν
2355 4517 2632 4572 ὑπόνοιαν.
2665 4513 2804 4569 υῦτε
2833 4513 2944 4584 γὰρ
2979 4512 3072 4565 ἐπὶ
3104 4512 3319 4582 Πατρὸς
3356 4509 3670 4582 ἐρευνῶντος
3686 4520 3762 4555 τι·

499 4608 728 4664 verbum
753 4605 1127 4678 cognoscendi
1159 4603 1308 4660 aliud
1333 4619 1441 4659 non
1463 4612 1548 4660 est
1574 4602 1920 4674 adjunctum,
1951 4604 2096 4674 ejus-

2209 4610 2334 4679 μεῖα
2356 4607 2565 4671 κοιλίας
2589 4607 2910 4676 πρόσκειται
2935 4606 2996 4658 τὸ
3017 4602 3309 4674 γινώσκειν
3329 4618 3340 4629 '
3370 4601 3494 4655 οὔτε
3511 4599 3614 4669 γὰρ
3632 4592 3762 4666 χρεία

503 4700 650 4756 modi
683 4700 946 4772 quiddam
999 4699 1166 4770 impie
1191 4698 1261 4754 de
1295 4696 1508 4768 Spiritu
1556 4705 1713 4768 potes
1743 4697 1928 4751 animo
1963 4713 2096 4751 cun-

2205 4697 2272 4772 ἦν
2307 4702 2504 4762 εἰπεῖν’
2539 4699 2727 4768 σαφῶς
2757 4699 3095 4770 δηλουμένης
3119 4697 3222 4766 τῆς
3260 4695 3358 4748 τοῦ
3385 4693 3521 4748 Θεοῦ
3550 4701 3762 4760 προγνωο

501 4795 714 4865 cipere,
751 4811 860 4850 non
896 4793 1082 4850 minus
1123 4795 1178 4848 in
1222 4789 1442 4847 Patrem
1479 4791 1680 4862 impius
1724 4789 1802 4847 sis
1847 4799 2096 4861 oportet,

2208 4791 2354 4856 σίας,
2379 4790 2488 4844 ἀπὸ
2525 4788 2625 4842 τοῦ
2677 4791 2904 4861 ἐρευνᾷν
2957 4788 3017 4842 τὸ
3067 4786 3271 4840 τέλειον
3317 4785 3421 4856 τῆς
3475 4779 3763 4871 ἀποφάσεως

501 4886 570 4942 de
594 4902 704 4957 quo
725 4886 974 4943 eamdem
1003 4886 1219 4959 cogeris
1242 4884 1488 4956 proferre
1519 4883 1868 4940 sententiam.
1885 4882 2096 4954 Quippe

2206 4882 2457 4954 ἐχούσης.
2507 4881 2664 4935 Οῦτω
2703 4899 2796 4953 μοι
2838 4880 2935 4935 καὶ
2979 4881 3106 4951 περὶ
3134 4877 3458 4947 Πνεῦματος
3507 4871 3595 4926 καὶ
3656 4866 3762 4917 Υἱοῦ

502 4995 628 5032 cum
659 4983 862 5038 ventris
888 4981 1011 5035 illos
1036 4995 1292 5036 recessus
1316 4977 1654 5050 perscrutari
1680 4976 1841 5032 Pater
1867 4977 2093 5041 dicitur,

2207 4977 2301 5030 καὶ
2338 4975 2552 5047 Πατρὸς
2587 4974 2685 5045 τὴν
2733 4974 2864 5044 μίαν
2893 4972 3095 5042 γνῶσιν
3129 4971 3224 5024 καὶ
3277 4971 3381 5042 τὴν
3429 4962 3762 5039 προγνωσίανο

502 5072 657 5129 nulla
704 5072 760 5125 lit
807 5073 1140 5143 cognitionis
1194 5075 1420 5130 mentio.
1457 5070 1645 5143 Neque
1684 5087 1814 5126 vero
1869 5087 2096 5127 necesse

2207 5067 2395 5138 σαφῶς
2426 5066 2656 5138 ἐχούσης
2685 5065 2784 5136 τῆς
2813 5065 2976 5134 ἁγίας
3008 5063 3236 5136 Τριάδος
3265 5061 3367 5133 τὴν
3396 5054 3691 5124 τελειότητά
3716 5064 3763 5101 τε

506 5164 609 5221 luit
638 5162 784 5220 istud
823 5165 1044 5227 addere,
1079 5180 1203 5219 cum
1240 5166 1330 5220 Dei
1379 5164 1682 5234 anticipata
1718 5163 1808 5216 illa
1854 5163 2096 5234 cognitio

2207 5163 2300 5216 καὶ
2333 5161 2658 5232 ταυτότητα.

2207 3873 2280 3944 μὴ
2309 3871 2435 3940 λέγε
2465 3889 2556 3942 μοι
2576 3888 2591 3905 ι
2631 3871 2876 3943 Ἐρευνᾷ,
2920 3870 3013 3922 καὶ
3045 3867 3198 3923 οὔπω
3227 3867 3509 3936 γινώσκει.
3550 3864 3620 3926 ῶς
3641 3873 3757 3918 τινες

2199 3964 2444 4036 τολμῶσι
2491 3964 2854 4034 βλασφημεῖν,
2897 3963 2992 4015 καὶ
3037 3961 3265 4024 ἑαυτοὺς
3311 3957 3586 4013 ἀπολύειν.
3633 3947 3758 4004 Ἐπεὶ

2200 4057 2266 4113 ἂν
2297 4057 2392 4112 καὶ
2422 4057 2555 4110 αὐτὸ
2586 4055 2780 4120 λέξωσι
2810 4053 2938 4125 περὶ
2983 4052 3076 4106 τοῦ
3134 4051 3374 4122 Πατρὸς,
3409 4051 3490 4104 ὅτι
3533 4046 3620 4101 καὶ
3656 4038 3760 4112 περὶ

2201 4150 2369 4204 αὐτοῦ
2399 4148 2732 4219 γέγραπται,
2755 4145 2840 4198 ὅτι
2886 4143 3136 4212 Ἐρευνᾷ
3167 4142 3382 4212 ταμεῖα
3407 4139 3647 4204 κοιλίας.
3674 4131 3760 4186 Kal

506 5258 794 5331 perspicue
814 5257 1176 5344 signiﬁcetur,
1204 5267 1259 5314 et
1280 5276 1346 5314 ex
1393 5261 1515 5332 ipso
1567 5257 1850 5316 scrutandi
1902 5259 2172 5314 vocabulo
2221 5257 2462 5328 perlecta
2508 5255 2782 5311 sententia
2834 5252 3119 5345 reddatur.
3169 5250 3250 5306 Ad
3307 5243 3762 5345 eumdemitattl—It!

428 5403 432 5407 .
506 5353 729 5408 modum
766 5351 835 5406 de
868 5339 1076 5420 Spiritu
1118 5359 1173 5405 et
1229 5349 1367 5405 Filio
1428 5361 1483 5408 et
1531 5351 1695 5407 Patre
1763 5350 2128 5421 pronuntiare
2162 5348 2520 5416 convenit,et
2569 5362 2734 5401 unam
2757 5347 2826 5402 iis
2883 5344 3252 5416 cognitionem
3289 5355 3357 5396 ac
3397 5339 3762 5410 praescienttam

503 5446 752 5501 tribuere
774 5487 790 5510 ,
824 5460 892 5499 eo
952 5443 1100 5514 quod
1143 5454 1495 5499 sacrosancta
1539 5444 1786 5501 Trinitas
1827 5460 1928 5500 sua
1963 5445 2110 5501 haud
2139 5443 2306 5500 dubie
2335 5441 2672 5512 perfectione
2701 5448 2756 5494 et
2781 5437 3069 5494 identitate
3094 5442 3327 5490 constet.

582 5541 722 5597 xw.
765 5509 874 5595 Sed
898 5509 1085 5600 dehis
1112 5540 1371 5596 omnibus
1399 5541 1610 5596 inlinita
1639 5543 1888 5614 quaedam
1913 5541 2096 5612 dispu-

2409 5540 2522 5592 Καὶ
2564 5536 2823 5609 ἀμύθητα
2873 5531 2991 5588 ἔστι
3044 5534 3176 5606 περὶ
3222 5528 3430 5583 τούτων
3459 5523 3648 5592 λέγειν,
3688 5509 3764 5568 καὶ

573 5720 585 5751 ί
626 5719 735 5775 lsa-
778 5731 910 5781 XLII,
950 5723 999 5776 l.
1103 5725 1122 5754 ³
1167 5721 1271 5776 Isa.
1303 5735 1422 5781 ut,
1456 5721 1507 5774 l.
1587 5722 1605 5752 ³
1645 5721 1836 5776 Matth.
1874 5738 1927 5783 ι,
1958 5721 2049 5774 9.0.
2128 5720 2152 5753 ⁸
2187 5719 2346 5775 Joau.
2381 5735 2470 5781 xx,
2498 5718 2587 5772 2'3.
2671 5718 2690 5746 '
2729 5714 2887 5771 Joan.
2923 5729 3033 5775 xw,
3082 5710 3263 5783 15Λϐζ
3343 5708 3362 5738 ⁸
3396 5707 3516 5762 Act.
3564 5715 3681 5762 xm,
3713 5690 3759 5748 2-

491 5779 742 5846 ’Προιύ
786 5779 984 5849 111,17.
1059 5795 1078 5827 ⁸
1116 5792 1294 5849 lCor.
1333 5779 1418 5854 ιιι,
1452 5788 1538 5844 l6.
1611 5793 1680 5848 ἰ
1715 5792 1838 5849 Cor.
1875 5779 1973 5858 xit,
2001 5793 2034 5846 9
2073 5807 2200 5862 sqq.
2283 5790 2324 5821 ¹⁰
2358 5790 2376 5843 l
2409 5779 2606 5856 Calan,
2643 5787 2727 5842 l0.
2809 5789 2847 5818 “
2883 5784 3045 5840 Prov.
3077 5799 3164 5850 xx,
3194 5781 3277 5836 27.
