3988 6398
166 338 167 347 “
263 338 365 396 50!

1002 331 1364 390 ADVERSUS
1398 328 1736 387 IUERESES
1775 328 1883 386 LIB

1989 331 2033 386 Ι.
2072 330 2236 387 ΤΟΜ,
2279 326 2679 390 1.-11ιΕ1ίΕ8,
2720 322 2955 380 LXXIV.

3409 328 3513 383 502

265 422 387 510 ἀπδ
407 454 556 518 θείας
586 453 807 526 Γραφῆς
848 450 1010 523 δγκον
1043 449 1358 524 μαρτυριῶν
1390 449 1597 521 φέρειν,
1628 447 1721 501 καὶ
1760 448 1839 509 είς
1869 466 1883 510 λ

1987 450 2044 503 ιτί
2082 456 2332 519 possunt,
2365 447 2734 504 etinnumerze
2761 446 2937 504 sacris
2968 458 3000 500 e
3027 442 3247 499 Litteris
3277 443 3514 497 auctori-

268 546 471 609 πλάτος
500 543 879 616 ἐπιμηκύνειν,
908 543 1003 597 καὶ
1046 542 1292 613 κάματον
1324 541 1572 612 ἐμποιεῖν
1597 539 1711 602 τοῖς
1754 538 1843 589 εν-

1952 547 2094 594 tates
2116 539 2320 602 aﬂerri,
2356 548 2416 594 ut
2450 539 2502 593 iu
2529 538 2749 611 longum
2780 536 3053 608 producta
3080 534 3375 589 lectoribus
3401 547 3517 587 mo-

268 633 646 702 τυγχάνουσιν.
689 630 959 704 ’Δρκετῶς
990 629 1106 704 γάρ
1131 631 1190 684 ὲν
1233 629 1387 704 πάσῃ
1415 628 1624 697 αἱρέσει
1674 626 1849 681 πολλά

1987 640 2083 686 Ista
2112 632 2185 687 sit
2215 631 2410 685 oratio.
2464 629 2573 686 Sed
2615 645 2715 685 nos
2744 630 2800 684 in
2833 641 3159 699 unaquaque
3186 622 3518 681 confutanda

271 723 537 789 εἰπόντες,
569 721 669 786 τὰς
691 722 871 786 πάσας
901 723 961 776 ιν
989 721 1125 775 Θεοῦ
1160 721 1386 792 δυνάμει
1422 719 1585 791 ἡμεῖς
1612 720 1661 771 ot
1689 714 1852 771 ἀσθε-

275 816 385 876 νεῖς
416 810 814 884 ἀνεστρέψαμεν,
846 812 943 867 καὶ
982 811 1346 883 ἀπεδείξαμεν
1369 808 1657 882 ἀλλοτρίας
1685 806 1853 871 οῦσας

279 906 378 976 τῆς
400 902 677 977 ἀληθείας,
700 900 795 960 καὶ
814 904 1054 976 ἑκάστην
1078 903 1260 958 αὐτῶν
1288 901 1499 973 βλασφη
1506 899 1736 973 μοῦσαν,
1760 899 1856 953 καὶ

276 993 619 1067 ἀρνουμένην
641 996 743 1067 την
775 994 1054 1068 ἀλήθειαν,
1087 994 1192 1050 κάν
1219 1007 1279 1048 τε
1309 996 1369 1048 ὲν
1411 990 1624 1064 βραχεῖ,
1659 989 1762 1045 κάν
1790 1006 1851 1043 τε

279 1088 339 1140 ὲν
371 1086 553 1160 πολλῷ
573 1101 589 1119 ⁸
616 1087 694 1153 ὡς
722 1090 818 1143 καὶ
860 1082 1004 1143 οῦτοι
1038 1087 1216 1158 μάτην
1248 1085 1331 1150 είς
1360 1083 1452 1138 τὸν
1489 1081 1690 1156 Κύριον
1725 1079 1857 1153 βλα-

279 1177 621 1252 σφημοῦντες
682 1179 778 1234 καὶ
808 1173 889 1243 είς
912 1176 978 1233 τὸ
1005 1178 1162 1248 ἀγιον
1200 1176 1443 1247 Πνεῦμα,
1472 1175 1567 1229 καὶ
1609 1172 1683 1246 μὴ
1711 1173 1861 1245 ἔχονο

280 1288 367 1336 τες
399 1273 537 1344 μήτε
564 1270 816 1336 ενταῦθα,
853 1271 990 1344 μήτε
1027 1271 1086 1323 ὲν
1110 1268 1189 1340 τῷ
1229 1266 1475 1341 μέλλοντι
1508 1265 1690 1331 αἰῶνι,
1719 1261 1863 1319 κατά

281 1364 349 1420 τὰ
400 1365 509 1419 ὑπὸ
566 1364 773 1434 Κυρίου
836 1361 1132 1434 είρημένα,
1192 1360 1386 1430 ἄφεσιν
1442 1353 1725 1429 ἁμαρτιῶν
1775 1351 1863 1409 διά

281 1454 378 1527 τὴν
404 1451 486 1519 είς
511 1453 573 1508 τδ
600 1453 757 1523 ἀγιον
789 1451 1015 1523 Πνεῦμα
1042 1449 1408 1522 βλασφημίαν,
1442 1444 1855 1517 καταπατηθένο

282 1561 372 1611 τες
406 1546 501 1600 ὑπ’
546 1544 716 1617 αὐτῆς
743 1546 843 1617 τῆς
874 1543 1132 1616 ἀληθείας
1176 1542 1334 1615 δίκην
1377 1539 1646 1614 κεράστου
1687 1534 1863 1593 δεινοῦ

286 1635 677 1708 μονοκέριιντος,
727 1634 824 1690 τοῦ
863 1633 956 1689 νοῦ
998 1633 1102 1705 τῆς
1150 1630 1503 1704 βλασφημίας
1564 1627 1865 1701 δυναμένου

285 1726 406 1782 ἔλον
447 1727 510 1782 τὸ
547 1726 705 1799 σῶμα
746 1726 1029 1798 φθείρειν*
1066 1723 1383 1788 πεισθέντες
1430 1720 1509 1793 τῷ
1562 1720 1660 1776 τοῦ
1707 1718 1866 1788 ξύλου

286 1818 451 1890 λόγῳ,
490 1818 584 1872 καὶ
605 1819 673 1889 τῇ
701 1817 796 1871 τοῦ
827 1814 1167 1886 Μονογενοῦς
1208 1811 1436 1887 ἀληθινῇ
1476 1811 1758 1885 ὁμολογίᾳ,
1784 1810 1867 1865 δτι

1951 721 2142 776 haeresi
2174 720 2309 777 satis
2356 721 2524 776 multa
2557 720 2669 790 jam
2704 718 2967 779 diximus,
3004 727 3059 771 et
3106 729 3300 771 omnes
3333 712 3520 767 divino

1954 811 2206 884 praesidio
2242 813 2363 868 l‘reti
2394 828 2494 870 nos
2525 812 2653 868 licet
2681 806 2981 866 imbecilles
3008 807 3330 869 evertimus,
3351 812 3524 875 atque

1956 918 1986 957 a
2012 900 2241 959 veritate
2269 916 2392 960 esse
2420 905 2627 960 alienas
2680 902 3044 968 ostendimus;
3086 913 3299 956 necnon
3323 905 3376 951 et
3410 891 3526 950 sin-

1954 996 2111 1068 gulas
2137 993 2253 1051 sive
2279 996 2334 1051 in
2366 996 2562 1066 exigua
2593 995 2777 1066 aliqua
2810 1009 2867 1049 re
2888 1034 2904 1061 ,
2935 990 3050 1049 sive
3078 991 3133 1045 in
3165 986 3359 1058 majori
3389 983 3527 1040 veri-

1957 1086 2054 1140 tati
2089 1084 2484 1140 coiitumeliose
2517 1080 2803 1140 detrahere
2864 1089 3030 1152 atque
3074 1078 3328 1148 ablegare
3355 1073 3530 1129 fundi-

1957 1183 2067 1232 tus.
2098 1174 2255 1242 Quod
2282 1177 2501 1248 quidem
2532 1182 2588 1231 et
2615 1174 2706 1231 isti
2741 1173 2921 1229 facere
2950 1171 3269 1229 instituunt.
3305 1171 3398 1239 qui
3424 1164 3530 1220 Do-

1958 1266 2167 1323 minum
2217 1276 2282 1323 ac
2341 1267 2607 1339 Spiritum
2653 1273 2903 1323 sanctum
2941 1262 3143 1321 frustra
3185 1257 3531 1317 contumeliis

1959 1367 2225 1423 onerant,
2272 1370 2450 1429 neque
2492 1366 2588 1413 aut
2614 1357 2703 1413 hic
2736 1364 2832 1412 aut
2875 1355 2929 1410 in
2983 1353 3170 1409 futuro
3204 1348 3436 1412 sacculo,
3475 1356 3536 1402 ut

1963 1448 2177 1504 Domini
2207 1448 2388 1505 verbis
2417 1460 2539 1504 utar
2564 1451 2610 1515 ',
2637 1452 2989 1521 peccatorum
3026 1442 3414 1501 relaxationem
3465 1439 3535 1494 ob

1964 1551 2120 1593 suam
2169 1534 2317 1591 illam
2370 1537 2425 1593 in
2502 1534 2768 1609 Spiritum
2838 1543 3088 1592 sanctum
3144 1531 3537 1603 blasphemiam

1963 1627 2211 1684 obtinere
2253 1637 2530 1699 possunt:
2569 1631 2663 1703 qui
2713 1628 2782 1685 ab
2816 1630 2933 1699 ipsa
2963 1625 3194 1682 veritate
3235 1622 3539 1695 proculcati
3574 1632 3579 1637 ‘

1966 1724 2117 1783 sunt,
2175 1727 2406 1775 cerastae
2450 1719 2737 1786 cujusdam
2794 1719 2966 1774 instar
2996 1717 3221 1783 atrocis,
3271 1723 3325 1769 et
3376 1712 3541 1767 unico

1969 1822 2141 1864 cornu
2169 1808 2466 1865 metuendi.
2487 1808 2637 1867 Talis
2667 1810 2811 1865 enim
2840 1814 2922 1864 est
2945 1804 3296 1877 blasphemiae
3322 1817 3543 1869 sensus,

286 1904 366 1978 τῷ
398 1886 805 1978 βλασφημοῦντι
841 1907 921 1970 εἰς
960 1906 1023 1960 τὸ
1056 1886 1455 1975 Πνεῦμαίοῦτε
1497 1903 1555 1957 ὲν
1591 1901 1670 1973 τῷ
1711 1899 1867 1956 αίῶνι

1987 1899 2060 1971 lui
2096 1914 2299 1971 corpus
2349 1901 2665 1958 universum
2701 1915 3061 1972 corrumpere
3099 1904 3300 1972 potest.
3345 1890 3411 1949 Et
3442 1904 3545 1949 nos

287 1997 483 2070 τούτῳ,
527 1996 650 2052 οὔτε
687 1999 747 2052 ὲν
786 1996 866 2069 τῷ
910 1996 1155 2070 μέλλοντι
1183 1995 1536 2068 ἀφεθήσεται,
1581 1993 1658 2058 ὡς
1698 1992 1868 2063 ἔφην·

289 2088 768 2161 καταπατηθέντες
792 2090 885 2144 καὶ
903 2088 1302 2162 συντριϐέντες,
1336 2087 1411 2159 μὴ
1438 2085 1711 2158 ἰσχύοντες
1731 2082 1873 2138 κατά

288 2180 392 2253 τῆς
411 2179 689 2252 ἀληθείας.
715 2178 886 2236 Πύλαι
907 2181 1017 2254 γὰρ
1045 2181 1173 2253 ᾅδου
1198 2178 1415 2251 ἀληθῶς
1443 2176 1617 2232 πᾶσαι
1646 2177 1702 2232 αί
1724 2174 1876 2247 αἱρέ-

292 2284 411 2337 ms
428 2289 446 2305 ‘
475 2268 611 2326 ἀλλᾶ
649 2271 792 2327 κατὰ
819 2273 918 2344 τῆς
951 2270 1158 2346 πέτρας
1180 2271 1243 2334 οὐ
1283 2269 1692 2341 κατισχύσουσι,
1719 2280 1875 2319 τουτ-

290 2358 414 2412 έστι
450 2358 592 2414 κατά
627 2361 729 2430 τῆς
764 2359 1039 2431 ἀληθείας.
1072 2360 1188 2415 Κᾶν
1218 2376 1278 2413 τε
1301 2358 1411 2432 γὰρ
1444 2357 1504 2423 εξ
1524 2357 1703 2411 αὐτῶν
1727 2368 1874 2416 τινες

294 2446 583 2520 θελήσειαν
608 2447 808 2517 λέγειν,
834 2446 917 2503 ὅτι
944 2449 1057 2521 Τὴν
1086 2450 1183 2521 μὲν
1219 2449 1403 2503 πίστιν
1433 2449 1533 2517 τὴν
1561 2443 1875 2500 ἑκτεθείσαν

293 2539 443 2594 κατά
462 2536 700 2594 Νίκαιαν
723 2541 819 2595 καὶ
846 2539 1000 2593 αὐτοὶ
1027 2539 1414 2612 ὁμολογοῦμεν.

294 2634 527 2689 mnnino
570 2633 769 2689 virium
807 2631 1008 2690 habere
1050 2640 1303 2706 possunt.
1347 2632 1573 2701 Etiamsi

1970 1990 2190 2061 quidem
2240 1988 2454 2044 Domini
2496 2002 2748 2047 sermone
2780 1999 2835 2046 et
2866 1988 3142 2062 Unigeniti
3177 2002 3304 2044 vera
3338 1983 3548 2057 profes-

1970 2080 2127 2135 sione
2148 2079 2397 2151 persuasi
2422 2080 2696 2137 credimns
2713 2081 2784 2145 ei,
2805 2079 2899 2151 qui
2924 2076 3316 2150 blasphemarit
3337 2075 3391 2129 in
3417 2072 3542 2144 Spi-

1972 2162 2138 2225 ritum
2178 2178 2451 2236 sanctum,
2488 2184 2665 2243 neque
2699 2171 2754 2226 in
2781 2171 2885 2227 hoc
2919 2171 3121 2227 saeculo
3149 2183 3252 2223 nec
3280 2167 3334 2222 in
3359 2168 3542 2221 futuro

1976 2256 2396 2316 condonandum
2431 2276 2556 2329 esse
2601 2269 2916 2333 peccatum,
2965 2264 3025 2317 ut
3071 2256 3332 2315 diximus.
3366 2257 3549 2323 Quare

1980 2350 2279 2421 proelilcati
2348 2350 2427 2407 illi
2482 2360 2537 2409 et
2575 2353 2757 2409 obtriti
2795 2361 2958 2420 sunt;
3008 2366 3112 2407 nec
3151 2349 3366 2405 veritati
3410 2345 3554 2401 resi-

1979 2450 2125 2495 Stere
2149 2447 2460 2511 potuerunt.
2488 2439 2621 2496 Nam
2654 2440 2889 2498 inereses
2917 2452 3109 2497 omnes
3161 2452 3350 2495 revera
3382 2442 3553 2507 porta:

1980 2537 2110 2585 sunt
2136 2527 2435 2587 inferorum
2462 2532 2507 2597 ',
2540 2548 2660 2605 quae
2682 2530 2847 2606 904
2878 2533 3142 2590 adversus
3181 2537 3386 2603 petram
3409 2525 3548 2583 nihil

1695 2641 1762 2684 ex
1827 2623 1936 2680 illis
2001 2625 2248 2680 nonnulli
2290 2623 2438 2681 istud
2482 2626 2721 2697 obiicere
2768 2626 3036 2681 voluerint
3071 2616 3215 2682 :Nos
3266 2634 3388 2678 eam
3432 2619 3554 2674 fidei

296 2725 594 2782 formulam
617 2765 632 2791 ,
671 2738 794 2798 qua:
819 2722 873 2782 in
904 2724 1122 2782 Niemna
1158 2724 1373 2798 synodo
1394 2722 1648 2795 exposita
1686 2727 1792 2785 est,
1822 2725 1878 2773 et
1905 2716 2008 2787 ipsi
2042 2717 2382 2787 proﬁtemur.

375 2842 555 2911 Δεῖξον
581 2843 640 2900 δέ
675 2861 765 2919 μοι
793 2845 888 2900 ἀπ’
928 2845 1121 2917 αὐτῆς,
1154 2843 1236 2900 ὃτι
1270 2843 1333 2900 τὸ
1370 2843 1525 2913 ἅγιον
1569 2836 1796 2911 Πνεῦμα
1827 2837 1887 2891 ἐν

296 2935 373 3009 τῇ
410 2934 622 3010 θεότητι
657 2935 1069 3010 συναριθμεῖται
1088 2953 1102 2969 ’
1130 2934 1516 3010 εὑρεθήσονται
1553 2932 1648 2988 καὶ
1673 2930 1768 2986 ἀπ’
1794 2928 1895 2986 αὐ-

299 3030 405 3101 τῆς
433 3028 797 3101 ἐλεγχόμενοι.
822 3028 898 3084 Οὐ
921 3028 1109 3099 γέγονε
1137 3029 1195 3083 δὲ
1222 3025 1345 3083 τότε
1367 3027 1497 3100 περὶ
1520 3023 1614 3080 τοῦ
1644 3023 1889 3094 Πνεῦμα-

299 3121 454 3196 τοςή
480 3117 723 3195 ζήτησις.
753 3119 899 3195 Πρὸς
921 3121 1030 3193 γὰρ
1068 3120 1130 3176 τδ
1160 3118 1465 3176 ὑποπίπτον
1501 3119 1558 3172 ἐν
1588 3113 1764 3186 καιρῷ
1789 3113 1886 3168 καὶ

303 3211 486 3287 καιρῷ
510 3216 567 3269 αί
597 3210 804 3269 σύνοδοι
831 3213 929 3287 τὴν
949 3210 1250 3284 ἀσφάλειαν
1276 3211 1577 3267 ποιοῦνται.
1614 3206 1767 3262 Ἐπεὶ
1792 3203 1886 3260 οὖν

300 3308 340 3364 ὁ
366 3309 582 3382 Ἄρειος
606 3304 686 3373 είς
705 3306 798 3363 τδν
818 3303 946 3362 Υίὸν
966 3306 1067 3380 τὴν
1089 3302 1397 3379 δυσφημίαν
1417 3299 1751 3368 ἀπετείνετο,
1768 3297 1891 3353 τού-

305 3416 405 3454 του
433 3398 595 3455 ἕνεκα
623 3398 764 3468 μετά
789 3396 1055 3471 περισσῆς
1088 3394 1343 3469 διαλογῆς
1369 3390 1628 3467 ἀκρίϐεια
1667 3388 1775 3445 τῶν
1800 3388 1889 3444 λό-

306 3504 430 3559 γων
467 3489 781 3562 γεγένηται.
817 3488 961 3562 Ὅρα
1002 3488 1061 3544 δὲ
1101 3484 1197 3543 ἀπ’
1223 3483 1396 3557 αὐτῆς
1432 3480 1530 3557 τῆς
1582 3479 1891 3555 ὁμολογίας,

312 3579 400 3635 δτι
425 3578 548 3634 οὔτε
572 3581 631 3635 ἐν
660 3580 834 3653 τούτῳ
862 3575 1249 3653 εὖρεθήσονταί
1275 3595 1328 3632 τι
1365 3572 1615 3648 λέγοντες
1648 3574 1698 3628 οἱ
1726 3574 1807 3637 είς
1835 3570 1896 3626 τὸ

312 3668 547 3743 Πνεῦμα
588 3668 1055 3744 βλασφημοῦντες,
1102 3672 1151 3725 oi
1194 3667 1644 3741 Πνευματομάχοι
1675 3663 1770 3720 καὶ
1804 3660 1898 3717 ἀλ-

309 3762 518 3835 λθτριοι
540 3766 639 3836 τῆς
657 3762 820 3817 αὑτοῦ
841 3762 1048 3835 δωρεᾶς
1072 3761 1167 3815 καὶ
1193 3757 1502 3830 ἀγιαστίας.
1533 3754 1710 3821 Εὐθὺς
1728 3755 1837 3828 γὰρ
1863 3755 1897 3825 ἡ

315 3852 535 3918 ἓκθεσις
561 3853 834 3924 ὁμολογεῖ,
864 3854 957 3907 καὶ
978 3848 1079 3907 οὐκ
1099 3851 1362 3925 ἀρνεῖται.
1397 3848 1765 3919 Πιστεύομεν
1790 3843 1900 3917 γὰρ

313 3950 409 4016 εις
440 3946 548 4002 ἕνα
580 3946 731 4002 Θεὸν
780 3945 1013 4016 Πατέρα
1050 3944 1520 4016 παντοκράτορα.
1570 3940 1645 3996 Τδ
1687 3936 1767 4008 δὲ,
1796 3938 1900 3994 Πι-

316 4041 644 4110 auriam,
672 4039 771 4110 οὐχ
795 4038 980 4103 ἁπλῶς
1008 4039 1248 4111 είρηται,
1278 4035 1416 4092 ἀλλά
1435 4036 1470 4107 ἠ
1498 4034 1676 4098 πίστις
1709 4034 1789 4097 είς
1811 4030 1903 4086 τὸν

317 4130 479 4186 Θεόν.
506 4131 617 4188 Καὶ
666 4131 755 4198 είς
792 4126 901 4185 ἕνα
932 4127 1156 4201 Κύριον
1196 4126 1442 4199 Ἰησοῦν
1482 4126 1760 4197 Χριστόν.
1790 4124 1904 4195 Οὐχ

318 4222 514 4288 ἅπλῶς
549 4221 785 4296 εἴρηται,
836 4219 949 4275 ἀλλ’
973 4221 1052 4287 είς
1084 4217 1215 4274 Θεδν
1256 4216 1292 4290 ἡ
1338 4218 1540 4280 πίστις.
1588 4214 1699 4271 Καὶ
1726 4216 1813 4282 είς
1838 4210 1905 4268 τὸ

320 4314 499 4386 ἅγιον
534 4314 806 4384 Πνεῦμω
860 4315 956 4369 καὶ
1000 4310 1101 4384 οὐχ
1149 4309 1336 4374 ἀπλῶς
1389 4304 1628 4381 εἴρηται,
1666 4304 1782 4361 ἀλλ’
1825 4305 1905 4368 είς

328 4405 463 4478 μίαν
515 4403 823 4475 δοξολογίαν
861 4404 957 4459 κα)⁵
986 4404 1065 4467 είς
1110 4399 1240 4475 μίαν
1291 4398 1485 4454 ἕνωσιν
1531 4395 1783 4468 θεότητος
1811 4393 1908 4449 καὶ

330 4497 462 4573 μίαν
482 4496 893 4570 ὁμοουσιότητα,
916 4495 994 4559 είς
1019 4495 1149 4568 τρία
1169 4490 1373 4556 τέλεια,
1407 4489 1536 4562 μίαν
1565 4487 1623 4542 δὲ
1650 4485 1905 4559 θεότητα,

2059 2833 2204 2894 Doce
2235 2834 2402 2910 igitur
2429 2854 2496 2895 ex
2534 2839 2626 2895 illa
2667 2837 2929 2910 Spiritum
2967 2843 3215 2893 sanctum
3261 2833 3317 2887 in
3357 2828 3560 2886 divini-

1987 2934 2099 2983 tate
2117 2928 2396 2985 numerari
2421 2947 2434 2984 :
2458 2929 2622 2985 etiam
2658 2929 2748 2982 illa
2788 2928 2907 2999 ipsa
2935 2925 3279 2982 confessione
3305 2919 3579 2976 refellem-

1987 3028 2095 3075 tur.
2124 3016 2445 3091 Quanquam
2480 3019 2627 3074 nulla
2654 3029 2766 3075 tum
2806 3019 2875 3074 de
2905 3016 3110 3087 Spiritu
3147 3021 3341 3073 sancto
3384 3011 3565 3066 fuerat

1989 3108 2238 3163 instituta
2270 3107 2521 3181 quaestio.
2555 3104 2770 3179 Quippe
2808 3107 2877 3162 de
2901 3106 2985 3162 bis
3009 3120 3131 3175 quas
3156 3101 3389 3174 singulis
3421 3107 3561 3156 tem-

1992 3198 2217 3271 poribus
2244 3208 2541 3271 oecurrunt
2562 3243 2577 3270 ,
2609 3215 2802 3256 cavere
2828 3196 3024 3270 synodi
3059 3212 3124 3253 ac
3150 3196 3445 3253 decernere
3473 3205 3566 3247 so-

1993 3292 2123 3347 lent.
2154 3286 2334 3359 Quare
2373 3308 2497 3348 cum
2528 3290 2692 3347 Arius
2723 3290 2775 3344 in
2816 3288 3018 3344 Filium
3060 3285 3352 3342 maledicta
3386 3280 3566 3352 conji-

1992 3390 2174 3449 ceret,
2208 3391 2494 3455 propterea
2533 3374 2770 3439 uberiori
2796 3374 3032 3453 quadam
3074 3373 3448 3447 disputatione
3478 3386 3568 3425 ar-

1993 3485 2308 3545 gumentum
2349 3473 2481 3531 illud
2527 3482 2611 3530 est
2647 3471 3059 3529 accuratissime
3108 3472 3425 3522 tractatum.
3463 3461 3570 3518 Ve-

1995 3580 2116 3620 rum
2172 3578 2235 3621 ex
2294 3564 2484 3621 eadem
2545 3562 2667 3619 ﬁdei
2724 3560 3067 3633 professione
3126 3553 3569 3611 animadvertere

1997 3656 2155 3724 licet,
2190 3674 2262 3715 ne
2307 3657 2410 3713 hac
2451 3658 2510 3713 in
2551 3664 2703 3728 parte
2735 3653 2955 3726 quidem
2987 3647 3413 3707 contumeliosos
3445 3644 3571 3699 illos

1998 3746 2053 3807 in
2089 3746 2352 3823 Spiritum
2405 3748 2691 3805 haereticos
2726 3760 2790 3801 ac
2842 3743 3083 3815 Spiritus
3130 3743 3570 3812 oppugnatores,

1998 3851 2052 3899 et
2096 3838 2165 3898 ab
2193 3844 2315 3913 ejus
2346 3838 2638 3899 sanctitate
2673 3854 2739 3895 ac
2792 3835 2953 3893 donis
2994 3830 3225 3899 alienos,
3270 3824 3570 3900 quidquam

2000 3934 2226 3990 omnino
2256 3930 2458 3988 dicere.
2498 3927 2779 4000 Siquidem
2809 3923 3081 3997 expositio
3118 3922 3235 3992 ipsa
3284 3918 3573 3973 veritatem

2002 4024 2237 4081 subinde
2272 4022 2577 4093 proﬁtetur,
2608 4035 2711 4075 nec
2743 4022 2921 4088 negat.
2947 4008 3248 4074 Credimus,
3282 4005 3483 4091 inquit,
3520 4001 3574 4055 in

2002 4128 2165 4169 unum
2203 4111 2371 4166 Deum
2413 4110 2630 4165 Patrem
2682 4107 3107 4176 omnipotentem.
3142 4097 3248 4155 Ubi
3297 4084 3537 4151 vox‘ista
3560 4133 3575 4156 ,

2005 4202 2306 4272 Credimus,
2340 4216 2451 4259 non
2496 4201 2819 4272 simpliciter
2853 4192 3167 4266 accipienda
3193 4231 3209 4257 ,
3243 4189 3337 4245 sed
3372 4188 3439 4242 de
3475 4183 3578 4237 (ide

2005 4298 2063 4355 in
2106 4296 2273 4354 Deum
2306 4293 2658 4366 intelligenda
2686 4291 2855 4347 venit.
2892 4286 2962 4342 Et
2999 4286 3057 4341 in
3097 4299 3258 4338 unum
3289 4278 3576 4334 Dominum

2005 4387 2189 4445 Jesum
2222 4384 2511 4445 Christum.
2552 4380 2739 4455 Neque
2775 4382 2882 4438 hoc
2914 4388 3191 4446 utcunque
3219 4372 3449 4433 dictum,
3480 4366 3579 4422 sed

2010 4478 2075 4537 ad
2101 4480 2259 4537 ﬁdem
2285 4481 2340 4536 in
2373 4476 2544 4534 Deum
2575 4470 2942 4532 referendum.
2978 4467 3043 4523 Et
3074 4470 3130 4523 in
3156 4462 3415 4536 Spiritum
3450 4475 3570 4515 san-

749 4548 893 4656 μίαν,
918 4548 1244 4652 δοξολογίαν,
1285 4548 1421 4651 μίαν
1445 4575 1762 4650 κυριότητα,

2008 4586 2169 4629 ctum.
2192 4570 2347 4641 Quod
2376 4586 2554 4641 neque
2599 4562 2920 4639 simpliciter
2950 4566 3275 4630 usurpatum
3313 4559 3398 4609 est
3430 4548 3579 4661 ,jsed

244 4744 249 4747 _
326 4678 426 4734 τοῦ
454 4678 841 4748 materiam,
865 4674 958 4731 uati;
982 4674 1368 4743 Πιστεύομεν,
1395 4668 1489 4725 καί
1517 4667 1902 4736 Πιστεύομεν.

330 4769 447 4826 Καὶ
466 4768 699 4825 ἐνταῦθα
728 4767 974 4822 διέπεσεν
997 4765 1025 4820 ὁ
1052 4765 1158 4820 τῶν
1180 4762 1434 4818 τοιούτων
1456 4760 1632 4828 λόγος.
1663 4758 1771 4813 Καὶ
1803 4758 1908 4821 ἕως

333 4860 444 4917 ποῦ
469 4860 694 4934 μηκύνω
717 4860 808 4915 τὸν
831 4858 1009 4926 λόγον,
1040 4853 1286 4930 ἀρχετῶς
1311 4852 1654 4927 ἡγησάμενος
1674 4848 1785 4914 τοῖς
1810 4850 1908 4922 τὴν

335 4952 595 5024 ἀλήθειαν
626 4948 882 5023 ἀγαπῶσι
938 4948 1010 5003 τά
1063 4945 1206 5003 κατά
1245 4944 1447 5000 τούτων
1485 4941 1782 5016 εἰρημένας
1820 4939 1909 4993 Διὸ

339 5043 721 5117 ὑπερϐήσομαι
748 5040 1079 5114 καὶταύτην,
1100 5035 1349 5111 δεόμενος
1362 5034 1497 5090 Θεοῦ
1519 5033 1647 5108 ὑμῖν
1670 5034 1911 5107 συνήθως

340 5132 721 5191 ἀντιλαϐέσθαι
750 5131 887 5206 πρὸς
931 5130 1029 5204 τὴν
1051 5128 1254 5185 τούτων
1280 5126 1588 5200 ἀνατροπὴν
1614 5124 1869 5181 ἁπάντων
1895 5143 1911 5158 ο

339 5227 512 5292 ὅπως,
539 5225 596 5279 έν
624 5227 689 5298 τῇ
717 5221 881 5278 αὑτοῦ
916 5221 1140 5294 δυνάμει
1164 5219 1224 5274 τὸ
1251 5216 1572 5288 ἐπάγγελμα
1600 5215 1916 5271 τελειώσαν-

340 5334 456 5383 τες,
489 5314 629 5372 κατά
648 5314 825 5375 πάντα
852 5310 1000 5385 αὐτῷ
1028 5310 1527 5383 εὐχαριστήσωμεν.

343 5413 427 5470 sis
472 5411 631 5481 satis,
660 5425 785 5466 esse
819 5424 931 5465 non
977 5405 1261 5463 dubitem?
1291 5404 1564 5472 Quocirca
1604 5403 1828 5460 missam
1866 5409 1927 5459 et
1963 5404 2103 5459 hanc
2152 5400 2406 5459 haeresim
2457 5398 2693 5465 faciam,
2744 5405 2799 5451 et
2844 5394 3011 5448 Deum
3073 5385 3360 5460 precabor,

2013 4670 2067 4722 in
2102 4682 2266 4721 unam
2301 4658 2742 4737 praedicationem
2779 4671 2842 4712 ac
2870 4653 3133 4728 gloriam,
3161 4648 3217 4704 in
3250 4659 3413 4701 unam
3437 4638 3581 4698 divi-

2016 4754 2201 4813 nitatis
2235 4732 2677 4824 coniunctionem
2698 4787 2714 4813 ,
2747 4744 2804 4801 in
2834 4759 2998 4801 unam
3037 4732 3585 4796 consubstantialita-

2016 4859 2159 4916 tem;
2190 4846 2246 4902 in
2282 4842 2527 4918 perfecta
2559 4841 2687 4905 tria,
2715 4836 2810 4895 sed
2837 4851 2999 4892 unam
3023 4828 3386 4892 divinitatem,
3416 4837 3582 4879 unam

2016 4934 2417 5005 substantiam;
2449 4947 2615 4990 unam
2640 4927 2890 5002 gloriam,
2914 4921 3343 4981 dominationem
3374 4928 3538 4969 unam
3565 4925 3579 4963 :

2018 5030 2162 5108 quod
2184 5046 2261 5089 ea:
2288 5041 2471 5095 voces,
2502 5022 2798 5084 Credimus,
2829 5026 2882 5075 et
2907 5012 3202 5078 Credimus,
3233 5022 3287 5066 et
3309 5006 3584 5108 Credimus.

2019 5092 2320 5182 declarant.
2369 5092 2591 5188 [Cx—quo
2622 5113 2840 5170 illorum
2872 5102 3188 5165 confutatur
3215 5103 3413 5159 oratio.
3444 5092 3586 5166 Quid

2021 5225 2202 5271 autem
2245 5215 2299 5269 in
2340 5227 2405 5269 ea
2443 5225 2564 5268 sum
2611 5203 2979 5279 disputatione
3025 5199 3262 5271 longior,
3303 5208 3427 5249 cum
3468 5203 3589 5259 quae

2023 5306 2290 5362 adversus
2309 5302 2446 5360 istos
2468 5300 2755 5371 hucusque
2776 5297 2921 5353 dicta
2950 5298 3079 5352 sunt
3102 5284 3350 5346 veritatis
3380 5279 3597 5339 studio-‘

3417 5385 3479 5432 ut
3520 5374 3586 5431 ad

339 5516 538 5559 omnes
569 5471 837 5570 ejusmodi
872 5497 1238 5571 proﬂigandas
1281 5469 1439 5568 opem
1478 5495 1637 5552 nobis
1688 5493 1899 5564 aﬂ‘erat,
1940 5505 2000 5552 ut
2031 5496 2176 5553 illius
2208 5495 2412 5551 virtute
2463 5491 2587 5548 freti
2640 5489 2786 5563 quod
2847 5482 3193 5555 suscepimus
3258 5469 3488 5542 exsequi
3533 5472 3593 5525 et

344 5595 405 5653 in
438 5593 705 5651 omnibus»
738 5593 945 5665 gratias
972 5590 1175 5647 habere
1203 5587 1501 5660 possimus.

429 5711 448 5742 ι
480 5709 669 5766 Matth.
747 5725 849 5776 xu,
883 5709 970 5765 δε.
1049 5708 1071 5740 ί
1104 5705 1290 5763 Matth.
1322 5707 1433 5775 xvi,
1472 5689 1569 5760 is.
