3988 6428
901 462 1271 520 ADVERSUS
1299 464 1588 532 AERIUM,

856 576 1090 635 Ηιιιτεὲἱε
1133 579 1256 648 ιγ,
1294 583 1399 637 sive
1422 581 1571 637 LXX
1589 581 1650 639 V.

534 687 576 740 Ι.
616 684 812 743 Acrius
836 687 1061 758 quidam
1101 689 1306 762 ingenti
1337 692 1563 762 perinde
1581 692 1783 749 damno
1808 695 1861 749 in
1892 710 2050 749 mun-

465 776 599 831 dum
652 777 1001 836 introductus
1060 789 1165 847 est,
1207 782 1367 840 furiis
1413 785 1742 853 quibusdam
1787 789 2051 858 percitus,

463 876 518 923 vt
571 869 863 928 insolentia
898 875 1162 944 majorem
1210 876 1264 930 in
1317 876 1541 933 modum
1589 879 1785 935 elatus.
1837 880 2051 935 Etenim

467 963 690 1020 hmresis
745 966 928 1022 omnis
978 967 1222 1038 pessimo
1286 984 1351 1023 es
1408 985 1621 1037 eorum,
1660 973 1752 1041 qui
1783 972 1855 1027 ab
1895 972 2053 1027 initio

466 1068 641 1124 usque
666 1053 732 1109 ad
776 1057 937 1111 linem
971 1057 1322 1122 exstiterunt,
1343 1059 1574 1115 consilio
1603 1059 1766 1131 905
1793 1061 2055 1132 profecta:

465 1151 617 1212 sunt,
671 1144 788 1201 sive
826 1146 950 1203 illos
993 1147 1181 1217 gloriae
1234 1149 1529 1219 cupiditas,
1587 1160 1683 1205 aut
1709 1155 2049 1224 arrogantia,

465 1237 584 1288 sive
621 1235 964 1307 voluptatum
994 1238 1184 1300 libido,
1209 1237 1327 1295 sive
1355 1240 1588 1295 aliorum
1612 1242 1909 1309 aemulatio,
1939 1244 2055 1301 sive

467 1328 765 1384 commotio
805 1331 1053 1400 quaedam
1094 1332 1285 1396 animi,
1328 1340 1422 1387 aut
1453 1335 2053 1407 temeritasimpulerit.

468 1418 507 1468 A
534 1417 752 1473 diabolo
774 1435 939 1490 porro
965 1421 1148 1480 omnis
1181 1423 1273 1479 illa
1317 1430 1402 1479 est
1433 1424 1639 1480 inﬂicta
1679 1429 1920 1495 caecitas,
1944 1444 2057 1485 nou

465 1506 611 1574 quod
643 1506 733 1560 hic
762 1507 991 1563 invitum
1048 1525 1113 1567 ac
1146 1513 1424 1569 nolentem
1456 1513 1712 1585 decipere
1739 1518 2052 1589 quempiam

466 1598 676 1665 possit,
718 1600 814 1655 sed
850 1601 998 1672 quod
1050 1606 1433 1679 unusquisque
1479 1610 1691 1679 peccati
1736 1611 1842 1666 sibi
1889 1626 2057 1667 causa

464 1695 630 1759 atque
657 1699 852 1747 auctor
899 1695 992 1759 sit,
1030 1694 1099 1750 Ut
1128 1698 1219 1768 qui
1257 1700 1468 1768 probati
1492 1710 1635 1767 sunt,
1661 1701 1858 1773 inquit,
1888 1704 2060 1757 maui—

465 1782 588 1850 [εδιί
608 1783 949 1840 reddantur‘.
970 1787 1166 1845 Acrius
1184 1789 1287 1846 iste
1305 1806 1432 1847 vero
1448 1792 1518 1847 ad
1540 1792 1864 1847 hodiernum
1885 1808 2058 1864 usque

466 1877 686 1942 tentpus
744 1884 1017 1945 superest,
1075 1885 1269 1949 estque
1317 1888 1470 1935 secta
1522 1881 1745 1951 penitus
1794 1881 2053 1938 Arianus.

466 1959 658 2032 Neque
713 1964 858 2020 enim
904 1967 1067 2023 aliter
1118 1978 1284 2041 atque
1332 1971 1436 2027 iste
1483 1974 1694 2029 sentit:
1731 1974 1843 2029 iniu
1889 1973 2053 2029 etiam
2090 1956 2130 2013 Β

467 2054 662 2111 Arium
700 2056 882 2127 ipsum
931 2059 1246 2131 dogmalum
1295 2064 1539 2120 novitate
1568 2067 1865 2136 sitperavit.
1910 2067 2056 2132 Quin

470 2147 571 2201 hac
596 2147 651 2201 in
703 2158 854 2219 parte
893 2150 1135 2223 linguam
1165 2168 1322 2209 suam
1381 2156 1705 2227 procudisse
1771 2165 1828 2214 et
1876 2158 1945 2214 ad
1973 2159 2057 2214 di-

467 2241 704 2298 cendum
751 2253 1038 2316 promptus
1074 2260 1199 2303 esse
1226 2247 1462 2316 videtur,
1495 2259 1555 2305 ut
1577 2250 1928 2322 deceptorum
1955 2252 2057 2308 bo-

467 2336 680 2391 minum
707 2337 1012 2393 exercitum
1060 2352 1383 2410 eorumque,
1408 2340 1612 2411 quibus
1643 2351 1698 2397 et
1736 2356 1899 2397 aures
1927 2356 2059 2412 pru-

468 2427 622 2484 riunt
654 2430 700 2493 ',
723 2436 777 2485 et
803 2430 1023 2486 animus
1053 2430 1300 2488 vanitate
1329 2433 1753 2505 arrogantiaque
1783 2434 2058 2491 distentus

466 2528 574 2586 est,
599 2521 1005 2579 multitudinem
1027 2522 1097 2578 ad
1124 2538 1250 2579 sese
1277 2524 1536 2595 pelliciat.
1567 2526 1778 2582 Etenim
1803 2541 2058 2597 magnam

467 2618 524 2667 et
575 2612 668 2670 ille
720 2628 942 2685 quoque
994 2629 1265 2686 nugarum
1296 2629 1361 2671 ac
1394 2616 1707 2672 fabularum
1751 2618 1967 2689 copiam
2000 2618 2057 2674 in

472 2704 775 2760 humanum
811 2722 989 2777 genus
1020 2707 1245 2763 invexit.
1281 2706 1413 2773 Quae
1449 2708 1666 2763 tametsi
1697 2708 2062 2777 prudentiori-

472 2794 580 2851 bus
628 2795 864 2852 ridicula
913 2797 1187 2864 videatur,
1249 2798 1609 2855 nihilominus
1650 2799 1928 2869 plerisque
1966 2813 2062 2869 per

471 2884 624 2939 illam
686 2883 948 2956 imposuit
999 2894 1054 2941 et
1119 2890 1176 2942 in
1233 2902 1475 2943 errorem
1519 2887 1770 2944 abduxit.
1814 2886 1942 2943 Fuit
1972 2888 2062 2945 hic

465 2960 749 3028 Eustatbii
813 2973 1079 3031 Sebastize
1106 2977 1348 3047 episcopi
1373 2980 1516 3048 (qua:
1552 2985 1637 3033 est
1674 2978 1731 3031 in
1757 2978 1916 3034 Ponti
1971 2994 2062 3035 re-

1949 355 2003 410 s.
2035 352 2376 411 EPIPHANI!
3532 411 3537 414 ,
3607 365 3697 428 ωε

2696 473 2884 528 ΚΑΤΑ
2920 475 3195 543 ΑΕΡΙΟΥ,

2682 588 2793 640 NE"
2849 590 2888 656 ἠ
2943 589 3042 645 καί
3088 592 3216 645 03'-

2221 695 2297 749 A'.
2322 696 2525 766 Ἀέριός
2547 714 2631 760 τις
2659 698 2822 753 πάλιν
2845 698 3111 763 ὡσαύτως
3133 698 3209 769 τῷ
3232 699 3423 771 κόσμῳ
3446 704 3708 775 γεγένηται

2158 785 2303 854 μέγα
2331 786 2520 850 κακὸν,
2552 786 2944 858 ἐμϐροντηθεὶς
2972 790 3074 860 τὴν
3121 790 3354 854 ἔννοιαν,
3383 792 3629 865 ἐπαρθεὶς
3655 795 3710 849 τὸ

2157 876 2431 948 φρόνημα.
2479 878 2638 933 Πᾶσα
2695 878 2805 949 γὰρ
2849 879 3069 951 αἵρεσις
3097 882 3427 937 κακοϐουλία
3455 885 3559 939 τῶν
3580 903 3711 954 γενο-

2159 967 2337 1037 μένων
2376 970 2472 1023 ἀπ’
2503 969 2680 1040 ἀρχῆς
2708 970 2839 1042 ἄχρι
2873 970 3123 1043 τέλους·ῆ
3171 972 3479 1041 κενοδοξίας
3494 976 3533 1049 ᾗ
3561 978 3713 1049 ἐπάρ-

2159 1075 2297 1123 σεως
2322 1060 2497 1113 ταῦτα
2542 1041 2862 1130 εἰργάσατο,
2891 1062 2926 1133 ἦ
2960 1041 3257 1133 ἐπιθυμίας
3288 1041 3547 1138 δρεξιςίῆ
3574 1041 3715 1137 ζῆλος

2156 1148 2294 1221 πρὸς
2328 1153 2453 1215 τοὺς
2481 1152 2670 1218 πέλας,
2703 1152 2738 1224 ἢ
2766 1151 3139 1226 παροξυσμὸς,
3169 1155 3204 1227 ἦ
3234 1156 3555 1227 προπέτεια.
3584 1158 3650 1211 Τὸ
3668 1160 3716 1214 δέ

2157 1242 2266 1294 πᾶν
2287 1243 2352 1295 ἐκ
2381 1241 2627 1298 διαϐόλου
2653 1246 2687 1314 ή
2714 1243 3006 1312 τύφλωσις,
3035 1246 3098 1299 οὐ
3127 1245 3221 1300 τοῦ
3250 1247 3506 1302 διαϐόλου
3534 1248 3718 1320 ἰσχύον-

2155 1350 2249 1397 τος
2274 1333 2489 1405 άπατᾷν
2507 1333 2601 1388 τὸν
2637 1334 2713 1406 μὴ
2749 1334 3094 1407 βουλόμενον,
3132 1336 3270 1390 ἀλλὰ
3295 1338 3528 1392 ἑκάστου
3562 1340 3720 1411 ἑαυαῇ

2157 1426 2448 1497 παραιτίου
2484 1426 2774 1496 γινομένου
2821 1427 2922 1497 τῆς
2956 1428 3085 1500 περὶ
3124 1428 3225 1499 τὴν
3261 1429 3538 1501 ἁμαρτίαν
3577 1432 3720 1503 ἐργα-

2159 1518 2300 1582 σίας,
2318 1517 2463 1581 Ἵνα,
2495 1518 2680 1588 φησὶν,
2699 1520 2754 1572 οι
2780 1517 3013 1588 δόκιμοι
3037 1519 3286 1588 φανεροί
3305 1521 3600 1588 γένωνται.
3629 1515 3720 1576 Οὗ-

2155 1624 2247 1671 τος
2267 1608 2297 1660 ὁ
2341 1607 2547 1678 ’Λέριος
2582 1606 2662 1660 ἔτι
2685 1608 2778 1661 καὶ
2804 1607 2966 1679 δεῦρο
2992 1607 3059 1680 ζῇ
3089 1610 3147 1661 ἐν
3175 1610 3362 1680 σαρκὶ,
3390 1612 3485 1665 καὶ
3502 1613 3720 1683 περίεστι

2124 1740 2127 1743 ς
2157 1698 2235 1769 τῷ
2261 1698 2381 1769 βίῳ,
2421 1697 2696 1767 Ἀρειανὸς
2719 1699 2817 1769 μὲν
2848 1698 2911 1751 τὸ
2930 1701 3061 1754 πᾶν.
3089 1698 3303 1764 Ἄλλως
3337 1700 3449 1771 γὰρ
3470 1702 3531 1755 οὐ
3558 1705 3725 1773 φρονεῖ

2158 1790 2271 1843 ἀλλ’
2292 1789 2368 1853 ὡς
2389 1790 2627 1862 Ἄρειος,
2657 1790 2750 1842 καὶ
2771 1790 2853 1843 ἔτι
2880 1789 3139 1844 ἐπέκεινα
3163 1790 3434 1861 μειζόνως
3452 1792 3522 1847 τά
3539 1794 3722 1864 Ἀρείου

2159 1881 2521 1953 ἐπιζητήσας,
2571 1880 2896 1952 ὠξυμμὲνος
2944 1898 3009 1935 τε
3049 1882 3149 1953 τὴν
3190 1880 3465 1950 γλῶτταν,
3512 1882 3601 1936 καὶ
3654 1882 3725 1949 ἐξ·

2161 1974 2501 2045 ωπλισμένος
2519 1973 2576 2027 ἐν
2602 1972 2838 2043 χείλεσιν
2854 1974 2914 2028 ἐν
2933 1972 3108 2043 τούτῳ
3125 1972 3205 2044 τῷ
3231 1970 3416 2045 μέρει,
3439 1974 3583 2039 ὅπως
3607 1972 3726 2040 ἐξελ-

2163 2065 2304 2136 κύσῃ
2329 2067 2407 2128 είς
2439 2065 2629 2118 ἑαυτὸν
2661 2064 3013 2136 ἠπατημένον
3040 2066 3274 2137 στρατὸν
3294 2066 3393 2121 καὶ
3415 2065 3615 2136 πληθὺν
3635 2064 3727 2117 τῶν

2163 2156 2250 2210 ἀεὶ
2278 2157 2381 2220 τάς
2406 2155 2577 2220 ἀκοάς
2599 2155 3105 2228 γαργαλιζομένων,
3129 2157 3227 2212 καὶ
3248 2155 3354 2228 τὴν
3374 2156 3603 2212 διάνοιαν
3622 2157 3728 2209 ὑπο-

2164 2246 2515 2318 χαλωμένων.
2540 2247 2651 2300 Καὶ
2667 2246 2776 2318 γὰρ
2800 2246 2897 2300 καὶ
2916 2245 3079 2311 αὐτὸς
3103 2245 3184 2318 τῷ
3210 2246 3315 2317 βίῳ
3337 2246 3604 2318 ἐφεύρατό
3626 2261 3728 2299 τινα

2168 2340 2411 2412 μεγάλην
2437 2336 2658 2411 μυθώδη
2690 2337 3019 2404 κενοδοξίαν,
3050 2338 3265 2407 γελοῖον
3297 2339 3400 2410 μὲν
3429 2336 3727 2410 ἐμποιοῦσαν

2163 2436 2279 2496 τοῖς
2301 2432 2590 2505 ἔμφροσιν,
2624 2430 2776 2502 ὅμως
2797 2430 2885 2485 διά
2906 2431 3097 2484 τούτου
3125 2430 3366 2496 πολλοὺς
3396 2432 3633 2503 ὴπάτησε
3652 2430 3728 2482 καὶ

2165 2523 2554 2594 παρείλκυσεν.
2591 2516 2759 2586 Οὗτος
2804 2522 3014 2591 γίνεται
3054 2520 3434 2592 συσχολαστὴς
3463 2520 3726 2575 Εὑσταθίω

2165 2616 2460 2672 Σεϐαστίου
2483 2613 2580 2670 τοῦ
2613 2615 2713 2686 τῆς
2738 2611 3069 2677 Σεϐαστείας
3093 2611 3304 2666 Πόντου
3331 2628 3394 2666 τε
3424 2611 3729 2683 καλουμένης

2167 2708 2371 2781 χώρας.
2412 2708 2532 2780 ἦτοι
2590 2708 2794 2779 μικρᾶς
2850 2704 3161 2776 Ἀρμενίας.
3221 2702 3399 2775 Ὀμοῦ
3452 2702 3559 2775 γάρ
3610 2697 3728 2773 ἦσαν

2167 2799 2462 2864 ἀσκοῦντες
2490 2801 2519 2853 ὅ
2538 2816 2598 2852 τε
2622 2796 3022 2871 προειρημένος
3042 2795 3349 2860 Εὐστάθιος
3362 2796 3463 2850 καὶ
3480 2797 3508 2849 ὁ
3531 2795 3726 2866 ’Δέριος.

2168 2889 2298 2945 Ὅτε
2326 2888 2383 2942 δὲ
2405 2891 2434 2943 ὁ
2461 2886 2758 2951 Εὐστάθιος
2778 2883 2943 2958 ἦλθεν
2965 2885 3046 2949 είς
3072 2883 3170 2956 τὴν
3192 2883 3522 2955 ἐπισκοπὴν,
3556 2884 3729 2945 ἐκεῖνος

2172 2981 2373 3052 μᾶλλον
2407 2979 2696 3051 ἐπεθύμει,
2732 2976 2848 3033 ἀλλ’
2879 2978 2979 3031 οὐκ
3026 2975 3268 3046 ἔφθασεν
3306 2976 3389 3039 είς
3430 2974 3599 3028 τοῦτο.
3636 2972 3730 3024 Ἐν·

472 3066 638 3137 gione
683 3067 799 3124 sive
846 3068 1081 3124 minoris
1123 3068 1417 3140 Armeniae)
1443 3068 1671 3125 sodalis.
1710 3067 1890 3126 Ambo
1912 3071 2056 3127 enim

2169 3072 2359 3128 τεῦθεν
2386 3071 2549 3143 ζῆλος
2577 3071 2809 3141 γίνεται.
2850 3067 3056 3122 Ἐδόκει
3082 3065 3139 3120 δέ
3172 3066 3568 3138 προσλιπαρεῖν
3600 3065 3626 3118 ὁ
3647 3061 3729 3115 Εὑ-

472 3161 843 3215 monasticmn
888 3159 1018 3216 vitae
1048 3174 1224 3232 genus
1256 3160 1491 3231 amplexi
1525 3169 1674 3218 sunt.
1700 3160 1840 3217 Cum
1874 3169 2056 3219 autem

2173 3163 2391 3227 στάσιος
2422 3162 2513 3218 τὸν
2540 3162 2773 3234 ’Δέριον.
2807 3159 3016 3214 Αὐτίκα
3046 3157 3279 3231 ὕστερον
3311 3159 3541 3230 καθιστᾷ
3571 3154 3730 3209 τοῦτον

475 3248 797 3306 Eustathius
852 3249 922 3307 ad
953 3251 1332 3323 episcopatum
1371 3260 1517 3307 esset
1546 3258 1794 3317 evectus,
1840 3251 2056 3319 Acrius,

2172 3254 2574 3329 πρεσϐύτερον,
2619 3252 2681 3307 τό
2726 3268 2786 3307 τε
2840 3250 3169 3321 ξενοδοχεῖον
3212 3248 3371 3321 αὐτῷ
3419 3244 3725 3320 ἐμπιστεύει,

471 3340 576 3397 etsi
606 3340 663 3397 id
684 3342 1027 3414 magnopere
1053 3352 1302 3416 cuperet,
1327 3357 1393 3399 eo
1421 3350 1601 3399 tamen
1635 3341 1922 3415 pervenire
1946 3357 2056 3399 non

2164 3347 2300 3419 ὅπερ
2321 3346 2381 3400 ἐν
2401 3344 2478 3417 τῷ
2494 3344 2683 3417 Πόντῳ
2699 3344 2945 3399 καλεῖται
2966 3340 3077 3413 (τε)
3097 3342 3553 3413 πτωχοτροφεῐον.
3568 3335 3731 3391 Τοιαῦ-

471 3434 669 3503 potuit.
727 3431 871 3489 Hinc
922 3432 1178 3489 simultas
1218 3449 1289 3490 ex
1326 3433 1676 3490 aemulatione
1710 3431 1969 3489 conﬂata.
1994 3431 2056 3489 Et

2160 3453 2229 3492 τα
2260 3436 2369 3509 γάρ
2415 3454 2539 3491 τινα
2566 3434 3039 3496 κατασκευάζουσι
3088 3433 3228 3488 κατὰ
3285 3432 3615 3504 φιλοξενίανο
3655 3430 3731 3485 καὶ

471 3524 693 3596 quidem
750 3523 1073 3582 Eustathius
1123 3524 1291 3582 Aerio
1343 3525 1645 3597 plurimum
1696 3522 1981 3597 indulgere
2010 3532 2056 3580 et

2161 3530 2288 3593 τοὺς
2317 3527 2525 3600 λελωϐη
2535 3529 2729 3600 μένους
2758 3527 2854 3582 καὶ
2887 3524 3182 3589 ἀδυνάτους
3206 3524 3322 3598 (73)
3353 3528 3528 3580 ἐκεῖσε
3551 3520 3732 3577 ποιοῦν-

473 3617 731 3675 addictus
754 3633 879 3676 esse
905 3621 1060 3676 visus
1096 3629 1200 3676 est.
1226 3618 1363 3673 Nam
1397 3628 1453 3675 et
1507 3619 1891 3689 presbyterum
1920 3619 2056 3674 hunc

2171 3638 2265 3686 τες
2295 3620 2647 3694 καταμένειν,
2683 3616 3077 3691 ἐπιχορηγοῢσι
3122 3616 3271 3673 κατὰ
3308 3617 3534 3690 δύναμιν
3574 3617 3618 3669 oi
3642 3613 3730 3666 τῶν

473 3716 669 3778 postea
702 3710 929 3774 creavit,
961 3716 1017 3765 et
1033 3709 1379 3774 xenodocbii,
1412 3709 1561 3780 quod
1592 3709 2056 3780 ptochotrophium

2184 3712 2525 3785 Ἐκκλησιῶν
2559 3712 2884 3785 προστάται.

472 3799 539 3861 in
573 3802 749 3859 Ponto
793 3812 1043 3869 vocatur,
1088 3819 1287 3859 curam
1329 3805 1381 3860 ei
1418 3804 1715 3861 commisit.
1767 3803 2053 3876 Ejusmodi
2099 3810 2301 3882 quippe
2350 3809 2634 3865 domicilia
2688 3824 2800 3880 prae
2847 3824 3037 3864 amore
3093 3822 3223 3880 erga
3283 3807 3526 3879 hospites
3561 3802 3622 3858 ab
3648 3798 3730 3854 Ec-

476 3898 774 3954 clesiarum
809 3895 1151 3952 antistitibus
1188 3895 1418 3952 excitari
1470 3895 1683 3962 solent;
1727 3895 1784 3949 in
1833 3896 2036 3967 quibus
2077 3902 2359 3958 mutilatos
2411 3909 2468 3959 et
2507 3898 2812 3957 imbecillos
2865 3898 3161 3963 collocant,
3217 3897 3402 3969 iisque
3454 3894 3520 3951 ad
3555 3892 3729 3946 victum

479 3989 793 4044 necessaria
818 4002 918 4057 pro
954 3987 1100 4042 virili
1138 3985 1513 4059 suppeditant.

551 4082 617 4137 ll.
649 4081 756 4137 Sed
791 4097 917 4136 cum
953 4081 1166 4135 nullum
1199 4079 1564 4136 succensendi
1594 4079 1816 4137 modum
1868 4078 2056 4138 faceret

2242 4079 2317 4135 B’.
2369 4078 2523 4133 Ἐπεὶ
2551 4073 2647 4133 οὖν
2676 4080 2709 4148 ἡ
2746 4077 2910 4149 μῆνις
2937 4076 3032 4131 ἀπ’
3058 4073 3328 4130 αὐτοῦ-οὐ
3362 4074 3605 4134 διέλειπε,
3626 4067 3728 4124 καθ’

476 4175 695 4239 Acrius,
747 4173 879 4229 rixa:
936 4188 1002 4228 ac
1034 4172 1215 4245 jurgia
1261 4173 1317 4228 in
1375 4174 1496 4229 dies
1550 4174 1955 4246 ingravescere,
1994 4196 2056 4239 ac

2170 4170 2412 4242 ἑκάστην
2455 4170 2671 4242 ἡμέραν
2709 4168 2947 4239 ηὔξανον
2991 4168 3042 4221 οἱ
3083 4167 3256 4234 λόγοι,
3307 4166 3402 4220 καὶ
3439 4162 3727 4263 προέϐαινεν

478 4275 684 4323 mutua:
720 4264 1030 4321 simultates
1059 4265 1269 4335 augeri.
1309 4264 1391 4319 Ad
1445 4264 1561 4318 haec
1597 4265 1818 4334 pessimi
1847 4266 2056 4338 quidam

2167 4263 2442 4334 άναμέσον
2477 4260 2659 4315 αὐτῶν
2691 4262 2721 4313 ὁ
2759 4259 2941 4330 ζῆλος,
2986 4258 3134 4328 λόγοι
3177 4275 3237 4310 τε
3277 4257 3381 4311 οὐκ
3422 4253 3604 4325 ἀγαθοὶ
3651 4253 3726 4304 καὶ

477 4373 729 4414 rumores
755 4367 812 4413 et.
832 4355 1122 4412 calumniae
1150 4357 1416 4411 adversus
1443 4356 1789 4411 Eustatbinnt
1820 4356 1891 4417 ab
1909 4356 2056 4412 Aeric

2165 4355 2412 4411 διαϐολαὶ
2453 4353 2559 4409 ὑπὸ
2589 4351 2683 4408 τοῦ
2715 4351 2927 4423 Ἀερίου
2969 4350 3114 4404 κατὰ
3151 4348 3457 4405 Εὐσταθίου
3502 4345 3722 4415 ἐγίνοντο.

479 4449 684 4522 spargi.
730 4446 953 4504 Interim
1001 4445 1324 4502 Eustathius
1354 4446 1650 4518 episcopus
1678 4455 1968 4503 evocatum
1998 4447 2056 4502 ad

2180 4446 2239 4503 '0
2258 4447 2315 4501 δὲ
2338 4436 2637 4510 ἐπίσκοπος
2668 4443 2990 4507 Εὐστάθιος,
3026 4440 3501 4514 μετακαλούμενος
3524 4437 3607 4490 τὸν
3631 4431 3726 4486 ’Δέ-

482 4521 607 4595 sese
636 4538 859 4593 Aerium
886 4536 1150 4602 mulcere,
1178 4535 1485 4602 adhortari,
1514 4534 2056 4601 comminari,irasci,

2177 4528 2310 4610 ριον,
2345 4535 2614 4602 ἐθώπευε,
2651 4536 2909 4617 παρῄνει3
2939 4535 3156 4604 ἠπείλει
3179 4574 3195 4597 ,
3241 4532 3583 4603 ἐνεϐριμᾶτο,

482 4629 815 4702 supplicare,
866 4643 1044 4698 neque
1075 4628 1375 4698 quidquam
1400 4637 1583 4682 tamen
1629 4626 1717 4681 bis
1752 4627 1917 4682 rebus
1950 4624 2056 4681 eiii-

2172 4626 2378 4693 εκάλει,
2404 4628 2497 4681 καὶ
2523 4626 2673 4680 οὐδὲν
2712 4624 2863 4693 ἤνυε.
2885 4614 2960 4678 Τὸ
2988 4625 3097 4696 γὰρ
3130 4623 3194 4688 ἐξ
3214 4623 3394 4694 ἀρχῆς
3427 4614 3724 4686 καταϐληθὲν

480 4737 626 4778 cere.
664 4718 799 4775 Nam
849 4719 995 4790 quod
1035 4719 1105 4774 ab
1131 4718 1291 4774 initio
1315 4720 1680 4774 constitutum
1715 4718 2056 4774 inchoatum«

2174 4719 2256 4783 είς
2284 4717 2429 4790 μέγα
2454 4718 2626 4773 κακὸν
2658 4717 2720 4771 τὸ
2750 4717 2913 4787 ἔργον
2949 4717 3172 4787 ἤλαυνε.
3224 4713 3408 4785 Πέρας
3438 4709 3560 4780 γοῦν
3586 4719 3724 4760 κατιι⁸

478 4830 587 4886 que
623 4812 823 4878 fuerat,
853 4811 1132 4884 ingentem
1168 4815 1229 4870 in
1259 4810 1388 4865 mali
1422 4810 1531 4864 vim
1555 4810 1757 4880 erupit.
1786 4807 2056 4865 Postremc

2175 4809 2351 4865 λιπὼν
2381 4809 2444 4863 τὸ
2469 4811 2908 4881 πτωχοτροφεῖον
2935 4809 2964 4860 ὁ
2994 4807 3213 4880 Ἃέριος
3248 4802 3600 4896 ἀνεχώρησεν.
3624 4795 3723 4896 Ἐν-

478 4909 671 4964 relicto
696 4906 1071 4963 mendicorum
1100 4903 1342 4975 hospitio
1364 4902 1599 4958 discedit
1620 4902 1837 4958 Aerius.
1863 4900 1984 4968 Quo
2003 4918 2056 4955 ex

2175 4901 2368 4957 τεῦθεν
2391 4903 2491 4974 τὴν
2522 4902 2818 4974 πρόφασιν,
2842 4899 3033 4972 ὥσπερ
3055 4898 3196 4952 κατὰ
3224 4894 3418 4968 ἐχθροῦ
3445 4890 3723 4963 βουλόμενός

482 5006 728 5067 tempore
754 4998 810 5051 in
833 5012 1049 5052 omnem
1071 4994 1419 5051 occasionem
1450 4993 1695 5048 intentus
1722 4991 1888 5065 906
1923 4991 2056 5047 velut

2177 5011 2263 5057 τις
2292 4992 2313 5023 ³
2342 4993 2546 5064 εὑρεῖν,
2582 4992 2616 5062 ἢ
2652 4992 2796 5047 κατὰ
2843 4990 3105 5062 πολεμίου
3155 4990 3443 5058 ἐπαφεῖναι
3465 4976 3722 5067 βέλοςηὼθ·

481 5088 577 5160 qui
598 5065 834 5143 ibostem
886 5088 1199 5159 opprimere
1246 5101 1311 5141 ac
1376 5084 1504 5141 telis
1556 5095 1813 5154 appetere
1859 5085 2056 5146 studet1

2179 5083 2414 5157 ηρεύναο
2470 5069 2566 5138 καὶ
2591 5082 2778 5136 λοιπὸν
2822 5084 2961 5137 πᾶσι
3000 5079 3305 5136 διαϐάλλων
3345 5076 3434 5131 τὸν
3464 5065 3723 5165 Εθστάθιον

481 5179 743 5238 versabat
774 5195 835 5234 se
867 5179 922 5233 in
954 5194 1147 5235 omnes
1176 5187 1360 5249 partes
1392 5190 1447 5235 et
1472 5176 1617 5248 apud
1645 5192 1838 5232 omnes
1859 5178 2056 5231 calum.

2182 5177 2399 5247 ἐλεγενο
2456 5176 2651 5229 Οὐκέτι
2709 5173 2951 5238 τοιοῦτος
2984 5173 3252 5244 ὑπάρχει·
3287 5168 3402 5224 ἀλλ’
3443 5163 3720 5249 ἐκλινενῃεῐς

480 5280 636 5332 niose
686 5273 944 5342 deinceps
1000 5245 1290 5326 Eustathio
1340 5245 1637 5324 detrahens
1674 5267 1829 5324 :Non
1878 5269 1925 5323 is
1963 5277 2047 5323 est

2184 5245 2485 5340 Χρτίμάτων
2534 5263 2858 5335 συναγωγὴν
2933 5264 3025 5319 καὶ
3094 5263 3177 5326 εἰς
3232 5260 3420 5330 κτῆσιν
3477 5245 3715 5306 παντοίαν.

2152 5397 2185 5412 “

551 5436 571 5469 ¹
599 5435 619 5490 Ι
651 5434 781 5490 (lor.
822 5448 898 5497 XI,
926 5432 1008 5485 l9.
1086 5427 1343 5501 ’llTint._
1369 5445 1442 5491 IV,
1471 5431 1525 5483 5.
1603 5428 1625 5459 ³
1658 5425 1718 5480 F.
1749 5427 1894 5479 τινά.

2169 5574 2397 5648 Proprie
2430 5576 2726 5648 ἀδυνάτους
2769 5570 3050 5648 appellant
3090 5546 3715 5648 causariqs.l'§d§‘xll:§:

550 5594 680 5685 σε).
700 5595 885 5685 ὀπερ
911 5587 1091 5685 ﬁeri
1119 5588 1327 5685 ηδνῖφ
1359 5578 2056 5685 ’,ιαλξῖτξιιςῐὶτὲῑὲἐέὶδὲῑ

2169 5578 2397 5648 PrOprie
2430 5578 2726 5636 ἀδυνάτους
2769 5578 3050 5641 appellant
3090 5579 3400 5621 causantis.
3430 5578 3547 5636 ιιυσ
3603 5578 3714 5650 mu:

2167 5649 2537 5685 nnnrnlinnnln
2605 5656 2652 5685 nl
2708 5643 2928 5685 [ναίκαὶ
2998 5644 3138 5685 nral.
3220 5633 3353 5685 ,περὶ
3394 5646 3494 5685 :ov
3526 5611 3693 5678 ἀδυνά

483 5633 601 5735 ζείιῖ
612 5633 964 5735 'éteg'éﬁi'éuﬁ'
975 5633 1322 5735 itié'ﬁﬁéaf
1515 5633 1526 5637 ν
1538 5633 1975 5723 έρὶζιάπέὶυχίάς.
2004 5656 2056 5704 et

2167 5633 2539 5719 pocrationem
2605 5656 2659 5701 ct
2707 5633 2930 5714 Lysiam
2998 5644 3138 5694 orat.
3220 5633 3353 5702 περὶ

480 5729 679 5789 Hicetas
702 5729 767 5787 a'tl
793 5746 912 5785 eam
938 5732 1211 5785 scholion.
2168 5737 2297 5774 του.

553 5803 667 5875 (73)
702 5803 809 5858 Καὶ
852 5803 992 5867 τοὺς
1033 5794 1493 5867 λελωϐημένους
1526 5793 1626 5849 καί
1667 5790 2026 5856 ἀδυνάτους.
