3988 6418
144 373 269 431 509

831 376 1196 435 ADVERSUS
1238 378 1583 434 IUERESES
1623 379 1750 435 LIB.

1876 423 1883 438 .
1926 383 2094 440 TUM.
2136 385 2175 442 Ι.
2219 417 2287 425 -
2328 385 2604 441 ΗᾸΞΗΕΞ.
2659 375 2872 442 LXXV.

3365 379 3471 438 510

236 489 296 543 E'
307 532 320 544 .
340 489 508 558 Φέρει
526 490 584 545 δὲ
609 491 687 557 είς
703 490 900 545 ἐαυτοῦ
918 492 1127 565 πλάνην
1143 495 1238 546 καὶ
1259 494 1366 547 τῶν
1384 493 1550 547 αὑτοῦ
1567 496 1771 548 ἀκουόν-

1960 498 2026 555 ν.
2067 504 2138 554 At
2160 501 2308 556 enim
2335 508 2394 555 ut
2434 508 2544 554 tam
2578 501 2683 556 sibi
2724 515 2886 570 quam
2918 496 3262 552 auditoribus
3297 497 3473 568 impo-

148 601 299 645 των,
323 583 407 636 ὅτι
431 584 460 636 6
497 583 818 647 Ἀπόστολος
837 585 1041 656 γράφει
1065 585 1457 658 πρεσϐυτέροις
1483 587 1578 640 καὶ
1600 588 1779 641 διακό-

147 691 302 737 νοις,
327 675 418 727 καὶ
433 674 493 726 οὐ
524 675 726 745 γράφει
743 675 1083 739 ἐπισκόποις.
1100 675 1298 747 Kaiqu
1318 675 1605 748 ὲπισκόπῳ
1618 676 1772 750 φησί·

149 767 262 833 Μὴ
297 766 507 836 ἀμέλει
546 767 654 820 τοῦ
687 767 756 821 ἐν
782 767 881 821 σοὶ
911 772 1302 837 χαρίσματος,
1329 764 1401 823 οὗ
1442 768 1655 834 ἔλαϐες
1676 768 1776 822 διὰ

147 856 390 926 χειρῶν
421 856 529 910 τοῦ
563 859 994 926 πρεσϐυτερίου
1020 873 1032 886 '
1065 859 1229 912 πάλιν
1255 859 1310 911 δὲ
1341 861 1399 912 ἐν
1425 859 1569 932 ἄλλῳ
1593 860 1742 930 τόπῳ
1759 875 1770 888 ·

164 949 580 1015 Ἐπισκόποις
631 949 733 1003 καί
799 950 1132 1016 διακόνοις·
1193 951 1268 1012 ὡς
1344 945 1522 1012 εἶναι,
1597 952 1772 1022 φησὶ,

147 1042 254 1093 τὸν
336 1039 500 1093 αὐτὸν
578 1041 893 1106 ἐπίσκοπον,
967 1043 1058 1095 τὸν
1136 1041 1294 1095 αὑτὸν
1372 1043 1764 1116 πρεσϐύτερον.

151 1133 278 1187 Καὶ
311 1133 419 1185 οὐκ
451 1127 594 1187 οἶδεν
624 1133 653 1185 6
675 1133 776 1206 τὴν
803 1134 1126 1188 ἀκολουθίαν
1157 1134 1256 1206 τῆς
1288 1135 1550 1206 ἀληθείας
1578 1137 1776 1209 ἀγνοή-

158 1241 289 1287 σας,
339 1225 434 1277 καὶ
463 1225 727 1297 ἱστορίαις
766 1225 1095 1296 βαθυτάταις
1127 1227 1202 1298 μὴ
1235 1227 1496 1300 ἐντυχὼν,
1519 1229 1623 1293 ὅτι,
1653 1230 1772 1282 νέου

151 1317 326 1378 liv-:0;
361 1315 460 1368 τοῦ
496 1316 875 1388 κηρύγματος,
907 1319 1044 1389 πρὸς
1077 1318 1146 1372 τὰ
1187 1319 1565 1373 ὑποπίπτοντα
1607 1319 1774 1393 ἐγρα-

154 1427 263 1477 φεν
299 1410 331 1461 6
369 1407 526 1476 ἀγιος
571 1408 910 1474 Ἀπόστολος.
947 1409 1128 1465 Ὅπου
1172 1411 1270 1482 μὲν
1311 1407 1456 1483 ἦσαν
1485 1411 1774 1465 ἐπίσκοποι

155 1502 266 1572 ἤδη
313 1499 774 1564 κατασταθέντες,
812 1501 1052 1572 ἔγραφεν
1099 1501 1420 1566 ἐπισκόποις
1459 1503 1555 1557 καὶ
1591 1501 1775 1556 διακό-

154 1609 300 1656 νοις.
339 1591 420 1646 Οὐ
464 1592 575 1664 γὰρ
608 1593 786 1646 πάντα
833 1593 995 1657 εὐθὺς
1024 1593 1366 1665 ἠδυνήθησαν
1400 1596 1448 1648 οἱ
1484 1595 1774 1649 ἀπόστολοι

160 1685 537 1758 καταστῆσαι.
567 1687 967 1759 Πρεσσυτέρων
993 1687 1101 1759 γὰρ
1123 1688 1332 1756 ἐγίνετο
1353 1689 1511 1760 χρεία
1539 1688 1633 1741 καὶ
1658 1687 1776 1742 δια-

157 1778 368 1831 κόνων.
394 1778 494 1832 Διά
527 1778 638 1849 γὰρ
683 1777 792 1831 τῶν
839 1778 932 1832 δύο
977 1779 1181 1833 τούτων
1225 1779 1293 1833 τὰ
1341 1778 1773 1852 ἑκκλησιαστικὰ

155 1873 428 1926 δύνανται
459 1869 822 1942 πληροῦσθαι.
850 1871 1026 1926 Ὅπου
1060 1872 1116 1925 δὲ
1145 1872 1244 1942 οὐχ
1278 1871 1475 1944 εὑρέθη
1506 1889 1594 1935 τις
1622 1870 1772 1938 ἄξιος

159 1962 510 2031 ἐπισκοπῆς,
541 1961 757 2031 ἔμεινεν
782 1961 811 2013 6
833 1961 996 2024 τόπος
1033 1962 1202 2034 χωρὶς
1235 1963 1558 2016 ἐπισκόπου.
1595 1963 1770 2016 Ὅπου

159 2055 220 2109 δὲ
254 2055 456 2124 γέγονε
485 2054 668 2126 χρεία,
696 2053 792 2108 καὶ
809 2050 950 2127 ἦσαν
972 2053 1112 2119 ἄξιοι
1146 2056 1473 2127 ἐπισκοπῆς,
1506 2055 1773 2110 κατεστά-

164 2148 348 2218 θησαν
379 2148 692 2203 ἐπίσκοποι.
721 2147 968 2219 Πλήθους
996 2148 1053 2202 δὲ
1089 2149 1164 2220 μὴ
1202 2147 1376 2213 ὄντος,
1406 2148 1505 2218 οὐχ
1543 2147 1774 2220 εὑρέθη-

164 2256 271 2293 σαν
305 2240 366 2292 ἐν
395 2239 583 2303 αὐτοῖς
621 2238 996 2311 πρεσϐύτεροι,
1020 2238 1451 2309 κατασταθῆναι,
1484 2240 1578 2292 καὶ
1607 2238 1774 2310 ὴρκέ-

163 2330 384 2402 σθησαν
411 2331 505 2384 ἐπὶ
535 2329 614 2401 τῷ
643 2329 786 2383 κατὰ
811 2329 978 2383 τόπον
1011 2330 1159 2401 μόνῳ
1183 2329 1489 2400 ἐπισκόπῳ.
1523 2330 1685 2382 Ἀνευ
1715 2327 1774 2381 δὲ

157 2423 419 2478 διακόνου
450 2422 750 2476 ἐπίσκοπον
771 2421 1032 2476 ἀδύνατον
1060 2416 1220 2476 εἶναι.
1253 2421 1364 2476 Καὶ
1391 2421 1773 2492 ἐπεμελήσατο

159 2519 189 2570 6
221 2516 388 2585 ἅγιος
427 2514 752 2578 Ἀπόστολος
788 2513 1072 2579 διακόνους
1099 2511 1237 2568 εἶναι
1265 2511 1344 2586 τῷ
1373 2513 1658 2583 ἐπισκόπῳ
1685 2511 1774 2565 διὰ

161 2611 262 2685 τὴν
291 2607 628 2684 ὑπηρεσίαν.
668 2607 825 2661 Οὕτω
857 2607 958 2680 τῆς
995 2607 1326 2678 Ἐκκλησίας
1353 2605 1629 2677 λαϐούσης
1659 2605 1772 2676 (79)

166 2709 233 2760 τὰ
265 2703 618 2776 πληρώματα
647 2701 745 2772 τῆς
769 2700 1104 2771 οἰκονομίας,
1134 2699 1279 2754 οὕτω
1305 2699 1426 2753 κατ’
1447 2700 1626 2753 ἐκεῖνο
1652 2716 1776 2752 και-

171 2799 264 2872 ροῦ
297 2792 445 2868 ἦσαν
476 2798 529 2850 οί
583 2796 763 2851 τόποι.
799 2795 909 2850 Καὶ
951 2795 1060 2866 γὰρ
1104 2793 1336 2848 ἕκαστον
1391 2795 1628 2866 πρᾶγμα
1673 2792 1775 2846 οὐκ

167 2890 430 2962 ἀπαρχῆς
471 2889 542 2942 τὰ
591 2888 772 2942 πάντα
821 2887 1009 2958 ἔσχεν·
1048 2885 1186 2940 ἀλλά
1240 2884 1627 2957 προϐαίνοντος
1675 2881 1770 2936 τοῦ

168 2985 366 3055 χρόνου
396 2983 466 3037 τά
500 2981 638 3054 πρὸς
674 2981 955 3035 τελείωσιν
1001 2978 1110 3034 τῶν
1141 2977 1342 3050 χρειῶν
1386 2978 1769 3049 κατηρτίζετο.

1881 601 1998 656 nat,
2027 592 2158 647 illud
2189 593 2381 664 objicit
2411 612 2425 647 :
2467 593 2788 662 Apostolum
2823 592 3162 662 presbyteris
3217 590 3472 644 etdiaco-

1890 682 1976 734 nis
2026 683 2296 749 scribere,
2339 698 2447 736 non
2491 682 2788 753 episcopis.
2827 681 2955 735 ltein
2988 683 3304 752 episcopum
3336 679 3472 733 allo-

1878 789 2076 843 quens,
2133 772 2288 839 Noli,
2341 774 2540 844 inquit,
2575 773 2832 844 negligere
2881 775 3130 844 gratiam,
3180 790 3298 843 qua?
3328 774 3381 826 in
3419 782 3469 827 te

1876 875 1977 929 est,
2014 882 2170 936 quam
2211 869 2460 935 accepisti
2511 880 2604 935 per
2653 865 2843 919 inuitus
2888 867 3306 935 presbyterorum
3357 865 3468 918 col-

1879 958 2001 1027 legii
2061 960 2076 988 ¹
2124 973 2136 1008 :
2181 958 2376 1013 deinde
2441 958 2549 1012 alio
2595 958 2714 1012 loco
2777 956 3031 1026 episcopis
3117 967 3165 1010 et
3204 956 3466 1020 diaconis,

1880 1060 1938 1104 ut
1968 1051 2110 1105 idern
2143 1051 2439 1122 episcopus
2486 1059 2541 1106 et
2576 1051 2860 1121 presbyter
2896 1065 3020 1104 esse
3054 1049 3327 1103 videatur.
3363 1048 3470 1104 Sed

1878 1142 2140 1196 nimirum
2177 1143 2424 1197 veritatis
2456 1143 2558 1196 iste
2582 1143 2779 1197 seriem
2815 1141 3098 1212 ignorans,
3135 1156 3235 1195 nec
3286 1141 3342 1194 in
3382 1156 3469 1194 re-

1877 1235 2187 1291 conditiore
2221 1233 2456 1292 historia
2484 1242 2757 1300 versatus,
2812 1250 2918 1289 non
2949 1233 3200 1305 intelligit
3230 1232 3472 1303 Aposto-

1876 1328 2013 1392 lum,
2069 1342 2197 1382 cum
2252 1343 2446 1382 recens
2489 1328 2671 1382 adhuc
2699 1335 2848 1382 esset
2877 1325 3178 1381 Christiani
3197 1324 3472 1396 dogmatis

1878 1419 2224 1491 propagatio,
2283 1434 2385 1490 pro
2421 1435 2480 1475 re
2531 1430 2658 1473 nata
2709 1419 3042 1488 scripsisse;
3077 1433 3204 1472 nam
3237 1418 3329 1472 ubi
3354 1418 3472 1486 juin

1876 1509 2121 1581 episcopi
2145 1511 2430 1564 constituti
2459 1510 2696 1570 fuerant.
2717 1510 2783 1563 ad
2815 1510 3105 1579 episcopos
3125 1515 3180 1562 et
3205 1508 3471 1562 diaconos

1879 1601 2180 1657 scribebat.
2216 1597 2404 1670 Neque
2432 1600 2578 1654 enim
2617 1598 2852 1654 subinde
2879 1597 3066 1652 omnia
3095 1598 3164 1651 ab
3198 1597 3470 1667 apostolis

1877 1687 2123 1743 ordinari
2166 1694 2438 1758 poterant.
2463 1687 2527 1740 Et
2558 1687 2792 1757 quidem-
2813 1686 3148 1758 presbyteris
3188 1687 3241 1742 in
3277 1685 3471 1756 primis

1879 1796 1942 1835 ac
1971 1779 2221 1836 diaconis
2250 1795 2390 1851 opus
2440 1788 2583 1846 erat;
2617 1779 2870 1850 aquibus
2911 1779 3166 1835 videlicet
3202 1779 3470 1833 ambobus

1873 1871 2249 1928 ecclesiastica
2299 1873 2518 1944 negotia
2567 1871 2948 1926 administrari
2995 1881 3246 1942 possunt.
3286 1870 3472 1936 Quare

1876 1964 1967 2019 tibi
2003 1963 2247 2018 nonduin
2277 1963 2600 2034 episcopatu
2658 1962 2859 2033 dignus
2893 1961 3094 2030 aliquis
3125 1969 3469 2025 occurrerat,

1875 2056 2060 2111 nullus
2086 2054 2134 2109 ei
2174 2055 2299 2109 loco
2357 2054 2675 2124 propositus
2718 2061 2801 2108 est
2832 2054 3148 2122 episcopus.
3192 2051 3260 2104 At
3294 2050 3386 2104 ubi
3414 2056 3470 2104 et

1874 2152 2180 2203 necessitas
2227 2145 2564 2217 postulabat.
2621 2161 2722 2200 nec
2765 2160 2980 2209 eorum,
3021 2144 3115 2214 qui
3149 2143 3470 2214 episcopatu

1875 2240 2025 2312 digni
2055 2245 2237 2304 erant,
2269 2237 2429 2308 copia
2459 2236 2686 2303 deerat,
2732 2237 2806 2292 ibi
2855 2237 3099 2312 episcopi
3160 2234 3466 2294 constituti.

1877 2307 1984 2388 Se'd
2035 2347 2162 2387 eum
2223 2307 2371 2385 baud
2426 2344 2618 2400 magna
2679 2327 2968 2384 multitudo
3018 2307 3196 2393 foret,
3239 2323 3471 2396 reperiri

1875 2424 2011 2480 nulli
2059 2430 2380 2495 potuerunt,
2411 2423 2504 2494 qui
2568 2421 2872 2494 presbyteri
2924 2427 3284 2478 crearentur:
3325 2419 3471 2474 unde

1877 2519 1996 2574 solo
2030 2517 2291 2588 episcopo
2347 2516 2592 2571 contenti
2628 2515 2871 2570 fuerunt.
2917 2513 3049 2568 Sine
3074 2513 3308 2568 diacono
3344 2525 3470 2566 vero

1876 2609 2171 2681 episcopus
2197 2625 2321 2665 esse
2367 2624 2478 2663 non
2512 2617 2711 2679 potest.
2746 2607 2929 2674 Quare
2967 2606 3023 2660 in
3072 2603 3124 2660 id
3174 2602 3471 2674 Apostolus

1879 2699 2150 2763 incubuit,
2215 2707 2273 2753 ut
2321 2697 2673 2754 ministrandi
2723 2697 2898 2768 gratia
2946 2695 3206 2766 episcopo
3251 2691 3471 2748 diaconi

1879 2799 2254 2863 suppeterent.
2307 2791 2496 2862 Itaque
2556 2805 2681 2844 cum
2745 2789 2988 2844 nondum
3051 2786 3300 2843 Ecclesia
3353 2785 3472 2841 suis

1880 2884 2138 2940 omnibus
2166 2884 2547 2938 [unctionibus
2581 2882 2786 2952 expleri
2821 2889 3029 2953 posset,
3058 2895 3154 2951 per
3179 2879 3310 2933 illud
3331 2887 3472 2932 tem-

1881 2992 1985 3049 pus
2016 2975 2329 3032 istiusmodi
2364 2976 2707 3046 singulorum
2736 2973 2984 3028 locorum
3025 2979 3204 3029 status
3229 2967 3464 3024 exstitit.

169 3077 361 3148 Neque
394 3090 533 3150 vero
549 3074 658 3128 ulla
694 3088 783 3128 res
814 3079 1066 3141 est,qum
1088 3070 1158 3126 ab
1187 3069 1345 3124 initio
1387 3069 1506 3124 suis
1550 3067 1812 3124 omnibus
1871 3067 2121 3122 numeris
2174 3065 2424 3122 absoluta
2479 3065 2674 3133 fuerit;
2722 3063 2816 3120 sed
2872 3063 3205 3135 procedente
3251 3059 3470 3117 demum

115 3185 122 3190 ‘
171 3186 440 3242 tempore,
494 3184 596 3225 sua
648 3165 1156 3239 opportunitatibus
1212 3164 1472 3220 omnibus
1521 3162 1590 3218 ad
1637 3161 2032 3234 perfectionem
2062 3161 2312 3216 accessio
2347 3160 2598 3232 contigit.
3487 3217 3490 3222 _

241 3269 338 3333 ς’.
376 3263 552 3326 Εὐθὺς
604 3262 702 3332 μὲν
741 3260 850 3331 γὰρ
890 3258 1128 3331 Μωῡσῆς
1174 3256 1454 3328 πέμπεται
1493 3257 1574 3320 είς
1597 3255 1762 3324 Δίγυ-

1935 3252 2102 3324 909
2139 3250 2222 3306 Vl.
2255 3251 2426 3320 Cujus
2477 3250 2785 3318 exemplum
2838 3250 3104 3306 habemus
3149 3247 3204 3302 in
3251 3246 3466 3319 Moyse.

171 3375 309 3410 πτον
345 3354 485 3409 κατά
514 3355 615 3424 τὴν
646 3351 888 3407 Παλαιὰν
922 3350 1200 3422 Διαθήκην
1232 3349 1414 3421 ῥάϐδῳ
1453 3349 1622 3422 μόνῃ’
1659 3349 1766 3404 ὑπὸ

175 3449 268 3502 τοῦ
293 3447 433 3502 Θεοῦ
462 3446 520 3499 δὲ
544 3443 975 3516 ἀπεσταλμένος,
1009 3443 1068 3496 ἐν
1095 3441 1174 3513 τῷ
1202 3441 1464 3496 εἰσελθεῖν
1492 3443 1572 3505 εἰς
1605 3441 1770 3510 Λίγυ-

175 3557 336 3603 πτον,
366 3536 719 3609 προστίθεται
751 3535 900 3607 αὐτῷ
923 3537 1002 3599 είς
1035 3535 1288 3606 βοήθειαν
1319 3534 1532 3606 Ἀαρὼν
1564 3536 1592 3588 6
1615 3533 1768 3588 ἀδελ-

177 3632 277 3701 φὸς
313 3628 502 3684 αὑτοῦ.
538 3622 673 3682 Εἶτα
714 3627 854 3699 μετά
878 3626 940 3681 τὸ
973 3625 1262 3680 πιστεῦσαι
1296 3625 1446 3696 αὐτῷ
1487 3625 1578 3678 τὸν
1610 3625 1768 3679 ἀδελ-

177 3722 303 3793 φὸν,
339 3720 583 3792 συνήχθη
610 3718 746 3792 πρὸς
773 3719 936 3774 αὐτὸν
969 3719 1004 3791 ἡ
1045 3717 1312 3792 γερουσία
1335 3718 1430 3771 καὶ
1456 3719 1505 3770 οἱ
1533 3719 1771 3790 ἀρχηγοὶ

177 3813 273 3867 τοῦ
306 3811 438 3866 λαοῦ
479 3811 599 3866 κατ’
629 3813 808 3865 ἐκεῖνο
839 3809 1057 3882 καιροῦ.
1090 3811 1202 3865 Καὶ
1237 3811 1376 3882 μετά
1413 3809 1586 3863 ταῦτα
1628 3827 1768 3882 κρα-

179 3901 474 3972 τυνομὲνου
501 3898 596 3953 τοῦ
627 3899 813 3971 ἔργου,
846 3900 942 3952 καὶ
973 3900 1072 3970 τῆς
1101 3899 1425 3964 ἀκολουθίας
1470 3899 1771 3971 συναγομέ-

177 4011 297 4064 νης,
327 3991 616 4062 διεπέρασε
657 3991 754 4061 τὴν
800 3990 1093 4046 θάλασσαν.
1127 3992 1237 4044 Καὶ
1269 3990 1422 4044 οὔπω
1453 3986 1595 4062 ἦσαν
1627 3991 1770 4046 κατά

177 4086 271 4138 τὸν
306 4085 492 4156 νόμον,
527 4084 631 4148 ἕως
669 4086 759 4138 ὅτε
789 4084 992 4156 Κύριος
1028 4084 1190 4138 αὑτὸν
1220 4085 1378 4137 καλεῖ
1415 4087 1495 4148 είς
1534 4085 1596 4138 τὸ
1621 4084 1766 4156 ὄρος.

178 4176 376 4231 Δίδωσι
405 4175 463 4229 δὲ
489 4175 638 4248 αὐτῷ
669 4175 767 4239 τὰς
797 4177 1027 4247 πτύχας,
1069 4176 1166 4230 καὶ
1203 4176 1587 4231 ὑποδείκνυσιν
1621 4173 1772 4248 αὑτῷ

178 4267 390 4338 σκηνὴν
424 4267 850 4330 κατασκευάσαι,
887 4265 1166 4338 ἀρχηγούς
1217 4284 1276 4320 τε
1331 4267 1768 4340 προστήσασθαι,

176 4353 504 4425 δεκάρχους,
523 4354 1050 4426 πεπηκοντάρχους,
1077 4355 1530 4427 ἑκατοντάρχους,
1559 4357 1771 4430 χιλιάρ-

178 4463 330 4517 χους.
351 4446 462 4499 Καὶ
495 4447 627 4517 ὁρᾷς
653 4444 772 4509 πῶς
794 4445 862 4500 τὰ
890 4448 1193 4518 πράγματα
1213 4447 1579 4514 πλατύνεται;
1609 4451 1769 4517 Ὅρα,

178 4536 340 4607 φησὶ,
384 4535 664 4603 ποιήσεις
709 4536 907 4592 πάντα
953 4539 1102 4593 κατά
1140 4539 1250 4593 τὸν
1286 4541 1480 4595 τύπον
1522 4541 1630 4596 τὸν
1653 4541 1772 4595 δειε-

1877 3339 1975 3398 llic
1996 3343 2143 3398 enim
2164 3344 2218 3398 in
2230 3341 2428 3398 Vetere
2444 3342 2826 3399 Testamento'
2851 3345 2968 3398 sola
2987 3345 3140 3414 virga
3158 3344 3470 3396 instructus

1877 3437 1932 3490 in
1973 3433 2272 3506 IEgyptum
2315 3435 2556 3490 mittitur
2605 3455 2620 3490 :
2675 3450 2838 3505 quam
2885 3450 3009 3490 cum
3063 3432 3467 3504 ingrederetur,

1874 3531 2058 3584 Aaron
2087 3528 2261 3600 ipsius
2296 3526 2464 3582 frater
2488 3527 2750 3582 divinitus
2785 3527 2997 3583 missus
3025 3528 3075 3582 ei
3105 3541 3165 3581 se
3197 3524 3264 3578 ad
3291 3523 3472 3579 subsi-

1875 3621 2026 3675 dium
2058 3619 2331 3690 adjungit.
2381 3617 2587 3674 Deinde
2631 3625 2922 3690 postquam
2954 3617 3004 3674 ei
3045 3634 3076 3672 a
3116 3617 3284 3672 fratre
3331 3614 3467 3670 lides

1876 3711 2062 3765 babita
2090 3717 2198 3773 est,
2240 3710 2521 3766 seniorum
2553 3709 2620 3764 ad
2686 3710 2837 3764 illum
2877 3725 2942 3764 ac
2977 3709 3165 3782 populi
3195 3725 3290 3780 per
3331 3706 3466 3762 illud
3562 3739 3566 3748 ι

1877 3811 2098 3872 tempus
2125 3787 2437 3873 principum
2478 3801 2772 3855 multitudo
2815 3804 3098 3858 convenit.
3131 3800 3271 3855 Tum
3297 3784 3468 3854 desti-

1877 3904 2009 3956 nato
2035 3909 2203 3965 opere
2226 3893 2376 3952 vires
2405 3899 2459 3948 et
2489 3893 2833 3950 incrementa
2870 3895 3145 3966 capiente,
3175 3909 3326 3949 mare
3366 3909 3466 3962 pc-

1876 3988 2136 4042 netravit.
2192 3984 2437 4042 Necdum
2495 3994 2680 4042 tamen
2725 3987 2795 4042 ad
2851 3987 3027 4058 legem
3083 3992 3495 4058 pervenerant,.

1876 4079 2053 4134 donec
2089 4079 2242 4132 illum
2275 4077 2420 4135 Deus
2448 4079 2516 4134 ad
2546 4088 2788 4136 montem
2820 4087 3100 4144 evocaret,
3128 4095 3254 4134 cuin
3295 4087 3352 4134 et
3378 4088 3463 4133 ta-
3489 4119 3492 4122 .

1878 4172 2034 4236 bulas
2068 4170 2312 4235 tradidit,
2352 4179 2408 4227 et
2441 4173 2856 4228 tabernaculum
2897 4173 3219 4228 instituere.
3253 4171 3469 4241 princi-

1880 4281 1995 4334 pes,
2030 4262 2386 4327 decuriones,
2425 4264 2956 4335 quinquagenarius,
3016 4264 3369 4319 centuriones
3398 4278 3470 4317 ae

1879 4356 2134 4412 tribunos
2177 4370 2368 4412 creare
2412 4356 2622 4412 docuit.
2658 4356 2822 4413 Vides
2867 4355 3331 4428 quemadmodum
3374 4371 3493 4412 res.

1881 4468 2072 4508 omnes
2100 4451 2359 4523 paulatim
2391 4451 2734 4522 ampliﬁcata:
2778 4450 3023 4508 fuerint?
3069 4450 3218 4513 Vide,
3259 4450 3464 4519 inquit,

1881 4545 2042 4614 facies
2071 4543 2252 4598 omnia
2271 4545 2560 4598 secundum
2588 4541 2878 4611 exemplar,
2905 4541 3043 4612 quod
3068 4541 3166 4594 tibi
3200 4551 3488 4594 uirinstra-~

178 4629 404 4698 χθέντα
428 4623 532 4682 σοι
577 4629 647 4682 ἐν
689 4629 770 4695 τῷ
801 4629 922 4698 ὄρει
962 4629 1126 4687 Σινᾶ.
1160 4631 1269 4685 Καὶ
1291 4633 1422 4704 ὁρᾷς
1455 4633 1572 4696 πῶς
1599 4651 1758 4705 προσο

1876 4645 1985 4687 tum
2010 4634 2162 4688 estin
2182 4642 2358 4687 monte
2378 4631 2510 4687 Sina
2538 4631 2582 4687 ³.
2598 4630 3093 4694 Animadvertisne,
3121 4639 3182 4683 ut
3202 4629 3270 4684 ad
3301 4629 3466 4698 legis-

178 4721 344 4792 ετέθη
371 4725 436 4793 τῇ
472 4721 764 4795 νομοθεσίᾳ
790 4722 1104 4794 ἐπτάμυξος
1130 4722 1344 4794 λυχνία,
1373 4725 1585 4797 ποδήρη
1615 4726 1767 4796 ἱερα-

180 4811 311 4864 τικὰ
343 4809 634 4882 ἐνδύματα,
661 4811 907 4876 κώδωνές
933 4829 994 4865 τε
1019 4812 1114 4866 καὶ
1139 4813 1390 4884 μανδύαι,
1414 4815 1687 4886 ἐπωμίδες
1709 4832 1768 4868 τε

182 4903 278 4958 καὶ
308 4903 570 4976 κιδάρεις,
607 4904 800 4977 μίτραι
827 4922 888 4958 τε
919 4906 1014 4959 καὶ
1054 4905 1218 4960 λίθων
1267 4906 1540 4978 διαφόρων
1582 4907 1770 4962 συνθέ-

184 5012 320 5059 σεις,
356 4996 569 5062 κύαθοι,
613 4997 856 5061 θυῖσκαι,
894 4997 1175 5072 λουτῆρες,
1212 4999 1596 5072 θυσιαστήρια,
1641 5017 1771 5072 τρυ-

182 5086 329 5153 σλία,
363 5088 693 5161 μασμαρὼθ,
728 5090 889 5144 ἅτινά
919 5091 1035 5144 ἐστι
1066 5090 1424 5164 διυληστήρια
1453 5092 1586 5164 (80),
1630 5093 1772 5165 μιδι-

256 5239 275 5271 ⁸
304 5237 323 5291 l
350 5239 493 5296 Tim.
527 5257 600 5306 tv,
634 5241 720 5297 li.
800 5242 822 5271 ’
853 5239 1026 5296 Exod.
1057 5259 1132 5308 iv,
1167 5241 1203 5295 2
1225 5257 1348 5314 sqq.

258 5397 372 5470 (779)
410 5397 574 5470 Οῦτω
628 5397 740 5465 τῆς
791 5398 1149 5470 Ἐκκλησίας
1179 5402 1507 5470 λαϐούσης.
1550 5400 1655 5467 Qui
1707 5401 1773 5456 ad

192 5467 481 5540 Epiplianii
522 5476 775 5540 mentem
834 5467 1125 5540 diligenter
1188 5467 1449 5526 animum
1487 5471 1768 5540 adiecerit,

189 5554 296 5616 non
329 5537 631 5604 dubitabit,
667 5539 800 5609 quin
839 5537 992 5593 οὔπω
1035 5556 1136 5612 pro
1178 5541 1323 5596 οὕτω
1355 5542 1485 5598 huic
1534 5537 1656 5597 loco
1700 5543 1772 5598 sit

193 5619 392 5679 aptius.

263 5677 777 5750 (80)_Mac';t_apdi0,
816 5677 991 5750 ἅτινά
1035 5681 1166 5736 ἐστι
1195 5681 1593 5750 διὶνλιστήρτα.
1639 5681 1771 5737 Nul-

193 5752 302 5823 lum
337 5748 627 5823 _ejusmodi_
675 5749 1003 5823 \jocabuluin
1057 5753 1110 5803 in
1175 5748 1483 5823 Scripturis
1533 5755 1766 5822 reperio.

192 5819 440 5878 Proxima
473 5832 573 5872 vox
617 5819 744 5874 huic
789 5829 873 5876 est
918 5828 1172 5887 mare,
1211 5819 1352 5879 inter
1394 5819 1766 5894 teinpli't'asa,

1877 4727 2139 4783 lationem
2189 4724 2582 4782 candelabrum
2631 4723 2765 4779 illud
2809 4732 3015 4792 septem
3062 4722 3466 4792 ellyebuiorutn

1875 4817 2121 4872 additum
2160 4815 2347 4879 fuerit,
2377 4832 2591 4872 necnon
2618 4826 2671 4871 et
2700 4816 2900 4870 talares
2922 4815 3230 4870 sacerdotis
3259 4822 3492 4877 vestem.

1877 4909 2267 4970 tintinnabula.
2305 4909 2550 4978 palliola,
2586 4908 2887 4977 epomides,
2937 4907 3086 4977 pilei,
3124 4905 3310 4968 baltei,
3362 4919 3457 4960 vas

1877 5005 2087 5055 rlorum
2149 5001 2452 5072 lapillorum
2504 5007 2817 5060 contextus,
2865 4999 3071 5070 cyathi,
3120 4999 3492 5064 iuortariola,.

1880 5093 2060 5156 labra,
2090 5092 2390 5160 thuribula,
2413 5092 2604 5156 catini,
2639 5092 3039 5158 masuiarboui,
3071 5093 3178 5147 hoc
3197 5103 3282 5148 est
3311 5093 3496 5157 (ποίεε,

1426 5244 1446 5276 ³
1477 5242 1650 5300 Exod.
1690 5260 1818 5310 xxv,
1847 5244 1937 5299 40.

1867 5417 1991 5472 qua:
2028 5416 2062 5457 a
2090 5399 2405 5472 Babyloniis
2435 5400 2645 5472 direpta
2690 5412 3195 5472 commemorantur
3256 5401 3488 5458 Jerem..

1867 5471 1988 5556 ml,
2029 5472 2119 5528 l9.
2179 5471 2442 5556 Sed'nlo‘p
2495 5471 3213 5556 ξιυλιστῆραςιδίειιίηοῇι.
3275 5487 3456 5556 verum

1869 5543 2087 5612 φιάλας,
2122 5542 2264 5611 apud
2299 5539 2459 5596 LXX.
2493 5539 3015 5598 llieronﬁPsalteria
3039 5559 3056 5605 ;
3081 5544 3171 5595 alii
3194 5551 3450 5612 emuncto:

1870 5610 1975 5670 ria.
2014 5610 2397 5671 διψέων-πίω
2435 5612 2589 5682 Ῑαέεε
2618 5621 2767 5668 sunt.
2808 5614 2911 5668 Sed
2949 5615 3017 5666 ab
3041 5630 3105 5667 ea
3137 5625 3269 5682 voce
3311 5610 3454 5682 baud

1869 5683 1986 5755 scio
2015 5699 2084 5755 an
2117 5691 2381 5755 rtth
2413 5683 2646 5755 derivari
2701 5685 2935 5755 possint,
2961 5698 3069 5755 pro
3113 5681 3280 5743 colis,
3334 5681 3458 5750 qui-

1869 5753 2197 5824 bllSﬂllllllll
2257 5752 2572 5824 defecetur.
2625 5751 2717 5808 lta'
2753 5751 2984 5824 μιδικώθ
3021 5752 3163 5806 idem
3211 5767 3335 5824 esse
3386 5765 3454 5824 ac

1869 5823 2105 5888 κυάθους
2156 5822 2402 5879 nondum
2449 5821 2946 5897 comperifquam
3003 5838 3189 5879 vocem
3239 5821 3334 5878 lib.
3371 5821 3457 5877 De
