3988 6434
543 398 645 470 sit

1917 408 1978 467 S.
2019 404 2366 463 ΕΡὶΡΙΙΔΝῐῐ

3683 424 3767 479 διε

545 525 833 592 midicoth,
865 526 981 583 sive
1009 525 1226 599 cyathi;
1262 521 1617 590 machonoth,
1646 522 1739 595 qui
1782 531 1911 579 sunt
1940 522 2123 581 bases.

2247 521 2365 586 ιὼθ,
2387 524 2545 578 ἅτινα
2589 524 2881 580 καλοῦνται
2916 527 3130 596 κύαΟοι,
3160 527 3448 603 μαχωνὼθ,
3479 532 3658 596 αἵτινές
3683 538 3767 590 εἰσι

450 639 463 648 '
544 628 598 677 et
639 634 981 690 quascunque
1028 620 1135 673 alia
1170 619 1258 674 lex
1305 617 1587 685 edisserit,
1652 615 1801 671 velut
1840 614 2128 672 cherubini

544 714 600 764 et
631 708 685 764 id
712 724 886 780 genus
910 708 1042 775 alia,
1076 724 1203 763 arca
1234 708 1573 772 testamenti,
1601 715 1808 772 vectes,
1828 705 2130 762 humerarii

545 803 762 868 annuli,
794 802 1240 861 tabernaculum.
1275 802 1417 867 vela,
1465 800 1633 869 pelles
1673 799 1989 863 rubricata,
2026 812 2130 851 an-

544 906 622 948 sae
675 903 731 948 et
805 892 910 948 alia
950 891 1004 947 id
1038 907 1234 964 genus,
1273 891 1560 960 janitores,
1602 890 1744 945 tubae
1800 889 2033 945 ductiles
2078 895 2132 943 et

545 981 791 1036 incurva:
850 988 905 1037 et
946 996 1148 1049 aureze,
1199 990 1487 1052 argenteae,
1536 995 1709 1043 aereae,
1757 992 1992 1043 corneae,
2025 978 2129 1033 alia

546 1073 784 1145 denique
809 1088 877 1129 ex
906 1074 1043 1144 legis
1073 1074 1415 1144 praescripto,
1456 1073 1603 1128 velut
1637 1072 2035 1128 sacriﬁciorum
2078 1078 2134 1127 et

549 1165 963 1219 inStitutionum
994 1165 1147 1220 varia
1177 1180 1378 1237 genera
1414 1182 1428 1219 :
1467 1180 1588 1236 quae
1621 1179 1748 1219 cum
1785 1164 1943 1218 initio
1989 1178 2132 1218 non-

550 1256 680 1310 dum
703 1266 911 1324 essent,
945 1271 1128 1312 nonne
1150 1264 1439 1328 postquam
1477 1258 1689 1311 invecta
1708 1264 1860 1319 sunt,
1890 1270 2027 1312 suus
2049 1264 2135 1310 est

547 1346 688 1403 ordo
721 1349 887 1404 rebus
912 1348 1255 1405 attributus?
1288 1346 1486 1404 Eadem
1518 1348 1661 1403 ratio
1682 1352 1770 1403 est
1799 1347 2044 1412 illorum,
2067 1345 2135 1402 de

548 1438 752 1510 quibus
785 1439 1082 1510 Apostolus
1103 1441 1352 1511 scripsit,
1380 1454 1503 1511 quae
1533 1440 1725 1494 tandiu
1749 1439 2133 1504 obtinuerunt,

548 1530 725 1585 donec
759 1530 1092 1602 ampliﬁcata
1117 1541 1204 1587 est
1226 1530 1494 1598 Ecclesia,
1521 1533 1697 1590 donec
1723 1548 1881 1590 suam
1914 1548 1978 1589 ac
2001 1531 2139 1604 legi-

548 1622 738 1676 timam
773 1621 841 1677 ad
877 1636 1190 1679 mensuram
1214 1627 1485 1694 pervenit,
1518 1625 1693 1683 donec
1722 1625 1980 1697 prudenti
2000 1640 2138 1697 qua-

545 1713 672 1767 dam
717 1714 1101 1772 moderatione
1145 1716 1458 1789 justissime
1490 1726 1576 1775 est
1609 1735 1639 1774 a
1677 1717 1860 1784 Patre,
1893 1717 2033 1776 Filio
2081 1731 2137 1777 et

548 1802 762 1875 Spiritu
792 1816 988 1863 sancto
1017 1815 1342 1879 temperata.
1389 1807 1468 1864 Ex
1511 1808 1716 1883 quibus
1753 1810 1900 1866 Aerii
1939 1810 2136 1884 dogma

550 1897 840 1954 refellitur.
1376 1972 1391 1983 ἱ

621 1991 780 2057 Quod
802 1981 983 2046 autem
1018 2004 1130 2047 non
1161 1990 1304 2047 idem
1337 1981 1459 2050 esse
1494 1995 1669 2065 possit
1706 2011 1832 2053 cum
1874 1997 2140 2069 episcopo

552 2085 871 2157 presbyter,
925 2083 1149 2139 divinus
1200 2084 1450 2156 Apostoli
1484 2103 1666 2145 sermo
1704 2088 1987 2158 declarat,
2030 2107 2141 2164 quo

551 2178 807 2246 quisnam
842 2177 1162 2248 episcopus,
1206 2178 1404 2248 quisve
1449 2180 1733 2254 presbyter
1765 2181 1839 2237 sit
1879 2181 2144 2256 intelligi-

550 2276 647 2322 tur
686 2285 700 2322 :
733 2282 859 2322 nam
905 2266 973 2323 ad
1014 2260 1382 2326 Timotheum’
1404 2273 1722 2343 episcopum
1764 2273 2015 2333 scribens
2066 2279 2143 2332 ita

552 2358 795 2429 loquitur
820 2377 833 2414 :
858 2358 1238 2431 Presbyterum
1271 2377 1335 2416 ne
1364 2361 1633 2434 objurges,
1656 2363 1749 2419 sed
1770 2363 1985 2421 hortare
2004 2366 2143 2422 velut

548 2462 752 2520 patrem
788 2453 831 2509 ⁸.
865 2450 1034 2524 910
1058 2452 1199 2520 Quid
1231 2460 1414 2510 autem
1453 2455 1722 2512 attinebat
1762 2457 2026 2531 episcopo
2051 2478 2145 2517 ve-

552 2553 693 2610 tare,
726 2551 789 2599 ut
820 2560 888 2600 ne
928 2542 1313 2618 presbyterum
1350 2545 1692 2619 objurgaret,
1724 2548 1834 2606 nisi
1874 2551 2140 2622 majorem

552 2635 676 2707 ipso
709 2643 1035 2707 potestatem
1078 2638 1390 2694 obtineret?
1418 2636 1603 2705 Quare
1641 2639 1905 2713 deinceps
1950 2643 2146 2698 admo-

555 2732 648 2780 net
683 2742 699 2780 :
724 2724 986 2781 Adversus
1003 2728 1365 2798 presbyterum
1387 2728 1493 2781 cito
1533 2731 1926 2786 accusationem
1956 2749 2019 2787 ne
2048 2733 2148 2786 ad-

554 2817 785 2883 miseris,
820 2818 923 2873 nisi
946 2819 1149 2873 duobus
1173 2816 1401 2875 tribusve
1431 2820 1647 2876 testibus
1666 2820 1708 2879 ’.
1736 2821 1854 2877 Non
1883 2821 2049 2880 alicui
2078 2838 2145 2881 ex

557 2908 894 2981 presbyteris
945 2910 1225 2981 praecepit,
1270 2920 1329 2965 ut
1361 2912 1767 2968 accusationem
1803 2922 1997 2968 contra
2025 2914 2147 2986 epi-

556 3017 794 3074 scopum
827 3018 937 3058 non
975 3003 1317 3072 admitteret;
1343 3012 1441 3059 aut
1479 3011 1539 3059 ut
1567 3005 1887 3079 episcopum
1917 3022 2027 3063 non
2045 2990 2148 3063 ob-

554 3095 829 3167 jurgaret.
866 3092 1104 3151 Videsne
1139 3110 1305 3167 quam
1337 3110 1447 3152 non
1480 3096 1775 3155 mediocris
1805 3097 1954 3156 illius
1986 3099 2148 3157 ruina

560 3186 657 3251 sit,
684 3201 845 3256 quem
877 3185 1133 3251 diabolus
1156 3184 1534 3242 labefactarit?

631 3275 745 3333 Vll.
777 3275 884 3335 Sed
906 3276 1142 3336 hominis
1164 3279 1372 3350 reliqua
1388 3277 1686 3336 videamus.
1705 3277 1765 3335 In
1788 3279 1981 3352 primis
1996 3279 2146 3353 quod

558 3368 629 3425 ad
654 3367 865 3425 Pascha
897 3369 1159 3440 pertinet,
1196 3371 1264 3425 de
1301 3383 1412 3442 quo
1445 3369 1828 3426 testimonium
1858 3368 1994 3425 illud
2026 3383 2149 3442 pro-

561 3460 687 3517 tulit
715 3459 964 3517 :Pascha
993 3471 1233 3517 nostrum
1262 3461 1569 3517 immolatus
1597 3469 1680 3518 est
1721 3461 1966 3519 Christus
1982 3463 2028 3527 ⁸,
2072 3461 2145 3518 il-

559 3553 673 3608 lum
698 3550 882 3623 ipsum
899 3553 1238 3619 intueamur,
1265 3552 1426 3625 cujus
1449 3553 1554 3608 ista
1566 3568 1671 3609 vox
1699 3565 1804 3620 est,
1830 3563 2147 3611 utrumnam

561 3643 856 3700 celebrarit
890 3644 1029 3716 ipse.
1069 3642 1145 3700 De
1168 3661 1236 3700 eo
1284 3660 1416 3702 vero
1444 3647 1525 3702 sic
1568 3648 1834 3718 scriptum
1875 3656 2005 3705 est:
2046 3647 2153 3704 Fe-

562 3735 823 3804 stinabat,
842 3744 902 3790 tu
924 3735 1211 3792 celebraret
1230 3736 1565 3794 Pentecostett
1597 3738 1949 3812 Jerosolymis
1984 3741 2027 3798 ‘.
2047 3740 2151 3798 Ec-

564 3842 730 3897 quam
763 3842 895 3883 vero
927 3826 1296 3884 Pentecosten
1323 3829 1529 3887 Paulus
1564 3841 1774 3902 ageret,
1806 3834 1913 3890 nisi
1939 3833 2150 3891 Pascha

565 3915 722 3987 prius
735 3916 965 3972 ohiisset
980 3914 1118 3990 ?(81)
1138 3917 1274 3985 Quis
1289 3926 1372 3974 est
1387 3921 1596 3989 uspiam
1615 3924 2027 3995 terrarum,'qui
2041 3941 2150 3981 non

568 4004 621 4055 in
642 4015 711 4057 eo
736 4005 1070 4070 consentiat,
1095 4014 1346 4076 quartam
1394 4015 1675 4065 sextamve
1702 4008 1895 4066 feriam
1917 4014 2152 4070 solemni

561 4092 623 4148 in
658 4091 902 4150 Ecclesia
939 4095 1157 4168 jejunio
1190 4099 1610 4155 consecratam?
1644 4100 1804 4170 Quod
1837 4105 1884 4160 si
1916 4120 1982 4163 ex
2019 4121 2153 4178 apo—

565 4187 836 4243 stolorum
864 4187 1279 4248 Constitutione
1310 4194 1607 4264 repetenda
1641 4196 1803 4252 nobis
1850 4201 2152 4258 auctoritas

562 4283 671 4343 est,
700 4288 805 4333 cur
850 4277 965 4335 illis
990 4286 1201 4351 quartae
1237 4289 1513 4353 sextazque
1543 4281 1693 4341 feria:
1719 4284 1990 4357 jejunium
2022 4304 2149 4360 per-

565 4378 728 4437 petua
773 4371 892 4441 lege
925 4371 1197 4436 sancitur,
1238 4380 1465 4443 excepta
1506 4372 1871 4433 Pentecoste?
1905 4377 2018 4433 Cur
2051 4394 2149 4435 sex

567 4457 855 4518 Paschatis
907 4461 1105 4520 diebus
1150 4463 1292 4518 nihil
1330 4466 1561 4520 omnino
1603 4466 1673 4524 ad
1721 4468 1905 4524 cibum
1954 4478 2152 4541 praeter

2233 614 2440 683 βάσεις,
2474 616 2569 669 καὶ
2615 615 2826 690 ὅσαπερ
2879 621 2908 672 ὁ
2950 620 3113 692 νόμος
3159 622 3488 692 διαλέγεται,
3547 628 3769 699 χερουϐὶμ

2232 710 2328 762 καὶ
2372 708 2439 762 τὰ
2486 709 2643 775 ἄλλα,
2688 713 2918 778 κιϐωτὸς
2965 714 3248 787 διαθήκης,
3279 717 3566 789 ἀναφορᾶς
3600 736 3655 772 τε
3698 723 3771 775 καὶ

2230 798 2523 866 δακτύλιοι,
2550 805 2723 875 σκηνή
2746 822 2806 859 τε
2833 806 2927 859 καί⁵
2956 805 3165 878 δέρρεις,
3190 807 3284 861 καὶ
3313 807 3552 879 δέρματα
3576 809 3772 883 ἠρυθρι-

2230 889 2538 962 δανωμένα,
2567 892 2804 962 ἀγκύλαι
2849 912 2908 948 τε
2959 897 3052 951 καὶ
3094 897 3164 950 τὰ
3207 898 3365 962 ἄλλα,
3438 898 3664 970 πυλωροὶ
3696 902 3776 955 καὶ

2235 983 2535 1057 σάλπιγγες
2562 988 2752 1043 ἐλαταὶ
2782 989 2876 1042 καὶ
2926 988 3203 1058 καμπύλαι
3267 990 3363 1045 καὶ
3389 995 3582 1063 χρυσαῖ
3601 992 3683 1046 καὶ
3699 994 3777 1063 ἀρ-

2233 1077 2421 1146 γυραῖ,
2458 1076 2677 1146 χαλκαῖ,
2713 1078 3021 1148 κεράτιναι,
3046 1080 3139 1132 καὶ
3171 1077 3238 1132 τὰ
3276 1078 3416 1132 ἄλλα
3437 1080 3635 1149 ὅσαπερ
3660 1080 3684 1132 6
3708 1079 3776 1132 νό-

2236 1186 2337 1240 μος
2364 1167 2491 1241 ἔφη,
2518 1168 2700 1222 θυσίαι
2729 1167 2998 1241 διάφοροι,
3019 1170 3380 1225 διδασκαλίαι.
3399 1169 3611 1241 Ἐπειδὴ
3627 1172 3775 1243 dmp-

2234 1258 2335 1331 χῆς
2367 1258 2542 1313 ταῦτα
2587 1260 2689 1313 οὑκ
2728 1255 2820 1333 ἦν,
2855 1256 2963 1332 ἆρα
2995 1259 3135 1331 μετὰ
3168 1260 3227 1313 τὸ
3255 1260 3514 1330 γενέσθαι
3542 1262 3631 1332 τήν
3655 1260 3777 1327 τάξιν

2234 1350 2336 1405 οὐκ
2382 1349 2572 1422 εἴληφε
2621 1350 2692 1405 τὰ
2738 1350 3074 1424 πράγματα;
3118 1351 3277 1405 Οὕτω
3316 1352 3412 1406 καὶ
3454 1352 3524 1406 τὰ
3560 1352 3777 1423 παρὰτῴ

2253 1442 2565 1514 Ἀποστόλῳ
2604 1444 2989 1516 γεγραμμένα,
3021 1441 3127 1507 ἕως
3168 1443 3258 1496 ὅτε
3290 1440 3652 1513 ἐπλατύνθηή
3681 1443 3777 1497 Ἐκ-

2236 1532 2458 1606 κλησία,
2480 1532 2585 1599 ἓως
2606 1535 2695 1589 ὅτε
2726 1537 2806 1601 εἰς
2826 1536 2888 1590 τὸ
2918 1536 3047 1589 ίδιον
3074 1535 3273 1608 μέτρον
3298 1534 3579 1606 ἐλήλακεν,
3603 1537 3693 1599 ἕως
3710 1537 3778 1590 ὅτι

2234 1625 2327 1680 τὸν
2373 1626 2576 1699 κόσμον
2621 1628 2722 1699 τῆς
2766 1628 3036 1693 συνέσεως
3062 1628 3382 1682 δικαιότατα
3408 1630 3473 1682 ἐκ
3497 1628 3689 1699 Πατρὺς
3708 1630 3781 1683 καὶ

2237 1720 2371 1776 Υἱοῦ
2432 1723 2525 1775 καὶ
2559 1720 2715 1792 ἁγίου
2752 1723 3068 1795 Πνεύματος
3099 1722 3471 1796 ᾠκονδμηται.
3500 1721 3598 1776 Καὶ
3623 1722 3778 1776 ἔπεσεν

2235 1814 2267 1867 ὁ
2288 1812 2384 1866 τοῦ
2418 1811 2629 1886 ’Δερίου
2659 1812 2835 1883 λόγος.

2314 1989 2424 2044 Kal
2464 1989 2548 2044 ὅτι
2590 1989 2688 2061 μὲν
2729 1989 2791 2044 οὗ
2836 1989 3056 2067 δύναται
3092 1993 3301 2067 ταυτὸν
3328 1986 3492 2064 εἶναι,
3520 1992 3731 2047 διδάσκει
3760 1994 3783 2046 6

2243 2080 2385 2148 θεῖος
2421 2080 2579 2152 λόγος
2605 2081 2696 2137 τοῦ
2731 2064 2888 2154 ἁγίου
2924 2084 3250 2139 Ἀποστόλου
3290 2064 3384 2151 Ῐτίς
3408 2085 3511 2158 μὲν
3542 2085 3675 2140 ἐστιν
3692 2086 3783 2139 ἐπί-

2245 2191 2466 2239 σκοπος,
2494 2174 2580 2239 τίς
2629 2173 2687 2230 δέ
2732 2176 2849 2233 ἐστι
2881 2176 3276 2249 πρεσϐύτερος,
3302 2175 3381 2243 ὡς
3406 2176 3554 2247 λέγει
3579 2177 3783 2248 Τιμοθέῳ

2243 2267 2529 2337 ἐπισκόπῳ
2560 2265 2703 2321 ὄντι·
2735 2268 3150 2339 Πρεσϐύτερον
3172 2267 3262 2339 μὴ
3290 2267 3785 2337 ἐπιπλήξῃς,ἁ.ι.1ὰ

2243 2355 2577 2426 παρακάλει
2608 2357 2690 2424 ὡς
2718 2357 2963 2428 πατέρα.
2995 2358 3063 2413 Τί
3087 2353 3204 2431 εἶχε
3252 2361 3494 2433 πρᾶγμα
3532 2359 3785 2413 ἐπίσκοπον

2244 2453 2602 2528 πρεσϐυτέρῳ
2651 2452 2727 2525 μὴ
2789 2449 3160 2522 ἐπιπλήττειν,
3203 2451 3252 2505 εί
3305 2451 3384 2523 μὴ
3432 2446 3499 2523 ἦν
3549 2449 3674 2521 ὑπὲρ
3714 2447 3785 2501 τὸν

2244 2544 2617 2618 πρεσϐύτερον
2648 2543 2787 2615 ἔχων
2812 2541 2911 2616 τὴν
2940 2541 3188 2609 ἐξουσίαν
3208 2559 3224 2608 ;
3241 2540 3333 2606 Ὠς
3355 2542 3451 2596 καὶ
3474 2539 3625 2597 πάλιν
3641 2536 3783 2607 λέγει’

2244 2637 2408 2692 Κατὰ
2434 2633 2840 2706 πρεσϐυτέρου
2861 2632 2947 2705 μὴ
2977 2631 3205 2703 ταχέως
3236 2632 3599 2704 κατηγορίαν
3620 2629 3783 2700 δέχου,

2244 2731 2299 2785 εί
2314 2726 2398 2800 μή
2429 2747 2483 2784 τι
2508 2728 2608 2784 ἐπὶ
2632 2727 2742 2782 δύο
2767 2727 2865 2781 καί
2895 2722 3071 2796 τριῶν
3088 2725 3433 2794 μαρτύρων.
3457 2724 3563 2777 Kal
3589 2722 3677 2776 οὐκ
3693 2717 3784 2775 εἶπέ

2245 2838 2352 2875 τινι
2398 2818 2509 2873 τῶν
2549 2815 2970 2891 πρεσϐυτέρωνο
3012 2812 3106 2885 Μὴ
3150 2811 3279 2886 δέξῃ
3329 2812 3653 2884 κατηγορίαν
3678 2805 3785 2863 κατὰ

2247 2911 2548 2968 ἐπισκόπου
2568 2926 2583 2942 ·
2606 2908 2729 2963 οὐδὲ
2752 2907 2959 2979 ἔγραψε
2982 2904 3075 2979 [πε
3085 2903 3160 2977 pl]
3183 2905 3298 2958 τῶν
3318 2903 3689 2978 πρεσϐυτέρων
3705 2900 3786 2954 τινὶ

2251 3006 2328 3079 μὴ
2354 3004 2706 3075 ἐπιπλήττειν
2737 3000 3045 3072 ἐπισκὸπῳ.
3070 2999 3182 3053 Kal
3214 3000 3380 3073 ὁρᾷς,
3407 3000 3488 3054 ὅτι
3513 2995 3691 3061 παντὸς
3714 2989 3788 3048 τοῦ

2250 3098 2314 3152 ἐκ
2338 3095 2432 3150 τοῦ
2463 3095 2711 3150 διαϐόλου
2741 3090 3259 3166 παρασαλευομένου
3290 3093 3332 3164 ή
3355 3092 3559 3156 πτῶσις
3578 3090 3632 3144 οὐ
3653 3086 3788 3160 μικρά

2171 3192 2217 3254 (ζ
2246 3186 2333 3252 τίς
2365 3188 2549 3252 ἐστινς

2316 3280 2390 3335 Ζ’.
2434 3279 2558 3333 ἰδω
2571 3293 2668 3353 μεν
2699 3277 2757 3333 δὲ
2785 3276 2881 3332 καὶ
2910 3276 2980 3331 τὰ
3022 3274 3158 3331 ἄλλα
3202 3272 3399 3340 αὑτοῦ,
3430 3275 3524 3328 καὶ
3544 3268 3787 3337 διασκοπή-

2250 3387 2454 3443 σωμεν.
2497 3371 2609 3425 Καὶ
2647 3369 2777 3443 περὶ
2816 3367 2913 3422 τοῦ
2949 3368 3141 3439 Πάσχα
3187 3367 3415 3439 πρῶτον
3456 3362 3699 3435 εἴπωμεν,
3732 3357 3786 3419 ὥς

2250 3479 2414 3536 φησι·
2454 3463 2527 3519 Τὸ
2558 3461 2775 3532 Πάσχα
2798 3459 2971 3531 ἡμῶν
2990 3460 3170 3528 ἐτύθη
3198 3460 3496 3528 Χριστός·
3522 3456 3698 3527 ἴδωμεν
3714 3451 3785 3505 αὖ·

2248 3557 2339 3612 τὸν
2360 3556 2452 3610 τὸν
2476 3553 2719 3623 εἰπόντα,
2741 3554 2790 3608 εί
2817 3553 2921 3607 οὐκ
2939 3551 3203 3609 ἐπετέλει.
3238 3551 3358 3607 Καί
3378 3568 3509 3622 φησι
3526 3565 3541 3581 ’
3572 3549 3785 3602 Ἐσπευ-

2249 3647 2379 3714 δεῖν,
2394 3646 2554 3714 ὅπως
2578 3645 2806 3715 ποιήσῃ
2836 3642 2954 3713 τὴν
2980 3641 3418 3711 Πεντηκοστὴν
3444 3643 3530 3707 είς
3553 3639 3786 3708 Ἰερουσα-

2249 3738 2393 3809 λήμ.
2430 3738 2595 3793 Ποίαν
2619 3737 2677 3792 δὲ
2703 3737 2801 3810 τὴν
2835 3735 3216 3807 Πεντηκοστὴν
3246 3732 3498 3788 ἐπετέλει
3523 3728 3722 3791 Παῦλος,
3749 3723 3783 3775 εί

2254 3831 2330 3903 μὴ
2372 3832 2566 3902 Πάσχα
2606 3829 2923 3895 ἐπετέλεσες
2963 3827 3084 3883 Τίνι
3109 3827 3168 3881 δὲ
3199 3826 3263 3881 οὗ
3304 3823 3707 3899 συμπεφώνηται
3741 3815 3784 3867 ἐν

2250 3924 2387 3978 πᾶσι
2414 3922 2641 3996 κλίμασι
2662 3921 2762 3995 τῆς
2783 3918 3129 3992 οἰκουμένης,
3146 3919 3228 3973 ὄτι
3250 3917 3454 3991 τετρὰς
3473 3916 3563 3971 καὶ
3582 3907 3783 3984 “paciﬁ-

2250 4013 2415 4068 ϐατον
2433 4012 2657 4084 νηστεία
2682 4011 2827 4066 ἐστὶν
2855 4010 2913 4063 ἐν
2935 4011 3003 4082 τῇ
3031 4007 3330 4081 Ἐκκλησία
3357 4004 3627 4079 ὡρισμένη
3646 4019 3659 4067 ;
3679 3996 3782 4053 Elii

2251 4103 2347 4158 καὶ
2366 4103 2473 4176 χρὴ
2506 4103 2567 4156 τὸ
2591 4101 2692 4174 τῆς
2701 4097 3010 4166 Διατάξεως
3030 4099 3138 4154 τῶν
3158 4098 3477 4153 ἀποστόλων
3495 4095 3675 4164 λέγειν,

2250 4172 2659 4266 ιπίὼριςωτά
2684 4190 2918 4264 τετράδα
2944 4191 3040 4245 καὶ
3068 4188 3458 4261 Προσάϐϐατον
3478 4182 3703 4257 νηστείαν
3719 4172 3783 4229 διὰ

2252 4285 2453 4350 παντὸς
2469 4284 2642 4357 χωρὶς
2662 4283 3076 4354 Πεντήκοστῆς;
3102 4280 3214 4335 Καὶ
3241 4281 3374 4352 περὶ
3398 4278 3505 4333 τῶν
3530 4276 3585 4344 ἒξ
3607 4266 3783 4346 ἡμερῶν

2249 4376 2346 4432 τοῦ
2377 4377 2571 4447 Πάσχα
2601 4375 2719 4440 πῶς
2754 4373 3195 4447 παραγγέλλουσι
3229 4372 3402 4445 μηδὲν
3447 4370 3579 4433 ὅλως
3617 4359 3782 4434 λαμσά-

2253 4488 2365 4524 νειν
2396 4471 2431 4543 ἢ
2471 4469 2638 4539 ἄρτου
2672 4466 2768 4522 καὶ
2796 4466 2923 4530 ἁλὸς
2954 4466 3047 4520 καὶ
3078 4463 3306 4531 Marce;
3338 4464 3503 4518 Ποίαν
3536 4477 3590 4514 τε
3616 4454 3782 4530 ἡμέραν

567 4567 789 4623 panem,
832 4555 1006 4611 salem
1062 4560 1120 4612 et
1185 4569 1383 4626 aquam
1428 4556 1798 4614 adhibendum
1848 4560 2145 4618 definiunt!

2254 4542 2428 4632 ἄγειν,
2454 4558 2571 4626 πῶς
2598 4576 2658 4613 τε
2688 4556 2945 4613 ἀπολύειν
2973 4558 3051 4622 είς
3083 4554 3503 4626 ἐπιφὼσκουσαν
3528 4542 3778 4620 Κυριακήν.

565 4644 873 4710 Quamnam
901 4658 1037 4702 vero
1059 4648 1324 4704 celebrari
1352 4648 1498 4705 diem
1543 4659 1600 4708 et
1625 4651 1683 4707 in
1725 4652 2133 4711 illucescentem

570 4736 913 4794 Dominicam
936 4739 1216 4798 dimittere
1230 4742 1575 4814 pracipiant,
1591 4744 1797 4800 nemini
1820 4760 1944 4803 esse
1971 4755 2156 4820 potest

568 4829 890 4887 olncurum.
916 4828 1037 4887 lam
1073 4848 1206 4890 vero
1227 4835 1335 4889 utri
1373 4833 1593 4891 tandem
1619 4834 1836 4891 illorum
1866 4839 2155 4909 peritiores

570 4923 740 4977 sunt?
772 4925 855 4979 An
885 4938 1074 5006 errore
1102 4926 1368 4999 deceptus
1387 4926 1707 4992 homuncio,
1745 4928 1839 5000 qui
1867 4945 2014 4986 nunc
2037 4938 2158 4987 tan-

571 5013 696 5068 dem
728 5017 973 5083 emersit,
994 5026 1049 5075 et
1079 5018 1259 5076 adhuc
1278 5014 1444 5077 hodie
1470 5029 1758 5090 superstes
1783 5022 1906 5078 est?
1944 5024 2026 5079 An
2057 5025 2151 5097 qui

572 5112 705 5161 ante
747 5120 847 5163 nos
876 5115 1047 5166 testes
1079 5113 1432 5179 exstiterunt,
1462 5113 1668 5184 quique
1697 5119 1825 5170 ante
1867 5130 1971 5171 nos
1994 5129 2152 5172 eam-

2254 4653 2491 4726 φανερόν
2535 4653 2671 4706 ἐστι.
2701 4650 2800 4715 Τίς
2840 4650 2898 4704 δέ
2934 4648 3135 4722 μᾶλλον
3173 4644 3463 4701 ἐπίσταται
3492 4641 3703 4701 sonitum;

2255 4724 2441 4818 ἡπαίέη
2451 4744 2610 4817 μένος
2628 4742 2936 4815 ἄνθρωπος,
2962 4744 2990 4797 ὁ
3013 4741 3108 4795 νῦν
3133 4739 3256 4812 ὲνδη
3266 4740 3468 4813 μήσας,
3499 4734 3586 4790 καί
3608 4731 3697 4795 ἕως
3711 4724 3780 4818 νῆν

2257 4816 2316 4894 ὲν
2345 4816 2549 4911 τῷγβίῳ
2575 4834 2803 4910 περιὼν,
2828 4835 2862 4907 ἢ
2886 4837 2936 4890 οἱ
2975 4835 3083 4907 πρὸ
3125 4832 3284 4906 ήμῶν
3317 4832 3585 4905 μάρτυρες
3610 4816 3782 4895 γεγονό-

2256 4950 2369 4998 τες,
2398 4932 2615 5005 εχοντες
2642 4929 2750 5003 πρδ
2782 4928 2940 5003 ἡμῶν
2970 4929 3071 5000 τὴν
3116 4927 3415 4998 παράδοσιν
3456 4922 3545 4977 ἐπὶ
3577 4913 3781 5012 iis?“

2258 5024 2508 5097 κλησίας,
2548 5024 2643 5077 καὶ
2678 5014 2825 5077 οὗτοι
2875 5019 3277 5093 παρειληφότες
3316 5014 3468 5088 παρὰ
3504 5011 3603 5066 τῶν
3642 5005 3781 5097 “fita”

2259 5095 2533 5188 παύρων,
2557 5113 2666 5171 τῶν
2693 5131 2752 5168 τε
2781 5111 2961 5167 αὐτῶν
2984 5110 3239 5183 πατέρων
3262 5107 3423 5163 πάλιν
3447 5095 3780 5179 μεμαθηκότων

649 5263 666 5295 ⁸
702 5259 725 5317 ι
753 5260 899 5316 Tim.
929 5279 985 5327 ν,
1020 5265 1073 5320 1.
1148 5268 1170 5298 ³
1202 5267 1336 5323 ibid.
1368 5267 1457 5324 19.
1535 5267 1558 5301 ⁸
1585 5267 1605 5323 Ι
1631 5267 1762 5324 Cor.
1798 5285 1852 5335 ν,
1879 5269 1932 5324 7.
2005 5268 2029 5302 ⁵
2055 5270 2177 5325 Aet.
2213 5284 2305 5337 xx,
2352 5268 2439 5325 16.

576 5422 742 5475 mens.
764 5427 816 5494 et
850 5417 1269 5494 pondhrepetit,
1296 5437 1419 5494 pag.
1456 5421 1562 5494 182
1584 5431 1781 5494 .utet
1827 5424 2155 5480 anteceden-

576 5487 1356 5583 tem;_1zoa0_epflocat_
1370 5487 1663 5563 ⁷μεδεκώθ.
1702 5493 1904 5551 Verum
1951 5504 2160 5583 mpm

578 5575 610 5613 a
649 5558 792 5614 LXX
820 5557 1012 5613 κύαθοι
1050 5558 1374 5615 redduntur.

650 5631 764 5704 (ιιι)
799 5629 1133 5704 Luculentus
1167 5636 1253 5686 est
1289 5630 1382 5704 hic
1414 5629 1713 5704 Epiphanii
1739 5634 1917 5702 locus,
1947 5650 2014 5691 ex
2049 5648 2158 5704 quo

581 5699 859 5771 variorum
891 5700 1121 5766 rituum,
1156 5715 1297 5771 quos
1309 5699 1589 5758 Catholica
1612 5720 1675 5760 ac
1699 5699 1947 5760 Romana
1973 5699 2161 5760 Eccle-

580 5769 665 5823 sia
696 5768 969 5836 hodieque
997 5768 1216 5845 retinet,
1239 5778 1490 5845 vetustas
1519 5776 1804 5830 asseritur.
1832 5774 2158 5845 Cujusmodi

582 5846 712 5895 sum
742 5845 1019 5895 certorum
1042 5839 1253 5899 dierum
1279 5839 1511 5912 jejunio,
1544 5858 1731 5914 preces
1772 5860 1873 5916 pro
1914 5839 2159 5902 'ntortuis

2264 5432 2320 5480 et
2342 5431 2663 5481 sanctorum
2692 5422 2921 5494 perinde
2953 5436 3023 5494 ac
3053 5428 3374 5494 cauet-orum
3413 5413 3630 5494 ﬁdelium
3658 5416 3779 5494 calli:
3860 5460 3871 5481 ,

2267 5474 2721 5571 haesitasset
2737 5474 3152 5571 ‘_'ne"qaip.‘..j
3463 5474 3777 5571 compleri???

2266 5564 2380 5635 agit
2407 5565 2462 5619 in
2491 5566 2642 5620 calce
2671 5562 2838 5634 hujus
2869 5550 3093 5635 op'eris,
3118 5561 3170 5617 in
3206 5550 3545 5635 Eprsitionc
3574 5550 3775 5635 ὕδει-(ΞΤ

2267 5626 2504 5690 ιιῖοιίειε.
2534 5626 2924 5702 Quamobrem'
2941 5635 2995 5690 in
3041 5626 3192 5690 illum
3222 5626 3398 5702 ipsum
3427 5629 3593 5702 locum
3621 5626 3776 5702 OPPf’f‘

2266 5705 2454 5761 tunius
2501 5691 2847 5774 conferetur,
2919 5705 2969 5760 si
3024 5703 3155 5774 quid
3205 5691 3275 5757 ad
3320 5691 3769 5774 illustrandantplf-‘l:

2269 5754 2975 5902 igéiiﬁkraﬁwdbglilélulll
3028 5754 3408 5848 ian—tiquitatem
3464 5754 3771 5821 adnotandum

2270 5862 2389 5902 νιιε
2430 5862 2443 5900 l
2477 5861 2560 5900 ur.

2270 5846 2560 5902 videbitur.
