3988 6402
132 363 239 420 513

917 355 1287 414 ADVERSUS
1336 355 1676 412 IUERESES
1713 355 1737 414 Ι

1881 354 1972 412 Ill.
2013 356 2176 413 ΤΟΜ.
2224 358 2265 414 Ι.
2307 358 2668 418 --"1£RES.
2712 359 2928 417 LXXV.

3311 361 3442 420 ειιη

128 478 287 548 παρά
314 474 418 528 τῶν
449 473 557 546 πρὸ
597 471 777 527 αὐτῶν
816 473 1138 542 γεγονότων,
1166 473 1284 535 πῶς
1333 473 1366 543 ὴ
1405 472 1722 542 Ἐκκλησία,

1841 471 1954 527 dem
1999 474 2354 530 traditionem
2401 475 2456 528 in
2507 477 2752 532 Ecclesia
2805 483 3124 543 tenuerunt,
3157 492 3324 548 qua
3363 481 3420 533 et

129 563 708 638 παραλαϐοῦσαπαρά
737 564 844 618 τῶν
868 564 1036 633 αὐτῆς
1058 563 1329 634 πατέρων,
1361 563 1490 634 ἄχρι
1515 564 1607 616 καὶ
1630 564 1730 634 τῆς

127 656 296 725 δεῦρο
322 655 545 724 κατέχει
577 655 677 726 τὴν
704 653 966 726 ἀληθινὴν
995 655 1200 716 πίστιν,
1231 655 1324 707 καὶ
1365 654 1462 718 τὰς
1489 655 1726 724 παραδό-

132 763 286 810 σεις;
330 748 438 798 Καὶ
463 746 800 799 διαπιπτέτω
831 746 991 800 πάλιν
1019 747 1051 816 ἡ
1083 746 1273 798 τούτου
1314 745 1491 799 ἔννοια
1523 750 1556 817 ἡ
1595 747 1725 815 περὶ

132 839 229 891 τοῦ
256 839 474 908 Πάσχα.
504 832 637 890 Εἶτα
664 837 723 890 δὲ
752 838 801 891 εί
831 838 906 907 μὴ
939 837 1067 908 περὶ
1096 837 1198 907 τῆς
1221 838 1391 908 αὐτῆς
1419 837 1729 901 ὑποθέσεως

128 932 422 1002 Τετράδων
447 931 540 984 καὶ
573 931 974 1002 Προσαϐϐἀτων
994 932 1044 984 οἱ
1076 931 1230 985 αὐτοὶ
1260 931 1546 984 ἀπόστολοι
1573 934 1629 984 ὲν
1659 935 1726 1004 τῇ

118 1019 376 1086 Δια-τάξει
417 1021 622 1090 ἔλεγον,
659 1021 752 1075 καὶ
799 1021 974 1084 ἄλλως
1017 1022 1081 1073 ὲκ
1124 1020 1459 1090 πανταχόθεν
1507 1021 1728 1090 εἴχομεν

130 1112 434 1177 ἀποδεῖξαι,
452 1113 602 1182 ὅμως
629 1112 757 1183 περὶ
781 1112 970 1165 τούτου
997 1112 1241 1183 ἀκριϐῶς
1263 1113 1554 1185 γράφουσι.
1581 1114 1729 1183 Παρ-

137 1202 324 1272 είληφε
354 1202 413 1255 δὲ
439 1204 471 1273 ἡ
519 1201 834 1272 Ἐκκλησία,
868 1202 962 1257 κα)⁵
987 1205 1044 1256 έν
1065 1202 1171 1272 ὅλῳ
1201 1202 1278 1273 τῷ
1303 1203 1495 1273 κόσμῳ
1519 1220 1583 1256 συ
1592 1220 1728 1273 μπεο

134 1294 382 1365 φώνηται
402 1312 415 1324 '
442 1296 572 1368 πρὶν
609 1295 763 1368 [γὰρ]
809 1295 902 1349 τοῦ
930 1292 1068 1348 εἶναι
1109 1297 1317 1362 Ἀέριον
1351 1297 1445 1350 καὶ
1477 1298 1603 1361 τοὺς
1633 1293 1728 1352 ἀπ’

131 1384 302 1437 αὑτοῦ
347 1384 678 1455 ’Λεριανούς.
720 1387 874 1455 Τάχα
893 1385 1005 1456 γάρ
1037 1385 1132 1438 καὶ
1158 1386 1301 1439 κατὰ
1340 1385 1501 1441 τοῦτο
1524 1387 1729 1440 δικαιό-

131 1491 294 1526 τατον
338 1474 509 1544 ὄνομα
553 1475 790 1544 εἴληφεν.
812 1475 1019 1544 Ἀἐριον
1059 1475 1167 1546 γὰρ
1213 1474 1430 1546 πνεῦμα
1472 1474 1628 1546 ἔσχεν
1669 1475 1727 1543 ἐξ

133 1565 503 1637 ἀκαθαρσίας,
529 1566 640 1619 ἀπὸ
678 1567 788 1622 τῶν
821 1567 1020 1639 ἀερίων
1057 1570 1386 1638 πνευμάτων
1423 1567 1524 1638 τῆς
1560 1585 1725 1640 πονη-

140 1659 280 1727 ρίας,
307 1657 369 1710 τὴ
400 1661 458 1711 ὲν
483 1658 632 1728 αὐτῷ
661 1659 888 1730 οίκῆσαν
915 1660 1058 1714 κατά
1084 1660 1182 1730 τῆς
1229 1657 1577 1728 Ἐκκλησίας.

1836 563 1941 635 ipsi
1975 580 2006 618 a
2039 567 2364 636 parentibus
2403 567 2520 622 suis
2555 577 2906 636 acceperant,
2936 579 2993 624 et
3040 569 3286 639 ipsorum
3323 584 3420 638 pa-

1831 662 2018 712 rentes
2044 672 2076 709 a
2099 657 2401 727 majoribus
2429 658 2546 714 suis
2577 659 2888 714 didicerant
2914 679 2928 714 :
2954 660 3418 732 quemadmodum

1831 743 2101 812 Ecclesia,
2136 764 2300 818 quam
2331 764 2361 802 a
2406 750 2660 820 patribus
2702 752 2820 805 suis
2859 751 3072 821 accepit
3111 760 3317 806 rectam
3356 766 3422 804 ac

1835 839 2108 894 sinceram
2151 841 2344 906 Iidem,
2391 857 2518 895 cum
2552 843 2942 896 traditionibus
2974 842 3043 897 ad
3086 841 3230 896 hunc
3274 842 3418 896 diem

1835 927 2124 984 observat?
2153 928 2417 986 Facessat
2450 931 2618 1002 igitur
2662 930 2802 986 falsa
2848 931 3002 986 illius
3041 931 3108 986 de
3155 931 3422 987 l’ascbate

1835 1021 2128 1076 sententia.
2159 1021 2364 1086 Quodsi
2416 1024 2484 1079 de
2531 1033 2726 1095 quarta
2789 1031 3011 1081 sextave
3040 1022 3174 1077 feria
3215 1024 3420 1076 nullam

1833 1111 2059 1166 omnino
2092 1112 2145 1166 in
2158 1112 2567 1170 Constitutione
2588 1131 2689 1170 sua
2715 1117 3051 1170 mentionem
3080 1114 3312 1183 apostoli
3351 1113 3422 1167 fe-

1834 1205 2062 1268 cissent,
2092 1205 2218 1262 aliis
2261 1212 2446 1261 tamen
2476 1206 2822 1277 argumentis
2865 1206 3066 1260 licebat
3097 1205 3196 1258 uti.
3235 1202 3417 1270 Quan-

1833 1311 1999 1365 quam
2029 1311 2096 1352 ea
2126 1297 2196 1354 de
2231 1313 2290 1352 re
2318 1307 2404 1355 est
2434 1300 2504 1354 ab
2535 1300 2642 1354 illis
2679 1298 3101 1354 accuratissime
3131 1297 3420 1365 scriptum,

1835 1386 1998 1458 idque
2015 1387 2189 1456 ipsum
2219 1389 2289 1444 ab
2305 1389 2549 1446 Ecclesia
2571 1398 2885 1460 susceptum
2903 1389 3279 1444 communiest
3291 1402 3424 1441 con-

1835 1480 2091 1534 sensione
2138 1478 2452 1544 ﬁrmatum,
2500 1488 2792 1550 antequam
2852 1479 3049 1536 Acrius
3095 1479 3242 1532 ullus
3293 1492 3420 1533 cum

1833 1570 2090 1626 Aerianis
2129 1571 2444 1626 exsisteret.
2484 1569 2588 1635 Qui
2617 1569 2749 1623 mihi
2792 1558 3081 1639 propterea
3121 1567 3321 1622 merito
3363 1565 3417 1618 id

1833 1661 2073 1716 nominis
2111 1663 2344 1732 adeptus
2369 1663 2605 1716 videtur.
2648 1663 2877 1716 Aerium
2919 1661 3124 1732 quippe
3164 1659 3422 1730 spiritum

136 1765 198 1802 ex
236 1749 560 1820 impuritate
590 1759 784 1806 nactus
803 1752 1093 1823 cst,9ll
1124 1753 1192 1808 de
1217 1753 1314 1808 illo
1339 1753 2200 1826 aeriorumnequitimspirituum
2228 1772 2413 1828 grege,
2467 1757 2561 1826 qui
2625 1755 2680 1810 in
2742 1755 2864 1824 ipso
2911 1755 3177 1810 adversus
3229 1751 3422 1806 Eccle-

135 1841 278 1894 siam
317 1841 658 1896 domicilium
677 1844 950 1912 posuerit.

201 1944 292 2002 ll‘.
319 1948 551 2003 Ἔπειτα
579 1949 634 2003 δὲ
657 1951 785 2022 περὶ
807 1951 900 2006 τοῦ
930 1953 1170 2024 ὀνόματα
1195 1952 1376 2023 λέγειν
1405 1955 1516 2010 τῶν
1543 1955 1724 2010 τελευο

1895 1953 2032 2008 VIII.
2059 1953 2213 2020 Quod
2247 1969 2374 2010 vero
2404 1960 2614 2024 spectat
2644 1953 2709 2008 ad
2739 1955 2905 2009 ritum
2933 1954 3108 2016 illum,
3131 1968 3244 2023 quo
3268 1969 3419 2009 mor-

134 2041 444 2110 τησὰντων,
463 2041 514 2094 τί
539 2041 605 2096 ἂν
635 2042 720 2115 εἴη
744 2043 936 2098 τούτου
956 2045 1310 2116 προύργιαίτε
1321 2063 1439 2116 ρον;
1465 2047 1513 2100 τί
1542 2047 1730 2100 τούτου

135 2133 501 2205 καιριώτερον
535 2135 630 2188 καὶ
662 2136 1132 2209 θαυμασιώτερον,
1161 2139 1438 2192 πιστεύειν
1473 2139 1570 2210 μὲν
1601 2141 1730 2203 τοὺς

134 2226 442 2296 παρόντας,
473 2214 555 2280 ὃτί
585 2227 634 2280 οἱ
668 2228 994 2292 ἀπελθόντες
1021 2228 1180 2294 ζῶσι,
1207 2229 1304 2284 καὶ
1334 2231 1393 2284 ὲν
1422 2231 1732 2302 ἀνυπαρξίᾳ

131 2319 238 2371 οὐκ
271 2317 446 2371 εἰσίνο
478 2318 613 2372 ἀλλά
649 2320 786 2386 εἰσὶ,
822 2322 917 2374 καὶ
957 2319 1092 2386 ζῶσι
1129 2322 1280 2394 παρά
1327 2321 1407 2393 τῷ
1449 2323 1727 2396 Δεσπότῃ·

134 2409 233 2462 καὶ
276 2410 430 2473 ὅπως
477 2410 543 2463 ἂν
582 2409 644 2463 τὸ
693 2412 1021 2482 σεμνότατον
1065 2416 1329 2485 κήρυγμα
1356 2415 1728 2485 διηγήσοιτοί,

134 2499 212 2564 ὡς
243 2499 404 2565 ἐλπίς
433 2502 578 2554 ἐστιν
605 2503 742 2574 ὑπὲρ
771 2503 1016 2573 ἀδελφῶν
1044 2505 1380 2575 εὐχομένοις,
1409 2505 1486 2569 ὼς
1511 2508 1568 2559 ὲν
1592 2508 1732 2560 ἀπο⁹

136 2589 315 2662 δημίᾳ
343 2591 724 2661 τυγχανόντων
746 2608 758 2621 ο
785 2592 988 2662 ὠφελεί
1013 2593 1070 2646 δὲ
1101 2594 1249 2664 καὶὴ
1281 2595 1420 2666 ὑπὲρ
1450 2594 1628 2648 αὐτῶν
1651 2613 1735 2664 γι-

142 2683 347 2753 νομένη
375 2683 534 2755 εὐχὴ.
565 2685 614 2737 εἰ
641 2685 736 2738 καὶ⁹
760 2685 828 2740 τὰ
852 2685 950 2740 ὅλα
979 2686 1088 2741 τῶν
1119 2687 1460 2758 αἰτιαμάτων
1494 2687 1568 2758 μὴ
1597 2689 1734 2742 ἀπο-

144 2774 375 2828 κόπτοι·
409 2775 526 2830 ἀλλ’
551 2772 644 2830 οὖν
692 2794 755 2845 γε
792 2777 880 2832 διὰ
919 2777 982 2832 τὸ
1004 2778 1267 2842 πολλάκις
1291 2781 1349 2832 ὲν
1371 2779 1562 2850 κόσμῳ
1588 2781 1734 2850 ἡμᾶς

143 2867 307 2932 ὄντας
350 2869 680 2938 σφάλλεσθαι
725 2870 998 2936 ἀκουσίως
1025 2888 1086 2924 τε
1111 2873 1204 2925 καὶ
1243 2871 1527 2933 ἑκουσίως.
1559 2873 1646 2926 ἵνα
1675 2872 1737 2926 τὸ

145 2960 523 3032 ὲντελέστερον
573 2963 848 3033 σημανθῇ.
896 2962 1007 3016 Καὶ
1037 2963 1147 3033 γὰρ
1175 2963 1402 3017 δικαίων
1433 2963 1739 3034 ποιούμεθα

145 3051 244 3123 τὴν
278 3055 522 3124 μνήμην,
549 3055 646 3107 καὶ
670 3053 809 3125 ὑπὲρ
841 3055 1212 3124 ἁμαρτωλῶν·
1242 3055 1382 3127 ὑπὲρ
1417 3056 1516 3126 μὲν
1557 3056 1740 3126 ἁμαρ-

145 3142 337 3197 τωλῶν
368 3144 510 3216 ὑπὲρ
541 3144 724 3209 ἐλέους
753 3145 890 3199 Θεοῦ
923 3146 1192 3217 δεόμενοι,
1226 3147 1367 3218 ὑπὲρ
1413 3147 1471 3200 δὲ
1514 3146 1739 3201 δικαίων

144 3234 244 3289 καὶ
277 3235 540 3306 Πατέρων
585 3236 681 3290 καί
723 3237 1098 3310 πατριαρχῶν,
1129 3239 1422 3310 προφητῶν
1466 3238 1559 3291 καὶ
1605 3238 1741 3291 ἀπο-

1832 2053 2052 2099 tuorum
2089 2047 2308 2099 nomina
2331 2047 2780 2115 pronuntiantur,
2814 2045 2946 2115 quid
2979 2061 3046 2100 eo
3071 2061 3198 2100 esse
3232 2053 3415 2114 potest

1833 2137 2063 2192 utilius?
2090 2135 2220 2206 quid
2246 2136 2635 2206 opportunius,
2659 2146 2754 2190 aut
2779 2150 2912 2190 vero
2939 2136 3303 2190 admiratione
3331 2136 3420 2190 di-

1833 2227 1994 2299 gnius
2013 2227 2036 2282 ?
2054 2225 2260 2296 Nempe
2284 2233 2345 2280 ut
2377 2225 2471 2296 qui
2489 2226 2690 2282 adsunt
2717 2225 3030 2281 certissime
3054 2225 3165 2280 sibi
3197 2241 3427 2295 persua-

1833 2319 2261 2374 deantmortuos
2288 2319 2610 2382 vivere,nec
2645 2316 2701 2371 in
2732 2316 2964 2371 nihilum
2993 2317 3249 2374 redactos
3275 2334 3424 2382 esse,

1834 2411 1927 2467 sed
1960 2412 2227 2468 exsistere
2255 2410 2436 2466 adhuc
2471 2418 2637 2480 atque
2674 2409 2816 2478 apud
2874 2409 3166 2463 Dominum
3203 2411 3426 2475 vivere;

1834 2512 1950 2558 tum
1997 2511 2058 2557 ut
2105 2503 2583 2574 religiosissimum
2631 2501 2763 2554 illud
2815 2499 3013 2570 dogma
3073 2502 3424 2570 prmdicetur,

1835 2611 1945 2666 quo
1975 2596 2068 2665 qui
2100 2610 2200 2665 pro
2233 2594 2498 2650 fratribus
2529 2602 2848 2665 precantur,
2887 2593 3024 2648 bene
3057 2593 3124 2649 de
3157 2594 3265 2650 illis
3301 2609 3427 2665 spo-

1836 2703 1960 2742 rare
1975 2695 2213 2750 constat,
2240 2687 2396 2757 quasi
2429 2701 2656 2756 peregre
2687 2685 2968 2756 profectis.
2993 2686 3263 2741 (laterum
3297 2703 3421 2757 quae

1840 2795 1937 2847 pro
1974 2779 2211 2835 mortuis
2255 2778 2649 2848 concipiuntur
2686 2794 2901 2848 preces,
2945 2778 3012 2834 iis
3067 2778 3231 2833 utiles
3274 2787 3426 2842 sunt,

1837 2875 2056 2930 tametsi
2087 2889 2196 2927 non
2219 2888 2412 2927 omnes
2431 2873 2622 2942 culpas
2644 2873 3025 2942 exstinguant.
3051 2870 3254 2927 Verum
3272 2887 3339 2927 ex
3363 2888 3433 2927 co

1837 2975 2091 3038 prosunt,
2125 2967 2271 3038 quod
2305 2967 2648 3037 plerumque,
2689 2964 2821 3019 dum
2853 2963 3034 3018 adhuc
3059 2964 3114 3018 in
3149 2973 3295 3018 terra
3325 2965 3424 3018 de-

1839 3059 2042 3129 gimus,
2063 3067 2259 3128 sponte
2285 3065 2381 3110 aut
2405 3057 2560 3111 inviti
2594 3056 2920 3119 titubemus,
2950 3062 3008 3109 ut
3039 3054 3118 3120 id,
3148 3053 3294 3124 quod
3316 3071 3434 3124 per-

1840 3149 2036 3205 fectius
2060 3157 2167 3213 est,
2200 3149 2560 3219 signiﬁcetur.
2578 3145 2714 3201 Nam
2743 3154 2796 3202 et
2819 3147 3095 3216 justorum
3144 3146 3351 3216 pariter
3378 3152 3433 3199 et

1843 3249 2196 3311 peccatorum
2228 3239 2566 3293 mentionem
2595 3238 2833 3292 Iacimus
2860 3255 2874 3292 :
2907 3245 3261 3308 peccatorum
3303 3238 3431 3306 qui-

145 3327 354 3381 ο-τόλων
381 3303 472 3381 καὶ
496 3303 894 3397 εὐαγγελιστῶν
930 3303 1025 3386 καὶ
1079 3303 1374 3402 μαρτόρων
1428 3329 1523 3383 καὶ
1549 3327 1737 3399 ὁμολο-

1843 3333 1990 3392 dem,
2017 3341 2077 3384 ut
2105 3331 2174 3386 iis
2211 3345 2242 3383 a
2286 3329 2520 3385 Domino
2556 3329 2992 3383 misericordiam
3040 3327 3436 3398 imploremus;

143 3419 355 3491 τητῶν,
394 3419 706 3474 ἐπισκόπων
747 3437 808 3474 τε
848 3422 940 3474 καὶ
975 3420 1343 3493 ἀναχωρητῶν
1403 3421 1498 3475 καὶ
1541 3421 1740 3484 παντὸς

143 3507 242 3562 τοῦ
273 3509 574 3580 τάγματος,
602 3511 687 3564 ἵνα
711 3509 804 3564 τὸν
829 3509 1029 3584 Κύριον
1058 3511 1264 3582 Ἰησοῦν
1286 3512 1519 3582 Χριστὸν
1548 3510 1742 3582 ἀφορί-

149 3613 340 3671 σωμεν
365 3602 474 3656 ἀπὸ
505 3603 607 3673 τῆς
642 3603 752 3658 τῶν
793 3602 1099 3675 ἀνθρώπων
1124 3603 1332 3668 τάξεως
1361 3601 1450 3656 διὰ
1477 3602 1576 3672 τῆς
1604 3601 1742 3674 πρὸς

145 3694 318 3749 αὐτὸν
367 3697 556 3768 τιμῆς,
583 3697 677 3750 καὶ
721 3696 887 3760 σέϐας
931 3695 1083 3767 αὑτῷ
1126 3695 1438 3768 ἀποδῶμεν,
1471 3697 1528 3748 ὲν
1561 3694 1742 3767 ἐννοίᾳ

145 3789 328 3852 ὄντες,
359 3789 441 3842 ὄτι
477 3789 578 3842 οὐκ
617 3788 764 3844 ἔστιν
807 3789 1155 3860 ὲξισούμενος
1181 3789 1210 3842 ό
1237 3788 1442 3861 Κύριος
1480 3790 1588 3841 τινὶ
1635 3788 1743 3842 τῶν

145 3878 483 3950 ἀνθρώπων,
513 3879 613 3933 κάν
645 3897 706 3932 τε
741 3880 906 3950 μυρία
935 3879 1030 3932 καὶ
1061 3879 1320 3932 ἐπέκεινα
1345 3881 1403 3930 ὲν
1425 3876 1739 3949 δικαιοσύνῃ

148 3971 378 4042 ὑπάρχῃ
411 3973 640 4035 ἕκαστος
667 3970 991 4043 ἀνθρώπων.
1016 3970 1141 4034 Πῶς
1163 3969 1272 4042 γὰρ
1295 3965 1406 4024 οἷόν
1429 3987 1489 4022 τε
1515 3972 1602 4040 εἴη
1622 3969 1746 4022 τοῦ-

147 4079 247 4130 το;
277 4065 339 4116 '0
371 4063 472 4135 μὲν
501 4063 609 4136 γάρ
639 4065 754 4116 ἐστι
787 4063 986 4127 Θεὸς,ό
1010 4064 1067 4117 δὲ
1099 4064 1386 4135 ἄνθρωπος
1406 4079 1419 4092 ο
1455 4063 1550 4117 καὶ
1579 4065 1608 4116 ό
1645 4062 1745 4133 μὲν

153 4157 215 4211 ὲν
243 4157 490 4228 οὐρανῷ,
517 4159 545 4210 ὁ
571 4157 627 4210 δὲ
654 4156 747 4209 ἐπὶ
774 4155 874 4226 τῆς
896 4157 1001 4226 γῆς
1024 4156 1112 4209 διὰ
1135 4156 1208 4209 τὰ
1241 4156 1334 4208 ἐπὶ
1367 4155 1472 4224 γῆς
1493 4154 1742 4224 λείψανα,

148 4248 335 4320 πάρεξ
374 4248 483 4302 τῶν
530 4247 878 4303 ἀναστάντων
921 4248 1016 4302 καὶ
1066 4246 1516 4300 συνεισελθόντων
1560 4247 1618 4298 ὲν
1667 4243 1745 4315 τῷ

148 4341 430 4412 νυμφῶνι,
464 4340 538 4404 ῶς
573 4357 706 4412 φησι
747 4340 808 4393 τὸ
842 4340 996 4408 ἆγιον
1026 4339 1360 4408 Εὐαγγέλιον
1380 4355 1393 4368 ·
1423 4335 1632 4390 Πολλὰ
1677 4335 1746 4388 δὲ

149 4432 406 4504 σώματα
437 4431 554 4484 τῶν
577 4432 762 4502 ἁγίων
787 4430 1162 4497 ἀνέστησαν.
1197 4429 1295 4482 καὶ
1327 4425 1747 4495 συνεισῆλθον

151 4522 321 4588 αὐτῷ
352 4525 440 4588 εἰς
484 4521 599 4590 τὴν
642 4522 822 4591 ἁγίαν
847 4521 1041 4575 πόλιν.
1065 4519 1249 4589 Ἀγίαν
1293 4519 1350 4572 δὲ
1393 4517 1547 4571 πόλιν
1598 4516 1745 4583 λέγει

151 4617 322 4671 ποίαν
349 4616 590 4687 ταύτηνς
635 4613 945 4686 Πληροῦται
995 4613 1105 4684 γὰρ
1152 4615 1272 4668 κατ’
1300 4613 1503 4683 ἀμφοῖν
1536 4613 1563 4664 ὁ
1589 4609 1744 4678 λόγος
1781 4643 1822 4696 D

152 4713 236 4774 εἰς
274 4709 373 4780 τὴν
400 4707 654 4768 ἐνταῦθα.
691 4708 791 4772 κα),
827 4708 908 4770 εἰς
945 4707 1043 4777 τὴν
1069 4706 1331 4760 ἄνω.”οτι
1386 4704 1486 4773 μὲν
1526 4703 1636 4774 γὰρ
1668 4704 1748 4766 εἰς

152 4802 257 4872 τὴν
290 4800 527 4854 ἐνταῦθα
564 4799 921 4872 Ἰερουσαλὴμ
955 4796 1304 4868 συνεισῆλθον
1333 4795 1482 4866 αὑτῴ
1507 4795 1748 4868 πρῶτον,

155 4893 320 4946 τοῦτο
345 4893 502 4962 δῆλον
522 4909 536 4924 ο
568 4891 736 4962 πρινὴ
782 4890 840 4945 δὲ,
871 4889 964 4944 τοῦ
991 4889 1261 4959 ἀναϐῆναι
1289 4888 1382 4941 τὸν
1411 4888 1637 4958 Σωτῆρα
1665 4887 1745 4950 εἰς

155 4985 251 5037 τὸν
305 4983 553 5053 οὐρανὸν,
585 4981 757 5045 οὐδεὶς
790 4982 899 5052 γὰρ
930 4980 1267 5052 ἀναϐέϐηκεν
1311 4980 1418 5044 ἓως
1459 4980 1547 5033 ὅτε
1600 4976 1750 5048 αὐτῷ

156 5072 515 5142 συνανῆλθον.
551 5071 760 5137 Οὐδεὶς
796 5072 906 5141 γὰρ
941 5072 1304 5139 ἀναϐέϐηκεν
1330 5072 1416 5136 είς
1441 5069 1550 5123 τὸν
1574 5071 1750 5136 οὐρα-

156 5163 301 5226 νὸν,
329 5164 379 5216 εἰ
393 5161 478 5231 μὴ
514 5165 546 5216 ό
577 5161 646 5213 ἐκ
681 5160 786 5215 τοῦ
816 5160 1078 5228 οὐρανοῦ
1105 5159 1386 5225 καταϐὰς,
1415 5161 1448 5213 ό
1484 5157 1613 5224 Υἱὸς
1643 5158 1748 5212 τοῦ

156 5253 500 5321 ἀνθρώπου.
522 5253 680 5305 Ἀλλά
714 5253 842 5322 περὶ
869 5251 1073 5304 τούτων
1102 5253 1160 5304 έν
1193 5249 1270 5320 τῷ
1291 5250 1442 5320 τόπῳ
1468 5249 1749 5320 γενόμενοι

156 5345 258 5408 τὰς
311 5343 404 5396 δύο
449 5342 622 5407 λέξεις
647 5341 1032 5412 ὑπεδείξαμεν.
1060 5343 1122 5394 Εἰ
1147 5341 1204 5394 δέ
1231 5359 1312 5404 τις
1338 5341 1474 5410 ἐρεῖ,
1503 5341 1586 5393 ὅτι
1641 5341 1751 5410 ἄρα

158 5435 244 5497 εἰς
271 5435 370 5504 τὴν
409 5433 766 5504 Ἰερουσαλὴμ
793 5431 1061 5501 εἰσῆλθον,
1102 5431 1339 5502 μαθέτω,
1367 5433 1449 5484 ὃτι
1479 5432 1538 5483 ὲν
1567 5431 1748 5502 ἐκείνῃ

157 5531 226 5599 τῇ
265 5527 453 5598 ἡμέρᾳ
481 5527 587 5580 τῶν
616 5525 797 5597 θυρῶν
826 5523 1230 5595 κεκλεισμένων
1268 5523 1516 5596 παρέστη
1560 5523 1588 5575 ὁ
1631 5521 1747 5576 Κύ-

238 5772 260 5807 ί
300 5771 366 5829 F.
395 5770 756 5844 διηγήσαντο.
835 5773 854 5803 ³
883 5771 1072 5826 Matth.
1105 5786 1273 5835 XXVII,
1307 5767 1398 5834 52,
1431 5767 1521 5825 53.

1837 3425 2116 3495 justorum
2145 3433 2325 3477 autem
2362 3430 2420 3477 et
2451 3422 2676 3478 Patrum
2727 3435 2790 3475 ac
2821 3420 3282 3490 patriarcharum,
3307 3433 3434 3487 pro-

1843 3517 2570 3588 pbetarum,apostolorum,
2591 3514 3077 3583 evangelistarum,
3103 3518 3433 3580 martyrum,

1843 3608 2251 3670 confessorem,
2285 3607 2700 3676 episcoporum,
2734 3603 3190 3658 anachoretarum
3233 3617 3299 3657 ac
3329 3615 3436 3656 cce-

1845 3711 1934 3757 lus
1968 3701 2114 3756 illius
2163 3699 2439 3763 universi,
2497 3705 2556 3752 ut
2600 3697 2888 3751 Dominum
2929 3693 3116 3751 .Iesum
3151 3693 3437 3749 Christum

1845 3792 2110 3864 singulari
2139 3790 2375 3862 quodam
2406 3791 2615 3844 honore
2640 3797 3060 3859 prosequentes,
3103 3785 3174 3840 ab
3208 3795 3436 3840 caetero-

1843 3901 1966 3939 rum
1990 3883 2274 3937 hominum
2299 3881 2494 3937 ordine
2525 3894 2900 3952 segregemus,
2938 3877 3297 3947 debitumque
3319 3877 3439 3931 cul-

1846 3982 1962 4027 tum
1998 3974 2148 4028 illius
2179 3972 2454 4044 majestati
2481 3972 2820 4036 tribuamus,
2845 3971 2975 4026 dum
3005 3968 3141 4025 illud
3172 3984 3298 4024 cum
3323 3969 3440 4023 ani-

1847 4080 1936 4118 mo
1983 4074 2175 4119 nostro
2228 4072 2550 4133 repulamus
2589 4081 2602 4118 :
2644 4077 2758 4118 non
2801 4077 2926 4118 esse
2968 4059 3257 4114 Dominum
3311 4073 3440 4114 Cum

1847 4155 1974 4208 ullis
2006 4155 2330 4209 mortalibus
2356 4155 2784 4224 adaequandum,
2811 4152 3065 4222 quamvis
3100 4151 3302 4220 singuli
3347 4151 3434 4204 in-

1849 4247 2001 4300 liuita
2043 4245 2302 4315 quadam,
2334 4254 2430 4300 aut
2459 4246 2628 4300 etiam
2662 4245 2932 4315 ampliore
2959 4243 3178 4313 justitia
3220 4242 3440 4312 praediti

1848 4340 1979 4395 sint.
2017 4337 2151 4393 Nam
2196 4353 2320 4408 qua:
2379 4344 2560 4408 potest
2599 4353 2723 4394 esse
2760 4335 3128 4405 comparatio,
3172 4348 3298 4387 cum
3349 4333 3441 4387 ilie

1848 4430 2013 4494 Deus,
2048 4429 2137 4484 hic
2169 4429 2332 4484 homo
2357 4430 2476 4484 sit':
2509 4428 2600 4483 ille
2631 4428 2683 4481 in
2717 4427 2880 4490 cmlo,
2913 4428 3002 4481 hic
3032 4426 3088 4480 in
3123 4432 3291 4484 terra.
3311 4439 3456 4493 pro-.

1848 4532 1969 4594 pter
2015 4523 2236 4578 relictas
2272 4522 2474 4577 ibidem
2517 4511 2770 4589 corporis
2815 4518 3117 4588 reliquias,
3165 4524 3438 4580 versetur,

1849 4615 2093 4684 exceptis
2136 4614 2205 4670 iis
2233 4614 2328 4684 qui
2361 4629 2389 4667 a
2422 4612 2656 4666 mortuis
2689 4611 2908 4666 excitati
2938 4611 2994 4664 in
3029 4609 3328 4664 thalamum
3359 4607 3438 4662 si-

1855 4705 1969 4760 mul
2001 4705 2232 4774 ingressi
2260 4709 2412 4765 sunt,
2444 4709 2503 4756 ut
2524 4704 2578 4756 in
2609 4701 2904 4771 Evangelia
2929 4707 3188 4754 narratur
3221 4717 3234 4752 :
3263 4697 3440 4750 Multa

1855 4812 1974 4852 vero
2001 4811 2227 4865 corpora
2252 4803 2560 4849 sanctorum
2593 4801 3010 4853 resurrexerunt,
3048 4803 3098 4845 et
3124 4791 3440 4843 introierunt

1855 4890 1911 4943 in
1937 4898 2179 4944 sanctam
2195 4889 2459 4941 civitatem
2481 4888 2540 4940 ’ἲ
2567 4885 2638 4941 De
2658 4901 2896 4956 quanam
2929 4898 3060 4940 vero
3088 4889 3282 4940 sancta
3313 4881 3442 4936 civi.

1856 4985 1967 5034 tate
2013 4977 2289 5048 loquitur?
2326 4975 2461 5029 Nam
2492 4975 2558 5029 ad
2599 4988 2914 5045 utramque.
2952 4981 3065 5027 tam
3107 4979 3440 5042 prasentem

1853 5070 2130 5144 videlicet,
2158 5084 2320 5140 quam
2343 5069 2622 5124 cmlestcm
2643 5067 2813 5130 illam.
2849 5066 3003 5120 locus
3030 5065 3134 5120 iste
3167 5063 3448 5134 pertinere

1858 5169 2055 5232 potest.
2083 5161 2150 5214 Et
2174 5160 2394 5230 quidem
2414 5167 2687 5215 terrenam
2713 5159 2854 5213 hanc
2870 5156 3176 5213 Jerusalem
3207 5157 3444 5226 primum

1856 5254 1982 5308 illos
2015 5253 2297 5322 ingressos
2328 5267 2452 5306 esse
2487 5251 2695 5306 nemini
2724 5251 2954 5306 dubium
3003 5261 3107 5305 est.
3139 5251 3208 5304 At
3259 5249 3442 5319 prius-

1857 5361 2022 5416 quam
2069 5345 2323 5399 Salvator
2362 5345 2418 5398 in
2466 5345 2667 5400 emlum
2717 5345 3072 5408 ascenderet,
3119 5345 3445 5398 ascenderat

1858 5449 2040 5498 nemo,
2072 5434 2246 5488 donec
2281 5434 2359 5488 illi
2386 5449 2509 5489 cum
2532 5449 2598 5488 eo
2635 5435 2840 5506 pariter
2869 5435 3042 5489 evecti
3067 5441 3195 5487 sunt
3229 5454 3238 5485 :
3271 5431 3442 5484 Nemo

1855 5525 1996 5577 enim
2034 5523 2269 5604 ascendit
2303 5525 2352 5580 in
2380 5525 2591 5590 certum,
2639 5525 2745 5579 m’si
2785 5528 2876 5597 qui
2917 5526 2982 5579 de
3013 5522 3139 5578 calo
3195 5521 3435 5574 dccmdit
