3988 6402
144 357 249 411 bl?

853 352 1223 410 ADVERSUS
1261 355 1605 410 H/ERESES
1644 354 1770 411 ιω.
1818 354 1903 410 III.
1946 355 2112 412 TOM.
2154 357 2269 412 l.-—
2309 356 2586 414 ll/ERES.
2623 356 2862 412 LXXVI.

3324 347 3450 408 5η

143 474 409 545 παπύρου
442 475 537 528 καὶ
564 473 660 528 τοῦ
694 473 964 544 καλάμου,
993 473 1213 537 καὶτὰς
1237 474 1436 556 λίμνας
1474 473 1571 528 τοῦ
1614 474 1739 538 ἁλὸς

1845 475 1987 530 bona
2037 491 2102 531 ac
2147 476 2528 546 possessiones
2567 476 2826 548 eriperet.
2881 474 3070 546 Neque
3085 488 3216 533 vero
3228 475 3432 534 calum-

142 568 373 621 διοικεῖν
403 569 499 622 καὶ
527 568 607 630 sl;
638 566 830 620 ἑαυτὸν
853 566 1224 638 ἀποφέρεσθαι
1277 567 1596 637 ἐπενόησεν.
1652 567 1741 631 Ὦς

145 660 302 710 nisa
345 656 644 729 αἰσχρότης
675 655 790 725 βίου
820 655 1047 727 κέρδους
1086 655 1175 709 διὰ
1225 656 1429 727 πολλῆς
1469 657 1738 728 μηχανῆς.

144 749 276 817 ἄχρι
305 749 400 800 καὶ
420 747 633 800 λεπτῶν
656 747 1017 817 πραγμάτων,
1055 748 1187 815 παρ’
1217 746 1366 817 αὐτῷ
1405 748 1505 802 οὐκ
1533 748 1738 819 ἡμέλη.

146 859 228 894 το.
281 839 373 901 Ὠς
425 839 520 892 καὶ
567 838 752 901 κλίνας
791 838 1052 907 ἐπενόησε
1083 837 1193 909 (84)
1231 841 1346 902 τοῖς
1391 838 1606 908 σώμασι
1632 839 1741 895 τῶν

145 933 504 997 ἐξοδευόντων
533 933 755 1004 ποιῆσαι
780 932 838 984 ὲν
874 931 1096 1003 ἀριθμῷ
1127 947 1268 986 τινι⁸
1296 933 1410 986 ’καὶ
1456 934 1585 988 ἄνευ
1632 933 1740 988 τῶν

145 1024 238 1075 ὑπ’
265 1021 436 1076 αὐτοῦ
467 1020 905 1091 ἐπιτεταγμένων
929 1020 1031 1074 οὐκ
1069 1019 1422 1091 ἐξεκομίζετο
1453 1019 1612 1090 σῶμα
1631 1019 1740 1074 τῶν

143 1111 549 1175 τελευτώντων,
579 1112 925 1167 ὲπιπλεῐστον
958 1111 1016 1166 δὲ
1046 1111 1158 1166 τῶν
1194 1112 1362 1178 ξένων
1385 1127 1402 1144 ο
1437 1112 1498 1165 οὐ
1529 1111 1618 1166 διὰ
1652 1129 1741 1181 φι-

145 1205 415 1271 λοξενίαν,
449 1203 607 1268 ἀλλὰ,
642 1203 825 1267 καθὼς
875 1202 1081 1273 ἔλεγον,
1105 1203 1193 1258 διὰ
1235 1203 1507 1276 πορισμὸν
1549 1203 1736 1274 βιώδη.
1811 1193 1817 1198 ’

146 1297 215 1351 El
259 1313 348 1359 τις
379 1295 492 1366 γὰρ
527 1295 730 1348 ἔθαπτε
781 1294 850 1348 δι’
879 1294 1074 1349 ἑαυτοῦ
1129 1294 1310 1366 σῶμα,
1347 1294 1592 1349 κίνδυνον
1641 1295 1740 1364 ὐφ-

153 1388 360 1441 ίστατο.
389 1385 576 1450 Οὕτως
603 1386 658 1439 δὲ
685 1387 774 1456 ὑφ’
801 1385 1033 1440 ἑκάστου
1064 1385 1173 1440 τῶν
1197 1387 1578 1458 ἐκφερομένων
1611 1387 1740 1459 κέρ-

141 1482 232 1546 δος
270 1500 324 1535 τι
370 1479 522 1551 αὐτῷ
567 1478 958 1552 προσεφέρετο.
990 1480 1103 1535 Καὶ
1145 1480 1338 1534 σιωπῶ
1377 1480 1446 1533 τὰ
1472 1479 1606 1534 ἄλλα
1651 1481 1738 1534 λέ·

141 1591 263 1643 γειν
295 1574 432 1646 (85),
476 1575 579 1629 ὅσα
617 1573 650 1626 ὁ
680 1572 821 1644 ἀνὴρ
847 1573 906 1626 ὲν
931 1573 1168 1644 τρυφαῖς
1197 1572 1292 1628 καὶ
1337 1571 1519 1636 ἄλλοις
1545 1572 1736 1642 ἐκομί-

147 1667 269 1731 ζετο
321 1668 418 1722 καὶ
469 1669 530 1720 ἐν
571 1667 896 1741 ἀπηνότ-ητι.
931 1666 1032 1720 Διὰ
1061 1664 1194 1734 γοῦν
1227 1664 1401 1720 ταῦτα
1433 1666 1611 1719 πάντα
1637 1664 1737 1736 τὴν

142 1763 222 1823 εἰς
250 1759 416 1812 αὐτὸν
449 1761 609 1830 μῆνιν
644 1757 1048 1831 κεκρατηκότες
1093 1755 1495 1828 Ἀλεξανδρέων
1527 1754 1732 1821 παῖδες,

142 1853 412 1925 Ἕλληνες
435 1851 492 1904 δὲ
523 1852 779 1923 μάλιστα,
810 1852 971 1906 τοῦτο
995 1851 1158 1907 αὑτὸν
1183 1850 1422 1906 διέθεντο
1456 1849 1518 1902 τὸ
1555 1849 1728 1912 τέλος.

151 1943 312 2014 Ἐμοὶ
356 1944 415 1998 δὲ
460 1945 651 2014 γέγονε
696 1944 972 2016 πρόφασις
1017 1947 1146 2014 περὶ
1181 1942 1372 1997 τούτου
1406 1941 1604 2009 λέγειν,
1631 1940 1728 2005 ὡς,

136 2036 502 2107 ἐνηχηθέντες
555 2036 654 2108 τὴν
705 2035 796 2089 τοῦ
856 2035 1237 2091 Κωνσταντίου
1266 2033 1539 2104 τελευτὴν,
1568 2032 1730 2095 εὐθὺς

133 2126 318 2189 οὕτως
367 2127 530 2180 αὑτὸν
584 2126 877 2181 ἀπώλεσαν
924 2128 982 2202 ol‘
1037 2126 1190 2180 αὐτοὶ
1232 2125 1622 2196 Ἀλεξανδρεῖς,
1661 2122 1728 2175 δι’

136 2217 294 2270 οὐδὲν
339 2217 527 2289 ἕτερον
583 2217 640 2290 [ἡ
686 2217 816 2290 περὶ
856 2217 1050 2271 τούτου
1085 2235 1178 2288 μοι
1217 2217 1512 2286 γεγένηται
1547 2214 1742 2268 ὑπόθε-

135 2310 272 2385 σις],
307 2311 446 2366 ἀλλὰ
479 2311 568 2366 διὰ
613 2312 708 2367 τὸν
752 2314 958 2369 Ἀέτιον
995 2313 1089 2366 τὸν
1131 2312 1224 2365 ὑπ’
1257 2309 1424 2366 αὐτοῦ
1461 2324 1739 2364 καταστα-

134 2403 304 2458 θέντα
332 2403 600 2459 διάκονον-

1853 563 1994 624 niari
2040 565 2316 623 hominem
2374 569 2662 632 volumus;
2696 569 2864 625 variis
2893 569 3038 624 enim
3082 566 3171 621 hic
3197 565 3433 622 Alexan-

1843 658 2035 715 drinos
2067 659 2431 716 incommodis
2457 661 2660 723 aliecit,
2691 663 2837 717 velut
2860 676 2983 716 cum
3015 658 3274 716 nitrarias
3305 672 3427 714 om-

1843 765 1942 806 nes
1979 750 2226 809 oﬂicinas
2275 752 2529 814 redemit.
2573 771 2679 808 una
2717 769 2844 808 cum
2885 753 3072 823 papyri
3117 751 3428 821 calamique

1843 843 2157 912 paludibus,
2191 861 2290 899 nec
2330 861 2440 899 non
2468 853 2524 900 et
2563 844 2820 899 salinaria
2850 845 3033 898 omnia
3060 851 3272 914 stagna,
3304 856 3427 912 qua

1841 935 2149 989 conducere
2198 943 2252 990 et
2303 937 2368 989 ad
2422 951 2543 992 sese
2590 935 2890 993 transferre
2937 935 3146 990 studuit
3188 951 3205 989 ι
3267 933 3424 1001 cujus

1840 1034 2007 1080 tanta
2047 1036 2308 1098 praetcrea
2348 1029 2542 1085 sordes
2581 1029 2824 1081 avaritia:
2865 1028 3105 1088 fuerunt.
3150 1034 3211 1080 ut
3257 1026 3424 1080 etiam

1840 1117 2126 1174 vilissimis
2177 1135 2242 1174 ex
2293 1119 2460 1175 rebus
2520 1119 2842 1176 illiberalem
2893 1133 3110 1174 otnnem
3156 1125 3423 1187 quaestura

1841 1226 2055 1268 summa
2080 1226 2184 1282 ope
2210 1226 2278 1265 ac
2299 1212 2651 1266 contentione
2679 1217 2947 1280 captaret.
2993 1209 3126 1263 Nam
3158 1209 3302 1264 inter
3329 1223 3430 1262 caa-

1840 1310 1963 1357 tera
1994 1303 2429 1368 lecticariorum,
2466 1302 2535 1357 ad
2573 1302 2848 1359 eﬂ‘erenda
2889 1309 3234 1357 mortuorum
3267 1299 3430 1355 cada-

1837 1409 1989 1455 vera,
2031 1403 2244 1450 certum
2296 1410 2585 1451 numerum
2628 1394 2911 1451 instituit:
2940 1409 3121 1463 neque
3168 1392 3424 1462 cuiquam

1839 1484 1958 1552 sine
2003 1484 2109 1547 his,
2157 1501 2296 1556 quos
2327 1485 2454 1540 huic
2490 1486 2670 1540 cilicio
2711 1497 3103 1556 praeposuerat,
3142 1492 3424 1538 mortuum

1839 1573 2039 1628 licebat
2074 1583 2387 1644 exportare,
2429 1576 2778 1646 peregrinum
2822 1575 3078 1632 maxime.
3113 1574 3269 1642 Quod
3313 1590 3425 1628 non

1839 1665 2232 1736 hospitalilatis
2281 1682 2468 1722 amore
2506 1667 2768 1734 faciebat,
2811 1667 2907 1722 sed
2954 1667 3114 1730 lucri,
3157 1666 3235 1720 uti
3283 1665 3423 1730 dixi,

1848 1760 2201 1830 pecuniaque
2223 1759 2422 1831 gratia.
2449 1756 2662 1827 Quodsi
2719 1760 2846 1828 quis
2877 1759 3078 1812 mortui
3099 1773 3300 1828 corpus
3330 1773 3426 1827 per

1840 1864 1962 1906 sese
2001 1852 2277 1920 sepeliret,
2325 1851 2380 1906 in
2422 1852 2724 1921 periculum
2763 1852 3088 1906 vocabatur.
3147 1849 3320 1921 Igitur
3355 1866 3426 1905 ex

1839 1959 2170 2015 unoquoque
2207 1944 2472 2000 cadavere
2506 1955 2749 2016 qtuestus
2783 1944 2986 2015 aliquid
3016 1943 3086 1999 ad
3114 1944 3294 2014 ipsum
3344 1959 3427 1998 re-

1837 2035 2008 2088 dibat.
2064 2033 2219 2088 Mitto
2291 2043 2522 2100 castora,
2592 2038 2646 2090 in
2704 2037 3005 2108 primisque
3063 2040 3250 2092 lusum
3300 2037 3425 2106 ejus

1835 2141 2076 2189 omnem,
2112 2141 2220 2183 una
2253 2128 2606 2183 comes-teris
2649 2129 2800 2184 vitiis
2838 2144 2905 2183 ac
2928 2129 3253 2185 crudelitate
3289 2145 3428 2199 prte-

1845 2217 2056 2270 sertim.
2095 2215 2305 2282 Quibus
2334 2217 2402 2272 de
2431 2219 2646 2283 causis,
2673 2234 2796 2273 cum
2831 2220 3182 2276 Alexandrini
3207 2235 3270 2275 ac
3289 2235 3426 2290 gen-

1842 2308 1966 2363 tiles
2008 2308 2310 2377 praesertim
2361 2317 2516 2364 vetus
2576 2309 2630 2363 in
2674 2310 2828 2364 illum
2868 2310 3054 2364 odium
3093 2310 3422 2381 jampridem

1845 2399 2112 2464 foverent,
2143 2398 2415 2469 ejusmodi
2457 2401 2612 2454 illum
2642 2416 2840 2471 genere
2872 2402 3064 2457 mortis
3101 2399 3422 2458 ati‘ccerunt.

133 2499 312 2565 Quem
354 2499 421 2553 ad
481 2499 604 2570 ejus
664 2514 856 2555 casum
923 2498 1467 2554 commemorandum
1507 2504 1561 2550 et
1617 2493 2025 2550 atrocissimum
2065 2494 2197 2549 illud
2259 2494 2610 2565 supplicium,
2655 2510 2765 2566 quo
2815 2495 2998 2551 statim
3037 2505 3200 2567 atque
3239 2497 3424 2552 audita

133 2592 456 2647 Constantii
509 2607 661 2648 mors
706 2601 810 2658 est,
847 2593 917 2649 ab
951 2590 1338 2647 Alexandrinis
1383 2591 1746 2658 interemptus
1778 2593 1883 2650 est,
1913 2585 2062 2640 nulla
2087 2586 2192 2639 alia
2215 2589 2510 2644 occasione
2537 2603 2664 2644 sum
2695 2589 2989 2657 deductus,
3046 2605 3208 2661 quam
3274 2590 3423 2662 quod

137 2683 201 2738 de
221 2683 385 2738 Aetio
423 2683 813 2753 disputandum
858 2684 1018 2739 nobis
1042 2690 1206 2748 esset,
1241 2683 1334 2752 qui
1364 2682 1436 2736 ab
1484 2681 1580 2734 illo
1606 2681 1874 2734 diaconus
1899 2683 1984 2732 est
2007 2678 2313 2734 ordinatus.

204 2775 282 2828 B’.
321 2770 494 2837 Οὗτος
517 2776 546 2827 ὁ
583 2775 790 2838 ’Ᾱέτιος
817 2776 958 2829 κατὰ
983 2776 1076 2829 τὸν
1101 2775 1366 2845 κοσμικὺν
1384 2774 1542 2843 λόγον
1570 2771 1736 2827 ἀπαί-

135 2866 321 2930 δευτος
345 2861 415 2937 ἦν
443 2867 548 2930 ἕως
576 2866 676 2936 τῆς
699 2866 913 2931 τελείας
936 2867 1099 2921 αὑτοῦ
1124 2867 1362 2939 ἡλικίας,
1395 2866 1472 2928 ὡς
1498 2869 1526 2920 ὁ
1553 2865 1733 2935 λόγος.

148 2956 446 3028 Ἐπενὸησε
481 2957 558 3019 δὲ,
591 2957 799 3021 ὑποϐὰς
834 2959 928 3012 καὶ
959 2959 1227 3033 σχολάσας
1255 2961 1316 3011 ὲν
1358 2957 1737 3030 Ἀλεξανδρείᾳ

148 3049 569 3122 ’Δριστοτελικῷ
591 3048 742 3121 [τινι]
759 3049 1032 3120 φιλοσόφῳ
1053 3049 1147 3103 καὶ
1164 3053 1414 3121 σοφιστῇ,
1437 3051 1532 3102 καὶ
1545 3049 1612 3102 τὰ
1637 3053 1738 3119 τῆς

1907 2769 1972 2826 ll.
2015 2771 2117 2827 llic
2158 2773 2324 2843 igitur
2370 2771 2560 2829 Actius
2590 2770 2656 2827 ad
2707 2771 2950 2828 adultam
2993 2781 3206 2828 aetatem
3245 2791 3423 2846 usque

1833 2877 2144 2921 exterarum
2175 2867 2614 2938 disciplinarum,
2642 2867 2720 2921 uti
2779 2876 3027 2934 narrant,
3052 2868 3153 2924 fuit
3197 2871 3426 2928 omnino

1835 2957 2013 3012 rudis.
2087 2957 2329 3014 Tandem
2408 2975 2543 3014 vero
2621 2974 2747 3013 cm
2797 2961 3140 3017 Alexandria:
3210 2962 3425 3018 Aristo-

1835 3050 2000 3104 telico
2046 3049 2262 3104 cuidam
2333 3051 2658 3121 philosopho
2715 3066 2781 3105 ac
2833 3052 3092 3120 sophista:
3166 3063 3421 3110 navasset

134 3140 486 3212 διαλεκτικῆς
533 3139 693 3214 δῆθεν
746 3143 971 3195 ἐκείνων
993 3141 1202 3214 μαθὼν,
1221 3141 1374 3195 οὐδὲν
1396 3143 1582 3212 ἕτερον
1599 3141 1737 3212 πλὴν

1843 3157 2087 3210 operam,
2120 3143 2190 3198 ab
2227 3158 2401 3214 eoque
2431 3143 2773 3198 dialecticam
2819 3143 3125 3207 didicisset,
3176 3153 3325 3201 totus
3366 3147 3421 3200 in

137 3235 569 3306 σχηματοποιεῖν
585 3234 683 3306 τὴν
696 3252 762 3287 πε
771 3234 824 3306 pi
840 3234 931 3287 τοῦ
941 3233 1077 3287 Θεοῦ
1093 3234 1254 3302 λόγου
1297 3233 1570 3287 ἀπόδοσιν.
1606 3234 1735 3303 Σχο-

132 3326 286 3380 λαίτε
295 3345 390 3398 ρον
421 3327 699 3397 ἐπεχείρει
721 3325 816 3398 ὀρθ
827 3325 990 3397 ρίζων
1008 3325 1125 3397 ἅμα
1147 3325 1241 3379 καὶ
1259 3325 1550 3395 ἐνδελεχῶς
1579 3324 1738 3395 ἄχρις

133 3418 380 3490 ἑσπέρας
395 3420 472 3480 εἰς
491 3417 646 3470 τοῦτο
671 3417 1054 3488 καθεζόμενος⁸
1072 3417 1214 3487 φημὶ
1235 3415 1292 3469 δὲ
1315 3416 1396 3478 εὶς
1417 3417 1478 3467 τὸ
1499 3415 1586 3468 διὰ
1605 3432 1739 3482 γεω-

136 3511 371 3582 μετρίας
380 3510 526 3574 τινὸς
544 3510 636 3563 καὶ
654 3509 742 3562 διὰ
761 3509 1058 3578 σχημάτων
1075 3508 1204 3579 περὶ
1220 3506 1357 3560 Θεοῦ
1373 3505 1554 3575 λέγειν
1571 3523 1629 3558 τε
1645 3507 1738 3559 καὶ

133 3600 369 3674 ὁρίζειν,
403 3601 667 3654 διδάσκων
693 3617 752 3653 τε
784 3601 876 3653 καὶ
900 3600 1094 3654 τελῶν.
1129 3595 1230 3652 Οἷα
1248 3599 1305 3652 δὲ
1334 3598 1610 3670 Ἀρειανὸς
1641 3597 1740 3668 βα-

134 3694 394 3756 θύτατος,
429 3692 525 3745 καὶ
553 3691 652 3766 τὴν
693 3692 903 3764 Ἀρείου
930 3691 1071 3762 ἔχων
1099 3690 1338 3763 μανιώδη
1363 3690 1734 3753 διδασκαλίαν,

134 3781 552 3854 περισσοτέρως
583 3797 667 3844 τις
699 3779 918 3850 λυμεὼν
940 3779 1132 3848 γέγονε
1162 3779 1376 3843 τούτοις
1407 3778 1736 3851 κατατριϐό-

138 3891 330 3944 μενος,
372 3873 469 3926 καὶ
503 3871 646 3926 κατὰ
685 3871 780 3924 τοῦ
815 3871 947 3924 Υἱοῦ
993 3871 1089 3925 τοῦ
1135 3870 1272 3926 Θεοῦ
1314 3871 1407 3924 καὶ
1452 3869 1594 3924 κατά
1640 3870 1736 3923 τοῦ

134 3968 304 4036 ἁγίου
334 3964 650 4036 Πνεῦματος
683 3965 784 4036 τὴν
828 3963 1086 4032 γλῶσσαν
1124 3963 1292 4017 αὐτοῦ
1337 3963 1458 4020 καθ’
1497 3964 1736 4036 ἑκάστην

135 4059 360 4132 ἡμέραν
385 4056 599 4122 ὀξύνας.
631 4052 801 4120 Οὗτος
821 4057 878 4109 δὲ
905 4059 1293 4126 κατηγορεῖται
1318 4055 1422 4108 ὑπό
1443 4072 1622 4118 τινων,
1641 4055 1738 4108 x'atl.

135 4151 214 4222 τῷ
249 4148 406 4220 αὐτῷ
438 4149 806 4220 Κωνσταντίῳ
846 4147 1124 4217 δηλοῦται,
1174 4149 1268 4201 καὶ
1301 4146 1589 4215 ὑφίσταται
1652 4147 1739 4212 ἐξ·

141 4243 306 4313 ορίαν
345 4244 403 4296 ὲν
427 4244 540 4305 τοῖς
567 4241 661 4295 τοῦ
689 4240 904 4311 Ταύρου
942 4240 1184 4310 μέρεσιν·
1219 4241 1280 4291 ὲν
1309 4231 1354 4305 ᾧ
1378 4238 1532 4307 τόπῳ
1555 4238 1738 4292 πάντα

1839 3233 2264 3299 illudincuhuit,
2283 3235 2670 3289 utdivlnarum
2696 3250 2878 3290 rerum
2908 3237 3176 3291 rationem
3201 3253 3421 3293 omnem

1836 3323 2169 3393 quibusdam
2227 3325 2415 3395 ﬁguris
2484 3325 2803 3394 explicaret.
2873 3324 2927 3377 Id
3001 3324 3146 3393 quod
3206 3341 3424 3381 summo

1840 3415 1893 3469 in
1943 3414 2060 3469 otio
2098 3429 2128 3468 a
2174 3415 2350 3485 prima
2396 3415 2516 3470 luce
2556 3414 2623 3469 ad
2670 3428 2957 3484 vesperam
3009 3430 3184 3485 usque
3223 3415 3426 3471 sedens

1837 3506 2108 3578 pertinaci
2158 3522 2323 3577 opera
2370 3506 2740 3561 contendebat
2773 3522 2787 3557 :
2815 3505 3072 3560 nimirum
3103 3515 3165 3560 ut
3201 3523 3423 3580 geome-

1844 3603 2014 3656 tricas
2055 3601 2257 3672 figuras
2286 3601 2503 3656 divinas
2531 3601 2595 3654 ad
2628 3616 2716 3655 res
2755 3599 3093 3665 tractandas,
3124 3601 3292 3674 914
3325 3606 3424 3660 de-

1841 3690 2110 3745 ﬁniendas
2170 3690 2556 3760 docendasque
2607 3687 2946 3744 transferret.
3002 3687 3176 3757 Atque
3209 3699 3264 3742 ut
3301 3703 3427 3744 sese

1844 3782 1899 3836 in
1947 3781 2276 3838 Arianorum
2319 3789 2528 3836 sectam
2563 3780 2728 3836 altius
2770 3779 3137 3844 immerserat,
3177 3788 3233 3834 et
3271 3779 3425 3834 insa-

1839 3886 1966 3925 aam
2007 3871 2124 3926 Arii
2162 3872 2472 3930 doctrinam
2510 3872 2791 3937 hauserat,
2843 3871 3062 3925 illorum
3098 3873 3245 3926 velut
3273 3873 3428 3926 ποτε-

1838 3969 1932 4015 ctu
1971 3961 2208 4030 quodam
2244 3961 2548 4032 attrituque
2591 3962 2748 4031 longe
2781 3960 3123 4031 pestilentior
3144 3962 3341 4024 evasit,
3371 3969 3429 4015 et

1839 4050 2105 4105 adversus
2132 4051 2223 4106 llei
2259 4050 2459 4105 Filium
2493 4065 2555 4104 ac
2583 4049 2846 4122 Spiritum
2873 4057 3124 4106 sanctum
3181 4051 3427 4120 linguam

1839 4159 1996 4199 suam
2029 4144 2084 4197 in
2117 4144 2234 4198 dies
2260 4144 2502 4200 exacuit.
2536 4142 2640 4196 Sed
2673 4158 2702 4196 a
2744 4142 3026 4197 nonnullis
3053 4141 3120 4196 ad
3147 4141 3427 4198 Constan-

1837 4234 1976 4288 tium
2008 4233 2245 4298 delatus,
2283 4234 2337 4286 in
2379 4234 2682 4302 subjectam
2713 4232 2896 4285 Tauro
2941 4233 3110 4288 metui
3145 4234 3428 4303 regionem

137 4335 207 4386 τὰ
240 4333 347 4402 τῆς
387 4332 550 4386 αὑτοῦ
586 4331 1077 4394 κακοδιδασκαλίας
1123 4330 1408 4391 ὲπλάτυνε,
1459 4331 1552 4383 καὶ
1596 4330 1738 4399 ἐφώ-

1843 4327 2120 4393 relegatur
2154 4345 2168 4379 :
2197 4326 2268 4378 ibi
2307 4327 2672 4395 perniciosam
2719 4341 2874 4380 suam
2919 4325 3226 4380 doctrinam
3267 4326 3430 4394 longe

139 4441 318 4495 ρασεν
350 4425 430 4487 είς
469 4424 636 4494 μέσον
670 4423 852 4493 φέρων
893 4422 1032 4493 μετὰ
1064 4421 1398 4494 παρρησίας,
1434 4420 1737 4492 ἀποτριψά-

1843 4417 2056 4488 lateque
2103 4418 2441 4487 propagavit,
2490 4431 2554 4470 ac
2605 4416 2784 4486 plum
2833 4426 2886 4470 et
2936 4415 3198 4470 audacter
3233 4415 3431 4485 perfri-

144 4533 314 4585 μενος
337 4514 399 4568 τδ
429 4515 678 4586 μέτωπον
708 4518 767 4568 ὲν
810 4513 1165 4586 ἀναισχυντία
1209 4515 1587 4586 περιττοτέρᾳ,
1635 4514 1734 4578 τὰς

1843 4510 2109 4580 ctiorique
2145 4525 2307 4580 quam
2361 4515 2520 4562 antea
2585 4510 2765 4562 l'mnte
2819 4507 3240 4562 acerbissimum
3274 4522 3430 4561 erro-

141 4607 433 4677 ὲξεμέσεις
473 4608 573 4678 τῆς
606 4605 771 4660 αὐτοῦ
807 4606 1295 4669 κακοδιδασκαλίας
1325 4607 1739 4677 ἀπαραλείπτως

1847 4604 1928 4658 ris
1959 4604 2127 4662 illius.
2163 4616 2325 4671 quem
2365 4609 2704 4666 evomuerat,
2735 4603 2888 4655 virus
2924 4600 2979 4655 in
3025 4598 3264 4654 medium
3309 4599 3436 4654 sine

142 4697 456 4763 ὑπέδειξεν.
496 4699 796 4769 Ἐτόλμησε
832 4697 943 4769 γὰρ
972 4697 1169 4761 εἰπεῖν,
1209 4697 1466 4767 ἀνόμοιον
1509 4696 1739 4764 τδνΪὶὺν

1847 4695 1955 4748 ulla
1995 4695 2404 4749 intermissione
2439 4695 2682 4764 protulit.
2727 4694 2912 4748 Ausus
2955 4700 3040 4748 est
3084 4691 3230 4748 enim
3263 4692 3440 4764 dissi-j

142 4790 227 4862 τῷ
259 4789 438 4862 Πατρὶ
471 4790 760 4861 ὑπάρχειν,
799 4790 893 4843 καὶ
927 4789 990 4842 οὐ
1023 4789 1218 4843 ταυτὸν
1256 4784 1395 4842 εἶναι
1432 4793 1498 4860 τῇ
1531 4789 1739 4860 θεότητι

1845 4787 2028 4841 milem
2073 4787 2224 4840 Patri
2266 4785 2489 4851 Filium,
2541 4800 2643 4841 nec
2685 4787 2940 4841 eumdem
2987 4784 3276 4840 divinitate
3308 4797 3436 4839 esse

144 4883 295 4956 πρὸς
332 4883 423 4936 τὸν
454 4884 698 4953 Πατέρα³
742 4883 838 4936 καὶ
865 4882 973 4938 οὐδ’
998 4883 1079 4935 ὅτι
1122 4884 1284 4953 ἡμεῖς
1320 4881 1399 4954 τῷ
1435 4881 1739 4954 ὁμοιώματι

1843 4893 1964 4932 cum
1997 4879 2090 4932 illo
2117 4878 2356 4948 proﬁteri
2381 4897 2392 4931 :
2417 4879 2567 4948 atqui
2595 4895 2661 4933 ne
2687 4879 2790 4932 nos
2811 4877 3034 4948 quidem
3068 4877 3434 4931 similitudine

145 4973 548 5046 ἐπερειδόμεθα
617 4972 790 5043 Ὑπὲρ
818 4972 926 5044 γὰρ
965 4972 1064 5044 τὴν
1095 4973 1356 5043 ὁμοίωσιν
1396 4971 1619 5041 οἴδαμεν
1649 4971 1739 5026 τὸν

1848 4971 1966 5042 ipsa
2011 4987 2343 5042 magnopere
2388 4971 2640 5036 nitimur,
2685 4972 2889 5042 quippe
2928 4970 3022 5040 qui
3071 4969 3126 5023 in
3178 4968 3339 5036 Filio,
3387 4967 3438 5026 si

223 5153 341 5222 (84)
377 5154 473 5218 Ὠς
515 5152 613 5206 καὶ
653 5154 869 5218 κλίνας
899 5153 1216 5219 ἐπενόησε.
1247 5151 1401 5217 Quod
1454 5166 1483 5204 a
1516 5151 1748 5207 catholi-

148 5226 236 5282 cis
269 5224 696 5294 imperatoribus
727 5225 896 5294 proba
931 5239 995 5276 ac
1042 5223 1303 5277 laudabili
1335 5223 1451 5292 lege
1479 5223 1751 5294 constitu-

151 5305 276 5349 tum
329 5293 808 5366 Constantinopoli
861 5294 1096 5366 quidem
1120 5294 1355 5366 nissime
1397 5293 1749 5366 a__Constan-

149 5367 320 5429 tino;
365 5378 490 5418 nam
531 5379 562 5419 a
607 5363 834 5420 decanis
879 5363 938 5418 et
975 5363 1271 5418 lecticariis
1318 5363 1538 5432 publice
1599 5365 1750 5418 elata

155 5445 292 5490 sunt
325 5449 556 5507 corpora
578 5449 762 5507 ,ques
791 5443 844 5491 et
885 5433 1154 5507 κοπιατάς
1175 5440 1267 5507 Aet‘
1311 5433 1623 5507 vespillones
1649 5450 1750 5486 no-

158 5508 396 5567 minant,
423 5503 494 5560 de
517 5503 719 5575 quibus
752 5505 807 5559 in
859 5505 1013 5560 calce
1040 5503 1224 5575 operis
1255 5503 1453 5575 hujus.
1478 5503 1548 5558 At
1585 5503 1750 5559 Geor-

156 5576 288 5645 gius
337 5573 618 5640 Arianu‘s,
667 5575 984 5630 mortalium
1015 5573 1260 5645 omnium
1308 5573 1747 5645 sordidissimus,

157 5643 224 5700 cx
257 5659 322 5699 ea
354 5660 416 5700 re
463 5646 676 5701 lucrum
706 5660 786 5714 ac
815 5643 1199 5714 compendium
1231 5644 1511 5714 captabat.

232 5716 347 5783 (85)
368 5715 489 5768 ’Καὶ
533 5707 739 5769 σιωπῶ
771 5718 846 5770 τὰ
903 5707 1068 5768 (illa
1105 5707 1328 5782 λέγειν’.
1361 5711 1602 5770 Verbum
1657 5734 1750 5768 κο-

155 5784 420 5860 μίζεσθαι
451 5785 610 5842 aliter
650 5784 905 5844 fortassis
948 5784 1422 5855 interpretandum
1450 5825 1466 5851 ,
1495 5801 1658 5858 quam
1694 5798 1752 5841 ut

1850 5151 1904 5205 in
1958 5149 2169 5207 Latinis
2223 5151 2430 5206 nostris
2461 5149 2830 5216 exprimitur:
2869 5148 3128 5202 nimirum
3167 5157 3440 5218 quostum

1848 5237 1916 5277 ex
1947 5237 2006 5276 re
2035 5221 2282 5290 qualibet
2312 5221 2512 5278 fecisse
2537 5220 2856 5290 Georgium,
2887 5226 3083 5290 utputa
3114 5233 3181 5276 ex
3207 5219 3441 5290 lautitiis

1847 5302 1903 5345 et
1943 5287 2216 5364 cup—ediis,
2249 5287 2734 5364 qumAlexandriie
2763 5287 3161 5364 vendebantur,
3205 5287 3440 5364 maxime

1850 5365 1905 5417 in
1930 5359 2482 5433 εὐδαιμόνωνλαύρᾳ,
2506 5361 2710 5433 dequa
2741 5360 2809 5433 ad
2844 5360 3033 5433 Arian.
3070 5360 3197 5433 haer.
3229 5359 3438 5411 dictum

1849 5442 1968 5497 est,
1999 5429 2112 5488 tum
2159 5429 2483 5488 caeteris'e'x
2517 5429 2703 5488 rebus.
2747 5429 2960 5497 Quibus
3007 5429 3274 5483 accedunt
3316 5439 3439 5493 quae

1850 5519 1950 5575 per
1995 5519 2268 5560 summam
2301 5502 2684 5560 crudelitatem
2715 5501 3009 5575 exigebat;
3049 5514 3180 5575 nam
3213 5497 3438 5575 Alexan-

1852 5568 2154 5648 drinorum
2169 5575 2554 5648 episcoporum
2595 5586 2791 5648 magna
2813 5568 3164 5648 Alexandria)
3194 5573 3440 5646 potestas

1853 5645 1975 5700 fuit.
2015 5643 2092 5698 De
2121 5641 2374 5698 Dioscuri
2419 5641 3019 5714 Alexandﬁniitidem
3049 5641 3289 5714 episcopi
3340 5641 3440 5714 ini-

1853 5714 1980 5784 quis
2034 5728 2100 5768 ae
2156 5715 2466 5784 tyrannicis
2521 5711 2908 5784 exactionibus
2976 5708 3150 5763 multa
3202 5708 3437 5777 sparsim

1854 5782 2075 5845 exstant
2103 5784 2160 5843 in
2183 5782 2451 5842 Chalced.
2473 5782 2710 5856 synodo.
