3988 6404
609 357 717 419 519

1990 346 2052 415 s’.
2094 353 2434 414 summa"
2771 379 2776 384 -
3693 357 3774 414 ιιι

609 481 736 521 cum
782 466 945 523 Patre
991 465 1328 529 conferatur.
1372 467 1737 524 similitudine
1767 468 2027 539 quiddam
2081 485 2178 524 an»

2291 469 2421 523 Υίδν
2462 469 2602 541 πρὸς
2641 469 2734 522 τὸν
2779 467 3021 539 Πατέρα,
3049 466 3126 531 ὡς
3157 465 3349 520 ταυτὸν
3388 467 3449 537 τῇ
3489 465 3669 537 θεότητι
3702 473 3772 524 xui

608 556 757 627 plius
783 559 1152 626 agnoscimus,
1197 573 1266 613 eo
1303 560 1452 629 quod
1489 559 1631 614 idem
1675 559 1963 616 divinitate
2001 565 2092 626 sit,
2131 570 2186 615 et

610 649 852 717 aequalis.
889 664 988 704 nec
1002 651 1136 705 ~ullo
1167 651 1331 706 modo
1360 652 1635 707 diversus.
1653 651 1922 706 Caeterum
1953 654 2054 707 etsi
2081 655 2187 721 ple-

555 794 566 797 ,
609 753 778 808 raque
821 738 1120 794 assimilari
1166 739 1278 795 Deo
1304 741 1577 805 dicantur,
1624 757 1733 795 non
1768 751 1971 806 tamen,
2026 743 2070 796 si
2118 743 2188 797 de

607 827 923 896 :equalitate
961 828 1276 897 loquamur,
1303 831 1492 885 eadem
1527 846 1651 884 cum
1685 831 1970 886 divinitate
2009 841 2139 886 sunt
2167 851 2180 886 :

607 919 687 970 sic
725 919 868 972 enim
914 919 1080 973 homo
1111 920 1179 974 ad
1219 921 1506 992 imaginem
1537 921 1628 976 Dei
1665 923 2186 991 similitudinemque

608 1007 784 1064 factus
811 1010 851 1074 ⁸,
884 1025 992 1064 nou
1027 1011 1168 1065 idem
1199 1027 1324 1065 cum
1359 1013 1452 1067 illo
1495 1013 1804 1082 aequalitate
1834 1020 1953 1079 est;
1983 1014 2065 1066 sic
2097 1028 2186 1067 re-

607 1114 773 1168 gnum
816 1101 1083 1155 cmlorum
1115 1117 1287 1172 grano
1316 1103 1527 1174 sinapis
1560 1105 1740 1160 simile
1781 1106 1926 1170 est',
1963 1119 2072 1159 non
2105 1114 2186 1158 ta-

609 1205 734 1244 men
767 1206 996 1261 granum
1030 1193 1163 1248 illud
1195 1195 1335 1250 idem
1376 1204 1463 1250 est
1501 1211 1626 1252 cum
1665 1213 1856 1266 regno,
1904 1212 2008 1252 nec
2042 1197 2187 1267 ejus-

607 1283 730 1336 dem
763 1299 888 1338 cum
936 1285 1030 1339 illo
1059 1292 1266 1341 natura
1301 1289 1575 1357 particeps
1602 1296 1706 1343 est.
1744 1287 1887 1344 Idem
1920 1297 2185 1359 praeterea

608 1390 834 1446 regnum
865 1379 1026 1432 modo
1060 1377 1309 1433 fermenti
1343 1381 1523 1435 simile
1543 1381 1585 1446 ³,
1617 1381 1780 1436 modo
1805 1383 1992 1437 decem
2019 1383 2186 1453 virgi-

607 1479 735 1518 num
759 1464 800 1525 ‘,
854 1466 1013 1520 modo
1051 1468 1507 1536 patrisfamilias'
1543 1471 1810 1526 asseritur
1838 1490 1852 1525 :
1877 1472 2023 1541 quod
2069 1473 2188 1542 qui-

603 1553 724 1608 dem
753 1554 822 1609 de
851 1555 1230 1623 similitudine,
1263 1575 1370 1614 non
1393 1561 1584 1616 eadem
1617 1561 1928 1618 substantia
1963 1579 2064 1635 par
2099 1573 2184 1620 est

603 1643 798 1712 accipi.
833 1641 1007 1701 Filius
1051 1654 1234 1702 autem
1285 1663 1410 1703 cum
1458 1657 1515 1704 et
1563 1649 1711 1704 Patri
1744 1651 1942 1706 similis
1992 1652 2084 1716 sit,
2130 1664 2184 1708 et

603 1735 726 1804 plus
750 1750 912 1804 quam
965 1739 1185 1800 similis.
1213 1739 1360 1809 quod
1387 1741 1526 1795 idem
1568 1742 1905 1812 mqualisque
1941 1744 2032 1809 sit,
2073 1759 2182 1798 non

2295 561 2430 624 ἴσον,
2469 560 2564 614 καὶ
2600 560 2709 614 οὐδ’
2747 559 2885 623 ὅλως
2933 557 3310 628 ἠλλοιωμένον.
3351 558 3496 610 Ἐστι
3526 557 3618 627 γὰρ
3647 558 3778 612 πολλὰ

2290 653 2699 724 ἀφωμοιωμένα
2745 651 2824 722 τῷ
2865 651 3004 722 Θεῷ,
3048 650 3161 702 ἀλλ’
3203 649 3261 701 οῦ
3303 648 3502 712 ταυτὸν,
3543 649 3620 702 ica
3647 650 3777 720 ὑπᾶρ-

2291 762 2456 814 χοντα
2488 747 2554 816 τῇ
2603 743 2839 813 θεότητι·
2886 743 2962 806 ὡς
3010 743 3104 795 καὶ
3143 743 3172 794 ὁ
3200 737 3475 812 ἄνθρωπος
3515 741 3617 794 κατ’
3643 741 3782 793 εἰκόνα

2292 833 2388 886 καὶ⁵
2420 833 2541 886 καθ’
2575 833 2851 903 ὁμοίωσιν,
2882 833 2995 886 ἀλλ’
3025 834 3086 885 οὑ
3116 831 3309 885 ταυτὸν
3339 830 3412 902 τῷ
3439 832 3548 902 Θεῷ
3569 833 3682 903 πρὸς
3707 837 3784 887 icui-

2290 942 2448 994 τητα.
2474 925 2583 977 Καὶ
2606 925 2818 995 ὁμοίαή
2843 909 3090 992 βασιλεία
3109 923 3216 976 τῶν
3235 923 3466 994 οὐρανῶν
3493 923 3654 993 κόκκῳ
3673 925 3785 976 σινά-

2291 1031 2459 1079 πεως,
2494 1015 2609 1068 ἀλλ’
2641 1017 2701 1069 οὐ
2741 1015 2936 1069 ταυτὸν
2985 1017 3053 1085 τῇ
3099 1013 3363 1084 βασιλεία,
3412 1013 3512 1066 οὐδ’
3536 1014 3654 1075 δλως
3690 1031 3786 1082 μετ-

2242 1171 2256 1189 .
2291 1103 2413 1172 έχον
2443 1120 2496 1156 τι
2527 1103 2626 1174 τῆς
2652 1103 2820 1174 αὐτῆς
2854 1105 2948 1156 καὶ
2973 1103 3164 1174 ὁμοίας
3195 1102 3386 1172 ζύμης.
3412 1103 3512 1156 Καὶ
3530 1101 3670 1170 ὁμοία
3690 1101 3790 1154 δέκα

2291 1196 2604 1266 παρθένοις,
2645 1196 2740 1249 καὶ
2773 1195 2926 1267 ἀνδρὶ
2945 1193 3294 1264 οἰκοδεσπότῃ
3337 1194 3409 1257 ὡς
3435 1193 3552 1262 πρὸς
3568 1193 3788 1261 ὁμοίωσιν,

2289 1288 2406 1340 ἀλλ’
2435 1287 2496 1339 οὐ
2524 1288 2669 1340 κατά
2694 1287 3016 1356 ταυτότητα.
3047 1285 3154 1341 Τοῦ
3176 1285 3233 1338 δὲ
3257 1284 3383 1338 Υἱοῦ
3405 1285 3574 1354 ὁμοίου
3598 1283 3791 1354 ὁντοςτῷ

2291 1379 2467 1450 Πατρὶ
2500 1379 2596 1432 καὶ
2627 1378 2984 1449 ὑπερομοίου,
3013 1377 3101 1430 διά
3123 1378 3185 1430 τὸ
3214 1376 3406 1431 ταυτὸν
3435 1370 3564 1428 εἶναι
3594 1373 3705 1444 πρὸς
3729 1375 3792 1427 τὸν

2291 1470 2512 1542 Πατέρα
2551 1471 2647 1524 καὶ
2677 1470 2798 1533 ἴσον
2825 1469 3022 1540 Πατρὶ,
3055 1469 3117 1521 οὐ
3156 1468 3215 1521 τὸ
3240 1469 3419 1538 ὅμοιον
3452 1467 3676 1536 συνιστᾷν
3698 1466 3791 1536 ἡμῖν

2294 1563 2454 1633 μόνον
2477 1562 2737 1633 ἐπιμελὲς
2763 1561 3207 1632 πεφιλοτίμηται,
3231 1558 3369 1614 ἀλλά
3393 1557 3578 1613 ταυτὸν
3596 1557 3676 1610 καὶ
3695 1556 3792 1618 iam,

2289 1649 2366 1713 ὼς
2394 1649 2528 1704 Θεὸν
2560 1652 2625 1703 ἐκ
2662 1649 2821 1714 Θεοῦ,
2866 1650 2960 1704 καὶ
2990 1649 3120 1702 Υίὸν
3149 1650 3212 1701 ὲκ
3245 1647 3475 1720 Πατρὸς,
3514 1647 3598 1700 καὶ
3625 1648 3707 1699 οὐκ
3729 1644 3794 1698 ἀλ-

2288 1739 2432 1795 λοῖον
2463 1741 2564 1812 τῆς
2612 1741 2822 1808 οὐσίας,
2868 1740 2982 1795 ἀλλ’
3010 1739 3071 1805 ἐξ
3120 1739 3285 1794 αὑτοῦ
3314 1737 3698 1810 γεγεννημένον·
3727 1736 3794 1791 οὖα

605 1824 779 1880 solam
813 1825 870 1880 in
912 1841 979 1881 eo
1020 1828 1436 1886 similitudinem
1491 1833 1856 1903 comprobare
1899 1835 2048 1888 omni
2087 1850 2178 1906 ope

2289 1850 2368 1887 τω
2393 1834 2488 1886 καὶ
2522 1839 2650 1904 ’περὶ⁸
2671 1833 2765 1887 τοῦ
2796 1833 2952 1902 ἁγίου
2979 1831 3317 1903 Πνεῦματος.
3349 1830 3529 1901 Τούτῳ
3552 1831 3602 1883 δὲ
3622 1829 3686 1900 τῷ
3705 1846 3790 1897 γεν-

604 1914 922 1984 studemus,
971 1919 1069 1974 sed
1109 1921 1359 1975 eumdem
1406 1925 1782 1994 aequalemque
1841 1933 2185 1992 monstrare,

605 2004 837 2071 perinde
869 2019 934 2060 ac
979 2005 1150 2062 Deum
1181 2008 1249 2064 de
1277 2008 1387 2063 Deo
1431 2021 1488 2065 et
1514 2028 1581 2066 ex
1626 2011 1786 2068 Patre
1818 2012 2038 2079 Filium,
2082 2030 2186 2072 nec

606 2093 677 2149 ab
707 2094 829 2164 ejus
856 2097 1169 2154 substantia
1198 2101 1504 2165 diversum,
1535 2103 1631 2159 sed
1664 2104 1734 2160 ab
1767 2105 1887 2176 ipso
1913 2108 2180 2176 genitum,

603 2187 747 2255 quod
786 2187 963 2257 ipsum
993 2189 1064 2245 de
1113 2191 1321 2262 Spiritu
1360 2202 1554 2250 sancto
1583 2210 1690 2250 non
1730 2199 1913 2253 minus
1945 2198 2182 2253 afﬁrma-

601 2293 747 2333 mus.
785 2281 854 2334 At
894 2283 1150 2353 egregius
1183 2284 1274 2341 ille
1316 2287 1530 2352 Aetius,
1576 2303 1647 2342 ne
1689 2287 1926 2345 similem
1956 2291 2180 2360 quidem

599 2365 748 2423 Patri
775 2367 971 2426 Filium
1002 2377 1360 2443 pronuntiare
1383 2379 1572 2432 voluit.
1599 2377 1921 2449 Quanquam
1947 2397 2051 2439 nos
2070 2399 2182 2437 non

601 2462 716 2514 sola
749 2461 1112 2522 similitudine
1143 2466 1264 2522 freti
1296 2470 1660 2524 constitutum
1707 2472 1829 2527 ﬁdei
1878 2475 2074 2543 dogma
2115 2489 2181 2529 ac

601 2551 894 2611 Trinitatis
941 2559 1152 2623 cultum
1192 2559 1567 2631 honoremque
1619 2565 2004 2635 suscipientes,
2048 2566 2180 2620 illud

2290 1923 2426 1996 νάδᾳ
2475 1925 2665 1995 Ἀετίῳ
2693 1924 2814 1978 οὐδὲ
2852 1922 2914 1976 τὺ
2941 1923 3127 1992 ὅμοιον
3174 1921 3310 1992 πρὸς
3353 1919 3564 1990 Πατέρα
3600 1917 3676 1970 τὸν
3707 1917 3797 1969 Υἱδν

2289 2018 2476 2083 ἀξιοῦν
2507 2016 2705 2083 ἔδοξεν.
2747 2016 2942 2087 Οὑςτῷ
2973 2017 3146 2088 ὁμοίῳ
3185 2015 3242 2069 δὲ
3279 2013 3431 2068 αὐτοὶ
3468 2009 3798 2082 ἐπερειδόμεναι

2293 2110 2452 2180 μόνον
2491 2109 2590 2179 τὴν
2629 2107 2890 2162 σύστασιν
2924 2107 3022 2179 τῆς
3067 2107 3328 2169 πίστεως,
3367 2103 3463 2158 καὶ
3501 2103 3558 2156 τὸ
3583 2100 3800 2172 γεραίρειν

2288 2201 2388 2272 τὴν
2421 2201 2631 2272 Τριάδα
2677 2199 2895 2271 ἀληθῶς
2941 2198 3286 2269 ἐνιστάμενοι
3326 2192 3686 2267 ὁμολογοῦμεν.
3722 2187 3800 2242 Καὶ

2287 2295 2397 2366 γὰρ
2436 2295 2530 2348 καὶ
2569 2293 2808 2366 ἄργυρος
2846 2292 3158 2363 κασσιτέρῳ
3202 2288 3506 2362 ὁμοιοῦται,
3529 2287 3612 2340 καὶ
3655 2281 3801 2354 χρυσὸς

2286 2383 2494 2455 χαλκῷ,
2526 2385 2620 2437 καὶ
2676 2383 2922 2454 μόλιϐδος
2964 2382 3191 2451 σιδήρῳ,
3231 2379 3348 2431 ’καὶ
3391 2375 3523 2429 λίθοι
3565 2373 3708 2442 τίμιοι
3739 2367 3802 2431 ἐξ·

2284 2475 2598 2545 ομοιοῦνται
2637 2474 2798 2545 ὑέλῳ,
2841 2474 2937 2527 καὶ
2963 2473 3024 2526 οὐ
3065 2472 3126 2525 τὸ
3163 2473 3352 2542 ὅμοιον
3376 2467 3472 2538 τὴν
3505 2464 3650 2536 φύσιν
3675 2459 3802 2531 δηλοῖ.

2287 2566 2425 2620 ἀλλά
2453 2566 2513 2619 τὸ
2539 2565 2881 2636 ἀπείκασμα.

600 2662 770 2702 unum
825 2648 1162 2718 proﬁtemur.
1210 2651 1345 2706 Nam
1381 2661 1432 2708 et
1466 2663 1752 2725 argentum
1817 2666 2018 2714 stanno
2062 2658 2240 2714 simile
2301 2665 2409 2720 est,
2429 2667 2482 2712 et
2535 2672 2731 2711 aurum
2798 2655 2911 2720 aeri,
2931 2662 2984 2709 et
3022 2653 3305 2723 plumbum
3350 2651 3512 2728 ferro.
3534 2657 3585 2705 et
3634 2637 3804 2716 pretiosi

608 2738 819 2808 lapides
868 2741 1043 2808 vitro;
1097 2759 1198 2800 nec
1249 2745 1554 2803 similitudo
1594 2747 1712 2818 ipsa
1757 2755 2011 2804 naturain
2040 2789 2056 2812 ρ
2100 2750 2195 2806 sed
2233 2748 2642 2820 expressionem
2666 2757 2832 2818 atque
2868 2745 3096 2817 etﬁgiem
3134 2745 3500 2800 demonstrat.

673 2829 764 2884 ιιι.
805 2829 963 2897 Quod
995 2842 1178 2888 autem
1216 2835 1285 2889 ad
1334 2835 1678 2907 Scripturam
1705 2838 1923 2904 attinet,
1947 2853 2069 2908 qua:
2097 2837 2178 2893 Fi-

2358 2838 2434 2892 Γ’.
2477 2835 2744 2890 Ἐνταῦθα
2766 2835 2822 2888 δὲ
2851 2837 3012 2906 ἡμεῖς
3053 2833 3147 2887 καὶ
3185 2831 3320 2903 περὶ
3352 2831 3450 2901 τῆς
3477 2826 3678 2899 Γραφῆς
3710 2824 3805 2892 iopa-

601 2920 731 2974 lium
760 2920 856 2977 Dei
895 2922 1193 2982 invisibilis
1224 2927 1520 2997 imaginem
1564 2930 1826 2999 appellat,
1855 2945 1958 2986 nos
2007 2945 2178 2986 sacra-

2286 2928 2556 3000 λογούσης
2591 2929 2684 2982 τὸν
2718 2928 2846 2982 Υίὸν
2890 2927 3076 2980 εἰκόνα
3117 2924 3254 2978 Θεοῦ
3296 2923 3390 2978 τοῦ
3424 2922 3642 2990 ἀοράτου
3678 2915 3808 2982 ὑπάρ-

607 3027 726 3068 rum
752 3011 1086 3070 Litterarum
1119 3016 1226 3072 vim
1257 3017 1446 3075 divino
1473 3021 1743 3077 beneﬂcio
1779 3024 1998 3093 penitus
2035 3038 2178 3079 asse-

2287 3039 2423 3092 χειν,
2451 3021 2550 3092 τὴν
2584 3021 2812 3090 δύναμιν
2835 3021 2932 3090 τῆς
2960 3019 3110 3083 Θείας
3141 3018 3369 3091 Γραφῆς
3395 3017 3460 3070 ὲκ
3487 3014 3626 3076 Θείας
3650 3009 3807 3082 δωρεᾶς

602 3105 738 3219 (luti,
767 3105 933 3178 915
959 3123 1082 3178 qua:
1123 3111 1206 3166 sic
1248 3109 1552 3170 Pharisaeos
1589 3115 1879 3186 compellat
1910 3134 1924 3170 :
1955 3114 2178 3171 Nescitit

2290 3115 2686 3187 ἠκριϐωκότες.
2719 3114 2818 3186 τῆς
2851 3113 3105 3186 φησάσης
3136 3110 3476 3184 Φαρισαίοις·
3515 3102 3810 3208 oux-older:

610 3194 940 3267 Scripturas,
987 3213 1149 3270 neque
1183 3202 1490 3269 virtutem“,
1529 3205 1805 3276 duplicem
1856 3207 1999 3262 hanc
2029 3207 2178 3262 habi-

2287 3207 2397 3275 τάς
2430 3212 2478 3262 Γ
2473 3209 2696 3277 pascite,
2746 3205 2890 3262 οὐδὲ
2930 3207 3047 3275 τὴν
3078 3203 3342 3274 δύναμιν
3379 3200 3487 3258 τοῦ
3528 3196 3686 3254 Θεοῦ·
3741 3193 3808 3246 ἐπ-

602 3285 848 3345 tudinem
904 3305 1029 3348 esse
1088 3293 1366 3349 novimus.
1430 3293 1820 3354 Verumtamen
1876 3299 2178 3368 explicandi

2291 3297 2559 3370 ιστάμεθα
2600 3294 2691 3356 οῦν
2725 3296 2907 3369 διττὴν
2933 3292 3098 3350 οὖσαν
3137 3294 3345 3367 ταύτην
3380 3291 3476 3366 τὴν
3519 3291 3701 3362 σχέσιν.
3729 3283 3808 3350 Τὴν

599 3379 796 3448 gratia,
829 3390 884 3437 et
909 3383 1179 3441 abusione
1211 3386 1449 3456 quadam
1487 3403 1554 3444 ex
1584 3388 1826 3444 humano
1866 3389 2002 3444 illud
2037 3406 2178 3448 more

2286 3390 2592 3462 ἀπόχρησιν
2639 3389 2696 3442 δὲ
2740 3389 2815 3454 ὡς
2862 3388 2970 3443 ἀπὸ
3019 3386 3310 3459 ἀνθρώπου
3335 3384 3684 3457 λαμόάνοντες
3710 3373 3806 3447 πρὸς

601 3471 1010 3530 transierimus.
1043 3475 1256 3546 Quippe
1285 3487 1341 3532 et
1377 3477 1616 3535 hominis
1652 3480 1830 3551 imago
1855 3495 2076 3550 quoque
2109 3478 2188 3533 di-

598 3569 776 3636 citur;
814 3583 990 3638 neque
1017 3576 1201 3623 tamen
1236 3568 1434 3643 similis
1463 3577 1570 3625 est.
1598 3569 1734 3625 Nam
1772 3574 1946 3627 altera
1991 3575 2184 3632 (δοιοὼ

598 3664 701 3717 bus
716 3663 986 3718 duntaxat
1000 3663 1256 3734 eﬂigiata,
1279 3665 1452 3719 altera
1475 3664 1723 3719 eamdem
1751 3680 1815 3721 ex
1833 3669 2182 3735 generatione

595 3755 963 3811 substantiam
998 3755 1234 3820 obtinet,
1269 3771 1396 3811 cum
1429 3757 1651 3826 genitus
1685 3756 1860 3814 Filius
1886 3762 2179 3829 quamdam

597 3848 814 3918 generis
838 3847 927 3904 sui
957 3857 1140 3902 notam
1183 3862 1247 3902 ac
1277 3839 1511 3903 formam
1558 3852 1967 3919 comparatione
1997 3851 2179 3910 Patris

596 3939 835 4010 accipiat
863 3955 878 3991 :
909 3949 1028 3994 tum
1059 3939 1114 3993 in
1151 3954 1217 3994 eo
1244 3955 1377 3994 vero
1405 3955 1516 3994 non
1554 3938 1757 4010 eiiigies
1785 3940 1948 3995 modo
1993 3946 2177 4000 cerni-

595 4044 706 4095 tur,
745 4031 844 4089 sed
889 4041 946 4088 et
989 4039 1184 4087 natura
1219 4031 1410 4088 eadem
1473 4039 1528 4088 et
1576 4033 1888 4088 substantia
1932 4035 2178 4105 adeoque

595 4141 724 4180 vera
769 4127 920 4180 illius
962 4125 1269 4194 expressio.
1309 4123 1477 4196 Igitur
1518 4125 1836 4196 unigenitus
1867 4127 1959 4182 Dei
2005 4127 2176 4186 Filius

594 4219 736 4274 idem
791 4234 915 4273 cum
967 4217 1256 4271 divinitate
1299 4231 1364 4270 ac
1407 4216 1696 4286 majestate
1734 4217 1916 4276 Patris
1966 4230 2070 4280 est.
2122 4231 2177 4277 et

589 4312 818 4381 aequalis
855 4325 1117 4381 germana
1148 4308 1386 4381 quadam
1419 4309 1660 4380 imagine
1687 4325 1752 4366 ac
1790 4313 2172 4376 similitudine,

588 4421 710 4473 quae
745 4405 893 4458 nulla
923 4402 1137 4458 ratione
1169 4401 1466 4471 discrepet,
1511 4409 1772 4468 tanquam
1802 4401 1972 4458 Filius
2007 4419 2036 4457 a
2078 4403 2175 4458 Pa-

2287 3484 2636 3554 παράστασιν
2661 3483 2917 3555 φράσεως
2944 3481 3232 3554 δηλοῦμεν,
3272 3479 3380 3534 Καὶ
3408 3478 3514 3550 γὰρ
3539 3477 3626 3530 καὶ
3651 3467 3806 3539 ἀνθρώ.

2286 3594 2388 3630 που
2423 3574 2586 3629 εἰκὼν
2623 3574 2864 3644 λέγεται,
2890 3573 2984 3626 καὶ
3013 3573 3111 3642 οὐχ
3140 3571 3328 3642 ὁμοία.
3384 3571 3450 3624 Ἦ
3489 3568 3583 3641 μὲν
3608 3567 3700 3635 γάρ
3725 3564 3804 3612 ἐστι

2282 3668 2372 3721 διὰ
2392 3667 2696 3738 χρωμάτων
2721 3663 3152 3736 ἀπεικαζομένη,
3178 3665 3212 3735 ἡ
3232 3663 3291 3716 δὲ
3316 3662 3408 3716 διὰ
3431 3662 3529 3732 τῆς
3547 3651 3805 3728 γεννητικῆς

2283 3759 2722 3830 ὁμοουσιὸτητος,
2765 3757 2842 3820 ὡς
2891 3757 2985 3810 τοῦ
3028 3755 3373 3826 γεννωμένου
3425 3751 3553 3808 Υίοῦ
3594 3748 3708 3820 πρὸς
3745 3742 3805 3794 τδν

2282 3851 2503 3923 Πατέρα
2548 3849 3046 3922 χαρακτηρίζοντος
3085 3848 3148 3902 τὺ
3188 3846 3369 3916 γένος’
3414 3842 3806 3909 ἀπεικονίσματος

2281 3943 2337 3996 δὲ
2363 3942 2551 3996 λοιπὸν
2578 3942 2970 4014 εὑρισκομένου
3008 3940 3338 4010 ταυτότητός
3376 3956 3438 3991 τε
3467 3936 3558 3991 καὶ
3581 3926 3804 4004 ὀμοουσιύ·

2283 4051 2444 4104 τητος
2493 4035 2585 4087 καὶ
2607 4033 3023 4103 ὲκτυπώματος.
3053 4031 3163 4084 Καὶ
3185 4031 3339 4084 ἐστιν
3359 4031 3491 4102 ἡμῖν
3517 4029 3544 4082 ὁ
3573 4018 3806 4097 μθνογενῆς

2283 4127 2411 4190 Υἱὸς
2453 4127 2544 4182 τοῦ
2597 4126 2733 4180 Θεοῦ
2779 4126 2972 4181 ταυτὸν
3019 4125 3118 4196 μὲν
3161 4127 3228 4195 τῇ
3269 4123 3366 4178 τοῦ
3410 4120 3614 4193 Πατρὸς
3643 4115 3804 4180 θεότητι

2285 4217 2379 4270 καὶ
2409 4216 2558 4288 ἀξίᾳ,
2615 4217 2709 4270 καὶ
2763 4217 2875 4279 ἴσος
2919 4215 3009 4268 διὰ
3061 4214 3160 4284 τῆς
3212 4213 3479 4284 ἀληθινῆς
3517 4207 3701 4263 εἰκόνος
3742 4198 3804 4250 καὶ

2284 4309 2599 4380 ὁμοιώσεως
2640 4310 2701 4362 οὐ
2745 4306 3229 4380 παρηλλαγμένης,
3266 4306 3386 4360 ἀλλ’
3420 4297 3801 4374 ἀπαραλλάκτω.

2285 4401 2359 4465 ὡς
2389 4401 2516 4464 Υἱὸς
2545 4403 2609 4454 ἐκ
2635 4400 2848 4472 Πατρδς
2878 4399 3146 4472 ἀληθινῶς
3166 4399 3260 4452 καὶ
3276 4396 3578 4469 ὁμοουσίως
3595 4402 3802 4459 γεγεννη·

587 4506 671 4552 tre
695 4496 894 4564 reipsa,
926 4501 983 4548 et
1014 4507 1140 4547 cum
1171 4491 1360 4547 eadem
1402 4491 1712 4546 substantia
1741 4494 1980 4561 genitus.
2020 4491 2164 4549 idem

2285 4503 2460 4572 μένος.
2492 4498 2650 4552 Οῦτω
2682 4497 2776 4549 καὶ
2801 4495 2893 4547 ἐπὶ
2916 4492 3010 4546 τοῦ
3045 4492 3199 4560 ἁγίου
3231 4488 3374 4543 Πνεύ
3383 4504 3569 4559 ματος,
3593 4483 3671 4536 διὰ
3692 4479 3738 4530 τὸ
3759 4477 3802 4571 ἐξ

589 4602 752 4656 porro
782 4584 852 4639 de
885 4583 1094 4653 Spiritu
1141 4588 1334 4637 sancto
1366 4591 1609 4636 statuere
1638 4597 1741 4637 nos
1773 4591 1987 4653 oportet
2016 4585 2162 4653 quod

586 4692 616 4731 a
641 4675 800 4730 Patre
835 4672 1115 4743 procedat,
1146 4672 1360 4726 tametsi
1412 4687 1518 4726 non
1569 4680 1883 4741 generetur,
1934 4673 1986 4728 id
2015 4675 2161 4744 quod

584 4769 852 4838 unigeniti
886 4766 1006 4821 Filii
1039 4765 1180 4819 ratio
1202 4765 1427 4818 minime
1458 4766 1680 4832 patitur.
1722 4764 1827 4820 Sed
1855 4766 2047 4821 Aetius
2071 4783 2163 4823 vc-

585 4863 762 4916 ritatis
792 4860 1121 4932 professioni
1147 4858 1529 4914 vehementius
1569 4873 1876 4928 repugnare
1907 4859 2161 4924 studens,

584 4970 656 5008 ne
703 4951 822 5008 Filii
875 4953 1095 5022 quidem
1147 4966 1274 5006 cum
1333 4949 1496 5005 Patre
1552 4951 1964 5006 similitudinem
2007 4949 2164 5009 fateri

584 5041 774 5096 voluit.
808 5043 867 5097 In
900 5059 1009 5113 quo
1050 5044 1120 5098 ab
1152 5043 1374 5097 Arianis
1407 5042 1625 5096 caeteris
1662 5041 1942 5108 dissentit,
1989 5042 2083 5111 qui
2132 5060 2163 5099 ιι

584 5130 828 5187 aniano
857 5141 912 5186 et
939 5132 1171 5205 Origene
1207 5136 1415 5192 erroris
1444 5134 1792 5192 occasionem
1821 5133 1969 5188 nacti
2011 5145 2161 5199 sunt,

579 5233 634 5281 et
668 5241 790 5279 cum
828 5227 1046 5280 Asterie
1077 5228 1312 5296 quodam
1353 5229 1600 5299 sophista
1634 5228 1834 5282 versati
1877 5233 2032 5293 sunt;
2065 5228 2160 5298 qui

581 5318 1051 5391 inpersecutione
1081 5317 1397 5377 Maximiani
1425 5320 1800 5378 Christianam
1832 5320 1992 5376 fidem
2035 5321 2158 5384 eius

671 5515 692 5548 ¹
727 5512 864 5569 Gen.
889 5527 930 5580 ι,
954 5509 1046 5564 27.

675 5671 788 5739 (96)
817 5667 1152 5740 ¹Γεγονότες
1185 5664 1304 5740 {iga
1317 5659 1618 5740 ΔἈστερίς)
1647 5657 1786 5712 τινί.
1825 5656 1899 5709 De
1937 5669 2048 5740 quo
2075 5653 2183 5740 ,ξος

606 5723 787 5795 crates
817 5723 930 5793 lib:
969 5755 1009 5802 ι,
1044 5723 1163 5806 cap.
1191 5723 1283 5798 3'6,
1306 5723 1521 5806 Sozom
1555 5723 1647 5783 lib.
1694 5744 1761 5806 ii,
1805 5741 1926 5806 cap.
1952 5726 2040 5779 3t.
2072 5723 2185 5806 ple-

607 5811 771 5862 mittit
801 5815 855 5862 ct
897 5795 1227 5863 Athanasius
1263 5795 1358 5858 lib.
1415 5801 1488 5854 De
1535 5800 1773 5871 synodis.
1811 5796 1909 5850 llic
1939 5795 2084 5867 quod
2127 5796 2181 5848 in

1143 5509 1165 5541 ‘
1200 5504 1386 5560 Matth.
1429 5519 1551 5567 xm,
1581 5502 1672 5557 5i.
1740 5501 1762 5532 ³
1799 5497 1936 5554 ibid.
1961 5499 2052 5552 '55.
2124 5497 2178 5551 ⁸1

2284 5495 2355 5550 th.
2400 5510 2529 5558 xxv,
2566 5495 2619 5548 l.
2694 5490 2924 5545 'Matth.
2955 5504 3048 5553 xx,
3080 5487 3131 5542 l.

2282 4562 2492 4664 Πατρὸς
2518 4589 2773 4656 ἐξελθεῖν,
2787 4590 2836 4643 εἰ
2863 4588 2956 4640 καὶ
2986 4586 3047 4638 οῦ
3072 4584 3419 4653 γεγέννηται,
3438 4579 3526 4633 διὰ
3547 4577 3602 4631 τὸ
3615 4571 3693 4628 τοῦ
3708 4562 3802 4621 Υἱοῦ

2284 4683 2592 4758 μονογενὲς.
2621 4676 2790 4743 Οὗτος
2816 4681 2872 4733 δὲ
2899 4682 2927 4732 ὁ
2963 4679 3189 4740 ’Δέτιος,
3226 4673 3622 4748 περισσοτέρως
3646 4663 3797 4758 βουλι-

2282 4752 2394 4842 θεὶς
2431 4752 2746 4845 ἀντιστῆναι
2787 4777 2854 4845 τῇ
2892 4772 2990 4835 τῆς
3029 4769 3285 4840 ἀληθείας
3315 4764 3590 4839 ὁμολογίᾳ,
3629 4759 3728 4814 οὐδὲ

2283 4873 2470 4942 ὅμοιον
2499 4843 2790 4940 Υίοῦ-πρδς
2819 4843 3040 4936 Πατέρα
3061 4865 3316 4934 πειρᾶται
3345 4859 3636 4932 ὁμολογεῖν.
3663 4852 3713 4905 Οἱ

2284 4964 2394 5034 γὰρ
2423 4963 2574 5018 ἄλλοι
2600 4962 2709 5014 τῶν
2749 4957 3061 5029 ’Δρειανῶν,
3085 4954 3195 5008 τῶν
3221 4952 3334 5007 ἀπὸ
3355 4947 3643 5007 Λουκιανοῦ
3663 4934 3804 4995 τεκαὶ

2291 5033 2600 5128 Ὧριγένους
2639 5052 2897 5113 λαθόντες
2939 5050 3037 5120 τὴν
3082 5048 3377 5117 πρόφασιν,
3419 5040 3682 5112 γεγονότες

2291 5121 2553 5222 ’Δστερίῳ
2586 5149 2695 5202 τινὶ
2731 5146 2840 5216 ιὸυ)
2873 5144 2980 5198 ἀπὸ
3013 5141 3282 5213 σοφιστῶν
3308 5139 3448 5202 ὁντι,
3487 5121 3803 5222 ἐκπεσόντιξὲ

2279 5243 2336 5298 έν
2367 5214 2690 5314 τῷδιιῦγμῷ
2712 5238 2788 5310 τῷ
2815 5214 2905 5291 ἐπὶ
2927 5233 3272 5306 Μαξιμιανοῦ
3299 5229 3564 5300 γεγονότι·
3593 5223 3714 5281 τινὲς
3735 5214 3818 5284 μὶν·

2281 5337 2389 5407 γὰρ
2416 5335 2617 5401 αὐτῶν,
2646 5333 2721 5397 ὡς
2756 5333 2812 5384 ὲν
2847 5331 2964 5391 ταῖς
2999 5329 3110 5384 ἀνω
3143 5344 3234 5400 μοι
3267 5323 3511 5394 αἱρέσεσι
3541 5314 3802 5386 δεδήλωται,

3231 5484 3251 5516 ⁸
3287 5480 3458 5535 Marc.
3478 5493 3576 5542 xu,
3608 5469 3690 5525 ει.

2288 5651 2669 5721 persecutione
2707 5645 3094 5721 sacrificasset,
3133 5635 3401 5701 ordinari,
3436 5631 3577 5705 quod
3607 5615 3804 5697 ψυτίιιιθ

2287 5717 2565 5792 cupiebat,
2597 5733 2708 5774 non
2741 5717 2937 5787 potuit.
