  <div class='ocr_page' id='page_1' title='image "/cluster/home/n/w/nwhite01/storage/ocr_20150623/42:no.2/coo.31924054869403/266.png"; bbox 0 0 3988 6404; ppageno 0'>
   <div class='ocr_carea' id='block_1_1' title="bbox 219 423 324 482">
    <p class='ocr_par' dir='ltr' id='par_1_1' title="bbox 219 423 324 482">
     <span class='ocr_line' id='line_1_1' title="bbox 219 423 324 482; baseline -0.029 -1"><span class='ocrx_word' id='word_1_1' title='bbox 219 423 324 482; x_wconf 67' lang='grc'><strong>521</strong></span> 
     </span>
    </p>
   </div>
   <div class='ocr_carea' id='block_1_2' title="bbox 937 415 1811 486">
    <p class='ocr_par' dir='ltr' id='par_1_2' title="bbox 937 415 1811 474">
     <span class='ocr_line' id='line_1_2' title="bbox 937 415 1811 474; baseline -0.001 -2"><span class='ocrx_word' id='word_1_2' title='bbox 937 417 1310 474; x_wconf 75' lang='lat' dir='ltr'><strong>ADVERSUS</strong></span> <span class='ocrx_word' id='word_1_3' title='bbox 1349 415 1693 473; x_wconf 68' lang='lat' dir='ltr'><strong>HERESES</strong></span> <span class='ocrx_word' id='word_1_4' title='bbox 1730 415 1811 473; x_wconf 76' lang='grc' dir='ltr'>υ]</span> 
     </span>
    </p>
   </div>
   <div class='ocr_carea' id='block_1_3' title="bbox 1921 415 2956 486">
    <p class='ocr_par' dir='ltr' id='par_1_3' title="bbox 1926 415 2956 486">
     <span class='ocr_line' id='line_1_3' title="bbox 1926 415 2956 486; baseline 0.003 -13"><span class='ocrx_word' id='word_1_5' title='bbox 1926 415 1992 474; x_wconf 78' lang='lat' dir='ltr'><strong>ll.</strong></span> <span class='ocrx_word' id='word_1_6' title='bbox 2031 416 2198 476; x_wconf 83' lang='grc' dir='ltr'><strong>ΤΟΜ.</strong></span> <span class='ocrx_word' id='word_1_7' title='bbox 2240 417 2365 476; x_wconf 83' lang='grc'><strong>1.-</strong></span> <span class='ocrx_word' id='word_1_8' title='bbox 2407 419 2684 478; x_wconf 65' lang='grc' dir='ltr'><strong>ΗΞΒΕΞ.</strong></span> <span class='ocrx_word' id='word_1_9' title='bbox 2723 420 2956 486; x_wconf 72' lang='lat' dir='ltr'><strong>LXXVI.</strong></span> 
     </span>
    </p>
   </div>
   <div class='ocr_carea' id='block_1_4' title="bbox 3394 421 3502 481">
    <p class='ocr_par' dir='ltr' id='par_1_4' title="bbox 3394 421 3502 481">
     <span class='ocr_line' id='line_1_4' title="bbox 3394 421 3502 481; baseline 0.019 -2"><span class='ocrx_word' id='word_1_10' title='bbox 3394 421 3502 481; x_wconf 64' lang='lat'><strong>52&#39;!</strong></span> 
     </span>
    </p>
   </div>
   <div class='ocr_carea' id='block_1_5' title="bbox 217 532 1811 614">
    <p class='ocr_par' dir='ltr' id='par_1_5' title="bbox 217 532 1806 608">
     <span class='ocr_line' id='line_1_5' title="bbox 217 532 1806 608; baseline -0.005 -14"><span class='ocrx_word' id='word_1_11' title='bbox 217 539 300 594; x_wconf 78' lang='grc' dir='ltr'><strong>δτι</strong></span> <span class='ocrx_word' id='word_1_12' title='bbox 327 533 532 608; x_wconf 86' lang='grc' dir='ltr'><strong>κτίσμα</strong></span> <span class='ocrx_word' id='word_1_13' title='bbox 558 534 650 590; x_wconf 76' lang='grc' dir='ltr'><strong>τὸν</strong></span> <span class='ocrx_word' id='word_1_14' title='bbox 681 533 811 588; x_wconf 76' lang='grc' dir='ltr'><strong>Υίὸν</strong></span> <span class='ocrx_word' id='word_1_15' title='bbox 842 532 938 588; x_wconf 90' lang='grc' dir='ltr'><strong>τοῦ</strong></span> <span class='ocrx_word' id='word_1_16' title='bbox 969 534 1107 588; x_wconf 80' lang='grc' dir='ltr'><strong>Θεοῦ</strong></span> <span class='ocrx_word' id='word_1_17' title='bbox 1132 535 1365 598; x_wconf 73' lang='grc' dir='ltr'><strong>ἕκαστος</strong></span> <span class='ocrx_word' id='word_1_18' title='bbox 1399 534 1509 589; x_wconf 87' lang='grc' dir='ltr'><strong>τῶν</strong></span> <span class='ocrx_word' id='word_1_19' title='bbox 1544 551 1806 607; x_wconf 73' lang='grc' dir='ltr'><strong>προειρη-</strong></span> 
     </span>
    </p>
   </div>
   <div class='ocr_carea' id='block_1_6' title="bbox 1921 532 3504 614">
    <p class='ocr_par' dir='ltr' id='par_1_6' title="bbox 1921 538 3504 614">
     <span class='ocr_line' id='line_1_6' title="bbox 1921 538 3504 614; baseline 0.007 -24"><span class='ocrx_word' id='word_1_20' title='bbox 1921 538 2056 592; x_wconf 89' lang='lat' dir='ltr'><strong>ravit</strong></span> <span class='ocrx_word' id='word_1_21' title='bbox 2085 555 2099 592; x_wconf 89' lang='lat'><strong>:</strong></span> <span class='ocrx_word' id='word_1_22' title='bbox 2128 553 2254 594; x_wconf 89' lang='lat' dir='ltr'><strong>nam</strong></span> <span class='ocrx_word' id='word_1_23' title='bbox 2298 555 2424 597; x_wconf 89' lang='lat' dir='ltr'><strong>cum</strong></span> <span class='ocrx_word' id='word_1_24' title='bbox 2466 541 2685 598; x_wconf 89' lang='lat' dir='ltr'><strong>illorum</strong></span> <span class='ocrx_word' id='word_1_25' title='bbox 2731 544 3004 609; x_wconf 83' lang='lat' dir='ltr'><strong>nonnulli,</strong></span> <span class='ocrx_word' id='word_1_26' title='bbox 3045 551 3105 599; x_wconf 88' lang='lat' dir='ltr'><strong>ut</strong></span> <span class='ocrx_word' id='word_1_27' title='bbox 3154 542 3207 598; x_wconf 93' lang='lat' dir='ltr'><strong>in</strong></span> <span class='ocrx_word' id='word_1_28' title='bbox 3256 543 3504 614; x_wconf 82' lang='lat' dir='ltr'><strong>superio-</strong></span> 
     </span>
    </p>
   </div>
   <div class='ocr_carea' id='block_1_7' title="bbox 221 625 1808 702">
    <p class='ocr_par' dir='ltr' id='par_1_7' title="bbox 221 625 1808 702">
     <span class='ocr_line' id='line_1_7' title="bbox 221 625 1808 702; baseline -0.001 -19"><span class='ocrx_word' id='word_1_29' title='bbox 221 630 403 702; x_wconf 86' lang='grc' dir='ltr'><strong>μένων</strong></span> <span class='ocrx_word' id='word_1_30' title='bbox 423 627 684 702; x_wconf 81' lang='grc' dir='ltr'><strong>ὡρίσατο,</strong></span> <span class='ocrx_word' id='word_1_31' title='bbox 715 627 811 682; x_wconf 76' lang='grc' dir='ltr'><strong>καὶ</strong></span> <span class='ocrx_word' id='word_1_32' title='bbox 835 625 897 680; x_wconf 81' lang='grc' dir='ltr'><strong>τὸ</strong></span> <span class='ocrx_word' id='word_1_33' title='bbox 922 625 1150 699; x_wconf 80' lang='grc' dir='ltr'><strong>Πνεῦμα</strong></span> <span class='ocrx_word' id='word_1_34' title='bbox 1175 627 1236 681; x_wconf 82' lang='grc' dir='ltr'><strong>τὸ</strong></span> <span class='ocrx_word' id='word_1_35' title='bbox 1266 626 1422 697; x_wconf 78' lang='grc' dir='ltr'><strong>άγιον</strong></span> <span class='ocrx_word' id='word_1_36' title='bbox 1459 627 1664 698; x_wconf 84' lang='grc' dir='ltr'><strong>κτίσμα</strong></span> <span class='ocrx_word' id='word_1_37' title='bbox 1690 628 1808 682; x_wconf 90' lang='grc' dir='ltr'><strong>κτί-</strong></span> 
     </span>
    </p>
   </div>
   <div class='ocr_carea' id='block_1_8' title="bbox 224 713 1810 792">
    <p class='ocr_par' dir='ltr' id='par_1_8' title="bbox 224 713 1810 792">
     <span class='ocr_line' id='line_1_8' title="bbox 224 713 1810 792; baseline -0.002 -18"><span class='ocrx_word' id='word_1_38' title='bbox 224 737 428 792; x_wconf 73' lang='grc' dir='ltr'><strong>σματος</strong></span> <span class='ocrx_word' id='word_1_39' title='bbox 474 717 736 784; x_wconf 82' lang='grc' dir='ltr'><strong>ἐδίδαξαν·</strong></span> <span class='ocrx_word' id='word_1_40' title='bbox 790 716 936 782; x_wconf 81' lang='grc' dir='ltr'><strong>τινὲς</strong></span> <span class='ocrx_word' id='word_1_41' title='bbox 980 717 1038 770; x_wconf 83' lang='grc' dir='ltr'><strong>δὲ</strong></span> <span class='ocrx_word' id='word_1_42' title='bbox 1070 716 1255 786; x_wconf 76' lang='grc' dir='ltr'><strong>ἔλεγον</strong></span> <span class='ocrx_word' id='word_1_43' title='bbox 1299 719 1488 789; x_wconf 84' lang='grc' dir='ltr'><strong>ὅμοιον</strong></span> <span class='ocrx_word' id='word_1_44' title='bbox 1529 713 1670 773; x_wconf 83' lang='grc' dir='ltr'><strong>εἶναι</strong></span> <span class='ocrx_word' id='word_1_45' title='bbox 1715 718 1810 772; x_wconf 81' lang='grc' dir='ltr'><strong>τὸν</strong></span> 
     </span>
    </p>
   </div>
   <div class='ocr_carea' id='block_1_9' title="bbox 229 802 1812 881">
    <p class='ocr_par' dir='ltr' id='par_1_9' title="bbox 229 802 1812 881">
     <span class='ocr_line' id='line_1_9' title="bbox 229 802 1812 881; baseline -0.001 -16"><span class='ocrx_word' id='word_1_46' title='bbox 229 811 352 865; x_wconf 72' lang='grc' dir='ltr'><strong>ΐὶδν</strong></span> <span class='ocrx_word' id='word_1_47' title='bbox 383 808 464 881; x_wconf 76' lang='grc' dir='ltr'><strong>τῷ</strong></span> <span class='ocrx_word' id='word_1_48' title='bbox 497 808 692 880; x_wconf 73' lang='grc' dir='ltr'><strong>Πατρὶ,</strong></span> <span class='ocrx_word' id='word_1_49' title='bbox 734 808 784 862; x_wconf 85' lang='grc' dir='ltr'><strong>εί</strong></span> <span class='ocrx_word' id='word_1_50' title='bbox 822 807 914 861; x_wconf 75' lang='grc' dir='ltr'><strong>καὶ</strong></span> <span class='ocrx_word' id='word_1_51' title='bbox 954 805 1160 878; x_wconf 80' lang='grc' dir='ltr'><strong>κτίσμα</strong></span> <span class='ocrx_word' id='word_1_52' title='bbox 1189 806 1353 861; x_wconf 78' lang='grc' dir='ltr'><strong>αὐτὸν</strong></span> <span class='ocrx_word' id='word_1_53' title='bbox 1384 807 1673 881; x_wconf 79' lang='grc' dir='ltr'><strong>ὡρίσαντο.</strong></span> <span class='ocrx_word' id='word_1_54' title='bbox 1708 802 1812 864; x_wconf 74' lang='grc' dir='ltr'><strong>Οὖ-</strong></span> 
     </span>
    </p>
   </div>
   <div class='ocr_carea' id='block_1_10' title="bbox 217 901 1812 975">
    <p class='ocr_par' dir='ltr' id='par_1_10' title="bbox 217 901 1812 975">
     <span class='ocr_line' id='line_1_10' title="bbox 217 901 1812 975; baseline -0.001 -17"><span class='ocrx_word' id='word_1_55' title='bbox 217 923 311 969; x_wconf 88' lang='grc' dir='ltr'><strong>τος</strong></span> <span class='ocrx_word' id='word_1_56' title='bbox 335 904 394 956; x_wconf 86' lang='grc' dir='ltr'><strong>δέ</strong></span> <span class='ocrx_word' id='word_1_57' title='bbox 422 903 484 957; x_wconf 80' lang='grc' dir='ltr'><strong>τὸ</strong></span> <span class='ocrx_word' id='word_1_58' title='bbox 512 904 622 956; x_wconf 74' lang='grc' dir='ltr'><strong>πᾶν</strong></span> <span class='ocrx_word' id='word_1_59' title='bbox 658 905 757 974; x_wconf 78' lang='grc' dir='ltr'><strong>τῆς</strong></span> <span class='ocrx_word' id='word_1_60' title='bbox 793 901 1021 956; x_wconf 76' lang='grc' dir='ltr'><strong>ἐκείνων</strong></span> <span class='ocrx_word' id='word_1_61' title='bbox 1061 901 1162 973; x_wconf 82' lang='grc' dir='ltr'><strong>μὲν</strong></span> <span class='ocrx_word' id='word_1_62' title='bbox 1207 902 1512 975; x_wconf 72' lang='grc' dir='ltr'><strong>εἰρωνείας,</strong></span> <span class='ocrx_word' id='word_1_63' title='bbox 1564 901 1700 968; x_wconf 78' lang='grc' dir='ltr'><strong>ιδίας</strong></span> <span class='ocrx_word' id='word_1_64' title='bbox 1753 903 1812 957; x_wconf 85' lang='grc' dir='ltr'><strong>δέ</strong></span> 
     </span>
    </p>
   </div>
   <div class='ocr_carea' id='block_1_11' title="bbox 216 995 1811 1072">
    <p class='ocr_par' dir='ltr' id='par_1_11' title="bbox 216 995 1811 1072">
     <span class='ocr_line' id='line_1_11' title="bbox 216 995 1811 1072; baseline -0.001 -21"><span class='ocrx_word' id='word_1_65' title='bbox 216 996 477 1060; x_wconf 84' lang='grc' dir='ltr'><strong>ἀσεϐείας</strong></span> <span class='ocrx_word' id='word_1_66' title='bbox 501 995 820 1066; x_wconf 70' lang='grc' dir='ltr'><strong>άπεκάλυψε</strong></span> <span class='ocrx_word' id='word_1_67' title='bbox 840 996 1133 1068; x_wconf 80' lang='grc' dir='ltr'><strong>τηλαυγῶς</strong></span> <span class='ocrx_word' id='word_1_68' title='bbox 1162 996 1223 1052; x_wconf 84' lang='grc' dir='ltr'><strong>τὸ</strong></span> <span class='ocrx_word' id='word_1_69' title='bbox 1254 996 1349 1051; x_wconf 87' lang='grc' dir='ltr'><strong>τοῦ</strong></span> <span class='ocrx_word' id='word_1_70' title='bbox 1379 999 1650 1072; x_wconf 87' lang='grc' dir='ltr'><strong>δόγματος</strong></span> <span class='ocrx_word' id='word_1_71' title='bbox 1673 997 1811 1070; x_wconf 80' lang='grc' dir='ltr'><strong>πρὸς</strong></span> 
     </span>
    </p>
   </div>
   <div class='ocr_carea' id='block_1_12' title="bbox 217 1088 1414 1163">
    <p class='ocr_par' dir='ltr' id='par_1_12' title="bbox 217 1088 1414 1163">
     <span class='ocr_line' id='line_1_12' title="bbox 217 1088 1414 1163; baseline 0.001 -19"><span class='ocrx_word' id='word_1_72' title='bbox 217 1090 309 1144; x_wconf 77' lang='grc' dir='ltr'><strong>τὸν</strong></span> <span class='ocrx_word' id='word_1_73' title='bbox 340 1089 550 1163; x_wconf 81' lang='grc' dir='ltr'><strong>Κύριον</strong></span> <span class='ocrx_word' id='word_1_74' title='bbox 577 1088 789 1161; x_wconf 82' lang='grc' dir='ltr'><strong>ἀπηνές</strong></span> <span class='ocrx_word' id='word_1_75' title='bbox 819 1106 880 1144; x_wconf 82' lang='grc' dir='ltr'><strong>τε</strong></span> <span class='ocrx_word' id='word_1_76' title='bbox 915 1089 1008 1143; x_wconf 80' lang='grc' dir='ltr'><strong>καὶ</strong></span> <span class='ocrx_word' id='word_1_77' title='bbox 1037 1089 1414 1161; x_wconf 83' lang='grc' dir='ltr'><strong>ἀναίσχυντον.</strong></span> 
     </span>
    </p>
   </div>
   <div class='ocr_carea' id='block_1_13' title="bbox 1915 624 3505 700">
    <p class='ocr_par' dir='ltr' id='par_1_13' title="bbox 1915 624 3505 700">
     <span class='ocr_line' id='line_1_13' title="bbox 1915 624 3505 700; baseline 0.007 -22"><span class='ocrx_word' id='word_1_78' title='bbox 1915 624 2072 680; x_wconf 88' lang='lat' dir='ltr'><strong>ribus</strong></span> <span class='ocrx_word' id='word_1_79' title='bbox 2125 625 2428 685; x_wconf 68' lang='lat' dir='ltr'><strong>baaresibus</strong></span> <span class='ocrx_word' id='word_1_80' title='bbox 2477 631 2843 700; x_wconf 74' lang='lat' dir='ltr'><strong>ostendimus,</strong></span> <span class='ocrx_word' id='word_1_81' title='bbox 2887 631 3088 689; x_wconf 90' lang='lat' dir='ltr'><strong>Filium</strong></span> <span class='ocrx_word' id='word_1_82' title='bbox 3134 631 3232 690; x_wconf 86' lang='lat' dir='ltr'><strong>Dei</strong></span> <span class='ocrx_word' id='word_1_83' title='bbox 3279 639 3505 689; x_wconf 82' lang='lat' dir='ltr'><strong>creatu-</strong></span> 
     </span>
    </p>
   </div>
   <div class='ocr_carea' id='block_1_14' title="bbox 1915 715 3504 790">
    <p class='ocr_par' dir='ltr' id='par_1_14' title="bbox 1915 715 3504 790">
     <span class='ocr_line' id='line_1_14' title="bbox 1915 715 3504 790; baseline 0.006 -20"><span class='ocrx_word' id='word_1_84' title='bbox 1915 729 2060 782; x_wconf 92' lang='lat' dir='ltr'><strong>ram,</strong></span> <span class='ocrx_word' id='word_1_85' title='bbox 2103 715 2367 790; x_wconf 75' lang='lat' dir='ltr'><strong>Spiritum</strong></span> <span class='ocrx_word' id='word_1_86' title='bbox 2400 735 2533 776; x_wconf 91' lang='lat' dir='ltr'><strong>vero</strong></span> <span class='ocrx_word' id='word_1_87' title='bbox 2586 730 2838 778; x_wconf 90' lang='lat' dir='ltr'><strong>sanctum</strong></span> <span class='ocrx_word' id='word_1_88' title='bbox 2885 733 3154 780; x_wconf 75' lang='lat' dir='ltr'><strong>creatum</strong></span> <span class='ocrx_word' id='word_1_89' title='bbox 3195 735 3504 782; x_wconf 74' lang='lat' dir='ltr'><strong>creaturam</strong></span> 
     </span>
    </p>
   </div>
   <div class='ocr_carea' id='block_1_15' title="bbox 1915 808 3505 884">
    <p class='ocr_par' dir='ltr' id='par_1_15' title="bbox 1915 808 3505 884">
     <span class='ocr_line' id='line_1_15' title="bbox 1915 808 3505 884; baseline 0.006 -21"><span class='ocrx_word' id='word_1_90' title='bbox 1915 822 2040 864; x_wconf 89' lang='lat' dir='ltr'><strong>esse</strong></span> <span class='ocrx_word' id='word_1_91' title='bbox 2068 808 2382 878; x_wconf 86' lang='lat' dir='ltr'><strong>docuerint,</strong></span> <span class='ocrx_word' id='word_1_92' title='bbox 2415 812 2511 868; x_wconf 87' lang='lat' dir='ltr'><strong>alii</strong></span> <span class='ocrx_word' id='word_1_93' title='bbox 2536 813 2632 884; x_wconf 88' lang='lat' dir='ltr'><strong>qui</strong></span> <span class='ocrx_word' id='word_1_94' title='bbox 2661 828 2956 871; x_wconf 86' lang='lat' dir='ltr'><strong>commune</strong></span> <span class='ocrx_word' id='word_1_95' title='bbox 2982 815 3117 872; x_wconf 92' lang='lat' dir='ltr'><strong>illud</strong></span> <span class='ocrx_word' id='word_1_96' title='bbox 3149 816 3218 873; x_wconf 91' lang='lat' dir='ltr'><strong>de</strong></span> <span class='ocrx_word' id='word_1_97' title='bbox 3250 824 3505 873; x_wconf 75' lang='lat' dir='ltr'><strong>creatura</strong></span> 
     </span>
    </p>
   </div>
   <div class='ocr_carea' id='block_1_16' title="bbox 1918 901 3504 967">
    <p class='ocr_par' dir='ltr' id='par_1_16' title="bbox 1918 901 3504 967">
     <span class='ocr_line' id='line_1_16' title="bbox 1918 901 3504 967; baseline 0.008 -13"><span class='ocrx_word' id='word_1_98' title='bbox 1918 908 2193 967; x_wconf 76' lang='lat' dir='ltr'><strong>tenerent,</strong></span> <span class='ocrx_word' id='word_1_99' title='bbox 2235 901 2434 958; x_wconf 86' lang='lat' dir='ltr'><strong>Filium</strong></span> <span class='ocrx_word' id='word_1_100' title='bbox 2464 904 2618 960; x_wconf 87' lang='lat' dir='ltr'><strong>Patri</strong></span> <span class='ocrx_word' id='word_1_101' title='bbox 2652 905 2885 962; x_wconf 83' lang='lat' dir='ltr'><strong>similem</strong></span> <span class='ocrx_word' id='word_1_102' title='bbox 2919 921 3044 963; x_wconf 88' lang='lat' dir='ltr'><strong>esse</strong></span> <span class='ocrx_word' id='word_1_103' title='bbox 3069 907 3311 965; x_wconf 79' lang='lat' dir='ltr'><strong>confessi</strong></span> <span class='ocrx_word' id='word_1_104' title='bbox 3351 918 3504 966; x_wconf 88' lang='lat' dir='ltr'><strong>sunt.</strong></span> 
     </span>
    </p>
   </div>
   <div class='ocr_carea' id='block_1_17' title="bbox 1914 991 3508 1058">
    <p class='ocr_par' dir='ltr' id='par_1_17' title="bbox 1914 991 3508 1058">
     <span class='ocr_line' id='line_1_17' title="bbox 1914 991 3508 1058; baseline 0.009 -14"><span class='ocrx_word' id='word_1_105' title='bbox 1914 991 1987 1046; x_wconf 84' lang='lat' dir='ltr'><strong>At</strong></span> <span class='ocrx_word' id='word_1_106' title='bbox 2022 993 2216 1050; x_wconf 82' lang='lat' dir='ltr'><strong>Aetius</strong></span> <span class='ocrx_word' id='word_1_107' title='bbox 2255 993 2364 1052; x_wconf 89' lang='lat' dir='ltr'><strong>iste</strong></span> <span class='ocrx_word' id='word_1_108' title='bbox 2407 1011 2627 1052; x_wconf 91' lang='lat' dir='ltr'><strong>omnem</strong></span> <span class='ocrx_word' id='word_1_109' title='bbox 2677 997 2899 1053; x_wconf 91' lang='lat' dir='ltr'><strong>illorum</strong></span> <span class='ocrx_word' id='word_1_110' title='bbox 2940 999 3345 1058; x_wconf 84' lang='lat' dir='ltr'><strong>cavillationem</strong></span> <span class='ocrx_word' id='word_1_111' title='bbox 3379 1017 3508 1058; x_wconf 92' lang='lat' dir='ltr'><strong>cum</strong></span> 
     </span>
    </p>
   </div>
   <div class='ocr_carea' id='block_1_18' title="bbox 1917 1086 3510 1163">
    <p class='ocr_par' dir='ltr' id='par_1_18' title="bbox 1917 1086 3510 1163">
     <span class='ocr_line' id='line_1_18' title="bbox 1917 1086 3510 1163; baseline 0.007 -23"><span class='ocrx_word' id='word_1_112' title='bbox 1917 1086 2204 1157; x_wconf 85' lang='lat' dir='ltr'><strong>impietate</strong></span> <span class='ocrx_word' id='word_1_113' title='bbox 2255 1105 2354 1146; x_wconf 90' lang='lat' dir='ltr'><strong>sua</strong></span> <span class='ocrx_word' id='word_1_114' title='bbox 2407 1091 2689 1162; x_wconf 83' lang='lat' dir='ltr'><strong>propalam</strong></span> <span class='ocrx_word' id='word_1_115' title='bbox 2736 1108 2848 1163; x_wconf 69' lang='lat' dir='ltr'><strong>prae</strong></span> <span class='ocrx_word' id='word_1_116' title='bbox 2901 1109 2961 1149; x_wconf 91' lang='lat' dir='ltr'><strong>se</strong></span> <span class='ocrx_word' id='word_1_117' title='bbox 3012 1094 3218 1162; x_wconf 80' lang='lat' dir='ltr'><strong>ferens,</strong></span> <span class='ocrx_word' id='word_1_118' title='bbox 3269 1095 3510 1151; x_wconf 87' lang='lat' dir='ltr'><strong>immane</strong></span> 
     </span>
    </p>
   </div>
   <div class='ocr_carea' id='block_1_19' title="bbox 1812 1178 3507 1259">
    <p class='ocr_par' dir='ltr' id='par_1_19' title="bbox 1812 1178 3507 1259">
     <span class='ocr_line' id='line_1_19' title="bbox 1812 1178 3507 1259; baseline 0.006 -28"><span class='ocrx_word' id='word_1_119' title='bbox 1812 1197 1814 1200; x_wconf 52' lang='grc' dir='ltr'><strong>ν</strong></span> <span class='ocrx_word' id='word_1_120' title='bbox 1915 1187 2108 1234; x_wconf 90' lang='lat' dir='ltr'><strong>contra</strong></span> <span class='ocrx_word' id='word_1_121' title='bbox 2163 1178 2458 1237; x_wconf 89' lang='lat' dir='ltr'><strong>Dominum</strong></span> <span class='ocrx_word' id='word_1_122' title='bbox 2487 1191 2543 1238; x_wconf 91' lang='lat' dir='ltr'><strong>et</strong></span> <span class='ocrx_word' id='word_1_123' title='bbox 2577 1183 3118 1254; x_wconf 87' lang='lat' dir='ltr'><strong>impudentissimum</strong></span> <span class='ocrx_word' id='word_1_124' title='bbox 3153 1187 3352 1259; x_wconf 90' lang='lat' dir='ltr'><strong>dogma</strong></span> <span class='ocrx_word' id='word_1_125' title='bbox 3384 1204 3507 1259; x_wconf 86' lang='lat' dir='ltr'><strong>pro-</strong></span> 
     </span>
    </p>
   </div>
   <div class='ocr_carea' id='block_1_20' title="bbox 289 1355 1813 1433">
    <p class='ocr_par' dir='ltr' id='par_1_20' title="bbox 289 1355 1813 1433">
     <span class='ocr_line' id='line_1_20' title="bbox 289 1355 1813 1433; baseline 0.003 -20"><span class='ocrx_word' id='word_1_126' title='bbox 289 1359 400 1413; x_wconf 79' lang='lat' dir='ltr'><strong>Kal.</strong></span> <span class='ocrx_word' id='word_1_127' title='bbox 432 1358 508 1422; x_wconf 82' lang='grc' dir='ltr'><strong>ὡς</strong></span> <span class='ocrx_word' id='word_1_128' title='bbox 541 1357 638 1429; x_wconf 86' lang='grc' dir='ltr'><strong>μὲν</strong></span> <span class='ocrx_word' id='word_1_129' title='bbox 666 1355 779 1428; x_wconf 75' lang='grc' dir='ltr'><strong>ἔχει</strong></span> <span class='ocrx_word' id='word_1_130' title='bbox 806 1357 840 1430; x_wconf 76' lang='grc' dir='ltr'>ἡ</span> <span class='ocrx_word' id='word_1_131' title='bbox 866 1357 1122 1430; x_wconf 78' lang='grc' dir='ltr'><strong>ἀλήθεια,</strong></span> <span class='ocrx_word' id='word_1_132' title='bbox 1155 1358 1475 1414; x_wconf 71' lang='grc' dir='ltr'><strong>δικαιότατα</strong></span> <span class='ocrx_word' id='word_1_133' title='bbox 1513 1360 1651 1433; x_wconf 79' lang='grc' dir='ltr'><strong>πρὸς</strong></span> <span class='ocrx_word' id='word_1_134' title='bbox 1685 1363 1813 1427; x_wconf 82' lang='grc' dir='ltr'><strong>τοὺς</strong></span> 
     </span>
    </p>
   </div>
   <div class='ocr_carea' id='block_1_21' title="bbox 214 1449 1812 1523">
    <p class='ocr_par' dir='ltr' id='par_1_21' title="bbox 214 1449 1812 1523">
     <span class='ocr_line' id='line_1_21' title="bbox 214 1449 1812 1523; baseline 0.003 -19"><span class='ocrx_word' id='word_1_135' title='bbox 214 1451 278 1504; x_wconf 80' lang='grc' dir='ltr'><strong>τὸ</strong></span> <span class='ocrx_word' id='word_1_136' title='bbox 307 1450 515 1520; x_wconf 83' lang='grc' dir='ltr'><strong>κτίσμα</strong></span> <span class='ocrx_word' id='word_1_137' title='bbox 542 1450 1015 1523; x_wconf 83' lang='grc' dir='ltr'><strong>παρεισφέροντας</strong></span> <span class='ocrx_word' id='word_1_138' title='bbox 1047 1449 1392 1505; x_wconf 80' lang='grc' dir='ltr'><strong>ἀποτείνεται</strong></span> <span class='ocrx_word' id='word_1_139' title='bbox 1421 1453 1452 1523; x_wconf 78' lang='grc' dir='ltr'>ἡ</span> <span class='ocrx_word' id='word_1_140' title='bbox 1485 1453 1680 1508; x_wconf 86' lang='grc' dir='ltr'><strong>τούτου</strong></span> <span class='ocrx_word' id='word_1_141' title='bbox 1717 1451 1812 1508; x_wconf 90' lang='grc' dir='ltr'><strong>τοῦ</strong></span> 
     </span>
    </p>
   </div>
   <div class='ocr_carea' id='block_1_22' title="bbox 227 1543 1811 1618">
    <p class='ocr_par' dir='ltr' id='par_1_22' title="bbox 227 1543 1811 1618">
     <span class='ocr_line' id='line_1_22' title="bbox 227 1543 1811 1618; baseline 0.003 -22"><span class='ocrx_word' id='word_1_142' title='bbox 227 1544 440 1597; x_wconf 73' lang='grc' dir='ltr'><strong>Ἀετίου</strong></span> <span class='ocrx_word' id='word_1_143' title='bbox 469 1559 528 1596; x_wconf 90' lang='grc' dir='ltr'><strong>τε</strong></span> <span class='ocrx_word' id='word_1_144' title='bbox 557 1543 652 1597; x_wconf 71' lang='grc' dir='ltr'><strong>καὶ</strong></span> <span class='ocrx_word' id='word_1_145' title='bbox 690 1543 970 1616; x_wconf 81' lang='grc' dir='ltr'><strong>Ἀνομοίου</strong></span> <span class='ocrx_word' id='word_1_146' title='bbox 1007 1543 1305 1616; x_wconf 78' lang='grc' dir='ltr'><strong>λεγομένου</strong></span> <span class='ocrx_word' id='word_1_147' title='bbox 1330 1544 1424 1598; x_wconf 90' lang='grc' dir='ltr'><strong>τοῦ</strong></span> <span class='ocrx_word' id='word_1_148' title='bbox 1455 1543 1618 1614; x_wconf 83' lang='grc' dir='ltr'><strong>λόγου</strong></span> <span class='ocrx_word' id='word_1_149' title='bbox 1648 1546 1811 1618; x_wconf 79' lang='grc' dir='ltr'><strong>ἀκρι-</strong></span> 
     </span>
    </p>
   </div>
   <div class='ocr_carea' id='block_1_23' title="bbox 213 1635 1814 1711">
    <p class='ocr_par' dir='ltr' id='par_1_23' title="bbox 213 1635 1814 1711">
     <span class='ocr_line' id='line_1_23' title="bbox 213 1635 1814 1711; baseline 0.002 -23"><span class='ocrx_word' id='word_1_150' title='bbox 213 1635 461 1705; x_wconf 87' lang='grc' dir='ltr'><strong>ϐολογία.</strong></span> <span class='ocrx_word' id='word_1_151' title='bbox 494 1635 612 1689; x_wconf 80' lang='grc' dir='ltr'><strong>Πᾶν</strong></span> <span class='ocrx_word' id='word_1_152' title='bbox 653 1635 760 1708; x_wconf 82' lang='grc' dir='ltr'><strong>γὰρ</strong></span> <span class='ocrx_word' id='word_1_153' title='bbox 801 1635 862 1690; x_wconf 80' lang='grc' dir='ltr'><strong>τὸ</strong></span> <span class='ocrx_word' id='word_1_154' title='bbox 900 1636 1122 1690; x_wconf 81' lang='grc' dir='ltr'><strong>κτιστὸν</strong></span> <span class='ocrx_word' id='word_1_155' title='bbox 1150 1636 1406 1707; x_wconf 81' lang='grc' dir='ltr'><strong>ἀνόμοιον</strong></span> <span class='ocrx_word' id='word_1_156' title='bbox 1437 1635 1702 1708; x_wconf 77' lang='grc' dir='ltr'><strong>τυγχάνει</strong></span> <span class='ocrx_word' id='word_1_157' title='bbox 1735 1637 1814 1711; x_wconf 82' lang='grc' dir='ltr'><strong>τῷ</strong></span> 
     </span>
    </p>
   </div>
   <div class='ocr_carea' id='block_1_24' title="bbox 215 1727 1815 1801">
    <p class='ocr_par' dir='ltr' id='par_1_24' title="bbox 215 1727 1815 1801">
     <span class='ocr_line' id='line_1_24' title="bbox 215 1727 1815 1801; baseline 0.001 -17"><span class='ocrx_word' id='word_1_158' title='bbox 215 1728 518 1794; x_wconf 87' lang='grc' dir='ltr'><strong>κεκτικότι,</strong></span> <span class='ocrx_word' id='word_1_159' title='bbox 547 1727 650 1782; x_wconf 80' lang='grc' dir='ltr'><strong>κάν</strong></span> <span class='ocrx_word' id='word_1_160' title='bbox 676 1745 737 1782; x_wconf 88' lang='grc' dir='ltr'><strong>τε</strong></span> <span class='ocrx_word' id='word_1_161' title='bbox 766 1729 910 1782; x_wconf 86' lang='grc' dir='ltr'><strong>κατά</strong></span> <span class='ocrx_word' id='word_1_162' title='bbox 924 1728 1083 1800; x_wconf 83' lang='grc' dir='ltr'><strong>χάριν</strong></span> <span class='ocrx_word' id='word_1_163' title='bbox 1098 1730 1435 1801; x_wconf 75' lang='grc' dir='ltr'><strong>άφομοιοίτοο</strong></span> <span class='ocrx_word' id='word_1_164' title='bbox 1461 1730 1555 1784; x_wconf 70' lang='grc' dir='ltr'><strong>καὶ</strong></span> <span class='ocrx_word' id='word_1_165' title='bbox 1572 1730 1601 1783; x_wconf 89' lang='grc' dir='ltr'><strong>ό</strong></span> <span class='ocrx_word' id='word_1_166' title='bbox 1620 1730 1815 1796; x_wconf 83' lang='grc' dir='ltr'><strong>κτίσας</strong></span> 
     </span>
    </p>
   </div>
   <div class='ocr_carea' id='block_1_25' title="bbox 212 1811 1815 1896">
    <p class='ocr_par' dir='ltr' id='par_1_25' title="bbox 212 1811 1815 1896">
     <span class='ocr_line' id='line_1_25' title="bbox 212 1811 1815 1896; baseline 0.002 -20"><span class='ocrx_word' id='word_1_167' title='bbox 212 1822 294 1894; x_wconf 79' lang='grc' dir='ltr'><strong>τῷ</strong></span> <span class='ocrx_word' id='word_1_168' title='bbox 320 1820 666 1892; x_wconf 87' lang='grc' dir='ltr'><strong>κεκτισμένῳ</strong></span> <span class='ocrx_word' id='word_1_169' title='bbox 687 1821 941 1892; x_wconf 79' lang='grc' dir='ltr'><strong>ἀνόμοιος</strong></span> <span class='ocrx_word' id='word_1_170' title='bbox 969 1820 1228 1893; x_wconf 80' lang='grc' dir='ltr'><strong>ὑπάρχει,</strong></span> <span class='ocrx_word' id='word_1_171' title='bbox 1254 1823 1303 1876; x_wconf 88' lang='grc' dir='ltr'><strong>εί</strong></span> <span class='ocrx_word' id='word_1_172' title='bbox 1319 1823 1412 1877; x_wconf 72' lang='grc' dir='ltr'><strong>καὶ</strong></span> <span class='ocrx_word' id='word_1_173' title='bbox 1429 1811 1684 1896; x_wconf 79' lang='grc' dir='ltr'><strong>χρώμασί</strong></span> <span class='ocrx_word' id='word_1_174' title='bbox 1707 1824 1815 1880; x_wconf 82' lang='grc' dir='ltr'><strong>δια-</strong></span> 
     </span>
    </p>
   </div>
   <div class='ocr_carea' id='block_1_26' title="bbox 214 1909 1820 1985">
    <p class='ocr_par' dir='ltr' id='par_1_26' title="bbox 214 1909 1820 1985">
     <span class='ocr_line' id='line_1_26' title="bbox 214 1909 1820 1985; baseline 0.002 -20"><span class='ocrx_word' id='word_1_175' title='bbox 214 1913 407 1984; x_wconf 83' lang='grc' dir='ltr'><strong>φόροις</strong></span> <span class='ocrx_word' id='word_1_176' title='bbox 443 1910 577 1964; x_wconf 79' lang='grc' dir='ltr'><strong>αὐτὸ</strong></span> <span class='ocrx_word' id='word_1_177' title='bbox 614 1913 842 1982; x_wconf 83' lang='grc' dir='ltr'><strong>κοσμεῖν</strong></span> <span class='ocrx_word' id='word_1_178' title='bbox 880 1909 1219 1982; x_wconf 85' lang='grc' dir='ltr'><strong>πειράσοιτο·</strong></span> <span class='ocrx_word' id='word_1_179' title='bbox 1270 1912 1320 1965; x_wconf 83' lang='grc' dir='ltr'><strong>εί</strong></span> <span class='ocrx_word' id='word_1_180' title='bbox 1355 1913 1431 1984; x_wconf 85' lang='grc' dir='ltr'><strong>μή</strong></span> <span class='ocrx_word' id='word_1_181' title='bbox 1471 1930 1525 1966; x_wconf 86' lang='grc' dir='ltr'><strong>τι</strong></span> <span class='ocrx_word' id='word_1_182' title='bbox 1570 1913 1637 1968; x_wconf 79' lang='grc' dir='ltr'><strong>ἂν</strong></span> <span class='ocrx_word' id='word_1_183' title='bbox 1683 1914 1820 1985; x_wconf 81' lang='grc' dir='ltr'><strong>πρὸς</strong></span> 
     </span>
    </p>
   </div>
   <div class='ocr_carea' id='block_1_27' title="bbox 211 2003 1810 2079">
    <p class='ocr_par' dir='ltr' id='par_1_27' title="bbox 211 2003 1810 2079">
     <span class='ocr_line' id='line_1_27' title="bbox 211 2003 1810 2079; baseline 0 -17"><span class='ocrx_word' id='word_1_184' title='bbox 211 2005 563 2076; x_wconf 80' lang='grc' dir='ltr'><strong>ἁπεικασμὺν</strong></span> <span class='ocrx_word' id='word_1_185' title='bbox 611 2005 709 2060; x_wconf 71' lang='grc' dir='ltr'><strong>καὶ</strong></span> <span class='ocrx_word' id='word_1_186' title='bbox 757 2003 1128 2076; x_wconf 87' lang='grc' dir='ltr'><strong>άπεικόνισμα</strong></span> <span class='ocrx_word' id='word_1_187' title='bbox 1171 2004 1315 2059; x_wconf 83' lang='grc' dir='ltr'><strong>κατὰ</strong></span> <span class='ocrx_word' id='word_1_188' title='bbox 1365 2005 1600 2077; x_wconf 82' lang='grc' dir='ltr'><strong>μίμησιν</strong></span> <span class='ocrx_word' id='word_1_189' title='bbox 1649 2007 1810 2079; x_wconf 89' lang='grc' dir='ltr'><strong>μόνον</strong></span> 
     </span>
    </p>
   </div>
   <div class='ocr_carea' id='block_1_28' title="bbox 211 2093 1812 2172">
    <p class='ocr_par' dir='ltr' id='par_1_28' title="bbox 211 2093 1812 2172">
     <span class='ocr_line' id='line_1_28' title="bbox 211 2093 1812 2172; baseline 0.001 -21"><span class='ocrx_word' id='word_1_190' title='bbox 211 2095 451 2166; x_wconf 81' lang='grc' dir='ltr'><strong>θεωρίας</strong></span> <span class='ocrx_word' id='word_1_191' title='bbox 500 2093 618 2148; x_wconf 76' lang='grc' dir='ltr'><strong>ἐστὶ</strong></span> <span class='ocrx_word' id='word_1_192' title='bbox 662 2094 724 2148; x_wconf 82' lang='grc' dir='ltr'><strong>τὸ</strong></span> <span class='ocrx_word' id='word_1_193' title='bbox 764 2093 1192 2166; x_wconf 88' lang='grc' dir='ltr'><strong>ἐκτυπούμενον.</strong></span> <span class='ocrx_word' id='word_1_194' title='bbox 1247 2095 1360 2150; x_wconf 77' lang='grc' dir='ltr'><strong>Καὶ</strong></span> <span class='ocrx_word' id='word_1_195' title='bbox 1408 2095 1486 2160; x_wconf 85' lang='grc' dir='ltr'><strong>ὡς</strong></span> <span class='ocrx_word' id='word_1_196' title='bbox 1529 2097 1629 2168; x_wconf 84' lang='grc' dir='ltr'><strong>μὲν</strong></span> <span class='ocrx_word' id='word_1_197' title='bbox 1674 2099 1812 2172; x_wconf 80' lang='grc' dir='ltr'><strong>πρὸς</strong></span> 
     </span>
    </p>
   </div>
   <div class='ocr_carea' id='block_1_29' title="bbox 224 2185 1809 2259">
    <p class='ocr_par' dir='ltr' id='par_1_29' title="bbox 224 2185 1809 2259">
     <span class='ocr_line' id='line_1_29' title="bbox 224 2185 1809 2259; baseline 0.002 -18"><span class='ocrx_word' id='word_1_198' title='bbox 224 2187 543 2259; x_wconf 80' lang='grc' dir='ltr'><strong>Ἀρειανοὺς</strong></span> <span class='ocrx_word' id='word_1_199' title='bbox 589 2185 719 2250; x_wconf 82' lang='grc' dir='ltr'><strong>τοὺς</strong></span> <span class='ocrx_word' id='word_1_200' title='bbox 768 2185 990 2240; x_wconf 79' lang='grc' dir='ltr'><strong>κτιστδν</strong></span> <span class='ocrx_word' id='word_1_201' title='bbox 1040 2185 1365 2258; x_wconf 77' lang='grc' dir='ltr'><strong>νομίζοντας</strong></span> <span class='ocrx_word' id='word_1_202' title='bbox 1411 2187 1504 2242; x_wconf 80' lang='grc' dir='ltr'><strong>τὸν</strong></span> <span class='ocrx_word' id='word_1_203' title='bbox 1546 2189 1676 2243; x_wconf 86' lang='grc' dir='ltr'><strong>Υίδν</strong></span> <span class='ocrx_word' id='word_1_204' title='bbox 1716 2189 1809 2244; x_wconf 90' lang='grc' dir='ltr'><strong>τοῦ</strong></span> 
     </span>
    </p>
   </div>
   <div class='ocr_carea' id='block_1_30' title="bbox 209 2280 1808 2352">
    <p class='ocr_par' dir='ltr' id='par_1_30' title="bbox 209 2280 1808 2352">
     <span class='ocr_line' id='line_1_30' title="bbox 209 2280 1808 2352; baseline 0 -15"><span class='ocrx_word' id='word_1_205' title='bbox 209 2282 350 2337; x_wconf 87' lang='grc' dir='ltr'><strong>Θεοῦ</strong></span> <span class='ocrx_word' id='word_1_206' title='bbox 381 2281 558 2336; x_wconf 80' lang='grc' dir='ltr'><strong>καὶτὸ</strong></span> <span class='ocrx_word' id='word_1_207' title='bbox 580 2281 736 2351; x_wconf 79' lang='grc' dir='ltr'><strong>άγιον</strong></span> <span class='ocrx_word' id='word_1_208' title='bbox 764 2280 990 2352; x_wconf 83' lang='grc' dir='ltr'><strong>Πνεῦμα</strong></span> <span class='ocrx_word' id='word_1_209' title='bbox 1022 2281 1244 2352; x_wconf 71' lang='grc' dir='ltr'><strong>ἴσχυσεν</strong></span> <span class='ocrx_word' id='word_1_210' title='bbox 1265 2280 1332 2336; x_wconf 79' lang='grc' dir='ltr'><strong>ἂν</strong></span> <span class='ocrx_word' id='word_1_211' title='bbox 1359 2283 1387 2335; x_wconf 83' lang='grc' dir='ltr'>ὁ</span> <span class='ocrx_word' id='word_1_212' title='bbox 1415 2281 1604 2336; x_wconf 89' lang='grc' dir='ltr'><strong>τούτου</strong></span> <span class='ocrx_word' id='word_1_213' title='bbox 1631 2281 1808 2352; x_wconf 84' lang='grc' dir='ltr'><strong>λόγος,</strong></span> 
     </span>
    </p>
   </div>
   <div class='ocr_carea' id='block_1_31' title="bbox 211 2371 1812 2446">
    <p class='ocr_par' dir='ltr' id='par_1_31' title="bbox 211 2371 1812 2446">
     <span class='ocr_line' id='line_1_31' title="bbox 211 2371 1812 2446; baseline 0.001 -18"><span class='ocrx_word' id='word_1_214' title='bbox 211 2375 292 2437; x_wconf 86' lang='grc' dir='ltr'><strong>ὠς</strong></span> <span class='ocrx_word' id='word_1_215' title='bbox 321 2375 418 2427; x_wconf 75' lang='grc' dir='ltr'><strong>καὶ</strong></span> <span class='ocrx_word' id='word_1_216' title='bbox 441 2371 669 2445; x_wconf 76' lang='grc' dir='ltr'><strong>ὕστερον</strong></span> <span class='ocrx_word' id='word_1_217' title='bbox 691 2373 783 2427; x_wconf 83' lang='grc' dir='ltr'><strong>ὑπ’</strong></span> <span class='ocrx_word' id='word_1_218' title='bbox 808 2372 991 2427; x_wconf 83' lang='grc' dir='ltr'><strong>αὐτῶν</strong></span> <span class='ocrx_word' id='word_1_219' title='bbox 1022 2372 1132 2427; x_wconf 89' lang='grc' dir='ltr'><strong>τῶν</strong></span> <span class='ocrx_word' id='word_1_220' title='bbox 1167 2373 1464 2444; x_wconf 80' lang='grc' dir='ltr'><strong>Ἀρειανῶν</strong></span> <span class='ocrx_word' id='word_1_221' title='bbox 1493 2373 1631 2444; x_wconf 84' lang='lat'><strong>(87),</strong></span> <span class='ocrx_word' id='word_1_222' title='bbox 1668 2376 1812 2446; x_wconf 78' lang='grc' dir='ltr'><strong>φημὶ</strong></span> 
     </span>
    </p>
   </div>
   <div class='ocr_carea' id='block_1_32' title="bbox 208 2463 1812 2540">
    <p class='ocr_par' dir='ltr' id='par_1_32' title="bbox 208 2463 1812 2540">
     <span class='ocr_line' id='line_1_32' title="bbox 208 2463 1812 2540; baseline 0.001 -21"><span class='ocrx_word' id='word_1_223' title='bbox 208 2466 268 2519; x_wconf 78' lang='grc' dir='ltr'><strong>δὲ</strong></span> <span class='ocrx_word' id='word_1_224' title='bbox 291 2465 402 2519; x_wconf 78' lang='grc' dir='ltr'><strong>τῶν</strong></span> <span class='ocrx_word' id='word_1_225' title='bbox 433 2465 563 2536; x_wconf 79' lang='grc' dir='ltr'><strong>περὶ</strong></span> <span class='ocrx_word' id='word_1_226' title='bbox 592 2463 840 2529; x_wconf 83' lang='grc' dir='ltr'><strong>Εὑδόξιον</strong></span> <span class='ocrx_word' id='word_1_227' title='bbox 863 2464 960 2518; x_wconf 71' lang='grc' dir='ltr'><strong>καὶ</strong></span> <span class='ocrx_word' id='word_1_228' title='bbox 1009 2463 1448 2540; x_wconf 35' lang='grc' dir='ltr'><strong>Μηνόφιλον-καὶ</strong></span> <span class='ocrx_word' id='word_1_229' title='bbox 1477 2464 1693 2530; x_wconf 84' lang='grc' dir='ltr'><strong>ἄλλους,</strong></span> <span class='ocrx_word' id='word_1_230' title='bbox 1717 2467 1812 2520; x_wconf 69' lang='grc' dir='ltr'><strong>καὶ</strong></span> 
     </span>
    </p>
   </div>
   <div class='ocr_carea' id='block_1_33' title="bbox 209 2556 1811 2630">
    <p class='ocr_par' dir='ltr' id='par_1_33' title="bbox 209 2556 1811 2630">
     <span class='ocr_line' id='line_1_33' title="bbox 209 2556 1811 2630; baseline 0.001 -18"><span class='ocrx_word' id='word_1_231' title='bbox 209 2556 596 2621; x_wconf 82' lang='grc' dir='ltr'><strong>ἀποσύνακτος</strong></span> <span class='ocrx_word' id='word_1_232' title='bbox 625 2556 921 2628; x_wconf 89' lang='grc' dir='ltr'><strong>γενόμενος</strong></span> <span class='ocrx_word' id='word_1_233' title='bbox 953 2557 1243 2628; x_wconf 80' lang='grc' dir='ltr'><strong>διήλεγχεν</strong></span> <span class='ocrx_word' id='word_1_234' title='bbox 1275 2559 1369 2612; x_wconf 77' lang='grc' dir='ltr'><strong>ἐπὶ</strong></span> <span class='ocrx_word' id='word_1_235' title='bbox 1404 2557 1498 2612; x_wconf 86' lang='grc' dir='ltr'><strong>τοῦ</strong></span> <span class='ocrx_word' id='word_1_236' title='bbox 1544 2559 1811 2630; x_wconf 86' lang='grc' dir='ltr'><strong>βασιλέως</strong></span> 
     </span>
    </p>
   </div>
   <div class='ocr_carea' id='block_1_34' title="bbox 209 2648 1812 2722">
    <p class='ocr_par' dir='ltr' id='par_1_34' title="bbox 209 2648 1812 2722">
     <span class='ocr_line' id='line_1_34' title="bbox 209 2648 1812 2722; baseline 0.002 -20"><span class='ocrx_word' id='word_1_237' title='bbox 209 2649 359 2702; x_wconf 81' lang='grc' dir='ltr'><strong>τότε’</strong></span> <span class='ocrx_word' id='word_1_238' title='bbox 395 2649 481 2703; x_wconf 82' lang='grc' dir='ltr'><strong>ὅτι</strong></span> <span class='ocrx_word' id='word_1_239' title='bbox 584 2648 816 2712; x_wconf 86' lang='grc' dir='ltr'><strong>Ὀποίως</strong></span> <span class='ocrx_word' id='word_1_240' title='bbox 854 2648 1010 2703; x_wconf 78' lang='grc' dir='ltr'><strong>αὐτοὶ</strong></span> <span class='ocrx_word' id='word_1_241' title='bbox 1041 2648 1278 2720; x_wconf 74' lang='grc' dir='ltr'><strong>ἔχουσιν,</strong></span> <span class='ocrx_word' id='word_1_242' title='bbox 1308 2648 1420 2720; x_wconf 82' lang='grc' dir='ltr'><strong>ἐγὼ</strong></span> <span class='ocrx_word' id='word_1_243' title='bbox 1449 2649 1579 2722; x_wconf 75' lang='grc' dir='ltr'><strong>ἔχω,</strong></span> <span class='ocrx_word' id='word_1_244' title='bbox 1611 2651 1688 2716; x_wconf 81' lang='grc' dir='ltr'><strong>ὡς</strong></span> <span class='ocrx_word' id='word_1_245' title='bbox 1716 2651 1812 2706; x_wconf 74' lang='grc' dir='ltr'><strong>καὶ</strong></span> 
     </span>
    </p>
   </div>
   <div class='ocr_carea' id='block_1_35' title="bbox 211 2739 1814 2816">
    <p class='ocr_par' dir='ltr' id='par_1_35' title="bbox 211 2739 1814 2816">
     <span class='ocr_line' id='line_1_35' title="bbox 211 2739 1814 2816; baseline 0.002 -21"><span class='ocrx_word' id='word_1_246' title='bbox 211 2741 369 2796; x_wconf 66' lang='grc' dir='ltr'><strong>αὐτοὶ</strong></span> <span class='ocrx_word' id='word_1_247' title='bbox 412 2742 635 2804; x_wconf 77' lang='grc' dir='ltr'><strong>πάντεςο</strong></span> <span class='ocrx_word' id='word_1_248' title='bbox 677 2740 794 2794; x_wconf 84' lang='grc' dir='ltr'><strong>ἀλλ’</strong></span> <span class='ocrx_word' id='word_1_249' title='bbox 823 2739 852 2793; x_wconf 86' lang='grc' dir='ltr'><strong>δ</strong></span> <span class='ocrx_word' id='word_1_250' title='bbox 884 2742 943 2795; x_wconf 74' lang='grc' dir='ltr'><strong>ἐν</strong></span> <span class='ocrx_word' id='word_1_251' title='bbox 971 2741 1097 2812; x_wconf 76' lang='grc' dir='ltr'><strong>ἐμοὶ</strong></span> <span class='ocrx_word' id='word_1_252' title='bbox 1123 2741 1344 2814; x_wconf 82' lang='grc' dir='ltr'><strong>ἀληθὲς,</strong></span> <span class='ocrx_word' id='word_1_253' title='bbox 1373 2743 1530 2796; x_wconf 75' lang='grc' dir='ltr'><strong>αὐτοὶ</strong></span> <span class='ocrx_word' id='word_1_254' title='bbox 1563 2744 1814 2816; x_wconf 87' lang='grc' dir='ltr'><strong>κρυπτά-</strong></span> 
     </span>
    </p>
   </div>
   <div class='ocr_carea' id='block_1_36' title="bbox 212 2834 1808 2908">
    <p class='ocr_par' dir='ltr' id='par_1_36' title="bbox 212 2834 1808 2908">
     <span class='ocr_line' id='line_1_36' title="bbox 212 2834 1808 2908; baseline 0.001 -20"><span class='ocrx_word' id='word_1_255' title='bbox 212 2836 392 2900; x_wconf 81' lang='grc' dir='ltr'><strong>ζουσι·</strong></span> <span class='ocrx_word' id='word_1_256' title='bbox 427 2834 523 2889; x_wconf 80' lang='grc' dir='ltr'><strong>καὶ</strong></span> <span class='ocrx_word' id='word_1_257' title='bbox 552 2834 582 2888; x_wconf 86' lang='grc' dir='ltr'><strong>δ</strong></span> <span class='ocrx_word' id='word_1_258' title='bbox 615 2835 727 2904; x_wconf 82' lang='grc' dir='ltr'><strong>ἐγὼ</strong></span> <span class='ocrx_word' id='word_1_259' title='bbox 758 2835 1048 2908; x_wconf 82' lang='grc' dir='ltr'><strong>τηλαυγῶς</strong></span> <span class='ocrx_word' id='word_1_260' title='bbox 1073 2835 1360 2906; x_wconf 84' lang='grc' dir='ltr'><strong>ὑποφαίνω</strong></span> <span class='ocrx_word' id='word_1_261' title='bbox 1409 2835 1506 2891; x_wconf 77' lang='grc' dir='ltr'><strong>καὶ</strong></span> <span class='ocrx_word' id='word_1_262' title='bbox 1537 2836 1808 2908; x_wconf 80' lang='grc' dir='ltr'><strong>ὁμολογῶ,</strong></span> 
     </span>
    </p>
   </div>
   <div class='ocr_carea' id='block_1_37' title="bbox 209 2921 1810 3001">
    <p class='ocr_par' dir='ltr' id='par_1_37' title="bbox 209 2921 1810 3001">
     <span class='ocr_line' id='line_1_37' title="bbox 209 2921 1810 3001; baseline 0.001 -19"><span class='ocrx_word' id='word_1_263' title='bbox 209 2921 363 2982; x_wconf 78' lang='grc' dir='ltr'><strong>οῦτοι</strong></span> <span class='ocrx_word' id='word_1_264' title='bbox 394 2928 596 2992; x_wconf 83' lang='grc' dir='ltr'><strong>πάντες</strong></span> <span class='ocrx_word' id='word_1_265' title='bbox 623 2927 693 2983; x_wconf 84' lang='grc' dir='ltr'><strong>τά</strong></span> <span class='ocrx_word' id='word_1_266' title='bbox 727 2929 869 2983; x_wconf 82' lang='grc' dir='ltr'><strong>αὐτὰ</strong></span> <span class='ocrx_word' id='word_1_267' title='bbox 897 2928 1137 2998; x_wconf 87' lang='grc' dir='ltr'><strong>λέγουσι,</strong></span> <span class='ocrx_word' id='word_1_268' title='bbox 1169 2928 1578 3001; x_wconf 79' lang='grc' dir='ltr'><strong>κρυπτάζονται</strong></span> <span class='ocrx_word' id='word_1_269' title='bbox 1607 2931 1688 2996; x_wconf 83' lang='grc' dir='ltr'><strong>δὲ,</strong></span> <span class='ocrx_word' id='word_1_270' title='bbox 1714 2930 1810 2984; x_wconf 89' lang='grc' dir='ltr'><strong>τοῦ</strong></span> 
     </span>
    </p>
   </div>
   <div class='ocr_carea' id='block_1_38' title="bbox 213 3019 1812 3094">
    <p class='ocr_par' dir='ltr' id='par_1_38' title="bbox 213 3019 1812 3094">
     <span class='ocr_line' id='line_1_38' title="bbox 213 3019 1812 3094; baseline 0.001 -20"><span class='ocrx_word' id='word_1_271' title='bbox 213 3022 339 3074; x_wconf 78' lang='grc' dir='ltr'><strong>τότε</strong></span> <span class='ocrx_word' id='word_1_272' title='bbox 364 3022 380 3052; x_wconf 81' lang='grc'>¹</span> <span class='ocrx_word' id='word_1_273' title='bbox 428 3019 711 3092; x_wconf 87' lang='grc' dir='ltr'><strong>βασιλέως.</strong></span> <span class='ocrx_word' id='word_1_274' title='bbox 755 3022 872 3075; x_wconf 83' lang='grc' dir='ltr'><strong>Οὐκ</strong></span> <span class='ocrx_word' id='word_1_275' title='bbox 927 3023 1189 3087; x_wconf 80' lang='grc' dir='ltr'><strong>ἐναντίως</strong></span> <span class='ocrx_word' id='word_1_276' title='bbox 1234 3021 1452 3093; x_wconf 76' lang='grc' dir='ltr'><strong>ἔχοντος</strong></span> <span class='ocrx_word' id='word_1_277' title='bbox 1515 3025 1652 3094; x_wconf 78' lang='grc' dir='ltr'><strong>πρὸς</strong></span> <span class='ocrx_word' id='word_1_278' title='bbox 1715 3023 1812 3094; x_wconf 82' lang='grc' dir='ltr'><strong>τὴν</strong></span> 
     </span>
    </p>
   </div>
   <div class='ocr_carea' id='block_1_39' title="bbox 226 3111 1808 3186">
    <p class='ocr_par' dir='ltr' id='par_1_39' title="bbox 226 3111 1808 3186">
     <span class='ocr_line' id='line_1_39' title="bbox 226 3111 1808 3186; baseline -0.001 -19"><span class='ocrx_word' id='word_1_279' title='bbox 226 3112 517 3185; x_wconf 84' lang='grc' dir='ltr'><strong>’Δρειανὴν</strong></span> <span class='ocrx_word' id='word_1_280' title='bbox 560 3112 1029 3186; x_wconf 88' lang='grc' dir='ltr'><strong>δραματουργίαν,</strong></span> <span class='ocrx_word' id='word_1_281' title='bbox 1065 3112 1202 3167; x_wconf 85' lang='grc' dir='ltr'><strong>άλλὰ</strong></span> <span class='ocrx_word' id='word_1_282' title='bbox 1244 3111 1405 3184; x_wconf 82' lang='grc' dir='ltr'><strong>δῆθεν</strong></span> <span class='ocrx_word' id='word_1_283' title='bbox 1442 3112 1690 3167; x_wconf 78' lang='grc' dir='ltr'><strong>εὐσεϐεῖν</strong></span> <span class='ocrx_word' id='word_1_284' title='bbox 1719 3129 1808 3166; x_wconf 90' lang='grc' dir='ltr'><strong>νο-</strong></span> 
     </span>
    </p>
   </div>
   <div class='ocr_carea' id='block_1_40' title="bbox 215 3203 1809 3278">
    <p class='ocr_par' dir='ltr' id='par_1_40' title="bbox 215 3203 1809 3278">
     <span class='ocr_line' id='line_1_40' title="bbox 215 3203 1809 3278; baseline -0.001 -19"><span class='ocrx_word' id='word_1_285' title='bbox 215 3207 492 3278; x_wconf 79' lang='grc' dir='ltr'><strong>μίζοντος.</strong></span> <span class='ocrx_word' id='word_1_286' title='bbox 523 3205 599 3259; x_wconf 80' lang='grc' dir='ltr'><strong>Τὸ</strong></span> <span class='ocrx_word' id='word_1_287' title='bbox 624 3207 722 3278; x_wconf 84' lang='grc' dir='ltr'><strong>μὲν</strong></span> <span class='ocrx_word' id='word_1_288' title='bbox 752 3207 861 3278; x_wconf 83' lang='grc' dir='ltr'><strong>γὰρ</strong></span> <span class='ocrx_word' id='word_1_289' title='bbox 896 3206 1103 3278; x_wconf 87' lang='grc' dir='ltr'><strong>κτίσμα</strong></span> <span class='ocrx_word' id='word_1_290' title='bbox 1131 3206 1414 3278; x_wconf 77' lang='grc' dir='ltr'><strong>ὁμολογεῖν</strong></span> <span class='ocrx_word' id='word_1_291' title='bbox 1441 3205 1534 3260; x_wconf 78' lang='grc' dir='ltr'><strong>τὸν</strong></span> <span class='ocrx_word' id='word_1_292' title='bbox 1565 3205 1693 3259; x_wconf 82' lang='grc' dir='ltr'><strong>Υίὸν</strong></span> <span class='ocrx_word' id='word_1_293' title='bbox 1714 3203 1809 3258; x_wconf 88' lang='grc' dir='ltr'><strong>τοῦ</strong></span> 
     </span>
    </p>
   </div>
   <div class='ocr_carea' id='block_1_41' title="bbox 1915 1271 2120 1341">
    <p class='ocr_par' dir='ltr' id='par_1_41' title="bbox 1915 1271 2120 1341">
     <span class='ocr_line' id='line_1_41' title="bbox 1915 1271 2120 1341; baseline 0.01 -17"><span class='ocrx_word' id='word_1_294' title='bbox 1915 1271 2120 1341; x_wconf 90' lang='lat' dir='ltr'><strong>posuit.</strong></span> 
     </span>
    </p>
   </div>
   <div class='ocr_carea' id='block_1_42' title="bbox 1987 1362 3510 1438">
    <p class='ocr_par' dir='ltr' id='par_1_42' title="bbox 1987 1362 3510 1438">
     <span class='ocr_line' id='line_1_42' title="bbox 1987 1362 3510 1438; baseline 0.008 -23"><span class='ocrx_word' id='word_1_295' title='bbox 1987 1362 2193 1433; x_wconf 82' lang='lat' dir='ltr'><strong>Atque,</strong></span> <span class='ocrx_word' id='word_1_296' title='bbox 2230 1370 2291 1418; x_wconf 92' lang='lat' dir='ltr'><strong>ut</strong></span> <span class='ocrx_word' id='word_1_297' title='bbox 2327 1378 2565 1434; x_wconf 82' lang='lat' dir='ltr'><strong>ingenue</strong></span> <span class='ocrx_word' id='word_1_298' title='bbox 2592 1362 2788 1429; x_wconf 79' lang='lat' dir='ltr'><strong>fatear,</strong></span> <span class='ocrx_word' id='word_1_299' title='bbox 2822 1365 2964 1421; x_wconf 82' lang='lat' dir='ltr'><strong>Aetii</strong></span> <span class='ocrx_word' id='word_1_300' title='bbox 2997 1367 3184 1438; x_wconf 84' lang='lat' dir='ltr'><strong>hujus,</strong></span> <span class='ocrx_word' id='word_1_301' title='bbox 3218 1370 3335 1427; x_wconf 84' lang='lat' dir='ltr'><strong>sive</strong></span> <span class='ocrx_word' id='word_1_302' title='bbox 3367 1370 3510 1426; x_wconf 78' lang='lat' dir='ltr'><strong>Ano-</strong></span> 
     </span>
    </p>
   </div>
   <div class='ocr_carea' id='block_1_43' title="bbox 1915 1453 3512 1534">
    <p class='ocr_par' dir='ltr' id='par_1_43' title="bbox 1915 1453 3512 1534">
     <span class='ocr_line' id='line_1_43' title="bbox 1915 1453 3512 1534; baseline 0.007 -26"><span class='ocrx_word' id='word_1_303' title='bbox 1915 1453 2046 1510; x_wconf 71' lang='lat' dir='ltr'><strong>moei</strong></span> <span class='ocrx_word' id='word_1_304' title='bbox 2089 1454 2312 1510; x_wconf 87' lang='lat' dir='ltr'><strong>subtilis</strong></span> <span class='ocrx_word' id='word_1_305' title='bbox 2356 1456 2449 1510; x_wconf 90' lang='lat' dir='ltr'><strong>illa</strong></span> <span class='ocrx_word' id='word_1_306' title='bbox 2496 1455 2638 1511; x_wconf 85' lang='lat' dir='ltr'><strong>ratio</strong></span> <span class='ocrx_word' id='word_1_307' title='bbox 2675 1456 2802 1513; x_wconf 89' lang='lat' dir='ltr'><strong>illos</strong></span> <span class='ocrx_word' id='word_1_308' title='bbox 2847 1467 2996 1513; x_wconf 90' lang='lat' dir='ltr'><strong>recta</strong></span> <span class='ocrx_word' id='word_1_309' title='bbox 3034 1474 3098 1514; x_wconf 91' lang='lat' dir='ltr'><strong>ac</strong></span> <span class='ocrx_word' id='word_1_310' title='bbox 3133 1463 3328 1517; x_wconf 90' lang='lat' dir='ltr'><strong>merito</strong></span> <span class='ocrx_word' id='word_1_311' title='bbox 3374 1466 3512 1534; x_wconf 84' lang='lat' dir='ltr'><strong>petit</strong></span> 
     </span>
    </p>
   </div>
   <div class='ocr_carea' id='block_1_44' title="bbox 1915 1545 3509 1617">
    <p class='ocr_par' dir='ltr' id='par_1_44' title="bbox 1915 1545 3509 1617">
     <span class='ocr_line' id='line_1_44' title="bbox 1915 1545 3509 1617; baseline 0.007 -17"><span class='ocrx_word' id='word_1_312' title='bbox 1915 1547 2009 1617; x_wconf 89' lang='lat' dir='ltr'><strong>qui</strong></span> <span class='ocrx_word' id='word_1_313' title='bbox 2039 1545 2241 1602; x_wconf 88' lang='lat' dir='ltr'><strong>Filium</strong></span> <span class='ocrx_word' id='word_1_314' title='bbox 2288 1547 2384 1604; x_wconf 92' lang='lat' dir='ltr'><strong>Dei</strong></span> <span class='ocrx_word' id='word_1_315' title='bbox 2420 1557 2733 1604; x_wconf 88' lang='lat' dir='ltr'><strong>creaturam</strong></span> <span class='ocrx_word' id='word_1_316' title='bbox 2768 1565 2892 1606; x_wconf 87' lang='lat' dir='ltr'><strong>esse</strong></span> <span class='ocrx_word' id='word_1_317' title='bbox 2932 1551 3254 1608; x_wconf 74' lang='lat' dir='ltr'><strong>defendunt.</strong></span> <span class='ocrx_word' id='word_1_318' title='bbox 3291 1553 3509 1610; x_wconf 88' lang='lat' dir='ltr'><strong>Etenim</strong></span> 
     </span>
    </p>
   </div>
   <div class='ocr_carea' id='block_1_45' title="bbox 1916 1636 3508 1709">
    <p class='ocr_par' dir='ltr' id='par_1_45' title="bbox 1916 1636 3508 1709">
     <span class='ocr_line' id='line_1_45' title="bbox 1916 1636 3508 1709; baseline 0.004 -18"><span class='ocrx_word' id='word_1_319' title='bbox 1916 1636 2190 1709; x_wconf 87' lang='lat' dir='ltr'><strong>quidquid</strong></span> <span class='ocrx_word' id='word_1_320' title='bbox 2231 1647 2482 1694; x_wconf 89' lang='lat' dir='ltr'><strong>creatum</strong></span> <span class='ocrx_word' id='word_1_321' title='bbox 2523 1647 2629 1703; x_wconf 88' lang='lat' dir='ltr'><strong>est,</strong></span> <span class='ocrx_word' id='word_1_322' title='bbox 2667 1639 2905 1694; x_wconf 87' lang='lat' dir='ltr'><strong>creatori</strong></span> <span class='ocrx_word' id='word_1_323' title='bbox 2950 1654 3052 1694; x_wconf 90' lang='lat' dir='ltr'><strong>suo</strong></span> <span class='ocrx_word' id='word_1_324' title='bbox 3081 1639 3352 1696; x_wconf 89' lang='lat' dir='ltr'><strong>dissimile</strong></span> <span class='ocrx_word' id='word_1_325' title='bbox 3400 1650 3508 1708; x_wconf 87' lang='lat' dir='ltr'><strong>est,</strong></span> 
     </span>
    </p>
   </div>
   <div class='ocr_carea' id='block_1_46' title="bbox 1916 1729 3510 1802">
    <p class='ocr_par' dir='ltr' id='par_1_46' title="bbox 1916 1729 3510 1802">
     <span class='ocr_line' id='line_1_46' title="bbox 1916 1729 3510 1802; baseline 0.004 -19"><span class='ocrx_word' id='word_1_326' title='bbox 1916 1729 2139 1786; x_wconf 86' lang='lat' dir='ltr'><strong>tametsi</strong></span> <span class='ocrx_word' id='word_1_327' title='bbox 2175 1744 2274 1800; x_wconf 90' lang='lat' dir='ltr'><strong>per</strong></span> <span class='ocrx_word' id='word_1_328' title='bbox 2301 1729 2536 1801; x_wconf 77' lang='lat' dir='ltr'><strong>gratiam</strong></span> <span class='ocrx_word' id='word_1_329' title='bbox 2568 1730 2821 1785; x_wconf 87' lang='lat' dir='ltr'><strong>nonnihil</strong></span> <span class='ocrx_word' id='word_1_330' title='bbox 2857 1731 3230 1802; x_wconf 87' lang='lat' dir='ltr'><strong>assimiletur;</strong></span> <span class='ocrx_word' id='word_1_331' title='bbox 3263 1742 3320 1789; x_wconf 91' lang='lat' dir='ltr'><strong>et</strong></span> <span class='ocrx_word' id='word_1_332' title='bbox 3351 1749 3510 1791; x_wconf 88' lang='lat' dir='ltr'><strong>crea-</strong></span> 
     </span>
    </p>
   </div>
   <div class='ocr_carea' id='block_1_47' title="bbox 1916 1821 3512 1896">
    <p class='ocr_par' dir='ltr' id='par_1_47' title="bbox 1916 1821 3512 1896">
     <span class='ocr_line' id='line_1_47' title="bbox 1916 1821 3512 1896; baseline 0.004 -20"><span class='ocrx_word' id='word_1_333' title='bbox 1916 1829 2007 1876; x_wconf 92' lang='lat' dir='ltr'><strong>tor</strong></span> <span class='ocrx_word' id='word_1_334' title='bbox 2031 1822 2148 1891; x_wconf 89' lang='lat' dir='ltr'><strong>ipse</strong></span> <span class='ocrx_word' id='word_1_335' title='bbox 2200 1821 2282 1877; x_wconf 91' lang='lat' dir='ltr'><strong>rei</strong></span> <span class='ocrx_word' id='word_1_336' title='bbox 2334 1835 2366 1876; x_wconf 91' lang='lat' dir='ltr'><strong>a</strong></span> <span class='ocrx_word' id='word_1_337' title='bbox 2413 1836 2475 1877; x_wconf 90' lang='lat' dir='ltr'><strong>se</strong></span> <span class='ocrx_word' id='word_1_338' title='bbox 2522 1832 2720 1876; x_wconf 67' lang='lat' dir='ltr'><strong>creatae</strong></span> <span class='ocrx_word' id='word_1_339' title='bbox 2771 1821 3058 1878; x_wconf 87' lang='lat' dir='ltr'><strong>dissimilis</strong></span> <span class='ocrx_word' id='word_1_340' title='bbox 3094 1831 3202 1888; x_wconf 85' lang='lat' dir='ltr'><strong>est,</strong></span> <span class='ocrx_word' id='word_1_341' title='bbox 3259 1827 3512 1896; x_wconf 80' lang='lat' dir='ltr'><strong>quamvis</strong></span> 
     </span>
    </p>
   </div>
   <div class='ocr_carea' id='block_1_48' title="bbox 1853 1914 3514 1986">
    <p class='ocr_par' dir='ltr' id='par_1_48' title="bbox 1853 1914 3514 1986">
     <span class='ocr_line' id='line_1_48' title="bbox 1853 1914 3514 1986; baseline 0.002 -17"><span class='ocrx_word' id='word_1_342' title='bbox 1853 1927 1894 1981; x_wconf 74' lang='grc' dir='ltr'>Β</span> <span class='ocrx_word' id='word_1_343' title='bbox 1922 1915 2099 1972; x_wconf 80' lang='lat' dir='ltr'><strong>variis</strong></span> <span class='ocrx_word' id='word_1_344' title='bbox 2126 1929 2246 1970; x_wconf 91' lang='lat' dir='ltr'><strong>eam</strong></span> <span class='ocrx_word' id='word_1_345' title='bbox 2282 1914 2565 1971; x_wconf 87' lang='lat' dir='ltr'><strong>coloribus</strong></span> <span class='ocrx_word' id='word_1_346' title='bbox 2598 1915 2874 1986; x_wconf 80' lang='lat' dir='ltr'><strong>perpolire</strong></span> <span class='ocrx_word' id='word_1_347' title='bbox 2901 1916 3221 1982; x_wconf 88' lang='lat' dir='ltr'><strong>contendat,</strong></span> <span class='ocrx_word' id='word_1_348' title='bbox 3262 1918 3371 1975; x_wconf 89' lang='lat' dir='ltr'><strong>nisi</strong></span> <span class='ocrx_word' id='word_1_349' title='bbox 3405 1919 3514 1975; x_wconf 78' lang='lat' dir='ltr'><strong>elli-</strong></span> 
     </span>
    </p>
   </div>
   <div class='ocr_carea' id='block_1_49' title="bbox 1917 2005 3508 2082">
    <p class='ocr_par' dir='ltr' id='par_1_49' title="bbox 1917 2005 3508 2082">
     <span class='ocr_line' id='line_1_49' title="bbox 1917 2005 3508 2082; baseline 0.005 -22"><span class='ocrx_word' id='word_1_350' title='bbox 1917 2006 2061 2076; x_wconf 92' lang='lat' dir='ltr'><strong>giem</strong></span> <span class='ocrx_word' id='word_1_351' title='bbox 2116 2005 2413 2076; x_wconf 90' lang='lat' dir='ltr'><strong>quamdam</strong></span> <span class='ocrx_word' id='word_1_352' title='bbox 2474 2013 2528 2061; x_wconf 92' lang='lat' dir='ltr'><strong>et</strong></span> <span class='ocrx_word' id='word_1_353' title='bbox 2569 2005 3046 2063; x_wconf 88' lang='lat' dir='ltr'><strong>adumbrationem</strong></span> <span class='ocrx_word' id='word_1_354' title='bbox 3106 2008 3164 2063; x_wconf 86' lang='lat' dir='ltr'><strong>in</strong></span> <span class='ocrx_word' id='word_1_355' title='bbox 3212 2025 3302 2077; x_wconf 93' lang='lat' dir='ltr'><strong>eo,</strong></span> <span class='ocrx_word' id='word_1_356' title='bbox 3362 2013 3508 2082; x_wconf 88' lang='lat' dir='ltr'><strong>quod</strong></span> 
     </span>
    </p>
   </div>
   <div class='ocr_carea' id='block_1_50' title="bbox 1916 2092 3515 2168">
    <p class='ocr_par' dir='ltr' id='par_1_50' title="bbox 1916 2092 3515 2168">
     <span class='ocr_line' id='line_1_50' title="bbox 1916 2092 3515 2168; baseline 0.004 -18"><span class='ocrx_word' id='word_1_357' title='bbox 1916 2092 2244 2165; x_wconf 75' lang='lat' dir='ltr'><strong>expiessum</strong></span> <span class='ocrx_word' id='word_1_358' title='bbox 2297 2103 2405 2163; x_wconf 91' lang='lat' dir='ltr'><strong>est,</strong></span> <span class='ocrx_word' id='word_1_359' title='bbox 2450 2096 2634 2152; x_wconf 87' lang='lat' dir='ltr'><strong>inesse</strong></span> <span class='ocrx_word' id='word_1_360' title='bbox 2675 2096 2948 2163; x_wconf 88' lang='lat' dir='ltr'><strong>dicamus,</strong></span> <span class='ocrx_word' id='word_1_361' title='bbox 2985 2113 3110 2168; x_wconf 69' lang='lat' dir='ltr'><strong>qua:</strong></span> <span class='ocrx_word' id='word_1_362' title='bbox 3149 2099 3216 2155; x_wconf 86' lang='lat' dir='ltr'><strong>ad</strong></span> <span class='ocrx_word' id='word_1_363' title='bbox 3263 2111 3515 2157; x_wconf 89' lang='lat' dir='ltr'><strong>contem-</strong></span> 
     </span>
    </p>
   </div>
   <div class='ocr_carea' id='block_1_51' title="bbox 1919 2187 3513 2258">
    <p class='ocr_par' dir='ltr' id='par_1_51' title="bbox 1919 2187 3513 2258">
     <span class='ocr_line' id='line_1_51' title="bbox 1919 2187 3513 2258; baseline 0.006 -18"><span class='ocrx_word' id='word_1_364' title='bbox 1919 2187 2183 2257; x_wconf 90' lang='lat' dir='ltr'><strong>plationis</strong></span> <span class='ocrx_word' id='word_1_365' title='bbox 2259 2187 2625 2243; x_wconf 89' lang='lat' dir='ltr'><strong>imitationem</strong></span> <span class='ocrx_word' id='word_1_366' title='bbox 2689 2190 2946 2258; x_wconf 86' lang='lat' dir='ltr'><strong>pertinet.</strong></span> <span class='ocrx_word' id='word_1_367' title='bbox 3004 2189 3188 2256; x_wconf 88' lang='lat' dir='ltr'><strong>Quare</strong></span> <span class='ocrx_word' id='word_1_368' title='bbox 3243 2191 3513 2250; x_wconf 84' lang='lat' dir='ltr'><strong>adversus</strong></span> 
     </span>
    </p>
   </div>
   <div class='ocr_carea' id='block_1_52' title="bbox 1921 2278 3512 2352">
    <p class='ocr_par' dir='ltr' id='par_1_52' title="bbox 1921 2278 3512 2352">
     <span class='ocr_line' id='line_1_52' title="bbox 1921 2278 3512 2352; baseline 0.004 -18"><span class='ocrx_word' id='word_1_369' title='bbox 1921 2281 2182 2342; x_wconf 85' lang='lat' dir='ltr'><strong>Arianos,</strong></span> <span class='ocrx_word' id='word_1_370' title='bbox 2215 2279 2308 2350; x_wconf 89' lang='lat' dir='ltr'><strong>qui</strong></span> <span class='ocrx_word' id='word_1_371' title='bbox 2337 2278 2428 2334; x_wconf 89' lang='lat' dir='ltr'><strong>Dei</strong></span> <span class='ocrx_word' id='word_1_372' title='bbox 2462 2278 2660 2332; x_wconf 83' lang='lat' dir='ltr'><strong>Filium</strong></span> <span class='ocrx_word' id='word_1_373' title='bbox 2688 2289 2933 2335; x_wconf 86' lang='lat' dir='ltr'><strong>creatum</strong></span> <span class='ocrx_word' id='word_1_374' title='bbox 2965 2297 3089 2337; x_wconf 89' lang='lat' dir='ltr'><strong>esse</strong></span> <span class='ocrx_word' id='word_1_375' title='bbox 3113 2293 3328 2352; x_wconf 88' lang='lat' dir='ltr'><strong>putant,</strong></span> <span class='ocrx_word' id='word_1_376' title='bbox 3361 2284 3512 2343; x_wconf 82' lang='lat' dir='ltr'><strong>illius</strong></span> 
     </span>
    </p>
   </div>
   <div class='ocr_carea' id='block_1_53' title="bbox 1923 2368 3513 2440">
    <p class='ocr_par' dir='ltr' id='par_1_53' title="bbox 1923 2368 3513 2440">
     <span class='ocr_line' id='line_1_53' title="bbox 1923 2368 3513 2440; baseline 0.004 -16"><span class='ocrx_word' id='word_1_377' title='bbox 1923 2369 2256 2440; x_wconf 84' lang='lat' dir='ltr'><strong>procedebat</strong></span> <span class='ocrx_word' id='word_1_378' title='bbox 2287 2370 2450 2434; x_wconf 83' lang='lat' dir='ltr'><strong>ratio,</strong></span> <span class='ocrx_word' id='word_1_379' title='bbox 2476 2368 2643 2440; x_wconf 77' lang='lat'><strong>916</strong></span> <span class='ocrx_word' id='word_1_380' title='bbox 2675 2370 2820 2425; x_wconf 92' lang='lat' dir='ltr'><strong>unde</strong></span> <span class='ocrx_word' id='word_1_381' title='bbox 2847 2380 3063 2440; x_wconf 87' lang='lat' dir='ltr'><strong>postea,</strong></span> <span class='ocrx_word' id='word_1_382' title='bbox 3095 2388 3220 2428; x_wconf 89' lang='lat' dir='ltr'><strong>cum</strong></span> <span class='ocrx_word' id='word_1_383' title='bbox 3248 2375 3319 2430; x_wconf 90' lang='lat' dir='ltr'><strong>ab</strong></span> <span class='ocrx_word' id='word_1_384' title='bbox 3349 2373 3513 2430; x_wconf 79' lang='lat' dir='ltr'><strong>Aria-</strong></span> 
     </span>
    </p>
   </div>
   <div class='ocr_carea' id='block_1_54' title="bbox 1918 2459 3516 2534">
    <p class='ocr_par' dir='ltr' id='par_1_54' title="bbox 1918 2459 3516 2534">
     <span class='ocr_line' id='line_1_54' title="bbox 1918 2459 3516 2534; baseline 0.004 -18"><span class='ocrx_word' id='word_1_385' title='bbox 1918 2462 2008 2518; x_wconf 89' lang='lat' dir='ltr'><strong>nis</strong></span> <span class='ocrx_word' id='word_1_386' title='bbox 2037 2462 2197 2532; x_wconf 84' lang='lat' dir='ltr'><strong>ipsis,</strong></span> <span class='ocrx_word' id='word_1_387' title='bbox 2235 2460 2342 2516; x_wconf 88' lang='lat' dir='ltr'><strong>hoc</strong></span> <span class='ocrx_word' id='word_1_388' title='bbox 2381 2467 2468 2516; x_wconf 92' lang='lat' dir='ltr'><strong>est</strong></span> <span class='ocrx_word' id='word_1_389' title='bbox 2511 2459 2762 2515; x_wconf 79' lang='lat' dir='ltr'><strong>Eudoxio</strong></span> <span class='ocrx_word' id='word_1_390' title='bbox 2809 2469 2862 2516; x_wconf 92' lang='lat' dir='ltr'><strong>et</strong></span> <span class='ocrx_word' id='word_1_391' title='bbox 2905 2461 3222 2534; x_wconf 83' lang='lat' dir='ltr'><strong>Menophilo</strong></span> <span class='ocrx_word' id='word_1_392' title='bbox 3259 2480 3323 2521; x_wconf 89' lang='lat' dir='ltr'><strong>ac</strong></span> <span class='ocrx_word' id='word_1_393' title='bbox 3385 2467 3516 2523; x_wconf 81' lang='lat' dir='ltr'><strong>reli-</strong></span> 
     </span>
    </p>
   </div>
   <div class='ocr_carea' id='block_1_55' title="bbox 1917 2551 3511 2625">
    <p class='ocr_par' dir='ltr' id='par_1_55' title="bbox 1917 2551 3511 2625">
     <span class='ocr_line' id='line_1_55' title="bbox 1917 2551 3511 2625; baseline 0.003 -18"><span class='ocrx_word' id='word_1_394' title='bbox 1917 2553 2082 2625; x_wconf 89' lang='lat' dir='ltr'><strong>quis,</strong></span> <span class='ocrx_word' id='word_1_395' title='bbox 2119 2551 2514 2608; x_wconf 90' lang='lat' dir='ltr'><strong>communione</strong></span> <span class='ocrx_word' id='word_1_396' title='bbox 2540 2552 2794 2622; x_wconf 90' lang='lat' dir='ltr'><strong>privatus</strong></span> <span class='ocrx_word' id='word_1_397' title='bbox 2842 2564 3008 2619; x_wconf 86' lang='lat' dir='ltr'><strong>esset,</strong></span> <span class='ocrx_word' id='word_1_398' title='bbox 3053 2557 3275 2612; x_wconf 85' lang='lat' dir='ltr'><strong>eosdem</strong></span> <span class='ocrx_word' id='word_1_399' title='bbox 3325 2573 3511 2614; x_wconf 89' lang='lat' dir='ltr'><strong>coram</strong></span> 
     </span>
    </p>
   </div>
   <div class='ocr_carea' id='block_1_56' title="bbox 1920 2645 3513 2721">
    <p class='ocr_par' dir='ltr' id='par_1_56' title="bbox 1920 2645 3513 2721">
     <span class='ocr_line' id='line_1_56' title="bbox 1920 2645 3513 2721; baseline 0.004 -21"><span class='ocrx_word' id='word_1_400' title='bbox 1920 2645 2259 2717; x_wconf 85' lang='lat' dir='ltr'><strong>imperatore</strong></span> <span class='ocrx_word' id='word_1_401' title='bbox 2305 2645 2612 2715; x_wconf 78' lang='lat' dir='ltr'><strong>redarguit,</strong></span> <span class='ocrx_word' id='word_1_402' title='bbox 2673 2659 2933 2702; x_wconf 86' lang='lat' dir='ltr'><strong>asserens</strong></span> <span class='ocrx_word' id='word_1_403' title='bbox 2969 2647 3113 2703; x_wconf 90' lang='lat' dir='ltr'><strong>idem</strong></span> <span class='ocrx_word' id='word_1_404' title='bbox 3174 2665 3235 2706; x_wconf 89' lang='lat' dir='ltr'><strong>se</strong></span> <span class='ocrx_word' id='word_1_405' title='bbox 3269 2650 3513 2721; x_wconf 86' lang='lat' dir='ltr'><strong>prollteri</strong></span> 
     </span>
    </p>
   </div>
   <div class='ocr_carea' id='block_1_57' title="bbox 1919 2725 3510 2814">
    <p class='ocr_par' dir='ltr' id='par_1_57' title="bbox 1919 2725 3510 2814">
     <span class='ocr_line' id='line_1_57' title="bbox 1919 2725 3510 2814; baseline 0.004 -22"><span class='ocrx_word' id='word_1_406' title='bbox 1919 2752 1985 2793; x_wconf 90' lang='lat' dir='ltr'><strong>ac</strong></span> <span class='ocrx_word' id='word_1_407' title='bbox 2035 2739 2244 2795; x_wconf 90' lang='lat' dir='ltr'><strong>sentire</strong></span> <span class='ocrx_word' id='word_1_408' title='bbox 2278 2753 2405 2793; x_wconf 92' lang='lat' dir='ltr'><strong>cum</strong></span> <span class='ocrx_word' id='word_1_409' title='bbox 2442 2739 2553 2794; x_wconf 88' lang='lat' dir='ltr'><strong>illis</strong></span> <span class='ocrx_word' id='word_1_410' title='bbox 2599 2725 2862 2795; x_wconf 88' lang='lat' dir='ltr'><strong>omnibus</strong></span> <span class='ocrx_word' id='word_1_411' title='bbox 2892 2758 2906 2795; x_wconf 90' lang='lat'><strong>:</strong></span> <span class='ocrx_word' id='word_1_412' title='bbox 2945 2738 3169 2808; x_wconf 85' lang='lat' dir='ltr'><strong>Verum,</strong></span> <span class='ocrx_word' id='word_1_413' title='bbox 3204 2743 3510 2814; x_wconf 77' lang='lat' dir='ltr'><strong>inquiebat,</strong></span> 
     </span>
    </p>
   </div>
   <div class='ocr_carea' id='block_1_58' title="bbox 1919 2830 3516 2904">
    <p class='ocr_par' dir='ltr' id='par_1_58' title="bbox 1919 2830 3516 2904">
     <span class='ocr_line' id='line_1_58' title="bbox 1919 2830 3516 2904; baseline 0.006 -20"><span class='ocrx_word' id='word_1_414' title='bbox 1919 2830 2066 2901; x_wconf 91' lang='lat' dir='ltr'><strong>quod</strong></span> <span class='ocrx_word' id='word_1_415' title='bbox 2115 2846 2287 2901; x_wconf 91' lang='lat' dir='ltr'><strong>penes</strong></span> <span class='ocrx_word' id='word_1_416' title='bbox 2336 2845 2424 2886; x_wconf 93' lang='lat' dir='ltr'><strong>me</strong></span> <span class='ocrx_word' id='word_1_417' title='bbox 2475 2845 2667 2885; x_wconf 86' lang='lat' dir='ltr'><strong>verum</strong></span> <span class='ocrx_word' id='word_1_418' title='bbox 2723 2839 2829 2897; x_wconf 88' lang='lat' dir='ltr'><strong>est,</strong></span> <span class='ocrx_word' id='word_1_419' title='bbox 2885 2832 2976 2888; x_wconf 91' lang='lat' dir='ltr'><strong>isti</strong></span> <span class='ocrx_word' id='word_1_420' title='bbox 3024 2833 3408 2904; x_wconf 85' lang='lat' dir='ltr'><strong>dissimulant;</strong></span> <span class='ocrx_word' id='word_1_421' title='bbox 3459 2846 3516 2894; x_wconf 88' lang='lat' dir='ltr'><strong>et</strong></span> 
     </span>
    </p>
   </div>
   <div class='ocr_carea' id='block_1_59' title="bbox 1917 2921 3514 2995">
    <p class='ocr_par' dir='ltr' id='par_1_59' title="bbox 1917 2921 3514 2995">
     <span class='ocr_line' id='line_1_59' title="bbox 1917 2921 3514 2995; baseline 0.003 -17"><span class='ocrx_word' id='word_1_422' title='bbox 1917 2924 2064 2993; x_wconf 85' lang='lat' dir='ltr'><strong>quod</strong></span> <span class='ocrx_word' id='word_1_423' title='bbox 2115 2938 2220 2994; x_wconf 92' lang='lat' dir='ltr'><strong>ego</strong></span> <span class='ocrx_word' id='word_1_424' title='bbox 2267 2938 2383 2994; x_wconf 63' lang='lat' dir='ltr'><strong>pra:</strong></span> <span class='ocrx_word' id='word_1_425' title='bbox 2431 2938 2520 2978; x_wconf 91' lang='lat' dir='ltr'><strong>me</strong></span> <span class='ocrx_word' id='word_1_426' title='bbox 2571 2921 2695 2978; x_wconf 79' lang='lat' dir='ltr'><strong>fero</strong></span> <span class='ocrx_word' id='word_1_427' title='bbox 2736 2938 2802 2978; x_wconf 90' lang='lat' dir='ltr'><strong>ac</strong></span> <span class='ocrx_word' id='word_1_428' title='bbox 2864 2925 3043 2995; x_wconf 89' lang='lat' dir='ltr'><strong>palam</strong></span> <span class='ocrx_word' id='word_1_429' title='bbox 3094 2924 3384 2992; x_wconf 79' lang='lat' dir='ltr'><strong>conﬁteor,</strong></span> <span class='ocrx_word' id='word_1_430' title='bbox 3435 2929 3514 2983; x_wconf 91' lang='lat' dir='ltr'><strong>illi</strong></span> 
     </span>
    </p>
   </div>
   <div class='ocr_carea' id='block_1_60' title="bbox 1917 3015 3513 3090">
    <p class='ocr_par' dir='ltr' id='par_1_60' title="bbox 1917 3015 3513 3090">
     <span class='ocr_line' id='line_1_60' title="bbox 1917 3015 3513 3090; baseline 0.003 -19"><span class='ocrx_word' id='word_1_431' title='bbox 1917 3031 2111 3071; x_wconf 84' lang='lat' dir='ltr'><strong>omnes</strong></span> <span class='ocrx_word' id='word_1_432' title='bbox 2158 3031 2270 3070; x_wconf 92' lang='lat' dir='ltr'><strong>non</strong></span> <span class='ocrx_word' id='word_1_433' title='bbox 2312 3015 2635 3081; x_wconf 85' lang='lat' dir='ltr'><strong>dillitentur,</strong></span> <span class='ocrx_word' id='word_1_434' title='bbox 2674 3015 2770 3070; x_wconf 91' lang='lat' dir='ltr'><strong>sed</strong></span> <span class='ocrx_word' id='word_1_435' title='bbox 2819 3015 3196 3072; x_wconf 83' lang='lat' dir='ltr'><strong>fraudulenter</strong></span> <span class='ocrx_word' id='word_1_436' title='bbox 3225 3017 3513 3090; x_wconf 91' lang='lat' dir='ltr'><strong>obtegunt.</strong></span> 
     </span>
    </p>
   </div>
   <div class='ocr_carea' id='block_1_61' title="bbox 1918 3103 3516 3180">
    <p class='ocr_par' dir='ltr' id='par_1_61' title="bbox 1918 3103 3516 3180">
     <span class='ocr_line' id='line_1_61' title="bbox 1918 3103 3516 3180; baseline 0.004 -22"><span class='ocrx_word' id='word_1_437' title='bbox 1918 3103 2131 3161; x_wconf 87' lang='lat' dir='ltr'><strong>Etenim</strong></span> <span class='ocrx_word' id='word_1_438' title='bbox 2164 3104 2260 3174; x_wconf 92' lang='lat' dir='ltr'><strong>qui</strong></span> <span class='ocrx_word' id='word_1_439' title='bbox 2295 3113 2414 3160; x_wconf 91' lang='lat' dir='ltr'><strong>tum</strong></span> <span class='ocrx_word' id='word_1_440' title='bbox 2455 3105 2781 3177; x_wconf 88' lang='lat' dir='ltr'><strong>imperabat,</strong></span> <span class='ocrx_word' id='word_1_441' title='bbox 2834 3105 2903 3161; x_wconf 89' lang='lat' dir='ltr'><strong>ab</strong></span> <span class='ocrx_word' id='word_1_442' title='bbox 2945 3105 3149 3162; x_wconf 85' lang='lat' dir='ltr'><strong>Ariana</strong></span> <span class='ocrx_word' id='word_1_443' title='bbox 3189 3109 3281 3164; x_wconf 87' lang='lat' dir='ltr'><strong>illa</strong></span> <span class='ocrx_word' id='word_1_444' title='bbox 3318 3118 3516 3180; x_wconf 73' lang='lat' dir='ltr'><strong>tragoe-</strong></span> 
     </span>
    </p>
   </div>
   <div class='ocr_carea' id='block_1_62' title="bbox 1917 3197 3512 3271">
    <p class='ocr_par' dir='ltr' id='par_1_62' title="bbox 1917 3197 3512 3271">
     <span class='ocr_line' id='line_1_62' title="bbox 1917 3197 3512 3271; baseline 0.003 -19"><span class='ocrx_word' id='word_1_445' title='bbox 1917 3197 2008 3253; x_wconf 89' lang='lat' dir='ltr'><strong>dia</strong></span> <span class='ocrx_word' id='word_1_446' title='bbox 2041 3212 2393 3268; x_wconf 87' lang='lat' dir='ltr'><strong>nequaquam</strong></span> <span class='ocrx_word' id='word_1_447' title='bbox 2428 3197 2778 3264; x_wconf 85' lang='lat' dir='ltr'><strong>abhorrebat,</strong></span> <span class='ocrx_word' id='word_1_448' title='bbox 2820 3197 2916 3253; x_wconf 92' lang='lat' dir='ltr'><strong>sed</strong></span> <span class='ocrx_word' id='word_1_449' title='bbox 2965 3198 3021 3252; x_wconf 92' lang='lat' dir='ltr'><strong>in</strong></span> <span class='ocrx_word' id='word_1_450' title='bbox 3053 3213 3114 3254; x_wconf 88' lang='lat' dir='ltr'><strong>ea</strong></span> <span class='ocrx_word' id='word_1_451' title='bbox 3149 3201 3351 3256; x_wconf 92' lang='lat' dir='ltr'><strong>tuenda</strong></span> <span class='ocrx_word' id='word_1_452' title='bbox 3392 3203 3512 3271; x_wconf 84' lang='lat' dir='ltr'><strong>pie-</strong></span> 
     </span>
    </p>
   </div>
   <div class='ocr_carea' id='block_1_63' title="bbox 211 3281 1811 3370">
    <p class='ocr_par' dir='ltr' id='par_1_63' title="bbox 211 3295 1809 3370">
     <span class='ocr_line' id='line_1_63' title="bbox 211 3295 1809 3370; baseline -0.001 -20"><span class='ocrx_word' id='word_1_453' title='bbox 211 3295 354 3350; x_wconf 88' lang='grc' dir='ltr'><strong>Θεοῦ</strong></span> <span class='ocrx_word' id='word_1_454' title='bbox 398 3296 860 3370; x_wconf 84' lang='grc' dir='ltr'><strong>παραιτούμενος,</strong></span> <span class='ocrx_word' id='word_1_455' title='bbox 915 3297 1239 3369; x_wconf 72' lang='grc' dir='ltr'><strong>ἠγανάκτει,</strong></span> <span class='ocrx_word' id='word_1_456' title='bbox 1290 3297 1386 3352; x_wconf 77' lang='grc' dir='ltr'><strong>καὶ</strong></span> <span class='ocrx_word' id='word_1_457' title='bbox 1427 3298 1510 3362; x_wconf 91' lang='grc' dir='ltr'><strong>εἰς</strong></span> <span class='ocrx_word' id='word_1_458' title='bbox 1552 3297 1809 3368; x_wconf 88' lang='grc' dir='ltr'><strong>ὑπερορι-</strong></span> 
     </span>
    </p>
   </div>
   <div class='ocr_carea' id='block_1_64' title="bbox 1921 3281 3514 3370">
    <p class='ocr_par' dir='ltr' id='par_1_64' title="bbox 1921 3287 3514 3359">
     <span class='ocr_line' id='line_1_64' title="bbox 1921 3287 3514 3359; baseline 0.005 -19"><span class='ocrx_word' id='word_1_459' title='bbox 1921 3297 2082 3343; x_wconf 79' lang='lat' dir='ltr'><strong>tatem</strong></span> <span class='ocrx_word' id='word_1_460' title='bbox 2134 3302 2200 3342; x_wconf 92' lang='lat' dir='ltr'><strong>ac</strong></span> <span class='ocrx_word' id='word_1_461' title='bbox 2223 3287 2547 3358; x_wconf 77' lang='lat' dir='ltr'><strong>religionem</strong></span> <span class='ocrx_word' id='word_1_462' title='bbox 2578 3288 2764 3343; x_wconf 89' lang='lat' dir='ltr'><strong>inesse</strong></span> <span class='ocrx_word' id='word_1_463' title='bbox 2794 3288 2898 3342; x_wconf 88' lang='lat' dir='ltr'><strong>sibi</strong></span> <span class='ocrx_word' id='word_1_464' title='bbox 2926 3298 3302 3359; x_wconf 85' lang='lat' dir='ltr'><strong>persuaserat.</strong></span> <span class='ocrx_word' id='word_1_465' title='bbox 3336 3291 3514 3348; x_wconf 69' lang='lat' dir='ltr'><strong>[demo</strong></span> 
     </span>
    </p>
   </div>
   <div class='ocr_carea' id='block_1_65' title="bbox 213 3387 1394 3462">
    <p class='ocr_par' dir='ltr' id='par_1_65' title="bbox 213 3387 1394 3462">
     <span class='ocr_line' id='line_1_65' title="bbox 213 3387 1394 3462; baseline 0.003 -20"><span class='ocrx_word' id='word_1_466' title='bbox 213 3387 356 3459; x_wconf 86' lang='grc' dir='ltr'><strong>σμὸν</strong></span> <span class='ocrx_word' id='word_1_467' title='bbox 379 3387 700 3456; x_wconf 73' lang='grc' dir='ltr'><strong>κατέταξεν,</strong></span> <span class='ocrx_word' id='word_1_468' title='bbox 730 3388 806 3454; x_wconf 86' lang='grc' dir='ltr'><strong>ὡς</strong></span> <span class='ocrx_word' id='word_1_469' title='bbox 832 3389 945 3444; x_wconf 83' lang='grc' dir='ltr'><strong>ἅνω</strong></span> <span class='ocrx_word' id='word_1_470' title='bbox 973 3388 1394 3462; x_wconf 82' lang='grc' dir='ltr'><strong>προδεδήλωται.</strong></span> 
     </span>
    </p>
   </div>
   <div class='ocr_carea' id='block_1_66' title="bbox 287 3651 1810 3726">
    <p class='ocr_par' dir='ltr' id='par_1_66' title="bbox 287 3651 1810 3726">
     <span class='ocr_line' id='line_1_66' title="bbox 287 3651 1810 3726; baseline 0 -19"><span class='ocrx_word' id='word_1_471' title='bbox 287 3655 363 3708; x_wconf 87' lang='grc' dir='ltr'><strong>Δ¹.</strong></span> <span class='ocrx_word' id='word_1_472' title='bbox 405 3651 686 3708; x_wconf 74' lang='grc' dir='ltr'><strong>Ἐντεῦθεν</strong></span> <span class='ocrx_word' id='word_1_473' title='bbox 719 3653 864 3726; x_wconf 84' lang='grc' dir='ltr'><strong>ἀρχὴ</strong></span> <span class='ocrx_word' id='word_1_474' title='bbox 906 3654 1008 3722; x_wconf 82' lang='grc' dir='ltr'><strong>τῆς</strong></span> <span class='ocrx_word' id='word_1_475' title='bbox 1054 3653 1322 3726; x_wconf 88' lang='grc' dir='ltr'><strong>αἱρέσεως</strong></span> <span class='ocrx_word' id='word_1_476' title='bbox 1364 3652 1678 3725; x_wconf 80' lang='grc' dir='ltr'><strong>γεγένηται·</strong></span> <span class='ocrx_word' id='word_1_477' title='bbox 1713 3653 1810 3708; x_wconf 76' lang='grc' dir='ltr'><strong>καὶ</strong></span> 
     </span>
    </p>
   </div>
   <div class='ocr_carea' id='block_1_67' title="bbox 1909 3378 3510 3450">
    <p class='ocr_par' dir='ltr' id='par_1_67' title="bbox 1909 3378 3510 3450">
     <span class='ocr_line' id='line_1_67' title="bbox 1909 3378 3510 3450; baseline 0.003 -17"><span class='ocrx_word' id='word_1_478' title='bbox 1909 3395 2018 3450; x_wconf 93' lang='lat' dir='ltr'><strong>que</strong></span> <span class='ocrx_word' id='word_1_479' title='bbox 2051 3378 2253 3434; x_wconf 83' lang='lat' dir='ltr'><strong>Filium</strong></span> <span class='ocrx_word' id='word_1_480' title='bbox 2283 3387 2597 3434; x_wconf 91' lang='lat' dir='ltr'><strong>creaturam</strong></span> <span class='ocrx_word' id='word_1_481' title='bbox 2643 3394 2772 3435; x_wconf 88' lang='lat' dir='ltr'><strong>esse</strong></span> <span class='ocrx_word' id='word_1_482' title='bbox 2813 3378 2922 3434; x_wconf 92' lang='lat' dir='ltr'><strong>dici</strong></span> <span class='ocrx_word' id='word_1_483' title='bbox 2958 3380 3248 3437; x_wconf 90' lang='lat' dir='ltr'><strong>molestius</strong></span> <span class='ocrx_word' id='word_1_484' title='bbox 3279 3382 3510 3450; x_wconf 75' lang='lat' dir='ltr'><strong>ferebat,</strong></span> 
     </span>
    </p>
   </div>
   <div class='ocr_carea' id='block_1_68' title="bbox 1911 3471 3512 3546">
    <p class='ocr_par' dir='ltr' id='par_1_68' title="bbox 1911 3471 3512 3546">
     <span class='ocr_line' id='line_1_68' title="bbox 1911 3471 3512 3546; baseline 0.002 -19"><span class='ocrx_word' id='word_1_485' title='bbox 1911 3472 2254 3542; x_wconf 86' lang='lat' dir='ltr'><strong>proindeque</strong></span> <span class='ocrx_word' id='word_1_486' title='bbox 2303 3471 2525 3525; x_wconf 87' lang='lat' dir='ltr'><strong>Aelium</strong></span> <span class='ocrx_word' id='word_1_487' title='bbox 2577 3471 2632 3526; x_wconf 92' lang='lat' dir='ltr'><strong>in</strong></span> <span class='ocrx_word' id='word_1_488' title='bbox 2668 3471 2926 3527; x_wconf 89' lang='lat' dir='ltr'><strong>exsilium</strong></span> <span class='ocrx_word' id='word_1_489' title='bbox 2970 3473 3204 3544; x_wconf 88' lang='lat' dir='ltr'><strong>relegari</strong></span> <span class='ocrx_word' id='word_1_490' title='bbox 3227 3473 3416 3546; x_wconf 82' lang='lat' dir='ltr'><strong>jussit,</strong></span> <span class='ocrx_word' id='word_1_491' title='bbox 3451 3483 3512 3530; x_wconf 87' lang='lat' dir='ltr'><strong>ut</strong></span> 
     </span>
    </p>
   </div>
   <div class='ocr_carea' id='block_1_69' title="bbox 1917 3562 2478 3619">
    <p class='ocr_par' dir='ltr' id='par_1_69' title="bbox 1917 3562 2478 3619">
     <span class='ocr_line' id='line_1_69' title="bbox 1917 3562 2478 3619; baseline -0.005 0"><span class='ocrx_word' id='word_1_492' title='bbox 1917 3572 2078 3619; x_wconf 88' lang='lat' dir='ltr'><strong>antea</strong></span> <span class='ocrx_word' id='word_1_493' title='bbox 2110 3562 2478 3619; x_wconf 83' lang='lat' dir='ltr'><strong>narravimus.</strong></span> 
     </span>
    </p>
   </div>
   <div class='ocr_carea' id='block_1_70' title="bbox 1982 3652 3512 3734">
    <p class='ocr_par' dir='ltr' id='par_1_70' title="bbox 1982 3652 3512 3734">
     <span class='ocr_line' id='line_1_70' title="bbox 1982 3652 3512 3734; baseline 0.001 -26"><span class='ocrx_word' id='word_1_494' title='bbox 1982 3653 2074 3708; x_wconf 82' lang='lat' dir='ltr'><strong>IV.</strong></span> <span class='ocrx_word' id='word_1_495' title='bbox 2115 3653 2256 3709; x_wconf 79' lang='lat' dir='ltr'><strong>Hinc</strong></span> <span class='ocrx_word' id='word_1_496' title='bbox 2297 3668 2453 3708; x_wconf 70' lang='lat' dir='ltr'><strong>novae</strong></span> <span class='ocrx_word' id='word_1_497' title='bbox 2488 3652 2716 3710; x_wconf 70' lang='lat' dir='ltr'><strong>haeresis</strong></span> <span class='ocrx_word' id='word_1_498' title='bbox 2751 3652 3053 3725; x_wconf 87' lang='lat' dir='ltr'><strong>primordia</strong></span> <span class='ocrx_word' id='word_1_499' title='bbox 3081 3654 3322 3711; x_wconf 84' lang='lat' dir='ltr'><strong>conﬂata</strong></span> <span class='ocrx_word' id='word_1_500' title='bbox 3357 3665 3512 3734; x_wconf 64' lang='lat' dir='ltr'><strong>sunt,</strong></span> 
     </span>
    </p>
   </div>
   <div class='ocr_carea' id='block_1_71' title="bbox 209 3743 1811 3816">
    <p class='ocr_par' dir='ltr' id='par_1_71' title="bbox 209 3743 1810 3816">
     <span class='ocr_line' id='line_1_71' title="bbox 209 3743 1810 3816; baseline 0 -18"><span class='ocrx_word' id='word_1_501' title='bbox 209 3744 327 3798; x_wconf 75' lang='grc' dir='ltr'><strong>ἀπὸ</strong></span> <span class='ocrx_word' id='word_1_502' title='bbox 360 3743 457 3814; x_wconf 83' lang='grc' dir='ltr'><strong>τῆς</strong></span> <span class='ocrx_word' id='word_1_503' title='bbox 507 3745 637 3814; x_wconf 76' lang='grc' dir='ltr'><strong>μιᾶς</strong></span> <span class='ocrx_word' id='word_1_504' title='bbox 682 3744 996 3809; x_wconf 82' lang='grc' dir='ltr'><strong>ὑποθέσεως</strong></span> <span class='ocrx_word' id='word_1_505' title='bbox 1033 3746 1115 3808; x_wconf 86' lang='grc' dir='ltr'><strong>είς</strong></span> <span class='ocrx_word' id='word_1_506' title='bbox 1147 3744 1354 3816; x_wconf 83' lang='grc' dir='ltr'><strong>πολλὴν</strong></span> <span class='ocrx_word' id='word_1_507' title='bbox 1399 3743 1587 3798; x_wconf 85' lang='grc' dir='ltr'><strong>κακῶν</strong></span> <span class='ocrx_word' id='word_1_508' title='bbox 1635 3743 1810 3816; x_wconf 82' lang='grc' dir='ltr'><strong>φορὰν</strong></span> 
     </span>
    </p>
   </div>
   <div class='ocr_carea' id='block_1_72' title="bbox 1921 3743 3516 3816">
    <p class='ocr_par' dir='ltr' id='par_1_72' title="bbox 1921 3744 3516 3814">
     <span class='ocr_line' id='line_1_72' title="bbox 1921 3744 3516 3814; baseline 0.003 -17"><span class='ocrx_word' id='word_1_509' title='bbox 1921 3751 2073 3814; x_wconf 75' lang='lat' dir='ltr'><strong>itque</strong></span> <span class='ocrx_word' id='word_1_510' title='bbox 2099 3759 2165 3798; x_wconf 93' lang='lat' dir='ltr'><strong>ex</strong></span> <span class='ocrx_word' id='word_1_511' title='bbox 2195 3744 2300 3798; x_wconf 89' lang='lat' dir='ltr'><strong>hoc</strong></span> <span class='ocrx_word' id='word_1_512' title='bbox 2332 3757 2444 3798; x_wconf 92' lang='lat' dir='ltr'><strong>uno</strong></span> <span class='ocrx_word' id='word_1_513' title='bbox 2469 3752 2797 3814; x_wconf 86' lang='lat' dir='ltr'><strong>argumento</strong></span> <span class='ocrx_word' id='word_1_514' title='bbox 2839 3744 3207 3814; x_wconf 88' lang='lat' dir='ltr'><strong>multiplicem</strong></span> <span class='ocrx_word' id='word_1_515' title='bbox 3243 3745 3311 3800; x_wconf 93' lang='lat' dir='ltr'><strong>ad</strong></span> <span class='ocrx_word' id='word_1_516' title='bbox 3343 3747 3516 3802; x_wconf 89' lang='lat' dir='ltr'><strong>malo-</strong></span> 
     </span>
    </p>
   </div>
   <div class='ocr_carea' id='block_1_73' title="bbox 211 3833 1811 3908">
    <p class='ocr_par' dir='ltr' id='par_1_73' title="bbox 211 3833 1806 3908">
     <span class='ocr_line' id='line_1_73' title="bbox 211 3833 1806 3908; baseline -0.003 -18"><span class='ocrx_word' id='word_1_517' title='bbox 211 3834 407 3907; x_wconf 79' lang='grc' dir='ltr'><strong>ἀρθεὶς</strong></span> <span class='ocrx_word' id='word_1_518' title='bbox 436 3836 464 3888; x_wconf 89' lang='grc' dir='ltr'><strong>ό</strong></span> <span class='ocrx_word' id='word_1_519' title='bbox 494 3833 633 3906; x_wconf 76' lang='grc' dir='ltr'><strong>ἀνὴρ</strong></span> <span class='ocrx_word' id='word_1_520' title='bbox 663 3835 764 3906; x_wconf 83' lang='grc' dir='ltr'><strong>τὴν</strong></span> <span class='ocrx_word' id='word_1_521' title='bbox 791 3833 1054 3899; x_wconf 90' lang='grc' dir='ltr'><strong>διάνοιαν,</strong></span> <span class='ocrx_word' id='word_1_522' title='bbox 1089 3835 1280 3899; x_wconf 90' lang='grc' dir='ltr'><strong>δεινῶς</strong></span> <span class='ocrx_word' id='word_1_523' title='bbox 1314 3837 1660 3908; x_wconf 83' lang='grc' dir='ltr'><strong>κατέτρωσεν</strong></span> <span class='ocrx_word' id='word_1_524' title='bbox 1683 3837 1806 3889; x_wconf 79' lang='grc' dir='ltr'><strong>ἐαυο</strong></span> 
     </span>
    </p>
   </div>
   <div class='ocr_carea' id='block_1_74' title="bbox 1921 3833 3511 3908">
    <p class='ocr_par' dir='ltr' id='par_1_74' title="bbox 1921 3835 3511 3907">
     <span class='ocr_line' id='line_1_74' title="bbox 1921 3835 3511 3907; baseline 0.003 -18"><span class='ocrx_word' id='word_1_525' title='bbox 1921 3852 2036 3890; x_wconf 89' lang='lat' dir='ltr'><strong>rum</strong></span> <span class='ocrx_word' id='word_1_526' title='bbox 2089 3843 2330 3906; x_wconf 90' lang='lat' dir='ltr'><strong>segetem</strong></span> <span class='ocrx_word' id='word_1_527' title='bbox 2388 3835 2635 3890; x_wconf 84' lang='lat' dir='ltr'><strong>haeretici</strong></span> <span class='ocrx_word' id='word_1_528' title='bbox 2687 3835 2930 3891; x_wconf 87' lang='lat' dir='ltr'><strong>hominis</strong></span> <span class='ocrx_word' id='word_1_529' title='bbox 2971 3836 3227 3894; x_wconf 86' lang='lat' dir='ltr'><strong>sublatus</strong></span> <span class='ocrx_word' id='word_1_530' title='bbox 3268 3838 3511 3907; x_wconf 89' lang='lat' dir='ltr'><strong>animus,</strong></span> 
     </span>
    </p>
   </div>
   <div class='ocr_carea' id='block_1_75' title="bbox 211 3923 1811 4000">
    <p class='ocr_par' dir='ltr' id='par_1_75' title="bbox 211 3923 1806 3998">
     <span class='ocr_line' id='line_1_75' title="bbox 211 3923 1806 3998; baseline 0.001 -19"><span class='ocrx_word' id='word_1_531' title='bbox 211 3924 315 3979; x_wconf 75' lang='grc' dir='ltr'><strong>τοῦ</strong></span> <span class='ocrx_word' id='word_1_532' title='bbox 339 3927 438 3996; x_wconf 76' lang='grc' dir='ltr'><strong>τὴν</strong></span> <span class='ocrx_word' id='word_1_533' title='bbox 466 3924 644 3996; x_wconf 75' lang='grc' dir='ltr'><strong>ψυχὴν</strong></span> <span class='ocrx_word' id='word_1_534' title='bbox 701 3924 794 3978; x_wconf 84' lang='grc' dir='ltr'><strong>καὶ</strong></span> <span class='ocrx_word' id='word_1_535' title='bbox 826 3924 935 3978; x_wconf 88' lang='grc' dir='ltr'><strong>τῶν</strong></span> <span class='ocrx_word' id='word_1_536' title='bbox 971 3923 1200 3998; x_wconf 81' lang='grc' dir='ltr'><strong>[αὐτῶν]</strong></span> <span class='ocrx_word' id='word_1_537' title='bbox 1232 3923 1384 3995; x_wconf 85' lang='grc' dir='ltr'><strong>αύτῷ</strong></span> <span class='ocrx_word' id='word_1_538' title='bbox 1453 3925 1806 3981; x_wconf 79' lang='grc' dir='ltr'><strong>πεισθέντων.</strong></span> 
     </span>
    </p>
   </div>
   <div class='ocr_carea' id='block_1_76' title="bbox 1921 3923 3508 4000">
    <p class='ocr_par' dir='ltr' id='par_1_76' title="bbox 1921 3926 3508 4000">
     <span class='ocr_line' id='line_1_76' title="bbox 1921 3926 3508 4000; baseline 0.004 -20"><span class='ocrx_word' id='word_1_539' title='bbox 1921 3935 2023 3980; x_wconf 75' lang='lat' dir='ltr'><strong>tam</strong></span> <span class='ocrx_word' id='word_1_540' title='bbox 2072 3926 2197 3982; x_wconf 47' lang='lat' dir='ltr'><strong>sibi.</strong></span> <span class='ocrx_word' id='word_1_541' title='bbox 2236 3941 2400 3997; x_wconf 90' lang='lat' dir='ltr'><strong>quam</strong></span> <span class='ocrx_word' id='word_1_542' title='bbox 2437 3927 2553 3982; x_wconf 89' lang='lat' dir='ltr'><strong>suis</strong></span> <span class='ocrx_word' id='word_1_543' title='bbox 2601 3927 2988 3997; x_wconf 79' lang='lat' dir='ltr'><strong>gravissimam</strong></span> <span class='ocrx_word' id='word_1_544' title='bbox 3035 3929 3247 4000; x_wconf 87' lang='lat' dir='ltr'><strong>plagam</strong></span> <span class='ocrx_word' id='word_1_545' title='bbox 3289 3929 3508 3987; x_wconf 79' lang='lat' dir='ltr'><strong>inﬂixit.</strong></span> 
     </span>
    </p>
   </div>
   <div class='ocr_carea' id='block_1_77' title="bbox 226 4006 1811 4088">
    <p class='ocr_par' dir='ltr' id='par_1_77' title="bbox 226 4006 1809 4086">
     <span class='ocr_line' id='line_1_77' title="bbox 226 4006 1809 4086; baseline -0.003 -16"><span class='ocrx_word' id='word_1_546' title='bbox 226 4015 671 4086; x_wconf 79' lang='grc' dir='ltr'><strong>Ἐφαντασιάσθη</strong></span> <span class='ocrx_word' id='word_1_547' title='bbox 719 4014 828 4086; x_wconf 84' lang='grc' dir='ltr'><strong>γάρ</strong></span> <span class='ocrx_word' id='word_1_548' title='bbox 877 4006 1033 4078; x_wconf 77' lang='grc' dir='ltr'><strong>οὗτος</strong></span> <span class='ocrx_word' id='word_1_549' title='bbox 1074 4013 1299 4086; x_wconf 79' lang='grc' dir='ltr'><strong>ὕστερον</strong></span> <span class='ocrx_word' id='word_1_550' title='bbox 1337 4015 1512 4068; x_wconf 82' lang='grc' dir='ltr'><strong>εἰπεῖν</strong></span> <span class='ocrx_word' id='word_1_551' title='bbox 1550 4013 1713 4078; x_wconf 78' lang='grc' dir='ltr'><strong>αὐτός</strong></span> <span class='ocrx_word' id='word_1_552' title='bbox 1749 4030 1809 4067; x_wconf 89' lang='grc' dir='ltr'><strong>τε</strong></span> 
     </span>
    </p>
   </div>
   <div class='ocr_carea' id='block_1_78' title="bbox 1921 4006 3515 4088">
    <p class='ocr_par' dir='ltr' id='par_1_78' title="bbox 1921 4016 3515 4088">
     <span class='ocr_line' id='line_1_78' title="bbox 1921 4016 3515 4088; baseline 0.004 -18"><span class='ocrx_word' id='word_1_553' title='bbox 1921 4016 2012 4083; x_wconf 76' lang='lat' dir='ltr'><strong>Qui</strong></span> <span class='ocrx_word' id='word_1_554' title='bbox 2049 4017 2272 4088; x_wconf 85' lang='lat' dir='ltr'><strong>quidem</strong></span> <span class='ocrx_word' id='word_1_555' title='bbox 2316 4031 2508 4073; x_wconf 87' lang='lat' dir='ltr'><strong>omnes</strong></span> <span class='ocrx_word' id='word_1_556' title='bbox 2549 4025 2757 4072; x_wconf 87' lang='lat' dir='ltr'><strong>tantam</strong></span> <span class='ocrx_word' id='word_1_557' title='bbox 2809 4019 2876 4073; x_wconf 89' lang='lat' dir='ltr'><strong>ad</strong></span> <span class='ocrx_word' id='word_1_558' title='bbox 2923 4020 3225 4074; x_wconf 80' lang='lat' dir='ltr'><strong>caecitatem</strong></span> <span class='ocrx_word' id='word_1_559' title='bbox 3275 4020 3515 4077; x_wconf 81' lang='lat' dir='ltr'><strong>insolen-</strong></span> 
     </span>
    </p>
   </div>
   <div class='ocr_carea' id='block_1_79' title="bbox 213 4104 1811 4182">
    <p class='ocr_par' dir='ltr' id='par_1_79' title="bbox 213 4104 1804 4177">
     <span class='ocr_line' id='line_1_79' title="bbox 213 4104 1804 4177; baseline -0.004 -14"><span class='ocrx_word' id='word_1_560' title='bbox 213 4109 318 4164; x_wconf 75' lang='grc' dir='ltr'><strong>καὶ</strong></span> <span class='ocrx_word' id='word_1_561' title='bbox 353 4110 404 4161; x_wconf 86' lang='grc' dir='ltr'><strong>οί</strong></span> <span class='ocrx_word' id='word_1_562' title='bbox 443 4107 535 4160; x_wconf 79' lang='grc' dir='ltr'><strong>ὑπ’</strong></span> <span class='ocrx_word' id='word_1_563' title='bbox 579 4105 742 4160; x_wconf 84' lang='grc' dir='ltr'><strong>αὑτοῦ</strong></span> <span class='ocrx_word' id='word_1_564' title='bbox 795 4104 1296 4177; x_wconf 85' lang='grc' dir='ltr'><strong>μεμαθητευμένοι,</strong></span> <span class='ocrx_word' id='word_1_565' title='bbox 1343 4105 1425 4159; x_wconf 84' lang='grc' dir='ltr'><strong>δτι</strong></span> <span class='ocrx_word' id='word_1_566' title='bbox 1461 4122 1481 4157; x_wconf 81' lang='lat' dir='ltr'><strong>t</strong></span> <span class='ocrx_word' id='word_1_567' title='bbox 1519 4104 1740 4169; x_wconf 77' lang='grc' dir='ltr'><strong>Οὕτως,</strong></span> <span class='ocrx_word' id='word_1_568' title='bbox 1785 4124 1804 4157; x_wconf 72' lang='grc' dir='ltr'><strong>ι</strong></span> 
     </span>
    </p>
   </div>
   <div class='ocr_carea' id='block_1_80' title="bbox 1921 4104 3508 4182">
    <p class='ocr_par' dir='ltr' id='par_1_80' title="bbox 1921 4109 3508 4182">
     <span class='ocr_line' id='line_1_80' title="bbox 1921 4109 3508 4182; baseline 0.005 -20"><span class='ocrx_word' id='word_1_569' title='bbox 1921 4109 2158 4178; x_wconf 82' lang='lat' dir='ltr'><strong>Liamque</strong></span> <span class='ocrx_word' id='word_1_570' title='bbox 2207 4109 2453 4178; x_wconf 88' lang='lat' dir='ltr'><strong>provecti</strong></span> <span class='ocrx_word' id='word_1_571' title='bbox 2498 4117 2648 4174; x_wconf 85' lang='lat' dir='ltr'><strong>sunt,</strong></span> <span class='ocrx_word' id='word_1_572' title='bbox 2702 4117 2762 4163; x_wconf 92' lang='lat' dir='ltr'><strong>ut</strong></span> <span class='ocrx_word' id='word_1_573' title='bbox 2813 4109 2950 4165; x_wconf 85' lang='lat' dir='ltr'><strong>illud</strong></span> <span class='ocrx_word' id='word_1_574' title='bbox 3004 4111 3166 4182; x_wconf 85' lang='lat' dir='ltr'><strong>vulgo</strong></span> <span class='ocrx_word' id='word_1_575' title='bbox 3189 4111 3508 4182; x_wconf 75' lang='lat' dir='ltr'><strong>iactarent:</strong></span> 
     </span>
    </p>
   </div>
   <div class='ocr_carea' id='block_1_81' title="bbox 212 4189 1811 4271">
    <p class='ocr_par' dir='ltr' id='par_1_81' title="bbox 212 4189 1811 4266">
     <span class='ocr_line' id='line_1_81' title="bbox 212 4189 1811 4266; baseline -0.003 -19"><span class='ocrx_word' id='word_1_576' title='bbox 212 4194 378 4266; x_wconf 73' lang='grc' dir='ltr'><strong>φησὶ,</strong></span> <span class='ocrx_word' id='word_1_577' title='bbox 425 4211 444 4246; x_wconf 79' lang='lat' dir='ltr'><strong>t</strong></span> <span class='ocrx_word' id='word_1_578' title='bbox 481 4192 572 4247; x_wconf 81' lang='grc' dir='ltr'><strong>τὸν</strong></span> <span class='ocrx_word' id='word_1_579' title='bbox 601 4191 735 4245; x_wconf 83' lang='grc' dir='ltr'><strong>Θεὸν</strong></span> <span class='ocrx_word' id='word_1_580' title='bbox 765 4191 1068 4262; x_wconf 86' lang='grc' dir='ltr'><strong>ἐπίσταμαι</strong></span> <span class='ocrx_word' id='word_1_581' title='bbox 1096 4190 1533 4260; x_wconf 87' lang='grc' dir='ltr'><strong>τηλαυγέστατα,</strong></span> <span class='ocrx_word' id='word_1_582' title='bbox 1566 4189 1661 4244; x_wconf 75' lang='grc' dir='ltr'><strong>καὶ</strong></span> <span class='ocrx_word' id='word_1_583' title='bbox 1693 4206 1811 4243; x_wconf 90' lang='grc' dir='ltr'><strong>τοσ-</strong></span> 
     </span>
    </p>
   </div>
   <div class='ocr_carea' id='block_1_82' title="bbox 1921 4189 3514 4271">
    <p class='ocr_par' dir='ltr' id='par_1_82' title="bbox 1921 4198 3514 4271">
     <span class='ocr_line' id='line_1_82' title="bbox 1921 4198 3514 4271; baseline 0.004 -18"><span class='ocrx_word' id='word_1_584' title='bbox 1921 4219 1934 4253; x_wconf 86' lang='grc' dir='ltr'><strong>ι</strong></span> <span class='ocrx_word' id='word_1_585' title='bbox 1966 4201 2100 4254; x_wconf 85' lang='lat' dir='ltr'><strong>Tam</strong></span> <span class='ocrx_word' id='word_1_586' title='bbox 2135 4199 2424 4268; x_wconf 90' lang='lat' dir='ltr'><strong>perspicue</strong></span> <span class='ocrx_word' id='word_1_587' title='bbox 2462 4198 2634 4255; x_wconf 89' lang='lat' dir='ltr'><strong>Deum</strong></span> <span class='ocrx_word' id='word_1_588' title='bbox 2683 4201 2836 4271; x_wconf 85' lang='lat' dir='ltr'><strong>novi,</strong></span> <span class='ocrx_word' id='word_1_589' title='bbox 2882 4217 2946 4256; x_wconf 92' lang='lat' dir='ltr'><strong>ac</strong></span> <span class='ocrx_word' id='word_1_590' title='bbox 2982 4211 3190 4256; x_wconf 90' lang='lat' dir='ltr'><strong>tantam</strong></span> <span class='ocrx_word' id='word_1_591' title='bbox 3228 4203 3377 4259; x_wconf 91' lang='lat' dir='ltr'><strong>illius</strong></span> <span class='ocrx_word' id='word_1_592' title='bbox 3412 4220 3514 4259; x_wconf 85' lang='lat' dir='ltr'><strong>no-</strong></span> 
     </span>
    </p>
   </div>
   <div class='ocr_carea' id='block_1_83' title="bbox 210 4274 1811 4363">
    <p class='ocr_par' dir='ltr' id='par_1_83' title="bbox 210 4274 1809 4352">
     <span class='ocr_line' id='line_1_83' title="bbox 210 4274 1809 4352; baseline -0.004 -14"><span class='ocrx_word' id='word_1_593' title='bbox 210 4285 377 4338; x_wconf 88' lang='grc' dir='ltr'><strong>οῦτον</strong></span> <span class='ocrx_word' id='word_1_594' title='bbox 423 4282 584 4338; x_wconf 82' lang='grc' dir='ltr'><strong>αὑτὸν</strong></span> <span class='ocrx_word' id='word_1_595' title='bbox 626 4281 954 4352; x_wconf 83' lang='grc' dir='ltr'><strong>ἐπίσταμαι,</strong></span> <span class='ocrx_word' id='word_1_596' title='bbox 1003 4281 1100 4334; x_wconf 76' lang='grc' dir='ltr'><strong>καὶ</strong></span> <span class='ocrx_word' id='word_1_597' title='bbox 1142 4274 1282 4345; x_wconf 77' lang='grc' dir='ltr'><strong>οἶδα,</strong></span> <span class='ocrx_word' id='word_1_598' title='bbox 1326 4279 1468 4334; x_wconf 84' lang='grc' dir='ltr'><strong>ὥστε</strong></span> <span class='ocrx_word' id='word_1_599' title='bbox 1505 4280 1579 4352; x_wconf 84' lang='grc' dir='ltr'><strong>μὴ</strong></span> <span class='ocrx_word' id='word_1_600' title='bbox 1614 4278 1809 4333; x_wconf 83' lang='grc' dir='ltr'><strong>εἰδέναι</strong></span> 
     </span>
    </p>
   </div>
   <div class='ocr_carea' id='block_1_84' title="bbox 1921 4274 3509 4363">
    <p class='ocr_par' dir='ltr' id='par_1_84' title="bbox 1921 4281 3509 4363">
     <span class='ocr_line' id='line_1_84' title="bbox 1921 4281 3509 4363; baseline 0.003 -17"><span class='ocrx_word' id='word_1_601' title='bbox 1921 4289 2088 4346; x_wconf 77' lang='lat' dir='ltr'><strong>litiam</strong></span> <span class='ocrx_word' id='word_1_602' title='bbox 2133 4305 2256 4346; x_wconf 90' lang='lat' dir='ltr'><strong>sum</strong></span> <span class='ocrx_word' id='word_1_603' title='bbox 2316 4299 2674 4356; x_wconf 85' lang='lat' dir='ltr'><strong>consecutus,</strong></span> <span class='ocrx_word' id='word_1_604' title='bbox 2737 4300 2796 4346; x_wconf 91' lang='lat' dir='ltr'><strong>ut</strong></span> <span class='ocrx_word' id='word_1_605' title='bbox 2842 4308 2909 4347; x_wconf 89' lang='lat' dir='ltr'><strong>ne</strong></span> <span class='ocrx_word' id='word_1_606' title='bbox 2965 4294 3233 4362; x_wconf 86' lang='lat' dir='ltr'><strong>meipsum</strong></span> <span class='ocrx_word' id='word_1_607' title='bbox 3289 4281 3509 4363; x_wconf 67' lang='lat' dir='ltr'><strong>quidem</strong></span> 
     </span>
    </p>
   </div>
   <div class='ocr_carea' id='block_1_85' title="bbox 213 4367 1811 4455">
    <p class='ocr_par' dir='ltr' id='par_1_85' title="bbox 213 4367 1810 4446">
     <span class='ocr_line' id='line_1_85' title="bbox 213 4367 1810 4446; baseline -0.005 -18"><span class='ocrx_word' id='word_1_608' title='bbox 213 4375 479 4446; x_wconf 80' lang='grc' dir='ltr'><strong>ἐμαυτὸν,</strong></span> <span class='ocrx_word' id='word_1_609' title='bbox 517 4372 593 4436; x_wconf 85' lang='grc' dir='ltr'><strong>ὡς</strong></span> <span class='ocrx_word' id='word_1_610' title='bbox 633 4371 767 4425; x_wconf 78' lang='grc' dir='ltr'><strong>Θεὸν</strong></span> <span class='ocrx_word' id='word_1_611' title='bbox 811 4367 1064 4443; x_wconf 81' lang='grc' dir='ltr'><strong>[μᾶλλον]</strong></span> <span class='ocrx_word' id='word_1_612' title='bbox 1118 4369 1440 4440; x_wconf 85' lang='grc' dir='ltr'><strong>ἐπίσταμαι.</strong></span> <span class='ocrx_word' id='word_1_613' title='bbox 1480 4388 1498 4419; x_wconf 80' lang='grc' dir='ltr'><strong>ι</strong></span> <span class='ocrx_word' id='word_1_614' title='bbox 1541 4367 1714 4421; x_wconf 85' lang='grc' dir='ltr'><strong>Ἀλλα</strong></span> <span class='ocrx_word' id='word_1_615' title='bbox 1752 4367 1810 4420; x_wconf 82' lang='grc' dir='ltr'><strong>δὲ</strong></span> 
     </span>
    </p>
   </div>
   <div class='ocr_carea' id='block_1_86' title="bbox 1921 4367 3508 4455">
    <p class='ocr_par' dir='ltr' id='par_1_86' title="bbox 1921 4379 3508 4455">
     <span class='ocr_line' id='line_1_86' title="bbox 1921 4379 3508 4455; baseline 0.003 -19"><span class='ocrx_word' id='word_1_616' title='bbox 1921 4381 2108 4437; x_wconf 89' lang='lat' dir='ltr'><strong>melius</strong></span> <span class='ocrx_word' id='word_1_617' title='bbox 2140 4395 2303 4452; x_wconf 87' lang='lat' dir='ltr'><strong>quam</strong></span> <span class='ocrx_word' id='word_1_618' title='bbox 2338 4379 2510 4436; x_wconf 90' lang='lat' dir='ltr'><strong>Deum</strong></span> <span class='ocrx_word' id='word_1_619' title='bbox 2544 4383 2814 4439; x_wconf 91' lang='lat' dir='ltr'><strong>noverim.</strong></span> <span class='ocrx_word' id='word_1_620' title='bbox 2846 4401 2866 4436; x_wconf 71' lang='grc' dir='ltr'><strong>ι</strong></span> <span class='ocrx_word' id='word_1_621' title='bbox 2903 4383 3044 4437; x_wconf 93' lang='lat' dir='ltr'><strong>Sunt</strong></span> <span class='ocrx_word' id='word_1_622' title='bbox 3086 4392 3140 4438; x_wconf 91' lang='lat' dir='ltr'><strong>et</strong></span> <span class='ocrx_word' id='word_1_623' title='bbox 3204 4384 3310 4438; x_wconf 87' lang='lat' dir='ltr'><strong>alia</strong></span> <span class='ocrx_word' id='word_1_624' title='bbox 3342 4400 3508 4455; x_wconf 87' lang='lat' dir='ltr'><strong>quam</strong></span> 
     </span>
    </p>
   </div>
   <div class='ocr_carea' id='block_1_87' title="bbox 213 4458 1811 4546">
    <p class='ocr_par' dir='ltr' id='par_1_87' title="bbox 213 4458 1811 4536">
     <span class='ocr_line' id='line_1_87' title="bbox 213 4458 1811 4536; baseline -0.004 -17"><span class='ocrx_word' id='word_1_625' title='bbox 213 4467 322 4520; x_wconf 78' lang='grc' dir='ltr'><strong>ὅσα</strong></span> <span class='ocrx_word' id='word_1_626' title='bbox 349 4467 474 4536; x_wconf 70' lang='grc' dir='ltr'><strong>περὶ</strong></span> <span class='ocrx_word' id='word_1_627' title='bbox 501 4464 690 4518; x_wconf 81' lang='grc' dir='ltr'><strong>τούτου</strong></span> <span class='ocrx_word' id='word_1_628' title='bbox 716 4463 1056 4533; x_wconf 83' lang='grc' dir='ltr'><strong>ἀκηκόαμεν,</strong></span> <span class='ocrx_word' id='word_1_629' title='bbox 1087 4461 1270 4525; x_wconf 88' lang='grc' dir='ltr'><strong>καθὼς</strong></span> <span class='ocrx_word' id='word_1_630' title='bbox 1291 4459 1480 4524; x_wconf 89' lang='grc' dir='ltr'><strong>δεινῶς</strong></span> <span class='ocrx_word' id='word_1_631' title='bbox 1509 4460 1538 4512; x_wconf 86' lang='grc' dir='ltr'><strong>ό</strong></span> <span class='ocrx_word' id='word_1_632' title='bbox 1566 4458 1811 4523; x_wconf 87' lang='grc' dir='ltr'><strong>διάϐολος</strong></span> 
     </span>
    </p>
   </div>
   <div class='ocr_carea' id='block_1_88' title="bbox 1921 4458 3508 4546">
    <p class='ocr_par' dir='ltr' id='par_1_88' title="bbox 1921 4474 3508 4546">
     <span class='ocr_line' id='line_1_88' title="bbox 1921 4474 3508 4546; baseline 0.002 -17"><span class='ocrx_word' id='word_1_633' title='bbox 1921 4474 2170 4545; x_wconf 89' lang='lat' dir='ltr'><strong>plurima,</strong></span> <span class='ocrx_word' id='word_1_634' title='bbox 2201 4487 2322 4544; x_wconf 61' lang='lat' dir='ltr'><strong>qua</strong></span> <span class='ocrx_word' id='word_1_635' title='bbox 2349 4475 2416 4528; x_wconf 93' lang='lat' dir='ltr'><strong>de</strong></span> <span class='ocrx_word' id='word_1_636' title='bbox 2451 4475 2641 4528; x_wconf 91' lang='lat' dir='ltr'><strong>eodem</strong></span> <span class='ocrx_word' id='word_1_637' title='bbox 2671 4475 3010 4546; x_wconf 89' lang='lat' dir='ltr'><strong>accepimus,</strong></span> <span class='ocrx_word' id='word_1_638' title='bbox 3047 4475 3508 4546; x_wconf 77' lang='lat' dir='ltr'><strong>quemadmodum</strong></span> 
     </span>
    </p>
   </div>
   <div class='ocr_carea' id='block_1_89' title="bbox 215 4550 1811 4639">
    <p class='ocr_par' dir='ltr' id='par_1_89' title="bbox 215 4550 1811 4627">
     <span class='ocr_line' id='line_1_89' title="bbox 215 4550 1811 4627; baseline -0.005 -16"><span class='ocrx_word' id='word_1_639' title='bbox 215 4557 342 4611; x_wconf 77' lang='grc' dir='ltr'><strong>κατ’</strong></span> <span class='ocrx_word' id='word_1_640' title='bbox 374 4555 538 4610; x_wconf 76' lang='grc' dir='ltr'><strong>αὐτοῦ</strong></span> <span class='ocrx_word' id='word_1_641' title='bbox 581 4556 990 4627; x_wconf 84' lang='grc' dir='ltr'><strong>ἐμηχανήσατο.</strong></span> <span class='ocrx_word' id='word_1_642' title='bbox 1043 4553 1222 4624; x_wconf 75' lang='grc' dir='ltr'><strong>ψυχάς</strong></span> <span class='ocrx_word' id='word_1_643' title='bbox 1269 4550 1573 4624; x_wconf 84' lang='grc' dir='ltr'><strong>ἀνθρώπων</strong></span> <span class='ocrx_word' id='word_1_644' title='bbox 1626 4550 1811 4604; x_wconf 89' lang='grc' dir='ltr'><strong>δελεα-</strong></span> 
     </span>
    </p>
   </div>
   <div class='ocr_carea' id='block_1_90' title="bbox 1921 4550 3505 4639">
    <p class='ocr_par' dir='ltr' id='par_1_90' title="bbox 1921 4565 3505 4639">
     <span class='ocr_line' id='line_1_90' title="bbox 1921 4565 3505 4639; baseline 0.001 -18"><span class='ocrx_word' id='word_1_645' title='bbox 1921 4583 2010 4639; x_wconf 88' lang='lat' dir='ltr'><strong>per</strong></span> <span class='ocrx_word' id='word_1_646' title='bbox 2057 4567 2206 4621; x_wconf 93' lang='lat' dir='ltr'><strong>illum</strong></span> <span class='ocrx_word' id='word_1_647' title='bbox 2241 4565 2496 4622; x_wconf 89' lang='lat' dir='ltr'><strong>diabolus</strong></span> <span class='ocrx_word' id='word_1_648' title='bbox 2531 4568 2794 4636; x_wconf 85' lang='lat' dir='ltr'><strong>majorem</strong></span> <span class='ocrx_word' id='word_1_649' title='bbox 2845 4567 2901 4621; x_wconf 92' lang='lat' dir='ltr'><strong>in</strong></span> <span class='ocrx_word' id='word_1_650' title='bbox 2940 4568 3164 4622; x_wconf 88' lang='lat' dir='ltr'><strong>modum</strong></span> <span class='ocrx_word' id='word_1_651' title='bbox 3214 4566 3268 4621; x_wconf 91' lang='lat' dir='ltr'><strong>id</strong></span> <span class='ocrx_word' id='word_1_652' title='bbox 3311 4568 3505 4638; x_wconf 87' lang='lat' dir='ltr'><strong>egerit,</strong></span> 
     </span>
    </p>
   </div>
   <div class='ocr_carea' id='block_1_91' title="bbox 216 4628 1811 4729">
    <p class='ocr_par' dir='ltr' id='par_1_91' title="bbox 216 4643 1809 4720">
     <span class='ocr_line' id='line_1_91' title="bbox 216 4643 1809 4720; baseline -0.005 -17"><span class='ocrx_word' id='word_1_653' title='bbox 216 4649 459 4703; x_wconf 86' lang='grc' dir='ltr'><strong>σθέντων</strong></span> <span class='ocrx_word' id='word_1_654' title='bbox 494 4647 780 4703; x_wconf 80' lang='grc' dir='ltr'><strong>ἀπολέσαι.</strong></span> <span class='ocrx_word' id='word_1_655' title='bbox 826 4646 938 4701; x_wconf 72' lang='grc' dir='ltr'><strong>Καὶ</strong></span> <span class='ocrx_word' id='word_1_656' title='bbox 967 4646 1076 4720; x_wconf 85' lang='grc' dir='ltr'><strong>γὰρ</strong></span> <span class='ocrx_word' id='word_1_657' title='bbox 1105 4645 1207 4699; x_wconf 82' lang='grc' dir='ltr'><strong>οὐκ</strong></span> <span class='ocrx_word' id='word_1_658' title='bbox 1237 4644 1428 4712; x_wconf 85' lang='grc' dir='ltr'><strong>άγεται</strong></span> <span class='ocrx_word' id='word_1_659' title='bbox 1460 4643 1645 4708; x_wconf 80' lang='grc' dir='ltr'><strong>αὐτοῖς</strong></span> <span class='ocrx_word' id='word_1_660' title='bbox 1680 4643 1809 4714; x_wconf 76' lang='grc' dir='ltr'><strong>περὶ</strong></span> 
     </span>
    </p>
   </div>
   <div class='ocr_carea' id='block_1_92' title="bbox 1921 4628 3502 4729">
    <p class='ocr_par' dir='ltr' id='par_1_92' title="bbox 1921 4628 3502 4729">
     <span class='ocr_line' id='line_1_92' title="bbox 1921 4628 3502 4729; baseline 0.001 -15"><span class='ocrx_word' id='word_1_661' title='bbox 1921 4628 1979 4715; x_wconf 75' lang='lat' dir='ltr'><strong>ut</strong></span> <span class='ocrx_word' id='word_1_662' title='bbox 2009 4667 2257 4729; x_wconf 88' lang='lat' dir='ltr'><strong>eaptatas</strong></span> <span class='ocrx_word' id='word_1_663' title='bbox 2297 4659 2578 4715; x_wconf 89' lang='lat' dir='ltr'><strong>hominum</strong></span> <span class='ocrx_word' id='word_1_664' title='bbox 2610 4660 2825 4716; x_wconf 89' lang='lat' dir='ltr'><strong>animas</strong></span> <span class='ocrx_word' id='word_1_665' title='bbox 2868 4661 2922 4715; x_wconf 92' lang='lat' dir='ltr'><strong>in</strong></span> <span class='ocrx_word' id='word_1_666' title='bbox 2973 4661 3202 4718; x_wconf 81' lang='lat' dir='ltr'><strong>exitium</strong></span> <span class='ocrx_word' id='word_1_667' title='bbox 3241 4661 3502 4716; x_wconf 76' lang='lat' dir='ltr'><strong>traheret.</strong></span> 
     </span>
    </p>
   </div>
   <div class='ocr_carea' id='block_1_93' title="bbox 216 4735 1811 4821">
    <p class='ocr_par' dir='ltr' id='par_1_93' title="bbox 216 4735 1811 4812">
     <span class='ocr_line' id='line_1_93' title="bbox 216 4735 1811 4812; baseline -0.004 -18"><span class='ocrx_word' id='word_1_668' title='bbox 216 4740 341 4812; x_wconf 84' lang='grc' dir='ltr'><strong>βίου</strong></span> <span class='ocrx_word' id='word_1_669' title='bbox 371 4741 719 4811; x_wconf 86' lang='grc' dir='ltr'><strong>σεμνότητος,</strong></span> <span class='ocrx_word' id='word_1_670' title='bbox 762 4739 826 4793; x_wconf 82' lang='grc' dir='ltr'><strong>οὐ</strong></span> <span class='ocrx_word' id='word_1_671' title='bbox 879 4738 1008 4810; x_wconf 77' lang='grc' dir='ltr'><strong>περὶ</strong></span> <span class='ocrx_word' id='word_1_672' title='bbox 1045 4736 1332 4810; x_wconf 82' lang='grc' dir='ltr'><strong>νηστειῶν,</strong></span> <span class='ocrx_word' id='word_1_673' title='bbox 1361 4736 1424 4789; x_wconf 83' lang='grc' dir='ltr'><strong>οὐ</strong></span> <span class='ocrx_word' id='word_1_674' title='bbox 1463 4737 1592 4808; x_wconf 83' lang='grc' dir='ltr'><strong>περὶ</strong></span> <span class='ocrx_word' id='word_1_675' title='bbox 1623 4735 1811 4790; x_wconf 80' lang='grc' dir='ltr'><strong>ὲνταλ-</strong></span> 
     </span>
    </p>
   </div>
   <div class='ocr_carea' id='block_1_94' title="bbox 1921 4735 3511 4821">
    <p class='ocr_par' dir='ltr' id='par_1_94' title="bbox 1921 4749 3511 4821">
     <span class='ocr_line' id='line_1_94' title="bbox 1921 4749 3511 4821; baseline 0.001 -17"><span class='ocrx_word' id='word_1_676' title='bbox 1921 4749 2132 4805; x_wconf 84' lang='lat' dir='ltr'><strong>Etenim</strong></span> <span class='ocrx_word' id='word_1_677' title='bbox 2159 4750 2309 4806; x_wconf 90' lang='lat' dir='ltr'><strong>nulla</strong></span> <span class='ocrx_word' id='word_1_678' title='bbox 2343 4751 2487 4821; x_wconf 90' lang='lat' dir='ltr'><strong>apud</strong></span> <span class='ocrx_word' id='word_1_679' title='bbox 2513 4751 2637 4808; x_wconf 87' lang='lat' dir='ltr'><strong>illos</strong></span> <span class='ocrx_word' id='word_1_680' title='bbox 2657 4768 2792 4808; x_wconf 78' lang='lat' dir='ltr'><strong>cura</strong></span> <span class='ocrx_word' id='word_1_681' title='bbox 2826 4752 3132 4809; x_wconf 81' lang='lat' dir='ltr'><strong>sanctitatis</strong></span> <span class='ocrx_word' id='word_1_682' title='bbox 3151 4758 3274 4816; x_wconf 89' lang='lat' dir='ltr'><strong>est;</strong></span> <span class='ocrx_word' id='word_1_683' title='bbox 3308 4758 3403 4806; x_wconf 88' lang='lat' dir='ltr'><strong>aut</strong></span> <span class='ocrx_word' id='word_1_684' title='bbox 3423 4749 3511 4820; x_wconf 45' lang='lat' dir='ltr'><strong>jea</strong></span> 
     </span>
    </p>
   </div>
   <div class='ocr_carea' id='block_1_95' title="bbox 219 4827 1811 4912">
    <p class='ocr_par' dir='ltr' id='par_1_95' title="bbox 219 4827 1811 4904">
     <span class='ocr_line' id='line_1_95' title="bbox 219 4827 1811 4904; baseline -0.003 -19"><span class='ocrx_word' id='word_1_685' title='bbox 219 4833 413 4903; x_wconf 76' lang='grc' dir='ltr'><strong>μάτων</strong></span> <span class='ocrx_word' id='word_1_686' title='bbox 445 4831 606 4893; x_wconf 87' lang='grc' dir='ltr'><strong>Θεοῦ.</strong></span> <span class='ocrx_word' id='word_1_687' title='bbox 640 4832 703 4884; x_wconf 87' lang='grc' dir='ltr'><strong>ού</strong></span> <span class='ocrx_word' id='word_1_688' title='bbox 735 4830 862 4904; x_wconf 85' lang='grc' dir='ltr'><strong>περί</strong></span> <span class='ocrx_word' id='word_1_689' title='bbox 895 4848 1040 4894; x_wconf 90' lang='grc' dir='ltr'><strong>τινος</strong></span> <span class='ocrx_word' id='word_1_690' title='bbox 1072 4829 1260 4901; x_wconf 90' lang='grc' dir='ltr'><strong>ἐτέρου</strong></span> <span class='ocrx_word' id='word_1_691' title='bbox 1289 4827 1399 4881; x_wconf 86' lang='grc' dir='ltr'><strong>τῶν</strong></span> <span class='ocrx_word' id='word_1_692' title='bbox 1437 4829 1516 4891; x_wconf 89' lang='grc' dir='ltr'><strong>είς</strong></span> <span class='ocrx_word' id='word_1_693' title='bbox 1548 4827 1694 4898; x_wconf 78' lang='grc' dir='ltr'><strong>ζωὴν</strong></span> <span class='ocrx_word' id='word_1_694' title='bbox 1719 4827 1811 4881; x_wconf 84' lang='grc' dir='ltr'><strong>άν-</strong></span> 
     </span>
    </p>
   </div>
   <div class='ocr_carea' id='block_1_96' title="bbox 1921 4827 3506 4912">
    <p class='ocr_par' dir='ltr' id='par_1_96' title="bbox 1921 4841 3506 4912">
     <span class='ocr_line' id='line_1_96' title="bbox 1921 4841 3506 4912; baseline 0.001 -17"><span class='ocrx_word' id='word_1_695' title='bbox 1921 4841 2224 4912; x_wconf 81' lang='lat' dir='ltr'><strong>iuniorum,</strong></span> <span class='ocrx_word' id='word_1_696' title='bbox 2278 4853 2372 4898; x_wconf 90' lang='lat' dir='ltr'><strong>aut</strong></span> <span class='ocrx_word' id='word_1_697' title='bbox 2420 4844 2804 4900; x_wconf 85' lang='lat' dir='ltr'><strong>mandatorum</strong></span> <span class='ocrx_word' id='word_1_698' title='bbox 2859 4841 2954 4898; x_wconf 89' lang='lat' dir='ltr'><strong>Dei</strong></span> <span class='ocrx_word' id='word_1_699' title='bbox 2990 4852 3379 4898; x_wconf 65' lang='lat' dir='ltr'><strong>caeterarumve</strong></span> <span class='ocrx_word' id='word_1_700' title='bbox 3417 4857 3506 4897; x_wconf 87' lang='lat' dir='ltr'><strong>re-</strong></span> 
     </span>
    </p>
   </div>
   <div class='ocr_carea' id='block_1_97' title="bbox 215 4920 1811 5005">
    <p class='ocr_par' dir='ltr' id='par_1_97' title="bbox 215 4920 1811 4995">
     <span class='ocr_line' id='line_1_97' title="bbox 215 4920 1811 4995; baseline -0.002 -19"><span class='ocrx_word' id='word_1_701' title='bbox 215 4922 464 4995; x_wconf 84' lang='grc' dir='ltr'><strong>θρώποις</strong></span> <span class='ocrx_word' id='word_1_702' title='bbox 483 4925 548 4978; x_wconf 84' lang='grc' dir='ltr'><strong>ἐκ</strong></span> <span class='ocrx_word' id='word_1_703' title='bbox 571 4920 707 4976; x_wconf 88' lang='grc' dir='ltr'><strong>Θεοῦ</strong></span> <span class='ocrx_word' id='word_1_704' title='bbox 732 4921 1247 4995; x_wconf 80' lang='grc' dir='ltr'><strong>προστεταγμένων,</strong></span> <span class='ocrx_word' id='word_1_705' title='bbox 1272 4921 1306 4993; x_wconf 74' lang='grc' dir='ltr'>ἢ</span> <span class='ocrx_word' id='word_1_706' title='bbox 1338 4920 1500 4992; x_wconf 88' lang='grc' dir='ltr'><strong>μόνον</strong></span> <span class='ocrx_word' id='word_1_707' title='bbox 1520 4921 1811 4992; x_wconf 87' lang='grc' dir='ltr'><strong>πρόχειρος</strong></span> 
     </span>
    </p>
   </div>
   <div class='ocr_carea' id='block_1_98' title="bbox 1921 4920 3504 5005">
    <p class='ocr_par' dir='ltr' id='par_1_98' title="bbox 1921 4931 3504 5005">
     <span class='ocr_line' id='line_1_98' title="bbox 1921 4931 3504 5005; baseline 0.003 -21"><span class='ocrx_word' id='word_1_708' title='bbox 1921 4947 2069 4991; x_wconf 90' lang='lat' dir='ltr'><strong>rum.</strong></span> <span class='ocrx_word' id='word_1_709' title='bbox 2101 4947 2224 5002; x_wconf 68' lang='lat' dir='ltr'><strong>quae</strong></span> <span class='ocrx_word' id='word_1_710' title='bbox 2265 4931 2582 4988; x_wconf 86' lang='lat' dir='ltr'><strong>hominibus</strong></span> <span class='ocrx_word' id='word_1_711' title='bbox 2619 4933 2807 4988; x_wconf 91' lang='lat' dir='ltr'><strong>divino</strong></span> <span class='ocrx_word' id='word_1_712' title='bbox 2861 4932 3120 4988; x_wconf 87' lang='lat' dir='ltr'><strong>mandato</strong></span> <span class='ocrx_word' id='word_1_713' title='bbox 3173 4933 3504 5005; x_wconf 61' lang='lat' dir='ltr'><strong>praescripta)</strong></span> 
     </span>
    </p>
   </div>
   <div class='ocr_carea' id='block_1_99' title="bbox 214 5009 1811 5096">
    <p class='ocr_par' dir='ltr' id='par_1_99' title="bbox 214 5009 1807 5084">
     <span class='ocr_line' id='line_1_99' title="bbox 214 5009 1807 5084; baseline -0.004 -16"><span class='ocrx_word' id='word_1_714' title='bbox 214 5016 408 5078; x_wconf 80' lang='grc' dir='ltr'><strong>αὐτοῖς</strong></span> <span class='ocrx_word' id='word_1_715' title='bbox 440 5016 468 5068; x_wconf 86' lang='grc' dir='ltr'><strong>ό</strong></span> <span class='ocrx_word' id='word_1_716' title='bbox 501 5013 660 5082; x_wconf 88' lang='grc' dir='ltr'><strong>λόγος</strong></span> <span class='ocrx_word' id='word_1_717' title='bbox 709 5013 777 5068; x_wconf 84' lang='grc' dir='ltr'><strong>δι’</strong></span> <span class='ocrx_word' id='word_1_718' title='bbox 821 5013 938 5077; x_wconf 86' lang='grc' dir='ltr'><strong>ένὸς</strong></span> <span class='ocrx_word' id='word_1_719' title='bbox 981 5014 1225 5084; x_wconf 80' lang='grc' dir='ltr'><strong>ῥήματος</strong></span> <span class='ocrx_word' id='word_1_720' title='bbox 1257 5011 1319 5066; x_wconf 84' lang='grc' dir='ltr'><strong>τὺ</strong></span> <span class='ocrx_word' id='word_1_721' title='bbox 1352 5013 1481 5065; x_wconf 61' lang='grc' dir='ltr'><strong>πᾶν</strong></span> <span class='ocrx_word' id='word_1_722' title='bbox 1516 5010 1593 5074; x_wconf 85' lang='grc' dir='ltr'><strong>ὡς</strong></span> <span class='ocrx_word' id='word_1_723' title='bbox 1618 5009 1673 5064; x_wconf 82' lang='grc' dir='ltr'><strong>εί</strong></span> <span class='ocrx_word' id='word_1_724' title='bbox 1699 5027 1807 5076; x_wconf 89' lang='grc' dir='ltr'><strong>τις,</strong></span> 
     </span>
    </p>
   </div>
   <div class='ocr_carea' id='block_1_100' title="bbox 1921 5009 3505 5096">
    <p class='ocr_par' dir='ltr' id='par_1_100' title="bbox 1921 5020 3505 5096">
     <span class='ocr_line' id='line_1_100' title="bbox 1921 5020 3505 5096; baseline 0.001 -18"><span class='ocrx_word' id='word_1_725' title='bbox 1921 5030 2062 5078; x_wconf 80' lang='lat' dir='ltr'><strong>sunt.</strong></span> <span class='ocrx_word' id='word_1_726' title='bbox 2099 5023 2275 5095; x_wconf 89' lang='lat' dir='ltr'><strong>Atque</strong></span> <span class='ocrx_word' id='word_1_727' title='bbox 2306 5025 2375 5080; x_wconf 89' lang='lat' dir='ltr'><strong>ad</strong></span> <span class='ocrx_word' id='word_1_728' title='bbox 2424 5025 2609 5080; x_wconf 91' lang='lat' dir='ltr'><strong>omnia</strong></span> <span class='ocrx_word' id='word_1_729' title='bbox 2659 5041 2827 5079; x_wconf 92' lang='lat' dir='ltr'><strong>unum</strong></span> <span class='ocrx_word' id='word_1_730' title='bbox 2876 5025 2932 5079; x_wconf 90' lang='lat' dir='ltr'><strong>in</strong></span> <span class='ocrx_word' id='word_1_731' title='bbox 2973 5020 3228 5096; x_wconf 85' lang='lat' dir='ltr'><strong>promptu</strong></span> <span class='ocrx_word' id='word_1_732' title='bbox 3275 5025 3505 5082; x_wconf 87' lang='lat' dir='ltr'><strong>verbum</strong></span> 
     </span>
    </p>
   </div>
   <div class='ocr_carea' id='block_1_101' title="bbox 214 5103 1811 5188">
    <p class='ocr_par' dir='ltr' id='par_1_101' title="bbox 214 5103 1810 5178">
     <span class='ocr_line' id='line_1_101' title="bbox 214 5103 1810 5178; baseline -0.002 -17"><span class='ocrx_word' id='word_1_733' title='bbox 214 5107 334 5161; x_wconf 81' lang='grc' dir='ltr'><strong>άπὸ</strong></span> <span class='ocrx_word' id='word_1_734' title='bbox 361 5107 489 5178; x_wconf 81' lang='grc' dir='ltr'><strong>νηὸς</strong></span> <span class='ocrx_word' id='word_1_735' title='bbox 523 5107 712 5178; x_wconf 75' lang='grc' dir='ltr'><strong>ῥίψας,</strong></span> <span class='ocrx_word' id='word_1_736' title='bbox 741 5107 836 5161; x_wconf 69' lang='grc' dir='ltr'><strong>καὶ</strong></span> <span class='ocrx_word' id='word_1_737' title='bbox 866 5105 966 5177; x_wconf 84' lang='grc' dir='ltr'><strong>τὴν</strong></span> <span class='ocrx_word' id='word_1_738' title='bbox 1000 5108 1180 5159; x_wconf 77' lang='grc' dir='ltr'><strong>πᾶσαν</strong></span> <span class='ocrx_word' id='word_1_739' title='bbox 1216 5104 1448 5176; x_wconf 77' lang='grc' dir='ltr'><strong>ἐκϐολὴν</strong></span> <span class='ocrx_word' id='word_1_740' title='bbox 1481 5103 1576 5158; x_wconf 90' lang='grc' dir='ltr'><strong>τοῦ</strong></span> <span class='ocrx_word' id='word_1_741' title='bbox 1609 5104 1810 5168; x_wconf 81' lang='grc' dir='ltr'><strong>παντὸς</strong></span> 
     </span>
    </p>
   </div>
   <div class='ocr_carea' id='block_1_102' title="bbox 1921 5103 3505 5188">
    <p class='ocr_par' dir='ltr' id='par_1_102' title="bbox 1921 5113 3505 5188">
     <span class='ocr_line' id='line_1_102' title="bbox 1921 5113 3505 5188; baseline 0.002 -19"><span class='ocrx_word' id='word_1_742' title='bbox 1921 5113 2024 5169; x_wconf 87' lang='lat' dir='ltr'><strong>illis</strong></span> <span class='ocrx_word' id='word_1_743' title='bbox 2054 5121 2135 5170; x_wconf 89' lang='lat' dir='ltr'><strong>est</strong></span> <span class='ocrx_word' id='word_1_744' title='bbox 2170 5133 2182 5168; x_wconf 93' lang='lat'>:</span> <span class='ocrx_word' id='word_1_745' title='bbox 2219 5116 2276 5170; x_wconf 93' lang='lat' dir='ltr'><strong>in</strong></span> <span class='ocrx_word' id='word_1_746' title='bbox 2315 5133 2425 5187; x_wconf 91' lang='lat' dir='ltr'><strong>quo</strong></span> <span class='ocrx_word' id='word_1_747' title='bbox 2462 5115 2691 5188; x_wconf 89' lang='lat' dir='ltr'><strong>perinde</strong></span> <span class='ocrx_word' id='word_1_748' title='bbox 2726 5117 2835 5172; x_wconf 87' lang='lat' dir='ltr'><strong>illis</strong></span> <span class='ocrx_word' id='word_1_749' title='bbox 2869 5116 3083 5172; x_wconf 83' lang='lat' dir='ltr'><strong>accedit</strong></span> <span class='ocrx_word' id='word_1_750' title='bbox 3131 5131 3196 5172; x_wconf 89' lang='lat' dir='ltr'><strong>ac</strong></span> <span class='ocrx_word' id='word_1_751' title='bbox 3226 5117 3505 5188; x_wconf 87' lang='lat' dir='ltr'><strong>naviganti</strong></span> 
     </span>
    </p>
   </div>
   <div class='ocr_carea' id='block_1_103' title="bbox 217 5195 1811 5280">
    <p class='ocr_par' dir='ltr' id='par_1_103' title="bbox 217 5195 1811 5270">
     <span class='ocr_line' id='line_1_103' title="bbox 217 5195 1811 5270; baseline 0 -21"><span class='ocrx_word' id='word_1_752' title='bbox 217 5196 426 5266; x_wconf 77' lang='grc' dir='ltr'><strong>φόρτου</strong></span> <span class='ocrx_word' id='word_1_753' title='bbox 458 5198 711 5268; x_wconf 78' lang='grc' dir='ltr'><strong>ποιήσας,</strong></span> <span class='ocrx_word' id='word_1_754' title='bbox 743 5197 993 5270; x_wconf 83' lang='grc' dir='ltr'><strong>κατάσχῃ</strong></span> <span class='ocrx_word' id='word_1_755' title='bbox 1025 5196 1082 5252; x_wconf 81' lang='grc' dir='ltr'><strong>δὲ</strong></span> <span class='ocrx_word' id='word_1_756' title='bbox 1117 5196 1177 5250; x_wconf 75' lang='grc' dir='ltr'><strong>ἐν</strong></span> <span class='ocrx_word' id='word_1_757' title='bbox 1204 5214 1258 5250; x_wconf 89' lang='grc' dir='ltr'><strong>τι</strong></span> <span class='ocrx_word' id='word_1_758' title='bbox 1289 5196 1398 5250; x_wconf 87' lang='grc' dir='ltr'><strong>τῶν</strong></span> <span class='ocrx_word' id='word_1_759' title='bbox 1442 5197 1501 5250; x_wconf 83' lang='grc' dir='ltr'><strong>ἐν</strong></span> <span class='ocrx_word' id='word_1_760' title='bbox 1533 5195 1610 5268; x_wconf 80' lang='grc' dir='ltr'><strong>τῷ</strong></span> <span class='ocrx_word' id='word_1_761' title='bbox 1643 5196 1811 5268; x_wconf 84' lang='grc' dir='ltr'><strong>πλοίῳ</strong></span> 
     </span>
    </p>
   </div>
   <div class='ocr_carea' id='block_1_104' title="bbox 1921 5195 3504 5280">
    <p class='ocr_par' dir='ltr' id='par_1_104' title="bbox 1921 5207 3504 5280">
     <span class='ocr_line' id='line_1_104' title="bbox 1921 5207 3504 5280; baseline 0.001 -20"><span class='ocrx_word' id='word_1_762' title='bbox 1921 5207 2109 5274; x_wconf 87' lang='lat' dir='ltr'><strong>alicui,</strong></span> <span class='ocrx_word' id='word_1_763' title='bbox 2143 5210 2237 5278; x_wconf 92' lang='lat' dir='ltr'><strong>qui</strong></span> <span class='ocrx_word' id='word_1_764' title='bbox 2269 5209 2540 5280; x_wconf 84' lang='lat' dir='ltr'><strong>ejectione</strong></span> <span class='ocrx_word' id='word_1_765' title='bbox 2569 5209 2835 5265; x_wconf 87' lang='lat' dir='ltr'><strong>mercium</strong></span> <span class='ocrx_word' id='word_1_766' title='bbox 2862 5209 3109 5265; x_wconf 90' lang='lat' dir='ltr'><strong>omnium</strong></span> <span class='ocrx_word' id='word_1_767' title='bbox 3141 5209 3306 5274; x_wconf 81' lang='lat' dir='ltr'><strong>facta,</strong></span> <span class='ocrx_word' id='word_1_768' title='bbox 3339 5207 3504 5279; x_wconf 88' lang='lat' dir='ltr'><strong>quid-</strong></span> 
     </span>
    </p>
   </div>
   <div class='ocr_carea' id='block_1_105' title="bbox 217 5288 1811 5373">
    <p class='ocr_par' dir='ltr' id='par_1_105' title="bbox 217 5288 1811 5361">
     <span class='ocr_line' id='line_1_105' title="bbox 217 5288 1811 5361; baseline 0 -19"><span class='ocrx_word' id='word_1_769' title='bbox 217 5288 674 5361; x_wconf 80' lang='grc' dir='ltr'><strong>ἐμϐεϐλημένων,</strong></span> <span class='ocrx_word' id='word_1_770' title='bbox 708 5289 958 5361; x_wconf 86' lang='grc' dir='ltr'><strong>κεράμου</strong></span> <span class='ocrx_word' id='word_1_771' title='bbox 990 5289 1052 5343; x_wconf 86' lang='grc' dir='ltr'><strong>τέ</strong></span> <span class='ocrx_word' id='word_1_772' title='bbox 1083 5306 1225 5360; x_wconf 81' lang='grc' dir='ltr'><strong>φημι</strong></span> <span class='ocrx_word' id='word_1_773' title='bbox 1255 5289 1290 5360; x_wconf 70' lang='grc' dir='ltr'>ἢ</span> <span class='ocrx_word' id='word_1_774' title='bbox 1319 5305 1465 5352; x_wconf 89' lang='grc' dir='ltr'><strong>τινος</strong></span> <span class='ocrx_word' id='word_1_775' title='bbox 1493 5288 1706 5360; x_wconf 79' lang='grc' dir='ltr'><strong>ἐτέρου,</strong></span> <span class='ocrx_word' id='word_1_776' title='bbox 1737 5288 1811 5353; x_wconf 84' lang='grc' dir='ltr'><strong>ὡς</strong></span> 
     </span>
    </p>
   </div>
   <div class='ocr_carea' id='block_1_106' title="bbox 1921 5288 3504 5373">
    <p class='ocr_par' dir='ltr' id='par_1_106' title="bbox 1921 5298 3504 5373">
     <span class='ocr_line' id='line_1_106' title="bbox 1921 5298 3504 5373; baseline 0 -19"><span class='ocrx_word' id='word_1_777' title='bbox 1921 5298 2062 5369; x_wconf 89' lang='lat' dir='ltr'><strong>piam</strong></span> <span class='ocrx_word' id='word_1_778' title='bbox 2092 5315 2303 5366; x_wconf 92' lang='lat' dir='ltr'><strong>eorum,</strong></span> <span class='ocrx_word' id='word_1_779' title='bbox 2336 5317 2459 5371; x_wconf 65' lang='lat' dir='ltr'><strong>quas</strong></span> <span class='ocrx_word' id='word_1_780' title='bbox 2489 5301 2544 5356; x_wconf 91' lang='lat' dir='ltr'><strong>in</strong></span> <span class='ocrx_word' id='word_1_781' title='bbox 2568 5316 2762 5358; x_wconf 90' lang='lat' dir='ltr'><strong>navem</strong></span> <span class='ocrx_word' id='word_1_782' title='bbox 2796 5301 3052 5373; x_wconf 91' lang='lat' dir='ltr'><strong>imposita</strong></span> <span class='ocrx_word' id='word_1_783' title='bbox 3083 5311 3232 5369; x_wconf 87' lang='lat' dir='ltr'><strong>sunt,</strong></span> <span class='ocrx_word' id='word_1_784' title='bbox 3263 5300 3504 5356; x_wconf 83' lang='lat' dir='ltr'><strong>retinue-</strong></span> 
     </span>
    </p>
   </div>
   <div class='ocr_carea' id='block_1_107' title="bbox 215 5382 1811 5462">
    <p class='ocr_par' dir='ltr' id='par_1_107' title="bbox 215 5382 1811 5458">
     <span class='ocr_line' id='line_1_107' title="bbox 215 5382 1811 5458; baseline 0 -20"><span class='ocrx_word' id='word_1_785' title='bbox 215 5382 481 5438; x_wconf 88' lang='grc' dir='ltr'><strong>δύνασθαι</strong></span> <span class='ocrx_word' id='word_1_786' title='bbox 504 5382 573 5436; x_wconf 89' lang='grc' dir='ltr'><strong>δι’</strong></span> <span class='ocrx_word' id='word_1_787' title='bbox 596 5383 714 5448; x_wconf 82' lang='grc' dir='ltr'><strong>ἐνὸς</strong></span> <span class='ocrx_word' id='word_1_788' title='bbox 744 5382 972 5448; x_wconf 83' lang='grc' dir='ltr'><strong>σκεύους</strong></span> <span class='ocrx_word' id='word_1_789' title='bbox 999 5383 1090 5438; x_wconf 81' lang='grc' dir='ltr'><strong>τὸν</strong></span> <span class='ocrx_word' id='word_1_790' title='bbox 1121 5383 1302 5439; x_wconf 85' lang='grc' dir='ltr'><strong>πάντα</strong></span> <span class='ocrx_word' id='word_1_791' title='bbox 1337 5382 1531 5438; x_wconf 90' lang='grc' dir='ltr'><strong>πόντον</strong></span> <span class='ocrx_word' id='word_1_792' title='bbox 1558 5383 1811 5458; x_wconf 78' lang='grc' dir='ltr'><strong>διανήξα⁴</strong></span> 
     </span>
    </p>
   </div>
   <div class='ocr_carea' id='block_1_108' title="bbox 1921 5382 3501 5462">
    <p class='ocr_par' dir='ltr' id='par_1_108' title="bbox 1921 5387 3501 5462">
     <span class='ocr_line' id='line_1_108' title="bbox 1921 5387 3501 5462; baseline 0.002 -21"><span class='ocrx_word' id='word_1_793' title='bbox 1921 5387 2011 5453; x_wconf 87' lang='lat' dir='ltr'><strong>rit,</strong></span> <span class='ocrx_word' id='word_1_794' title='bbox 2047 5395 2179 5459; x_wconf 88' lang='lat' dir='ltr'><strong>puta</strong></span> <span class='ocrx_word' id='word_1_795' title='bbox 2220 5389 2386 5447; x_wconf 81' lang='lat' dir='ltr'><strong>ﬁctile</strong></span> <span class='ocrx_word' id='word_1_796' title='bbox 2429 5390 2651 5462; x_wconf 91' lang='lat' dir='ltr'><strong>aliquod</strong></span> <span class='ocrx_word' id='word_1_797' title='bbox 2705 5406 2827 5459; x_wconf 88' lang='lat' dir='ltr'><strong>vas,</strong></span> <span class='ocrx_word' id='word_1_798' title='bbox 2863 5399 2959 5447; x_wconf 91' lang='lat' dir='ltr'><strong>aut</strong></span> <span class='ocrx_word' id='word_1_799' title='bbox 2991 5392 3220 5448; x_wconf 86' lang='lat' dir='ltr'><strong>alterius</strong></span> <span class='ocrx_word' id='word_1_800' title='bbox 3262 5389 3501 5461; x_wconf 80' lang='lat' dir='ltr'><strong>generis,</strong></span> 
     </span>
    </p>
   </div>
   <div class='ocr_carea' id='block_1_109' title="bbox 304 5557 917 5620">
    <p class='ocr_par' dir='ltr' id='par_1_109' title="bbox 304 5557 917 5620">
     <span class='ocr_line' id='line_1_109' title="bbox 304 5557 917 5620; baseline 0.005 -4"><span class='ocrx_word' id='word_1_801' title='bbox 304 5557 324 5588; x_wconf 77' lang='grc'>⁸</span> <span class='ocrx_word' id='word_1_802' title='bbox 356 5560 416 5620; x_wconf 71' lang='grc' dir='ltr'><strong>ιτ.</strong></span> <span class='ocrx_word' id='word_1_803' title='bbox 465 5562 628 5618; x_wconf 76' lang='grc' dir='ltr'><strong>Ἀλλὰ</strong></span> <span class='ocrx_word' id='word_1_804' title='bbox 648 5564 742 5619; x_wconf 86' lang='grc' dir='ltr'><strong>τοῦ</strong></span> <span class='ocrx_word' id='word_1_805' title='bbox 770 5564 917 5620; x_wconf 78' lang='grc' dir='ltr'><strong>τότε.</strong></span> 
     </span>
    </p>
   </div>
   <div class='ocr_carea' id='block_1_110' title="bbox 300 5715 1811 5794">
    <p class='ocr_par' dir='ltr' id='par_1_110' title="bbox 300 5715 1811 5794">
     <span class='ocr_line' id='line_1_110' title="bbox 300 5715 1811 5794; baseline 0.005 -24"><span class='ocrx_word' id='word_1_806' title='bbox 300 5715 424 5794; x_wconf 44' lang='grc' dir='ltr'><strong>(δῖ)-</strong></span> <span class='ocrx_word' id='word_1_807' title='bbox 447 5717 732 5794; x_wconf 64' lang='grc' dir='ltr'><strong>Ὑστερον</strong></span> <span class='ocrx_word' id='word_1_808' title='bbox 777 5719 879 5794; x_wconf 50' lang='lat' dir='ltr'><strong>{mf</strong></span> <span class='ocrx_word' id='word_1_809' title='bbox 939 5719 1137 5794; x_wconf 72' lang='grc' dir='ltr'><strong>αὐτῶν</strong></span> <span class='ocrx_word' id='word_1_810' title='bbox 1188 5721 1308 5775; x_wconf 81' lang='grc' dir='ltr'><strong>τῶν</strong></span> <span class='ocrx_word' id='word_1_811' title='bbox 1362 5720 1702 5794; x_wconf 33' lang='grc' dir='ltr'><strong>Ἀρείων-ῶν.-</strong></span> <span class='ocrx_word' id='word_1_812' title='bbox 1720 5721 1811 5794; x_wconf 61' lang='grc' dir='ltr'><strong>ΑΙ)</strong></span> 
     </span>
    </p>
   </div>
   <div class='ocr_carea' id='block_1_111' title="bbox 1921 5715 3502 5794">
    <p class='ocr_par' dir='ltr' id='par_1_111' title="bbox 1921 5718 3502 5794">
     <span class='ocr_line' id='line_1_111' title="bbox 1921 5718 3502 5794; baseline 0.001 -19"><span class='ocrx_word' id='word_1_813' title='bbox 1921 5718 2304 5794; x_wconf 76' lang='lat' dir='ltr'><strong>Constantium</strong></span> <span class='ocrx_word' id='word_1_814' title='bbox 2367 5721 2778 5794; x_wconf 18' lang='lat' dir='ltr'><strong>missiﬁerant:</strong></span> <span class='ocrx_word' id='word_1_815' title='bbox 2817 5723 3148 5794; x_wconf 79' lang='lat' dir='ltr'><strong>quibuscum</strong></span> <span class='ocrx_word' id='word_1_816' title='bbox 3205 5721 3502 5793; x_wconf 80' lang='lat' dir='ltr'><strong>disputavit</strong></span> 
     </span>
    </p>
   </div>
   <div class='ocr_carea' id='block_1_112' title="bbox 221 5785 3030 5864">
    <p class='ocr_par' dir='ltr' id='par_1_112' title="bbox 221 5785 3030 5864">
     <span class='ocr_line' id='line_1_112' title="bbox 221 5785 3030 5864; baseline 0.001 -22"><span class='ocrx_word' id='word_1_817' title='bbox 221 5785 594 5864; x_wconf 25' lang='lat' dir='ltr'><strong>i_is;vi_delieet</strong></span> <span class='ocrx_word' id='word_1_818' title='bbox 622 5785 946 5864; x_wconf 28' lang='lat' dir='ltr'><strong>’eplscopis,</strong></span> <span class='ocrx_word' id='word_1_819' title='bbox 1003 5793 1097 5864; x_wconf 80' lang='lat' dir='ltr'><strong>qui</strong></span> <span class='ocrx_word' id='word_1_820' title='bbox 1147 5806 1215 5864; x_wconf 61' lang='lat' dir='ltr'><strong>ex</strong></span> <span class='ocrx_word' id='word_1_821' title='bbox 1269 5785 1502 5864; x_wconf 75' lang='lat' dir='ltr'><strong>utroque</strong></span> <span class='ocrx_word' id='word_1_822' title='bbox 1549 5792 1812 5864; x_wconf 78' lang='lat' dir='ltr'><strong>concilio,</strong></span> <span class='ocrx_word' id='word_1_823' title='bbox 1923 5792 2130 5849; x_wconf 86' lang='lat' dir='ltr'><strong>Actius.</strong></span> <span class='ocrx_word' id='word_1_824' title='bbox 2166 5792 2505 5850; x_wconf 80' lang='lat' dir='ltr'><strong>Sozomenus</strong></span> <span class='ocrx_word' id='word_1_825' title='bbox 2529 5793 2623 5849; x_wconf 89' lang='lat' dir='ltr'><strong>lib.</strong></span> <span class='ocrx_word' id='word_1_826' title='bbox 2665 5809 2736 5858; x_wconf 88' lang='lat' dir='ltr'><strong>Iv,</strong></span> <span class='ocrx_word' id='word_1_827' title='bbox 2783 5785 2903 5864; x_wconf 74' lang='lat' dir='ltr'><strong>cap.</strong></span> <span class='ocrx_word' id='word_1_828' title='bbox 2945 5792 3030 5846; x_wconf 77' lang='lat'><strong>22.</strong></span> 
     </span>
    </p>
   </div>
   <div class='ocr_carea' id='block_1_113' title="bbox 219 5857 1813 5932">
    <p class='ocr_par' dir='ltr' id='par_1_113' title="bbox 219 5857 1813 5932">
     <span class='ocr_line' id='line_1_113' title="bbox 219 5857 1813 5932; baseline 0.001 -17"><span class='ocrx_word' id='word_1_829' title='bbox 219 5857 568 5915; x_wconf 73' lang='lat' dir='ltr'><strong>Ariminensi</strong></span> <span class='ocrx_word' id='word_1_830' title='bbox 616 5857 688 5912; x_wconf 78' lang='lat' dir='ltr'><strong>ac</strong></span> <span class='ocrx_word' id='word_1_831' title='bbox 731 5857 1111 5924; x_wconf 83' lang='lat' dir='ltr'><strong>Seleuciensi,</strong></span> <span class='ocrx_word' id='word_1_832' title='bbox 1163 5857 1695 5932; x_wconf 78' lang='lat' dir='ltr'><strong>ConstantinOpolim</strong></span> <span class='ocrx_word' id='word_1_833' title='bbox 1746 5862 1813 5916; x_wconf 89' lang='lat' dir='ltr'><strong>ad</strong></span> 
     </span>
    </p>
   </div>
   <div class='ocr_carea' id='block_1_114' title="bbox 635 5955 3267 6018">
    <p class='ocr_par' dir='ltr' id='par_1_114' title="bbox 635 5955 3267 6018">
     <span class='ocr_line' id='line_1_114' title="bbox 635 5955 3267 6018; baseline 0.005 -3"><span class='ocrx_word' id='word_1_834' title='bbox 635 5957 901 6017; x_wconf 72' lang='lat' dir='ltr'><strong>PATROL.</strong></span> <span class='ocrx_word' id='word_1_835' title='bbox 946 5960 1058 6017; x_wconf 75' lang='lat' dir='ltr'><strong>Gn.</strong></span> <span class='ocrx_word' id='word_1_836' title='bbox 1099 5958 1293 6018; x_wconf 75' lang='lat' dir='ltr'><strong>XLII.</strong></span> <span class='ocrx_word' id='word_1_837' title='bbox 3193 5955 3267 6014; x_wconf 75' lang='grc'><strong>1⁷</strong></span> 
     </span>
    </p>
   </div>
  </div>
