3988 6404
567 397 675 454 sas
922 450 925 451 ,
1120 420 1125 427 ς
1940 384 1998 439 s.
2040 377 2379 438 meum“
3657 385 3740 448 επ

569 517 730 585 cujus
762 511 1014 585 prresidio
1037 518 1209 565 totum
1254 522 1403 565 mare
1444 505 1625 560 nando
1675 502 1929 573 trajicere
1956 516 2021 558 ac
2054 516 2142 555 sa-

2171 505 2213 564 Α
2245 499 2390 564 σθαι,
2424 495 2516 552 καὶ
2547 495 2821 568 σωτηρίαν
2855 493 3035 566 ἑαυτῷ
3064 494 3535 567 προσπορίσασθαι·
3563 499 3739 568 σφαλέν-

573 612 741 665 lutem
766 619 1084 676 comparare
1112 603 1214 658 sibi
1253 605 1457 672 possit;
1486 598 1578 669 qui
1619 597 1666 653 si
1699 596 1882 665 aliquo
1914 594 2143 649 fortasse

2241 608 2332 654 τος
2351 590 2409 644 δὲ
2434 588 2528 642 τοῦ
2557 587 2823 650 τοιούτου,
2855 586 2951 640 καὶ
2969 588 3068 657 οὐχ
3090 587 3167 650 ὡς
3196 586 3527 658 ὑπελάμϐανε
3550 592 3656 662 περὶ
3672 592 3740 646 τοῦ

572 716 703 756 casu
736 697 1022 761 exciderit,
1052 707 1229 765 neque
1278 708 1342 749 ex
1392 691 1486 745 illo
1515 703 1661 751 vase,
1694 701 1854 757 quem
1890 684 2143 754 sperabat

2244 681 2383 753 μετὰ
2408 683 2566 753 χεῖρα
2591 677 2819 742 σκεύους
2841 676 2902 730 τδ
2930 677 3105 749 πέρας
3137 677 3405 749 εὑρόντος,
3438 677 3636 750 ὕστερον
3652 680 3744 734 ὑπο-

571 792 783 848 exitum
813 788 1078 859 consequi
1121 785 1381 861 potuerit,
1414 792 1527 837 tum
1562 794 1692 835 vero
1727 778 1980 834 ﬂuctibus
2008 776 2143 830 bau-

2243 772 2467 845 ϐρυχίου
2494 772 2798 841 γεγονότος,
2823 771 3078 824 ἐκπεσεῖν
3109 768 3206 841 τῆς
3229 768 3403 840 πάσης
3430 774 3745 842 πραγματείας

571 891 692 939 stus
726 887 901 936 totum
935 854 1039 945 hoc
1072 854 1347 947 negotium
1379 888 1503 931 cum
1538 872 1713 926 salute
1743 867 2098 939 pessundabit
2125 885 2138 921 τ

2241 884 2303 921 τε
2331 866 2425 919 καὶ
2455 865 2748 935 σωτηρίας·
2778 864 2920 919 οὑτω
2947 863 3042 917 καὶ
3070 854 3225 928 οὗτος
3250 865 3279 916 ὁ
3326 863 3518 928 ’Δέτιος
3546 865 3629 918 καὶ
3651 866 3689 917 οἱ
3706 866 3749 931 ἐξ

570 972 652 1029 sic
704 969 897 1027 Aetius
951 966 1181 1039 ejusque
1238 970 1534 1020 sectatores
1584 959 1833 1015 Anomoei
1890 956 2034 1028 quod
2090 957 2142 1011 in

2244 953 2411 1009 αὑτοῦ
2452 953 2743 1024 Ἀνόμοιοι,
2771 953 2852 1016 είς
2877 952 3041 1037 μέσον
3067 951 3324 1022 φέροντες
3352 951 3411 1005 τὸ
3443 952 3587 1024 ῥητὸν
3606 952 3660 1007 τὸ
3673 953 3752 1008 {iub

570 1061 865 1133 Evangelia
920 1059 1126 1115 dictum
1171 1073 1201 1110 a
1240 1055 1472 1110 Domino
1503 1052 1700 1123 legitur
1747 1025 2038 1106 all‘ere—utes
2088 1050 2144 1104 in

2242 1044 2338 1099 τοῦ
2382 1045 2590 1117 Κυρίου
2643 1046 2700 1098 ὲν
2743 1042 2820 1114 τῷ
2864 1025 3183 1113 Εὑαγγελίῳ
3229 1040 3526 1113 εἰρημένον,
3567 1043 3654 1113 τὴν
3679 1042 3753 1113 μὲν

571 1132 833 1216 medium,
887 1150 1069 1206 verbis
1113 1147 1332 1219 quidem
1361 1144 1493 1215 ipsis
1542 1149 1790 1207 utuntur,
1823 1138 1919 1197 sed
1954 1154 2143 1195 eorum

2244 1136 2387 1201 λέξιν
2418 1134 2772 1207 ὑφηγοῦνται,
2816 1133 2915 1206 τὴν
2957 1134 3013 1186 δὲ
3047 1132 3218 1202 αὐτῆς
3248 1132 3472 1203 δύναμιν
3504 1132 3593 1186 οὑκ
3619 1133 3754 1205 ὀρθῶς

570 1248 679 1299 vim
711 1258 834 1298 cum
868 1250 1015 1297 recte
1041 1256 1151 1295 non
1195 1237 1521 1303 intelligant,
1551 1233 1770 1303 utrique
1799 1232 2145 1285 vehementer

2246 1229 2586 1298 κατέχοντες,
2628 1226 2922 1294 σφάλλεται
2970 1225 3065 1278 καὶ
3117 1224 3456 1293 σφάλλονται.
3497 1226 3646 1278 Ὅταν
3675 1226 3758 1296 γὰρ

572 1344 847 1397 aberrant.
879 1336 1014 1390 Cum
1054 1334 1200 1388 enim
1236 1342 1537 1385 occurrens
1577 1327 1647 1382 iis
1693 1323 1898 1395 aliquis
1932 1322 2147 1378 divino-

2245 1319 2428 1381 αὑτοῖς
2460 1314 2772 1386 περιτύχοιέ
2800 1331 2905 1378 τις,
2942 1314 3185 1384 καὶπερὶ
3207 1312 3433 1366 ἐντολῶν
3457 1313 3755 1386 ὑπομνήσειε,

571 1445 692 1484 rum
725 1432 1114 1498 praeceptorum
1141 1418 1470 1474 mentionem
1501 1414 1698 1484 injicit,
1727 1428 1791 1467 ex
1821 1412 1963 1466 illius
1983 1409 2146 1481 917

2245 1407 2403 1463 τοῦτο
2432 1407 2754 1476 φάσκωσιν,
2786 1404 2861 1469 ὡς
2888 1404 2991 1474 ἔφη
3029 1402 3090 1457 τὸ
3125 1404 3307 1473 ῥητὸν,
3338 1403 3418 1458 ὅτι
3453 1420 3470 1454 ε
3501 1404 3647 1458 Οὐδὲν
3669 1404 3758 1458 ἓτε-

571 1496 897 1575 auctoritate
941 1513 1075 1570 dicti
1127 1512 1472 1582 subjiciunt:
1513 1528 1531 1559 ι
1561 1506 1707 1561 Nihil
1737 1503 1884 1559 aliud
1921 1518 1951 1556 a
1989 1503 2146 1558 nobis

2250 1502 2343 1573 ρόν
2386 1502 2534 1553 ἐστιν
2578 1499 2608 1552 ὃ
2645 1497 2799 1570 ζητεῖ
2828 1496 2959 1560 Θεὸς
2994 1497 3126 1571 παρ’
3180 1496 3356 1573 ἡμῶν,
3395 1496 3503 1550 ἀλλ’
3540 1497 3619 1552 ἴνα
3643 1498 3760 1571 γινώ-

568 1612 814 1683 tlagitare
837 1608 1026 1670 Deum,
1047 1618 1211 1675 quam
1234 1611 1292 1657 ut
1314 1613 1713 1671 cognoscamus
1738 1597 1941 1666 ipsum,
1968 1609 2143 1665 quem-

2250 1607 2469 1661 σκωμεν
2498 1588 2662 1644 αὑτὸν
2696 1588 2876 1658 μόνον,
2906 1587 2983 1650 ὡς
3019 1587 3114 1641 καὶ
3136 1586 3166 1643 ὁ
3198 1586 3431 1657 Χριστὸς
3470 1587 3587 1659 εφη,
3618 1590 3758 1658 φησιν,

567 1676 865 1759 admodum
893 1696 1147 1752 Christus
1177 1690 1475 1749 declaravit
1509 1688 1594 1744 his
1622 1687 1806 1743 verbis
1833 1701 1847 1738 ε
1884 1684 1967 1740 Da
1998 1685 2142 1754 ipsis,

2248 1683 2308 1736 ἐν
2335 1682 2412 1753 τῷ
2454 1681 2633 1750 λέγειν
2674 1678 2857 1735 αὐτόν·
2901 1676 3011 1745 Δὸς
3047 1677 3275 1745 αὐτοῖς,
3314 1676 3520 1748 Πάτερ,
3559 1679 3763 1748 exemi?

573 1797 761 1857 Pater,
798 1790 988 1843 habere
1020 1788 1074 1841 in
1108 1785 1295 1853 seipsis
1325 1783 1508 1837 vitam.
1545 1778 1672 1834 Ha'c
1696 1788 1773 1833 est
1816 1789 1991 1832 autent
2018 1776 2148 1840 vita,

2250 1773 2485 1838 ἑαυτοῖς
2508 1772 2578 1833 ξω
2586 1773 2679 1841 ἠν.
2707 1771 2868 1840 Αὕτη
2887 1769 2955 1826 δέ
2979 1770 3150 1826 ἐστιν
3164 1771 3203 1841 ἡ
3220 1769 3358 1840 ζωὴ,
3371 1771 3475 1826 ἵνα
3488 1772 3764 1841 γινώσκωσι
3801 1828 3805 1833 ,

571 1895 629 1941 ut
654 1888 974 1961 cognoscant
1009 1888 1055 1933 te
1084 1877 1258 1931 solum
1284 1890 1464 1929 verum
1492 1872 1678 1936 Deum,
1708 1878 1756 1926 et
1785 1885 1935 1940 quem
1959 1867 2146 1922 misisti

2191 1840 2223 1896 Β
2252 1878 2325 1961 σε
2355 1863 2463 1961 τόν
2493 1840 2687 1933 μόνον
2706 1861 2996 1931 ἀληθινὸν
3021 1862 3192 1927 Θεὸν,
3233 1861 3335 1916 καὶ
3366 1861 3439 1917 ὃν
3466 1840 3766 1929 ἀπέστειλας

571 1951 1132 2033 Jesurii/Christuni‘.
1163 1985 1181 2020 ι
1236 1964 1372 2019 Nam
1424 1970 1479 2019 et
1525 1961 1818 2017 nonnullos
1855 1958 2146 2014 referentes

2264 1952 2499 2021 Ἰησοῦν
2526 1951 3189 2022 Χριστόν.ι’Δκηκόαμεν
3216 1951 3329 2022 γὰρ
3361 1951 3455 2015 καί
3475 1969 3620 2017 τινων
3634 1951 3768 2021 λεγόν-

573 2067 907 2128 audivimus,
946 2061 1091 2132 quod
1134 2059 1202 2113 de
1234 2058 1327 2113 illo
1379 2071 1438 2111 se
1477 2055 1653 2126 palam
1702 2050 1919 2107 audisse
1959 2047 2148 2105 testiﬁ-

2251 2061 2381 2106 των,
2426 2043 2502 2107 ὡς
2547 2042 2680 2119 παρ’
2713 2040 2879 2095 αὑτοῦ
2918 2042 3163 2114 ἐναργῶς
3211 2043 3541 2113 ἀκηκόασιν,
3568 2042 3635 2110 ῶς
3660 2059 3768 2109 τινες

572 2168 851 2229 carentur,
887 2169 1013 2211 cum
1056 2150 1273 2223 quidam
1305 2149 1376 2204 ob
1408 2157 1656 2216 stuprum
1689 2143 1900 2198 feminae
1943 2140 2147 2195 illatum

2252 2134 2656 2206 κατηγοροῦντο
2680 2132 2773 2186 ἐπὶ
2798 2132 3118 2205 ἀτοπήματι
3148 2134 3407 2203 γυναικὸς
3427 2134 3627 2207 ᾅδοντες
3639 2134 3674 2200 ⁸,
3697 2135 3767 2189 καὶ

571 2255 990 2306 aceusarentur,
1023 2254 1075 2300 et
1115 2243 1183 2298 ab
1212 2241 1336 2295 aliis
1370 2240 1785 2296 damnarentur.
1823 2234 1958 2290 nihil
2002 2234 2146 2288 illum

2252 2228 2718 2298 κατεγινώσκοντο
2752 2225 2843 2280 ὑπ’
2880 2226 3080 2281 αὐτῶν.
3141 2226 3199 2280 '0
3237 2227 3297 2282 δὲ
3327 2212 3455 2282 οὐδε
3474 2227 3595 2299 περὶ
3612 2226 3770 2295 toti:th

582 2348 940 2400 commotum,
978 2335 1073 2389 sed
1105 2332 1306 2388 factum
1338 2328 1471 2384 illud
1510 2328 1624 2383 risu
1656 2342 1720 2382 ae
1757 2326 1994 2382 ludibrio
2029 2338 2156 2393 pro-

2253 2321 2506 2395 χαλεπῶς
2538 2320 2750 2393 ἔφερεν
2788 2318 2925 2375 ἀλλὰ
2961 2321 3054 2374 καὶ
3086 2319 3263 2391 μάτην
3298 2319 3571 2391 ἐχλεύαζε,
3596 2318 3769 2389 φάσκων

574 2440 892 2504 sequentem
924 2428 1155 2491 dixisse,
1193 2424 1396 2479 nullius
1423 2422 1527 2477 hoc
1559 2436 1682 2477 esse
1712 2418 1993 2474 momenti.
2026 2417 2149 2472 Cor-

2257 2413 2421 2487 μηδὲν
2449 2407 2668 2468 εἶναιτὸ
2686 2411 2945 2466 τοιοῦτον.
2972 2411 3269 2482 Σωματικὴ
3301 2412 3412 2484 γάρ
3440 2413 3579 2465 ἐστιν
3602 2413 3631 2482 ἡ
3653 2409 3771 2483 χρεία

571 2524 724 2596 poris
781 2521 927 2578 enim
985 2519 1128 2573 hanc
1176 2531 1300 2571 esse
1362 2513 1742 2569 necessitatem
1792 2525 1857 2565 ac
1918 2509 2146 2563 functio-

2255 2508 2351 2562 καὶ
2386 2509 2420 2579 ἡ
2455 2506 2753 2579 ὑπηρεσία’
2785 2505 2974 2577 ὥσπερ
3000 2504 3130 2580 γὰρ,
3159 2505 3321 2576 φησὶ,
3347 2505 3475 2577 περὶ
3496 2505 3555 2561 τὸ
3580 2499 3661 2568 οὖς
3677 2520 3773 2573 κνηο

571 2594 719 2680 nem,
744 2607 1203 2683 quemadmodum
1228 2618 1415 2658 aurem
1441 2614 1832 2670 nonnunquam
1859 2597 2146 2667 scalpimus

2256 2598 2461 2671 θόμεθα
2479 2599 2595 2669 (καὶ
2609 2597 2771 2662 αὑτὸς
2803 2596 2911 2683 μὲν
2934 2594 3187 2683 αἰδοῦμαι
3202 2594 3385 2665 λέγειν
3399 2596 3596 2679 ὅσαπερ
3616 2595 3774 2655 ἐκεῖνος

574 2711 1003 2779 (quanquamea
1039 2710 1331 2754 recensere
1356 2709 1464 2748 non
1493 2692 1613 2749 sine
1642 2693 1841 2746 rubore
1864 2705 2149 2762 possumus

2255 2686 2571 2779 ἀκάθαρτος
2608 2682 2948 2779 διηγήσατο),
2986 2682 3242 2750 λασόντες
3275 2683 3359 2749 δὲ,
3386 2683 3538 2753 φησὶ,
3572 2670 3774 2754 πτερὸνή

575 2770 698 2868 qua:
729 2770 979 2862 impurus
1013 2787 1104 2842 ille
1132 2782 1418 2857 jactabat),
1457 2780 1553 2837 sed
1581 2788 1663 2848 ut,
1693 2780 1995 2851 inquiebat,
2039 2780 2150 2850 pin-

2258 2779 2489 2851 κάρφος.
2526 2776 2588 2833 τὸ
2614 2772 2707 2840 οῦς
2736 2774 3065 2847 κνηθόμεθα,
3104 2774 3199 2828 καὶ
3238 2773 3389 2829 οὑτω
3427 2771 3683 2845 παυόμεθα
3706 2770 3774 2840 τῆς

577 2861 738 2950 aula,
796 2861 881 2938 vel
933 2880 1142 2936 festuca
1198 2889 1388 2930 aurem
1440 2872 1760 2943 scalpimus.
1826 2880 1991 2940 atque
2052 2869 2152 2924 hoc

2260 2872 2393 2944 περὶ
2433 2871 2532 2942 τὴν
2574 2870 2744 2940 ἀκοὴν
2784 2866 3098 2941 κνησμονῆς
3120 2881 3135 2897 ο
3171 2864 3319 2923 οὕτω
3354 2865 3633 2927 καὶτοῦτο,
3661 2861 3776 2935 φησὶ,

579 2976 741 3033 modo
776 2971 1017 3045 pruritus
1055 2965 1279 3030 desinit,
1331 2964 1413 3018 sic
1448 2970 1502 3018 et
1539 2962 1594 3017 id
1646 2960 1971 3016 naturaliter
2000 2957 2154 3015 nobis

2261 2960 2546 3033 συμϐαίνει
2583 2958 2724 3013 κατὰ
2753 2957 2935 3026 φύσιν
2980 2958 3075 3011 καὶ
3112 2956 3166 3017 ετ
3192 2974 3279 3022 τις
3322 2955 3681 3020 ὲπιτελέσειεν,
3705 2951 3778 3023 οὐχ

578 3067 780 3131 evenit,
822 3076 998 3139 neque
1030 3059 1321 3130 quisquam
1358 3069 1420 3109 ea
1462 3068 1521 3109 re
1561 3051 1811 3107 facienda
1843 3058 2051 3120 peccat.

1030 3059 1321 3130 quisquam
1358 3069 1420 3109 ea
1462 3068 1521 3109 re
1561 3051 1811 3107 facienda
1843 3058 2051 3120 peccat.
2262 3051 2586 3125 ἁμαρτάνει.

648 3158 719 3214 V.’
747 3155 873 3212 llaec
896 3134 951 3209 et
982 3152 1088 3206 alia
1128 3160 1238 3204 tum
1270 3145 1535 3217 ejusmodi
1576 3143 1856 3204 narrabat,
1891 3156 1954 3196 ac
1983 3140 2160 3196 disso-
2189 3190 2223 3217 ί,

2206 3190 2231 3212 η
2336 3142 2411 3197 E'.
2436 3141 2548 3196 Καὶ
2574 3142 2675 3195 ὅσα
2688 3138 2912 3195 τοιαῦτα
2938 3140 2967 3193 ό
2985 3139 3124 3211 ἀνὴρ
3151 3139 3527 3211 διηγούμενος,
3543 3134 3781 3211 ὑδαρῶςτὰ

579 3256 692 3308 lute
713 3258 767 3305 et
794 3245 1042 3317 nequiter
1056 3241 1308 3302 docebat,
1327 3247 1386 3292 ut
1407 3236 1489 3291 vel
1515 3251 1579 3290 ex
1610 3233 1745 3304 ipsis
1778 3231 1958 3295 factis,
1983 3230 2154 3302 cujus

2206 3226 2231 3249 “⁶
2267 3236 2443 3289 πάντα
2464 3231 2557 3287 καὶ
2582 3231 2766 3317 κακῶς
2789 3230 3064 3284 ἐδίδασκεν
3079 3246 3094 3261 ο
3121 3230 3210 3284 ἵνα
3235 3229 3295 3297 ἐξ
3320 3229 3499 3289 αὐτῶν
3522 3228 3621 3283 τῶν
3648 3226 3781 3298 ἔργων

581 3341 726 3398 modi
769 3314 934 3394 fuerit
966 3334 1077 3398 ille,
1111 3336 1344 3394 constet,
1371 3325 1704 3398 nosqueipsi
1729 3322 1941 3376 Domini
1959 3320 2156 3383 verbis,

2263 3325 2425 3396 ὀφθῇ,
2457 3324 2511 3378 τί
2538 3323 2635 3394 μὲν
2660 3314 2816 3386 οὗτός
2838 3322 2986 3375 ἐστιν
3009 3337 3024 3352 ο
3052 3322 3103 3374 οί
3134 3320 3190 3375 δὲ
3214 3321 3310 3375 τοῦ
3335 3321 3537 3395 Κυρίου
3558 3318 3684 3389 λόγοι
3710 3333 3780 3371 σα·

578 3433 727 3488 velut
750 3430 871 3484 luce
901 3423 1157 3498 quadam,
1188 3422 1590 3480 eollustremur,
1619 3416 1710 3486 qui
1754 3414 1833 3469 sic
1871 3412 2153 3473 admonet:

2267 3417 2381 3487 φῶς
2412 3417 2543 3488 ἡμῖν
2567 3413 3006 3482 καταυγάσωσιν,
3035 3412 3112 3477 ὡς
3142 3412 3293 3481 ἔλεγε
3318 3431 3334 3444 ο
3372 3410 3679 3483 Προσέχετε
3695 3403 3781 3463 ἀπὸ

582 3523 853 3580 Αιιεηάὶιε
898 3493 936 3574 ἆ
984 3518 1138 3589 [alsis
1178 3513 1464 3584 prophetis,
1502 3511 1590 3580 qui
1645 3508 1852 3562 veniunt
1893 3504 1961 3558 ad
1997 3522 2081 3559 vos
2113 3505 2157 3558 in

2266 3507 2385 3564 τῶν
2419 3503 2950 3577 ψευδοπροφητῶν,
2967 3504 3185 3567 οἵτινες
3208 3503 3489 3572 ἔρχονται
3516 3501 3651 3569 πρὸς
3670 3493 3781 3565 ὑμᾶς

585 3614 907 3674 vestimentis
943 3611 1138 3675 ovium,
1164 3606 1479 3659 intrinsecus
1507 3610 1681 3654 autem
1705 3606 1826 3652 sunt
1867 3596 1977 3666 lupi
2009 3611 2160 3665 rapa-

2267 3601 2338 3655 ἐν
2364 3597 2656 3668 ἐνδύμασι
2687 3594 3015 3664 προϐάτων,
3038 3595 3264 3649 ἔσωθεν
3290 3593 3364 3649 δέ
3395 3596 3511 3647 εισι
3539 3591 3692 3645 λύκοι
3713 3585 3783 3652 ἄρα

584 3725 689 3764 res.
746 3706 789 3758 A
832 3699 1090 3773 fructibus
1153 3711 1333 3757 eorum
1386 3689 1708 3762 cognoscetis
1751 3704 1863 3747 eos.
1915 3686 2159 3756 Nunquid

2269 3705 2475 3759 πατεῖς.
2515 3687 2650 3742 Ἀπὸ
2676 3686 2794 3741 τῶν
2818 3685 3061 3755 καρπῶν
3096 3683 3293 3741 αὐτῶν
3315 3682 3696 3757 ἐπιγνώσεσθε
3709 3678 3784 3731 αὐ-

586 3769 842 3866 cnlligunt
871 3792 935 3848 de
965 3789 1127 3858 spinis
1175 3802 1323 3848 uvas,
1356 3791 1447 3839 aut
1491 3781 1556 3833 de
1589 3778 1800 3833 tribulis
1828 3778 1959 3846 ficus
1985 3777 2041 3830 ‘?
2079 3776 2161 3829 Sic

2268 3784 2431 3855 τούς.
2459 3777 2613 3847 Μήτι
2632 3777 3046 3847 συλλέγουσιν
3062 3776 3180 3831 ἀπὸ
3204 3776 3489 3832 ἀκανθῶν
3506 3769 3783 3842 σταφυλὰς,

587 3857 754 3959 igitur
782 3857 1135 3937 stolidissima
1180 3874 1326 3929 illius
1368 3872 1422 3924 in
1470 3868 1722 3923 omnibus
1768 3864 1996 3919 audacia
2043 3863 2162 3917 hinc

2269 3874 2309 3944 ἢ
2342 3873 2462 3928 ἀπὸ
2505 3872 2791 3940 τριϐόλων
2831 3868 3026 3934 σῦκα;
3073 3868 3227 3924 Οὑτω
3254 3868 3354 3922 καὶ
3396 3870 3435 3943 ἡ
3473 3864 3644 3920 τούτου
3683 3857 3786 3914 κατὰ

588 3949 645 4036 et
677 3976 827 4032 illinc
878 3968 1258 4041 redarguitur:
1290 3967 1478 4033 utpote
1518 3960 1609 4029 qui
1658 3964 1848 4011 contra
1883 3954 2163 4009 Dominum

2272 3962 2452 4017 πάντα
2485 3962 2584 4032 τῆς
2620 3958 2879 4030 ἀνοησίας
2912 3959 3090 4029 τόλμα
3125 3956 3378 4011 ἐντεῦθεν
3408 3957 3500 4012 καὶ
3526 3953 3705 4021 ἐκεῖθεν
3732 3949 3785 4002 δι-

591 4072 773 4144 ipsum
811 4062 1132 4121 et'frenatum
1186 4052 1255 4114 os’
1311 4052 1559 4108 auellere
1606 4065 1713 4104 non
1767 4047 2065 4109 dubitavit,
2117 4046 2166 4099 in

2273 4054 2556 4124 ελὲγχεται
2572 4069 2588 4084 ο
2614 4050 2689 4116 ὡς
2720 4050 2818 4120 μὲν
2850 4047 2991 4103 κατὰ
3005 4048 3097 4102 τοῦ
3120 4047 3395 4102 Δεσπότου
3427 4046 3583 4105 αὑτοῦ
3602 4041 3785 4097 ἀνέτεινε

591 4131 827 4229 eumque
858 4156 977 4209 sine
1005 4153 1114 4207 ullo
1161 4148 1365 4220 pudore
1404 4142 1688 4199 maledicta
1713 4140 1966 4209 conjecit,
2004 4145 2061 4191 ut
2107 4152 2166 4192 ex

2271 4147 2333 4200 τὸ
2354 4145 2532 4217 στόμα
2556 4140 3000 4214 άθυρογλωττῶν,
3018 4141 3096 4203 είς
3122 4140 3212 4193 τὸν
3233 4139 3429 4195 ἑαυτοῦ
3459 4138 3646 4209 Κύριον
3667 4131 3787 4203 βλασ-

592 4217 1064 4322 ipsis'petulantiae
1088 4217 1457 4296 30—diSSOIUIAB
1487 4232 1730 4288 libidinis
1755 4230 2022 4286 fructibus
2047 4245 2167 4299 pru-

2275 4240 2476 4309 φημεῖν
2519 4236 2593 4306 μὴ
2655 4232 3071 4303 αἰσχυνόμενος,
3116 4231 3204 4284 ἴνα
3235 4230 3333 4284 καὶ
3376 4231 3441 4284 ἐκ
3479 4228 3587 4282 τῶν.
3612 4217 3787 4294 καρπῶν

521 4338 534 4366 ⁸
592 4310 871 4400 dentiores
904 4337 1105 4408 quique
1139 4331 1441 4405 periculum
1484 4327 1630 4381 illius
1680 4324 1939 4380 facientes
1977 4322 2090 4378 abi

2274 4331 2373 4401 τῆς
2395 4325 2560 4382 αὑτοῦ
2586 4323 2881 4387 ἀκολασίας
2907 4322 3002 4376 καὶ
3030 4320 3359 4392 ὑδαρότητος
3387 4320 3439 4375 el
3465 4314 3657 4381 συνετοὶ
3681 4310 3786 4408 δοτι-

755 4433 861 4490 illis
898 4397 1218 4498 colligendis
1247 4421 1577 4479 abstineant.
1611 4416 1797 4487 Neque
1824 4416 1966 4470 enim
2001 4430 2031 4470 e
2062 4414 2171 4483 spi-

2281 4397 2551 4493 μάσαντες
2594 4415 2669 4487 μὴ
2695 4414 2996 4486 δρέψωνται
3023 4413 3131 4468 τῶν
3153 4411 3332 4466 αὐτῶν
3365 4408 3601 4483 καρπῶν.
3625 4405 3686 4458 Οὐ
3712 4397 3788 4498 τάξ

593 4528 683 4585 nis
727 4540 830 4581 uva
879 4486 1075 4578 demeti
1124 4523 1323 4589 potest,
1371 4522 1429 4568 ut
1470 4526 1537 4567 ex
1587 4486 1881 4580 depravata
1929 4506 2168 4562 doctrina

2213 4527 2254 4583 D
2280 4486 2500 4567 δύναται
2522 4510 2581 4576 ἐξ
2596 4486 2852 4561 θάκανθῶν
2890 4505 3131 4576 σταφυλὴ
3154 4503 3481 4576 τρυγᾶσθαι,
3514 4501 3594 4554 ἴνα
3611 4494 3690 4550 καὶ
3712 4486 3788 4543 ἀπὸ

595 4617 863 4676 sanctitas
914 4582 1143 4668 oriatur:
1175 4605 1378 4662 Verum
1431 4604 1547 4658 haec
1592 4601 1660 4657 de
1700 4599 1919 4655 homine
1970 4598 2062 4651 illo
2109 4595 2170 4651 ah

2228 4582 2233 4583 ν
2283 4604 2382 4675 τῆς
2403 4600 2887 4663 κακοδιδασκαλίας
2909 4602 2942 4671 ἡ
2973 4599 3237 4669 σεμνότης
3257 4596 3467 4668 ὀφθείη.
3507 4589 3650 4646 Ἀλλὰ
3664 4582 3787 4639 ταῦτα

596 4708 719 4763 aliis
758 4709 980 4781 accepta
1006 4698 1296 4755 didicimus
1324 4712 1337 4750 :
1371 4694 1425 4748 in
1463 4693 1608 4748 illius
1638 4704 1802 4760 porro
1833 4686 2171 4758 dogmatibus

2288 4696 2385 4767 μὲν
2436 4695 2563 4767 περὶ
2593 4694 2683 4747 τὸν
2725 4692 2894 4764 ἄνδρα
2919 4690 3179 4760 γεγονότα
3208 4687 3521 4758 ἀκηκόαμεν
3574 4679 3657 4735 καὶ
3688 4688 3789 4740 συμ-

598 4813 724 4855 eum
770 4770 940 4851 multa
987 4791 1098 4848 sint
1146 4789 1366 4845 furiosa:
1413 4784 1676 4840 adversus
1720 4780 2009 4835 Dominum
2059 4779 2173 4847 ejus

2284 4787 2554 4858 ϐεϐηκότα
2576 4802 2590 4816 ο
2623 4784 2711 4839 διὰ
2744 4784 2800 4838 δὲ
2832 4783 2938 4836 τῶν
2960 4782 3132 4850 λόγων
3160 4778 3323 4843 αὐτοῦ
3347 4773 3602 4833 ἀκόλουθα
3626 4770 3692 4858 εἰς
3715 4777 3788 4835 μα-

601 4886 903 4942 insolentiae
948 4886 1338 4941 consentanea,
1388 4887 1560 4945 pauca
1599 4871 1703 4927 hoc
1736 4870 1858 4924 loco
1889 4868 1955 4923 de
1991 4868 2176 4923 multis

2282 4856 2640 4947 νίαννᾶρσεως
2672 4874 2816 4929 κατὰ
2843 4872 2938 4926 τοῦ
2967 4872 3170 4943 Κυρίου
3197 4867 3571 4940 τολμηθείσης,
3590 4861 3655 4924 ὡς
3672 4856 3787 4923 ἔφην,

604 4975 896 5046 proferam,
931 4988 1146 5042 unaque
1178 4970 1246 5024 ad
1271 4982 1334 5023 ea
1373 4962 1661 5021 refutanda
1689 4961 1887 5025 dicam,
1924 4974 2044 5031 qua:
2072 4957 2179 5012 Do-

2284 4967 2453 5027 πολλὰ
2480 4969 2576 5038 μὲν
2615 4966 2782 5029 ἐστιν,
2826 4965 2981 5033 όλίγα
3017 4963 3075 5018 δὲ
3104 4962 3211 5015 ἀπὸ
3238 4962 3347 5015 τῶν
3381 4957 3626 5013 πλειόνων
3653 4960 3788 5016 παρα-

606 5064 786 5119 minus
817 5064 1043 5119 dicenda
1072 5058 1430 5117 concesserit.
1485 5055 1629 5111 Sane
1666 5055 1885 5125 quidem
1914 5052 2181 5124 ejusmodi

2285 5058 2540 5131 θήσομαι·
2573 5058 2717 5130 Πρὸς
2746 5056 2884 5112 αὐτὰ
2912 5058 2967 5121 δὲ
3000 5056 3036 5111 ἃ
3058 5057 3086 5108 ὁ
3119 5054 3327 5124 Κύριος,
3352 5053 3528 5106 δίδωσι
3551 5044 3668 5116 πρὸς
3693 5039 3788 5131 dua:

604 5162 690 5212 est
714 5154 962 5221 Anommi
985 5154 1131 5208 illius
1164 5152 1220 5206 in
1251 5148 1575 5215 stabilienda
1600 5121 1853 5218 doémate
1882 5121 2179 5209 calumnia,

2284 5121 2508 5223 sparti-zu,
2538 5121 2637 5205 καί
2664 5121 2817 5203 αὑτοὶ
2859 5149 3106 5219 λέξομεν.
3157 5121 3269 5201 xei
3303 5145 3445 5199 ἐστιν
3475 5144 3507 5212 ἢ
3539 5135 3706 5223 τούτῳ
3720 5121 3787 5177 τοῦ

605 5247 742 5304 nihil
789 5252 848 5300 ut
894 5220 1040 5299 aliud
1084 5248 1277 5314 praeter
1330 5241 1721 5297 sententiarum
1764 5239 1988 5294 umbras
2015 5236 2180 5307 918

2298 5232 2574 5313 ’Ἀνομοίου
2620 5241 2718 5310 τῆς
2762 5241 2997 5303 πίστεως
3044 5238 3359 5310 ἐρεσχελία,
3401 5233 3492 5287 καὶ
3529 5228 3624 5283 τῶν
3661 5220 3787 5316 λδγίξν

550 5396 564 5419 ι
604 5355 669 5398 ac
700 5335 1085 5396 similitudines
1117 5344 1480 5401 consectetur,
1509 5348 1630 5404 quae
1660 5330 1873 5387 tametsi
1922 5345 1987 5384 ex
2035 5330 2125 5384 Ser

2285 5311 2621 5401 ἀπεινασμοὶ
2647 5322 2815 5395 οὗτοι,
2852 5331 2916 5381 ὲκ
2940 5326 3171 5399 Γραφῶν
3202 5325 3301 5397 μὲν
3324 5322 3610 5392 λεγόμενοι,
3631 5311 3785 5419 οὖέιοῖν

605 5429 782 5499 pturis
806 5425 939 5497 ipsis
975 5422 1289 5488 aﬂerantur,
1343 5424 1500 5495 longe
1543 5431 1727 5478 tamen
1760 5422 1925 5475 alium
1959 5433 2180 5475 sensum

2284 5439 2392 5484 τως
2420 5421 2476 5473 δὲ
2502 5396 2641 5474 κατὰ
2665 5421 2755 5474 τὸν
2782 5419 2905 5474 νοῦν
2934 5396 3167 5490 ἔγοντες,
3201 5396 3338 5471 ἀλλὰ
3362 5413 3528 5474 ἄλλως
3560 5406 3647 5474 τὴν
3673 5396 3791 5448 δένα-

605 5519 908 5583 continent,
936 5523 997 5570 ut
1028 5529 1152 5570 cum
1184 5513 1345 5568 aliam
1382 5512 1604 5569 omnino
1632 5513 1739 5567 vim
1773 5520 1826 5566 et
1860 5518 2180 5582 potestatem

2146 5524 2181 5562 ll
2296 5528 2387 5581 μιν
2415 5510 2654 5581 ἔχοντες,
2683 5512 2779 5565 ἀπ’
2806 5509 2970 5565 αὑτοῦ
2997 5510 3054 5564 δὲ
3089 5508 3263 5573 οὕτως
3295 5500 3683 5578 λαμϐανόμενοι.
3712 5534 3718 5549 ς

611 5610 865 5678 habeant,
900 5611 969 5665 ab
1002 5610 1094 5665 illo
1133 5617 1315 5664 tamen
1353 5608 1685 5663 contrariam
1714 5607 1782 5663 ad
1818 5614 2054 5661 mentem
2079 5606 2530 5675 detorqueantur.
3548 5584 3551 5585 7

682 5762 703 5795 ι
726 5758 886 5817 Joan.
912 5775 1042 5824 xvii,
1073 5760 1127 5814 '5.
1205 5759 1225 5789 ²
1259 5756 1447 5815 Matth.
1481 5774 1579 5823 vn,
1612 5759 1678 5814 15
1734 5759 1821 5812 16.
1900 5760 1918 5790 ³
1951 5756 2008 5811 F.
2038 5756 2281 5819 ἁλόντες.
