3988 6424
366 375 481 434 525

1084 367 1455 430 Αυνιεῐιευε
1494 371 1840 431 IUERESES
1877 371 1950 428 LI!

2054 373 2140 428 Ill.
2180 372 2343 431 ΤΟΜ.
2388 375 2406 428 1
2468 406 2538 419 -
2577 376 2854 435 ΠΑΣΒΕΞ.
2891 376 3126 434 LXXVI.

3552 378 3657 436 596

444 489 536 561 (τ’.
570 491 772 547 Φάσκει
804 491 861 546 δὲ
892 491 1052 557 εὐθὺς
1083 493 1144 547 έν
1174 494 1339 567 ἀρχῇ,
1373 494 1455 548 ὅτι
1497 513 1515 546 ι
1546 495 1621 549 Οὐ
1650 494 1874 550 δύναται
1901 495 1950 548 τὶ

2142 493 2225 551 Vl.
2264 495 2403 566 Ergo
2439 497 2513 552 ita
2546 499 2728 554 statim
2769 498 2926 553 initio
2960 498 3246 569 disputat:
3289 515 3309 549 ι
3346 495 3467 554 Non
3496 508 3659 570 posse

366 583 668 655 ἀγέννητον
701 584 886 655 ὅμοιον
922 580 1062 642 εἶναι
1094 585 1171 657 τῷ
1217 586 1495 659 γεννητῷο
1544 588 1640 643 καὶ
1681 588 1791 662 γὰρ
1820 589 1963 644 κατὰ

367 674 434 728 τὸ
452 675 626 746 ὄνομα
652 675 957 735 διαλλάττει
973 694 989 710 ’
1027 677 1090 734 τὸ
1119 677 1219 750 μὲν
1239 679 1349 752 γάρ
1376 681 1525 736 ἐστιν
1554 681 1868 753 ἀγέννητον,
1900 681 1963 736 τὸ

300 770 309 775 ’
363 767 429 827 δὲ
454 769 735 841 γεννητόν.
762 789 783 826 ι
828 771 903 827 Τὸ
932 771 989 827 δὲ
1021 772 1133 828 πᾶν
1167 774 1317 829 ἐστιν
1349 773 1580 845 ⁴ἣλιοιον,
1631 774 1726 829 καὶ
1750 776 1831 839 εἰς
1858 793 1962 847 μα-

363 860 489 915 νίαν
517 862 725 934 τρέψαν
761 862 855 920 τὸν
884 860 1073 936 ἄνδρα.
1129 863 1194 919 Εἰ
1221 865 1331 937 γὰρ
1363 866 1672 939 ζητήσομεν
1699 867 1777 939 τῷ
1803 868 1963 936 ἀγεν-

365 953 519 1025 νήτῳ
558 955 879 1029 γεννήτορα,
933 956 1020 1011 ἵνα
1076 957 1150 1028 μὴ
1193 956 1294 1029 τὴν
1346 959 1476 1031 περὶ
1520 958 1758 1030 Χριστοῦ
1799 958 1959 1024 δόξαν

365 1042 549 1115 ἀληθῆ
585 1044 961 1117 ἀπολέσωμεν,
982 1047 1341 1120 εὑρεθήσεται
1367 1048 1552 1102 οὐκέτι
1582 1045 1663 1113 εἷς
1693 1051 1722 1104 6
1746 1050 1956 1122 Πατὴρ,

362 1135 490 1189 οὐδὲ
517 1134 709 1209 Πατὴρ
734 1139 961 1211 πατρὸς,
983 1138 1118 1193 ἀλλὰ
1139 1139 1358 1213 ἄπειροι
1383 1144 1431 1195 οἱ
1456 1140 1691 1212 πατέρες
1706 1143 1960 1213 πατέρων

362 1225 713 1299 ζητούμενοι,
748 1229 842 1283 καλ⁴
874 1230 1058 1286 οὐκέτι
1091 1226 1173 1297 εἷς
1210 1233 1344 1301 Θεός
1374 1234 1521 1287 ἐστιν
1558 1233 1587 1284 6
1619 1231 1696 1287 ὣν
1728 1234 1832 1296 ἀεὶ,
1865 1235 1959 1289 καὶ

363 1318 475 1388 πρὸ
524 1320 690 1373 αὑτοῦ
731 1320 899 1391 μηδὲν
942 1321 1215 1393 ἐσχηκὼς,
1263 1323 1360 1378 καὶ⁹
1399 1324 1486 1377 ἀεὶ
1530 1323 1813 1387 διατελῶν,
1863 1326 1957 1379 καὶ

363 1415 567 1481 μένων·
592 1413 651 1478 ἐξ
675 1408 737 1470 οὗ
775 1417 804 1469 6
830 1415 1129 1487 μονογενὴς
1161 1416 1416 1488 ἀληθινὸς
1457 1418 1579 1481 Υἱὸς
1611 1418 1954 1492 γεγέννηται,

358 1505 459 1558 καὶ
502 1503 640 1569 ἐστι,
688 1506 785 1560 καὶ
810 1506 873 1560 τὸ
899 1505 1056 1576 ἅγιον
1079 1506 1247 1562 αὐτοῦ
1276 1508 1501 1579 Πνεῦμα
1526 1507 1586 1575 ἐξ
1610 1508 1775 1563 αὑτοῦ
1798 1528 1810 1539 ·
1840 1510 1955 1565 ἀλλ’

356 1595 579 1652 εσονται
627 1598 679 1652 οἱ
726 1597 1050 1672 ζητούμενοι
1100 1599 1289 1655 πολλοὶ
1333 1599 1479 1666 θεοὶ,
1523 1602 1618 1656 καὶ
1668 1602 1854 1680 λοιπὸν
1887 1603 1957 1657 τὰ

357 1688 543 1745 πάντα
569 1690 753 1762 ἀπάτη
782 1690 959 1759 ἔσται,
994 1694 1088 1748 καὶ
1119 1693 1220 1747 οὐκ
1256 1693 1506 1765 ἀλήθεια.
1548 1697 1641 1749 Δεῖ
1667 1696 1723 1749 δὲ
1753 1697 1845 1750 καὶ
1879 1697 1955 1760 ὡς

357 1780 538 1851 ἔστιν,
571 1783 670 1839 ἕνα
715 1785 914 1840 ειδέναι
961 1784 1118 1852 Θεὸν,
1160 1786 1385 1858 Πατέρα
1428 1788 1523 1842 τοῦ
1558 1790 1766 1861 Κυρίου
1799 1792 1955 1862 ἡμῶν

2065 587 2231 656 geniti
2266 587 2444 644 simi!e
2484 604 2608 645 esse
2639 589 2783 660 quod
2820 605 2930 645 non
2977 596 3063 645 est
3108 588 3375 660 genitum,
3405 601 3533 644 cum
3577 591 3655 647 vel

2065 678 2427 748 appellatione
2459 678 2579 750 ipsa
2614 679 2937 748 dissideant,
2964 694 3030 736 eo
3060 678 3206 751 quod
3233 694 3405 735 unum
3446 678 3660 750 ingeni-

2063 775 2181 824 tum
2236 778 2341 836 est,
2395 771 2627 827 alterum
2680 772 2943 843 genitum.
2992 791 3013 826 ι
3054 772 3251 830 Verum
3301 780 3476 830 totum
3525 773 3658 828 illud

2062 873 2196 915 sane
2224 876 2388 931 quam
2426 862 2671 933 ineptum
2715 870 2823 927 est,
2854 863 3019 934 idque
3056 864 3235 936 ipsum
3269 864 3546 922 hominem
3590 863 3658 917 ad

2064 950 2334 1006 insaniam
2365 954 2651 1025 compulit.
2700 952 2837 1010 Nam
2881 955 2929 1011 si
2978 955 3028 1011 ei
3065 955 3209 1025 quod
3239 955 3543 1025 ingenitum
3575 964 3659 1009 est

2060 1044 2361 1142 genitorqu
2384 1060 2719 1117 quaeramus,
2766 1057 2826 1102 ut
2855 1063 2925 1104 ne
2963 1062 3146 1104 veram
3179 1048 3246 1104 de
3285 1047 3508 1103 Christo
3538 1048 3657 1116 opi-

2060 1135 2279 1191 nionem
2336 1135 2687 1207 amittamus,
2741 1153 2852 1194 non
2912 1154 3079 1194 unum
3151 1139 3389 1211 amplius
3442 1137 3658 1193 Patrem

2058 1242 2181 1283 esse
2210 1231 2568 1299 reperiemus,
2609 1246 2789 1305 neque
2828 1234 3001 1303 patris
3032 1231 3284 1300 Patrem;
3333 1232 3428 1288 sed
3461 1229 3656 1286 inliniti

2058 1335 2288 1376 numero
2320 1330 2537 1391 patrum
2566 1332 2750 1394 patres
2776 1326 3082 1392 exsistent;
3114 1340 3180 1381 ac
3218 1341 3329 1381 non
3373 1324 3487 1395 jam
3516 1339 3660 1379 unus

2060 1410 2203 1467 Deus
2238 1414 2361 1477 erit,
2407 1415 2501 1485 qui
2545 1431 2762 1488 semper
2811 1417 2933 1487 fuit,
2981 1419 3186 1489 quique
3215 1417 3370 1490 prius
3409 1433 3470 1473 se
3520 1416 3658 1472 nihil

2059 1493 2251 1549 habuit
2304 1512 2369 1550 ac
2401 1507 2663 1571 perpetuo
2701 1509 2886 1556 manet
2913 1520 2924 1556 :
2959 1518 2990 1555 a
3016 1517 3127 1573 quo
3157 1503 3354 1559 unicus
3382 1518 3661 1572 verusque

2058 1583 2232 1642 Filius
2263 1589 2483 1659 genitus
2532 1602 2635 1656 est,
2689 1600 2744 1648 ct
2789 1594 3028 1658 exsistit,
3078 1594 3148 1651 ab
3185 1595 3490 1666 eodemque
3527 1609 3659 1665 pro-

2057 1677 2256 1733 ductus
2305 1690 2389 1736 cst
2444 1694 2668 1740 sanctus
2717 1686 2891 1756 ipsius
2942 1686 3217 1758 Spiritus;
3258 1686 3357 1744 sed
3386 1687 3479 1758 qui
3506 1701 3659 1758 qua:-

2057 1779 2251 1831 rcntur
2301 1776 2613 1844 complures
2657 1787 2820 1833 erunt
2854 1779 2931 1834 dii
2968 1796 2980 1833 :
3025 1781 3211 1851 itaque
3262 1779 3330 1835 ad
3382 1779 3657 1834 fallaciam

370 1874 552 1947 Ἰησοῦ
584 1875 848 1949 Χριστοῦ,
899 1877 960 1944 ἐξ
981 1871 1044 1935 οῦ
1082 1879 1178 1935 καὶ
1209 1878 1271 1932 τὸ
1303 1852 1529 1951 Πνεῦμα
1571 1852 1950 1951 ’τὸ-ἇγιονηάπὲ

2064 1865 2378 1923 relabentur
2407 1868 2610 1931 omnia,
2635 1876 2691 1925 et
2723 1884 2755 1924 a
2788 1870 3016 1926 veritate
3048 1871 3267 1941 penitus
3297 1870 3656 1927 abcrrabunt.

356 1969 574 2041 [ἰατρὸς
602 1970 1067 2041 ἐκπορευόμενον,
1101 1969 1313 2025 καὶτοῦ
1345 1970 1478 2025 Υῐοῦ
1513 1970 1810 2041 λαμϐάνον.
1850 1975 1959 2026 Καὶ

355 2057 503 2131 αὕτη
524 2058 671 2114 ἐστὶν
693 2061 726 2131 ή
754 2059 856 2130 μία
884 2058 1095 2131 θεότης,
1122 2053 1204 2122 εἷς
1223 2058 1378 2124 Θεὸς,
1402 2053 1485 2123 εἷς
1523 2060 1749 2133 Κύριος,
1768 2062 1956 2136 Πατὴρ

353 2151 459 2206 καὶ
483 2151 612 2215 Υἱὸς
643 2151 739 2207 καὶ
769 2149 925 2221 ἅγιον
954 2149 1183 2222 Πνεῦμα
1207 2167 1222 2181 ·
1277 2151 1338 2204 οὐ
1371 2149 1670 2223 συναλοιφή
1708 2170 1794 2216 τις
1821 2151 1897 2206 ὢν
1928 2155 1958 2207 6

356 2239 491 2305 Υἱὸς
521 2240 598 2313 τῷ
623 2241 825 2313 Πατρὶ,
850 2240 973 2295 οὐδὲ
1009 2240 1073 2294 τὸ
1105 2240 1263 2310 ἅγιον
1290 2239 1540 2309 Πνεῦμα,
1574 2241 1690 2296 ἀλλ’
1715 2245 1744 2297 6
1766 2244 1956 2315 Πατὴρ

354 2334 584 2408 Πατὴρ,
628 2335 727 2390 καὶ
765 2336 795 2390 6
834 2334 965 2399 Υἱὸς
999 2334 1158 2398 Υἱὸς,
1200 2334 1296 2388 καὶ
1332 2333 1490 2402 ἅγιον
1526 2334 1753 2406 Πνεῦμα
1798 2336 1955 2407 ἅγιον

354 2426 585 2498 Πνεῦμα
600 2442 615 2457 ο
642 2424 772 2497 τρία
789 2426 992 2491 τέλεια,
1014 2424 1112 2497 μία
1129 2423 1343 2495 θεότης,
1357 2417 1439 2488 εἷς
1452 2423 1609 2491 Θεὸς,
1630 2422 1951 2500 εἷςνΚύριος,

346 2518 430 2583 ὡς
457 2520 555 2572 xci.
574 2517 840 2584 πολλάκις
870 2517 931 2573 ὲν
960 2516 1166 2581 πάσαις
1206 2516 1486 2589 αἱρέσεσιν
1513 2517 1659 2572 οὕτω
1690 2519 1795 2591 τὴν
1822 2521 1953 2592 περὶ

347 2610 490 2665 Θεοῦ
538 2608 904 2682 ἀπεδώκαμεν
954 2606 1286 2678 δοξολογὶαν.
1359 2606 1571 2663 Οὐκοῦν
1626 2610 1816 2683 ἐπειδὴ
1869 2608 1952 2677 εἷς

350 2704 477 2757 ἐστι
509 2702 667 2767 Θεὸς,
712 2702 808 2758 καὶ
852 2703 955 2757 οὐκ
986 2700 1068 2756 Evt
1111 2699 1404 2755 ὑπολαϐεῖν
1444 2700 1634 2773 ἓτερον
1667 2702 1821 2774 παρά
1856 2704 1951 2758 τὸν

345 2796 502 2860 ὄντα,
536 2794 870 2868 θαυμαστῶς
915 2793 1011 2849 καὶ
1046 2792 1341 2865 ἀγέννητός
1379 2794 1528 2847 ἐστιν
1563 2794 1592 2847 6
1629 2794 1822 2867 Πατὴρ
1854 2795 1949 2850 καὶ

344 2888 629 2953 ἀκτιστος,
676 2886 773 2943 καὶ
807 2888 836 2942 6
894 2885 1191 2957 μονογενὴς
1225 2884 1354 2949 Υἱὸς
1386 2882 1483 2938 τοῦ
1511 2884 1649 2940 Θεοῦ
1688 2885 1746 2955 ἐξ
1780 2886 1948 2942 αὐτοῦ

344 2978 636 3051 γεννηθεὶς
658 2978 760 3033 οὐκ
777 2976 1031 3049 ἀνόμοιος
1053 2976 1203 3048 αὐτῷ
1222 2975 1363 3031 κατὰ
1388 2975 1567 3032 πάντα
1590 2979 1792 3049 τρόπον
1811 2995 1944 3051 τυγ-

2062 1956 2429 2024 Quamobrem
2467 1977 2609 2018 unus
2655 1961 2837 2026 nobis,
2877 1971 2937 2018 ut
2980 1978 3170 2020 revera
3210 1970 3316 2029 est,
3350 1963 3659 2036 intelligen-

2060 2050 2173 2106 dus’
2211 2060 2296 2106 est
2330 2052 2491 2118 Deus,
2541 2052 2705 2111 Pater
2740 2055 2957 2111 Domini
3000 2057 3176 2114 nostri
3220 2056 3352 2114 Jesu
3386 2057 3587 2113 Christi
3618 2059 3659 2119 ‘,

2058 2155 2125 2195 ex
2159 2156 2267 2211 quo
2298 2141 2538 2213 Spiritus
2576 2156 2802 2204 sanctus
2830 2157 2935 2214 est,
2960 2149 3056 2220 qui
3088 2164 3118 2204 a
3159 2148 3322 2206 Patre
3367 2149 3659 2222 procedit’

2057 2239 2117 2287 et
2143 2247 2173 2286 a
2213 2231 2351 2287 Filio
2400 2235 2597 2306 accipit
2633 2237 2675 2292 ³.
2714 2236 2842 2294 Haec
2882 2248 2966 2295 est
3017 2254 3125 2294 una
3167 2240 3461 2306 divinitas,
3512 2258 3658 2299 unus

2054 2323 2222 2399 Deus,
2250 2341 2394 2381 unus
2439 2325 2727 2394 Dominus,
2763 2327 2948 2395 Pater,
2999 2336 3055 2385 et
3081 2328 3278 2392 Filius.
3309 2338 3364 2386 et
3416 2330 3657 2403 Spiritus

2056 2424 2302 2473 sanctus.
2362 2417 2420 2473 In
2443 2433 2554 2490 quo
2578 2420 2728 2476 nulla
2753 2428 2838 2478 est
2860 2420 2984 2477 Filii
3013 2434 3137 2479 cum
3160 2421 3323 2480 Patre
3349 2422 3659 2496 Spiritusve

2055 2509 2232 2563 sancti
2281 2508 2557 2578 confusio,
2600 2511 2697 2567 sed
2742 2519 2798 2567 et
2844 2510 3009 2568 Pater
3053 2511 3217 2570 Pater
3247 2523 3353 2583 est,
3395 2522 3449 2571 et
3480 2513 3659 2572 Filius

2054 2595 2245 2663 Filius.
2277 2608 2333 2656 et
2373 2600 2613 2674 Spiritus
2652 2610 2880 2661 sanctus
2938 2603 3177 2676 Spit-itus
3217 2613 3445 2663 sanctus
3476 2623 3491 2661 :
3527 2621 3628 2679 per

2054 2687 2195 2745 fecta
2241 2693 2367 2758 tria,
2410 2708 2517 2755 una
2566 2693 2851 2764 divinitas,
2897 2712 3043 2754 unus
3090 2696 3258 2764 Deus,
3290 2715 3436 2755 unus
3476 2698 3635 2756 Domi

2051 2796 2179 2849 nus,
2207 2784 2665 2853 quemadmodum
2717 2803 2864 2858 saepe
2909 2788 2962 2843 in
3008 2788 3310 2845 haeresibus
3353 2789 3657 2851 refutandis

2050 2875 2295 2931 divinum
2333 2894 2537 2933 numen
2574 2880 2984 2950 praedicandum
3012 2882 3516 2954 celebrandutnque
3552 2884 3656 2941 do-

2050 2966 2286 3023 cuimus.
2322 2968 2441 3034 Qua
2473 2985 2533 3025 re
2561 2987 2686 3026 cum
2723 2980 2778 3027 et
2813 2987 2955 3028 unus
3009 2972 3154 3029 Deus
3201 2975 3292 3040 sit,
3341 2990 3442 3032 nec
3486 2977 3656 3032 alium

343 3073 527 3143 χάνει,
563 3071 701 3127 ἀλλά
731 3073 926 3126 ταυτὸν
966 3069 1045 3143 τῷ
1069 3071 1247 3143 Πατρὶ
1292 3070 1388 3126 καὶ¹
1430 3071 1544 3137 τσος
1590 3073 1734 3128 κατά
1766 3076 1946 3130 πᾶσαν

2054 3067 2247 3128 praeter
2277 3060 2425 3116 hunc
2464 3062 2647 3117 animo
2687 3065 3309 3136 concipere'possimns,
3345 3066 3656 3125 admirabili

345 3161 533 3230 ἀξίαν,
563 3163 666 3219 κάν
686 3180 747 3217 τε
771 3163 802 3217 6
823 3161 922 3233 μὲν
940 3162 1288 3234 γεγέννηται,
1316 3164 1346 3217 6
1364 3162 1421 3217 δὲ
1450 3162 1750 3235 ἀγέννητός
1775 3166 1943 3220 ἐστιν.
1976 3197 2019 3253 C

344 3257 416 3310 Et
446 3257 547 3328 μὲν
570 3255 680 3329 γὰρ
704 3255 839 3320 ὅλως
867 3255 1199 3327 γεγέννηκεν
1221 3253 1282 3319 ἐξ
1327 3254 1499 3310 αὐτοῦ
1524 3254 1617 3309 τὸν
1645 3255 1794 3319 Υἱὺν,
1822 3256 1951 3311 ἁδύ-

344 3364 511 3402 νατον
537 3347 613 3420 μὴ
643 3343 782 3402 εἶναι
802 3347 919 3401 ἴσον
939 3345 1019 3419 τῷ
1048 3347 1228 3418 Πατρὶ
1248 3346 1345 3401 καὶ
1372 3347 1582 3417 ὅμοιον.
1614 3347 1733 3401 Πᾶν
1758 3346 1867 3418 γὰρ
1892 3349 1953 3402 τὸ

345 3438 557 3510 γεννῶν
607 3441 794 3512 ὅμοιον
848 3438 1028 3511 ἑαυτῴ
1065 3440 1232 3510 γεννᾷ
1253 3453 1266 3468 ·
1322 3439 1417 3492 καὶ
1448 3439 1510 3493 οὐ
1553 3440 1714 3511 μόνον
1742 3440 1949 3511 ὅμοιον,

344 3531 469 3587 ἀλλ’
499 3530 614 3585 ἴσον
639 3533 706 3603 τῇ
739 3530 1052 3602 ταυτότητι.
1115 3529 1438 3600 Ἀνθρωπος
1473 3530 1573 3601 μὲν
1601 3529 1711 3603 γάρ
1740 3531 1953 3603 ἀνθρω-

346 3638 458 3676 πον
484 3622 670 3692 γεννᾷ,
697 3620 794 3675 καὶ
821 3618 955 3683 Θεὸς
984 3618 1139 3674 Θεόν.
1182 3619 1292 3673 Καὶ
1330 3621 1359 3673 6
1400 3618 1499 3688 μὲν
1523 3618 1634 3691 γὰρ
1667 3618 1952 3691 ἄνθρωπος

346 3710 420 3764 ὲκ
439 3709 712 3780 σωμάτων
733 3707 1076 3779 συμπλοκῆς,
1111 3709 1141 3761 6
1168 3708 1227 3762 δὲ
1250 3707 1384 3772 Θεὸς
1415 3706 1823 3780 ἀνεκδιηγήτως
1855 3708 1952 3780 μό-

348 3815 446 3861 νος
492 3797 774 3868 Μονογενῆ
812 3796 1135 3867 γεγέννηκε,
1174 3798 1271 3850 καὶ
1309 3797 1371 3850 οὐ
1413 3796 1558 3850 κατά
1591 3814 1715 3851 τινα
1766 3797 1947 3869 ῥῆσιν,

346 3888 476 3944 οὐδὲ
527 3886 812 3957 συστολὴν,
854 3886 978 3941 οὐδὲ
1000 3884 1336 3956 πλατυσμόν.
1377 3884 1540 3939 Ἀλλά
1561 3883 1778 3957 πνεῦμα
1817 3884 1892 3939 ὣν
1921 3885 1950 3936 6

347 3978 548 4050 Πατὴρ
576 3975 636 4043 ἐξ
662 3973 830 4031 αὐτοῦ
851 3974 1107 4046 ἀνάρχως
1132 3972 1229 4027 καὶ
1253 3971 1499 4044 ἀχρόνως
1530 3971 1620 4025 τὸν
1641 3971 1768 4027 Υἱὸν
1797 3971 1950 4041 ὲγέν-

348 4086 537 4141 νησεν,
567 4070 753 4141 ὅμοιον
798 4065 948 4137 αὐτῷ
976 4064 1120 4120 κατά
1159 4064 1360 4129 πάντα,
1389 4063 1485 4119 καὶ
1527 4063 1662 4127 ἴσον,
1696 4062 1773 4127 ὡς
1798 4062 1949 4132 λέγει

348 4148 605 4232 τὺάγιον
655 4159 1029 4230 Εὑαγγέλιον,
1078 4160 1161 4212 ὅτι
1215 4157 1497 4225 Ἐζήτουν
1564 4155 1754 4211 αὐτὸν
1799 4157 1949 4212 ἀπο-

338 4254 573 4315 κτεῖναι
610 4257 665 4309 οι
709 4251 985 4319 Ἰονδαῖοι
1004 4269 1016 4283 ·
1049 4252 1139 4304 ὅτι
1184 4251 1257 4305 οὐ
1291 4250 1486 4319 μόνον
1517 4248 1663 4303 ἔλυε
1694 4248 1761 4304 τὸ
1794 4248 1946 4303 Σάϐ-

349 4351 556 4411 ϐατον,
574 4348 711 4404 ἀλλ’
736 4346 826 4399 ὅτι
854 4344 951 4399 καὶ
973 4344 1109 4398 Υἱὸν
1129 4342 1280 4399 Θεοῦ
1300 4341 1519 4396 ἑαυτὸν
1541 4340 1773 4410 ἔλεγεν,
1808 4340 1949 4395 ἴσον

347 4438 573 4496 ἑαυτὸν
604 4435 796 4493 ποιῶν
823 4434 905 4502 τῷ
938 4433 1080 4503 Θεῷ.
1116 4433 1241 4498 Πῶς
1269 4433 1383 4505 γὰρ
1410 4432 1508 4502 οὐχ
1532 4432 1717 4503 ὅμοιος
1745 4430 1821 4502 τῷ
1842 4433 1948 4485 Πα-

2052 3156 2235 3206 tamen
2280 3152 2512 3218 ratione,
2560 3161 2616 3210 et
2663 3155 2937 3228 ingenitus
2971 3166 3136 3229 atque
3185 3158 3465 3217 increatus
3493 3159 3657 3220 Pater

2052 3247 2160 3308 est,
2186 3249 2241 3298 et
2271 3244 2468 3299 unicus
2504 3243 2597 3300 Dei
2627 3244 2796 3303 Fiiius
2833 3247 2902 3302 ab
2948 3247 3068 3317 ipso
3106 3249 3324 3320 genitus
3370 3252 3525 3307 nulla
3562 3267 3658 3309 ra-

2054 3330 2204 3386 tibne
2232 3333 2518 3390 dissimilis
2560 3335 2706 3390 illius
2757 3344 2862 3398 est,
2911 3336 3006 3392 sed
3049 3335 3191 3392 idem
3217 3353 3341 3392 cum
3376 3337 3560 3407 Patre,
3596 3348 3655 3398 et

2052 3424 2247 3493 aequali
2283 3424 2339 3478 in
2386 3425 2643 3480 omnibus
2683 3424 2951 3496 dignitate
2983 3425 3251 3496 gaudens,
3295 3430 3513 3486 tametsi
3556 3445 3653 3502 ge-

2054 3514 2204 3569 nitus
2229 3514 2355 3579 iste,
2391 3513 2483 3571 ille
2513 3530 2644 3570 vero
2678 3516 2751 3573 sit
2781 3517 3081 3588 ingenitus.
3119 3518 3331 3574 Etenim
3368 3520 3417 3575 si
3445 3519 3647 3577 Filium

2053 3606 2280 3662 omnino
2303 3607 2512 3677 genuit,
2540 3606 2656 3663 ﬁeri
2690 3624 2799 3664 non
2818 3616 3018 3680 potest,
3050 3617 3108 3665 ut
3141 3625 3252 3666 non
3286 3610 3440 3667 Patri
3462 3628 3651 3684 aequa-

2052 3695 2121 3752 lis
2157 3697 2226 3753 sit
2253 3712 2316 3753 ac
2351 3697 2569 3753 similis.
2600 3697 2877 3770 Quidquid
2909 3700 3056 3755 enim
3091 3700 3284 3774 gignit,
3328 3702 3508 3760 simile
3543 3702 3652 3759 sibi

2052 3790 2265 3861 gignit;
2323 3805 2508 3861 neque
2569 3791 2750 3848 simile
2818 3799 3069 3860 tantum,
3121 3793 3216 3851 sed
3284 3794 3428 3852 idem
3488 3802 3654 3868 atque

2051 3881 2261 3953 aequale
2288 3897 2540 3954 prorsus.
2572 3881 2816 3955 Exempli
2853 3886 3025 3956 gratia
3061 3886 3339 3944 hominem
3375 3891 3543 3946 homo
3572 3890 3655 3962 qi-

2052 3974 2191 4044 gnit,
2242 3981 2297 4029 et
2344 3973 2491 4031 Deus
2541 3973 2761 4032 Deum:
2799 3976 2890 4032 ille
2937 3979 3288 4049 copulatione
3329 3996 3646 4052 corporum,

2052 4065 2142 4120 hic
2177 4065 2550 4138 inexplicabili
2592 4067 2829 4136 quodam
2880 4069 3046 4125 modo
3098 4088 3242 4129 unus
3293 4073 3518 4128 unicum
3554 4073 3649 4129 Fi-

2051 4154 2183 4209 lium
2222 4156 2433 4226 genuit,
2481 4155 2602 4213 sine
2640 4158 2752 4213 ullo
2794 4158 3083 4231 proﬂuvio,
3120 4163 3206 4217 vel
3248 4165 3652 4231 contractione,

2048 4245 2216 4316 919
2243 4247 2326 4302 vel
2354 4247 2693 4304 dilatatione.
2724 4240 2886 4305 Pater
2921 4252 3069 4307 enim
3117 4239 3242 4308 cum
3287 4255 3362 4308 sit
3396 4254 3650 4326 spiritus,

2050 4354 2119 4394 ex
2152 4340 2336 4411 seipso
2368 4341 2523 4396 nullo
2551 4342 2636 4397 vel
2676 4342 2853 4409 initio,
2884 4343 2971 4400 vel
3015 4350 3261 4416 tempore
3307 4344 3507 4402 Filium
3554 4363 3651 4420 ge-

2050 4433 2193 4501 nuit,
2224 4433 2329 4489 sibi
2373 4436 2430 4491 in
2474 4434 2732 4491 omnibus
2783 4434 3016 4492 similem
3066 4448 3120 4493 et
3161 4440 3449 4510 aequalem,
3485 4451 3546 4497 ut
3577 4425 3669 4499 ex’

347 4526 447 4602 τρὶ
467 4526 561 4581 καὶ¹
587 4529 699 4590 ῐσος
723 4525 863 4580 κατὰ
894 4525 1091 4589 πάντα,
1129 4526 1158 4578 6
1185 4526 1242 4577 ὲν
1272 4521 1423 4593 αὐτῷ
1450 4523 1590 4594 έχων
1616 4521 1675 4574 τὸ
1697 4521 1814 4593 ζῇν,
1852 4522 1946 4575 καὶ

2056 4523 2331 4595 Evangelii
2383 4524 2712 4581 auctoritate
2754 4535 3016 4584 constat:
3060 4527 3400 4598 Quwrebant,
3444 4531 3647 4604 inquit,

344 4627 528 4694 λέγων
548 4637 563 4650 ·
606 4619 834 4689 Ὠσπερ
881 4621 914 4674 ὁ
960 4617 1163 4687 Πατὴρ
1217 4616 1428 4686 ἐγείρει
1480 4613 1623 4681 τοὺς
1668 4613 1942 4683 νεκροὺς,

345 4717 505 4775 οὕτω
532 4711 637 4773 καὶ
660 4715 699 4768 ὁ
714 4711 849 4778 Υἱὸς
867 4711 1078 4781 ἐγείρει
1106 4709 1250 4776 τοὺς
1271 4708 1516 4777 νεκρούς
1540 4723 1559 4771 ;
1590 4706 1703 4761 Καὶ
1734 4706 1908 4774 λέγων
1923 4722 1938 4737 ο

358 4812 418 4863 '0
447 4803 724 4878 ἑωρακὼς
764 4802 872 4874 ἐμὲ
920 4802 1143 4872 ἑώρακε
1191 4802 1298 4857 τὸν
1322 4799 1586 4868 Πατέρα·
1620 4799 1681 4852 οὐ
1717 4797 1941 4852 δύναται

344 4903 741 4974 διηλλαγμένος
782 4890 950 4958 εἶναι,
976 4897 1005 4949 6
1040 4894 1108 4948 δι’
1139 4891 1333 4947 ἑαυτοῦ
1363 4893 1453 4946 τὸν
1483 4891 1713 4962 Πατέρα
1741 4891 1943 4963 σημαί-

345 5012 461 5050 νων
479 5012 492 5024 ”
522 4996 618 5048 καὶ
640 4996 670 5048 6
706 4993 903 5062 λέγων,
945 4986 1029 5041 ὅτι
1071 4987 1137 5038 '0
1183 4983 1494 5055 γινώσκων
1520 4983 1626 5052 ἐμὲ
1661 4982 1943 5052 γινώσκει

347 5084 461 5138 τὸν
497 5082 729 5152 Πατέρα
752 5099 765 5112 ⁸
828 5082 946 5145 καὶ,
1005 5075 1071 5134 '0
1118 5073 1391 5143 ἑωρακὼς
1418 5072 1524 5143 ἐμὲ
1569 5072 1790 5141 ἑώρακε
1834 5074 1946 5128 τὸν

349 5173 604 5243 Πατέρα“
629 5174 705 5237 ὡς
730 5171 894 5227 αὐτοῦ
910 5172 1012 5226 οὐκ
1034 5166 1197 5227 ἄλλου
1216 5165 1369 5228 ὄντος
1400 5163 1552 5236 παρὰ
1582 5163 1675 5217 τὸν
1704 5165 1947 5242 Πατέρα,

349 5267 430 5330 ὡς
456 5269 548 5321 καὶ
582 5269 612 5320 ὁ
643 5266 838 5337 Πατὴρ
872 5263 966 5317 καὶ
1006 5265 1037 5317 6
1082 5263 1211 5327 Υἱὸς
1255 5255 1537 5327 σημαίνει.
1588 5254 1946 5327 Ποιήσωμεν

350 5357 666 5426 ἄνθρωπον
699 5357 831 5411 κατ’
861 5357 1070 5410 εἰκόνα
1094 5345 1417 5424 ἡμετέραν,
1442 5346 1541 5400 καὶ
1581 5347 1710 5401 καθ’
1730 5348 1943 5415 ὁμοίω-

351 5460 478 5502 σιν.
508 5448 571 5501 Et
597 5448 697 5518 μὲν
720 5446 829 5519 γὰρ
856 5446 957 5499 οὐκ
985 5442 1053 5517 ἦν
1078 5446 1108 5498 6
1130 5444 1257 5508 Υἱὸς
1279 5444 1468 5515 ὅμοιος
1495 5435 1578 5507 τῷ
1602 5437 1800 5508 Πατρὶ,
1823 5438 1941 5504 πῶς

354 5536 538 5591 λοιπὸν
555 5539 584 5590 6
610 5536 897 5609 ἄνθρωπος
913 5537 1032 5590 κατ’
1054 5535 1238 5589 εἰκόνα
1280 5535 1375 5591 καὶ
1392 5525 1520 5588 καθ’
1540 5526 1799 5599 ὁμοίωσιν
1817 5528 1942 5598 ὲγέρ

354 5646 515 5697 νετο;
564 5630 639 5684 Οὐ
671 5629 782 5700 γὰρ
814 5623 968 5682 εἷπεν
1011 5628 1040 5681 6
1085 5627 1310 5699 Πατήρ·
1356 5625 1686 5696 Ποιήσωμεν
1727 5617 1940 5691 ἄνθρωρ

436 5740 452 5770 ³
482 5744 523 5799 ll
553 5744 680 5801 Cor.
717 5762 756 5813 ι,
776 5746 829 5802 3.

356 5816 384 5852 ⁷
406 5816 538 5872 ibid.
573 5817 629 5872 7.

2053 4615 2203 4671 illum
2228 4615 2520 4684 interﬁcere
2545 4615 2747 4684 Judaci,
2775 4622 2902 4689 quia
2927 4636 3031 4675 non
3061 4622 3218 4676 modo
3240 4622 3473 4678 solvebat
3504 4623 3649 4681 Sab-

2051 4706 2255 4772 batum,
2284 4707 2375 4762 sed
2400 4708 2561 4762 etiam
2586 4706 2792 4764 Filium
2821 4710 2920 4766 Dei
2949 4712 3182 4782 seipsum
3210 4714 3438 4783 dicebat,
3471 4732 3650 4788 requa-

2056 4798 2161 4855 lem
2206 4816 2261 4854 se
2310 4800 2514 4869 faciens
2548 4800 2659 4858 Deo
2688 4804 2733 4857 δ.
2795 4802 2862 4857 Et
2904 4819 3037 4860 vero
3092 4806 3370 4876 quomodo
3425 4824 3536 4866 non
3589 4811 3647 4867 in

2052 4887 2307 4943 omnibus
2337 4886 2487 4943 Patri
2514 4890 2713 4947 similis
2749 4898 2836 4948 est
2862 4902 2916 4948 et
2941 4894 3189 4965 aequalis,
3221 4896 3317 4967 qui
3354 4898 3411 4953 in
3451 4900 3639 4972 seipso

2048 4978 2220 5033 vitam
2274 4978 2438 5036 habet
2492 4989 2657 5054 atque
2714 4982 2792 5038 ita
2839 4984 3124 5057 loquitur:
3178 4988 3642 5056 Quemadmodum

2054 5067 2220 5122 Pater
2251 5071 2473 5127 suscitat
2514 5084 2772 5140 mortuos,
2815 5075 2894 5131 ita
2932 5085 2983 5131 et
3020 5075 3200 5135 Filius
3242 5082 3468 5137 suscitat
3505 5099 3649 5138 mor-

2059 5169 2176 5215 tuos
2209 5161 2272 5216 '?
2304 5161 2510 5220 Deinde
2535 5183 2549 5220 :
2579 5166 2687 5232 Qui
2728 5165 2869 5221 videt
2918 5183 3022 5234 me,
3062 5170 3198 5225 videt
3241 5179 3292 5226 et
3322 5170 3541 5228 Patrem
3573 5176 3595 5208 °
3627 5192 3644 5231 :

2047 5266 2159 5308 non
2189 5261 2373 5322 potest
2414 5255 2464 5312 is
2517 5270 2643 5314 esse
2691 5257 2966 5325 diversus,
2994 5261 3086 5332 qui
3123 5278 3220 5330 per
3265 5279 3388 5321 sese
3431 5264 3647 5323 Patrem

2047 5347 2359 5419 signiﬁcat;
2403 5356 2520 5406 tum
2569 5351 2664 5421 qui
2714 5352 2819 5407 ista
2867 5352 3047 5410 dicit:
3080 5355 3188 5422 Qui
3234 5358 3503 5427 cognoscit
3540 5375 3645 5424 me,

2045 5439 2313 5507 cognoscit
2353 5449 2405 5494 et
2447 5439 2746 5510 Patrem";
2786 5449 2844 5499 et
2883 5461 2906 5502 ξ
2934 5428 3043 5512 Qui
3088 5444 3227 5502 videt
3256 5461 3358 5514 me,
3411 5446 3551 5502 videt
3593 5457 3644 5503 ct

2051 5527 2267 5584 Patrem
2296 5546 2316 5585 :
2345 5538 2608 5604 tanquam
2656 5548 2769 5591 non
2810 5535 2953 5591 alius
2981 5537 3212 5606 ipsemet
3252 5550 3285 5592 a
3330 5538 3492 5594 Patre
3525 5538 3640 5607 sit;

2044 5619 2101 5675 id
2129 5620 2276 5691 quod
2307 5629 2419 5679 tam
2451 5623 2613 5683 Pater
2642 5641 2806 5700 quam
2844 5625 3018 5685 Filius
3054 5626 3263 5683 indicat
3291 5627 3377 5683 bis
3407 5630 3593 5688 verbis
3622 5649 3638 5685 :

943 5746 963 5777 ²
994 5743 1153 5801 Joan.
1189 5762 1278 5811 xv,
1311 5744 1401 5798 9.6.
1517 5744 1715 5799 a.loan.
1750 5752 1841 5793 xv:
1863 5779 1876 5805 ,
1905 5738 1950 5792 Η

2054 5740 2086 5795 ἰ.
2193 5739 2216 5772 δ
2249 5742 2409 5800 Joan.
2462 5760 2517 5812 v,
2577 5744 2667 5800 18.
2784 5745 2806 5778 '
2838 5743 2972 5800 ibid.
3003 5744 3094 5798 2t.
3196 5742 3218 5776 ⁸
3246 5741 3407 5801 Joan.
3439 5760 3557 5814 xiv,
3584 5746 3644 5806 9.
