3988 6400
489 341 596 396 597
819 406 822 408 η
1913 352 1972 411 S.
2015 355 2064 411 El

2136 356 2360 416 PllANll
3630 373 3711 430 523

487 455 782 514 Faciamus
815 460 1076 556 hominem
1123 461 1192 517 ad
1221 463 1505 536 imaginem
1540 478 1782 523 nostram
1825 479 1872 524 et
1913 472 1982 526 ad
2015 474 2062 526 si

2140 480 2166 537 λ
2195 491 2299 528 πον
2331 475 2450 528 κατ’
2481 475 2666 532 εἰκόνα
2701 477 2863 550 ἐμὴν,
2900 477 2932 550 ἢ
2966 479 3086 532 κατ’
3118 479 3296 536 εἰκόνα
3332 483 3447 554 σὴν,
3475 485 3593 540 ἀλλὰ
3614 494 3715 546 κατ’

484 550 837 606 militudiuem
875 555 914 608 ‘.
954 550 1116 624 Atqui
1148 556 1253 611 nisi
1288 554 1462 611 Filius
1499 557 1643 614 Patri
1685 560 1882 617 similis
1910 571 2055 618 esset

2185 568 2392 619 εἰκόνα
2418 568 2735 637 ἡμετέραν.
2755 571 2887 624 Ἀπὸ
2913 571 2970 624 δὲ
2984 571 3080 625 τοῦ
3099 575 3247 627 κατὰ
3265 550 3539 644 ἡμετέραν
3555 579 3715 651 λέγειν,

482 647 706 714 quinam
747 648 812 701 ad
855 650 1145 719 imaginem
1190 658 1245 705 et
1274 652 1689 708 similitudinem
1730 665 1874 711 esset
1914 657 2057 711 homt

2184 658 2246 707 τὸ
2285 658 2401 710 τσον
2424 658 2518 712 τοῦ
2542 661 2754 731 ΙΙατρὸς
2774 663 2832 715 ὲν
2851 661 2929 732 τῷ
2958 662 3072 732 Υιῷ
3094 663 3338 730 ἀπέδειξε
3357 668 3519 721 καὶτὸ
3545 647 3715 740 am;

483 737 696 790 factus?
725 736 840 790 Non
872 739 1018 792 enim
1048 739 1189 792 dixit
1223 737 1384 794 Pater
1419 759 1433 794 :
1479 739 1768 797 Faciamus
1799 742 2054 796 hominen

2181 750 2242 802 οὐ
2276 751 2460 820 μόνον,
2491 751 2627 806 ἀλλὰ
2663 753 2757 806 καὶ
2794 754 2989 808 ταυτὸν
3023 756 3082 808 ἐν
3115 756 3307 822 ἅπασι,
3334 759 3426 811 καὶ
3456 759 3525 830 μὴ
3548 736 3719 834 παρηλ-

478 827 543 881 ad
587 829 874 900 imaginem
917 845 1116 892 meam,
1161 841 1255 884 aut
1313 831 1379 885 ad
1432 833 1721 904 imaginem
1776 844 1945 897 tuam,
1979 834 2072 890 sed
2187 843 2480 914 λαγμένον.

474 921 545 974 ad
591 923 873 993 imaginem
929 934 1188 980 nostram.
1229 924 1404 982 Porro
1449 937 1687 981 nostram
1735 945 1858 983 cum
1912 932 2064 996 dicit,
2103 939 2470 1006 azqualitatem
2521 936 2641 992 Filii
2702 953 2828 994 cum
2889 940 3051 997 Patre
3108 943 3608 1018 similitudinemque
3649 947 3724 1004 do-

472 1015 672 1082 clarat;
707 1032 809 1070 nec
839 1032 960 1071 eam
1011 1019 1212 1082 solum,
1246 1019 1342 1074 sed
1384 1019 1527 1074 idem
1579 1020 1758 1091 ipsum
1790 1023 1845 1076 in
1883 1025 2162 1096 onmious,
2205 1045 2305 1086 nec
2343 1031 2751 1101 discrepantem
2791 1049 2914 1089 esse
2953 1035 3244 1105 signiﬁcat.

546 1110 652 1165 Vll.
691 1113 977 1178 Quomodo
1012 1131 1142 1168 vero
1183 1131 1289 1168 non
1323 1117 1550 1186 :equalis
1585 1127 1679 1172 aut
1714 1118 1913 1175 similis
1947 1137 2071 1178 esse

2250 1128 2326 1181 Z’.
2365 1127 2488 1190 Πῶς
2516 1129 2573 1181 δὲ
2606 1128 2830 1182 δύναται
2868 1130 2942 1201 μὴ
2988 1124 3127 1184 εῖναι
3157 1131 3286 1195 ἴσος,
3316 1132 3408 1185 καὶ
3442 1132 3512 1204 μὴ
3549 1133 3721 1205 ὅμοιος,

469 1216 669 1275 potest,
702 1208 816 1278 qui,
847 1215 904 1262 ut
938 1207 1054 1278 jam
1100 1209 1235 1277 dixi,
1275 1213 1356 1265 sic
1385 1211 1630 1280 loquitur
1668 1233 1679 1267 :
1724 1211 1836 1283 Ego
1871 1215 1925 1267 in
1962 1215 2041 1269 Pa

2176 1215 2253 1280 ὼς
2287 1217 2382 1269 καὶ
2407 1217 2506 1288 ἤδη
2537 1219 2706 1271 εἰπὼν
2726 1221 2742 1248 ⁸
2766 1260 2782 1284 ,
2813 1221 2842 1271 ὁ
2869 1219 3062 1288 λέγων,
3088 1222 3171 1274 ὅτι
3205 1220 3346 1290 Ἐγὼ
3370 1223 3438 1274 ἐν
3466 1221 3540 1286 τῷ
3552 1225 3722 1292 Πατρί,

469 1311 566 1363 tre,
599 1311 648 1353 et
686 1301 850 1355 Pater
876 1302 928 1354 in
962 1319 1041 1355 me
1069 1312 1145 1356 est
1183 1303 1239 1356 ’ἰν
1273 1302 1429 1370 Quod
1463 1318 1572 1357 non
1609 1304 1773 1359 modo
1804 1306 1858 1359 in
1892 1305 2039 1361 Evan

2175 1310 2274 1362 καὶ
2320 1312 2354 1363 ό
2388 1310 2593 1379 Πατὴρ
2632 1312 2702 1365 ἐν
2733 1313 2901 1382 ἐμοί;
2950 1316 3026 1366 Οὐ
3069 1315 3228 1384 μόνον
3274 1315 3381 1386 γὰρ
3411 1316 3558 1378 αὐτὸς
3596 1317 3646 1370 ὲν
3661 1317 3725 1388 τῷ

467 1393 610 1460 ειιιίο
663 1394 780 1462 ipse
825 1393 986 1457 dixit,
1023 1393 1118 1448 sed
1164 1402 1218 1448 et
1269 1395 1440 1450 Isaias
1489 1410 1557 1449 ex
1605 1395 1782 1449 sancti
1825 1396 2042 1466 Spiritu:

2174 1399 2492 1472 Εὑαγγελίῳ
2519 1401 2668 1470 λέγει
2695 1404 2873 1469 τοῦτο,
2895 1405 3032 1458 ἀλλὰ
3058 1407 3152 1460 καὶ
3173 1406 3447 1477 Πνεύματι
3473 1407 3598 1476 ἁγίῳ
3616 1425 3724 1478 προσ

464 1483 644 1538 alllatu
671 1485 976 1541 vaticinans
1009 1484 1206 1540 Filium
1234 1486 1289 1540 in
1318 1484 1478 1541 Patre
1504 1502 1628 1541 esse
1657 1489 1934 1557 cognovit,
1965 1503 2039 1541 net

2175 1493 2430 1564 φητεύων
2472 1496 2703 1560 Ἡσαΐας
2731 1497 2874 1566 ἔγνω
2900 1499 2992 1552 τὸν
3023 1499 3151 1553 Υίδν
3182 1501 3242 1554 ὲν
3268 1499 3348 1570 τῷ
3374 1501 3540 1571 Πατρὶ
3560 1501 3642 1554 καὶ
3665 1501 3723 1574 μὴ

463 1576 532 1629 ab
559 1575 750 1630 eodem
777 1575 1014 1630 alienum
1049 1586 1142 1630 aut
1176 1577 1456 1632 diversum
1485 1596 1498 1632 :
1540 1578 1704 1648 idque
1733 1579 1881 1634 illius
1901 1579 2038 1633 vcrb:

2172 1585 2454 1656 ἀλλότριον
2483 1587 2577 1640 τοῦ
2612 1590 2850 1662 Πατρὸς,
2880 1591 3017 1664 μηδὲ
3051 1591 3522 1664 παρηλλαγμένον,
3551 1595 3619 1656 ὼς
3634 1594 3723 1665 εχει

460 1667 900 1724 demonstrant‘.
931 1669 1065 1736 Quae
1106 1671 1189 1725 sic
1237 1670 1544 1726 inllebrmo
1584 1681 1845 1742 concepta
1885 1679 2013 1727 sunt

2173 1675 2233 1729 τὸ
2263 1677 2449 1747 ῥητὸν,
2481 1678 2511 1731 ὃ
2535 1678 2742 1750 ταύτην
2767 1681 2878 1751 ἔχει
2905 1681 3002 1753 τὴν
3024 1682 3352 1736 ἀκολουθίαν
3376 1700 3388 1713 ·
3416 1683 3521 1737 ἀπὸ
3547 1684 3722 1754 μὲντοῦ

461 1760 707 1816 Plit/won
761 1764 932 1827 sarin,
987 1763 1238 1818 viaboton
1292 1764 1498 1831 sadich,
1544 1781 1719 1819 somer
1775 1765 2035 1818 emmunio

2186 1764 2478 1836 Ἐὀραῖκοῦ
2511 1766 2685 1831 οὕτως
2702 1769 2849 1840 (88)⁶
2885 1771 3078 1825 Φθόου
3113 1771 3389 1841 σααρεὶμ,
3428 1773 3723 1826 οὑῖαϐωτῶν

459 1853 838 1915 iesrosmooch,
891 1855 1067 1907 thesar
1100 1853 1273 1908 salom
1307 1854 1500 1919 salem,
1536 1853 1721 1908 chibac
1750 1854 1909 1908 batou
1931 1895 1945 1919 ,
1977 1853 2034 1908 be

2169 1856 2373 1922 σαὸὶκ,
2410 1858 2620 1928 σωμὴρ
2651 1859 3000 1930 ἐμμουνείω,
3030 1863 3428 1933 ιεσροσμοὼχ,
3451 1866 3621 1933 0806p
3637 1881 3723 1918 σα-

460 1946 550 1998 tub
602 1945 856 1999 baldonai
917 1945 1151 2014 addoth,
1209 1947 1421 2000 chibaia
1482 1947 1678 2001 adonai
1728 1946 2035 2002 sodalemim

2173 1947 2306 2019 λὼμ
2355 1950 2592 2020 σαλὼμ,
2648 1954 2823 2021 χιϐὰκ
2865 1955 3130 2022 βατόου,
3185 1955 3417 2021 βετοὺϐ
3453 1956 3723 2022 βαλδωναί

457 2043 589 2107 Qua:
623 2040 704 2094 sic
734 2039 930 2109 Aquila
963 2038 1144 2094 reddit
1174 2058 1186 2096 :
1222 2042 1431 2108 Aperite
1473 2051 1684 2108 portas,
1733 2042 2028 2110 ingrediatu

2175 2042 2396 2105 ἀδδὼθ,
2443 2046 2644 2112 χιϐατα
2684 2044 2910 2100 ἀδωναῒ
2950 2047 3368 2118 σωδωλεμείμ·
3413 2049 3520 2102 ἀπὺ
3569 2049 3620 2102 δὲ
3646 2049 3721 2119 τῆς

453 2133 771 2203 gensjusta,
822 2130 1121 2185 custodiens
1182 2132 1373 2201 ﬁdem,
1431 2134 1701 2202 opiﬁcium
1759 2135 2028 2204 ﬁrmatum

2162 2133 2464 2204 ἑρμηνείας
2518 2135 2722 2190 ’Δκύλα
2763 2134 2938 2200 οὕτως
2963 2153 2978 2168 θ
3043 2137 3342 2202 Ἀνοίξατε
3381 2139 3590 2204 πύλας,
3619 2139 3720 2192 εισ-

452 2225 700 2279 custodia
729 2224 898 2292 pacis,
939 2224 1185 2294 quoniam
1214 2224 1266 2276 in
1313 2223 1426 2292 ipso
1469 2224 1762 2293 conﬁdunt.
1795 2225 2027 2296 Conﬁdit

2159 2224 2381 2280 ελθέτω
2413 2227 2592 2294 ἔθνος
2613 2227 2869 2295 δίκαιον,
2906 2229 3215 2298 φυλάττον
3243 2231 3475 2294 πίστιν,
3507 2230 3722 2299 πλάσμα

454 2317 682 2372 Domino
717 2320 770 2370 in
811 2317 1088 2379 sa'culum,
1115 2316 1366 2385 quoniam
1413 2318 1465 2370 in
1503 2315 1741 2371 Domino
1776 2317 2029 2375 Dominus

2157 2318 2611 2388 ἐστηριγμένον,
2639 2322 2901 2390 parum
2929 2321 3196 2391 εἰρήνης,
3229 2324 3321 2377 ὅτι
3354 2323 3447 2377 ἐπ’
3472 2323 3620 2389 αὐτῷ
3636 2337 3718 2376 πε-

450 2410 541 2480 qui
575 2409 807 2478 ﬁrmavit
835 2408 1051 2463 secula.
1087 2407 1443 2480 Septuaginta
1477 2425 1605 2464 vero
1640 2429 1652 2464 :
1689 2409 1901 2479 Aperite
1927 2427 2025 2481 por

2158 2410 2422 2464 ποίθασι.
2490 2414 2820 2468 Πεποίθατε
2856 2413 2957 2466 ἐπὶ
2991 2412 3071 2478 τῷ
3111 2415 3310 2482 Κυρίῳ
3346 2415 3456 2481 ἕως
3502 2413 3717 2479 αἰῶνος·

453 2515 558 2569 tas,
600 2501 934 2572 ingrediatur
974 2503 1281 2556 custodiens
1330 2503 1626 2567 veritatem,
1669 2513 1718 2557 et
1763 2504 2028 2573 apprehen'

2159 2501 2253 2556 ὅτι
2278 2501 2348 2555 ἐν
2369 2500 2451 2568 τῷ
2471 2505 2666 2573 Κιφίῳ
2680 2506 2896 2573 Κύριος
2917 2507 2950 2559 ὁ
2971 2505 3317 2574 στερεώσας
3338 2507 3480 2573 τοὺς
3503 2505 3719 2572 αἰῶνας·

445 2597 580 2651 deus
605 2598 899 2659 veritatem,
928 2605 976 2648 et
1020 2595 1318 2649 custodiens
1362 2610 1566 2663 pacem,
1601 2595 1769 2666 920
1800 2598 2020 2666 quoniam

2153 2591 2307 2660 παρὰ
2323 2591 2379 2645 δὲ
2401 2595 2516 2656 τοῖς
2531 2594 2936 2665 Ἐϐδομήκοντα
2957 2594 3132 2661 οὕτως
3149 2613 3163 2627 °
3214 2597 3510 2662 Ἀνοίξιιτε
3531 2598 3719 2660 πύλας,

449 2690 505 2742 in
542 2699 588 2743 te
616 2696 984 2758 speraverant,
1026 2687 1269 2748 Domine,
1313 2703 1475 2752 usque
1509 2688 1563 2741 in
1592 2689 1869 2753 saxulum,
1909 2688 2021 2744 Deu

2153 2681 2478 2737 εἰσελθέτω
2500 2684 2844 2752 φυλάσσων
2864 2676 3173 2753 ἀλήθειαν,
3197 2690 3297 2742 καὶ
3327 2688 3721 2758 ἀντιλαμϐανό-

448 2798 696 2851 magnus,
732 2791 982 2836 internus.
1023 2779 1144 2846 Quo
1189 2780 1242 2833 in
1295 2781 1416 2833 loco
1454 2780 1854 2836 animadvertat
1883 2781 2022 2836 lecto

2147 2789 2332 2842 μενος
2354 2775 2657 2842 ἀληθείας,
2715 2777 2811 2830 καὶ
2839 2777 3182 2846 φυλάσσων
3234 2780 3506 2849 εἰρήνην,
3532 2780 3613 2833 ὅτι
3639 2777 3718 2833 ἐπὶ

447 2874 590 2945 apud
628 2873 1003 2944 Septuaginta,
1042 2871 1328 2936 Dominus,
1367 2880 1443 2936 et,
1491 2889 1733 2942 magnus,
1781 2873 2022 2943 scriptun

2151 2868 2251 2922 σοι
2300 2868 2606 2937 ἤλπισαν,
2643 2871 2842 2938 Κύριε,
2889 2870 3003 2937 ἓως
3040 2870 3148 2925 τοῦ
3191 2870 3434 2938 αἰῶνος,
3479 2874 3512 2926 ό
3543 2870 3719 2937 8εόςό

447 2981 592 3031 csse,
627 2981 727 3036 pro
756 2980 820 3020 eo
846 2965 990 3035 quod
1033 2972 1137 3026 est,
1178 2964 1233 3017 in
1269 2964 1516 3020 Domino.
1547 2963 1720 3030 Quam
1754 2965 1922 3017 multa
1951 2980 2014 3020 ea

2145 2956 2355 3025 μέγας,
2379 2960 2414 3011 ὁ
2435 2958 2694 3024 αἰώνιος.
2735 2960 2961 3031 Παρατη
2971 2959 3170 3032 ρείσθω
3194 2960 3253 3014 δὲ
3283 2962 3314 3015 ὁ
3341 2961 3716 3031 ἀναγινώσκων.

444 3058 572 3113 dem
620 3058 687 3112 de
743 3073 801 3112 re
851 3065 1113 3127 praeterea
1161 3056 1267 3111 dici
1305 3057 1561 3126 possunt!
1615 3055 1722 3110 Sed
1757 3071 1948 3112 vereor
1979 3073 2019 3110 nn

2150 3051 2226 3113 ὡς
2261 3049 2408 3122 [ἀντὶ
2435 3050 2556 3122 τοῦ]
2590 3052 2828 3120 Κύριος,
2854 3053 2949 3106 καὶ
2974 3053 3052 3118 τὸ,
3095 3056 3129 3109 ό
3153 3055 3369 3124 μέγας,
3392 3056 3512 3110 ἀντὶ
3537 3054 3642 3119 τοῦ,
3663 3052 3719 3108 ἐν

442 3149 663 3220 longius
689 3149 1022 3220 disputando
1063 3148 1402 3220 progrediar.
1461 3147 1672 3219 Quippe
1723 3149 1907 3202 omnia
1953 3163 2012 3204 sa

2149 3141 2361 3209 Κυρίῳ,
2382 3143 2557 3196 κεῖται
2581 3141 2734 3214 παρὰ
2760 3146 2874 3208 τοῖς
2888 3143 3317 3216 Ἐϐδομήκοντα.
3345 3149 3456 3202 Καὶ
3473 3148 3604 3201 πόσα
3622 3146 3717 3199 ἐστὶ

441 3239 640 3296 crisin
674 3238 896 3294 Litteris
932 3239 1217 3310 perspicua
1269 3247 1419 3304 sunt,
1470 3239 1516 3295 si
1567 3239 1692 3309 quis
1727 3239 1812 3310 pia
1863 3249 2016 3294 ment

2149 3231 2324 3304 [περὶ]
2347 3233 2538 3286 τούτου
2561 3234 2740 3302 λέγειν
2761 3235 2773 3288 ε
2799 3234 2957 3288 Δέδια
2978 3235 3036 3289 δὲ
3058 3237 3261 3308 μήπως
3288 3240 3372 3303 είς
3395 3239 3553 3309 ὄγκον
3577 3237 3718 3291 πολὺν

444 3331 512 3385 ad
545 3330 715 3385 divini
756 3331 908 3386 verbi
949 3331 1318 3401 cognitionem
1359 3332 1684 3396 accesserit;
1717 3346 1895 3401 neque
1925 3331 2015 3386 dia

2230 3327 2362 3380 ὶσω⁵
2391 3327 2520 3399 περὶ
2549 3328 2756 3382 τούτων
2778 3328 2887 3383 τῶν
2907 3329 3083 3396 λόγων
3125 3332 3532 3402 πραγματείαν.
3559 3333 3716 3386 Πάντα
3803 3343 3805 3346 ‘

443 3423 552 3477 boli
587 3423 824 3494 impulsu
850 3422 904 3477 in
938 3423 1119 3493 seipso
1147 3431 1436 3494 concepto,
1469 3422 1523 3477 in
1545 3423 1870 3478 altissimam
1895 3437 2017 3478 mor

2144 3417 2253 3488 γὰρ
2283 3418 2429 3489 σαφῆ
2448 3419 2507 3471 ὲν
2535 3421 2601 3489 τῇ
2638 3419 2758 3490 θείᾳ
2785 3419 2976 3492 Γραφῇ
3011 3422 3124 3482 τοῖς
3159 3419 3506 3492 βουλομένοις
3532 3419 3717 3474 εὐσεὸεῐ

444 3517 514 3572 tis
546 3517 858 3587 voraginem
897 3516 1228 3588 prmeipitem
1268 3531 1392 3572 sese
1430 3515 1789 3570 commiserit.
1837 3515 2019 3582 Quem-

2143 3512 2392 3585 λογισμῷ
2414 3514 2817 3586 προσέρχεσθαι
2847 3513 2925 3586 τῷ
2943 3513 3073 3585 θείῳ
3091 3515 3258 3584 λόγῳ.
3283 3516 3380 3570 καὶ
3401 3515 3474 3588 μὴ
3495 3511 3715 3584 διαῦολὴν

440 3608 737 3662 admodum
769 3607 959 3664 infelix
1000 3608 1104 3663 iste
1135 3622 1260 3662 cum
1305 3607 1669 3662 sectatoribus
1709 3607 1825 3662 suis
1860 3607 2015 3662 laceri

2141 3607 2461 3678 ὲνέργειαν⁶
2488 3607 2546 3660 ὲν
2579 3608 2794 3671 ἑαυτοῖς
2825 3608 3266 3679 ὲγκισσήσαντας
3298 3609 3527 3672 ἑαυτοὺς
3566 3623 3711 3660 κατα-

437 3700 709 3765 ὶηειίῑυίῑς
761 3699 853 3770 qui
912 3713 1079 3769 supra
1134 3714 1346 3766 omnes,
1399 3706 1667 3770 quotquot
1713 3706 1840 3754 ante
1893 3699 2009 3769 ipso

2144 3697 2398 3769 στρέφειν
2432 3698 2514 3761 εἰς
2560 3697 2631 3751 τὰ
2677 3697 2929 3769 βάραθρα
2967 3696 3064 3750 τοῦ
3099 3697 3339 3752 θανάτου
3364 3715 3378 3727 ·
3420 3699 3496 3762 ὼς
3525 3690 3711 3760 οὖτοςὸ

435 3793 824 3848 contumeliosi
876 3793 932 3846 in
983 3791 1152 3846 Deum
1189 3791 1417 3861 ejusque
1472 3791 1630 3846 Iidem
1679 3791 2004 3845 exstiterunt

2140 3788 2392 3853 ἐλεεινὸς,
2421 3789 2517 3844 καὶ
2546 3790 2594 3842 οἱ
2632 3787 2782 3860 αὐτῷ
2810 3789 3126 3853 πεισθέντες
3157 3788 3441 3862 ἄνθρωποι
3473 3788 3606 3844 κατὰ
3629 3787 3710 3857 τῆς

439 3884 510 3938 ad
544 3882 967 3954 Oppugnandam
1002 3883 1285 3937 veritatem
1324 3881 1565 3953 aggressi
1616 3888 1765 3935 sunt.
1825 3880 2012 3936 Manea

2139 3879 2400 3950 ἀληθείας
2421 3880 2854 3950 ἐστρατεύσαντο
2876 3880 3018 3951 ὑπὲρ
3042 3881 3252 3943 πάντας
3270 3882 3402 3945 τοὺς
3423 3881 3526 3952 πρὸ
3553 3877 3707 3933 αὐτῶν

437 3970 606 4043 igitur
659 3971 983 4026 dissimilem
1027 3969 1208 4025 Patris
1259 3985 1382 4025 esse
1429 3985 1537 4024 non
1591 3985 1752 4040 posse
1796 3969 1992 4024 Filium

2137 3971 2432 4039 γεγονότας
2473 3970 2828 4042 βλασφήμους
2873 3971 2953 4035 είς
2990 3970 3145 4038 Θεὸν,
3175 3973 3272 4025 καὶ
3320 3972 3423 4044 τὴν
3451 3971 3605 4026 αὑτοῦ
3634 3969 3706 4022 πί-

436 4076 616 4130 neque
659 4071 840 4115 tamen
887 4059 940 4114 in
979 4074 1046 4115 eo
1086 4057 1378 4113 admodum
1429 4059 1852 4129 acquiescimus.
1901 4057 2011 4112 Nan

2139 4079 2274 4116 στιν.
2322 4063 2430 4116 Καὶ
2471 4063 2554 4116 ὅτι
2598 4063 2698 4134 μὲν
2717 4063 2780 4116 οὐ
2824 4063 3046 4118 δύναται
3081 4063 3338 4133 ἀνόμοιος
3372 4061 3506 4118 εἶναι
3534 4065 3561 4117 ὁ
3601 4061 3705 4123 Υίὺς

435 4165 549 4206 non
595 4150 772 4206 solum
825 4149 1052 4214 similis,
1103 4147 1198 4204 sed
1247 4156 1303 4203 et
1351 4151 1579 4218 aequalis
1620 4157 1738 4214 est,
1784 4149 2010 4219 idemqw

2135 4153 2212 4224 τῷ
2240 4155 2433 4224 Πατρὶ,
2456 4155 2570 4207 ἀλλ’
2591 4154 2710 4208 οὐδὲ
2735 4154 2894 4208 τοῦτο
2910 4156 2928 4187 ⁷
2961 4156 3371 4228 ἐπερειδόμενοι
3403 4157 3572 4211 ταῦτα
3589 4155 3701 4224 ἔφη·

433 4243 747 4309 divinitate,
785 4244 1106 4310 aeternitate,
1141 4244 1364 4299 virtute.
1413 4241 1549 4297 Nam
1588 4243 1738 4297 illum
1775 4244 2004 4298 ταυτοού

2139 4261 2260 4315 μεν.
2290 4246 2446 4298 Ἐστι
2473 4245 2583 4318 γὰρ
2609 4246 2670 4299 οὐ
2703 4246 2864 4316 μόνον
2889 4247 3096 4317 ὅμοιος,
3137 4247 3277 4302 ἀλλὰ
3301 4249 3400 4304 καὶ
3439 4251 3565 4312 ίσος,
3591 4263 3703 4300 ταυ-

436 4350 552 4389 σιον
583 4351 692 4390 non
726 4335 1083 4404 appellamus,
1117 4335 1225 4391 hoc
1271 4342 1357 4390 est
1397 4333 1644 4390 eamdem
1699 4349 1824 4390 cum
1876 4331 2011 4389 Patri

2134 4337 2226 4391 τὸν
2270 4339 2336 4406 τῇ
2385 4337 2622 4409 θεότητι,
2676 4338 2876 4401 ταυτὸν
2913 4343 2980 4412 τῇ
3033 4340 3297 4413 ἀῖδιότητι
3339 4344 3434 4396 καὶ
3475 4341 3698 4410 δυνάμει.

433 4428 840 4494 substantiam;
872 4443 941 4483 ne
973 4442 1077 4482 vox
1108 4428 1215 4484 ista
1250 4443 1280 4481 a
1308 4427 1585 4482 nonnullis
1627 4433 1890 4497 usurpata
1927 4427 2008 4482 Sa

2136 4428 2246 4480 Kal.
2284 4429 2345 4481 οὐ
2384 4428 2619 4499 λέγομεν
2662 4431 3034 4498 ταυτοούσιον,
3077 4431 3164 4484 ἵνα
3208 4432 3285 4502 μὴ
3333 4434 3367 4503 ἡ
3402 4432 3544 4497 λέξις
3571 4428 3699 4500 παρά

433 4516 727 4572 bellianum
763 4515 830 4570 ad
867 4515 1064 4587 dogma
1096 4516 1367 4571 trahatur.
1399 4513 1506 4570 Sed
1555 4516 1801 4571 eumdem
1829 4516 2008 4571 divini-

2133 4518 2540 4590 τισι’λεγομένη
2564 4519 2836 4592 Σαϐελλίῳ
2862 4523 3191 4593 ὰπεικασθῇ.
3243 4523 3454 4575 Ταυτὸν
3481 4523 3537 4575 δὲ
3567 4520 3697 4588 λέγοι

432 4615 566 4671 tate,
591 4617 645 4662 et
674 4607 1003 4670 substantia,
1035 4617 1090 4662 et
1122 4607 1330 4662 virtute
1368 4608 1752 4676 pradicamus,
1785 4606 1934 4661 Patri
1963 4623 2007 4661 at

2134 4627 2234 4681 μεν
2262 4613 2328 4681 τῇ
2365 4610 2601 4682 θεότητι,
2641 4613 2734 4666 καὶ
2761 4614 2826 4684 τῇ
2859 4613 3038 4684 οὐσίᾳ,
3076 4618 3168 4667 καὶ
3199 4617 3267 4686 τῇ
3289 4615 3538 4687 δυνάμει,
3577 4613 3695 4668 κατὰ

432 4696 660 4768 Spiritui
698 4705 891 4751 sancto
920 4697 973 4751 in
1009 4697 1267 4751 omnibus
1296 4697 1580 4768 aequalem.
1617 4697 1796 4762 Quare
1834 4699 2007 4768 ὁμοού·

2134 4702 2314 4754 πάντα
2343 4703 2458 4755 ἴσον
2485 4703 2563 4774 τῷ
2590 4704 2786 4777 Πατρὶ,
2817 4706 2912 4758 καὶ
2942 4705 3021 4776 τῷ
3051 4707 3190 4776 ἁγίῳ
3215 4707 3384 4760 αὑτοῦ
3421 4708 3689 4777 Πνεῦματι.

433 4802 568 4848 σιον,
626 4785 680 4840 id
713 4795 796 4840 est
838 4783 1365 4841 consubstantialem
1413 4800 1673 4840 vocamus
1723 4801 1789 4841 ex
1833 4800 2008 4841 sacro-

2140 4793 2459 4862 Ὀμοούσιον
2480 4795 2536 4848 δέ
2561 4814 2763 4868 φαμεν,
2790 4797 2866 4861 ὡς
2891 4797 3002 4867 ἔχει
3026 4799 3060 4868 ἡ
3106 4799 3234 4866 ἁγία
3259 4801 3464 4864 πίστις,
3496 4801 3574 4852 ἵνα
3601 4796 3693 4850 ἀπὸ

433 4885 637 4931 sanctae
669 4876 788 4932 ﬁdei
820 4878 1161 4948 prazscripto,
1199 4885 1259 4931 ut
1291 4877 1555 4947 particula
1588 4875 1722 4946 ὁμοῦ
1755 4876 2008 4946 perlecta:

2124 4884 2219 4936 τοῦ
2245 4886 2381 4955 ὁμοῦ
2428 4888 2616 4956 σαφῶς
2649 4889 2901 4961 σημανθῇ
2942 4890 3010 4944 τὰ
3054 4890 3254 4955 τέλεια,
3295 4893 3378 4946 ὃτι
3423 4895 3452 4947 ὁ
3496 4892 3611 4955 Υἱὸς
3636 4891 3689 4942 ὲκ

431 4982 555 5024 esse
599 4983 863 5038 personas
911 4971 1222 5042 signiﬁcet:
1261 4970 1703 5042 quandoquidem
1753 4970 1925 5027 Filius
1956 4987 2006 5028 ει

2124 4975 2358 5047 Πατρδς,
2407 4979 2610 5045 τέλειος
2641 4981 2704 5034 ὲκ
2732 4980 2961 5047 τελείου,
3007 4981 3212 5037 τέλειον
3257 4984 3315 5038 δὲ
3352 4986 3447 5040 καὶ
3471 4985 3528 5038 τὸ
3553 4983 3688 5053 ἅγιον

430 5055 614 5123 Patre,
644 5059 918 5127 perfectus
946 5077 1009 5116 ex
1041 5062 1319 5133 perfecto;
1351 5060 1627 5132 perlectus
1674 5060 1862 5118 itidem
1897 5060 2022 5134 Spi-
2121 5068 2366 5138 Πνεῦμα.

429 5150 571 5206 ritus
597 5157 824 5206 sanctus
849 5159 954 5206 est.

957 5304 1168 5394 'jgan.
1200 5324 1311 5392 xlv,
1345 5309 1400 5366 9.
1494 5311 1514 5342 ³
1549 5309 1649 5366 lsa.
1691 5326 1839 5380 xxvn,
1867 5313 1992 5367 2-4.

2100 5312 2122 5343 ⁸
2147 5312 2274 5370 Cor.
2306 5311 2480 5373 εἷπον.
2582 5320 2604 5350 ⁸
2640 5317 2800 5374 Deest
2827 5320 2924 5374 τὴν
2952 5321 3104 5394 περί.
3217 5323 3238 5355 ⁸
3263 5321 3399 5394 Reg.
3433 5323 3525 5377 καὶ
3543 5319 3675 5386 ἐνέρ.

423 5369 572 5449 Lego
593 5369 927 5447 διαϐολικήν.
953 5399 964 5406 ·
999 5377 1021 5408 ⁷
1045 5375 1105 5431 F.
1132 5369 1324 5447 τούτῳζ

496 5529 612 5601 (88)
651 5531 797 5586 Ἀπὸ
835 5530 954 5601 μὲν
987 5530 1097 5586 τοῦ
1134 5532 1443 5600 Ἐϐραῖκοῦ
1491 5535 1700 5602 οὕτως.
1742 5535 2011 5592 Hebraice

2119 5535 2388 5612 Hebraica
2416 5535 2601 5612 Graece
2622 5538 2830 5612 scripta
2857 5541 3178 5612 corrigenda
3217 5550 3365 5600 sunt.
3401 5540 3557 5612 Velut
3580 5547 3678 5612 pro

431 5621 506 5678 ίιε
549 5626 854 5694 concipitur
886 5643 899 5678 =
936 5636 1103 5712 τηεν
1134 5633 1293 5712 rm
1345 5635 1416 5687 τυ
1451 5637 1574 5686 κιτπ
1618 5639 1816 5694 mw
1864 5638 2009 5690 inm
2116 5606 2461 5712 ιιέἱίξαξτὲἕλ
2483 5606 3175 5712 λξεικηοὺῖξίὲιλτειεὲέίξτξξ.
3210 5628 3305 5712 2:2
3340 5606 3671 5712 ἓξιιξίξὶἑὲξς

1134 5675 1217 5760 LE"
1272 5726 1413 5760 ’ἾἼΥΠ
1460 5727 1610 5760 "Hm
1665 5675 1807 5760 ηἳζῖ-
1822 5675 2010 5760 Ηνήἢί
2119 5677 2280 5760 βετου
2303 5694 2312 5705 1
2351 5692 2454 5760 pr?
2686 5725 2709 5760 '.

2119 5675 2312 5760 βετοῦ“
2351 5692 2454 5760 pr?
2482 5675 2656 5760 ἀδᾷἱῦθ
2686 5725 2710 5760 ,_
2747 5675 2888 5760 esse
2913 5680 3006 5735 ὼδ.
3043 5684 3176 5737 Item
3210 5675 3672 5760 pro-:cw5wlspal'p.

419 5718 602 5824 mn!“
637 5726 716 5796 ’ρ
768 5720 827 5772 τι
1066 5700 1217 5776 aﬁw
1272 5726 1413 5776 nam
1460 5727 1610 5797 Ἱππ»
1665 5729 1768 5778 nr?
1822 5729 1994 5780 unus

2119 5700 2280 5746 Ρετυυ
2303 5700 2312 5705 ’
2354 5700 2454 5747 pro
2482 5700 2656 5731 αοοωυ
2686 5725 2699 5744 ,
2747 5700 2869 5734 αοοε
2913 5700 3006 5735 ωο.
3043 5700 3176 5737 lle!“
3210 5700 3304 5752 ΡΠ)
3340 5700 3669 5748 σωοωλεμειμ

2115 5747 2220 5824 Iug;
2273 5747 2638 5824 σῳρολεμείμ.
2694 5749 2750 5805 In
2790 5749 2978 5824 Grieco
3009 5767 3160 5824 _vero
3201 5753 3404 5824 Aquila:
3447 5765 3549 5824 pro
3580 5745 3669 5816 φύ-

424 5789 639 5869 mn'm
667 5789 776 5863 ’Ὓιι
813 5815 932 5864 mm
969 5804 1069 5867 ri":
1107 5817 1160 5866 ν)
1195 5817 1268 5869 “nt
1308 5816 1398 5870 "ut
1442 5789 1601 5868 nim:
1664 5812 1741 5864 Ex
1806 5812 1999 5882 quibus

2115 5789 2750 5889 ἱσῖέιςέῑὲἦζρῖηέῖῗὸτιῒ
2767 5789 3410 5891 εέἓὶὖὲὶῖιιιὶἴιῗφὶἶᾶξέὲὶέ
3443 5789 3665 5892 ἔι’ρ”ήνῖιῖν-
