3988 6402
253 403 367 466 529

914 406 1280 464 ADVERSUS
1321 407 1665 465 ll.£RESES
1705 408 1834 464 LIB.

1962 450 1966 462 .
2008 406 2172 462 TOM.
2217 411 2258 462 Ι.
2299 438 2369 449 -
2408 399 2680 464 ιιίιζιιιίε.
2736 407 2976 462 LXXVI.

3460 409 3566 463 5'50

330 527 412 582 Π.
459 528 595 581 Ἀπὸ
629 529 784 599 μιᾶς,
816 530 909 581 καὶ
949 527 1232 599 δευτέρας,
1289 529 1384 580 καὶ
1421 527 1613 600 τρίτης
1646 543 1856 598 μαρτυ·

2034 525 2172 582 Vlll.
2205 526 2337 594 Qua:
2362 541 2488 582 cum
2519 528 2592 582 ita
2617 526 2752 591 sint,
2783 508 3001 582 duobus
3035 525 3280 581 tribusve
3319 528 3567 580 testiluu~

255 619 386 692 ρίας
413 617 560 674 οὗτοι
594 619 1036 692 φωραθήσονται.
1075 621 1137 673 Ei
1170 619 1277 690 γὰρ
1309 619 1447 683 ὅλως
1491 619 1856 690 ὁμολογεῖται,

259 713 361 768 ὑπ’
396 712 564 765 αὑτοῦ
597 711 1020 783 γεγεννημένος,
1061 711 1532 782 ὁμολογηθήσεται
1572 707 1714 765 εἶναι
1761 712 1859 764 έπ-

257 803 504 872 άναγκες
522 804 708 874 ὅμοιος
733 802 811 874 τῷ
832 803 1207 872 γεγεννηκότι.
1224 803 1393 874 Δῆλον
1417 804 1496 870 δὲ,
1519 804 1601 858 ὅτι
1625 807 1684 858 ὲν
1713 804 1858 876 λόγῳ

259 895 366 965 μὲν
395 893 542 962 λέγει
571 895 632 947 τὸ
661 893 929 964 γέννημα,
958 885 1167 964 κτίσμα
1192 894 1250 948 δὲ
1280 895 1471 968 σαφῶς
1501 894 1615 966 ἔχει
1648 912 1708 948 τε
1764 898 1860 951 καὶ

256 986 594 1038 πεπίστευκε
617 999 630 1015 ⁸
660 985 802 1038 κατὰ
831 985 992 1057 χάριν
1023 985 1080 1039 δὲ
1105 986 1392 1040 καλεῖσθαι
1417 987 1581 1041 αὑτὸν
1609 988 1757 1053 Υἱὸν,
1783 988 1861 1053 ὡς

254 1076 584 1146 ἐδοκίμασεν
615 1078 644 1130 6
674 1075 1037 1147 ὀριγνὼμων²
1078 1076 1188 1131 τῶν
1225 1079 1568 1150 ἐπουρανίων
1601 1080 1695 1133 καὶ
1758 1097 1858 1150 με·

257 1167 456 1238 ριστὴς
480 1165 588 1220 τῶν
610 1166 937 1238 ἀδιαιρέτων
986 1169 1082 1222 καὶ
1103 1169 1429 1240 γεωμέτρης
1457 1169 1559 1240 τῆς
1584 1169 1861 1242 ἡμετέρας

254 1259 340 1323 είς
366 1259 601 1330 Χριστὸν
631 1261 928 1331 σωτηρίας.
962 1261 1256 1314 Διαπίπτει
1281 1261 1337 1314 δὲ
1361 1264 1390 1314 ὁ
1418 1263 1636 1317 πάντων
1654 1264 1860 1317 τούτων

253 1352 440 1420 λόγος,
471 1353 578 1406 τῶν
603 1353 921 1424 κτισμάτων
944 1353 1107 1407 αὑτὸν
1129 1371 1402 1427 παρεισφε
1412 1356 1633 1425 ρόντων,
1662 1356 1740 1419 ὡς
1765 1356 1859 1409 καὶ

250 1449 285 1498 ὁ
306 1444 501 1498 τούτου
533 1448 802 1501 πεσεῖται.
832 1445 986 1510 Λέξω
1011 1447 1123 1518 γάρ
1153 1448 1292 1516 πρὸς
1321 1448 1485 1501 αὐτὸν
1511 1449 1854 1504 δικαιότατα·

250 1536 399 1604 Λέγε
424 1554 534 1607 μοι,
553 1530 598 1589 ὧ
617 1531 794 1600 οὗτος,
809 1537 862 1590 τί
879 1537 945 1592 ἂν
961 1538 1141 1607 λέγοις
1164 1539 1294 1611 περὶ
1316 1540 1410 1594 τοῦ
1429 1540 1559 1594 Υίοῦ
1582 1541 1675 1595 τοῦ
1687 1542 1823 1596 Θεοῦ
1842 1560 1856 1608 ;

252 1630 465 1698 κτίσμα
487 1629 650 1682 αὐτὸν
673 1631 903 1700 φάσκεις
933 1631 966 1701 ἦ
1000 1632 1160 1702 γέννη
1172 1649 1280 1702 μα;
1313 1633 1376 1686 Εἰ
1403 1633 1501 1704 μὲν
1522 1633 1631 1703 γὰρ
1655 1635 1860 1705 κτίσμα

249 1723 421 1777 αὑτὸν
453 1723 632 1792 λέγεις
661 1721 822 1792 εἶναι,
853 1727 1051 1798 μηκέτι
1082 1727 1324 1793 πιθανῶς
1368 1731 1731 1801 παράκρυπτε
1760 1732 1860 1802 τὴν

249 1815 460 1887 λύμην,
501 1818 727 1888 ὀνόματι
770 1819 1020 1890 γέννημα
1057 1819 1222 1874 αὐτὸν
1270 1821 1453 1875 καλῶν
1487 1821 1583 1875 τοῦ
1616 1823 1853 1894 Πατρός.

252 1909 376 1962 Πᾶν
409 1908 519 1981 γὰρ
535 1910 596 1963 τὸ
627 1911 842 1965 κτιστὸν
873 1913 934 1965 οὺ
960 1913 1250 1984 γεννητόν
1289 1915 1383 1968 καὶ
1413 1917 1462 1968 εί
1484 1917 1760 1986 γεννητὸν,
1794 1917 1854 1969 ού
1891 1901 1929 1955 Β

256 2000 502 2055 κτιστύν.
541 2002 742 2057 Ἔασον
773 2004 954 2058 τοίνυν
988 2005 1049 2058 τὸ
1091 2007 1232 2077 μήτε
1265 2006 1409 2078 λόγῳ
1443 2007 1624 2075 λέγειν
1665 2025 1857 2078 γεννη-

249 2093 368 2146 τόν.
415 2093 490 2145 Οὐ
527 2093 638 2167 γὰρ
674 2095 875 2166 πρέπει
913 2114 997 2150 σοι
1031 2098 1168 2162 ὅλως
1215 2099 1319 2153 κᾶν
1364 2099 1445 2152 ἑνὶ
1481 2100 1624 2170 λόγῳ
1669 2100 1857 2172 φέρειν

249 2183 355 2252 τῆς
377 2183 634 2254 ἀληθείας
657 2187 726 2240 τὰ
753 2189 974 2259 ῥήματα
1007 2190 1100 2244 ἐπὶ
1121 2189 1365 2261 χειλέων.
1415 2189 1576 2244 Ἀλλά
1609 2191 1733 2261 λέγε
1761 2209 1854 2246 σου

248 2274 314 2327 τὸ
338 2278 448 2329 πᾶν
472 2277 571 2348 τῆς
597 2277 911 2350 ἐπιϐουλῆς,
938 2281 1028 2335 ἵνα
1054 2282 1318 2353 μάθωμεν
1342 2282 1427 2346 τίς
1455 2277 1526 2346 εἴ,
1553 2284 1647 2336 καὶ
1680 2281 1856 2346 οὕτως

251 2368 635 2440 ἀποφύγωμεν
675 2372 786 2424 ἀπὸ
829 2373 929 2444 τῆς
963 2373 1263 2444 ἐπιϐουλῆς
1306 2391 1424 2438 σου,
1469 2375 1716 2445 ἀγρευτά
1744 2375 1856 2428 τῶν

247 2456 464 2527 ψυχῶν,
491 2459 584 2512 καὶ
609 2459 863 2514 ὲπίϐουλε
903 2462 1014 2530 τῶν
1062 2480 1145 2516 σοι
1174 2463 1610 2535 πεποθημένωνῑ
1674 2465 1854 2535 Προσ-

248 2552 435 2612 λυνεῖς
456 2550 636 2604 τοίνυν
657 2551 747 2605 τὸν
767 2552 896 2605 Υίὸν
911 2553 1006 2606 τοῦ
1023 2553 1182 2617 Θεοῦ,
1205 2555 1239 2625 ἢ
1259 2554 1321 2608 ού
1345 2558 1669 2626 προσκυνεῖς
1686 2573 1700 2622 ;
1723 2555 1852 2622 Ναὶ,

256 2640 419 2710 φησὶ,
472 2642 766 2713 προσκυνῶ
811 2643 996 2698 αὐτόν.
1050 2644 1184 2698 Θεὸν
1226 2648 1574 2716 προσκυνεῖς,
1627 2647 1660 2718 ἢ
1699 2646 1852 2717 οὐχίς

248 2731 379 2798 Ναὶ,
408 2733 564 2804 φησι,
587 2733 720 2786 Θεὸν
746 2736 1056 2805 προσκυνῶ.
1087 2737 1247 2799 Ποῖος
1267 2731 1362 2790 οὖν
1391 2737 1526 2801 Θεὸς
1551 2738 1706 2793 ἔσται
1742 2757 1856 2793 κτι-

250 2824 381 2889 στὸς
408 2825 560 2896 παρὰ
585 2827 667 2879 σοὶ
689 2826 984 2897 λεγόμενος
1007 2829 1104 2882 καὶ
1130 2829 1640 2901 προσκυνούμενος,
1668 2834 1731 2886 Et
1757 2834 1855 2903 μὲν

249 2918 364 2987 γάρ
391 2918 483 2971 τὸν
509 2918 606 2972 ἕνα
638 2918 852 2972 ἔκτισεν
889 2921 918 2972 ὁ
947 2921 1327 2993 προσκυνητὸς
1365 2922 1519 2987 Θεὸς,
1548 2924 1641 2977 καὶ
1666 2923 1855 2978 τοῦτον

248 3009 514 3080 εὐδόκησε
549 3010 996 3081 προσκυνεῖσθαι,
1039 3012 1110 3066 τὰ
1155 3012 1203 3066 δ’
1247 3012 1385 3069 ἄλλα
1419 3014 1600 3068 πάντα
1637 3016 1800 3080 αὐτὸς
1827 3019 1857 3070 ὁ

250 3101 447 3164 κτίσας
477 3101 537 3153 ού
569 3100 819 3170 βούλεται
846 3105 1293 3172 προσκυνεῖσθαι,
1323 3105 1461 3159 ἀλλά
1489 3107 1582 3159 καὶ
1611 3108 1855 3161 αἰτιᾶται

249 3193 379 3254 τοὺς
404 3190 851 3263 προσκυνοῦντας
881 3194 980 3264 τὴν
1004 3194 1204 3258 κτίσιν,
1243 3194 1333 3249 διὰ
1357 3197 1524 3266 νόμου
1560 3197 1849 3252 διδάσκων·

251 3284 338 3337 Οὐ
362 3280 641 3350 ποιήσεις
661 3281 898 3348 σεαυτῷ
924 3283 1049 3338 πᾶν
1074 3285 1360 3354 ὁμοίωμα.
1381 3286 1477 3339 καὶ
1506 3286 1856 3356 προσκυνή-

247 3391 386 3441 σεις
413 3374 606 3442 αὐτῷ,
640 3373 796 3445 μήτε
811 3376 881 3430 ἐν
903 3376 984 3441 τῷ
1005 3377 1262 3445 οὐρανῷ,
1283 3378 1439 3447 μήτε
1467 3379 1564 3432 ἐπὶ
1590 3377 1699 3448 τῆς
1721 3378 1856 3450 τῆς,

244 3464 402 3535 μήτε
423 3465 495 3520 ἑν
524 3465 650 3532 τοῖς
671 3466 854 3520 ὕδασι
876 3485 890 3497 ο
921 3467 1018 3521 καὶ
1044 3469 1073 3520 6
1102 3469 1424 3532 Ἀπόστολός
1451 3486 1617 3540 φησιν
1638 3486 1652 3500 ο
1695 3469 1858 3524 Ἑλὰ-

250 3572 520 3627 τρευσαν
545 3557 621 3629 τῇ
652 3559 847 3614 κτίσει
882 3560 1042 3630 παρὰ
1077 3561 1186 3616 τὸν
1213 3563 1530 3629 κτίσαντα,
1573 3563 1672 3618 καὶ
1711 3563 1858 3632 ἐμω-

246 3648 590 3718 ρὰνθησαν.

1961 619 2072 674 niis
2109 620 2328 674 illorum
2369 619 2708 690 detegendus
2737 635 2894 674 error
2924 629 3029 675 est.
3073 618 3207 671 Nam
3246 619 3290 672 si
3325 618 3564 687 genitum

1961 708 2031 762 ab
2062 709 2154 764 illo
2184 707 2382 762 Filium
2427 709 2653 764 omnino
2698 707 2990 774 fateamur,
3031 709 3281 763 eumdeni
3319 718 3374 762 et
3417 711 3561 779 geni-

1962 801 2065 854 tori
2101 799 2336 854 similem
2368 799 2685 854 necessario
2714 797 3026 853 fatebimur.
3059 797 3421 866 Perspicuum
3468 815 3570 850 au-

1962 902 2068 945 tem
2108 899 2213 955 est,
2259 906 2384 946 cum
2423 891 2593 946 verbo
2645 899 2804 946 tenus
2849 890 3090 961 genitum
3130 906 3254 946 esse
3287 890 3436 944 dicat
3477 890 3566 944 Fi-

1961 983 2117 1049 lium,
2154 982 2334 1053 rcipsa
2385 990 2697 1038 creaturam
2745 981 3065 1036 existimare
3103 997 3165 1034 ac
3199 981 3459 1046 credere;
3493 981 3566 1034 ita

1962 1088 2019 1134 ut
2050 1079 2166 1136 sola
2199 1078 2291 1134 Dei
2324 1081 2498 1150 gratia
2528 1078 2700 1134 Filius
2744 1077 3048 1148 appelletur
3075 1095 3088 1130 :
3120 1092 3241 1146 qua:
3272 1087 3357 1130 est
3394 1076 3562 1130 ecule-

1958 1173 2124 1228 stium
2181 1171 2416 1225 linitoris
2472 1172 2644 1237 illius,
2697 1180 2750 1226 et
2799 1185 2992 1224 corum
3042 1183 3167 1238 qum
3227 1168 3392 1222 dividi
3454 1183 3564 1220 tum

1961 1273 2192 1336 possunt
2236 1263 2518 1328 divisoris,
2565 1271 2620 1317 et
2668 1272 2872 1318 nostra:
2907 1278 3003 1333 per
3040 1261 3318 1317 Christum
3371 1261 3565 1314 salutis

1961 1357 2229 1411 mensoris
2274 1357 2484 1426 opinio.
2541 1353 2739 1410 Verum
2793 1357 3040 1411 omnium
3097 1356 3324 1409 istorum
3386 1353 3566 1407 oratio

1961 1449 2119 1504 facile
2163 1448 2439 1514 concidet,
2490 1448 2583 1518 qui
2629 1463 2726 1517 pro
2758 1458 3011 1501 creatura
3062 1446 3214 1499 illum
3267 1445 3428 1499 nobis
3461 1447 3564 1499 el:-

1961 1543 2212 1604 trudunt,
2247 1552 2410 1610 atque
2454 1543 2507 1594 in
2554 1541 2745 1610 primis
2775 1539 3013 1594 hmrctici
3045 1538 3230 1606 hujus,
3264 1553 3425 1606 quem
3479 1537 3564 1591 his

1959 1630 2140 1684 verbis
2174 1630 2371 1685 merito
2415 1630 2567 1684 aﬂ'ari
2619 1645 2780 1700 posse
2835 1630 2966 1685 mihi
3014 1629 3236 1684 videor:
3275 1627 3369 1682 Dic
3404 1627 3560 1692 mihi,

1957 1741 2164 1793 qua-so,
2209 1724 2339 1795 quid
2415 1724 2486 1779 de
2550 1725 2686 1780 Filio
2742 1724 2836 1780 Dei
2893 1727 3099 1780 sentias
3147 1733 3201 1781 et
3248 1736 3562 1780 utrumnam

1959 1823 2268 1870 creaturam
2322 1832 2392 1870 an
2441 1815 2612 1870 fetum
2647 1817 2714 1870 ab
2748 1815 2940 1870 eodem
2991 1815 3236 1885 genitum
3273 1813 3559 1869 arbitrere.

1959 1909 2094 1962 Nam
2139 1910 2187 1965 si
2235 1918 2546 1964 creaturam
2591 1925 2718 1964 esse
2755 1917 2990 1967 statuas.
3018 1907 3210 1964 desine
3242 1907 3394 1961 virus
3430 1907 3563 1962 illud

1960 2009 2116 2056 tuum
2151 2001 2346 2055 callida
2392 2001 2834 2057 dissimulatione
2869 2010 3070 2071 tegere,
3095 2008 3150 2056 et
3193 2015 3222 2053 a
3262 1999 3426 2055 Patre
3449 2016 3564 2070 σεε-

1959 2095 2132 2148 nitum
2172 2093 2324 2148 illum
2358 2109 2491 2148 voce
2538 2101 2700 2149 tenus
2741 2094 3122 2164 pronuntiare.
3155 2091 3316 2162 921
3351 2091 3563 2146 Etenim

1957 2186 2225 2257 quidquid
2257 2194 2503 2240 creatum
2535 2195 2640 2250 est,
2689 2187 2935 2257 genitum
2963 2201 3088 2240 esse
3123 2201 3233 2238 non
3281 2193 3478 2254 potest,
3509 2193 3564 2239 et

1959 2281 2006 2336 si
2043 2280 2284 2351 genitum
2315 2288 2420 2342 est,
2445 2287 2693 2334 creatum
2727 2293 2836 2334 non
2866 2287 2971 2334 est.
3015 2276 3386 2344 Quamobrem
3417 2277 3563 2346 geni-

1959 2381 2073 2426 tum
2107 2373 2256 2425 ilimn
2293 2373 2458 2427 verbo
2481 2371 2768 2428 nominare
2803 2371 3014 2426 desine.
3053 2369 3172 2424 Non
3213 2371 3360 2425 enim
3405 2369 3564 2424 dei-et

1959 2476 2010 2520 te
2040 2465 2123 2520 vel
2155 2466 2272 2536 ipso
2299 2480 2556 2520 sermone
2582 2465 2830 2520 veritatis
2853 2478 3016 2519 voces
3048 2463 3380 2533 exprimere.
3417 2462 3560 2528 Quin

1957 2558 2143 2627 potius
2180 2557 2426 2613 fraudem
2468 2565 2617 2610 tuam
2655 2572 2872 2611 onmem
2921 2555 3190 2618 edissere,
3238 2562 3295 2608 ut
3341 2555 3436 2623 qui
3485 2554 3564 2608 sis

1958 2662 2290 2720 cognoscere
2336 2649 2636 2718 possimus,
2687 2664 2752 2703 ac
2804 2647 3137 2702 malitiosum
3185 2654 3339 2700 tuum
3387 2646 3559 2698 artiﬁ-

1957 2741 2102 2794 cium
2152 2740 2427 2810 emigere.
2477 2756 2511 2794 o
2554 2749 2805 2809 captator
2860 2738 3208 2800 animarum,
3260 2752 3566 2806 eorumque

1958 2847 2098 2902 quos
2137 2831 2342 2900 diligis.
2372 2831 2637 2887 insidiose
2688 2837 3005 2901 corruptor.
3045 2829 3152 2884 Sed
3200 2828 3333 2882 illud
3375 2827 3474 2883 abs
3513 2837 3568 2881 te

1957 2940 2143 2993 quer
2168 2964 2181 2988 ,
2217 2923 2415 2979 Filium
2465 2923 2557 2979 Dei
2592 2925 2811 2987 adores,
2853 2937 3046 2976 necne.
3110 2919 3316 2982 Adoro,
3359 2919 3559 2989 inquit.

1957 3018 2091 3085 Age,
2123 3015 2291 3069 Deum
2317 3015 2617 3078 adoras,an
2652 3014 2800 3068 non?
2822 3012 2935 3083 Ego
2961 3028 3113 3074 vero,
3144 3011 3343 3080 inquit,
3367 3010 3557 3064 adoro.

1962 3105 2061 3160 Ubi
2091 3105 2257 3177 igitur
2289 3105 2379 3160 ille
2426 3103 2572 3159 Deus
2603 3111 2709 3165 εει,
2741 3119 2903 3172 quem
2947 3113 3002 3155 tu
3045 3108 3291 3154 creatum
3324 3099 3564 3152 adoran—

1958 3195 2199 3266 dumque
2228 3193 2526 3266 praedicas?
2557 3192 2693 3246 Nam
2726 3193 2772 3248 si
2801 3208 2968 3246 unum
2999 3191 3266 3245 duntaxat
3297 3190 3564 3244 colendus

1959 3285 2281 3340 adoratione
2309 3285 2452 3340 Deus
2476 3299 2506 3336 a
2539 3300 2599 3339 se
2624 3291 2870 3338 creatum
2900 3282 3118 3336 adorari
3148 3283 3343 3347 voluit,
3366 3300 3377 3331 ι
3397 3289 3562 3336 :etera

1959 3393 2090 3432 vero
2128 3379 2311 3432 omnia
2342 3377 2432 3432 ille
2467 3377 2604 3447 ipse,
2636 3377 2728 3447 qui
2760 3374 3027 3440 condidit,
3059 3374 3278 3429 adorari
3309 3382 3478 3441 vetat,
3509 3385 3564 3428 ct

1956 3487 2052 3526 eos
2086 3471 2333 3535 damnat,
2366 3471 2460 3540 qui
2488 3479 2704 3525 creatas
2737 3484 2824 3522 res
2856 3467 3179 3522 adoratione
3206 3475 3560 3534 venerantur,

1955 3580 2082 3618 cum
2113 3565 2184 3618 ita
2219 3562 2522 3633 prmscribit
2553 3579 2565 3615 :
2605 3560 2729 3614 Non
2759 3560 2923 3629 facies
2970 3559 3065 3613 tibi
3100 3559 3271 3612 ullam
3310 3559 3564 3612 similitu-

1955 3655 2156 3720 dinem,
2205 3665 2254 3710 et
2300 3653 2550 3709 adorabis
2600 3669 2740 3717 eam,
2797 3669 2958 3723 neque
3004 3653 3060 3706 in
3117 3653 3267 3718 calo,
3316 3667 3479 3714 neque
3511 3652 3565 3704 in

250 3753 423 3807 terra,
450 3762 612 3816 neque
653 3747 707 3802 iu
743 3749 895 3818 aquis
935 3747 979 3803 ³.
1023 3745 1132 3802 Sed
1169 3755 1225 3804 et
1265 3748 1588 3820 Apostolus,
1643 3750 1970 3819 Serviat-unt,
2007 3752 2225 3821 inquit,
2277 3762 2540 3807 creatura:
2592 3750 2769 3820 potius
2799 3765 2960 3821 quam
3004 3748 3248 3804 (Zreatori
3271 3789 3286 3812 ,
3318 3757 3367 3802 et
3415 3747 3577 3802 stulti

249 3837 388 3907 {acti
414 3850 534 3892 sunt
557 3842 599 3894 ⁸.

329 3933 455 3998 Πῶς
501 3935 679 3995 τοίνυν
725 3937 852 4008 περὶ
886 3938 1106 3992 πάντων
1141 3939 1356 3995 κελεύει
1409 3941 1486 4014 μὴ
1523 3947 1851 4016 προσκυνεῖ-

250 4028 382 4082 σθαι
411 4043 425 4091 ;
457 4023 567 4098 ἆρα
606 4024 700 4081 οὖν
736 4030 1169 4102 προσωποληψία
1215 4034 1334 4087 ἐστὶ
1376 4036 1528 4105 παρὰ
1567 4036 1718 4107 Θεῷ;
1760 4038 1853 4109 Μὴ

248 4119 507 4188 γένοιτοῐ
555 4122 646 4174 Ἐν
691 4120 770 4192 τῷ
816 4122 926 4193 γὰρ
955 4123 1046 4178 τὸν
1082 4125 1178 4178 ἕνα
1215 4129 1640 4198 προσκυνεῖσθαι
1683 4129 1854 4197 ἔδειξε

250 4212 608 4266 παντάπασιν
644 4213 805 4267 ἄλλον
847 4215 1159 4288 ὅντα-παρά
1205 4219 1304 4289 τὴν
1337 4220 1515 4274 κτίσιν
1555 4223 1647 4276 τὸν
1689 4241 1856 4295 προσ-

248 4303 615 4376 κυνούμενον,
666 4307 760 4359 καὶ
799 4306 968 4377 ἄλλην
999 4309 1100 4377 τὴν
1155 4312 1642 4384 προσκυνουμένην
1683 4315 1860 4369 κτίσιν

256 4396 419 4470 παρά
457 4399 548 4452 τὸν
601 4401 982 4472 προσκυνητὸν
1022 4401 1250 4475 Κύριον,
1295 4404 1425 4458 Υίὸν
1473 4406 1566 4459 τοῦ
1608 4407 1745 4461 Θεοῦ
1795 4410 1860 4462 ἐκ

250 4487 482 4558 Πατρὸς
514 4488 934 4559 γεγεννημένον.
971 4491 1070 4544 Διά
1101 4493 1212 4562 γὰρ
1252 4493 1314 4545 τὸ
1358 4494 1419 4559 ἐξ
1463 4495 1630 4548 αὐτοῦ
1669 4514 1860 4566 γεγεν-

2029 3939 2229 4005 Quazro
2270 3933 2438 4006 igitur
2483 3947 2584 3987 cur
2631 3930 2856 3986 adorari
2895 3928 3082 3984 omnia
3115 3927 3206 3983 illa
3240 3925 3577 3998 prohibeat?

1959 4030 2100 4085 Num
2159 4028 2301 4082 Deus
2349 4039 2713 4096 personarum
2769 4021 3040 4076 rationem
3094 4018 3298 4080 habet?
3347 4017 3567 4070 Minime

1959 4139 2110 4180 vero.
2159 4121 2343 4188 Quare
2390 4121 2494 4174 hoc
2546 4118 2669 4189 ipso
2711 4116 2858 4187 quod
2907 4130 3053 4169 unus
3092 4109 3412 4168 adorandus
3445 4119 3564 4171 est,

1963 4217 2130 4270 alium
2166 4214 2314 4268 hunc
2343 4227 2370 4266 a
2413 4219 2734 4266 creatarum
2772 4223 2958 4262 rerum
2989 4204 3310 4260 conditione
3330 4218 3456 4257 esse
3487 4202 3565 4256 si-~

1961 4310 2206 4384 gniﬁcat,
2251 4316 2306 4363 et
2337 4316 2650 4362 creaturam
2680 4305 2925 4359 vicissim
2949 4341 2963 4365 ,
3009 4316 3133 4370 qua:
3173 4298 3394 4353 adorari
3439 4311 3568 4366 pro‘

1966 4406 2205 4467 hibetur,
2241 4402 2310 4456 ab
2341 4401 2621 4455 adorando
2674 4397 2906 4452 Domino
2951 4395 3158 4464 Deique
3210 4393 3376 4454 Filio,
3438 4399 3493 4446 et
3533 4406 3564 4443 a

1968 4497 2130 4552 Patre
2174 4494 2358 4564 genito
2392 4491 2690 4546 diversam.
2728 4487 2886 4554 Quod
2917 4487 3064 4542 enim
3093 4486 3163 4539 ab
3195 4485 3316 4555 ipso
3344 4483 3562 4553 genitus

252 4579 459 4649 νῆσθαι
475 4581 664 4650 ὅμοιον
705 4582 878 4653 αὐτῷ,
899 4583 993 4636 καὶ
1026 4586 1148 4638 κατ’
1179 4585 1344 4640 αὑτὸν
1379 4588 1535 4641 Υίόν·
1578 4589 1665 4643 διὰ
1702 4591 1856 4645 τοῦτο

1968 4601 2052 4646 εει
2077 4589 2198 4658 ejus
2227 4587 2422 4643 similis
2454 4583 2792 4657 aequalisque
2822 4580 3018 4643 Filius,
3055 4578 3178 4632 ideo
3206 4578 3275 4632 ab
3303 4575 3564 4630 omnibus

250 4670 368 4742 γὰρ
390 4671 485 4725 καὶ
522 4675 900 4743 προσκυνητὸν
931 4675 1083 4747 παρὰ
1105 4679 1238 4731 πᾶσι
1265 4693 1278 4707 ·
1314 4679 1382 4732 δι’
1422 4681 1590 4734 αὑτοῦ
1633 4683 1859 4754 ἐποίησε

248 4763 328 4817 τά
366 4761 566 4830 πάντα,
619 4765 715 4818 καὶ
768 4767 939 4836 χωρὶς
984 4768 1150 4823 αὐτοῦ
1205 4771 1426 4840 ἐγένετο
1473 4773 1592 4827 οὐδὲ
1631 4775 1709 4828 ἓν.
1770 4776 1860 4830 Ἐν

247 4855 412 4928 αὐτῷ
445 4857 577 4928 γὰρ,
619 4859 641 4888 ³
663 4856 742 4928 τῷ
777 4859 920 4930 ἁγίῳ
950 4860 1118 4915 αὐτοῦ
1164 4863 1445 4937 Πνεύματι
1479 4868 1558 4938 τῷ
1604 4867 1664 4934 ἐξ
1689 4868 1859 4924 αὐτοῦ

248 4950 669 5022 ὲκπορευθέντι,
703 4953 798 5006 καὶ
835 4953 931 5006 τοῦ
966 4954 1104 5009 Υίοῢ
1138 4957 1497 5028 λαμϐάνοντι,
1533 4962 1757 5032 ἐποίησε
1786 4963 1857 5016 τὰ

250 5044 442 5099 πάντα
502 5045 598 5099 καὶ
636 5045 961 5117 ὲστερέωσε.
1011 5049 1098 5115 Τῷ
1145 5050 1257 5120 γὰρ
1325 5053 1488 5122 λόγῳ
1535 5055 1759 5122 Κυρίου
1805 5059 1861 5110 oi

250 5139 510 5208 οὐρανοί
562 5139 1057 5209 ἐστερεώθησαν,
1107 5143 1206 5197 καὶ
1269 5143 1351 5210 τῷ
1403 5146 1696 5214 πνεύματι
1750 5148 1859 5203 τοῦ

250 5232 562 5300 στόματος
583 5232 774 5287 αὐτοῦ
799 5231 969 5312 πᾶσα
989 5235 1027 5303 ἠ
1051 5234 1305 5306 δύναμις
1329 5236 1540 5291 αὐτοῦ.
1557 5237 1728 5293 Ὅταν
1749 5239 1859 5312 γὰρ

252 5320 396 5396 εῖπῃ
422 5324 451 5376 6
490 5310 832 5395 Μονογενὴς,
854 5323 932 5388 ὡς
965 5325 1080 5380 ἀνω
1111 5343 1202 5397 μοι
1229 5325 1489 5400 εἴρηται·
1518 5329 1645 5384 Ἵνα
1690 5310 1860 5400 γινώ-

252 5417 460 5472 σκωσι
484 5433 559 5472 σε
590 5419 702 5472 τὸν
728 5419 920 5488 μόνον
955 5419 1249 5488 ἀληθινὸν
1278 5423 1447 5487 Θεὸν,
1497 5422 1598 5476 καὶ
1630 5423 1702 5477 ὃν
1745 5425 1860 5480 ἁπ-

249 5509 543 5578 έστειλας
578 5512 816 5580 Ἰησοῦν
859 5514 1120 5581 Χριστόν
1144 5531 1159 5547 ο
1200 5513 1481 5586 ἀφώρισεν
1531 5517 1723 5570 ἑαυτὸν
1751 5518 1862 5571 ἀπὸ

252 5602 364 5673 τῆς
418 5603 670 5667 κτίσεως.
716 5605 806 5668 Ὡς
853 5605 947 5658 καὶ
1001 5605 1032 5658 ὁ
1092 5607 1415 5672 Ἀπόστολος
1471 5610 1704 5678 φάσκει·
1751 5605 1854 5677 Εἷς

255 5695 432 5762 Θεὸς,
461 5697 531 5762 ἐξ
559 5692 631 5754 οὗ
674 5697 748 5752 τὰ
780 5697 1000 5762 πάντα,
1040 5699 1140 5754 καὶ
1172 5701 1348 5772 ἡμεῖς
1382 5701 1456 5755 δι’
1483 5703 1673 5758 αὐτοῦ
1697 5719 1712 5736 ⁸
1755 5703 1854 5756 καὶ

355 5815 374 5845 ⁸
411 5811 471 5867 F.
502 5815 644 5885 ὀριγ.
757 5818 778 5848 ⁸
812 5814 868 5870 F.
892 5817 984 5870 καὶ
1009 5819 1086 5872 ὲν.

1198 5824 1218 5855 ³
1247 5822 1416 5881 Exod.
1447 5844 1538 5893 xx,
1573 5829 1620 5882 6.

257 5903 402 5953 xvu,
435 5887 488 5941 5.
540 5884 590 5919 ⁷⁸
621 5884 788 5942 lCor.
824 5903 938 5954 vni,
969 5889 1023 5945 6.

1732 5828 1751 5857 ⁵
1783 5825 1942 5885 Rom.
1975 5843 2014 5894 ι,
2039 5826 2128 5882 25.

1970 4673 2287 4738 adorandus
2317 4686 2403 4736 est
2437 4697 2448 4731 :
2488 4679 2592 4734 Per
2629 4677 2776 4730 hunc
2806 4673 2994 4729 omnia
3023 4670 3173 4734 fecit,
3206 4677 3260 4725 et
3295 4668 3414 4724 sine
3444 4668 3565 4737 ipso

1970 4778 2177 4831 factum
2235 4783 2320 4828 est
2353 4772 2552 4826 nihil'.
2608 4769 2665 4824 ln
2720 4771 2864 4840 ipso,
2933 4767 3194 4836 inquam,
3251 4777 3464 4817 necnon
3512 4769 3566 4815 et

1968 4877 2160 4925 sancto
2200 4881 2302 4921 suo
2345 4864 2578 4934 Spiritu,
2609 4863 2703 4934 qui
2746 4877 2775 4915 a
2829 4877 2890 4917 se
2931 4857 3204 4929 procedit,
3235 4864 3290 4910 et
3321 4856 3389 4911 de
3426 4855 3565 4909 Filio

1967 4959 2192 5029 accipit,
2215 4955 2465 5012 condidit
2507 4969 2573 5009 ac
2634 4951 2874 5007 ﬁrmavit
2905 4949 3184 5004 universa.
3232 4946 3398 5002 Verbo
3425 4948 3566 5001 enim

1968 5056 2184 5111 Domini
2214 5053 2331 5108 εαυίί
2361 5051 2564 5123 ﬁrmati
2589 5058 2735 5114 sunt,
2765 5057 2816 5102 et
2845 5046 3040 5118 spiritu
3082 5045 3192 5099 oris
3239 5044 3353 5114 ejus
3394 5044 3566 5097 omnis

1969 5152 2134 5205 virtus
2161 5147 2400 5202 eorum“.
2426 5145 2562 5199 Nam
2588 5158 2712 5198 cum
2741 5141 2938 5197 unicus
2968 5138 3063 5196 Dei
3097 5137 3297 5201 Filius,
3341 5145 3401 5191 ut
3440 5143 3567 5191 ante

1967 5242 2174 5297 dictum
2204 5248 2321 5302 est,
2356 5239 2432 5292 ita
2475 5235 2722 5308 loquitur
2757 5253 2770 5289 :
2813 5231 2882 5288 Ut
2922 5240 3244 5304 cognoscant
3293 5239 3342 5283 te
3390 5228 3562 5282 solum

1968 5350 2146 5389 verum
2195 5332 2401 5395 Deum,
2438 5339 2486 5385 et
2511 5344 2664 5400 quem
2703 5326 2899 5381 misisti
2927 5324 3112 5380 Iesum
3157 5321 3430 5378 Christum
3448 5319 3493 5383 ⁷,
3533 5333 3564 5370 a

1969 5435 2278 5482 ereatarum
2307 5440 2428 5480 sese
2454 5437 2638 5478 rerum
2669 5434 2903 5475 numero
2929 5416 3255 5489 segregavit.
3283 5413 3404 5478 Quo
3426 5410 3564 5464 illud

1968 5520 2133 5574 etiam
2163 5517 2411 5588 Apostoli
2441 5514 2681 5586 pertinet
2707 5529 2720 5565 :
2753 5511 2901 5566 Unus
2929 5509 3095 5571 Deus,
3124 5521 3189 5560 ex
3222 5521 3323 5575 quo
3356 5502 3560 5568 omnia,

1961 5621 2012 5666 et
2048 5627 2140 5664 nos
2172 5625 2262 5678 per
2295 5610 2489 5676 ipsum,
2525 5615 2576 5660 et
2607 5621 2743 5659 unus
2792 5602 3057 5658 Dominus
3083 5598 3240 5652 Iesus
3285 5594 3557 5657 Christus.

1960 5719 2051 5771 per
2087 5718 2238 5773 quem
2279 5701 2482 5764 omnia,
2509 5707 2558 5752 et
2586 5712 2678 5751 nos
2743 5709 2834 5762 per
2863 5693 3034 5761 ipsum
3052 5689 3093 5745 ’⁸.
3127 5686 3364 5743 Videsne
3393 5699 3562 5755 quam

2721 5819 2741 5848 ⁶
2773 5815 2918 5872 Psal.
2957 5829 3106 5869 χχιιι
3134 5852 3150 5879 ,
3183 5811 3235 5866 6.
3350 5810 3368 5840 ⁷
3397 5805 3562 5864 Joan.

2241 5825 2262 5856 "
2297 5823 2454 5881 Joan.
2489 5839 2526 5890 I,
2557 5821 2611 5877 5.
