3988 6406
451 385 551 443 534

1885 385 1943 438 S.
1985 380 2326 436 EPIPIIANII

3594 384 3681 442 5'52

450 502 662 560 diserte
693 519 862 559 unum
897 502 1092 572 Deum,
1115 518 1179 560 ac
1210 502 1451 569 Patrem,
1478 509 1532 559 ct
1557 518 1727 558 unum
1756 501 2047 556 Dominum

2173 496 2240 567 εἷς
2264 501 2481 569 Κύριος
2514 503 2744 570 Ἰησοῦς
2783 504 3059 573 Χριστὸς,
3084 504 3157 559 δι’
3179 500 3251 562 οὗ
3287 505 3361 560 τὰ
3385 505 3581 571 πάντα,
3603 510 3683 563 καί

457 594 527 651 ab
575 596 766 652 eodem
819 598 1063 670 genitum
1121 599 1497 670 expresserit?
1547 597 1735 668 Neque
1786 611 1914 652 vero
1972 595 2045 649 ita

456 686 624 753 dixit,
659 686 814 746 Unus
868 692 1044 756 Deus,
1092 691 1258 762 922
1300 701 1353 748 et
1417 707 1560 746 unus
1594 689 1861 745 Dominus
1919 704 2046 743 cum

456 778 734 841 omnibus.
764 795 887 851 qua:
913 780 983 836 ab
1021 781 1144 852 ipso
1182 782 1325 835 facta
1357 791 1486 838 sunt
1521 796 1536 846 ;
1574 779 1669 835 sed
1701 794 1839 833 unus
1866 776 2048 831 Domi-

456 887 555 926 nus
579 886 672 939 per
699 889 854 943 quem
897 874 1102 929 omnia.
1139 872 1299 942 Quod
1351 874 1396 930 si
1433 890 1575 928 unus
1624 871 1891 927 Dominus
1931 878 2049 935 est,

456 977 553 1032 per
580 978 743 1032 quem
794 960 938 1016 facta
972 970 1103 1018 sunt
1132 963 1344 1028 omnia,
1381 961 1472 1017 ille
1506 976 1651 1016 unus
1682 975 1744 1015 ex
1794 957 2054 1013 omnibus

455 1069 575 1108 esse
607 1068 717 1108 non
762 1062 966 1124 potest,
995 1053 1092 1110 sed
1118 1055 1366 1110 onmium
1405 1053 1681 1117 conditor,
1714 1058 2051 1115 crcatarum,

454 1145 710 1215 inquam,
741 1160 928 1202 rerum
953 1146 1200 1203 omnium
1230 1148 1455 1203 eliector
1482 1155 1590 1202 est.

530 1238 621 1294 IX.
662 1238 785 1295 Jam
816 1256 947 1297 vero
975 1241 1068 1313 qui
1100 1255 1130 1296 a
1161 1239 1323 1296 Patre
1363 1241 1582 1311 genitus
1626 1248 1680 1296 et
1713 1238 1785 1295 ab
1810 1253 1877 1295 eo
1930 1251 2056 1307 pro-

458 1330 664 1389 ductus
690 1341 776 1388 est
801 1330 999 1399 Filius,
1033 1349 1128 1404 per
1162 1348 1326 1404 quem
1366 1332 1551 1386 omnia
1585 1330 1730 1386 facta
1765 1335 1918 1394 sunt,
1949 1327 2058 1382 dis-

458 1421 663 1480 similis
704 1424 955 1480 omnium
1002 1432 1110 1490 est,
1162 1436 1222 1481 ut
1263 1427 1357 1496 qui
1391 1433 1611 1481 creator
1656 1425 1728 1480 sit
1758 1421 2003 1476 omnium
2041 1437 2053 1472 :

460 1512 911 1585 quandoquidem
947 1531 1091 1572 unus
1146 1523 1202 1572 et
1246 1532 1390 1573 unus
1430 1523 1517 1571 est
1564 1513 1710 1569 Deus
1759 1513 1937 1577 Pater,
1993 1528 2060 1566 ea:

461 1621 563 1676 quo
614 1606 816 1672 omnia,
867 1617 923 1661 et
964 1606 1229 1665 Dominus
1274 1607 1461 1673 Jesus,
1512 1622 1605 1675 per
1653 1622 1806 1676 quem
1857 1605 2059 1669 omnia,

462 1696 602 1753 adeo
642 1705 702 1752 ut
752 1684 1008 1768 superior
1037 1698 1211 1754 dictio
1242 1698 1528 1754 vocabulis
1558 1697 1713 1753 hisce
1748 1697 2061 1767 copuletur,

462 1806 600 1845 unus
627 1798 682 1846 et
707 1808 868 1847 unus.
897 1789 1012 1847 Hoc
1041 1798 1248 1857 autem,
1279 1806 1343 1845 ea:
1377 1806 1500 1862 quo,
1532 1798 1588 1845 et
1637 1804 1729 1858 per
1755 1806 1904 1859 quem
1937 1803 2060 1842 cum

466 1882 602 1938 illud
636 1891 824 1955 aperte
854 1883 1158 1939 declaravit
1183 1924 1199 1951 ,
1231 1899 1260 1938 a
1291 1882 1454 1941 Patre
1484 1883 1782 1954 procedere
1811 1880 2010 1935 Filium
2042 1900 2056 1938 :

465 1983 585 2033 tum
626 1985 949 2034 caeterarum
984 1992 1171 2033 rerum
1204 1979 1484 2051 disparem
1518 1976 1770 2033 eumdem
1796 1991 1921 2032 esse
1966 1974 2063 2030 ad-

465 2070 705 2137 mirabili
738 2072 975 2142 quadam
1006 2071 1222 2128 ratione
1256 2071 1609 2134 monstravit,
1649 2085 1776 2125 cum
1811 2069 1884 2123 ita
1921 2068 2064 2125 scri-

466 2162 611 2231 psit:
647 2161 753 2218 Per
775 2180 929 2233 quem
958 2165 1140 2219 omnia
1160 2203 1175 2225 .
1206 2173 1266 2220 ut
1296 2171 1350 2219 et
1379 2161 1599 2218 Patrem
1631 2177 1776 2228 esse,
1806 2169 1861 2216 et
1892 2160 1962 2216 ab
1998 2176 2065 2218 eo

469 2250 666 2309 Filium
698 2255 1041 2326 unigenitum
1079 2251 1370 2313 Dominum
1403 2254 1732 2327 productum
1762 2253 2061 2324 intelligas.

466 2344 601 2414 Quae
629 2363 756 2403 cum
802 2350 1102 2421 Apostolus
1129 2367 1197 2407 ex
1238 2350 1417 2406 sancti
1453 2348 1694 2420 Spiritus
1728 2348 1912 2403 alilatu
1945 2362 2066 2417 pro-

468 2440 783 2507 nuntiaret,
853 2456 1083 2499 necesse
1143 2458 1252 2498 non
1315 2441 1509 2497 habuit
1574 2440 1753 2496 sancti
1822 2438 2064 2510 Spiritus

469 2532 803 2590 mentionem
849 2532 1032 2591 facere
1060 2552 1072 2587 :
1105 2534 1253 2606 quod
1286 2550 1398 2590 non
1436 2536 1517 2589 sic
1546 2532 1928 2603 accipiendum
1956 2539 2064 2597 est,

467 2627 628 2696 quasi
672 2625 922 2695 ejusdem
970 2628 1060 2684 ille
1099 2644 1223 2684 cum
1260 2626 1421 2682 Patre
1454 2627 1705 2697 Filioque
1733 2626 1920 2697 gloriae
1953 2641 2065 2681 non

469 2718 542 2775 sit
576 2719 872 2790 particeps.
909 2730 1004 2776 aut
1037 2721 1183 2791 quod
1222 2721 1276 2776 in
1311 2736 1502 2776 eorum
1534 2722 1783 2776 ordinem
1816 2719 2068 2790 redigen-

469 2811 578 2869 tlus
617 2812 723 2880 sit,
763 2830 886 2885 qua:
935 2828 964 2867 τι
1010 2811 1149 2869 Filio
1195 2820 1480 2883 procreata
1529 2812 1813 2868 dicuntur.
1864 2808 2067 2866 Verum

471 2902 610 2958 satis
654 2902 787 2958 illud
824 2913 942 2959 erat
966 2945 981 2970 ,
1012 2904 1161 2974 quod
1199 2905 1251 2958 in
1303 2904 1618 2961 lirmissima
1653 2904 1743 2958 illa
1784 2903 1905 2959 lidei
1943 2918 2070 2975 pro-

474 2993 715 3049 lessione
734 3007 868 3050 cum
901 2993 1067 3051 Patre
1111 2994 1361 3067 Filioque
1388 3003 1714 3053 numeratus
1747 2993 1947 3060 fuerit,
1983 2995 2070 3053 his

471 3085 657 3143 verbis
693 3102 706 3138 :
748 3085 947 3142 Euntes
979 3086 1249 3159 baptizata
1294 3089 1350 3144 in
1380 3090 1591 3145 nomine
1623 3088 1841 3154 Patris,
1877 3101 1927 3143 et
1970 3087 2071 3143 Fi-

2151 591 2322 661 ήμεῖς
2343 591 2418 645 δι’
2450 594 2656 649 αὐτοῦ.
2688 593 2799 647 Καὶ
2818 593 2950 665 ὁρᾷς
2975 594 3094 665 μὲν,
3122 594 3238 658 πῶς
3262 593 3455 659 ἔδειξεν
3472 595 3560 648 ἕνα
3580 595 3689 649 Θεὸν

2151 684 2242 738 τὸν
2264 684 2615 757 Παιὲρα,ἓνα
2633 686 2688 739 δὲ
2707 685 2913 758 Κύριον
2932 686 3019 740 τὸν
3036 685 3098 751 ἐξ
3116 685 3281 740 αὑτοῦ
3302 686 3685 755 γεγεννημένονς

2153 775 2264 829 Καὶ
2281 775 2383 829 οὐκ
2404 771 2558 829 εἶπεν
2577 791 2592 806 ο
2619 770 2713 840 Εἷς
2736 773 2889 841 Θεὸς,
2913 776 3006 828 καὶ
3035 768 3117 839 είς
3137 774 3339 846 Κύριος
3355 775 3447 828 σὺν
3466 777 3588 828 πᾶσι
3603 778 3693 837 τοῖς

2152 867 2216 933 ἐξ
2231 865 2397 921 αὐτοῦ
2414 867 2695 937 γεγονόσιν
2713 866 2877 933 ’ἀλλ’,
2889 863 2977 934 εἷς
2988 869 3223 935 Κύριος,
3239 865 3314 920 δι’
3332 862 3401 921 οὗ
3423 866 3490 920 τὰ
3511 865 3695 920 πάντα.

2155 961 2219 1014 ΕΞ
2241 960 2299 1014 δὲ
2330 953 2410 1027 εἷς
2432 958 2657 1032 Κύριος,
2679 960 2746 1014 δι’
2771 952 2833 1014 οὗ
2867 959 2936 1015 τὰ
2971 961 3151 1014 πάντα
3172 960 3340 1024 ἐστὶν,
3363 959 3459 1013 οὐκ
3485 958 3615 1012 ἐστιν
3634 952 3697 1022 εἷς

2156 1052 2221 1105 ὲκ
2253 1051 2494 1117 πάντων,
2527 1050 2664 1106 ἀλλὰ
2707 1051 2939 1122 ποιητὴς
2979 1051 3089 1105 τῶν
3124 1053 3401 1114 ἁπάντων,
3430 1050 3518 1105 καὶ
3541 1067 3698 1103 uexat-

2159 1142 2376 1215 σμένων
2414 1143 2634 1197 πάντων
2669 1144 2894 1215 κτίστης
2928 1144 3212 1214 ὑπάρχων.

2228 1238 2305 1292 8’.
2350 1237 2457 1292 Τοῦ
2491 1237 2549 1292 δὲ
2582 1236 2712 1293 Υἱοῦ
2742 1240 2808 1292 ἐκ
2852 1237 3068 1309 Πατρὸς
3098 1233 3513 1306 γεγεννημένου,
3543 1232 3626 1287 καὶ
3652 1234 3706 1286 ἐκ

2160 1329 2376 1401 Πατρός
2430 1331 2826 1401 τυγχάνοντος,
2882 1329 2950 1384 δι’
2981 1323 3044 1385 οὗ
3098 1328 3166 1382 τὰ
3218 1328 3396 1382 πάντα
3430 1325 3707 1395 γεγένηται,
3776 1338 3779 1341 '

2162 1418 2418 1490 ἀνόμοιος
2459 1423 2573 1484 τοῖς
2602 1420 2772 1475 πᾶσίν
2822 1421 2990 1485 ἐστιν,
3025 1413 3115 1472 οἶα
3160 1417 3225 1489 δὴ
3275 1418 3494 1487 κτίστης
3527 1414 3596 1468 ὣν
3620 1415 3710 1468 τῶν

2164 1512 2447 1567 ἁπάντων
2482 1513 2672 1584 ἐπειδὴ
2697 1506 2779 1578 εἷς
2815 1514 2911 1567 καὶ
2957 1506 3040 1576 εἷς
3078 1511 3213 1575 Θεὸς
3249 1511 3279 1563 ὁ
3314 1509 3518 1581 Πατὴρ,
3560 1507 3622 1572 ἐξ
3651 1501 3711 1564 οὗ

2162 1608 2236 1662 τὰ
2276 1606 2492 1672 πάντα,
2529 1606 2627 1662 καὶ
2674 1605 2879 1677 Κύριος
2927 1604 3156 1677 Ἰησοῦς,
3183 1603 3259 1658 δι’
3296 1599 3369 1661 οὗ
3415 1603 3484 1657 τὰ
3513 1601 3710 1655 πάντα·

2168 1700 2566 1771 συνενουμὲνης
2598 1700 2699 1770 τῆς
2734 1698 2847 1753 ἄνω
2887 1697 3083 1763 λέξεως
3117 1696 3211 1751 διὰ
3236 1694 3356 1758 τοῦ,
3388 1688 3476 1761 εἷς
3508 1694 3595 1747 καὶ
3623 1686 3711 1758 είς,

2167 1790 2262 1843 καὶ
2304 1788 2394 1844 διὰ
2433 1788 2549 1853 τοῦ,
2601 1790 2683 1854 ἐξ.
2711 1784 2785 1845 οὗ
2832 1789 2939 1857 καὶ,
2972 1787 3048 1841 δι’
3082 1782 3179 1853 οὗ,
3229 1786 3292 1840 τὸ
3325 1787 3424 1857 μὲν
3458 1783 3629 1851 σαφῶς
3662 1784 3714 1835 ὲκ

2100 1846 2138 1904 θ
2169 1882 2385 1955 Πατρὸς
2417 1883 2509 1938 τὸν
2536 1846 2675 1936 ’Υιδᾷ
2709 1846 3019 1955 δεδήλωζιε·
3066 1880 3129 1935 τδ
3165 1846 3222 1935 ἑὲ
3267 1846 3457 1933 σι’κέτι
3503 1846 3587 1930 τόν
3611 1874 3715 1928 rm

2165 1977 2231 2031 ὲκ
2263 1976 2373 2030 τῶν
2405 1976 2612 2030 λοιπῶν
2657 1969 2800 2031 εἶναι
2838 1972 3169 2045 θαυμαστῶς
3201 1972 3539 2041 ἀπεφήνατο,
3562 1967 3628 2021 δι’
3655 1959 3714 2021 οὗ

2165 2070 2238 2125 τὰ
2278 2069 2512 2136 πάντα,
2552 2070 2808 2138 φάσκων,
2861 2068 2950 2123 ἶνα
2997 2065 3149 2139 δείξῃ
3196 2064 3424 2136 Πατέρα
3468 2062 3614 2124 ὄντα,
3642 2059 3719 2113 καὶ

2169 2162 2297 2216 Υίὸν
2334 2160 2468 2216 ὄντα
2515 2161 2624 2215 ὑπὸ
2656 2160 2872 2232 Πατρὸς
2903 2159 3057 2229 ὄντος
3099 2158 3192 2212 τὸν
3230 2155 3494 2228 μονογενῆ
3526 2153 3717 2225 Κύριον.

2171 2253 2365 2321 Ἔλεγε
2388 2252 2444 2306 δὲ
2471 2250 2645 2305 ταῦτα
2678 2253 2708 2305 ό
2745 2248 3066 2314 Ἀπόστολος
3090 2247 3375 2319 Πνεύματι
3419 2245 3555 2317 ἁγίῳ
3585 2242 3719 2314 φερό-

2172 2362 2360 2417 μενος·
2397 2344 2477 2398 διὸ
2498 2344 2599 2397 ούκ
2622 2342 2748 2414 ἔσχε
2777 2343 2966 2414 χρείαν
2993 2342 3126 2414 περὶ
3154 2338 3477 2411 Πνεύματός
3506 2355 3557 2391 τι
3578 2334 3721 2406 δηλῶ·

2172 2453 2296 2492 σαι·
2322 2436 2422 2508 οὐχ
2447 2437 2523 2500 ὡς
2560 2435 2635 2508 μὴ
2667 2435 3129 2507 συνδοξαζομένου
3165 2433 3264 2488 τοῦ
3300 2431 3607 2503 Πνεύματος
3633 2430 3723 2483 Πα-

2169 2527 2261 2601 τρὶ
2293 2527 2387 2582 καὶ
2423 2526 2557 2598 Υἱῷ,
2591 2526 2701 2581 οὐδ’
2731 2527 2819 2582 ἵνα
2850 2527 2984 2582 αὐτὸ
3010 2526 3120 2581 ἀπὸ
3145 2526 3258 2580 τῶν
3290 2524 3508 2579 πάντων
3537 2521 3725 2593 σημάνῃ

2170 2621 2280 2675 τῶν
2314 2622 2385 2676 δι’
2402 2621 2532 2675 Υἱοῦ
2555 2622 2946 2692 κεκτισμένων.
2974 2622 3174 2693 Ἤρκει
3203 2619 3319 2692 γὰρ
3345 2619 3408 2673 τὸ
3428 2615 3726 2688 συναριθμηο

2173 2713 2333 2785 θῆναι
2370 2714 2461 2769 διὰ
2503 2715 2603 2785 τῆς
2650 2714 2877 2785 βεϐαίας
2915 2712 3207 2785 ὁμολογίας
3250 2711 3352 2767 τοῦ
3397 2709 3546 2775 Υίοῢ,
3579 2706 3725 2776 Πατρὶ

2172 2811 2269 2865 καὶ
2299 2809 2434 2882 Υίῷ,
2469 2811 2531 2864 ὲν
2550 2809 2633 2881 τῷ
2659 2810 2857 2873 είπείν,
2890 2808 3285 2874 Ἀπελθόντες
3303 2805 3630 2872 ,βαπτίσατε
3657 2801 3727 2864 είς

2174 2903 2364 2973 ὄνομα
2414 2902 2666 2971 Πατρός,
2698 2902 2796 2955 καὶ
2836 2900 3000 2965 Υἱοῦ,
3032 2898 3135 2954 καὶ
3175 2899 3356 2969 ἁγίου
3396 2897 3724 2964 Πνεύματος.

2171 2996 2551 3068 Φθεγγὸμενος
2582 2995 2716 3065 γοῦν
2730 2997 2759 3050 ό
2787 2993 3134 3058 Ἀπόστολος,
3155 2992 3363 3064 μᾶλλον
3382 2991 3440 3045 δὲ
3459 2990 3516 3043 τὸ
3538 2985 3727 3056 Πνεῦμα

2172 3088 2235 3143 τὸ
2285 3090 2441 3159 ἅγιον
2493 3088 2868 3161 φθεγγόμενον
2915 3089 2975 3142 ὲν
3027 3086 3199 3158 αὐτῷ,
3244 3087 3352 3140 οὐκ
3404 3083 3583 3155 ἐδήλου
3623 3077 3727 3149 περὶ

474 3178 573 3247 lii,
615 3188 667 3234 et
701 3177 937 3248 Spiritus
984 3182 1222 3236 sancli'.
1257 3181 1394 3237 Cum
1428 3181 1597 3253 igitur
1625 3179 1949 3251 Apostolus,
1983 3179 2069 3234 vel

2175 3181 2364 3236 αὐτοῦ.
2408 3181 2591 3254 Σαφὴς
2620 3182 2729 3255 γὰρ
2778 3177 2848 3253 ἦν
2895 3181 3096 3266 ήκπερὶ
3142 3180 3317 3234 αὑτοῦ
3360 3177 3584 3248 γνῶσις.
3629 3170 3726 3266 οὖῆὲ

474 3272 658 3343 potius
693 3270 932 3344 Spiritus
961 3281 1188 3330 sanctus
1222 3288 1321 3345 per
1362 3274 1684 3345 Apostolum
1731 3273 2072 3343 loqueretur,

476 3361 613 3417 nihil
643 3369 730 3418 est
762 3361 832 3418 de
883 3362 1005 3433 ipso
1055 3362 1349 3434 perspicue
1381 3362 1741 3419 declaratum.
1790 3361 2071 3433 Siquidem

477 3454 622 3510 haud
649 3454 885 3511 obscura
914 3454 1063 3510 illius
1095 3464 1216 3511 erat
1244 3454 1522 3526 cognitio,
1558 3469 1660 3511 nec
1704 3454 1773 3511 de
1805 3470 1869 3511 ea
1897 3452 2073 3510 Judaei

473 3546 823 3605 dubitabant.
853 3546 1036 3615 Quare
1059 3547 1115 3603 in
1145 3546 1293 3602 aliud
1327 3559 1542 3620 tempus
1572 3548 1984 3614 reservabatur,
2005 3562 2076 3604 ne

480 3637 725 3711 Spiritus
750 3648 980 3696 sanctus
1003 3654 1107 3697 sua
1127 3655 1186 3696 se
1215 3639 1609 3711 praedicatione
1638 3639 2072 3697 commendaret.

480 3731 694 3802 Quippe
726 3731 1025 3802 Apostolus
1056 3738 1250 3787 sancto
1285 3730 1494 3804 Spiritu
1530 3732 1821 3803 impulsus.
1874 3732 1951 3786 uti
1988 3731 2076 3786 di-

481 3821 690 3886 ximus,
723 3824 789 3877 de
815 3821 980 3878 Patre
1008 3820 1260 3892 Filioque
1285 3822 1506 3880 locutus
1547 3832 1651 3889 est,
1687 3807 1747 3878 ut
1785 3839 1851 3879 ex
1887 3840 1954 3880 eo
1987 3839 2077 3880 sa-

483 3923 777 3970 crosancta
805 3913 1053 3972 Trinitas
1089 3916 1452 3981 indicaretur,
1496 3932 1619 3987 quae
1646 3924 1702 3973 et
1731 3932 1950 3987 semper
1978 3932 2077 3972 ex-

390 4035 394 4039 -
487 4008 676 4074 sistit,
707 4022 809 4063 nec
854 4023 1097 4080 unquam
1130 4011 1400 4067 exsistere
1439 4008 1667 4066 desinit.
1715 4008 1905 4079 Neque
1950 4024 2083 4065 vero

486 4101 675 4157 mirari
706 4100 894 4167 debes,
942 4117 1064 4157 cum
1094 4102 1229 4159 illud
1261 4103 1421 4159 audis
1455 4122 1469 4158 :
1510 4102 1658 4159 Unus
1697 4103 1858 4169 Deus,
1886 4119 1952 4160 ea:
1978 4120 2081 4176 quo

485 4196 692 4262 omnia,
710 4204 761 4251 et
790 4211 927 4251 unus
957 4195 1244 4260 Dominus,
1265 4212 1358 4267 per
1377 4213 1532 4269 quem
1555 4197 1909 4253 omnia.Cum
1934 4198 2080 4252 enim

486 4287 686 4347 Filium
718 4287 1010 4344 Dominum
1047 4284 1307 4360 appellat,
1339 4305 1448 4345 non
1473 4290 1728 4346 eumdem
1763 4305 1870 4345 una
1913 4289 2080 4345 Deum

484 4395 610 4436 esse
640 4381 857 4451 negavit
882 4381 1221 4453 Apostolus;
1254 4381 1509 4438 similiter
1541 4381 1687 4453 quod
1720 4382 1859 4437 dixit
1888 4399 1902 4435 :
1934 4381 2081 4438 Unus

488 4471 630 4528 Deus
669 4487 763 4542 per
791 4491 942 4544 quem
984 4476 1195 4540 onmia,
1239 4475 1495 4531 eumdem
1555 4473 1726 4532 Deum
1781 4491 1848 4530 ac
1893 4475 2084 4531 Domi-

2131 3318 2143 3328 .
2177 3274 2283 3329 ὑπὸ
2310 3272 2423 3343 τῶν
2458 3274 2730 3328 Ἰουδαίων
2765 3264 3240 3345 ἀμφιϐαλλομένη.
3296 3268 3635 3342 Ἑταμιεύετο
3663 3264 3726 3327 δὲ,

2176 3368 2265 3423 ἵνα
2307 3367 2384 3440 μὴ
2438 3366 2840 3421 αὑτοσύστατον
2892 3365 2980 3438 είη
3022 3365 3085 3418 τὸ
3136 3364 3299 3433 ἅγιον
3360 3355 3730 3431 Πνεῦμα,ὃὸ⁸

2190 3459 2515 3523 Ἀπόστολος
2546 3459 2646 3513 σὺν
2678 3458 2964 3529 Πνεύματι
3004 3456 3148 3528 ἁγίῳ
3196 3456 3448 3528 ἐφέρετο.
3488 3452 3591 3508 Καὶ
3627 3445 3730 3520 περὶ

2176 3551 2395 3625 Πατρὸς
2424 3550 2580 3621 ἔλεγε
2612 3551 2708 3605 καὶ
2727 3549 2881 3615 Υίοῧ,
2918 3550 3006 3605 [va
3024 3549 3209 3622 δειχθῇ
3242 3550 3278 3621 ὴ
3303 3548 3474 3622 Τριᾶις
3499 3546 3581 3601 ἀεὶ
3599 3540 3728 3605 οὖσαν

2177 3646 2273 3699 καὶ
2298 3643 2570 3718 μηδέποτε
2599 3644 2954 3698 διαλείπουσα
2980 3641 3077 3697 τοῦ
3105 3638 3266 3697 εἶναι.
3288 3642 3384 3715 Μὴ
3414 3637 3642 3712 θαύμαζε
3666 3634 3728 3700 n,

2177 3741 2276 3794 ἐὰν
2313 3738 2591 3810 ἀκούσῃς’
2629 3732 2737 3805 Εἷς
2779 3737 2950 3803 Θεὸς,
2979 3735 3049 3802 ἐξ
3085 3731 3156 3793 οὗ
3192 3735 3265 3790 τὰ
3306 3734 3523 3798 πάντα,
3552 3729 3638 3785 καὶ
3660 3720 3730 3792 εἷς

2178 3835 2414 3903 Κύριος,
2444 3832 2520 3887 δι’
2552 3828 2625 3888 οὗ
2670 3832 2744 3886 τὰ
2786 3830 3005 3886 πάντα.
3038 3828 3129 3901 Τῷ
3161 3828 3270 3902 γὰρ
3320 3830 3494 3883 εἰπεῖν
3520 3825 3606 3879 τὸν
3629 3820 3731 3876 Υίὺν

2179 3924 2413 3998 Κύριον,
2444 3925 2507 3978 οὐ
2552 3925 2774 3988 πάντως
2815 3924 3094 3996 ⁴ἠρνήσατο
3123 3923 3153 3977 ὁ
3190 3921 3513 3983 Ἀπόστολος
3544 3917 3600 3971 τὸ
3620 3910 3731 3968 εἶναι

2179 4020 2276 4073 τὸν
2330 4018 2536 4090 Κύριον
2587 4018 2683 4072 καὶ
2717 4016 2851 4071 Θεόν
2872 4032 2884 4044 ·
2941 4017 3038 4070 καὶ
3078 4015 3160 4087 τῷ
3192 4015 3411 4081 εἰπεῖν,
3464 4007 3563 4078 Εἷς
3595 4004 3728 4070 Θεὸς.

2180 4108 2257 4163 δι’
2294 4103 2368 4165 οὗ
2403 4109 2477 4162 τὰ
2519 4108 2747 4171 πάντα,
2785 4108 2887 4161 οὐκ
2924 4102 3205 4178 ἠρνήσατο
3233 4106 3295 4160 τὸ
3342 4101 3483 4159 εἶναι
3520 4102 3604 4156 τὸν
3625 4096 3732 4157 Θεὸν

2181 4202 2280 4257 καὶ
2322 4201 2551 4273 Κύριον.
2594 4186 2764 4271 Ὁμοῦ
2799 4198 2911 4271 γὰρ
2945 4199 3042 4253 καὶ
3094 4198 3304 4270 Κύριος
3355 4197 3451 4251 καὶ
3489 4193 3629 4257 Θεὸς,
3658 4186 3732 4242 καὶ

2181 4292 2316 4357 Θεὸς
2357 4293 2454 4347 καὶ
2514 4290 2750 4364 Κύριοςο
2777 4289 2899 4351 ⁴κιιιὶ
2940 4288 3095 4344 οὐδὲν
3139 4288 3335 4342 διοίσει
3385 4282 3634 4358 περὶτῶν
3670 4277 3732 4337 εἰς

2186 4388 2338 4458 ἡμᾶς
2370 4386 2428 4439 ὲν
2454 4384 2684 4456 ἀληθείᾳ
2722 4381 3085 4454 σωτηριωδῶς
3112 4383 3177 4435 ὲκ
3208 4380 3350 4435 Θεοῦ
3392 4380 3478 4433 διὰ
3502 4375 3599 4430 τῶν
3624 4373 3733 4427 ἀπο-

2188 4475 2390 4529 στόλων
2418 4473 2869 4546 κεκηρυγμένων.
2900 4471 3248 4542 Καταλείψας
3274 4471 3336 4525 δὲ
3391 4473 3420 4524 ὁ
3456 4467 3606 4531 αὐτὸς
3640 4464 3733 4515 ‘Avo

488 4580 621 4621 mnu
668 4581 792 4622 esse
827 4580 1174 4637 nequaquam
1227 4566 1504 4623 inliciatus
1548 4577 1654 4623 est.
1694 4569 1885 4638 Itaque
1918 4567 2071 4622 simul

2186 4569 2373 4640 όμοιος
2406 4568 2501 4622 καὶ
2537 4569 2587 4621 οἱ
2629 4565 2689 4632 ἐξ
2720 4565 2889 4620 αὐτοῦ
2925 4565 3212 4635 γεγονότες
3242 4564 3342 4636 τὴν
3381 4563 3494 4618 ὁδὸν
3512 4560 3604 4629 τῆς
3625 4554 3731 4623 ἀλη·

490 4656 759 4714 Dominus
798 4665 854 4713 et
884 4656 1066 4724 Deus,
1112 4669 1168 4714 et
1213 4660 1356 4715 Dens
1403 4675 1468 4716 ac
1510 4659 1779 4717 Dominus
1809 4677 1933 4718 esse
1961 4676 2085 4718 cre-

489 4750 706 4807 dendus
739 4757 858 4817 est;
893 4766 1072 4822 neque
1100 4751 1401 4822 quidquam
1432 4758 1516 4808 est
1550 4752 1606 4808 in
1640 4752 1749 4820 his,
1776 4768 1899 4825 quae
1926 4754 2087 4811 nobis
2134 4738 2138 4743 ’

492 4855 525 4895 a
557 4839 668 4897 Deo
701 4855 799 4912 per
846 4841 1126 4913 apostolos
1160 4841 1458 4899 salubriter
1486 4843 1734 4898 nuntiata
1773 4853 1923 4911 sunt,
1975 4844 2087 4901 dis-

494 4930 731 5002 crepans
786 4946 851 4985 ac
906 4931 1211 4988 diversmn.
1279 4930 1384 4989 Sed
1468 4932 1731 4988 nimirum
1785 4933 2089 4992 Anommus

493 5023 661 5096 923
693 5022 784 5079 ille
814 5039 937 5079 cum
973 5026 1091 5082 suis
1121 5026 1309 5082 relicta
1335 5025 1582 5082 veritatis
1604 5026 1713 5091 via,
1743 5026 1809 5082 ad
1836 5041 2088 5082 errorum

494 5111 823 5170 diverticula
883 5117 1169 5173 traductus
1228 5124 1355 5183 est,
1415 5132 1815 5189 perperamque
1877 5117 2091 5176 divinas

495 5203 805 5270 sententias
834 5204 1126 5263 intellexit.
1158 5208 1237 5263 Ita
1267 5209 1527 5281 deinceps
1562 5210 1632 5266 ad
1660 5209 2088 5283 disputationes,

494 5299 931 5381 voculqrumque
958 5297 1385 5370 disceptationes
1434 5301 1618 5359 animo
1663 5318 1728 5359 ac
1775 5314 1960 5360 mente
1999 5303 2092 5361 isti

494 5391 792 5459 conversi,
828 5406 859 5447 a
888 5389 1122 5448 veritate
1154 5392 1490 5460 resilientes,
1523 5397 1841 5454 cmiestibus
1871 5398 2091 5454 excide-

497 5494 648 5543 runt.
683 5485 789 5554 Qui
820 5485 865 5541 si
898 5485 1275 5558 evangelicam
1306 5485 1483 5542 lucem
1517 5489 1794 5545 mentibus
1833 5490 1951 5546 suis
1991 5490 2091 5546 ad—

497 5579 722 5638 mittere
751 5581 1048 5646 voluerint,
1099 5580 1170 5636 ab
1210 5595 1541 5652 unaquaque
1573 5583 1965 5652 propemodum
2007 5584 2093 5639 di-

500 5673 690 5730 ctione
742 5673 1084 5731 refellentur.
1132 5662 1417 5745 Nusquam
1452 5674 1596 5728 cnim
1637 5676 1833 5731 unicus
1864 5674 1962 5732 Dei
2003 5675 2093 5731 Fi-

578 5832 594 5866 ι
628 5831 825 5891 Matth.
854 5846 1049 5902 xxvm,
1078 5835 1162 5893 i9.
1245 5837 1265 5868 ²
1294 5832 1353 5891 F.
1387 5835 1413 5888 ὁ
1444 5833 1520 5887 δέ.
1595 5833 1614 5865 ³
1645 5834 1773 5890 Cur.
1802 5832 2011 5909 Πατήρ.

2190 4661 2362 4727 θείας,
2398 4660 2743 4732 ἐτράπησαν,
2769 4660 2955 4725 κακῶς
2985 4659 3084 4723 τὰς
3111 4656 3248 4712 Θεοῦ
3281 4659 3469 4731 ῥήσεις
3496 4656 3732 4715 ὲπινενοηυ

2189 4754 2367 4818 κότες.
2405 4755 2520 4809 Καὶ
2546 4752 2733 4807 λοιπὸν
2757 4755 2837 4818 είς
2864 4752 3252 4823 διαλογισμοὺς
3283 4753 3381 4806 καὶ
3414 4750 3492 4814 εἰς
3518 4737 3730 4809 διαλυτὰς

2189 4847 2389 4916 λέξεων
2429 4847 2914 4920 παρεκτρέψαντες
2960 4845 3054 4899 τὸν
3102 4844 3250 4910 νοῦν,
3286 4841 3627 4913 ἀπεπήδησαν
3651 4831 3732 4900 τῆς

2189 4940 2470 5012 ἀληθείας,
2505 4940 2601 4993 καὶ
2643 4939 2901 5005 ἐξέπεσον
2937 4936 3048 4991 τῶν
3090 4935 3450 5008 ἐπουρανίων.
3479 4932 3623 4988 Πᾶσα
3644 4922 3731 4994 τὰρ

2190 5035 2339 5101 λέξις
2384 5032 2597 5103 ὲνλέτιίίεῖι
2642 5032 2872 5098 αὐτοὺς,
2911 5032 3007 5085 ἐὰν
3044 5030 3246 5085 θέλωσι
3273 5029 3366 5084 τὸν
3404 5025 3597 5082 ἑαυτῶν
3630 5016 3730 5071 νῠῦν

2191 5125 2481 5201 δοῦναικείς
2503 5124 2789 5195 φωτισμὸν
2807 5121 2905 5176 τοῦ
2933 5119 3294 5191 Εύαγγελίου.
3328 5114 3568 5189 Οὐδαμοῦ
3601 5106 3732 5180 γὰρό

2193 5217 2507 5290 Μονογενὴς
2532 5216 2706 5287 λέγει,
2735 5214 2917 5270 καίτοι
2934 5230 3001 5283 γε
3033 5213 3284 5287 ὲνησαρκὶ
3312 5206 3728 5290 παραγενόμενοςτ

2193 5313 2277 5366 ὅτι
2442 5287 2637 5375 attica;
2700 5326 2770 5381 με
2826 5309 3020 5381 Πατὴρ
3066 5305 3379 5362 ἀπέσταλχέ
3434 5316 3528 5374 με’
3567 5287 3730 5350 οὐδὲό

2195 5406 2389 5476 Σωτήρ
2415 5403 2436 5436 ³
2468 5421 2573 5457 που
2622 5403 2683 5457 ἐν
2730 5402 2810 5473 τῷ
2856 5400 3178 5472 Εὑαγγελίῳ
3226 5398 3469 5470 διελέχθη
3489 5436 3503 5453 ,
3537 5389 3643 5446 οὐδὲ
3674 5384 3730 5476 νίν

2196 5473 2412 5567 Παλαιᾷ
2445 5494 2713 5568 Διαθήκῃ,
2749 5495 2834 5549 ὅτι
2872 5495 3105 5548 Ἐκτισα
3142 5493 3275 5564 ὑμῖν
3321 5490 3411 5544 τὸν
3447 5486 3584 5547 Υἰὸν,

2206 5591 2264 5641 '0
2311 5566 2517 5658 Πατήρ
2561 5566 2639 5658 με
2665 5566 3009 5643 -ἆπέστειλε
3028 5603 3042 5616 ·
3072 5585 3196 5652 καὶ,
3260 5585 3359 5641 Ἐκ
3401 5578 3502 5636 τοῦ
3538 5566 3727 5638 Πατρδς

2197 5680 2486 5752 ἐξῆλθον,
2536 5680 2636 5736 καὶ
2698 5679 2855 5749 ἧκωο
2895 5680 3024 5749 καὶ,
3052 5679 3108 5735 '0
3140 5678 3227 5734 ὢν
3266 5680 3353 5746 εἰς
3392 5673 3495 5730 τὸν
3535 5666 3725 5723 κόλπον
