3988 6408
222 341 337 399 533
915 345 1282 401 ADVERSUS
1324 347 1663 404 ΙΙΛΞΠΕΒΕΞ
1701 348 1828 403 LIB.

1967 347 2128 403 TOM.
2172 344 2210 401 Ι.
2252 377 2305 388 -
2347 344 2618 401 ῘΙΛΞΒΕΞ.
2662 344 2891 400 LXXVI.
3386 345 3491 400 555

222 457 342 510 τοῦ
381 459 644 528 Πατρός·
690 459 804 525 καὶ,
850 461 913 514 '0
961 462 1149 532 Λόγος
1191 459 1270 533 ἦν
1309 464 1455 534 πρὸς
1491 466 1598 518 τὸν
1640 465 1808 529 Θεὸν,

1958 482 2042 529 us,
2093 465 2257 519 etiam
2304 470 2428 533 post
2477 472 2812 533 assumptum
2859 461 3095 515 hominis
3129 475 3373 522 carnem,
3416 460 3490 514 ita

225 551 330 603 xui
366 551 510 617 Θεὸς
552 548 633 622 ἦν
678 556 712 608 ὁ
763 553 962 622 Λόγος.
1009 554 1119 606 Καὶ
1171 555 1337 608 πολλὰ
1375 555 1490 608 ἔστι
1543 558 1673 627 περὶ
1717 559 1816 627 τῆς

1955 571 2133 616 )ClllllS
2163 569 2245 616 est
2279 577 2292 613 :
2330 557 2432 626 Qui
2464 559 2670 614 creavit
2694 575 2778 613 me
2799 558 2958 613 Pater
2983 560 3132 615 misit
3161 576 3281 626 mc;
3313 575 3494 629 neque

227 641 398 714 ἡμῶν
433 643 706 715 σωτηρίας
742 645 1098 717 κατανοῆσαι,
1140 647 1234 700 καὶ
1271 648 1345 718 μὴ
1377 648 1817 718 συναρπάζεσθαι

1955 662 2010 706 ιιι
2043 654 2097 706 in
2129 651 2445 721 Evangelio,
2482 658 2575 704 aut
2609 652 2663 704 in
2699 649 2894 705 Vetere
2951 650 3304 706 Testamento
3335 650 3496 704 Pater

229 734 347 789 ἀπὸ
367 737 467 807 τῆς
487 735 581 789 τοῦ
611 737 860 790 διαϐόλου
887 738 1078 792 τούτου
1105 740 1430 811 κυϐευτικῆς
1448 739 1813 801 διδασκαλίας.

1957 759 2160 813 nquam
2204 743 2270 797 ad
2301 758 2423 797 eum
2461 741 2682 796 modum
2734 741 2995 796 disseruit
3041 759 3054 795 :
3100 740 3289 795 Creavi
3340 740 3496 795 vobis

244 827 311 882 '0
332 827 442 900 γὰρ
464 827 729 894 διάϐολος,
753 827 1071 902 βουλόμενος
1093 832 1356 885 ἀπολέσαι
1381 832 1443 884 τὸ
1471 832 1588 884 τῶν·
1608 830 1704 884 ἀνθ
1713 830 1816 903 ρώ-

1955 835 2147 901 ’ilium;
2183 832 2298 899 sed,
2329 831 2478 887 Misit
2506 848 2586 886 me
2616 831 2807 886 Pater'
2834 850 2848 899 ;
2873 840 2962 887 et:
2998 832 3150 885 Exivi
3176 849 3207 886 a
3238 830 3421 892 Patre,
3445 840 3496 884 et

231 937 360 973 πων
386 920 562 989 γένος,
597 921 778 992 φθόνῳ
806 924 1170 994 κατεχόμενος
1198 923 1332 995 πρὸς
1358 924 1464 995 τὴν
1482 923 1577 976 τοῦ
1605 921 1817 994 ἀνθρώ-

1955 925 2123 990 ado’;
2156 925 2282 980 item
2316 944 2326 979 :
2364 923 2468 990 Qui
2498 935 2576 978 est
2603 924 2658 978 in
2688 925 2806 977 sinu
2840 923 3024 977 Patris
3045 923 3101 989 3;
3133 932 3185 978 et
3214 941 3227 976 :
3275 921 3496 975 Verbum

229 1030 342 1068 που
372 1011 549 1079 δόξαν,
578 1021 822 1086 μηχανάς
854 1016 1117 1085 ἐπενόησε
1145 1015 1462 1086 διαφόρους·
1503 1015 1563 1069 τὸ
1604 1014 1820 1086 πρῶτον

1955 1021 2034 1066 rat
2076 1011 2219 1080 apud
2274 1011 2465 1076 Deum,
2509 1023 2559 1066 et
2603 1010 2746 1066 Deus
2799 1022 2916 1067 erat
2967 1011 3250 1066 Vcrbum‘.
3283 1011 3496 1064 Inﬁnita

233 1105 342 1175 μὲν
372 1105 461 1159 διὰ
490 1107 590 1176 τῆς
633 1107 870 1174 ἀγνοεας,
904 1107 965 1161 τὸ
993 1107 1246 1177 δεύτερον
1277 1107 1334 1160 δὲ
1359 1105 1451 1160 διὰ
1480 1108 1580 1176 τῆς
1607 1105 1823 1158 εἰδωλο-

1955 1114 2069 1169 υηι,
2112 1120 2233 1174 quze
2271 1104 2337 1160 de
2374 1105 2570 1162 salutis
2600 1113 2802 1162 nostra:
2850 1105 3126 1174 mysteriis
3156 1106 3340 1158 animo
3368 1120 3502 1158 con--

229 1196 518 1269 λατρείας,
561 1198 750 1252 ἄλλοτε
793 1199 852 1252 δὲ
887 1197 975 1252 διὰ
1011 1199 1409 1271 κακοτροπίας,
1446 1198 1563 1252 νυνὶ
1611 1197 1670 1250 δὲ
1712 1199 1824 1250 ε-ἱσ-

1957 1195 2027 1266 ipi
2062 1204 2332 1266 possunt,
2400 1211 2468 1250 ne
2518 1211 2620 1252 nos
2651 1196 2853 1251 diaboli
2904 1196 3064 1252 istius
3104 1196 3505 1266 przestigiarum

231 1287 471 1359 ὑστέρον
498 1289 589 1371 διὰ
619 1290 720 1360 τῆς
749 1289 960 1362 πλάνης
993 1290 1088 1344 καὶ
1121 1291 1337 1361 ἀπάτης
1368 1289 1476 1345 τῶν
1513 1289 1782 1360 αἱρέσεων
1805 1305 1820 1320 ·

231 1380 328 1433 ἵνα
356 1381 696 1452 πανταχόθεν
734 1383 1090 1455 καταστρέψῃ
1117 1383 1208 1436 τὸν
1238 1383 1525 1453 ἄνθρωπον
1561 1381 1670 1436 ἀπὸ
1714 1381 1824 1437 τῶν

230 1472 259 1523 ὲ
271 1490 374 1525 που
382 1473 602 1542 ρανίων.

1927 1289 2250 1360 artiﬁciique
2300 1290 2459 1360 plena
2506 1289 2757 1344 doctrina
2811 1291 3231 1344 circumveniat.
3294 1289 3506 1358 Quippe

1926 1376 2179 1431 diabolus
2223 1377 2483 1445 perdendi
2521 1378 2736 1447 generis
2783 1377 3005 1431 lmmani
3059 1378 3315 1447 cupidus,
3357 1379 3506 1445 ejus-

1928 1469 2161 1540 demque
2190 1470 2388 1540 glorize-
2409 1469 2658 1526 invidens
2688 1471 2870 1525 varias
2915 1470 3158 1524 admovit.
3197 1471 3506 1532 machinas,

235 1563 483 1633 primum
529 1566 892 1635 ignorantiae,
936 1573 1053 1621 tum
1108 1567 1450 1633 idololatria},
1505 1573 1633 1638 post
1685 1564 1800 1621 haec
1854 1562 2269 1633 improbitatis:
2317 1562 2423 1616 hoc
2466 1577 2596 1617 vero
2641 1563 2898 1633 deinceps
2947 1573 3190 1632 tempore
3242 1562 3510 1617 haeretica:

233 1657 563 1712 calliditatis
611 1666 664 1713 et
707 1661 935 1722 erroris,
995 1667 1054 1734 ut
1082 1673 1411 1731 quacunque
1450 1661 1666 1714 ratione
1698 1665 1886 1729 posset
1915 1657 2192 1712 hominem
2221 1671 2266 1711 e.
2289 1655 2431 1710 etelo
2465 1653 2748 1726 dejiceret.

312 1749 370 1801 l'.
417 1747 563 1800 Πόσα
586 1744 681 1803 οὖν
711 1749 919 1820 ἰσχύσει
949 1752 977 1803 ὁ
1007 1750 1132 1814 νοῦς
1157 1750 1259 1820 τῆς
1285 1749 1444 1822 ἡμῶν
1468 1749 1823 1820 μετριότητος

2001 1745 2070 1799 Χ.
2113 1746 2286 1812 Quam
2340 1745 2507 1800 multa
2558 1753 2688 1800 vero
2729 1754 2892 1810 sunt,
2943 1760 2977 1799 o
3031 1746 3320 1810 Anomeee,
3396 1760 3511 1816 quae

234 1839 420 1890 εἰπεῖν
453 1839 587 1909 πρὸς
613 1839 708 1926 es,
757 1834 802 1894 ὦ
841 1841 1119 1911 ’Λνόμοιεῑ
1153 1841 1352 1907 Καλῶς
1394 1841 1503 1912 γὰρ
1551 1841 1827 1912 Ἀνόμοιος

1955 1837 2194 1894 idversus
2221 1845 2373 1892 tuum
2408 1837 2538 1891 illud
2568 1837 2762 1907 dogma
2790 1837 2988 1909 ingenii
3022 1838 3192 1892 nostri
3219 1837 3511 1891 mediocri—

233 1932 556 2002 τυγχάνεις,
587 1934 620 1986 ὁ
663 1933 758 1987 καὶ
804 1934 914 1988 ἀπὸ
954 1934 1405 2007 τῶν”ὰνθρὼπων
1433 1936 1558 2000 τοὺς
1593 1935 1828 2007 τρόπους

236 2026 337 2078 καὶ
371 2026 469 2096 τὴν
498 2025 737 2080 διάνοιαν
769 2027 1156 2098 παρεκτρέψας
1196 2028 1306 2081 τῶν
1342 2029 1440 2100 τὴν
1485 2029 1700 2081 σύνεσιν
1732 2026 1828 2081 τοῦ

234 2117 381 2171 Θεοῦ
416 2119 788 2191 κεκτημένων,
820 2121 914 2174 καὶ
954 2121 1053 2192 τὴν
1089 2121 1273 2176 πίστιν
1305 2122 1537 2192 ἐχόντων
1570 2123 1668 2192 τῆς
1694 2123 1828 2192 ἀλη-

237 2205 416 2271 θείας.
445 2209 520 2262 Οὐ
543 2209 652 2280 γὰρ
675 2213 754 2275 εἰς
776 2211 980 2280 ἀγαθὸν
1009 2212 1289 2283 προκόψας
1319 2213 1569 2282 ἀνόμοιος
1601 2213 1829 2282 γέγονας

236 2300 578 2371 ἀνθρώποις,
621 2301 735 2355 ἀλλ’
784 2305 849 2356 ὲκ
895 2304 996 2375 τῆς
1043 2303 1161 2358 ὁδοῦ
1197 2306 1294 2376 τῆς
1324 2304 1582 2375 ἀληθείας
1623 2321 1831 2373 παρεκ-

241 2392 471 2456 κλίνας,
522 2394 776 2464 ἀνόμοιος
829 2395 1017 2464 ἐγένου
1069 2395 1178 2449 τῶν
1222 2395 1354 2448 υἱῶν
1397 2396 1498 2465 τῆς
1554 2394 1649 2448 τοῦ
1694 2393 1830 2447 Θεοῦ

253 2483 612 2554 Ἐκκλησίας,
644 2486 918 2557 πρόφασιν
961 2486 1142 2541 λαϐὼν
1169 2488 1261 2541 τὸν
1297 2487 1427 2540 Υἱὸν
1455 2485 1550 2540 τοῦ
1577 2485 1712 2539 Θεοῦ
1741 2485 1832 2538 τὸν

240 2576 392 2630 κατὰ
431 2576 523 2629 τὸν
562 2576 728 2630 αὑτοῦ
763 2578 987 2648 Πατέρα
1038 2579 1190 2646 ὄντα,
1242 2579 1338 2632 καὶ
1374 2579 1625 2649 ἀνόμοιον
1660 2579 1836 2650 Πατρὶ

241 2667 453 2735 λέγων,
521 2668 586 2722 σὺ
625 2667 877 2734 ἀνόμοιος
907 2668 1172 2738 γέγονας,
1214 2668 1519 2740 κληρωθεὶς
1572 2667 1732 2721 τοῦτο
1775 2668 1837 2721 τὸ

241 2757 443 2828 ὄνομα,
487 2758 685 2830 μηκέτι
721 2759 908 2831 ὅμοιος
955 2760 1216 2831 ὑπάρχων
1251 2761 1360 2814 τῶν
1409 2761 1468 2814 ὲν
1517 2758 1637 2830 Θεῷ
1669 2758 1842 2824 σωζο-

250 2851 453 2922 μένων.
517 2850 534 2862 '

323 3029 449 3084 Ἵνα
474 3028 529 3081 δὲ
562 3029 636 3100 μὴ
685 3031 816 3101 περὶ
862 3029 962 3094 τὰς
1012 3027 1180 3084 αὑτοῦ
1215 3028 1470 3101 ζητήσεις
1513 3029 1840 3100 κατατριὸόο

1931 1930 2028 1984 tati
2071 1932 2397 2000 suppetunt!
2429 1929 2697 1984 Praeclare
2738 1944 2866 1984 vero
2917 1931 3253 1993 Anomteus,
3289 1930 3390 1982 hoc
3430 1938 3515 1984 est

1928 2021 2247 2085 dissimilis,
2291 2020 2584 2089 appellaris
2631 2037 2644 2074 :
2689 2018 2890 2090 quippe
2939 2021 3031 2091 qui
3078 2021 3146 2074 ab
3197 2020 3516 2074 hominibus

1931 2110 2025 2165 Dei
2072 2109 2374 2180 sapientia,
2406 2124 2647 2178 veraque
2691 2107 2795 2164 ﬁde
2842 2108 3105 2180 przeditis,
3152 2110 3396 2164 moribus
3450 2124 3516 2162 ac

1932 2210 2113 2258 mente
2139 2201 2432 2258 dissidens.
2491 2202 2609 2258 Non
2637 2203 2782 2256 enim
2819 2216 2882 2257 ex
2919 2218 2985 2256 eo
3015 2203 3158 2270 quod
3189 2217 3517 2272 progressus

1933 2293 1988 2349 in
2020 2294 2222 2348 virtute
2272 2293 2466 2349 feceris
2489 2334 2504 2360 ,
2536 2301 2859 2347 caeterorum
2909 2292 3191 2346 hominum
3229 2293 3518 2347 dissimilis

1932 2386 2178 2451 evasisti,
2210 2386 2303 2441 sed
2338 2400 2463 2440 eum
2491 2386 2559 2440 ab
2585 2385 2835 2440 veritatis
2865 2385 2947 2439 via
2978 2385 3286 2451 deﬂexeris,
3319 2385 3386 2438 ab
3415 2386 3517 2438 Ee-

1933 2477 2116 2534 clesia:
2164 2476 2255 2533 Dei
2310 2477 2436 2533 til'.is
2487 2468 2742 2532 diversus
2784 2491 2845 2532 es
2886 2473 3094 2541 factus;
3139 2491 3376 2546 cumque
3425 2475 3517 2529 Dei

1938 2568 2158 2638 Filium,
2187 2571 2277 2640 qui
2310 2569 2456 2624 Patri
2499 2584 2602 2624 suo
2636 2568 2865 2638 aequalis
2899 2575 3004 2632 est,
3045 2568 3221 2623 Patris
3251 2567 3525 2621 nihilomi-

1937 2681 2040 2722 nus
2071 2664 2396 2722 dissimilem
2428 2675 2552 2720 c‘sse
2597 2661 2858 2726 voluisti,
2911 2669 3026 2716 tute
3063 2661 3180 2731 ipse
3229 2659 3523 2715 dissimilis

1938 2756 2090 2810 fuisti
2135 2773 2148 2809 :
2190 2763 2243 2811 et
2295 2756 2398 2809 hoc
2448 2769 2646 2809 nomen
2699 2753 2897 2808 merito
2945 2767 3005 2808 es
3041 2759 3407 2814 consecutus,
3457 2768 3524 2807 eo

1937 2849 2080 2920 quod
2117 2859 2440 2904 czeterorum
2473 2847 2566 2917 qui
2596 2847 2778 2902 divina
2824 2861 2925 2916 0pc
2973 2846 3203 2902 salutem
3254 2845 3522 2909 obtinent,

1939 2943 2137 2999 similis
2167 2957 2290 2996 esse
2323 2939 2559 2995 desiisti.

2011 3034 2213 3090 Verum
2255 3050 2322 3089 ne
2370 3035 2422 3088 in
2473 3033 2866 3103 persequendis
2922 3032 3072 3087 illius
3126 3031 3534 3102 quaestionibus.

250 3139 419 3193 μενος
464 3122 738 3176 άναλίσκω
794 3123 1006 3194 χρόνον,
1049 3124 1144 3192 ἀφ’
1193 3116 1269 3176 ὧν
1301 3121 1498 3187 λέξεων
1541 3121 1701 3185 αὐτὸς
1737 3123 1838 3191 ὑφ-

1955 3134 2161 3197 tempus
2188 3134 2492 3192 conteram,
2534 3140 2632 3196 age
2656 3141 2721 3180 ex
2753 3124 3040 3194 ipsiusmet
3080 3123 3284 3185 verbis,
3317 3135 3440 3193 qua:
3471 3123 3526 3174 in

244 3216 520 3284 ηγήσατο,
533 3214 889 3278 διαλεκτικῶς
903 3214 1130 3286 γράφων
1141 3214 1274 3280 τισὶ,
1292 3214 1425 3283 φέρε
1450 3214 1517 3267 τὰ
1533 3213 1652 3267 κατ’
1677 3213 1839 3266 αὐτὸν

246 3307 639 3378 διελέγξωμεν.
659 3307 848 3373 Ἔδοξε
872 3307 981 3379 γὰρ
998 3307 1345 3377 διαλεκτικήν
1371 3323 1494 3360 τινα
1518 3305 1840 3374 ὑποφαίνειν

249 3399 466 3471 πλάνην
484 3401 542 3453 ιν
561 3399 713 3472 αὐτῷ
733 3400 812 3472 τῷ
841 3399 1006 3455 αὐτοῦ
1025 3400 1386 3470 συντάγματι,
1416 3398 1494 3469 τῷ
1516 3398 1624 3452 οὐδ’
1640 3399 1736 3452 ἕνα
1752 3398 1841 3451 λό-

249 3507 350 3563 γον
365 3491 542 3562 ἔχοντι
560 3492 796 3554 πίστεως
810 3493 910 3564 τῆς
924 3491 1298 3562 ἀφελεστάτης
1310 3491 1403 3544 καὶ
1419 3491 1517 3544 ἀκε
1526 3493 1837 3564 ραιοτάτης,

253 3585 352 3638 καὶ
381 3587 440 3637 ὲν
459 3580 738 3656 Ηνεύματι
765 3585 906 3656 ἁγίῳ
927 3587 1022 3639 καὶ
1045 3586 1204 3657 πράῳ
1225 3601 1470 3654 κεκοσμη
1480 3576 1666 3655 μένὴς.
1682 3585 1843 3637 Ὅλον

251 3677 313 3730 δὲ
339 3677 514 3730 διόλου
536 3676 598 3730 τὸ
624 3677 813 3730 δοκοῦν
833 3677 997 3730 αὑτοῦ
1031 3695 1165 3748 πονη
1176 3677 1365 3747 μάτιον
1387 3676 1449 3728 τὸ
1477 3679 1556 3740 εἰς
1584 3678 1732 3746 ἡμᾶς
1758 3675 1844 3728 έλ-

253 3770 348 3824 θὸν
379 3773 437 3824 ὲν
461 3770 699 3841 πρώτοις
732 3769 1027 3835 κατέταξα,
1061 3769 1146 3822 ἵνα
1170 3770 1263 3822 ἀπ’
1293 3766 1458 3821 αὐτοῦ
1488 3767 1844 3839 ποιησώμεθα

256 3865 400 3936 πρὸς
429 3865 592 3920 αὐτὸν
623 3864 724 3936 τὴν
761 3863 956 3933 λοιπὴν
987 3861 1300 3933 ἀνατροπὴν
1327 3861 1429 3930 τῆς
1461 3859 1768 3926 διαλέξεως.

1948 3217 2229 3272 nonnullis
2264 3216 2330 3269 ad
2361 3216 2628 3286 quosdam
2673 3214 3144 3286 disputationibus
3186 3214 3427 3283 scripsit,
3462 3214 3538 3268 ad

1947 3309 2098 3364 illum
2147 3307 2543 3363 confutandum
2594 3307 2997 3379 aggrediamur.
3060 3306 3272 3360 Etenim
3329 3306 3423 3358 illo
3473 3307 3529 3359 in

1948 3415 2144 3471 opere,
2201 3400 2345 3455 unde
2404 3401 2520 3455 luec
2564 3407 2820 3469 excerpta
2884 3406 3048 3463 sunt,
3103 3397 3543 3467 disputationem.

1948 3492 2240 3563 quamdam
2286 3492 2492 3548 erroris
2527 3492 2742 3562 plenam
2774 3491 3045 3556 instituit;
3077 3507 3175 3546 nec
3213 3493 3268 3546 in
3297 3506 3363 3544 eo
3395 3491 3549 3544 libro-

1948 3585 2033 3640 vel
2069 3584 2295 3638 minima
2328 3600 2429 3639 vox
2460 3596 2579 3649 est,
2620 3599 2742 3654 qua:
2781 3600 2907 3638 cum
2946 3584 3159 3655 integra
3190 3583 3535 3653 simplicique

1951 3675 2076 3741 ﬁde,
2107 3675 2273 3748 924
2302 3691 2464 3745 quam
2502 3683 2727 3731 sanctus
2781 3691 2845 3730 ac
2876 3684 3198 3731 mansuetus
3234 3674 3322 3728 illc
3362 3672 3536 3741 Spiri-

1952 3778 2040 3822 tus
2084 3768 2378 3829 ordinavit,
2417 3767 2692 3822 cohan-ere
2745 3767 3014 3822 videatur.
3062 3765 3168 3820 Sed
3201 3765 3377 3836 primo
3419 3765 3538 3818 loco

1953 3860 2485 3914 lucubratiunculam
2542 3860 2707 3924 illius,
2761 3875 2883 3928 qua:
2948 3858 3014 3912 ad
3071 3873 3265 3912 manus
3321 3863 3539 3910 nostras

257 3959 529 4030 pervenit,
583 3955 967 4014 ascribendum
1004 3957 1337 4026 putavimus,
1380 3961 1438 4008 ut
1461 3968 1524 4009 ex
1555 3954 1845 4024 ipsiusmet
1879 3956 2099 4025 scriptis
2129 3955 2392 4009 adversus
2441 3953 2592 4006 illum
2625 3952 2942 4022 disputare,
3003 3957 3057 4006 et
3109 3965 3233 4025 eum
3295 3946 3543 4002 refellere

259 4050 564 4124 possimus.

257 4168 374 4225 Καὶ
421 4165 555 4222 ἐστι
599 4163 734 4220 τόδε
779 4164 845 4219 τὸ
900 4163 1347 4255 σιννταγμὰτιον
1392 4163 1498 4218 τοῦ
1546 4165 1849 4233 Ἀνομοίου

961 4237 1098 4289 Αετί
1102 4254 1194 4289 ου.

335 4349 444 4405 lA'.
489 4349 792 4440 Ἐπειδὴοὲν
819 4348 999 4420 καιρῷ
1037 4348 1144 4418 (89)
1174 4347 1269 4400 τοῦ
1304 4345 1692 4415 ἐπενεχθέντος
1719 4346 1852 4414 ἡμῖν

2208 4161 2456 4230 Sequitur
2491 4160 2627 4212 Aetii
2656 4158 2894 4212 Anoma’i
2931 4157 3263 4225 opusculum.

2028 4341 2114 4395 Χὶ.
2162 4340 2430 4407 Quoniam
2464 4337 2861 4407 persecutionis
2904 4335 3048 4386 illius
3081 4341 3346 4400 tempore,
3381 4348 3542 4399 quam

256 4443 509 4515 διωγμοῦ
544 4443 650 4496 ὑπὸ
671 4429 782 4506 τῶν
803 4441 1088 4513 χρονιτῶν,
1113 4441 1257 4503 τινὲς
1291 4439 1397 4492 τῶν
1415 4437 1844 4510 προειρημένων,

1959 4449 2148 4491 contra
2186 4450 2286 4488 nos
2319 4431 2634 4500 temporarii
2668 4429 2884 4498 quidmt
2921 4425 3170 4479 homines
3211 4424 3542 4483 eu'itarnnt,

263 4536 723 4608 σφετερισάμενοι
765 4534 903 4605 μετὰ
939 4534 1033 4587 καὶ
1063 4533 1235 4588 ἄλλων
1269 4531 1482 4584 πολλῶν
1516 4529 1855 4600 πονημόιτιον

265 4629 607 4685 σπουδασθὲν
643 4630 775 4700 ἡμῖν
828 4627 1136 4692 ἰδιαζόντως
1192 4627 1322 4698 περὶ
1377 4624 1674 4693 ἀγεννὴτου
1723 4618 1858 4672 Θεοῦ

263 4727 368 4780 καὶ
405 4723 689 4795 γεννητοῦ,
733 4721 1106 4794 παρενθήκαις
1135 4739 1194 4775 τε
1247 4721 1341 4773 καὶ
1382 4716 1706 4788 ἀφαιρέσεσι
1743 4715 1850 4767 δια-

264 4815 594 4889 φθείραντες
654 4815 964 4882 ὲξέδωκαν,
1018 4814 1116 4887 τὴν
1167 4812 1460 4868 ἀκόλουθον
1524 4809 1858 4882 ἀμείψαντες

349 4977 366 5007 ‘
394 4973 554 5029 Joan.
580 4988 678 5038 xu,
708 4973 798 5028 49.
874 4973 894 5003 ³
923 4969 1082 5025 Joan.
1118 4986 1231 5032 ιιι-ι,
1253 4969 1343 5022 ‘28.
1421 4969 1441 4998 ³
1474 4965 1632 5020 Joan.
1669 4982 1705 5031 ι,
1740 4963 1824 5017 1-3.

1962 4523 2207 4583 nonnulli
2259 4540 2321 4578 ex
2372 4522 2438 4576 iis
2497 4536 2636 4591 quos
2681 4519 2940 4578 diximus,
2995 4517 3136 4568 inter
3184 4513 3289 4566 alia
3350 4513 3544 4569 multa.

1959 4620 2284 4690 epusculum
2321 4614 2592 4686 quoddam
2630 4610 2878 4681 privatim
2912 4624 2939 4660 a
2973 4607 3131 4660 nobis
3162 4597 3546 4658 elucubratum

1963 4714 2029 4766 de
2065 4711 2306 4780 ingenito
2347 4707 2454 4758 Deo
2501 4721 2564 4757 ac
2622 4704 2807 4773 genito
2841 4700 3232 4768 subripientes,
3271 4696 3556 4765 plerisque

1960 4803 2184 4868 additis,
2218 4809 2310 4854 aut
2336 4798 2619 4859 detractis,
2656 4792 3039 4862 interpolatum
3097 4803 3160 4841 ae
3191 4787 3552 4856 depravatum

1902 4962 1920 4993 ⁵
1955 4959 2090 5016 ibid.
2120 4959 2200 5013 li.

347 5094 460 5164 (89)
506 5087 740 5164 Ἐπειδὴ
783 5089 852 5164 ἐν
896 5083 1094 5164 καιρῷ.
1124 5084 1231 5137 τοῦ
1273 5080 1726 5164 ἐπενεχθέιςτος.
1788 5077 1844 5164 ΕΞ

1963 5093 2062 5137 τας
2093 5071 2439 5128 adversarios
2476 5084 2606 5122 suos
2632 5065 2819 5119 Aetius
2850 5059 3224 5131 appellaverit,
3251 5056 3397 5125 quod
3441 5055 3558 5108 illo-

1985 5163 1988 5164 ,
2050 5161 2079 5164 ,Α
2119 5145 2247 5164 ιρι--
2283 5156 2418 5164 η-..,.
2464 5145 2601 5164 an...“
2655 5152 2715 5164 nn
2757 5147 2963 5164 nnnnn-n
3058 5129 3172 5164 “nn
3228 5138 3412 5164 “truth
3474 5127 3558 5164 in-

272 5147 561 5220 lizieiietii
602 5147 873 5230 opusculo
902 5147 1251 5230 verissimum
1299 5169 1423 5230 esse
1457 5147 1686 5230 senties,
1715 5147 1864 5230 quod

274 5241 343 5291 dc
369 5233 560 5290 eodem
597 5221 852 5287 Sbcrates
875 5269 890 5293 ,
943 5228 1160 5284 Sozom.
1203 5237 1254 5280 et
1278 5225 1440 5294 paulo
1474 5232 1601 5277 ante
1635 5221 1867 5290 Epipha-

278 5311 409 5361 nius
439 5312 626 5359 noster
659 5301 1014 5357 asseverabat
1043 5340 1056 5358 ,
1100 5293 1296 5364 nempe
1326 5293 1644 5364 sophisticis
1702 5307 1833 5364 argu
1853 5318 1869 5329 -

277 5379 373 5432 tiis
433 5383 488 5430 et
520 5371 967 5429 cavillationibus
1017 5361 1462 5422 l'rcIum'Aetium
1503 5363 1687 5417 fucum
1722 5361 1868 5415 veri-

280 5448 381 5501 tati
420 5444 638 5500 fecisse.
682 5443 788 5497 Sed
845 5457 945 5495 cur
994 5439 1248 5512 χρονίτας
1291 5442 1449 5512 vocat
1478 5451 1573 5512 eos
1607 5450 1633 5512 a
1669 5432 1870 5512 quibus

278 5519 577 5571 damnatus
601 5523 708 5575 est,
739 5504 1263 5567 nimiruanrianos
1308 5506 1501 5576 ipsos?
1532 5504 1869 5576 Epiphanius

277 5587 507 5658 quidem
554 5588 609 5641 in
640 5573 1057 5658 Responsione,
1086 5580 1213 5633 dum
1247 5573 1512 5658 xpovtttbv
1545 5573 1868 5658 vocabulum

283 5645 342 5713 iit
387 5652 537 5725 ipsos
584 5645 865 5723 retorquet
893 5653 1210 5725 AAnomqms
1237 5645 1490 5715 ,mailqttc
1542 5645 1869 5725 catholicam

281 5713 590 5784 Ecclesium
638 5713 994 5795 temporalem
1035 5721 1140 5774 diei
1183 5734 1319 5795 nou_
1351 5713 1540 5787 posse,
1607 5714 1752 5795 quod
1803 5713 1872 5795 ab

279 5807 496 5856 anet-no
534 5796 700 5854 fuerit
723 5790 846 5863 {ita
890 5793 1105 5849 videtur
1142 5790 1453 5860 accepisse,
1490 5790 1644 5857 quasi
1696 5790 1872 5854 χρονί-

1967 5127 2250 5199 τιιιῖιίίίιΙοε
2283 5156 2424 5195 nova
2462 5145 2608 5193 esset
2653 5152 2717 5190 ac
2757 5127 2987 5205 nupera.
3058 5129 3172 5183 lloe
3228 5138 3413 5205 utrum
3474 5127 3558 5205 in-

1969 5215 2239 5270 tellexerit
2271 5212 2460 5266 Aetius
2487 5250 2500 5273 ,
2545 5224 2652 5261 non
2703 5199 2862 5260 facile
2901 5203 3186 5276 diclu‘est.
3242 5199 3560 5276 A_n_potius
3620 5200 3626 5208 '

1968 5269 2222 5359 ipovirag
2274 5283 2449 5344 dixit,
2491 5269 2596 5334 hoc
2651 5288 2735 5331 est
2787 5272 3187 5359 temporarios,
3225 5269 3561 5359 minimeque

2539 5331 2812 5416 suscepta
2852 5331 2954 5399 [ide
2984 5331 3559 5419 (τυιιδιιιιιιρξ.ιιι-υἱΔ

1972 5407 2318 5497 iunpo—latoris
2352 5407 2540 5476 nutum
2573 5428 2625 5473 et
2653 5407 2882 5497 gratiam
2918 5431 3036 5497 sese
3084 5428 3150 5497 pe
3174 5407 3558 5497 credulitatem

2152 5475 2686 5550 accommodarent“?
2712 5485 3032 5560 Cujusmodi
3072 5481 3306 5560 Aeacius
3331 5518 3346 5541 ,
3375 5475 3561 5560 laudo:

1977 5549 2128 5631 iiiis,
2158 5549 2224 5619 ac
2260 5565 2440 5618 caeteri
2481 5564 2724 5624 fuerunt,
2763 5549 2864 5631 q'ui
2891 5557 3128 5613 Aetium,
3149 5551 3259 5631 cui
3291 5549 3560 5631 haeten'us

1977 5613 2246 5699 faveianl,
2284 5643 2429 5689 metu
2458 5613 2806 5702 imperatoris
2833 5629 3184 5702 ιιιιιιιιιιιιίιιιι.
3219 5619 3364 5702 ξειιιι)
3394 5613 3562 5702 πρόσ-

1977 5686 2550 5780 Ξζέτῌοξξ“ιέιὶῖιὶ‹)έίαιίςζ
2595 5703 2780 5780 λξςιιῑρι.
2823 5713 2941 5756 xm,
2977 5695 3070 5780 2t...

1981 5761 2361 5851 quiritisceptb
2396 5775 2486 5830 llci
2525 5775 2690 5829 verbo
2726 5773 2778 5825 in
2807 5763 3184 5840 persecutione
3209 5761 3486 5812 desciscit.
