3988 6406
493 308 600 372 555

1889 315 1948 374 8.
1989 317 2089 374 EPI

2191 317 2328 373 ANII
3617 319 3698 377 556

492 429 810 500 ediderunt,
842 437 1160 506 perturbata
1194 445 1422 508 Insuper
1450 434 1666 494 ordinis
1701 437 1883 506 serie;
1921 448 2088 511 atquc

2191 441 2418 513 ἀγωγήν
2440 457 2453 471 ·
2481 434 2613 511 ἦλθε
2653 438 2710 493 δέ
2755 437 2896 510 μετά
2925 435 3100 490 ταῦτα
3129 433 3263 490 αὐτὸ
3309 436 3386 500 είς
3412 437 3562 507 ἡμᾶς,
3592 439 3705 504 τινὸς

493 524 631 581 illud
674 527 816 583 idem
867 536 1056 598 postea
1110 530 1418 584 litterarum
1457 529 1680 602 quidam
1722 529 1790 585 ad
1825 545 1925 586 nos
1963 541 2084 587 stu-

493 615 689 674 diosus
720 620 935 687 attulit,
973 635 1203 676 necesse
1239 620 1427 688 habui,
1475 629 1660 691 utpote
1691 621 1842 678 illius
1869 633 2082 687 auctor,

493 711 828 768 recensitum
881 726 947 768 ac
978 721 1332 784 repurgatum
1359 727 1499 783 opus
1545 711 1690 768 istud
1726 712 1795 768 ad
1826 729 1924 770 vos
1958 715 2084 769 mit-

492 816 628 869 tere,
683 805 1002 877 quicunque
1051 807 1275 878 pietatis
1325 806 1543 861 athletae
1590 807 1880 876 utriusque
1915 822 2082 864 sexus

490 898 660 960 estis.
709 905 770 952 ut
802 898 1148 970 intelligatis,
1181 899 1318 954 nihil
1363 913 1481 954 non
1510 898 1564 954 iu
1591 914 1658 955 eo
1688 914 1755 954 ex
1792 914 2080 955 sacrarum

490 985 827 1042 Litterarum
864 1003 1128 1061 germano
1181 1004 1307 1045 esse
1349 1003 1518 1045 sensu
1567 987 1859 1060 prolatum.
1907 989 2083 1060 Cujus

489 1076 712 1146 quidem
747 1077 1003 1149 pmsidio
1049 1093 1148 1135 eos
1181 1094 1396 1144 omnes,
1447 1079 1540 1150 qui
1571 1077 1951 1136 contradicere
1990 1095 2085 1136 vo-

491 1168 728 1234 iuerint,
774 1170 968 1240 paucis
996 1169 1328 1240 quibusdam
1371 1168 1610 1224 breviter
1639 1168 1877 1240 objectis
1901 1209 1917 1234 ,
1955 1184 2082 1240 pro-

491 1259 686 1316 hibere
713 1261 990 1332 poteritis,
1021 1276 1092 1314 ne
1124 1259 1192 1315 de
1225 1259 1467 1332 ingenito
1494 1259 1605 1316 Deo
1637 1273 1702 1314 ac
1750 1261 1938 1331 genito
1972 1276 2086 1317 ser-

492 1369 714 1409 tuonem
741 1351 1094 1425 impudenter
1115 1352 1429 1416 instituant,
1463 1366 1530 1406 ac
1561 1351 1927 1422 temporarios
1956 1351 2082 1408 illos

493 1445 550 1500 in
588 1445 801 1516 primis,
855 1460 995 1516 quos
1031 1445 1208 1516 attigi.
1259 1443 1434 1499 Porro
1479 1443 1621 1499 hanc
1651 1443 2081 1516 disputationem

492 1538 549 1593 in
585 1537 766 1608 capita
801 1552 1062 1592 versuum
1093 1537 1148 1591 iu
1179 1535 1403 1591 modum
1441 1536 1516 1590 ita
1545 1535 1900 1607 digessimus,
1944 1546 2004 1590 ut
2028 1544 2083 1590 et

491 1631 836 1704 ohjectiones
881 1631 1020 1686 alias
1071 1645 1138 1686 ex
1176 1629 1320 1696 aliis,
1366 1637 1421 1684 et
1487 1629 1856 1700 quaestionum
1889 1627 2287 1688 dissolutiones
2325 1642 2676 1691 necteremus

2189 533 2298 586 τῶν
2330 533 2637 586 σπουδαίων
2669 533 2802 602 ἡμῖν
2845 529 2978 585 αὐτὸ
3021 529 3532 602 προσηκομικὸτος
3576 529 3708 599 ἠναγ-

2190 623 2404 695 κάσθην
2436 618 2524 677 οἵα
2550 622 2736 692 πατὴρ
2777 617 2937 686 αὖθις
2966 619 3304 692 διακαθάρας
3335 619 3589 690 ἐκπέμψαι
3613 621 3711 690 ὑμῖν

2187 716 2250 771 τὸ
2283 717 2647 790 σύγγραμμα,
2683 709 2731 771 ὦ
2777 715 2981 778 πάντες
3015 712 3261 777 εὐσεϐεῖς
3307 711 3525 781 ἀθληταί
3558 727 3611 765 τε
3643 713 3716 766 καὶ

2187 808 2504 882 ἀθλήτριαι,
2533 809 2684 873 ὅπως
2720 807 2789 863 ἂν
2833 807 3035 862 εἰδέναι
3065 806 3262 876 ἔχοιτε,
3287 804 3405 859 κατ’
3425 804 3614 858 ἐννοιαν
3635 803 3718 856 τῶν

2188 905 2361 973 ἀγίων
2407 892 2640 974 Γραφὶῖη
2689 900 2946 974 εἰρῆσθαι
3002 897 3162 972 ήμῶν
3209 897 3272 952 τὸ
3329 897 3531 966 λόγιονο
3578 895 3634 949 δι’
3673 889 3722 948 alt

2191 995 2372 1050 πάντα
2403 993 2691 1064 ἄνθρωπον
2722 990 3031 1058 ἀντιλέγειν
3072 991 3203 1061 ύμῖν
3241 986 3602 1059 ἐπιχειροῦντα
3623 988 3724 1057 περὶ

2192 1087 2494 1157 ἀγεννήτου
2541 1084 2680 1139 Θεοῦ
2724 1084 2825 1140 καὶ⁵
2853 1082 3120 1154 γεννητοῦ
3162 1081 3357 1136 παύειν
3403 1080 3724 1150 ἀναισχυντεῖν

2193 1179 2482 1251 συντόμοις
2506 1179 2798 1251 ἐπιφοραῖς
2827 1175 3128 1248 δυνήσεσθε
3151 1193 3166 1208 ·
3197 1174 3417 1233 πάντων
3439 1173 3495 1227 δέ
3535 1170 3727 1242 μάλιστα

2188 1266 2317 1330 τοὺς
2348 1265 2807 1338 προειρημένους,
2833 1267 2894 1320 ἐν
2920 1265 3051 1320 είδει
3078 1265 3190 1318 τῶν
3221 1260 3491 1335 στιχηρῶν
3523 1261 3598 1313 ἐπ’
3623 1259 3728 1314 ἁπό-

2194 1371 2352 1428 ρησιν
2381 1358 2728 1428 ἀπορήσεως,
2766 1357 2862 1410 καὶ
2893 1355 3048 1410 λύσιν
3077 1354 3308 1418 λύσεως,
3341 1352 3429 1408 διά
3460 1350 3519 1434 τὸ
3545 1348 3729 1420 εὐπερί-

2189 1445 2421 1518 δρακτον
2452 1449 2548 1503 καὶ
2576 1448 2750 1519 σαφὲς
2781 1447 2890 1503 τῶν
2919 1446 3390 1519 ἐπιχειρημάτων,
3412 1442 3730 1514 ποιησάμενος

2189 1540 2290 1612 τὴν
2309 1541 2486 1613 ἀρχὴν
2513 1557 2581 1594 πε
2591 1541 2646 1612 pl.
2665 1541 2966 1612 ἀγεννήτου
2994 1539 3155 1594 Θεοῦ.

2741 1649 2754 1685 :
2815 1647 2928 1704 quo
2989 1640 3048 1688 et
3093 1632 3162 1688 ad
3205 1625 3730 1702 comprehendendum

489 1723 740 1780 faciliora
777 1731 840 1779 et
877 1722 1129 1793 planiora
1154 1761 1170 1788 ,
1219 1721 1426 1792 quibus
1475 1721 1716 1788 utimur,
1761 1728 2086 1792 argumenta
2119 1723 2277 1781 vobis
2308 1731 2518 1782 essent.
2557 1724 2643 1782 Ab
2677 1723 2924 1795 ingenito
2953 1737 3088 1779 vero
3134 1720 3250 1778 Deo
3297 1717 3603 1792 disputandi
3648 1715 3731 1772 ini-

492 1815 630 1867 tium
668 1810 925 1868 fecimus.

564 1901 608 1958 l.
651 1899 711 1960 Si
751 1900 1032 1972 ingenitus
1086 1898 1254 1963 Deus.
1294 1899 1446 1971 quod
1470 1899 1717 1972 genitum
1753 1907 1863 1967 est,
1910 1899 2089 1956 facere

2264 1904 2345 1957 A'.
2386 1903 2449 1956 Ei
2477 1903 2706 1958 δυνατόν
2729 1903 2848 1957 ἐστι
2875 1900 2953 1973 τῷ
2975 1900 3260 1972 ἀγεννήτῳ
3284 1897 3407 1971 Θεῷ
3436 1898 3496 1952 τὸ
3518 1900 3734 1971 γεννητὸν

493 1992 799 2064 ingenitum
849 1997 1055 2061 potest,
1107 1989 1382 2061 siquidem
1439 1991 1753 2046 substantia
1787 1992 1970 2047 omnis
2005 1992 2088 2046 in-

492 2081 678 2154 genita
726 2087 833 2144 est,
865 2085 1085 2143 neutra,
1117 2078 1262 2150 quod
1294 2079 1362 2134 ad
1389 2094 1511 2134 eam
1543 2080 1919 2136 conditionem
1961 2082 2090 2136 atti-

493 2182 619 2240 uct,
653 2172 860 2230 nullius
894 2179 956 2228 ut
989 2171 1296 2228 dominatui
1331 2171 1537 2240 subsit,
1569 2172 1639 2226 ab
1671 2173 1844 2228 altera
1872 2171 2087 2229 discre-

492 2264 666 2337 pabit.
719 2262 956 2333 Quinam
1003 2263 1173 2335 igitur
1219 2263 1329 2319 dici
1387 2271 1567 2335 potest
1612 2264 1816 2319 mutari
1865 2264 2089 2335 quidem

491 2359 757 2424 alteram,
793 2357 1024 2412 alteram
1070 2364 1318 2424 mutare,
1363 2371 1490 2411 cum
1535 2369 1603 2412 ex
1638 2356 1790 2412 nulla
1841 2356 2090 2428 subjecta

492 2449 728 2507 materia
770 2447 1075 2521 quidquam
1131 2447 1244 2504 Deo
1309 2447 1620 2520 producere
1672 2449 1901 2505 minime
1961 2464 2090 2520 per-

492 2541 752 2598 mittant!

564 2629 634 2688 ll.
686 2632 746 2686 Si
792 2630 1070 2702 ingenitus
1115 2626 1262 2684 Deus
1308 2643 1478 2685 causa
1515 2637 1602 2686 est
1643 2628 1792 2684 omni
1833 2636 2092 2700 praestan-

495 2723 626 2788 tior,
659 2725 768 2779 erit
811 2722 975 2777 etiam
1025 2718 1385 2792 generatione
1431 2721 1550 2792 ipsa
1586 2721 1982 2792 praestantior:
2019 2723 2088 2787 si,

495 2816 764 2887 inquam,
817 2815 1004 2870 causis
1052 2814 1313 2868 omnibus
1373 2815 1692 2879 antecellit,
1748 2814 2090 2886 generationi

496 2908 687 2964 itidem
732 2907 1043 2963 antecellet.
1086 2904 1277 2976 Neque
1311 2906 1456 2962 enim
1511 2915 1608 2961 aut
1654 2907 1723 2962 ab
1773 2907 1946 2962 altera
1992 2921 2085 2962 na-

495 3010 659 3068 tura,
705 3010 766 3056 ut
819 3006 995 3066 esset,
1049 2998 1292 3070 accepit,
1337 3008 1434 3054 aut
1477 2999 1612 3054 illud
1666 2999 1786 3070 ipse
1811 2998 1917 3055 sibi
1955 3012 2092 3054 con-

497 3095 649 3151 tulit.

565 3185 732 3259 925
757 3184 846 3241 111.
873 3184 994 3242 Jam
1020 3201 1172 3252 vero,
1200 3184 1246 3240 si
1282 3183 1400 3256 ipse
1421 3182 1548 3251 sibi,
1585 3191 1645 3238 ut
1669 3191 1840 3251 esset,
1857 3182 2086 3238 minime

2191 1995 2489 2066 ἀγέννητον
2519 1995 2764 2067 ποιῆσαι,
2800 1995 2851 2049 εί
2879 1996 3031 2050 πᾶσα
3081 1991 3242 2046 οὐσία
3277 1990 3428 2045 ἐστὶν
3466 1991 3734 2064 ἀγέννητος,

2191 2083 2519 2155 οὐδοποτέρα
2567 2083 2755 2137 διοίσει
2806 2083 2910 2154 τῆς
2956 2080 3125 2152 ἄλλης
3164 2079 3313 2134 κατά
3364 2077 3428 2132 τὸ
3463 2079 3734 2137 ἀδέσποτον.

2192 2173 2318 2239 Πῶς
2349 2171 2444 2228 οὖν
2497 2174 2563 2230 άν
2601 2191 2686 2238 τις
2727 2173 2864 2244 φαίη
2903 2171 3003 2244 τὴν
3037 2171 3140 2243 μὲν
3181 2168 3636 2242 μεταϐάλλεσθαι,
3661 2172 3739 2242 τήν

2191 2266 2250 2321 δέ
2284 2266 2664 2338 μεταϐάλλειν,
2698 2266 2802 2320 οὐκ
2839 2261 3250 2337 ἐπιτρεπόντων
3287 2258 3368 2332 τῷ
3400 2259 3517 2335 Θεῷ
3543 2262 3734 2334 ὑφιστᾷν

2193 2362 2260 2415 ἐκ
2289 2361 2366 2432 μὴ
2393 2358 2766 2431 ὑποκειμένης
2792 2357 2963 2430 ὓλης;

2265 2638 2344 2693 B'.
2373 2637 2440 2692 Εί
2473 2638 2655 2709 πάσης
2684 2637 2868 2702 αίτίας
2891 2638 3161 2710 κρείττων
3180 2637 3423 2711 ὑπάρχει
3443 2636 3474 2690 ὁ
3495 2635 3742 2705 ἀγέννητος

2193 2730 2348 2796 Θεὸς,
2374 2730 2464 2784 διά
2491 2729 2652 2784 τοῦτο
2675 2730 2770 2784 καὶ
2799 2730 3069 2800 γενέσεως
3097 2730 3370 2802 κρείττων
3401 2730 3466 2785 ἂν
3493 2729 3607 2798 εἴη·
3629 2729 3671 2780 εί
3697 2725 3742 2779 ἃ

2194 2823 2464 2894 κρείττων
2497 2823 2615 2876 ἐστὶ
2642 2821 2828 2894 πάσης
2861 2823 3065 2888 αίτίας,
3097 2822 3351 2893 δηλονότι
3384 2821 3477 2875 καὶ
3500 2820 3744 2891 γενέσεως.

2195 2913 2336 2968 υύτε
2357 2916 2470 2986 γὰρ
2497 2915 2630 2987 παρ’
2664 2914 2862 2986 ἐτέρας
2899 2913 3118 2985 φύσεως
3162 2913 3359 2986 είληφε
3389 2901 3455 2968 τὸ
3473 2909 3620 2978 εἶναι,
3650 2908 3747 2965 οὔτε

2195 3008 2360 3073 αὐτὸς
2393 3007 2575 3079 ἐαυτῷ
2607 3007 2669 3063 τὸ
2706 3002 2850 3062 εἶναι
2882 3006 3186 3079 παρέσχεν.

2267 3188 2342 3242 I".
2383 3186 2524 3242 Είδὲ
2555 3185 2719 3252 αὐτὸς
2749 3185 2931 3258 ἐαυτῷ
2976 3185 3038 3241 τὸ
3071 3181 3214 3240 εἶναι
3266 3185 3348 3258 μὴ
3397 3182 3672 3255 παρέσχεν,
3701 3177 3750 3233 ού

496 3257 755 3346 contulit,
788 3295 899 3336 non
929 3287 1152 3350 propter
1183 3277 1348 3332 ullam
1380 3285 1594 3355 natura:
1622 3275 2081 3339 imbecillitatem,

2193 3281 2281 3335 διά
2313 3279 2374 3335 τδ
2398 3279 2626 3344 ἀσθενὲς
2657 3279 2756 3350 τῆς
2781 3257 3020 3348 φύσεως,
3051 3277 3191 3333 ἀλλὰ
3209 3277 3307 3332 διά
3337 3257 3402 3331 εδ
3425 3271 3749 3347 ύπερὸεδηκέ-

497 3373 593 3431 sed
623 3373 768 3446 quod
799 3389 969 3430 causa
1011 3374 1088 3444 sit
1119 3369 1273 3426 omni
1323 3369 1596 3440 superior,
1625 3369 1752 3440 quis
1783 3367 2093 3424 subsisten-

499 3474 611 3522 tem
665 3474 918 3522 naturam
955 3466 1026 3521 ab
1053 3480 1116 3522 ea
1149 3477 1274 3535 quae
1312 3462 1706 3518 subsistentem
1751 3460 2093 3533 produxerit,

496 3558 638 3613 nihil
695 3558 750 3614 in
803 3557 1116 3615 substantia
1161 3554 1506 3611 discriminis
1554 3555 1759 3612 habere
1808 3553 2094 3619 fatebitur,

495 3666 622 3707 cum
657 3649 928 3720 ejusmodi
983 3643 1346 3705 subsistentia
1397 3644 1809 3716 generationem
1873 3657 2095 3699 onmem

495 3742 794 3798 excludat?

571 3832 660 3889 IV.
706 3833 762 3888 Si
813 3841 1079 3905 perpetuo
1117 3848 1180 3887 ac
1221 3833 1340 3890 sine
1401 3830 1516 3887 ullo
1551 3828 1658 3884 line
1681 3827 1830 3884 Deus
1858 3827 1912 3883 in
1944 3827 2097 3898 inge-

503 3925 624 3980 nita
652 3933 850 3980 natura
879 3924 1148 3995 persistit,
1180 3939 1244 3979 ac
1277 3926 1322 3980 si
1355 3924 1539 3996 genita
1571 3921 1790 3977 soboles
1830 3920 1952 3975 sine
1983 3920 2097 3974 ullo

499 4017 609 4073 ﬁne
630 4016 814 4088 genita
845 4024 952 4079 est,
986 4030 1153 4087 prava
1185 4015 1275 4070 illa
1303 4015 1372 4070 de
1408 4012 1737 4070 homoousio
1801 4021 1856 4068 et
1883 4011 2096 4067 homos-

497 4109 662 4165 ousio
723 4107 1000 4164 sententia
1051 4106 1454 4180 proﬂigabitur.
1507 4103 1644 4162 Cum
1705 4103 1840 4159 illud
1875 4103 2093 4159 interim

497 4201 554 4255 in
611 4198 900 4268 utriusque
934 4206 1148 4253 natura:
1178 4197 1450 4270 dignitate
1479 4201 1788 4260 remaneat,
1829 4201 1913 4260 ut,
1946 4195 2094 4266 quod

497 4294 567 4348 ad
628 4293 1002 4349 substantiam
1055 4291 1276 4356 attinet,
1327 4287 1640 4360 comparari
1691 4286 1836 4342 inter
1871 4294 1943 4343 'se
1996 4301 2095 4342 ne-

495 4391 731 4458 queant.

568 4476 635 4533 ν.
679 4477 738 4533 Si
794 4475 1074 4548 ingenitus
1121 4471 1434 4531 substantia
1480 4469 1624 4526 Deus
1663 4477 1770 4536 est,
1813 4467 1961 4539 quod
2001 4482 2092 4537 ge-

495 4575 675 4630 nitum
723 4579 810 4627 est
844 4586 951 4626 non
985 4567 1348 4624 distractione
1373 4563 1612 4636 quadam
1641 4559 1972 4618 substantia:
1999 4574 2090 4630 ge.

495 4665 677 4720 uitqu
725 4670 830 4724 est.
876 4659 972 4716 sed
1023 4658 1094 4713 ab
1143 4655 1482 4721 substantia,
1532 4668 1562 4708 a
1606 4667 1714 4723 qua
1763 4651 2091 4723 productum

494 4767 602 4824 est,
627 4754 892 4811 manavit.
925 4753 1140 4824 Quippe
1162 4749 1412 4808 eamdem
1446 4745 1812 4804 substantiam
1848 4744 2090 4816 genitam

496 4849 661 4904 simul
693 4855 748 4903 et
777 4847 1079 4918 ingenitam
1103 4859 1249 4910 esse,
1276 4841 1428 4897 nulla
1461 4854 1588 4895 cum
1621 4837 1827 4910 pietate
1857 4836 2094 4908 conjun-

497 4950 587 4995 cta
612 4941 756 4996 ratio
784 4941 1014 5011 patitur.

569 5031 662 5087 Vl.
703 5030 761 5086 Si
789 5035 1034 5104 genitum
1070 5037 1157 5087 est
1182 5027 1316 5084 illud
1348 5027 1553 5099 ipsum,
1591 5025 1738 5096 quod
1768 5031 1855 5081 est
1885 5023 2097 5096 ingeni-

499 5135 641 5188 tum,
664 5123 795 5196 quid
813 5124 981 5179 etiam
1001 5123 1272 5194 prohibet,
1306 5119 1453 5192 quod
1471 5118 1715 5190 genitum
1739 5126 1852 5183 est,
1881 5117 2095 5189 ingeni-

499 5228 618 5276 tum
672 5217 879 5275 fuisse?
933 5217 1218 5288 Siquidem
1271 5223 1467 5270 natura
1500 5213 1683 5268 omnis
1717 5213 1785 5268 ad
1817 5211 1910 5278 id,
1943 5211 2095 5283 quod

499 5319 796 5384 cognatum
845 5308 950 5366 sibi
995 5315 1103 5374 est,
1155 5307 1332 5379 magis
1360 5321 1524 5379 quam
1563 5305 1631 5360 ad
1661 5305 1900 5363 alienum
1935 5319 2094 5376 pcre-

501 5408 830 5479 grinumque
851 5403 1096 5460 festinat.

573 5497 685 5552 Vll.
731 5495 788 5550 Si
830 5503 982 5550 totus
1029 5509 1139 5550 non
1183 5502 1269 5548 est
1310 5492 1590 5563 ingenitus
1638 5489 1805 5557 Deus,
1846 5487 1982 5544 nihil
2015 5494 2102 5544 est

504 5593 647 5662 quod
681 5591 889 5652 obstet,
920 5591 1218 5659 quominus
1263 5584 1565 5647 secundum
1606 5583 1970 5643 substantiam
2009 5597 2101 5658 ge-

575 5748 592 5783 ¹
628 5749 762 5807 Cor.
807 5747 1198 5818 προσιεμένης.

2195 3389 2285 3428 ναι
2313 3373 2496 3428 πᾶσαν
2533 3371 2745 3425 αἰτίανο
2777 3370 2944 3425 πόθεν
2970 3371 3036 3426 ἀν
3063 3387 3148 3434 τις
3179 3369 3283 3441 τήν
3315 3370 3618 3424 ύποστᾰσαν
3645 3361 3750 3435 πρὸς

2195 3467 2297 3539 τὴν
2329 3467 2720 3538 ύποστήσασαν
2751 3465 2914 3536 φύσιν
2941 3465 3004 3519 τὸ
3041 3462 3474 3534 ἀπαράλλακτον
3502 3463 3578 3518 είς
3602 3456 3749 3513 οὐσίαν

2197 3559 2342 3632 ἐχειν
2389 3561 2800 3631 συγχωρήσειε,
2843 3559 2906 3613 οὐ
2964 3555 3302 3630 προῖεμένης
3331 3557 3348 3588 ¹
3386 3555 3488 3626 τῆς
3537 3550 3750 3619 τοιαύτης

2197 3651 2556 3717 ὑποστάσεως
2581 3651 2830 3722 γένεσιν;

2269 3837 2344 3887 Δ’.
2386 3832 2452 3888 El
2508 3830 2888 3902 ἀτελευτήτως
2920 3828 2951 3884 ὁ
2983 3824 3118 3891 Θεὸς
3149 3825 3402 3897 διαμένει
3433 3823 3493 3876 ὲν
3518 3815 3753 3888 ἀγεννήτῳ

2199 3927 2381 3996 φύσει,
2411 3925 2509 3980 καὶ
2555 3923 2931 3994 ἀτελευτήτως
2971 3919 3034 3974 τὸ
3065 3918 3317 3988 γέννημα
3349 3912 3592 3985 γέννημά
3615 3910 3751 3967 ἐστιν,

2196 4019 2230 4088 ἡ
2261 4017 2356 4072 τοῦ
2389 4017 2682 4089 ὀμοουσίου
2727 4015 2824 4069 καὶ
2849 4010 2946 4066 τοῦ
2967 4010 3279 4083 ὁμοιουσίου
3315 4005 3601 4072 κακοδοξία
3643 4013 3753 4067 παρα

2198 4107 2650 4181 εισφθαρήσεται.
2683 4107 2931 4161 ’Ἱσταται
2960 4103 3018 4157 δὲ
3056 4101 3118 4156 τὸ
3157 4103 3215 4156 ἐν
3257 4100 3423 4172 οὐσίᾳ
3466 4094 3754 4163 ἀσύγκριτον

2197 4201 2470 4274 ἑκατέρας
2499 4200 2718 4272 φύσεως
2752 4195 3048 4268 ἀξιώματι.

2262 4483 2340 4538 ιε’.
2411 4484 2476 4538 El
2524 4481 2822 4554 ἀγέννητός
2868 4483 3018 4534 ἐστιν
3060 4481 3090 4533 ὁ
3134 4478 3267 4543 Θεὸς
3319 4479 3423 4551 τήν
3454 4475 3648 4532 οὐσίαν,
3677 4467 3755 4522 οὐκ

2125 4607 2168 4662 ι)
2197 4576 2388 4640 οὐσίας
2412 4575 2694 4630 διαστάσει
2721 4574 2782 4628 τὸ
2815 4572 3073 4662 γεννητὸν
3119 4570 3416 4662 ἐγεννήθη,
3459 4567 3572 4662 ἀλλῖ
3600 4563 3651 4628 ἐξ
3683 4560 3754 4662 oio:

2203 4666 2324 4730 σίας
2359 4664 2749 4737 ὐποστησάσης
2800 4663 2953 4718 αὐτό.
2983 4661 3096 4735 Τὴν
3130 4661 3238 4733 γὰρ
3262 4661 3437 4732 αὐτὴν
3457 4657 3633 4713 ούσίαν
3683 4649 3754 4704 καὶ

2200 4757 2467 4830 γεννητὴν
2520 4753 2661 4812 εἶναι
2711 4757 2807 4812 καὶ
2840 4755 3135 4827 ἀγέννητον
3159 4753 3337 4819 οὐδεὶς
3383 4752 3538 4820 λόγος
3567 4743 3755 4812 εύσεσὴς

2199 4850 2505 4922 ἐπιτρέπει.

2281 5034 2373 5102 τῖ’-
2416 5035 2479 5089 El
2521 5035 2584 5089 τὸ
2621 5034 2920 5105 ἀγέννητον
2948 5032 3239 5103 ἐγεννήθη,
3270 5032 3324 5086 τί
3355 5029 3550 5085 κωλύει
3575 5024 3630 5077 τὸ
3658 5034 3754 5088 γεν-

2205 5127 2366 5199 νητὺν
2415 5129 2717 5201 ἀγέννητον
2744 5126 3060 5198 γεγονέναι;
3109 5124 3328 5180 Μᾶλλον
3361 5123 3472 5196 γάρ
3509 5118 3595 5174 τοῦ
3640 5115 3756 5168 άνοιο

2204 5221 2357 5276 κείου
2392 5223 2486 5276 ἐπὶ
2513 5221 2574 5276 τὸ
2599 5221 2771 5292 αὐτῆς
2798 5221 3000 5274 οἰκεῖον
3029 5217 3312 5288 ἐπείγεται
3336 5219 3486 5272 πᾶσα
3517 5210 3678 5282 φύσιςο

2279 5489 2354 5542 Ζ’.
2396 5487 2460 5542 Et
2493 5485 2570 5558 μὴ
2607 5485 2729 5550 ὅλος
2758 5487 2788 5540 ὁ
2814 5486 2948 5551 Θεὸς
2977 5484 3278 5556 ἀγέννητὸς
3315 5484 3484 5546 ἐστιν,
3510 5473 3645 5534 οὐδὲν
3664 5483 3751 5523 w-

2205 5579 2326 5634 λύει
2377 5579 2439 5634 τὸ
2492 5579 2881 5653 γεγεννηκέναι
2929 5577 3221 5643 οὐσιωδῶς.
3279 5578 3342 5632 Εί
3389 5575 3448 5630 δὲ
3489 5571 3600 5634 ὅλος
3634 5559 3751 5618 ἐστὶν
