3988 6408
192 417 319 474 557

831 403 1206 466 ADVERSUS
1245 402 1591 460 IIIERESES
1628 399 1760 457 LIB.
1803 399 1820 454 Ι

1944 399 2098 456 ΥΟΜ.
2140 401 2183 454 Ι.
2227 427 2295 440 -
2333 391 2610 450 ΗᾹΞΠΕΒ.
2654 388 2894 447 LXXVI.

3410 381 3516 435 538

188 534 529 602 ἀγέννητος,
555 529 656 584 οὐκ
683 524 956 589 οὐσιωδῶς
991 527 1074 589 είς
1098 523 1312 593 γένεσιν
1339 521 1546 593 διέστη,
1585 517 1806 590 ἐξουσίᾳ

1950 517 2110 572 uerit.
2152 515 2249 571 Sin
2299 520 2451 568 totus
2494 509 2772 580 ingenitus
2803 515 2911 566 est,
2944 519 3055 559 non
3087 509 3174 558 est
3204 497 3506 558 secundum

187 625 262 680 δι
291 623 574 695 ὑπέστησε
600 621 668 697 τὸν
691 619 962 690 γέννημα.

277 815 369 870 H'.
409 812 474 867 Et
517 809 638 874 ὅλος
690 806 808 862 ἐστὶ
849 802 1166 877 γεννητικὸς
1214 801 1244 856 6
1299 798 1595 870 ἀγέννητος
1649 794 1805 860 Θεὸς,

182 907 302 960 οὐκ
335 900 614 965 οὑσιωδῶς
643 898 707 954 τὸ
757 894 1014 968 γεννηθὲν
1056 890 1346 964 ἐγεννήθη,
1391 889 1520 960 ὅλης
1573 885 1806 958 ἐχούσης

181 1000 299 1069 τῆς
333 995 524 1056 οὐσίας
538 989 705 1047 αὑτοῦ
741 989 803 1044 τὸ
833 987 1053 1060 γεννᾷν,
1082 983 1198 1040 ἀλλ’
1231 985 1293 1038 οὺ
1329 982 1391 1037 τὸ
1417 980 1736 1054 γεννᾶσθαι.

277 1201 363 1255 Θ¹.
406 1199 471 1253 El
519 1196 579 1252 δὲ
617 1189 1198 1268 μεταηηματισθεῖσα
1252 1189 1288 1260 ἠ
1325 1186 1486 1241 οὐσία
1532 1183 1624 1238 τοῦ
1671 1180 1810 1236 Θεοῦ

191 1293 460 1366 γέννημα
489 1290 729 1359 λέγεται,
764 1287 866 1342 οὐκ
908 1283 1290 1356 ἀμετάὅλητος
1333 1281 1368 1351 ἠ
1416 1277 1577 1332 οὐσία
1619 1274 1808 1338 αὐτοῦ,

193 1383 311 1455 τῆς
343 1379 651 1454 μεταϐολῆς
681 1375 1067 1450 ἐργασαμένης
1099 1373 1201 1447 τὴν
1227 1370 1360 1426 Υἱοῦ
1393 1368 1734 1438 ίδιοποίησιν.

278 1581 338 1635 l’.
382 1580 447 1633 Et
474 1577 530 1634 δὲ
557 1577 644 1648 εῐη
666 1577 763 1633 καὶ
784 1573 1184 1648 ἀμετάϐλητος,
1211 1571 1307 1626 καὶ
1333 1569 1604 1640 γενέσεως
1629 1566 1815 1639 κρείτ-

200 1689 318 1728 των
348 1673 387 1744 ἡ
415 1671 573 1726 οὐσία
606 1669 702 1724 τοῦ
734 1668 892 1733 Θεοῦ,
926 1667 989 1721 τὸ
1031 1664 1173 1720 κατά
1220 1663 1312 1718 τὸν
1354 1661 1483 1716 Υἱὸν
1521 1660 1628 1724 ἕως
1651 1657 1815 1730 ψιλῆς

201 1761 590 1837 προσηγορίας
621 1758 1116 1832 ὁμολογηθήσεται.

281 1985 392 2041 ιΑο.
433 1985 498 2040 Εἰ
529 1979 922 2056 σπερμτικῶς
949 1973 1018 2051 ἦν
1051 1976 1109 2031 ὲν
1141 1975 1220 2047 τῷ
1251 1971 1536 2044 ἀγεννήτῳ
1584 1965 1704 2040 Θεῷ

204 2078 484 2148 γέννημα,
518 2075 659 2148 μετά
694 2075 793 2145 τὴν
832 2072 1089 2144 γέννησιν
1123 2066 1323 2134 ἔξωθεν
1356 2059 1702 2136 προσλαϐὼν.
1740 2057 1817 2121 ὡς

206 2172 283 2226 ἂν
326 2169 474 2224 εἴποι
505 2185 613 2233 τις,
660 2164 935 2237 ἠνδρώθη.
985 2162 1205 2224 Τέλειος
1257 2154 1354 2211 οὖν
1391 2157 1540 2209 ὲστιν
1591 2153 1620 2206 6
1666 2149 1816 2215 Υἱὸς,

203 2264 316 2318 οὐκ
349 2260 412 2326 ἐξ
441 2255 516 2316 ὧν
546 2259 838 2330 ἐγεννήθη,
877 2255 992 2310 ἀλλ’
1022 2253 1082 2321 ἐξ
1119 2247 1196 2308 ὦν
1227 2246 1553 2323 προσέλαϐε.
1590 2243 1673 2298 Τὰ
1703 2239 1818 2312 γὰρ

207 2354 561 2426 συγγενικῶς
614 2350 1128 2426 προσλαμὸάνοντα,
1180 2345 1256 2408 ὡς
1287 2343 1349 2408 ἐξ
1401 2338 1627 2395 ἐκείνων
1695 2351 1820 2390 συν·

205 2447 452 2513 εστῶτα,
481 2448 542 2501 τὸ
569 2445 666 2500 τοῦ
707 2443 917 2499 τελείου
969 2441 1144 2512 ὄνομα
1188 2435 1464 2508 διαφόρως
1491 2427 1814 2506 προσίεσθαι

1910 606 2280 664 substantiam
2331 601 2685 674 generatione
2739 598 3063 661 distractus,
3115 593 3211 650 sed
3261 608 3327 647 ex
3378 590 3510 646 sub--

1909 700 2116 757 Stantia
2147 714 2247 755 sua
2278 697 2518 768 genitam
2550 693 2698 747 illam
2724 706 2754 745 a
2780 705 2840 747 se
2869 689 3114 746 sobolem
3147 684 3437 757 produxit.

1983 789 2121 846 Vlll.
2163 787 2224 844 Si
2250 786 2527 858 ingenitus
2554 783 2699 838 Deus
2737 789 2888 837 totus
2917 788 3002 835 est
3035 777 3259 849 genitali
3288 774 3340 830 vi
3374 787 3511 845 prae-

1910 883 2099 946 ditus,
2144 880 2292 953 quod
2346 877 2591 951 genitum
2641 882 2728 930 est
2770 871 3076 928 secundum
3115 866 3509 930 substantiam,

1909 991 2020 1031 non
2054 981 2140 1030 est
2169 972 2440 1045 genitum.
2480 984 2608 1024 cum
2644 966 2746 1022 toti
2780 964 2929 1020 illius
2952 960 3280 1018 substantiae
3307 975 3416 1012 non
3452 965 3511 1010 ut

1909 1075 2227 1141 generetur,
2262 1064 2358 1122 sed
2389 1071 2450 1118 ut
2477 1067 2725 1134 generet,
2752 1056 2982 1113 insitum
3014 1053 3120 1108 sit.

1979 1179 2073 1237 IX.
2113 1179 2270 1246 Quod
2321 1178 2368 1234 si
2425 1176 2480 1230 in
2537 1175 2701 1229 aliam
2750 1171 2983 1226 formam
3029 1170 3362 1220 commutata
3412 1157 3508 1214 Dei

1911 1273 2225 1332 substantia
2269 1269 2488 1326 soboles
2537 1266 2765 1328 dicitur,
2812 1277 2924 1318 non
2974 1259 3080 1315 erit
3129 1257 3220 1312 illa
3257 1255 3374 1324 ipsa
3415 1251 3509 1306 Dei

1912 1365 2225 1422 substantia
2279 1361 2605 1417 mutationis
2649 1370 2887 1427 expers,
2933 1367 3061 1408 cum
3113 1349 3338 1421 propria
3387 1344 3510 1402 Filii

1913 1456 2163 1514 conditio
2195 1455 2506 1510 mutatione
2535 1449 2841 1507 constituta
2871 1446 2966 1502 sit.

1985 1566 2055 1622 Χ.
2101 1564 2259 1633 Quod
2321 1562 2370 1617 si
2424 1560 2607 1616 divina
2669 1554 2981 1614 substantia
3041 1550 3363 1606 mutationis
3425 1557 3512 1604 est

1914 1659 2099 1714 omnis
2140 1669 2364 1726 expers,
2409 1659 2464 1707 et
2510 1649 2869 1721 generatione
2919 1645 3194 1715 superior,
3240 1641 3510 1712 quidquid

1916 1751 1984 1806 ad
2009 1748 2210 1804 Filium
2239 1745 2497 1818 pertinet,
2533 1742 2651 1799 sola
2679 1740 2948 1795 duntaxat
2986 1735 3353 1808 appellatione
3384 1747 3512 1804 pro-

1918 1842 2223 1899 ﬁtebimur.

1757 1964 1818 2019 τὸ
1848 1947 1892 2004 Β
1989 1953 2084 2010 XI.
2128 1952 2186 2007 Si
2219 1951 2273 2007 in
2307 1949 2557 2022 ingenito
2600 1945 2712 2002 Deo
2742 1943 2926 2016 genita
2958 1941 3200 2007 soboles,
3241 1938 3392 1994 velut
3424 1952 3514 1995 sec

1916 2047 2065 2102 mine
2123 2043 2385 2116 quodam,
2437 2037 2862 2098 continebatur,
2919 2042 3046 2106 post
3105 2031 3515 2104 generationem

1916 2139 2102 2209 aliqua
2129 2151 2190 2190 re
2226 2133 2578 2191 extrinsecus
2603 2135 2910 2199 assumpta,
2959 2124 3284 2180 conﬁrmata
3329 2137 3519 2178 corro-

1917 2232 2222 2300 borataque
2256 2226 2440 2281 fuerit.
2475 2221 2844 2290 Quamobrem
2871 2225 2980 2273 neu
3013 2233 3081 2273 ex
3115 2217 3184 2273 iis
3211 2231 3334 2287 qua:
3360 2229 3521 2286 geneo

1916 2321 2130 2378 ratione
2181 2317 2415 2374 sortitus
2461 2323 2569 2372 est.
2617 2313 2716 2370 sed
2769 2327 2838 2368 ex
2877 2311 3047 2382 926
3095 2307 3356 2364 ascititiis
3405 2305 3517 2359 illis

1921 2414 2089 2470 habet
2129 2409 2326 2474 Filius,
2362 2416 2422 2463 ut
2466 2405 2749 2478 perfectus
2795 2403 3195 2472 absolutusque
3247 2397 3341 2453 sit.
3381 2395 3518 2450 Nam

1927 2519 2275 2582 quaecunque
2321 2500 2653 2558 naturaliter
2709 2497 3085 2554 accessionem
3129 2493 3373 2562 aliquam
3420 2505 3519 2545 ca-

208 2597 411 2708 piunt,
469 2639 655 2704 utpote
689 2645 756 2688 ex
787 2628 896 2684 illis
937 2625 1075 2698 ipsis
1115 2621 1451 2687 constituta,
1492 2611 1722 2690 perfecti
1773 2619 1976 2666 nomen
2003 2601 2224 2657 diversa
2269 2594 2509 2667 quadam
2555 2589 2771 2646 ratione
2806 2589 2986 2645 solent
3031 2585 3341 2640 admittere.

285 2748 388 2802 lB’.
429 2748 496 2800 Ei
526 2745 734 2799 τέλειον
765 2737 835 2814 ἦν
866 2741 1117 2811 γέννημα
1145 2739 1204 2792 ὲν
1226 2733 1531 2805 ἀγεννήτῳ,
1565 2724 1815 2799 γέννημά

210 2842 357 2902 ἐστι,
410 2837 505 2892 καὶ
547 2837 650 2890 οὐκ
699 2833 760 2899 ἐξ
806 2826 882 2888 ὧν
919 2833 949 2886 6
995 2830 1290 2901 ἀγέννητος
1320 2825 1453 2881 αὐτὸ
1499 2823 1811 2892 ἐγέννησεν.

211 2929 490 3002 Γεννητὴν
523 2928 634 3000 γὰρ
667 2925 830 2997 φύσιν
851 2925 911 2978 ὲν
941 2923 1226 2994 ἀγεννήτῳ
1254 2919 1412 2989 οὐσίᾳ
1455 2915 1558 2970 οὐκ
1605 2912 1816 2983 ἐνδέχε-

209 3043 307 3082 ται
337 3001 514 3078 εἶναι·
555 3021 616 3076 τὸ
642 3019 753 3091 γὰρ
781 3016 915 3072 αὐτὸ
947 3011 1089 3070 εἶναι
1117 3014 1180 3068 τέ
1220 3015 1357 3077 ἐστι,
1389 3010 1486 3064 καὶ
1538 3007 1614 3080 μὴ
1651 3001 1813 3060 εἶναι.

211 3119 474 3188 Γέννημα
495 3116 604 3186 γὰρ
639 3113 940 3182 ἀγέννητον
985 3109 1089 3162 οὐκ
1135 3105 1274 3172 ἐστι,
1305 3103 1402 3158 καὶ
1429 3100 1726 3170 ἀγέννητον
1758 3094 1818 3149 ὃν

1995 2711 2115 2770 Χιι.
2157 2710 2217 2766 Si
2263 2705 2508 2781 perfecta
2535 2704 2592 2759 in
2623 2701 2874 2772 ingenito
2911 2697 3098 2771 genita
3131 2694 3350 2752 soboles
3377 2699 3523 2757 erat,

1922 2809 2109 2882 genita
2143 2803 2365 2862 soboles
2392 2806 2481 2855 est
2509 2812 2623 2853 non
2651 2811 2718 2852 ex
2754 2795 2846 2858 iis,
2871 2806 2995 2864 quae
3025 2805 3150 2846 cum
3183 2789 3254 2843 ab
3277 2783 3521 2858 ingenito

1921 2876 2240 2975 gigneretur
2275 2891 2544 2950 obtinuit.
2578 2887 2716 2944 Nam
2748 2885 2934 2958 genita
2963 2889 3162 2939 natura
3193 2881 3250 2934 in
3277 2876 3522 2950 ingenita

1923 2969 2238 3053 substantia
2265 3003 2391 3046 esse
2411 3000 2526 3041 non
2558 2989 2744 3056 potest
2769 2999 2786 3048 ;
2825 2987 2975 3038 esset
3000 2978 3147 3034 enim
3175 2973 3341 3030 simul
3377 2969 3522 3026 idem

1925 3103 1980 3147 et
2009 3103 2121 3144 non
2150 3091 2319 3142 esset.
2372 3078 2511 3134 Nam
2557 3075 2707 3148 quod
2755 3074 3006 3146 genitum
3055 3075 3160 3135 est,
3219 3062 3523 3135 ingenitum

211 3154 474 3282 γέννηὲ
495 3154 598 3263 66;:
624 3154 716 3279 ﬁv‘,
746 3154 843 3259 τοῖς
871 3201 1128 3275 ἀνομοίου
1479 3154 1631 3248 Θεοῦ.
1649 3191 1815 3264 βλασ-

1944 3199 2042 3238 aon
2071 3188 2179 3244 est,
2207 3186 2262 3234 et
2297 3173 2446 3247 quod
2477 3169 2783 3243 ingenitum
2825 3173 2933 3230 est,
2976 3163 3220 3234 genitum
3252 3173 3363 3215 non
3397 3154 3523 3210 fuit.

1944 3275 1959 3282 -
2016 3275 2027 3282 .
2205 3271 2239 3282 ..
2311 3268 2322 3279 .
2567 3262 2803 3282 mw“.
2859 3258 2967 3282 ,ιη
3004 3262 3212 3282 “Nam
3249 3250 3504 3282 nmmo“

214 3305 436 3380 φημίας
467 3303 639 3359 τύπον
667 3302 763 3355 καὶ
794 3298 954 3371 ὓϐριν
986 3294 1302 3365 ἐπέχοντος.

293 3574 396 3629 1Γ’.
435 3573 501 3627 El.
532 3570 828 3643 ἀγεννήτω
858 3565 1074 3638 φύσεως
1103 3561 1366 3633 ὑπάρχων
1395 3560 1423 3612 6
1450 3556 1584 3618 Θεὸς
1613 3555 1642 3608 6
1678 3570 1819 3607 παν-

1922 3275 2143 3345 Quippe
2187 3265 2516 3328 dissimilem
2564 3262 2806 3330 aliquam
2859 3258 2970 3313 Deo
3003 3262 3214 3327 partem
3247 3250 3526 3318 aﬂingere,

1917 3343 2194 3424 maledicti
2225 3362 2283 3414 in
2331 3355 2578 3415 divinum
2628 3351 2842 3406 Numen
2892 3361 2958 3402 ac
3005 3343 3354 3400 contumelia:
3401 3354 3528 3411 spe-

1918 3461 2066 3516 ciem
2101 3451 2348 3526 praefert.

1997 3520 2137 3606 Xlll.
2193 3545 2252 3600 Si
2302 3541 2546 3614 ingenita
2599 3544 2795 3594 natura
2839 3522 3102 3603 praeditus
3155 3525 3301 3581 Deus
3347 3520 3528 3579 omni-

218 3667 534 3740 τοκράτωρ,
579 3620 848 3736 γεννητέγς
870 3620 1098 3729 ’φύσεως
1143 3620 1413 3710 οὺδϊοῖδεν
1457 3649 1669 3712 ἑαυτὸν,
1703 3648 1731 3700 6
1763 3644 1820 3698 δὲ

1944 3650 2118 3699 ιοιοηε
2167 3637 2366 3712 genitae
2427 3641 2645 3690 natura:
2695 3624 3072 3684 conditionem
3134 3620 3190 3674 in
3242 3631 3366 3673 sese
3415 3627 3531 3670 non

2135 3731 2146 3740 ‘
2248 3729 2347 3740 ·“···
2706 3723 2898 3740 ηεμέ.
2965 3723 3221 3740 ..-ιη-η...
3283 3709 3493 3740 ιωιιηη,

222 3734 380 3824 Υἱὸς,
431 3734 698 3826 γέννητῆς
733 3734 961 3821 -φύσεως
1010 3745 1306 3817 ὑπάρχων,
1359 3738 1520 3794 τοῦτο
1562 3734 1822 3806 γινώσκει

224 3824 453 3915 ἑαυτὸν,
470 3824 608 3920 ὅπερ
637 3843 775 3899 ἐστί’
811 3841 930 3906 πῶς
955 3841 1058 3895 οὐκ
1086 3839 1152 3893 ἂν
1182 3835 1270 3906 εἴη
1286 3834 1348 3889 τὸ
1365 3829 1656 3904 ὁμοούσιον
1686 3824 1824 3898 ψεῦ-

224 3949 342 4010 δος.
369 3943 463 3998 τοῦ
515 3919 614 4014 μὲν
654 3936 1017 4009 γινώσκοντος
1049 3929 1241 3986 ἑαυτὸν
1285 3927 1601 3997 ἀγέννητον,
1634 3921 1731 3976 τοῦ
1766 3919 1825 3973 δὲ

227 4035 491 4109 γεννητόν
515 4051 530 4103 ;

233 4419 269 4472 6
516 4410 607 4465 διὰ
651 4409 753 4479 τὴν
800 4405 1098 4474 ἀγέννητον
1139 4398 1383 4452 ἐπίνοιαν
1423 4394 1524 4464 τὴν
1559 4387 1832 4462 ὑπεροχὴν

231 4713 252 4728 ο
313 4691 420 4745 ιε’.
459 4689 523 4742 El
571 4685 771 4752 ἔξωθεν
799 4680 1187 4752 ὲπιθεωρεῖται
1228 4674 1308 4746 τῷ
1353 4667 1475 4740 Θεῷ
1520 4663 1836 4752 ἀγέννητον,

237 4788 292 4843 ot
343 4749 820 4851 ἐπιθεωρησαντες
852 4773 946 4828 τοῦ
1001 4749 1471 4839 ἐπιθεωρηθέντος
1503 4757 1640 4851 είσὶν
1683 4749 1841 4851 ἀμεί-

239 4893 409 4940 νους,
463 4837 712 4942 κρέίττον
773 4837 944 4935 ὄνομα
993 4861 1093 4931 τῆς
1145 4837 1364 4929 φύσεως
1413 4846 1562 4918 αὐτῷ
1614 4837 1842 4912 πορισά-

245 4985 424 5044 μενοι.

324 5062 421 5127 ις’
501 5057 564 5112 Et
617 5056 692 5127 μὴ
747 5049 876 5123 εῐκῃ
931 5045 967 5118 ἡ
1030 5043 1326 5112 άγέννητος
1389 5025 1844 5127 φύσις-γενέσει,

242 5119 398 5207 τοῦθ
429 5150 578 5202 ἔστιν
657 5119 896 5213 λέγεται.
932 5139 996 5193 Εἰ
1021 5135 1079 5190 δὲ
1113 5135 1238 5204 εῐκῃ
1259 5128 1492 5199 γενέσει,
1530 5121 1598 5177 τά
1625 5119 1729 5213 τῆς
1755 5134 1848 5186 γε-

249 5247 458 5308 νέσεως
489 5239 640 5310 πάθη
669 5239 768 5308 τῆς
792 5230 1144 5290 ὑποστάσεως
1171 5223 1268 5280 τοῦ
1309 5218 1444 5276 Θεοῦ
1489 5216 1574 5287 εἴη
1601 5212 1844 5284 ἄμεινον.

327 5420 430 5474 lZ'.
473 5417 531 5471 Ei
605 5413 665 5468 τὸ
714 5411 964 5482 γέννημα
1015 5404 1287 5476 ἄτρεπτον
1335 5395 1435 5467 τὴν
1489 5391 1654 5463 φύσιν
1709 5385 1847 5449 ἐστὶ,

249 5513 348 5570 διὰ
377 5511 469 5563 τὸν
492 5478 852 5577 γεννήσαντα,
870 5478 942 5554 τὸ
983 5496 1277 5566 ἀγέννητον
1305 5488 1466 5544 οὐσία
1509 5483 1657 5539 ἐστὶν
1690 5478 1850 5548 ἄτρει

254 5622 419 5670 πτος,
448 5574 515 5656 οὐ.
549 5574 653 5654 διά
681 5595 932 5667 γνώμην,
967 5589 1104 5646 άλλά
1129 5586 1217 5641 διὰ
1248 5583 1308 5638 τὸ
1341 5584 1399 5636 ὲν
1427 5577 1585 5647 οὐσίᾳ
1608 5574 1852 5644 ἀξίωμα.

338 5873 450 5930 lll'.
491 5872 555 5926 ΕΞ
592 5869 648 5925 τὸ
702 5868 1000 5940 ἀγέννητον
1049 5857 1238 5924 οὐσίας
1281 5855 1397 5912 ἐστὶ
1435 5849 1754 5924 δηλωτικὸν,
1782 5849 1857 5902 εἰ·

1922 3709 2214 3806 Ᾰεοοεοὶῑξ
2248 3729 2422 3785 Filius
2452 3741 2606 3792 vero,
2659 3723 2903 3796 genitam
2965 3723 3224 3772 naturam
3283 3709 3522 3773 habens,

1925 3798 2206 3897 eiusmodi
2239 3836 2321 3887 se,
2353 3818 2537 3891 qualis
2564 3825 2672 3882 est,
2716 3809 2991 3883 agnoscit,
3043 3819 3230 3861 nonne
3273 3809 3392 3856 tota
3439 3798 3534 3853 illa

1927 3896 2424 3975 consubstantialis
2473 3911 2619 3966 ratio
2671 3903 2912 3961 mendax
2960 3910 3047 3957 est
3076 3914 3142 3954 ac
3198 3896 3362 3957 falsa,
3405 3905 3535 3948 cum

1927 4013 2066 4069 alter
2096 4009 2400 4081 ingenitum
2436 4018 2580 4069 sese,
2618 3999 2867 4071 genitum
2901 3995 3041 4049 alter
3071 3994 3344 4062 agnoscat
3369 3986 3394 4039 ?

2006 4076 2257 4158 XIV.—Si
2306 4095 2540 4168 ingeniti
2589 4107 2695 4148 vox
2739 4089 2836 4145 Dei
2890 4082 3261 4144 substantiam
3310 4076 3540 4132 minime

1935 4191 2250 4265 signiﬁcat,
2288 4167 2387 4244 sed
2420 4179 2858 4252 incomparabile
2907 4174 3044 4232 illud
3094 4185 3295 4226 nomen
3329 4167 3400 4221 ab
3435 4167 3538 4220 hu-

1933 4256 2113 4342 manis
2163 4279 2401 4354 ingeniis
2448 4273 2999 4344 excogitatum'est,
3055 4263 3208 4318 Deus
3263 4258 3335 4313 ob
3387 4256 3538 4312 istud

1937 4380 2119 4449 ipsum
2153 4350 2381 4444 ingeniti
2406 4373 2781 4424 commentum
2818 4359 2912 4425 iis,
2942 4357 3038 4428 qui
3066 4350 3388 4424 repet-crint,
3416 4361 3542 4417 gra-

1939 4439 2030 4525 tiae
2069 4439 2285 4522 debitor
2314 4468 2422 4526 est,
2485 4471 2612 4514 cum
2660 4461 2818 4510 tanto
2860 4448 3068 4505 nomini
3117 4439 3538 4514 respondentem

1867 4551 1912 4606 ι)
1939 4557 2323 4619 excellentiam
2355 4554 2412 4608 in
2449 4547 2693 4607 essentia
2725 4561 2826 4601 sua
2857 4557 2966 4597 non
3003 4538 3225 4595 habeat.

2012 4651 2131 4708 XV.
2175 4649 2234 4706 Si
2278 4644 2507 4718 ingeniti
2552 4639 2800 4698 conditio
2836 4635 2946 4691 Deo
2977 4631 3333 4690 extrinsecus
3377 4621 3539 4677 aliin-

1944 4749 2116 4820 gitur,
2148 4745 2243 4817 qui
2289 4716 2560 4811 attingunt
2587 4735 2639 4791 ei
2673 4733 2802 4805 ipsi,
2840 4731 2930 4786 cui
2965 4724 3260 4794 attingitur,
3295 4716 3540 4774 antecel-

1945 4841 2088 4903 lunt,
2138 4851 2265 4893 cum
2319 4809 2696 4904 praestantius,
2741 4838 2906 4896 quam
2955 4828 3153 4899 natura
3182 4815 3450 4886 patiatur,
3491 4809 3541 4864 ci

1946 4944 2150 4986 nomen
2183 4924 2513 4981 attribuant.

2020 5017 2163 5074 XVI.
2205 5015 2265 5071 Si
2297 5012 2541 5085 ingenita
2578 5009 2780 5062 natura
2823 4991 3165 5071 generationi
3199 4988 3423 5045 minime
3456 4998 3546 5040 ce-

1948 5114 2047 5178 dit,
2077 5075 2387 5172 habemus:
2394 5099 2542 5173 quod
2569 5097 2849 5152 volumus.
2882 5088 2979 5144 Sin
3001 5079 3344 5160 generationi
3363 5075 3545 5136 cedat,

1950 5171 2328 5278 generationis
2390 5171 2715 5248 aliectiones
2763 5181 2968 5237 divinae
3021 5171 3350 5233 substantia:
3404 5177 3546 5236 prae-

1951 5295 2196 5350 stabunt.

2024 5381 2188 5438 XVII.
2232 5379 2288 5433 Si
2315 5376 2504 5449 genita
2559 5370 2781 5428 soboles
2831 5373 3032 5422 natura
3073 5361 3144 5416 ob
3194 5359 3546 5428 generantem

1955 5441 2345 5532 immutabilis-
2364 5478 2486 5534 est,
2538 5464 2686 5537 quod
2739 5459 3044 5532 ingenitum
3094 5459 3203 5516 est,
3242 5441 3550 5505 substantia

1958 5567 2209 5641 quaedam
2243 5559 2604 5619 immutabilis
2638 5566 2744 5617 est.
2783 5569 2897 5609 non
2934 5545 3192 5605 arbitrio,
3236 5546 3331 5593 aut
3359 5534 3554 5589 volun-

1961 5624 2072 5720 t'ate
2115 5659 2491 5729 cujusquam,
2562 5651 2659 5708 sed
2717 5648 2884 5704 insita
2937 5637 3175 5713 quadam
3230 5624 3555 5690 substantia:

1963 5751 2249 5822 dignitate.

2039 5807 2216 5900 Ξίγιιι.
2289 5839 2348 5896 Si
2402 5833 2634 5909 ingeniti
2683 5846 2789 5887 vox
2848 5822 3210 5884 substantiam
3269 5807 3556 5884 exprimit,
