3988 6452
520 453 627 516 539

1922 450 1979 508 S.
2022 450 2367 508 ΕΡΙΡΠΑΝΙΙ
3662 460 3738 517 su

516 542 718 624 merito
747 564 817 621 ab
850 563 1018 636 geniti
1065 564 1380 621 substantia
1426 566 1577 620 velut
1620 566 1926 621 membrum
1972 569 2108 623 divi—

2227 568 2389 630 ιιότως
2418 563 2555 637 πρὸς
2591 567 2690 639 τὴν
2719 565 2811 621 τοῦ
2850 568 3188 639 γεννήματος
3215 566 3409 622 οὐσίαν
3440 568 3746 627 ἀντιδιαστέλ-

520 658 698 715 sionis
728 658 1043 728 oppositum
1069 659 1431 714 discernitur.
1476 657 1576 713 Sin
1605 669 1789 713 autem
1818 660 1950 714 nihil
1989 675 2107 715 om-

520 750 654 807 nino
710 750 1044 805 vocabulum
1098 748 1233 805 iilud
1286 751 1514 822 ingeniti
1572 752 1875 823 signiﬁcat,
1936 754 2109 809 multo

2211 659 2382 711 λεται.
2436 657 2500 711 EI
2536 657 2595 710 δὲ
2642 657 2809 729 μηδὲν
2837 656 3095 728 σημαίνει
3141 655 3206 710 τὸ
3257 657 3566 727 ἀγέννητον,
3607 659 3747 731 πολλῷ

2215 749 2414 820 μᾶλλον
2441 749 2592 804 οὐδὲν
2624 748 2776 822 δηλοῖ
2796 747 2859 803 τὸ
2883 748 3152 820 γέννημα.
3192 747 3403 820 Μηδενὶ
3442 747 3596 820 μηδὲν
3619 749 3634 781 ί
3660 750 3747 817 πῶς

521 842 707 898 minus
754 842 922 911 geniti
978 857 1082 897 vox
1137 844 1347 913 aliquid
1399 845 1676 915 exprimit.
1730 843 1878 899 Nihil
1923 856 2107 901 autem

2227 840 2647 923 ἱντιδιασταὶεείη
2667 856 2683 906 ς

519 933 803 1005 quomodo
840 933 1012 987 nihilo
1041 933 1099 988 in
1131 933 1401 990 divisione
1428 934 1827 1006 respondebit?

593 1025 739 1081 XIX.
782 1025 942 1093 Quod
988 1025 1037 1080 si
1091 1027 1209 1106 ipsa
1248 1027 1475 1096 ingeniti
1530 1027 1907 1098 pronuntiatio
1938 1022 2107 1098 927

522 1114 966 1188 pronuntiationi
1016 1116 1185 1187 geniti
1237 1116 1569 1187 apponitur,
1623 1130 1746 1171 cum
1807 1117 2107 1171 secundum

522 1206 1037 1276 pronuntiationem
1086 1208 1366 1263 silentium
1423 1209 1812 1279 subsequatur,
1841 1206 2114 1263 Christia-

527 1312 727 1352 norum
778 1312 906 1369 spes
948 1298 1111 1353 modo
1142 1301 1394 1365 exsistet,
1443 1301 1607 1355 modo
1630 1316 1755 1358 esse
1787 1301 2027 1367 desinet,
2054 1302 2114 1356 in

525 1388 745 1445 diversa
772 1391 1220 1460 pronuntiatione
1249 1392 1423 1461 posita
1448 1409 1464 1458 ;
1501 1407 1613 1446 non
1638 1393 1691 1446 in
1720 1393 1963 1459 naturis,
1995 1408 2118 1464 qua:

528 1481 607 1536 ita
653 1496 774 1537 sese
821 1482 1088 1546 habeant,
1139 1484 1601 1552 quemadmodum
1656 1486 1943 1542 nominum
1997 1487 2117 1557 ipsa

526 1574 859 1645 signiﬁcatio
887 1574 1150 1631 declarat.
1638 1596 1641 1599 π

601 1665 716 1720 XX.
763 1664 1158 1737 Si-ingenitum
1200 1667 1336 1722 nihil
1380 1669 1449 1724 ad
1502 1670 1831 1728 substantiae
1880 1672 2121 1744 dignita-

528 1762 638 1809 tem
690 1756 931 1825 amplius
974 1757 1211 1820 confert,
1258 1773 1424 1828 quam
1456 1760 1723 1828 genitum,
1775 1759 1952 1816 Filius
1996 1763 2120 1817 sola

530 1846 786 1901 vocabuli
840 1849 1287 1917 pronuntiatione
1351 1860 1645 1920 superatus
1701 1854 2119 1922 prazstautiores

2283 1024 2383 1080 IG’.
2415 1025 2479 1079 EI
2510 1024 2569 1079 δὲ
2614 1025 2649 1096 ἡ
2698 1022 2994 1097 ἀγέννητος
3023 1021 3276 1094 προφορά
3307 1014 3446 1093 πρὸς
3477 1024 3570 1093 τὴν
3604 1038 3754 1094 γεννη-

2211 1117 2312 1188 τὴν
2342 1114 2624 1187 προφορὰν
2654 1115 3171 1179 ἀντιδιαστέλλεται,
3205 1114 3423 1184 σιωπῆς
3464 1114 3558 1184 τὴν
3595 1114 3757 1183 ὑποφο-

2218 1209 2319 1280 ράν
2368 1207 2777 1279 ὃιαδεχομὲνης,
2822 1206 3082 1276 γίνεσθαι
3137 1205 3433 1277 συμϐαίνει
3474 1206 3562 1258 καὶ
3605 1206 3757 1274 ἀπογί-

2215 1301 2402 1355 νεσθαι
2446 1299 2548 1372 τὴν
2605 1297 2714 1354 τῶν
2775 1298 3114 1369 Χριστιανῶν
3170 1296 3396 1362 ἐλπίδα,
3454 1298 3512 1350 ὲν
3564 1297 3761 1370 διαφόρῳ

2218 1394 2471 1465 προφορᾷ
2501 1393 2784 1464 κειμένηνς
2816 1391 2934 1446 ἀλλ’
2954 1391 3056 1445 οὐκ
3084 1391 3147 1445 ὲν
3188 1390 3420 1460 φύσεσιν
3451 1388 3614 1453 οὕτως
3644 1390 3761 1461 ἑχού-

2221 1500 2361 1550 σαις,
2393 1484 2469 1547 ὡς
2504 1484 2538 1554 ἡ
2567 1481 2679 1536 τῶν
2709 1481 2991 1553 ὀνομάτων
3024 1479 3285 1562 βούλεται.
3318 1479 3580 1551 σημασία.

2291 1657 2375 1713 ις’.
2417 1658 2482 1712 EI.
2513 1656 2679 1729 μηδὲν
2713 1655 2877 1710 πλέον
2905 1654 3060 1726 νέμει
3086 1657 3170 1720 είς
3204 1653 3487 1727 ὑπεροχὴν
3526 1654 3691 1718 οὐσίας
3718 1654 3761 1709 νδ

2220 1748 2514 1820 ἀγέννητον
2559 1747 2696 1818 πρὸς
2731 1746 2794 1800 τὸ
2826 1746 3075 1818 γέννημα
3095 1785 3110 1810 ,
3152 1747 3415 1817 προφορᾷ
3442 1745 3596 1816 μόνον
3630 1747 3761 1816 ὐπερ-

2223 1837 2482 1908 εχόμενος
2505 1839 2534 1890 ὁ
2549 1836 2698 1901 Υἱὸς,
2716 1835 2963 1907 βελτίους
2988 1834 3184 1890 ἑαυτοῦ
3206 1834 3483 1906 γνώσεται
3498 1836 3614 1899 τοὺς
3637 1852 3765 1905 προσ-

528 1951 653 1992 sese
689 1939 1032 2009 appellantes
1060 1939 1211 2009 ipsos
1241 1952 1498 2011 agnoscet
1528 1960 1543 2009 ;
1582 1957 1690 1997 non
1722 1960 1870 2010 eum,
1907 1946 1999 2017 qui
2034 1948 2118 2018 ip-

2227 1928 2651 2001 αγορεύσαντας,
2685 1929 2747 1982 οὐ
2788 1928 2878 1982 τὸν
2922 1928 3446 2001 προσαγορευθέντα
3490 1927 3612 1982 Θεὸν
3637 1926 3762 1982 αὐτοῦ

529 2026 649 2084 sius
681 2028 826 2084 Dens
856 2032 1182 2101 appellatur,
1209 2040 1262 2086 et
1294 2031 1477 2088 Pater.

601 2118 744 2175 XXI.
791 2117 846 2176 Si
878 2123 1118 2193 ingenita
1159 2124 1468 2179 substantia
1500 2127 1843 2196 generationi
1876 2138 2119 2199 praestat,

536 2211 759 2267 insitam
787 2213 841 2267 in
870 2229 993 2269 sese
1030 2215 1239 2270 habens
1270 2216 1675 2283 cxvellentiam,
1707 2228 1901 2290 suapte
1928 2226 2125 2276 natura

532 2300 775 2371 ingenita
821 2312 906 2356 est
962 2303 1288 2358 substantia.
1347 2304 1536 2375 Neque
1584 2305 1729 2361 enim
1778 2309 1866 2363 cui
1904 2310 2122 2365 libitum

527 2396 636 2456 est,
666 2403 764 2459 pro
787 2405 854 2444 eo
886 2390 1032 2461 quod
1070 2391 1285 2446 libitum
1312 2398 1418 2456 est,
1448 2395 1787 2464 generationi
1814 2394 2119 2460 antecellit,

528 2478 627 2534 sed
676 2480 823 2550 quod
871 2481 945 2535 ita
996 2489 1191 2535 natura
1233 2494 1585 2552 comparatus
1632 2489 1738 2539 est.
1765 2482 1948 2551 Quare
1995 2498 2123 2538 cum

528 2567 678 2626 Deus
704 2585 801 2641 per
828 2584 953 2627 sese
983 2571 1227 2644 ingenita
1259 2572 1331 2629 sit
1366 2574 1699 2639 substantia,
1746 2575 1944 2629 rationi
1989 2575 2126 2631 nulli

532 2664 821 2734 permittit,
853 2664 957 2720 sibi
988 2672 1047 2719 ut
1079 2667 1488 2735 generationem
1517 2665 1777 2737 aliingat;
1820 2669 1917 2724 sed
1945 2668 2122 2751 inqui-

531 2754 788 2810 sitionem
814 2770 1035 2811 omnem
1077 2774 1143 2812 ac
1198 2760 1680 2816 ratiocinationem
1705 2758 1773 2817 ad
1800 2774 1888 2818 res
1918 2764 2128 2835 genitas

534 2847 796 2902 aruandat
820 2862 884 2902 ac
909 2848 1111 2918 reiicit.

606 2936 774 2997 XXII.
814 2938 877 2993 Si
905 2940 1129 3009 iugeniti
1165 2956 1267 2997 vox
1306 2943 1667 3013 privationem
1696 2944 1752 3000 in
1782 2944 1894 3003 Deo
1918 2947 2130 3019 signiti-

528 3040 648 3099 cat,
694 3046 877 3103 neque
918 3033 1219 3103 quidquam
1252 3034 1482 3091 omnino
1518 3036 1590 3091 sit
1626 3037 1953 3109 ingenitum,
1983 3056 2132 3111 qua:-

535 3138 665 3179 nam
707 3127 851 3179 ratio
892 3126 962 3181 ab
999 3141 1088 3193 eo,
1134 3127 1282 3197 quod
1312 3142 1419 3182 nou
1468 3134 1586 3195 est,
1634 3130 1773 3185 nihil
1826 3131 2001 3202 possit
2028 3148 2130 3188 au-

2227 2022 2320 2073 i'cai.
2352 2018 2594 2091 Πατέρα.

2300 2113 2433 2166 KA'.
2474 2111 2539 2165 Ei
2580 2110 2614 2182 ὴ
2660 2110 2959 2182 ἀγέννητος
2989 2110 3148 2165 οὐσία
3195 2112 3474 2184 κρείττων
3514 2111 3621 2165 ἐστὶ
3646 2112 3763 2179 γενέ-

2229 2218 2387 2268 σεως,
2416 2202 2629 2257 οἴκοθεν
2658 2200 2859 2272 ἔχουσα
2894 2201 2956 2255 τὺ
2996 2205 3249 2275 κρεῖττον
3277 2205 3434 2268 αὐτὸ,
3471 2202 3618 2257 οὐσία
3653 2204 3764 2257 ἐστὶν

2227 2293 2541 2363 ἀγέννητος.
2573 2293 2649 2346 Οὐ
2682 2293 2793 2364 γὰρ
2824 2291 3175 2363 βουλόμενος,
3217 2294 3306 2348 ὅτι
3344 2294 3615 2365 βούλεται,
3652 2293 3765 2362 γενέ-

2216 2382 2369 2448 ’σεώς
2413 2382 2529 2436 ἐστι
2581 2384 2887 2456 κρείττων,
2932 2383 3047 2438 ἀλλ’
3087 2383 3170 2438 ὅτι
3221 2385 3488 2455 πέφυκεν.
3532 2385 3657 2439 Αὐτὸ
3696 2384 3765 2437 οὖν

2222 2476 2553 2548 ὑπάρχουσα
2606 2476 2767 2530 οὐσία
2819 2474 3114 2549 ἁγέννητος
3161 2480 3191 2533 ὁ
3236 2479 3378 2543 Θεὸς
3399 2518 3415 2543 ,
3456 2477 3619 2533 οὐδενί
3658 2477 3763 2546 λόγῳ

2229 2571 2518 2644 ἐπιτρέπει
2568 2572 2689 2626 καθ’
2739 2573 2938 2644 ἑαυτῆς
2987 2574 3204 2642 γένεσιν
3248 2574 3560 2645 ἐπινοῆσαι,
3599 2570 3765 2624 ὠθοῦσα

2230 2665 2491 2738 φέρεσθαι
2545 2665 2687 2720 κατά
2728 2664 2837 2720 τῶν
2872 2666 3147 2738 γεννητῶν
3188 2668 3378 2721 πᾶσαν
3440 2665 3664 2735 ἐξέτασιν
3698 2662 3764 2716 καὶ

2229 2760 2416 2814 πάντα
2444 2758 2729 2830 λογισμόν.
2795 2780 2804 2791 ·

2301 2946 2432 3002 KB'.
2470 2947 2533 3000 Ei
2575 2943 2890 3016 στερήσεώς
2937 2945 3056 2998 ἐστι
3096 2943 3403 3016 δηλωτικὸν
3446 2944 3536 2998 ἐπὶ
3578 2941 3694 2996 Θεού
3724 2940 3767 2993 τὸ

2229 3040 2547 3109 ἀγέννητον,
2586 3037 2754 3108 μηδὲν
2786 3035 2845 3089 δὲ
2872 3037 2961 3106 εἴη
2996 3036 3059 3089 τὸ
3100 3037 3403 3109 ἀγέννητον
3423 3052 3437 3067 ·
3486 3038 3623 3098 ποῖος
3650 3032 3766 3099 λόγος

2232 3130 2299 3184 ἂν
2337 3127 2655 3201 ἀφαιρέσεις
2698 3126 2795 3181 τοῦ
2837 3125 2913 3198 μὴ
2947 3126 3100 3191 ὃντος
3144 3129 3361 3200 μηδέν;
3402 3130 3466 3181 Εἰ
3513 3127 3567 3181 δὲ
3601 3126 3654 3178 ὃν
3693 3140 3766 3192 ση-

536 3215 723 3273 ferre?
758 3216 858 3272 Sin
897 3218 1172 3274 exsistens
1210 3219 1496 3290 quidpiam
1541 3230 1738 3287 sonat,
1780 3223 1907 3294 quis
1948 3223 2017 3279 ab
2059 3238 2126 3280 eo

2232 3220 2413 3291 μαίνει
2429 3254 2448 3284 ,
2492 3218 2577 3282 τίς
2625 3217 2693 3273 ἂν
2728 3218 3002 3290 χωρήσειε
3034 3218 3192 3283 sm;
3227 3221 3373 3291 ὅπερ
3401 3218 3546 3272 ἐστὶν
3579 3216 3692 3271 αὐτό
3719 3229 3765 3285 γε

534 3306 687 3379 quod
734 3316 844 3377 est,
892 3308 1135 3381 idipaum
1177 3311 1326 3383 quod
1352 3319 1462 3380 est,
1511 3312 1619 3371 hoc
1654 3321 1741 3372 est
1776 3315 1960 3388 ipsum
1991 3331 2023 3373 a
2052 3332 2135 3376 so-

536 3401 775 3472 metipso
802 3404 1097 3460 secernat?

610 3492 804 3553 XXIII.
844 3493 983 3551 Cum
1035 3496 1374 3568 privationes
1403 3498 1713 3558 ablationes
1745 3501 1856 3558 sint
1890 3500 2133 3559 ali‘ectio‘

536 3601 694 3652 num,
745 3586 892 3660 quod
947 3589 1003 3645 in
1050 3589 1162 3646 Deo
1192 3599 1277 3647 est
1307 3592 1638 3664 ingenitum,
1688 3595 1773 3650 vel
1827 3594 2135 3653 ali‘ectionis

538 3680 773 3751 privatio
812 3688 919 3747 est,
959 3683 1047 3739 vel
1085 3682 1303 3740 adeotio
1340 3686 1635 3756 privationi
1670 3689 1969 3745 contraria.
2028 3689 2135 3762 Igi-

502 3774 633 3827 'tur
665 3773 713 3830 si
747 3773 1056 3831 aﬂ‘ectionis
1103 3776 1339 3845 privatio
1390 3787 1498 3842 est,
1554 3780 1831 3849 quomodo
1880 3780 1935 3836 id
1986 3780 2133 3855 quod

539 3879 655 3921 non
677 3866 828 3922 inest
848 3864 963 3923 Deo
992 3872 1256 3937 tanquam
1288 3868 1422 3925 insit
1446 3870 1709 3926 tribuitur
1736 3871 1762 3926 ι

610 3956 807 4012 XXIV.
848 3959 920 4012 At
952 3958 1000 4014 si
1027 3957 1246 4014 οπεοιίο
1272 3961 1523 4031 quaedam
1554 3970 1641 4019 est
1666 3962 1995 4035 ingenitum,
2032 3978 2131 4039 ge-

541 4051 714 4106 nitam
748 4050 1121 4107 substantiam
1171 4053 1441 4110 exsistere
1483 4063 1633 4121 ante,
1684 4071 1750 4112 ac
1801 4058 1950 4114 velut
2002 4060 2133 4117 sub—

542 4140 713 4197 sterni
752 4155 981 4199 necesse
1025 4148 1132 4207 est,
1183 4152 1244 4198 ut
1289 4143 1578 4203 affectione
1610 4146 1701 4203 illa
1731 4148 1801 4205 ad
1826 4164 1948 4206 eam
1981 4162 2138 4208 acce-

541 4231 727 4299 dente,
752 4232 992 4304 ingenita
1021 4234 1352 4294 nominetur.

612 4318 784 4378 XXV.
826 4320 885 4376 Si
913 4337 1045 4378 vero
1091 4324 1276 4395 genita
1325 4324 1643 4383 substantia
1676 4327 1938 4401 ingenitae
1959 4332 2136 4402 parti-

539 4428 674 4486 ceps
734 4414 860 4483 fuit,
920 4414 1229 4473 all‘ectionis
1274 4418 1494 4488 jactura
1557 4420 1697 4477 facta
1763 4423 2135 4481 conditionem

541 4510 729 4582 amisit
777 4511 1028 4582 ingeniti.
1081 4510 1265 4579 Quare
1310 4513 1623 4571 substantia
1675 4515 1895 4587 quidem
1951 4519 2135 4591 genita

539 4601 730 4671 fuerit,
757 4602 1064 4674 ingenitum
1098 4611 1280 4661 autem
1311 4604 1547 4662 all'ectio.

592 4680 805 4750 XXVI.
844 4694 1011 4762 Quod
1036 4696 1083 4754 si
1116 4697 1298 4768 genita
1344 4698 1564 4755 soboles
1611 4701 1911 4757 transitum
1943 4716 2138 4772 quem-

541 4784 666 4843 dam
700 4787 996 4858 signiticat,
1047 4803 1159 4843 non
1204 4789 1433 4845 dubium
1477 4796 1560 4846 est
1598 4790 1947 4848 ati'ectionem
1996 4793 2138 4849 indi-

540 4893 671 4937 care
704 4886 937 4950 certam,
993 4880 1109 4938 sive
1139 4881 1391 4954 lqnadam
1419 4897 1451 4938 e
1480 4882 1790 4939 substantia
1834 4885 2138 4942 mutatione

543 4971 887 5036 conformata
930 4973 1025 5045 sit,
1059 4974 1178 5032 sive
1207 4974 1314 5031 hoc
1349 4976 1526 5048 ipsum
1562 4983 1647 5033 est
1678 4977 1860 5050 genita
1892 4978 2133 5047 soboles,

543 5061 690 5133 quod
720 5063 953 5120 dicitur.

618 5150 830 5209 XXV-ll.
876 5152 935 5210 Si
956 5162 1070 5212 tam
1095 5154 1422 5230 ingenitum,
1451 5170 1615 5231 quam
1645 5160 1887 5232 genitum
1922 5160 2138 5219 aﬂ‘ectio

546 5243 656 5312 sit;
689 5245 1016 5302 substantiae
1043 5250 1263 5318 quidem
1299 5251 1683 5309 affectionibus
1716 5253 1973 5325 priores;
2005 5255 2139 5311 alie-

545 5336 758 5395 ctiones
788 5352 954 5409 porro
979 5337 1148 5409 9.28
1189 5349 1249 5394 ut
1285 5341 1612 5401 substantiis
1657 5346 2014 5417 posteriores,
2056 5346 2139 5404 sic

544 5428 740 5487 iisdem
774 5430 1169 5501 anteponenda:
1200 5429 1422 5492 fuerint.

618 5520 862 5578 XXVIII.
914 5521 973 5579 Si
1030 5524 1335 5596 ingenitum
1379 5526 1547 5597 geniti
1595 5542 1766 5586 causa
1816 5537 1920 5595 est,
1973 5531 2137 5602 eique

547 5613 766 5669 confert
813 5621 873 5667 ut
916 5614 1187 5679 exsistat;
1232 5614 1476 5684 genitum
1511 5631 1643 5673 vero
1686 5633 1912 5676 causam
1961 5620 2134 5691 ipsam

548 5701 877 5774 substantia:
920 5717 1034 5759 sua:
1078 5704 1301 5761 notione
1334 5705 1829 5775 comprehenderis,
1877 5708 2139 5765 substan-

617 5853 739 5925 ειν.
777 5852 1043 5923 μηδενὶδὲ
1067 5860 1263 5933 μηδὲν..
1336 5861 1355 5893 ²
1394 5857 1530 5919 Yidc
1550 5861 1690 5919 infra
1726 5863 1780 5920 in
1806 5860 2045 5921 “eiulat.
2080 5863 2170 5918 Ἣ.

2234 3310 2403 3366 αὐτοῦ
2424 3328 2440 3378 ;

2305 3489 2433 3544 Kl".
2476 3489 2542 3545 EI
2586 3488 2646 3544 αἱ
2678 3490 2964 3562 στερήσεις
3005 3486 3173 3556 ἕξεων
3209 3488 3352 3542 εἰσιν
3394 3477 3763 3558 ἀφαιρέσεις,τδ

2233 3582 2329 3635 ἐπὶ
2377 3582 2514 3636 Θεοῦ
2547 3579 2845 3654 ἀγέννητον
2888 3583 3009 3653 ἦτοι
3066 3581 3330 3653 στέρησίς
3383 3583 3527 3635 ἐστιν
3555 3571 3761 3643 “animi

2234 3672 2349 3740 ἕξις
2383 3675 2715 3746 στερήσεως.
2761 3673 2901 3728 Ἀλλ’
2933 3677 2984 3728 εί
3020 3675 3120 3747 μὲν
3153 3674 3417 3748 στέρησίς
3459 3673 3598 3725 ἐστιν
3620 3666 3761 3732 ἕξεως,

2237 3766 2356 3831 πῶς
2404 3766 2470 3821 ἂν
2518 3766 2581 3821 τὸ
2643 3766 2719 3839 μὴ
2750 3769 2976 3839 -προσὸν
3032 3770 3113 3839 τῷ
3161 3767 3290 3840 Θεῷ
3348 3762 3762 3839 συναριθμηθήσε·

2234 3875 2323 3913 ται
2344 3876 2360 3926 ;

2307 3950 2435 4005 KA'.
2477 3951 2542 4005 EI
2571 3950 2630 4005 δὲ
2668 3949 2783 4018 ῑξις
2808 3952 2928 4006 ἐστὶ
2969 3952 3030 4006 τὸ
3060 3952 3386 4026 ἀγέννητον,
3434 3952 3630 4020 ἀνάγκη
3663 3957 3762 4014 προ·

2238 4044 2539 4100 ὕποοέσθαι
2571 4045 2837 4118 γεννητὴν
2875 4045 3089 4114 οὐσίαν,
3118 4047 3186 4103 ἶν’
3210 4046 3410 4113 οὕτως,
3448 4044 3554 4111 ἕξιν
3576 4036 3762 4112 «90611-

2237 4138 2429 4208 δοῦσα,
2456 4140 2757 4213 ἀγέννητος
2789 4140 3147 4214 ὀνομάζηται.

2308 4319 2441 4373 KE'.
2479 4320 2543 4373 Ei
2571 4319 2630 4374 δὲ
2657 4321 2692 4392 ἡ
2716 4321 2953 4394 γεννητὴ
2991 4323 3292 4395 ἀγεννήτου
3321 4322 3508 4387 οὐσίας
3536 4317 3757 4393 μετέσχεν

2237 4410 2404 4477 ἕξεως
2435 4413 2781 4483 ὑπομείνασα
2818 4414 3114 4488 ἀποόολὴν,
3142 4418 3473 4489 ἀγεννησίας
3507 4413 3755 4483 ἐστέρηται·

2242 4502 2342 4574 nn;
2390 4501 2457 4556 ἂν
2505 4498 2601 4557 οὖν
2647 4503 2807 4559 οὐσία
2855 4505 2954 4577 μὲν
2998 4509 3271 4582 γεννητὴ,
3321 4506 3385 4563 τὸ
3429 4507 3484 4562 δὲ
3524 4502 3757 4573 ἀγέννητον

2165 4574 2210 4629 D
2239 4593 2369 4659 ἕξις.

2312 4688 2458 4755 KG’.
2500 4688 2562 4741 Ei
2596 4687 2655 4741 δὲ
2691 4688 2756 4742 τὸ
2784 4689 3032 4762 γέννημα
3076 4691 3322 4763 παρόδου
3354 4689 3470 4746 ἐστὶ
3502 4681 3757 4758 δηλωτικὸνῖ

2236 4778 2415 4850 δῆλον,
2445 4780 2528 4834 ὄτι
2559 4780 2725 4848 ἓξεὼς
2754 4782 2871 4836 ἔστι
2900 4785 3258 4854 σημαντικὸν,
3290 4784 3357 4839 ἄν
3379 4800 3435 4838 τε
3471 4773 3750 4853 μετα-πέπλα-

2241 4890 2363 4927 σται
2412 4873 2472 4939 ἐξ
2515 4875 2705 4941 οὐσίας
2746 4877 2914 4941 τινὸς.
2972 4877 3034 4934 ἂν
3068 4892 3132 4932 τε
3161 4877 3322 4934 τοῦτό
3351 4880 3493 4932 ἐστιν
3527 4874 3553 4928 ὃ
3588 4870 3753 4937 λέγεται

2240 4967 2403 5037 γέννη
2413 4984 2509 5038 μα.

2311 5154 2439 5208 KZ'.
2481 5154 2546 5207 Εί
2576 5152 2641 5208 τὸ
2679 5152 2978 5226 ἀγέννητον
3006 5152 3141 5222 ἕξις,
3174 5156 3271 5211 καὶ
3307 5154 3370 5209 τὸ
3399 5146 3627 5222 γεννητὸν
3649 5140 3746 5238 "Sit-iv

2239 5249 2296 5301 ai
2330 5247 2429 5318 μὲν
2465 5246 2646 5302 οὐσίαι
2687 5246 2798 5301 τῶν
2847 5247 3016 5313 ἕξεων
3053 5247 3300 5321 πρῶται,
3335 5247 3392 5303 αἱ
3422 5246 3474 5299 δὲ
3508 5240 3629 5305 ἕξεις
3670 5241 3747 5321 ﬁt)?

2237 5339 2472 5404 οὐσιῶν,
2535 5339 2586 5394 εί
2647 5340 2745 5393 καὶ⁸
2789 5340 3074 5412 δεύτεραι,
3101 5318 3111 5321 ﬁ
3141 5341 3259 5397 ἀλλ’
3305 5337 3396 5396 οὖν
3444 5352 3500 5405 γε
3545 5318 3742 5401 προτιμέν

2241 5450 2420 5505 τεραι.

2313 5501 2451 5579 KH’.
2501 5525 2566 5580 Ei
2621 5524 2678 5579 δὲ
2728 5524 2792 5579 τὸ
2843 5525 3140 5596 ἀγέννητον
3184 5526 3281 5581 τοῦ
3338 5515 3575 5595 γεννητοῦ
3616 5501 3739 5596 “Mf

2244 5618 2361 5670 ἐστι
2392 5616 2488 5671 τοῦ
2519 5613 2681 5685 εἶναι,
2728 5591 3064 5689 σημαίνωνί,
3089 5591 3739 5691 γέννημαήσυνεισφέροντῇ

2245 5708 2441 5763 ἑαυτοῦ
2488 5709 2646 5782 οὐσίᾳ
2688 5711 2779 5765 τὸν
2818 5713 3010 5777 αἴτιον,
3044 5689 3385 5777 οὐσίαςηὲστὶ
3429 5689 3734 5775 δηλωτικδντ⁰
