3988 6472
152 414 293 473 5η
607 476 613 482 _
817 416 1192 476 ADVERSUS
1229 418 1574 479 [UERESES
1605 422 1732 479 LIB.
1771 420 1862 482 IlI.
1902 420 2067 478 TOM.
2110 401 2531 480 I.-—III‘ERES.
2575 422 2809 482 LXXVI.
3389 424 3496 482 512

149 532 476 623 γέννημα.
526 535 643 591 ἀλλ’
676 538 773 611 οὐκ
818 537 985 607 ἕξεως
1005 580 1021 605 ,
1072 540 1174 611 τῆς
1225 542 1525 615 ἀγεννήτου
1577 542 1787 615 φύσέως

1903 544 2030 598 tiam
2078 544 2278 614 ipsam,
2340 560 2454 599 non
2511 544 2856 601 aﬂectionem
2890 544 3192 615 exprimat,
3233 554 3359 599 cum
3409 544 3494 597 in-

151 622 350 680 οὑδὲν
387 626 557 698 ἑαυτῇ
595 629 1058 701 συνεισαγούσης·
1098 629 1217 696 πῶς
1252 633 1353 688 οὑκ
1381 634 1450 691 ἂν
1484 634 1572 708 εἴη
1607 635 1787 702 οὑσία,

1903 637 2079 706 genita
2126 643 2325 690 natura
2376 636 2513 690 nihil
2570 637 2691 707 ipsa
2743 651 2932 693 secum
2980 637 3247 700 includat,
3309 647 3496 689 nonne

154 714 311 769 ἀλλ’
336 714 459 782 ἕξις
488 717 523 789 η
553 717 850 791 ἀγέννητος
881 721 1073 789 obuia;

1903 727 2210 783 substantia
2276 712 2465 798 potius
2522 743 2690 800 quam
2737 727 2957 784 affectio
3010 727 3263 800 quaedam
3330 725 3496 781 debet

1450 856 1453 859 μ
1895 815 2108 871 videri?

247 916 408 971 ΚΘΕ
458 917 523 971 El
582 919 733 974 πᾶσα
796 921 956 977 οὐσία
1009 920 1161 980 ἐστιν
1213 924 1513 997 ἀγέννητος
1536 966 1552 993 ,
1603 921 1694 981 οἷα
1755 927 1789 998 ἡ

154 1005 331 1060 Θεοῦ
368 1009 470 1062 τοῦ
519 1012 961 1086 παντοκράτφος
978 1057 994 1081 ,
1040 1017 1160 1082 πῶς
1199 1017 1267 1073 ἂν
1321 1018 1421 1089 τὴν
1465 1021 1563 1091 μὲν
1609 1019 1791 1092 παθη-

154 1096 289 1168 τὴν
323 1099 453 1167 ἐρεῖ
498 1119 614 1167 τις,
670 1105 772 1175 τὴν
813 1103 872 1159 δὲ
918 1107 1147 1179 ἀπαθῆ;
1185 1110 1248 1163 Et
1299 1110 1357 1164 δὲ
1398 1111 1617 1181 φύσεως
1653 1112 1793 1167 ἀπο-

158 1186 477 1260 κληρώσει
509 1191 810 1266 ἀγεννήτου
850 1197 885 1268 ἡ
944 1197 1042 1268 μὲν
1079 1184 1328 1271 διαμένει
1366 1200 1667 1271 ποσότητος
1696 1200 1793 1254 καὶ

161 1281 514 1352 ποιότητος,
558 1285 654 1340 καὶ
676 1326 692 1352 ,
745 1288 935 1353 ἁπλῶς
987 1292 1163 1346 εἰπεῖν
1180 1333 1195 1354 ,
1253 1294 1437 1364 πάσης
1488 1292 1792 1365 μεταϐολῆς

162 1371 465 1442 ἀμείνων,
489 1377 522 1446 ή
552 1375 611 1430 δὲ
639 1378 827 1435 παθῶν
850 1383 997 1437 ἐστιν
1025 1384 1348 1450 ὑπεύθυνος,
1381 1385 1795 1457 συγχωρηθεῖσα

163 1464 240 1518 τὸ
290 1465 727 1539 ἀπαράλλακτον
775 1474 859 1539 είς
909 1476 1102 1531 οὐσίαν
1142 1476 1311 1549 ἔχειν,
1361 1477 1441 1549 τῷ
1495 1478 1792 1551 αὐτομάτῳ

1970 926 2163 983 XXIX.
2206 927 2263 984 Si
2309 928 2619 989 substantia
2656 930 2837 987 omnis
2884 930 3128 1001 ingenita
3176 928 3270 994 sit,
3304 927 3494 998 cujus-

1899 1020 2048 1075 modi
2082 1029 2169 1077 est
2207 1023 2607 1094 omnipotentis
2644 1021 2762 1091 Dei,
2797 1023 2930 1094 quid
2968 1024 3164 1078 attinet
3192 1022 3335 1075 hanc
3368 1019 3495 1090 qui-

1899 1112 2022 1169 dem
2058 1114 2408 1184 passionibus
2456 1116 2772 1180 obnoxiam,
2814 1114 2963 1170 iila‘m
3003 1129 3134 1170 vero
3172 1112 3492 1168 earumdem

1898 1215 2173 1276 expertem
2214 1206 2440 1262 dicere?
2473 1206 2633 1275 Quod
2658 1207 2704 1263 si
2736 1207 2975 1277 quadam
3002 1205 3256 1277 ingenita:
3282 1210 3494 1257 natura:

1900 1306 2049 1355 sorte
2075 1313 2141 1354 ac
2169 1300 2511 1365 conditione,
2582 1301 2934 1371 quantitatis,
2984 1306 3040 1355 et
3072 1296 3374 1369 qualitatis,
3414 1302 3493 1361 ct,

1899 1404 1958 1449 ut
1999 1408 2112 1448 uno
2160 1394 2329 1450 verbo
2350 1392 2576 1458 ‘dicam,
2612 1393 2939 1448 mutationis
2971 1390 3153 1447 omnis
3186 1403 3383 1461 expers
3410 1386 3493 1440 al-

1898 1493 2016 1539 tera
2043 1492 2151 1551 est,
2187 1485 2363 1540 altera
2404 1499 2538 1540 vero
2571 1484 2863 1555 passiones
2897 1482 3159 1547 admittit,
3202 1491 3254 1536 et
3289 1479 3494 1537 nihilo-

172 1556 497 1630 ὶπιτρὲψαι
524 1562 681 1632 φίλον
718 1565 789 1622 τὰ
840 1569 984 1624 κατά
1002 1567 1105 1634 τάς
1136 1571 1573 1643 προειρημένας·
1604 1571 1639 1643 ἢ
1665 1572 1787 1642 τότε

1903 1575 2083 1632 minus
2133 1574 2311 1632 eidem
2361 1572 2783 1631 immutabilitas
2809 1582 2895 1630 est
2927 1588 3215 1640 concessa,
3262 1585 3493 1628 necesse

174 1643 285 1703 οὖν
323 1650 632 1711 ἀκόλουθον
672 1655 772 1730 τὴν
819 1658 921 1731 μὲν
955 1661 1218 1716 ποιοῦσαν
1248 1661 1546 1735 ἀγέννητον
1590 1665 1788 1732 εἰπεῖν,

171 1741 470 1814 γεννητὴν
499 1742 558 1798 δὲ
584 1745 687 1818 τὴν
708 1748 1214 1824 μεταϐαλλομένην.

1893 1672 1980 1721 est
2011 1672 2071 1721 ut
2095 1680 2217 1737 qua:
2244 1663 2697 1721 commemoratis
2720 1664 2875 1719 hisce
2903 1663 3119 1719 naturis
3145 1662 3360 1727 insunt,
3395 1667 3493 1714 aut

1892 1772 2027 1814 casu
2053 1757 2291 1829 quodam
2333 1756 2559 1812 fortuito
2586 1755 2857 1812 accidisse
2883 1754 3164 1821 dicantur,
3192 1762 3308 1820 aut,
3341 1749 3491 1823 quod

169 1843 635 1891 consentaneum
680 1848 786 1906 est,
840 1853 961 1896 eam
1014 1841 1191 1912 ipsam
1237 1843 1459 1913 quidem
1491 1858 1615 1915 quae
1638 1843 1769 1917 agit,
1803 1845 2141 1921 ingenitam;
2189 1863 2313 1921 qua:
2358 1862 2491 1905 vero
2544 1845 2751 1920 patitur
2802 1861 2868 1903 ac
2930 1854 3198 1916 mutatur,
3247 1847 3488 1918 genitam

170 1927 563 1996 appellemus.

251 2047 346 2099 A’.
390 2046 457 2100 El
502 2047 606 2119 τῆς
646 2050 950 2124 γενομένης
1005 2051 1040 2123 ἡ
1091 2051 1387 2127 ἀγέννητος
1432 2054 1596 2125 φύσις
1639 2053 1787 2108 ἐστὶν

1963 2045 2137 2104 XXX.
2179 2046 2239 2104 Si
2274 2043 2474 2119 genita:
2512 2054 2727 2103 naturae
2770 2062 2941 2104 causa
2989 2055 3078 2104 est
3106 2047 3371 2121 ingenita,
3407 2047 3493 2104 in-

168 2136 366 2202 αἰτία,
408 2137 470 2191 τὺ
513 2138 571 2193 δὲ
615 2139 913 2214 ἀγέννητον
950 2143 1129 2215 μηδὲν
1164 2141 1251 2216 εἴη
1292 2145 1496 2199 αῐτιονί
1523 2161 1537 2176 ο
1571 2143 1691 2211 πῶς
1721 2143 1788 2199 ἂν

167 2229 274 2299 εἴη
308 2228 488 2285 αἴτιον
515 2229 575 2285 τὸ
612 2232 779 2304 μηδὲν
805 2233 902 2288 τοῦ
932 2235 1252 2307 γεγονότος;

253 2429 398 2485 AA'.
425 2430 487 2485 EI
506 2430 566 2486 τὸ
584 2431 881 2507 ἀγέννητον
907 2435 1187 2510 στέρησις,
1207 2439 1241 2511 ἡ
1263 2438 1321 2493 δὲ
1342 2439 1597 2512 στέρησις
1621 2436 1789 2506 ἕξεως

172 2522 440 2597 ἀποϐολή
473 2525 644 2594 ἐστιν,
682 2526 715 2600 ἡ
759 2527 816 2582 δὲ
860 2530 1102 2602 ἀποϐολὴ
1146 2531 1427 2598 παντελῶς
1462 2533 1787 2601 ἀπόλλυται,

175 2615 214 2687 ἢ
255 2616 591 2688 μεθίσταται
618 2619 705 2690 ἐφ’
731 2619 955 2694 ἕτερον’
990 2622 1110 2688 πῶς
1147 2621 1261 2678 οἷόν
1288 2642 1347 2678 τε
1372 2624 1484 2692 ἔξει
1526 2625 1786 2697 μεθιστα-

182 2712 333 2782 μένῃ
369 2711 842 2785 κατονομάξεσθαι
869 2715 972 2789 τὴν
1005 2717 1196 2773 οὑσίαν
1217 2717 1311 2773 τοῦ
1342 2717 1476 2773 Θεοῦ
1503 2720 1787 2793 ἀγεννήτῳ

181 2803 567 2878 προσηγορίιις

262 2978 395 3036 AB'.
434 2981 500 3037 Εἰ
546 2982 609 3039 τὸ
667 2980 966 3059 ἀγέννητον
1014 2987 1167 3060 δηλοῖ
1197 2988 1453 3061 στέρησιν
1497 2989 1571 3062 μὴ
1610 3008 1787 3063 προσ-

183 3071 364 3127 οῦσαν
384 3072 463 3145 τῷ
498 3074 638 3147 Θεῷ,
659 3075 777 3142 πῶς
809 3076 1103 3151 ἀγέννητον
1134 3074 1274 3135 εἶναι
1310 3080 1562 3153 λέγομεν,
1592 3099 1787 3154 γεννη-

184 3163 285 3217 τὸν
314 3164 375 3219 δὲ
409 3165 485 3238 μὴ
520 3162 697 3234 εἷναι;

257 3255 387 3310 ΛΡ.
423 3257 487 3310 EI
516 3257 676 3328 ψιλὸν
701 3255 876 3330 ὄνομά
906 3261 1053 3314 ἐστιν
1076 3258 1184 3314 ἀπὸ
1209 3259 1346 3314 Θεοῦ
1374 3260 1433 3314 τὸ
1463 3259 1786 3333 ἀγέννητον,

187 3348 223 3422 ἡ
260 3347 319 3402 δὲ
350 3347 483 3421 ψιλὴ
518 3351 771 3425 προφορά
799 3353 898 3425 τὴν
941 3353 1238 3408 ὑπόστασιν
1269 3353 1364 3407 τοῦ
1394 3353 1530 3408 Θεοῦ
1566 3354 1786 3426 ἐπαίρει

1891 2138 2139 2211 genitum
2183 2151 2338 2202 vero,
2376 2135 2526 2207 quod
2563 2134 2895 2206 principium
2928 2134 3156 2199 dicitur,
3191 2135 3331 2190 nihil
3368 2150 3491 2191 om-

1892 2231 2024 2286 nino
2053 2233 2145 2293 sit,
2173 2227 2400 2300 quinam
2428 2232 2611 2298 potest
2641 2225 2695 2281 id
2727 2223 2876 2295 quod
2895 2224 3032 2280 nihil
3062 2232 3148 2281 est
3174 2223 3493 2295 ejus,qu0d

1890 2321 2221 2394 productum
2255 2325 2362 2385 est,
2396 2332 2520 2373 esse
2551 2314 2924 2388 principium?

1968 2408 2164 2467 XXXI.
2209 2410 2269 2466 Si
2305 2409 2607 2482 ingenitum
2653 2406 2893 2478 privatio
2940 2407 3191 2480 quaedam
3236 2415 3358 2475 est;
3404 2410 3494 2464 est

1889 2511 2073 2559 autem
2123 2501 2361 2573 privatio
2410 2498 2724 2557 aﬂ'ectionis
2770 2500 3021 2569 amissio,
3058 2500 3286 2557 amissio
3323 2513 3492 2571 porro

1891 2596 2115 2668 penitus
2141 2610 2173 2650 e
2200 2591 2384 2649 medio
2417 2590 2655 2655 tollitur,
2707 2598 2804 2645 aut
2833 2590 2889 2646 in
2918 2590 3151 2647 alterum
3185 2598 3491 2648 commuta-

1890 2696 2001 2754 tur,
2055 2701 2296 2758 quonam
2340 2690 2503 2756 pacto
2549 2682 2841 2741 all'ectione
2886 2685 2978 2740 illa
3025 2691 3369 2748 transeunte,
3394 2689 3493 2739 aut

1889 2789 2172 2851 pereunte,
2211 2779 2316 2833 hoc
2338 2783 2424 2832 est
2449 2775 2679 2846 ingeniti
2702 2778 3068 2850 appellatione
3105 2775 3202 2834 Dei
3232 2776 3493 2834 substan-

1889 2873 1962 2929 tia
1991 2870 2508 2942 cognominabitur?

1964 2960 2188 3016 XXXII.
2235 2961 2292 3018 Si
2323 2964 2625 3036 ingenitum
2661 2961 3048 3035 privationem,
3079 2977 3202 3032 qua:
3238 2960 3354 3017 Deo
3378 2975 3491 3016 nou

1889 3054 2053 3122 inest,
2083 3055 2380 3126 signiﬁcat,
2422 3071 2525 3111 cur
2590 3056 2896 3128 ingenitum
2924 3069 3069 3120 esse,
3100 3054 3343 3127 genitum
3360 3066 3492 3109 vero

1887 3163 1999 3205 non
2029 3162 2156 3204 esse
2185 3147 2466 3204 dicimus?

1958 3236 2205 3294 XXXIII.
2236 3238 2293 3295 Si
2323 3238 2629 3312 ingenitum
2663 3237 2810 3294 nuda
2839 3234 2895 3293 in
2920 3235 3031 3292 Deo
3060 3243 3145 3293 est
3172 3234 3490 3307 appellatio,

1887 3331 2025 3387 adeo
2069 3340 2129 3386 ut
2174 3346 2342 3402 supra
2373 3340 2688 3388 creatarum
2722 3345 2907 3388 rerum
2937 3329 3187 3384 omnium
3223 3326 3493 3384 conditio-

187 3420 336 3497 κατὰ
372 3420 596 3500 πάντων
633 3420 745 3500 silv
779 3420 1052 3519 γεννητῶν
1073 3463 1090 3479 ο
1130 3448 1434 3519 τιμιωτέρα
1481 3447 1591 3519 ἄρα
1635 3420 1784 3501 ἐστὶν

1903 3439 2031 3499 rtem,
2051 3423 2169 3479 sola
2199 3422 2582 3494 pronuntiatio
2614 3421 2860 3479 divinam
2908 3420 3275 3477 substantiam
3312 3420 3492 3475 extol-

187 3534 224 3604 ή
264 3528 574 3605 ἀνθρώπιον
621 3534 876 3608 προφορά
904 3536 1004 3608 τῆς
1029 3532 1126 3590 τοῦ
1170 3535 1615 3608 παντοκράτορος
1651 3535 1784 3588 ὑπο-

189 3626 481 3693 στάσεως,
522 3628 845 3703 ἀσυγκρίτῳ
904 3628 1148 3702 ὑπεροχῇ
1196 3627 1593 3684 καλλωπίσασα
1650 3627 1785 3682 Θεὸν

189 3718 641 3791 παντοκράτορα.

262 3892 388 3948 AA'.
429 3893 497 3949 EI
530 3895 697 3950 παντὶ
728 3893 974 3967 γεννητῷ
1009 3893 1160 3949 αίτία
1191 3892 1669 3965 συγκεκλὴρωται,
1701 3892 1786 3946 αῖ-

187 4000 309 4055 τιος
338 3986 398 4043 δὲ
428 3988 462 4059 ἡ
492 3988 788 4061 ἀγέννητος
819 3989 1002 4060 φύσις,
1032 3986 1133 4043 οὑκ
1163 3986 1337 4043 αἴτιον
1359 3986 1512 4058 δηλοί
1542 3985 1601 4040 τὸ
1623 3985 1786 4056 ἀγέν⁶

191 4097 387 4154 νητον,
410 4080 536 4136 ἀλλ’
567 4081 868 4137 ὑπόστασιν
899 4082 1174 4152 σημαίνει.

262 4345 389 4404 AE'.
422 4347 485 4403 EI
513 4349 624 4403 πᾶν
666 4345 731 4403 τὸ
766 4348 992 4419 γεγονὸς
1040 4348 1130 4419 ὑφ’
1163 4348 1352 4421 ἑτέρου
1381 4346 1627 4418 γέγονεν,
1661 4347 1696 4419 ὴ
1727 4346 1785 4402 δὲ

188 4441 488 4513 ἀγέννητος
545 4441 845 4506 ὑπόστασις
904 4440 1028 4496 οὔτε
1108 4441 1199 4511 ὑφ’
1257 4443 1457 4513 ἑαυτῆς
1517 4440 1642 4495 οὔτε
1692 4439 1785 4511 ὑφ’

191 4534 391 4609 ἑτέρας
411 4534 637 4606 γέγονεν
654 4549 671 4566 ο
700 4533 915 4606 ἀνάγκη
945 4533 1134 4589 οὐσίαν
1157 4532 1353 4606 δηλοῦν
1379 4532 1443 4587 τὸ
1467 4533 1782 4606 ἀγέννητον.

1887 3515 1981 3582 lat,
2009 3527 2362 3585 consequens
2402 3519 2489 3570 est
2522 3512 2808 3569 hominum
2839 3509 3343 3584 pronuntiationem
3375 3523 3493 3564 om-

1886 3604 2189 3676 nipotentis
2242 3602 2335 3661 Dei
2392 3602 2709 3662 substantia
2770 3602 3211 3675 praestantiorem
3269 3600 3485 3657 videri:

1886 3715 2009 3770 quae
2037 3698 2260 3770 quidem
2293 3698 2470 3771 ipsam
2491 3696 2946 3771 incomparabilis
2968 3695 3293 3754 excellentia
3318 3694 3490 3768 digni-

1890 3789 2023 3845 tatis
2046 3795 2302 3846 exornet.

1958 3880 2203 3940 XXXIV.
2247 3882 2305 3938 Si
2340 3896 2465 3938 cum
2488 3898 2554 3939 eo
2580 3882 2756 3949 omni,
2794 3881 2943 3954 quod
2975 3882 3223 3955 genitum
3255 3888 3362 3945 est,
3385 3880 3490 3935 im-

1888 3973 2092 4045 plicata
2124 3982 2229 4042 est,
2261 3981 2317 4030 et
2348 3973 2647 4045 conjuncta
2692 3988 2881 4029 causae
2926 3972 3101 4039 notio,
3143 3987 3311 4027 causa
3359 3985 3489 4027 vero

1887 4071 2013 4131 est,
2082 4062 2331 4136 ingenita”
2382 4076 2617 4132 natura,
2681 4080 2808 4120 cum
2865 4062 3171 4136 ingenitum
3229 4063 3487 4128 dicimus,

1888 4172 1999 4213 non
2053 4170 2278 4213 causam
2350 4158 2591 4229 aliquam
2619 4197 2637 4227 ,
2710 4157 2809 4215 sed
2876 4157 3244 4215 substantiam
3305 4157 3488 4227 expri-

1888 4254 2117 4309 mimus.
2560 4239 2565 4243 ’

1957 4344 2127 4418 929
2167 4343 2382 4400 XXXV.
2427 4342 2484 4401 Si
2520 4344 2786 4418 quidquid
2821 4343 3151 4418 productum
3178 4352 3284 4407 est,
3311 4341 3379 4396 ab
3408 4342 3487 4395 al-

1889 4446 2009 4495 tero
2048 4439 2377 4510 productum
2418 4449 2525 4503 est,
2565 4441 2808 4511 ingenita
2852 4455 2985 4496 vero
3030 4437 3345 4508 hypostasis
3384 4450 3487 4490 nec

1890 4548 1920 4587 a
1944 4548 2004 4589 se
2026 4532 2167 4605 ipsa,
2192 4548 2295 4587 nec
2318 4532 2387 4587 ab
2406 4532 2512 4587 alia
2538 4532 2804 4603 producta
2828 4540 2936 4597 est,
2964 4529 3192 4602 ingeniti
3220 4528 3487 4582 vocabulo

1890 4626 2201 4683 substantia
2225 4626 2345 4698 ipsa
2377 4626 2722 4697 signiﬁcetur
2750 4631 2989 4696 oportet.

228 4722 239 4733 ί
266 4737 406 4804 AG".
434 4736 499 4791 El
519 4736 587 4808 τῇ
618 4733 713 4789 τοῦ
739 4734 1082 4808 γεννήματος
1108 4735 1269 4809 οὐσίᾳ
1308 4735 1670 4807 συμφαίνεται
1707 4736 1787 4801 ὡς

1963 4738 2205 4795 XXXVI.
2253 4738 2309 4795 Si
2340 4740 2569 4811 ingeniti
2619 4739 2953 4805 substantia,
2998 4747 3260 4809 tanquam
3291 4749 3484 4798 causa,

190 4830 346 4884 αἰτία
368 4829 402 4901 ἡ
427 4828 723 4900 ἀγέννητος
756 4827 1076 4893 ὑπόστασις,
1125 4829 1268 4883 κατά
1302 4829 1485 4900 πάσης
1514 4828 1694 4893 αἰτίας
1725 4830 1786 4884 τὸ

1903 4832 2132 4903 ingenita
2168 4832 2482 4904 hypostasis
2512 4832 2849 4899 declaratur,
2875 4849 2998 4903 qua:
3039 4845 3152 4900 pne
3179 4827 3327 4883 omni
3356 4842 3489 4881 cau-

191 4920 614 4993 ἀπαράλλακτον
654 4919 876 4992 ἔχουσα,
917 4920 1183 4975 αὑτουσία
1226 4921 1374 4975 ἐστὶν
1415 4921 1784 4991 ἀσύγκριτος,

189 5015 295 5070 οὑκ
337 5012 538 5079 ἔξωθεν
592 5012 1038 5085 συνεμφαίνουσα
1098 5014 1159 5068 τὸ
1194 5012 1513 5085 ἀπρόσιτον,
1548 5014 1680 5069 αὐτὸ
1726 5014 1784 5067 δὲ

189 5108 537 5178 ὑπάρχουσα,
598 5104 935 5177 ἀσύγκριτος
985 5105 1081 5161 καὶ
1134 5106 1449 5179 ἀπρόσιτος.
1509 5108 1668 5161 Ἔστι
1718 5106 1782 5180 δὴ

193 5197 294 5253 καὶ
320 5193 639 5268 ἀγέννητος.

273 5485 390 5544 ΛΖ’.
421 5488 486 5543 Εί
519 5486 789 5560 ὑπεράγει
818 5485 1005 5559 πάσης
1053 5488 1272 5558 φύσεως
1300 5490 1330 5544 ὁ
1356 5488 1783 5559 Παντοκράτωρ,

197 5582 291 5640 δ’,ἀ
332 5580 394 5635 τὸ
448 5580 743 5652 ἀγέννητον
775 5580 1066 5652 ὑπεράγει,
1109 5580 1247 5652 ὅπερ
1272 5580 1421 5633 ἐστὶν
1468 5581 1641 5636 αἴτιον
1673 5583 1786 5647 τοῖς

197 5675 477 5749 γεννητοῖς
496 5672 782 5745 διαμονῆς.
818 5674 884 5730 Et
908 5672 967 5728 δὲ
1001 5673 1077 5745 μὴ
1104 5672 1256 5730 ἐστιν
1271 5670 1462 5738 οὐσίας
1487 5672 1784 5746 δηλωτικὸν

272 5857 291 5890 ί
309 5872 401 5927 γρ.
432 5856 635 5926 ἄρτιον.

1887 4938 2072 4978 sarum
2123 4939 2328 4995 genere
2382 4923 2826 4979 immntabilitate
2854 4923 3083 4994 praedita
3131 4930 3239 4986 est,
3288 4919 3480 4974 eadem

1886 5030 1984 5086 per
2021 5030 2146 5072 sese
2184 5016 2497 5072 substantia
2538 5016 2987 5087 incomparabilis
3037 5021 3145 5081 est,
3185 5030 3293 5069 non
3338 5013 3496 5081 velut,

1887 5109 2236 5166 extrinsecus
2280 5109 2512 5166 ascitam
2559 5111 2882 5181 qualitatem
2937 5109 3086 5164 illam
3138 5124 3252 5180 prae
3301 5122 3361 5163 se
3407 5105 3502 5172 rc...

1885 5214 2037 5265 rens,
2071 5200 2210 5255 nihil
2239 5208 2297 5255 ut
2327 5200 2396 5255 ad
2428 5201 2605 5271 ipsam
2641 5199 2816 5270 possit
2850 5199 3147 5266 accedere,
3193 5199 3292 5254 sed
3331 5196 3387 5253 id
3416 5210 3487 5263 ex

1892 5305 2017 5346 sese
2043 5290 2227 5359 habet,
2254 5291 2333 5346 uti
2368 5290 2507 5346 nihil
2539 5305 2667 5346 cum
2708 5290 2827 5360 ipsa
2862 5290 3127 5355 conferri,
3159 5299 3251 5343 aut
3273 5288 3337 5341 ad
3362 5301 3480 5347 eam

1890 5381 2157 5437 accedere
2192 5382 2390 5453 possit.
2427 5382 2588 5441 Unde
2626 5390 2681 5439 et
2721 5398 2820 5454 per
2843 5392 3018 5439 semet
3050 5390 3135 5439 est
3174 5379 3432 5451 ingenita.

1959 5493 2229 5551 XXXVII.
2273 5496 2333 5552 Si
2378 5496 2731 5568 omnipotens
2776 5496 2925 5554 Deus
2972 5503 3222 5550 naturam
3262 5504 3481 5563 omnem

1888 5587 2128 5653 excellit,
2163 5603 2230 5645 eo
2283 5589 2406 5660 ipso
2437 5589 2588 5661 quod
2628 5590 2906 5661 ingenitus
2934 5595 3040 5650 est,
3083 5584 3317 5642 excellit.
3351 5579 3486 5647 Quae

1890 5679 2200 5750 proprietas
2243 5696 2413 5739 causa
2455 5693 2540 5742 est
2586 5684 2786 5765 genitis
2825 5681 3083 5739 omnibus
3128 5675 3481 5753 stabilitatem
