3988 6404
546 377 656 434 543
1977 381 2034 439 S.
2068 384 2121 440 El

2146 385 2409 442 ’lPllANtl
3649 407 3721 465 δη

547 493 1023 565 constantiamque
1049 494 1317 552 tribuens.
1348 494 1445 551 Sin
1473 508 1654 553 autem
1683 498 1982 570 ingenitum
2013 501 2122 556 sub

2175 516 2216 569 Α
2246 503 2308 555 τὸ
2342 503 2658 574 ἀγέννητον,
2710 503 2877 558 πόθεν
2927 503 2995 558 ἀν
3023 505 3057 575 ὴ
3086 504 3192 560 τῶν
3211 509 3468 580 γεννητῶν
3489 515 3616 584 φύσις
3647 521 3724 587 ἒξει

548 590 808 643 stantiam
857 603 967 642 non
1016 588 1296 657 exprimit,
1343 604 1373 643 a
1408 605 1520 659 quo
1566 592 1786 646 tandem
1836 595 2123 663 genitarun

1164 588 1296 654 imit,
1343 604 1373 643 a
1408 605 1520 659 quo
1566 592 1786 646 tandem
1836 595 2142 663 genitarum
2245 594 2307 646 τὸ
2336 594 2739 662 διασώζεσθαι;

546 696 729 736 rerum
761 688 957 734 natura
992 681 1232 751 seipsam
1268 690 1328 734 ut
1357 691 1651 736 conservet
1689 681 1964 753 accipiet?

620 770 909 825 XXXVIII.
957 770 1015 828 Si
1051 772 1188 826 nihil
1236 787 1454 840 eorum,
1488 789 1611 843 quae
1651 775 1828 828 visum
1854 773 2144 844 effugiunt,

2319 768 2447 822 ΑΠ’.
2478 768 2539 820 Εἰ
2568 767 2720 820 οὐδὲν
2759 769 2868 822 τῶν
2904 769 3154 842 ἀοράτων
3195 773 3324 826 αὐτὸ
3358 771 3508 827 αὐτοῦ
3552 793 3731 849 σπερμα-

547 864 847 932 semetipso
887 863 1062 918 sativa
1093 861 1331 932 quadam
1369 862 1420 916 vi
1464 865 1617 934 prius
1647 874 1754 927 est,
1791 873 1962 934 atque
2009 863 2117 918 deli

2246 859 2415 922 τικῶς
2449 860 2815 931 προῦπάρχει,
2870 861 3114 933 διαμένει
3141 863 3198 917 δὲ
3228 866 3286 918 έν
3322 865 3472 934 φύσει
3501 868 3733 940 ἀποκεκλη-

547 952 661 1005 nita
710 961 924 1007 naturas
958 963 1107 1008 sorte
1131 951 1492 1008 continetur:
1539 956 1632 1024 qui
1682 955 1798 1010 ﬂeri
1846 962 2053 1024 potest,
2089 969 2121 1007 ιι

2252 948 2488 1021 ρωμένῃ·
2513 951 2629 1012 πῶς
2643 949 2710 1003 ἀν
2733 951 2763 1002 ὁ
2788 950 3082 1021 ἀγέννητος
3104 952 3256 1016 Θὸς,
3273 954 3536 1027 ἐλεύθερος
3560 959 3735 1026 ἀποκλη-

545 1045 824 1116 ingenitus
845 1045 1012 1111 Deus,
1034 1046 1102 1100 ab
1121 1049 1272 1102 omni
1298 1048 1588 1104 sortitione
1607 1047 1766 1110 liber,
1789 1063 1944 1102 suam
1973 1048 2114 1118 ipsiu

2251 1036 2471 1108 ρώσεως
2499 1039 2781 1109 ὑπάρχων,
2820 1038 2915 1092 νῦν
2953 1041 3052 1110 μὲν
3081 1040 3181 1112 τὴν
3213 1043 3400 1097 ἑαυτοῦ
3423 1047 3590 1099 οὐσίαν
3607 1049 3735 1102 δευτέ-

547 1138 916 1192 substantiam
959 1139 1121 1194 modo
1172 1139 1228 1194 in
1261 1139 1445 1209 genita
1489 1139 1679 1194 sobole
1732 1137 2014 1193 inferioris
2051 1153 2120 1192 cu

2251 1146 2351 1200 ραν
2379 1131 2437 1184 ἐν
2465 1133 2766 1201 γεννήματι
2813 1132 2946 1203 όρᾷν
2979 1133 3020 1196 ¹,
3055 1131 3150 1185 νῦν
3179 1133 3237 1185 δὲ
3278 1135 3532 1206 προτέραν
3563 1139 3611 1190 ὲν
3629 1140 3741 1206 ἀγεν-

547 1227 768 1298 jusdam
824 1243 890 1284 ac
931 1229 1188 1284 secundae
1225 1229 1580 1292 conditionis,
1617 1228 1782 1284 modo
1811 1229 1868 1283 in
1906 1229 2122 1300 ingeniti

2085 1238 2149 1283 ito
2248 1224 2418 1295 νήτῳ,
2455 1223 2594 1278 κατά
2621 1223 2720 1295 τὴν
2747 1223 2840 1278 τοῦ
2869 1224 3086 1296 πρώτου
3112 1227 3208 1282 καὶ
3235 1226 3476 1298 δευτέρου
3499 1229 3660 1295 τάξινς

549 1323 827 1394 primariae
856 1338 979 1378 esse
1000 1323 1200 1389 videat,
1231 1323 1308 1377 ita
1342 1331 1405 1378 ut‘
1430 1323 1632 1394 prioris
1671 1323 1806 1378 insit
1860 1336 1927 1376 ac
1964 1330 2150 1392 poste~

549 1413 724 1468 rioris
755 1415 891 1468 ordo
909 1415 934 1467 ἲ

620 1503 864 1558 XXXIX.
907 1503 964 1558 Si
990 1505 1045 1558 in
1088 1503 1332 1574 ingenita
1376 1512 1578 1558 natura
1623 1512 1940 1573 perseverat
1983 1500 2147 1568 Deus,

2321 1505 2445 1563 ΛΘ’.
2472 1509 2535 1564 Et
2580 1507 2827 1578 διαμένει
2848 1507 2906 1560 έν
2939 1505 3100 1575 φύσει
3147 1508 3424 1580 ἀγεννήτῳ
3449 1512 3477 1565 ὸ
3498 1511 3630 1578 Θεὸς,
3650 1512 3696 1568 rb
3713 1516 3748 1569 iv

549 1596 952 1652 detrabcndum
982 1596 1086 1650 hoc
1119 1595 1194 1648 illi
1222 1603 1329 1660 est,
1361 1603 1420 1650 ut
1449 1595 1701 1666 generari
1739 1609 1820 1660 se,
1856 1603 2019 1664 atquc
2064 1594 2120 1648 in

2251 1601 2462 1671 γενέσει
2520 1601 2616 1655 καὶ
2675 1599 2976 1672 ἀγεννησίᾳ
3035 1601 3228 1654 ἑαυτὸν
3279 1602 3470 1656 είδέναι
3502 1605 3747 1675 ἀφῃρήσθω.

547 1685 793 1756 genitum
823 1701 947 1740 esse
983 1695 1302 1756 cognoscat.
1339 1685 1498 1752 Quod
1539 1685 1584 1740 si
1623 1685 1696 1738 illi
1734 1685 1930 1749 detur,
1964 1693 2024 1738 ut
2054 1701 2120 1755 pc

2252 1691 2715 1764 Συγχωρουμένου
2772 1690 2829 1744 δὲ
2879 1691 2938 1744 έν
2971 1691 3257 1761 ἀγεννήτῳ
3305 1692 3398 1745 καὶ
3453 1694 3663 1764 γεννητῷ
3690 1695 3754 1765 τὴν

549 1781 718 1850 geuiti
763 1779 1104 1848 ingenitique
1145 1777 1522 1833 conditionem
1557 1777 1705 1832 illius
1737 1784 1933 1830 natura
1961 1777 2121 1831 tradu

2254 1784 2452 1840 ἑαυτοῦ
2501 1782 2690 1837 οὐσίαν
2747 1781 3098 1848 παρατείνειν
3119 1821 3134 1844 ,
3193 1783 3356 1846 αὐτὸς
3409 1784 3586 1838 ἑαυτοῦ
3627 1786 3757 1852 ἀγνοεῖ

549 1879 735 1934 catur,
767 1870 1136 1925 substantiam
1166 1868 1283 1938 ipse
1306 1882 1462 1922 suam
1490 1869 1725 1938 ignorat,
1751 1882 1876 1922 cum
1903 1869 1970 1920 ab
2003 1875 2124 1921 utra

2184 1858 2228 1914 Β
2256 1875 2355 1947 τὴν
2386 1875 2572 1928 οὐσίαν
2616 1873 3014 1947 περιαγόμενος
3043 1872 3150 1926 ὐπὸ
3181 1875 3444 1943 γενέσεως
3475 1876 3560 1930 καὶ
3593 1876 3757 1946 ἀγεννη-

552 1977 684 2032 que,
717 1960 886 2033 geniti
926 1959 1139 2016 scilicet
1171 1968 1337 2029 atque
1368 1958 1620 2029 ingeniti,
1657 1958 1922 2028 qualitate
1947 1957 2152 2012 distra-
2261 1969 2402 2032 σίας,

559 2056 745 2111 batur.

627 2143 740 2198 XL.
784 2142 842 2197 Si
878 2157 1008 2197 vero
1055 2141 1298 2213 genitum
1335 2140 1672 2196 conditionis
1703 2141 1934 2212 ingeniti
1983 2140 2158 2212 parti-

2329 2146 2420 2203 M'.
2457 2146 2520 2200 Εί
2557 2146 2616 2202 δὲ
2675 2145 2771 2200 καὶ
2818 2145 2880 2198 τὸ
2916 2143 3176 2216 γεννητὸν
3227 2145 3519 2216 μετείληφε
3547 2143 3762 2216 μετουσίας

556 2255 688 2309 ceps
718 2248 824 2302 est,
855 2245 909 2293 et
943 2235 997 2290 in
1023 2235 1193 2306 geniti
1238 2243 1434 2290 natura
1489 2244 1752 2305 perpetuo
1801 2243 2008 2299 manet,
2058 2250 2131 2290 ne

2259 2241 2577 2311 ἀγεννήτου,
2609 2241 2668 2293 ὲν
2692 2238 2750 2292 δὲ
2776 2237 3039 2308 γεννητοῦ
3069 2237 3230 2308 φύσει
3257 2237 3611 2309 ἀτελευτήτως
3629 2236 3763 2306 διαμέ-

564 2346 720 2387 cesse
748 2337 855 2394 est,
889 2335 950 2383 ut
983 2344 1044 2385 se
1089 2326 1408 2398 imperfecta
1447 2326 1502 2380 in
1557 2335 1754 2380 natura
1791 2327 2139 2382 constitutun

2259 2347 2391 2395 νειε,
2419 2331 2468 2383 εί
2499 2331 2520 2361 ⁸
2547 2329 2646 2400 μὲν
2666 2328 2731 2400 δὴ
2759 2329 2926 2399 ἀτελῆ
2962 2327 3120 2398 φύσει
3142 2328 3404 2396 γινώσκει
3424 2327 3593 2391 αὐτὸν,
3618 2328 3767 2396 ἀγνοιῖιν

555 2439 679 2478 esse
729 2428 1066 2493 cognoscat,
1117 2429 1172 2474 et
1226 2419 1373 2473 illam
1427 2418 1653 2489 ingeniti
1709 2420 2130 2474 communionen

2259 2423 2502 2494 δηλονότι
2547 2422 2648 2494 τὴν
2697 2421 2995 2492 ἀγέννητον
3049 2421 3367 2492 μετουσίαν.
3401 2420 3475 2474 Οὐ
3506 2419 3603 2490 γὰρ
3623 2414 3708 2473 οἷόν
3729 2435 3767 2471 τε

558 2514 794 2586 ignoret.
857 2511 1047 2583 Neque
1089 2510 1238 2566 enim
1288 2510 1432 2564 idem
1473 2509 1542 2564 de
1581 2509 1765 2580 scipso
1801 2519 1858 2564 et
1903 2510 2133 2581 ingenita

2259 2515 2422 2570 αὐτὸν
2455 2515 2584 2586 περὶ
2611 2513 2807 2568 ἑαυτοῦ
2835 2512 2932 2566 καὶ
2962 2512 3258 2582 ἀγεννήτου
3282 2512 3467 2575 οὐσίας
3485 2512 3659 2580 γνῶσιν
3673 2511 3770 2580 ἔχειν

557 2606 882 2665 substantia:
939 2612 994 2659 et
1030 2603 1227 2675 genitae
1259 2601 1516 2656 notitiam
1561 2600 1861 2658 informare
1896 2613 2097 2673 potest.

1098 2603 1227 2659 nitaa
1259 2601 1516 2656 notitiam
1561 2600 1861 2658 informare
1896 2613 2097 2673 potest.
2261 2608 2356 2662 καὶ
2384 2606 2672 2677 γεννητῆς.

629 2697 765 2752 XLI.
807 2698 864 2752 Si
896 2697 1119 2768 ingeniti
1151 2694 1458 2766 proprietas
1516 2694 1653 2750 levis
1697 2703 1784 2749 est
1837 2709 1902 2750 ac
1947 2693 2159 2748 minimi

2331 2697 2466 2754 MA'.
2495 2699 2557 2751 Et
2584 2697 2640 2751 δὲ
2672 2690 3146 2767 εὐκαταφρόνητόν
3202 2697 3322 2749 έστι
3357 2695 3418 2750 τὸ
3447 2693 3701 2764 ἀγέννητον
3718 2691 3773 2745 διὰ

573 2790 847 2852 facienda,
881 2787 1032 2858 quod
1065 2787 1120 2842 in
1152 2785 1514 2842 mutationem
1547 2786 1804 2856 proclivis
1837 2785 1930 2848 sit,
1961 2785 2148 2840 immu-

2265 2791 2569 2863 μεταϐολῆς
2615 2790 3063 2861 ἐπιτηδειότηταο
3115 2788 3341 2859 ἀξίωμα
3400 2785 3601 2858 φύσεώς
3646 2786 3775 2846 ἐστιν,

562 2879 747 2935 tabilis
775 2876 1082 2935 substantia
1109 2883 1320 2931 natura:
1353 2873 1604 2944 quaedam
1632 2872 1876 2944 dignitas
1897 2880 2001 2939 est,
2035 2888 2137 2927 cun

2261 2885 2416 2939 οὐσία
2463 2883 2873 2955 ἀμετάϐλητος,
2922 2882 3020 2952 τῆς
3080 2881 3382 2953 ἀγεννήτου
3437 2880 3613 2944 οὐσίας
3651 2877 3776 2947 πάσης

561 2975 804 3047 ingenita
872 2972 1184 3028 substantia
1255 2970 1503 3026 omnium
1559 2969 1913 3026 confessione
1967 2969 2136 3024 causi:

1683 2969 1913 3026 iessione
1967 2969 2156 3025 causis
2263 2977 2454 3040 αἰτίας·
2473 2977 2782 3050 κρείττονος
2808 2973 3258 3046 ὡμολογημένης.

565 3067 824 3124 omnibus
847 3065 1163 3122 antecellat.

636 3159 796 3215 XLII.
817 3252 823 3253 γ
841 3157 900 3214 Si
921 3157 1223 3253 ingenitum
1241 3155 1707 3253 causamAnull-am
1730 3153 1951 3253 penitus
1969 3153 2157 3217 habet,
2189 3191 2211 3253 (

2206 3190 2236 3253 3
2335 3159 2470 3214 MB’.
2503 3159 2567 3214 El
2593 3157 2654 3212 τὸ
2685 3157 2982 3228 ἀγέννητον
3028 3155 3210 3226 πάσης
3244 3154 3428 3217 αίτίας
3453 3153 3701 3224 ἐξῄρηται,
3725 3144 3781 3214 εἴη

566 3253 787 3322 sintque
814 3249 1055 3322 ingenita
1078 3247 1382 3319 complura,
1421 3245 1586 3316 93o
1613 3245 1942 3300 immutabili
1965 3251 2141 3298 natur:

2204 3239 2235 3253 ”
2267 3251 2325 3306 δὲ
2353 3250 2525 3305 πολλά
2552 3250 2853 3322 ἀγέννητα’
2891 3246 3316 3319 ἀπαράλλακτον
3334 3245 3512 3312 ἕξουσι
3539 3242 3626 3314 τὴν
3651 3239 3779 3311 φύσιν.

565 3343 919 3398 constabunt.
955 3338 1146 3410 Neque
1183 3338 1329 3393 enim
1373 3337 1522 3392 velut
1555 3335 1820 3390 attributa
1850 3333 2140 3389 communi:

2267 3341 2343 3395 Οὐ
2374 3341 2483 3411 γάρ
2512 3341 2598 3403 ἂν,
2621 3338 2696 3411 μὴ
2727 3336 3110 3408 ἀποκληρώσει
3138 3335 3359 3405 φύσεως
3380 3333 3520 3397 τινὸς
3549 3328 3701 3386 κοινοῦ
3723 3325 3783 3380 καὶ

564 3434 856 3504 cujusdam
931 3445 995 3486 ac
1038 3429 1333 3501 peculiaris
1378 3435 1592 3482 natura;
1630 3425 1946 3480 conditione
1993 3423 2139 3494 parti

2054 3423 2165 3478 ινιί·
2271 3435 2400 3490 ἰδίου
2425 3434 2804 3506 μετειληφυῖα,
2838 3433 2871 3503 ἡ
2900 3431 2999 3502 μὲν
3023 3428 3220 3493 ἐποίει,
3257 3429 3293 3499 ἡ
3322 3428 3380 3482 δὲ
3415 3427 3629 3496 ἐγίνετο.

570 3541 812 3598 cepsque
844 3523 1011 3588 facta,
1054 3522 1227 3578 altera
1253 3519 1442 3575 molita
1474 3528 1579 3583 est,
1609 3517 1774 3573 altera
1809 3515 2094 3588 producta.

638 3597 822 3684 XLIII.
867 3615 926 3672 Si
975 3615 1287 3671 substantia
1317 3613 1498 3668 omnis
1539 3612 1784 3682 ingenita
1816 3617 1922 3674 est,
1953 3608 2094 3663 nihil
2136 3622 2166 3661 a

2339 3616 2470 3671 Ml".
2506 3616 2569 3669 El
2595 3616 2744 3669 πᾶσα
2778 3612 2937 3666 οὐσία
2983 3611 3131 3664 ἐστὶν
3155 3608 3479 3679 ἀγέννητος,
3525 3597 3786 3674 οὐδοποτέρβ

570 3725 632 3768 se
669 3709 904 3763 invicem
944 3707 1048 3761 hac
1075 3721 1145 3761 ex
1173 3713 1328 3776 parte
1357 3701 1633 3768 diﬂ‘erent,
1660 3701 1808 3772 quod
1844 3709 2040 3760 neutra
2064 3699 2145 3754 dot

2268 3707 2458 3762 διοίσει
2518 3706 2618 3777 τῆς
2673 3705 2840 3776 ἀλλης
2888 3702 3031 3757 κατά
3075 3701 3136 3755 τὸ
3177 3702 3496 3756 ἀδέσποτον.
3527 3697 3639 3760 Πῶς
3657 3689 3728 3747 οὖν
3747 3691 3787 3744 ἄν

571 3802 856 3857 mlnationi
899 3799 1150 3870 subjecta
1181 3797 1256 3853 sit
1289 3796 1544 3852 alterius.
1593 3794 1778 3861 Quare
1807 3794 2034 3864 quinam
2089 3791 2146 3846 af

2270 3819 2354 3865 τις
2376 3800 2512 3871 φαίη
2535 3799 2634 3871 τὴν
2671 3799 2769 3870 μὲν
2799 3793 3254 3868 μεταϐάλλεσθαι,
3284 3794 3387 3864 τὴν
3408 3793 3463 3846 δὲ
3483 3785 3789 3864 μεταδάλλειν,

573 3893 780 3948 firmari
821 3897 1022 3962 potest,
1055 3888 1255 3944 mutari
1289 3901 1480 3952 unam,
1513 3885 1743 3941 alteram
1771 3877 2004 3947 mutare,
2040 3897 2148 3937 cur:

2270 3891 2373 3944 οὐκ
2396 3890 2802 3962 ἐπιτρεπόντων
2827 3886 2906 3957 τῷ
2930 3882 3050 3956 Θεῷ
3083 3883 3318 3954 ὐφιστᾷν
3352 3885 3419 3937 ὲκ
3452 3882 3526 3954 μὴ
3553 3871 3789 3939 ὑποκειμέ-

575 3983 688 4040 Deo
731 3985 958 4038 minime
985 3981 1328 4053 permittant,
1364 3986 1425 4034 ut
1453 3994 1522 4034 ex
1551 3977 1701 4033 nulla
1733 3976 1982 4048 subjecta
2033 3975 2169 4032 sub-
2272 3999 2369 4053 νης
2399 3981 2625 4047 οὐσίας;

574 4075 776 4132 stantia
807 4075 1096 4145 producat.

648 4165 833 4222 XLIV.
877 4166 935 4222 Si
967 4165 1149 4221 omnis
1181 4161 1494 4221 substantia
1529 4159 1772 4229 ingenita
1811 4167 1918 4225 est,
1947 4158 2171 4229 perinde

2342 4162 2473 4216 MA'.
2506 4160 2569 4214 Et
2604 4159 2753 4214 πᾶσα
2784 4157 2943 4211 οὐσία
2975 4157 3124 4210 ἐστὶν
3177 4154 3497 4226 ἀγέννητος,
3528 4149 3662 4206 πάσά
3688 4148 3797 4202 ἐστι*

575 4266 631 4312 ει
674 4256 822 4310 nulla
857 4254 1137 4310 variabilis
1165 4261 1269 4309 est.
1303 4250 1460 4319 Quod
1494 4252 1540 4306 si
1578 4249 1780 4306 variari
1823 4257 2022 4304 natura
2061 4265 2150 4302 nor

2275 4251 2718 4323 ἀπαράλλακτος.
2781 4249 2892 4320 Τῆς
2946 4249 3004 4302 δὲ
3057 4248 3248 4311 οὐσίας
3310 4247 3373 4300 τὸ
3446 4241 3796 4315 ἀπαράλλακτον

576 4356 777 4422 potest,
815 4360 979 4417 agere
1019 4360 1084 4399 ac
1137 4343 1273 4415 pati,
1309 4341 1379 4398 ad
1409 4341 1697 4398 fortuitum
1727 4339 2025 4412 quemdam
2072 4353 2151 4394 ca-

2271 4346 2524 4418 ἐχούσης,
2582 4345 2644 4398 τὸ
2701 4345 2874 4397 ποιεῖν
2927 4343 3022 4396 καὶ
3075 4341 3138 4396 τὸ
3185 4342 3417 4413 πάσχειν
3469 4326 3796 4408 αὐτοματισμῷ

577 4457 696 4495 sum
733 4437 1018 4494 referenda
1041 4444 1193 4493 sunt.
1435 4443 1442 4446 ’

1010 4455 1018 4492 ι
1041 4444 1193 4493 sunt.
1435 4443 1442 4446 ’
2272 4439 2585 4494 ἀναθετέον.

652 4527 812 4582 XLV.
851 4528 1010 4595 Quod
1035 4529 1083 4585 si
1117 4529 1288 4583 multa
1313 4527 1424 4585 sint
1453 4525 1695 4598 ingenita
1720 4533 1776 4579 et
1798 4522 2166 4588 invariabilia,
2202 4529 2227 4586 ί

2222 4531 2245 4585 )
2344 4532 2476 4585 ME’.
2527 4529 2744 4584 Πολλῶν
2787 4531 2844 4584 δὲ
2888 4529 3058 4584 ὄντων
3115 4530 3432 4599 ἀγεννήτων
3479 4525 3568 4579 καὶ
3607 4512 3797 4588 ἀπαραλ-

583 4623 733 4676 nullo
763 4630 913 4678 certo
936 4637 966 4676 a
995 4637 1056 4678 se
1081 4622 1317 4677 invicem
1347 4634 1574 4675 numero
1607 4617 2022 4688 discrepabunt.
2067 4612 2158 4670 Ne-

2279 4624 2513 4688 λάκτων,
2536 4622 2920 4694 ἀναριθμήτως
2947 4622 3239 4677 διοίσουσιν
3262 4621 3528 4692 ἀλλήλων.
3551 4616 3620 4669 Οὐ
3638 4613 3724 4681 γὰρ
3750 4606 3794 4658 ἂν

581 4729 688 4784 que
721 4713 864 4768 enim
900 4713 1292 4783 comprehendi
1338 4725 1571 4766 numero
1603 4716 1886 4779 poterunt,
1918 4723 2042 4778 quae
2086 4708 2156 4760 vei

2280 4717 2368 4788 εἴη
2396 4714 2675 4787 ἀριθμητά
2705 4714 2772 4768 τά
2796 4713 3062 4768 διεστῶτα
3089 4714 3120 4778 ἦ
3145 4712 3400 4776 καθόλου,
3433 4711 3465 4780 ἢ
3494 4707 3624 4762 κατά
3650 4722 3710 4760 τι.
3728 4696 3798 4749 πά-

587 4805 856 4870 absolnte,
894 4806 980 4860 vel
1011 4805 1194 4876 aliqua
1231 4820 1298 4860 ex
1340 4810 1495 4875 parte
1535 4801 1822 4866 differant;
1865 4814 1990 4854 cum
2019 4797 2162 4852 diffe-

2282 4824 2382 4877 σης
2429 4806 2761 4867 διαστάσεως
2826 4803 3253 4875 ἀποκληρώματί
3281 4803 3301 4835 ³
3330 4821 3450 4856 τινα
3475 4793 3798 4871 ἐμφαινούσηςι

589 4899 761 4952 rentia
799 4898 979 4954 omnis
1008 4898 1385 4954 determinatae
1417 4911 1602 4953 causa:
1647 4895 1702 4948 in
1749 4893 1993 4964 ingenita
2023 4903 2164 4946 natu-

1919 4893 1993 4946 ita
2023 4903 2176 4946 natu-
2285 4900 2414 4974 [ἔτι]
2450 4902 2900 4972 ἀποτεταγμένης
2927 4898 3226 4969 ἀγεννήτου
3259 4896 3491 4966 φύσεως.

599 5002 657 5040 ra
690 4989 839 5042 velut
867 4991 1190 5045 attributam
1227 4998 1434 5048 sortem
1465 4986 1762 5060 significet.

661 5075 846 5132 XLVI.
890 5080 949 5134 Si
1005 5079 1223 5152 [verba]
1269 5065 1562 5152 ingenitus.
1609 5085 1666 5134 et
1723 5076 1866 5131 Deus
1925 5089 2024 5145 pro
2069 5088 2180 5129 uno

2357 5085 2500 5153 HG".
2537 5085 2600 5138 Εί
2623 5083 2684 5137 τὸ
2704 5081 3033 5152 ἀγέννητος
3051 5080 3145 5135 καὶ
3163 5080 3224 5134 τδ
3259 5078 3405 5146 Θεὸς
3434 5079 3496 5131 ὲκ
3522 5066 3803 5145 παραλλήλω

597 5169 894 5238 eodemque
943 5182 1249 5238 sumantur,
1292 5173 1568 5244 ingenitus
1624 5170 1924 5242 ingenitqu
1968 5168 2172 5239 genuit.

2287 5177 2349 5230 τὸ
2375 5177 2506 5230 αὐτὸ
2534 5176 2700 5248 δηλοῖ,
2734 5175 3028 5245 ἀγέννητον
3056 5172 3350 5243 ἀγέννητος
3376 5170 3668 5238 ἐγέννησεν.
3699 5159 3747 5211 El

602 5258 696 5314 Sin
744 5259 1022 5316 diversum
1049 5263 1327 5332 quiddam,
1363 5263 1591 5334 ingeniti
1623 5277 1688 5316 ac
1745 5261 1839 5315 Dei
1893 5259 2177 5325 vocabula,

2289 5266 2475 5338 ἔτερόν
2503 5284 2554 5320 τι
2573 5244 2726 5337 δηλοῖ
2755 5265 2816 5317 τὸ
2847 5244 3165 5334 ἀγέννητον,
3197 5262 3381 5332 ἕτερον
3403 5261 3461 5314 δὲ
3487 5258 3544 5312 τὸ
3570 5252 3711 5316 Θεὸςο

601 5352 898 5415 declarant,
950 5368 1294 5423 nequaquam
1317 5317 1614 5411 absiirdum
1671 5363 1779 5419 est,
1813 5353 1984 5408 Deum
2026 5351 2176 5408 αἱ)εο

2514 5317 2820 5426 δεντὲῥθεῷ
2860 5317 2999 5408 εἐδνί
3035 5317 3440 5424 γεγεννηέέναι,
3480 5343 3713 5414 ἑκατέρου
3735 5317 3816 5402 ibi

602 5445 838 5513 genitam
861 5461 1004 5512 esse,
1042 5461 1166 5500 cum
1213 5452 1445 5516 uterque
1477 5447 1546 5502 ab
1584 5448 1826 5518 ingenita
1871 5444 2177 5502 substantia

1883 5444 2184 5502 substantia
2291 5447 2526 5520 ὓπαρξιν
2557 5447 2813 5512 λαὸόντος
2847 5446 2908 5512 ἐξ
2932 5446 3229 5516 ἀγεννήτου
3257 5445 3458 5506 οὐσίας.

604 5535 866 5606 originem
903 5537 1144 5592 duxerit.

675 5603 880 5679 XLVII.
924 5624 980 5679 Si
1018 5633 1145 5680 ante
1178 5623 1350 5678 Deum
1382 5623 1516 5678 nihil
1557 5626 1782 5682 omnino
1809 5627 1932 5692 fuit,
1979 5625 2058 5681 uti
2098 5641 2186 5683 re-

2365 5626 2499 5682 MZ'.
2533 5627 2596 5681 Et
2619 5625 2676 5680 δὲ
2714 5625 2774 5680 τὸ
2810 5625 2917 5697 πρὸ
2939 5624 3033 5680 τοῦ
3070 5619 3207 5680 Θεοῦ
3233 5621 3397 5696 μηδὲν
3422 5621 3528 5692 εῐη,
3548 5615 3715 5683 ὥσπερ
3731 5603 3804 5658 οὐκ

685 5772 697 5801 ¹
729 5775 856 5831 Cor.
880 5779 1001 5848 ὁρᾷ.
1100 5783 1121 5814 ⁸
1159 5781 1288 5836 Cor.
1320 5781 1376 5838 ὲν
1411 5791 1464 5838 ει
1494 5783 1692 5840 ἀτελεῖ.
1770 5785 1789 5816 ³
1822 5803 1910 5852 γρ.
1955 5781 2422 5855 ἀποκληρὼματα.
