3988 6408
105 337 239 395 565

705 335 1074 393 ADVERSUS
1112 336 1457 394 IUERESES
1494 337 1624 398 LIB.
1667 341 1730 400 lll

1838 345 1964 406 'OM.
2006 347 2048 404 l.
2091 379 2159 390 —
2198 348 2474 408 ΠᾸΞΒΕΒ.
2515 351 2752 413 LXXVI.

3326 365 3432 422 546

109 455 276 518 ἐστι,
343 454 406 506 τὸ
436 452 581 520 Θεὸς
637 453 812 507 καὶτὸ
854 453 1152 526 ἀγέννητον
1209 455 1424 510 ταυτὸν·
1450 457 1620 528 δηλοῖ,
1679 463 1730 514 οἰ

1846 481 1974 521 vera
2021 467 2158 522 nihil
2199 469 2430 537 exstitit,
2479 473 2624 528 Deus
2650 481 2707 530 et
2736 475 3041 546 ingenitum
3087 477 3233 534 idem
3271 482 3434 551 plane

109 545 509 619 προσιεμένου
580 545 676 598 τοῦ
751 546 1096 616 γεννήματος
1157 548 1219 601 τὸ
1267 550 1583 621 ἀγέννητον.
1650 553 1742 606 Διδ

109 638 258 692 οὐδὲ
309 639 376 691 τὸ
424 637 891 709 συνεκφωνεῖσθαι
933 638 1012 710 τῷ
1051 639 1172 711 Θεῷ
1211 641 1306 694 καὶ
1366 642 1543 714 Πατρὶ
1591 643 1742 716 αὐτῷ

107 731 427 801 ἀνέχεται.

204 823 603 894 Ἐρῤωμένους
651 825 746 879 καὶ
794 824 1116 898 ἐρρωμένας
1157 825 1302 896 ὑμᾶς
1327 828 1355 881 ὁ
1385 827 1462 881 ὢν
1491 828 1744 898 αὐτογέν-

105 933 299 986 νητος
336 916 492 982 Θεὸς,
528 919 556 970 ὁ
582 919 678 970 καὶ
713 918 873 989 μόνος
897 917 1152 989 ἀληθινὸς
1181 918 1316 982 Θεὸς
1368 937 1742 993 προσαγορευ-

102 1008 248 1070 θεὶς
319 1009 430 1062 ὑπὸ
483 1009 579 1063 τοῦ
641 1010 1043 1074 ἀποσταλέντος
1108 1011 1284 1083 Ἰησοῦ
1313 1013 1574 1084 Χριστοῦ,
1607 1015 1740 1068 ὑπο·

104 1101 370 1164 στάντος
419 1117 481 1154 τε
537 1101 754 1173 άληθῶς
795 1103 904 1174 πρὸ
939 1103 1174 1169 αἰώνων,
1203 1105 1298 1158 καὶ
1337 1105 1490 1170 ὄντος
1522 1105 1740 1177 ἀληθῶς

106 1193 411 1263 γεννητῆς
442 1194 818 1259 ὑποστάσεως,
849 1195 1175 1267 διατηρήσει
1197 1197 1308 1250 ἀπὸ
1331 1198 1430 1267 τῆς
1455 1199 1736 1264 ἀσεϐείας,

108 1289 173 1339 ta
206 1285 448 1356 Χριστῷ
499 1286 673 1358 Ἰησοῦ
705 1287 782 1357 τῷ
817 1287 1009 1359 Κυρίῳ
1032 1288 1212 1358 ἡμῶν,
1252 1289 1319 1342 δι’
1340 1283 1402 1342 οὗ
1440 1292 1592 1346 πᾶσα
1611 1293 1739 1360 δόξα

105 1377 195 1446 τῷ
230 1378 421 1450 Πατρὶ
450 1379 547 1432 καὶ
571 1377 667 1433 νῦν
695 1379 792 1432 καὶ
832 1379 920 1432 ὀιεῒ¹
960 1379 1054 1433 καὶ
1103 1381 1184 1444 εἰς
1238 1381 1366 1445 τοὺς
1395 1382 1599 1448 αἰῶνας
1627 1385 1738 1440 τῶν

107 1469 348 1523 αἰώνων
357 1510 374 1523 .
430 1473 488 1524 Ἀ
496 1472 624 1542 μήν.

80 1582 91 1616 ι
185 1563 574 1633 Πεπλήρωται
606 1563 665 1616 τὸ
694 1563 980 1636 σύνταγμα
1008 1565 1119 1619 τῶν
1147 1565 1378 1620 Ἀετίου.

185 1654 315 1706 Καὶ
342 1653 462 1706 ἔστι
493 1653 604 1708 τῶν
627 1655 708 1718 εἰς
731 1657 764 1726 ή
775 1656 882 1726 μᾶς
915 1655 1024 1709 ἀπὸ
1042 1655 1244 1727 μέρους
1271 1655 1535 1710 ἐλθόντων
1563 1654 1732 1708 αὐτοῦ

104 1744 482 1816 φθοριμαίων
532 1743 753 1811 λέξεων,
803 1747 881 1810 ὡς
934 1746 1096 1817 ἔφην,
1134 1748 1168 1818 ἡ
1215 1747 1358 1820 ἀρχὴ
1403 1750 1536 1818 παρ’
1571 1748 1732 1818 ἡμῶν

1845 558 2180 630 significant,
2215 575 2341 616 cum
2381 562 2566 634 genita
2605 564 2825 622 soboles
2856 566 3160 638 ingenitum
3189 583 3298 622 non
3334 569 3434 624 ad.

1843 651 2043 705 mittat.
2084 649 2240 706 Unde
2297 667 2423 706 cum
2452 652 2566 710 Deo
2599 671 2663 711 ac
2695 655 2857 714 Patre
2900 673 3003 713 suo
3033 659 3200 715 simul
3243 661 3434 730 appel-

1844 740 1944 795 lari
1975 758 2098 798 sese
2120 759 2230 798 non
2263 746 2493 814 patitur.

1912 832 2059 891 Deus
2106 835 2217 898 ille,
2254 838 2348 908 qui
2393 853 2424 892 a
2473 839 2626 894 nullo
2665 841 2775 895 alio
2820 842 3040 912 genitus
3083 854 3188 908 est,
3223 844 3432 914 quique

1842 925 1994 982 solus
2029 944 2196 984 verus
2232 929 2380 986 Deus
2417 931 2486 984 ab
2529 930 2659 987 Jesu
2697 932 2940 996 Christo,
2969 935 3062 1004 qui
3087 933 3170 988 ‘ah
3198 950 3264 989 eo
3295 937 3428 990 mis-

1842 1034 1938 1075 sus
1979 1029 2123 1083 erat,
2160 1023 2464 1092 appellatus
2495 1031 2598 1090 est,
2645 1023 2890 1089 Christo,
2925 1027 3171 1094 inquam,
3213 1025 3306 1095 qui
3344 1042 3430 1079 ro.-

1840 1126 1970 1166 vera
2011 1121 2137 1168 ante
2169 1114 2370 1168 saecula
2402 1115 2588 1169 omnia
2627 1116 2861 1180 exstitit,
2895 1123 3092 1186 estque
3119 1115 3239 1171 sine
3260 1116 3434 1171 dubio

1839 1207 2020 1273 genita
2067 1206 2401 1274 substantia,
2446 1222 2614 1262 sanos
2654 1223 2773 1274 vos,
2811 1223 3088 1278 sanasque
3121 1217 3176 1263 et
3214 1208 3429 1261 incolu-

1840 1309 1960 1350 mes
2001 1296 2070 1351 ab
2114 1297 2396 1367 impietate
2439 1298 2754 1362 custodiat,
2795 1301 2850 1354 in
2889 1301 3112 1355 Christo
3158 1298 3286 1356 Jesu
3321 1299 3430 1353 Do-

1837 1385 1990 1441 mino
2010 1396 2239 1444 nostro:
2269 1405 2364 1460 per
2389 1405 2551 1460 quem
2574 1391 2756 1446 omnis
2780 1393 2954 1461 gloria
2978 1391 3129 1445 Patri
3177 1404 3233 1447 et
3283 1407 3432 1446 nunc

1835 1484 1892 1532 et
1925 1493 2164 1549 semper,
2197 1488 2249 1534 et
2281 1483 2335 1536 in
2372 1481 2571 1537 saecula
2603 1482 2956 1538 saeculorum.
2983 1485 3180 1538 Amen.

1919 1567 2201 1626 Hactenus
2239 1573 2382 1627 Aetii
2410 1574 2762 1643 opusculum.

1908 1661 2023 1717 Hoc
2069 1663 2233 1733 igitur
2273 1665 2874 1734 perniciosissimarum
2925 1665 3068 1722 Aetii
3122 1667 3431 1723 sententia-

1835 1768 1994 1817 rum,
2030 1770 2264 1824 quarum
2294 1755 2362 1810 ad
2394 1771 2496 1811 nos
2543 1757 2827 1827 particulae.
2871 1757 3120 1828 quaedam
3164 1774 3429 1828 pervene-
3509 1768 3521 1779 '

99 1837 553 1910 ἁνατρεπομένη
594 1838 758 1910 αῦτη.
806 1839 1114 1910 Τριακόσια
1151 1838 1261 1909 γὰρ
1291 1839 1427 1910 ὁμοῦ
1456 1839 1726 1909 κεφάλαια

1838 1852 1980 1908 runt,
2018 1845 2346 1916 principium
2376 1855 2462 1902 est
2496 1855 2685 1902 nostra
2729 1847 2833 1902 hac
2865 1849 3240 1919 diSputatione
3270 1849 3430 1904 refel-

94 1932 470 2003 ὁμοιότροπα
509 1931 722 1995 τούτοις
769 1931 932 2000 φασὶν
989 1931 1156 1985 αὐτὸν
1201 1931 1582 2002 πεποιηκέναι,
1635 1932 1736 1986 πά-

93 2042 215 2095 σης
289 2023 647 2094 βλασφημίας
688 2021 925 2093 ἔμπλεα.
981 2020 1248 2075 Ἐνταῦθα
1287 2021 1345 2075 δὲ
1382 2020 1458 2084 ὼς
1495 2019 1731 2074 ἀπολλυ-

91 2119 292 2188 μένου
327 2115 582 2186 σώματος
615 2113 847 2187 ἑρπετοῦ
882 2113 976 2168 καὶ
1009 2113 1577 2182 σαπέντος,ὲπηϐόλου
1607 2115 1622 2143 ⁸
1645 2131 1727 2166 τι·

87 2211 194 2275 νὸς
219 2207 535 2263 σπουδαίου
573 2205 980 2278 ἀναλεξαμένου
1010 2204 1118 2259 τῶν
1151 2204 1244 2258 τοῦ
1275 2202 1507 2274 ἑρπετοῦ
1538 2203 1727 2273 λειψά-

85 2321 217 2356 νων
245 2300 326 2354 τά
348 2299 515 2353 ὀστέα
549 2301 628 2363 εἰς
648 2298 828 2370 λύμην
861 2297 1045 2360 τινῶν,
1078 2297 1148 2368 ἢν
1196 2297 1470 2367 καυχᾶται
1504 2295 1726 2349 ὲπιϐουυ

83 2396 206 2469 λὴν
246 2392 646 2463 πεποιηκέναι,
677 2392 792 2445 τισὶ
822 2389 1052 2462 γράφων
1073 2388 1256 2460 δῆθεν,
1289 2388 1367 2452 ὡς
1393 2386 1537 2442 κατὰ
1579 2387 1726 2458 φιλο-

83 2487 321 2542 καλίαν
358 2485 606 2556 περιέχει
637 2483 700 2537 τὸ
743 2481 1167 2552 συνταγμάτων,
1200 2472 1262 2533 οὗ
1296 2482 1328 2553 ἡ
1355 2479 1500 2551 ἀρχὴ
1529 2479 1725 2544 οὕτως,

83 2574 158 2633 οὗ
190 2580 429 2634 εἵνεκεν
484 2579 580 2633 καὶ
625 2576 781 2632 αὐτοὶ
804 2576 904 2646 τῆς
935 2574 1031 2628 τοῦ
1065 2572 1202 2627 Θεοῦ
1237 2572 1518 2645 ἐνεργείας
1542 2573 1610 2626 τὰ
1640 2574 1724 2625 ία-

87 2673 241 2728 τικὰ
291 2671 415 2724 τῶν
479 2671 655 2740 λόγων
703 2670 802 2740 τῆς
853 2669 1004 2732 θείας
1050 2666 1278 2738 Γραφῆς
1331 2664 1725 2735 ἀναλεξάμενοι

91 2767 203 2823 ἀπ’
265 2764 454 2836 ἀρχῆς
513 2762 643 2833 ἄχρι
688 2761 895 2825 τέλους,
968 2757 1380 2830 ἀνατρεπτικὴν
1425 2757 1723 2822 ἀντίδοτον,

89 2854 638 2924 κατασκευάσωμεν
667 2853 780 2916 τοῖς
802 2849 1154 2922 βουλομένοις
1196 2847 1413 2920 ἰαθῆναι
1436 2849 1536 2918 τῆς
1555 2846 1725 2902 αὑτοῦ

92 2949 396 3013 ἰοϐολίας,
432 2945 693 3016 ἄντικρυς
744 2942 984 3007 ἑκάστης
1025 2939 1228 3006 λέξεως
1263 2938 1579 3012 ἀνατροπὰς
1620 2954 1727 2992 πα-

91 3042 502 3118 ραθησόμενοι
550 3037 661 3092 τῶν
708 3036 893 3092 αὐτῶν
938 3032 1365 3104 συλλογιστικῶν
1411 3031 1726 3103 κεφαλαίων

88 3138 294 3199 τεῦτως
323 3150 342 3166 ⁸

1836 1937 2094 2004 lendum;
2143 1936 2330 1992 ferunt
2367 1940 2512 1994 enim
2562 1947 2810 1996 trecenta
2855 1940 2926 1996 a‘b
2974 1940 3070 1996 illo
3111 1941 3430 2014 conscripta

1829 2027 1990 2098 931
2033 2029 2273 2097 capitula
2302 2030 2533 2085 istorum
2566 2031 2790 2097 similia,
2827 2047 2892 2087 ac
2919 2034 3269 2088 contumeliis
3295 2035 3432 2090 divi-

1828 2134 1959 2172 num
1989 2119 2043 2173 in
2067 2117 2281 2173 Numen
2306 2121 2529 2176 referta.
2563 2121 2662 2175 llic
2682 2129 2865 2176 autem
2892 2123 3123 2192 perinde
3147 2138 3211 2177 ac
3234 2123 3281 2179 si
3304 2124 3430 2193 quis

1827 2213 2064 2266 emortui
2098 2210 2390 2280 cujusdam
2432 2227 2496 2266 ac
2542 2213 2837 2284 putrefacti
2883 2214 3158 2284 serpentis
3209 2216 3422 2285 peritus

1827 2316 1892 2356 ac
1937 2303 2221 2358 studiosus
2261 2301 2458 2358 artifex
2505 2304 2767 2374 reliquias
2807 2311 2973 2375 atque
3019 2319 3148 2360 ossa
3193 2307 3424 2377 legerit,

1828 2394 1903 2449 ita
1935 2393 2207 2466 pestiferae
2255 2394 2402 2448 illius
2441 2396 2709 2451 doctrinae
2741 2404 2971 2466 partem,
3005 2412 3170 2468 quam
3213 2398 3282 2452 ad
3321 2398 3425 2453 ho-

1827 2487 2004 2542 mines
2029 2486 2384 2556 decipiendos
2414 2489 2623 2558 scripto
2654 2476 2747 2542 illo
2771 2503 2874 2544 suo
2899 2488 2968 2543 ad
2996 2491 3266 2560 quosdam
3288 2491 3420 2545 dato
3436 2540 3451 2556 ,

1827 2576 2127 2639 commisit,
2176 2590 2242 2630 ac
2269 2575 2338 2630 de
2366 2590 2432 2630 eo
2475 2583 2735 2646 tanquam
2775 2577 2996 2649 egregio
3028 2577 3214 2648 aliquo
3261 2592 3428 2646 opere

1829 2668 2117 2738 gloriatur,
2162 2666 2350 2737 hujus,
2401 2669 2645 2736 inquam,
2680 2677 2890 2738 partem
2940 2668 3424 2724 lucubratiuncula

1829 2761 1922 2814 illa
1959 2760 2242 2826 continet,
2282 2760 2442 2830 cujus
2481 2761 2699 2816 initium
2745 2762 3166 2831 descripsimus.
3206 2760 3424 2827 Quibus

1827 2849 1896 2906 de
1935 2852 2122 2907 causis
2163 2861 2219 2906 et
2261 2866 2363 2907 nos
2396 2867 2461 2907 ex
2509 2850 2812 2923 Scripturis
2847 2853 3023 2908 sacris
3050 2853 3238 2908 divina
3271 2867 3427 2923 quae-

1828 2939 1954 2995 dam
1983 2950 2149 3013 atque
2192 2941 2571 2998 cmcacissima
2612 2943 2850 3000 remedia
2878 2945 2947 2999 ab
2980 2945 3137 3000 initio
3169 2945 3237 2998 ad
3265 2943 3431 2999 finem

1829 3049 2005 3104 usque
2038 3034 2392 3105 collegimus,
2438 3051 2505 3090 ex
2538 3035 2739 3106 quibus
2784 3035 3092 3091 antidotum
3141 3037 3422 3106 quoddam

1828 3128 2169 3188 confecimus
2204 3132 2258 3185 in
2282 3146 2472 3187 eorum
2503 3133 2732 3202 gratiam
2755 3171 2771 3197 ,
2808 3133 2900 3204 qui
2934 3134 3003 3188 ab
3029 3135 3178 3190 illius
3216 3148 3431 3190 veneno

92 3245 166 3286 ac
217 3235 390 3299 peste
427 3223 614 3281 curari
645 3221 902 3279 voluerit.
932 3221 1013 3276 Ac
1054 3217 1398 3290 singulorum
1455 3218 1852 3288 propemodum
1887 3221 2180 3283 verborum
2228 3231 2296 3278 ex
2342 3223 2696 3295 syllogisticis
2742 3225 2852 3281 illis
2908 3226 3167 3297 capitulis
3223 3225 3420 3282 confu-

98 3322 397 3378 tationem
426 3317 736 3374 istiusmodi
771 3316 1114 3391 subjecimus
1142 3334 1155 3370 :

491 3433 568 3488 Τὰ
606 3434 835 3488 Ἀετίου
877 3431 986 3488 τοῦ
1036 3430 1368 3500 Ἀνομοίου.

190 3524 432 3596 Ἐπειδὴ
459 3524 553 3578 τοῦ
583 3523 966 3595 ἐπενεχθέντος
1015 3525 1073 3576 ὲν
1120 3519 1296 3593 καιρῷ
1320 3521 1454 3591 ἡμῖν
1483 3517 1725 3588 διωγμοῦ

94 3621 222 3677 ὑπὸ
246 3619 368 3674 τῶν
393 3615 672 3689 χρονιτῶν,
702 3615 849 3679 τινὲς
873 3614 984 3668 τῶν
1014 3611 1432 3686 προειρημένων
1479 3626 1639 3679 σφετε
1650 3627 1730 3682 ρι-

93 3716 355 3786 σάμενοι
395 3709 535 3782 μετά
573 3709 669 3764 καὶ
715 3708 892 3764 ἄλλων
935 3705 1151 3761 πολλῶν
1193 3703 1530 3775 πονημάτιον
1557 3718 1727 3754 σπου-

91 3805 321 3862 δασθὲν
366 3803 502 3873 ἡμῖν
543 3799 858 3876 ἰδιαζόντως
904 3796 1035 3872 περὶ
1091 3797 1392 3868 ἀγεννήτου
1443 3792 1581 3847 Θεοῦ
1631 3793 1728 3846 καὶ

95 3892 416 3970 γεννητοῦ,
459 3892 834 3965 παρενθήκαις
878 3908 938 3944 τε
979 3889 1074 3945 καὶ
1121 3888 1443 3960 ἀφαιρέσεσι
1479 3883 1722 3954 διαφθεί-

98 4005 321 4063 ραντες
354 3984 646 4051 ἐξέδωκαν,
668 3982 768 4055 τὴν
793 3981 1086 4037 ἀκόλουθον
1116 3979 1451 4052 ἀμείψαντες
1480 3976 1725 4048 ἀγωγὴν,

95 4085 252 4160 ἦλθε
289 4085 348 4138 δὲ
386 4081 522 4153 μετά
549 4079 724 4134 ταῦτα
762 4077 921 4133 τοῦτο
945 4078 1026 4141 εἰς
1055 4077 1222 4148 ἡμᾶς,
1251 4075 1397 4137 τινὸς
1425 4073 1532 4126 τῶν
1563 4088 1729 4124 σπου-

98 4182 291 4237 δαίων
325 4178 459 4248 ἡμῖν
501 4174 633 4228 αὐτὸ
677 4170 1215 4244 προσκεκομικότος*
1255 4165 1610 4239 ἠναγκάσθην
1639 4161 1728 4218 οἷα

101 4270 313 4341 πατὴρ
365 4262 521 4330 αὖθις
572 4264 910 4333 διακαθάρας
970 4259 1251 4333 ἐκπέμψαι
1301 4259 1432 4330 ὑμῖν
1479 4258 1540 4311 τὸ
1597 4257 1729 4326 σύγ-

100 4378 392 4440 γραμμα,
419 4353 464 4414 ὦ
494 4360 698 4423 πάντες
739 4355 1022 4418 εὐσεϐείας
1061 4351 1290 4424 ἀθληταί
1330 4368 1391 4404 τε
1431 4351 1524 4405 καὶ
1563 4349 1730 4420 ἀθλή-

105 4473 296 4532 εριαι,
318 4455 469 4516 ὅπως
499 4451 565 4506 ἂν
591 4451 793 4504 εἰδέναι
824 4447 1000 4518 ἔχοιτε
1025 4446 1146 4500 κατ’
1177 4445 1384 4497 ἔννοιαν
1415 4442 1524 4532 τῶν
1559 4441 1728 4510 ἁγίων

96 4528 363 4625 Γνραφῶν
411 4543 662 4615 εἰρῆσθαι
713 4539 871 4612 ἡμῶν
929 4539 991 4592 τὺ
1044 4535 1293 4606 λογίδιον,
1327 4535 1394 4588 δι’
1444 4528 1504 4588 οῦ
1548 4533 1728 4587 πάντα

2186 3428 2326 3482 Aetii
2355 3426 2597 3483 Anomm’
2627 3428 2895 3499 prafatio.

1902 3519 2176 3588 Quoniam
2201 3521 2603 3591 persecutionis
2628 3522 2776 3578 illitis
2807 3529 3074 3592 tempore,
3105 3537 3274 3594 quam
3298 3539 3429 3580 con-

1829 3617 1915 3664 tra
1963 3625 2065 3666 nos
2114 3611 2430 3681 temporarii
2476 3611 2700 3681 quidam
2746 3611 3002 3667 homines
3063 3614 3424 3680 excitarunt,

1829 3699 2079 3754 nonnulli
2107 3715 2173 3755 ex
2195 3700 2264 3756 iis
2288 3716 2428 3771 quos
2448 3702 2712 3767 diximus,
2749 3703 2892 3758 inter
2924 3704 3030 3756 alia
3060 3705 3250 3772 multa,
3285 3721 3428 3776 opu-

1828 3792 2044 3847 sculum
2071 3793 2348 3864 quoddam
2382 3794 2638 3865 privatim
2673 3810 2702 3849 a
2736 3796 2894 3851 nobis
2940 3796 3326 3853 elucubratnm
3359 3799 3428 3856 de

1830 3881 2074 3953 ingenito
2131 3883 2244 3938 Deo
2274 3899 2339 3940 ac
2371 3886 2554 3955 genito
2592 3886 2989 3957 subripientcs,
3027 3888 3305 3959 plerisque
3331 3891 3429 3945 ad-

1829 3974 1993 4039 ditis,
2041 3986 2135 4031 aut
2182 3976 2485 4041 detractis,
2527 3977 2914 4048 interpolatum
2957 3993 3021 4034 ac
3067 3980 3425 4051 depravatum

1828 4065 2139 4131 ediderunt,
2185 4068 2505 4137 perturbata
2535 4069 2758 4140 insuper
2797 4071 3007 4128 ordinis
3052 4074 3226 4140 serie;
3262 4084 3428 4146 atque

1830 4158 1963 4213 illud
1996 4157 2138 4212 idem
2167 4167 2356 4228 postea
2390 4160 2696 4216 litterarum
2724 4163 2947 4233 quidam
2980 4165 3048 4219 ad
3076 4181 3176 4221 nos
3208 4169 3423 4224 studio-

1829 4265 1925 4306 sus
1969 4249 2174 4311 attulit,
2209 4265 2437 4306 necesse
2460 4251 2626 4307 habui
2650 4292 2664 4318 ,
2698 4261 2887 4324 utpote
2918 4255 3064 4311 illius
3098 4267 3311 4323 auctor,
3344 4274 3428 4314 re-

1829 4343 2102 4397 censitum
2126 4356 2191 4396 ac
2219 4351 2573 4413 repurgatum
2604 4359 2745 4415 opus
2775 4346 2918 4401 istud
2947 4347 3012 4401 ad
3051 4363 3146 4403 vos
3181 4351 3424 4416 mittere,

1830 4435 2146 4504 quicunque
2178 4435 2399 4506 pietatis
2429 4435 2648 4490 athletze
2674 4439 2960 4507 utriusque
2990 4455 3155 4496 sexus
3178 4443 3336 4507 estis,
3365 4451 3426 4497 ut

1831 4525 2151 4597 intelligatis
2185 4525 2321 4580 nihil
2353 4541 2464 4580 non
2494 4526 2550 4581 in
2573 4541 2639 4582 eo
2668 4543 2731 4582 ex
2771 4543 3054 4584 sacrarum
3091 4529 3422 4588 Litterarum

96 4620 419 4714 ἄνθρωπον
447 4634 749 4702 ἀντιλέγειν
773 4632 903 4703 ὑμῖν
917 4626 1303 4700 ἐπιχειροῦντα
1334 4626 1463 4696 περὶ
1492 4625 1727 4714 ἀγεννής-

1838 4634 2090 4690 germano
2119 4634 2242 4674 esse
2284 4633 2451 4674 sensu
2484 4620 2776 4690 prolatum.
2810 4622 2982 4691 Cujus
3022 4625 3240 4695 quidem
3283 4642 3424 4697 pra:-

99 4711 391 4791 τοιίΘεοῦ
419 4725 513 4780 καὶ
563 4720 824 4793 γεννητοῦ
868 4720 1060 4775 παύειν
1114 4717 1490 4788 ἀναισχυντεῖν
1542 4713 1728 4767 συντό-

1838 4711 1974 4767 sidio
2001 4726 2097 4767 eos
2119 4727 2331 4775 omnes,
2358 4713 2450 4783 qui
2477 4713 2861 4770 contradicere
2892 4716 3191 4783 voluerint,
3230 4721 3424 4789 paucis

95 4842 242 4900 μοις
297 4819 662 4890 περιτροπαῖς
707 4818 730 4848 ²
779 4811 1074 4884 δυνήσεσθε
1097 4828 1111 4842 ·
1164 4812 1384 4866 πάντων
1427 4810 1484 4866 δὲ
1527 4809 1726 4881 μᾶλλον

1838 4804 2159 4876 quibusdam
2207 4805 2448 4862 breviter
2496 4806 2747 4876 objectis,
2783 4808 3076 4878 prohibere
3125 4812 3420 4880 poteritis,

99 4897 242 4980 ἑοὺς
281 4909 721 4982 προειρημένους
754 4908 1030 4978 χρονιτας,
1055 4904 1115 4957 ὲν
1157 4903 1286 4957 εἴδει
1317 4901 1427 4956 τῶν
1453 4901 1727 4974 στιχηρῶν

1838 4913 1904 4954 ne
1929 4900 1995 4954 de
2025 4897 2270 4968 ingenito
2304 4898 2414 4956 Deo
2472 4915 2537 4956 ac
2574 4900 2758 4972 genito
2797 4917 3108 4958 sermonem
3139 4905 3427 4976 ἱηιριιιιριιο

90 5003 478 5074 ἑπαπόρησιν
505 4997 831 5069 ἀπορήσεως
856 4994 1154 5065 διαστήσας
1199 4992 1294 5046 καὶ
1319 4990 1470 5044 λύσιν
1496 4990 1726 5058 λύσεως,

1838 4999 1921 5046 ter
1950 4991 2266 5056 instituant,
2297 5006 2361 5047 ac
2393 4993 2759 5063 temporarias
2795 4993 2918 5050 illos
2949 4995 3003 5050 in
3038 4997 3253 5067 primis,
3286 5016 3427 5071 quos

91 5102 198 5158 διὰ
235 5097 309 5149 τὸ
335 5076 763 5164 εὖπερίδρακτον
797 5088 893 5143 καὶ
936 5087 1108 5158 σαφὲς
1144 5085 1253 5139 τῶν
1279 5085 1727 5157 ἐπιχειρημάτων

1838 5083 1992 5154 attigi
2028 5102 2042 5139 :
2073 5099 2243 5155 porro
2277 5085 2390 5141 haec
2420 5086 2813 5158 disputationis
2836 5089 3018 5158 capita
3057 5106 3322 5148 versuum
3370 5096 3425 5150 in

100 5184 503 5256 ποιησάμενος
530 5181 628 5252 τὴν
658 5179 834 5252 ἀρχὴν
867 5177 997 5249 περὶ
1027 5176 1325 5247 ἀγεννήτου
1354 5173 1515 5228 Θεοῦ.

1838 5177 2060 5232 modum
2090 5177 2165 5232 ita
2197 5177 2554 5248 digessimus,
2604 5189 2666 5234 ut
2702 5186 2756 5234 et
2802 5180 3142 5250 objectiones
3177 5185 3316 5242 alias
3358 5202 3424 5241 ex

98 5286 248 5342 aliis
282 5287 340 5336 et
366 5277 729 5348 quaastionum
756 5272 1151 5331 dissolutiones
1178 5280 1564 5328 necteremus:
1618 5286 1729 5342 quo
1761 5280 1818 5328 et
1844 5271 1913 5327 ad
1944 5272 2523 5343 comprehendendum
2582 5271 2831 5327 faciliora
2889 5283 2945 5330 et
2999 5277 3270 5348 planiora,
3302 5277 3426 5348 qui-

93 5386 228 5442 bus
273 5371 504 5437 utimur,
551 5375 870 5441 argumenta
903 5366 1062 5424 vobis
1094 5373 1280 5423 essent
1309 5383 1325 5421 :
1353 5365 1422 5420 ab
1472 5364 1719 5436 ingenito
1753 5380 1885 5422 vero
1919 5365 2030 5422 Deo
2063 5365 2383 5438 disputandi
2413 5365 2632 5420 initium
2669 5365 2925 5424 fecimus.

767 5485 1115 5555 Ἀνατροπή.

2473 5484 2815 5555 Confutatio.

181 5581 278 5640 A'.
315 5579 480 5634 Κατὰ
514 5579 656 5647 λέξιν
685 5578 788 5649 τῆς
831 5577 1180 5647 διαλεκτικῆς
1225 5593 1321 5630 σου
1358 5577 1599 5648 κομπίας
1637 5579 1730 5632 καὶ

1905 5575 1947 5630 l.
1989 5575 2163 5632 Tuam
2211 5576 2359 5630 illam
2406 5590 2474 5631 ex
2524 5577 2944 5632 dialecticorum
2997 5585 3052 5633 et
3103 5576 3422 5646 disputandi

102 5671 555 5742 συλλογιπικῆς
599 5669 986 5742 ματαιοπονίας
1017 5669 1116 5740 τὴν
1150 5669 1466 5743 ἀνατροπὴν
1509 5671 1729 5745 ποιήσο-

1838 5667 2108 5725 artificum
2138 5665 2352 5725 officina
2419 5666 2719 5738 profectam
2767 5684 2959 5725 vanam
3005 5677 3058 5725 et
3099 5668 3422 5724 insolentem

192 5811 216 5842 ⁸
250 5824 348 5877 γρ.
381 5803 654 5860 ἐπιϐάλοι).
739 5805 759 5835 ⁹
785 5821 873 5873 γρ.
912 5802 1260 5873 περιτοματςο
