3988 6396
613 350 719 438 ιιι-1

2003 354 2061 412 s.
2102 343 2439 408 Ef‘lPllANll
3691 341 3770 402 ω

612 492 948 554 orationem,
985 489 1065 543 sic
1093 486 1159 540 ad
1202 485 1422 541 verbum
1467 479 1631 552 932
1668 479 1936 542 refellam,
1979 474 2183 531 nullam

2302 487 2409 541 aut,
2448 466 2522 539 μὴ
2556 465 2657 519 ὕπε
2667 463 2919 536 ρϐαίνων,
2957 461 3093 533 μηδὲ
3115 462 3173 515 ὲν
3195 459 3425 532 δευτέρῳ
3443 457 3678 530 τιθέμενος
3696 463 3775 517 τῶν

616 595 674 642 ιιι
698 602 762 640 cx
792 582 1015 637 inﬁnitis
1052 581 1159 634 illis
1187 576 1519 637 dictionibus
1561 572 1821 641 majorem
1853 570 2186 624 minorcmve

614 671 988 745 praetereundo
1018 668 1381 724 dissimulem.
1412 666 1490 718 Ac
1538 662 1771 733 primum
1810 658 1955 730 quod
1986 656 2050 711 ad
2082 664 2189 709 tuae

615 764 869 818 factionis
897 761 1130 814 athletas
1166 757 1314 812 viros
1349 770 1414 809 ac
1443 753 1676 808 feminas
1721 751 1942 814 scribis,
1972 756 2189 815 tempo-

614 857 794 907 rarios
822 848 1086 921 quosdam
1127 847 1378 918 apusculi
1416 846 1581 910 illius,
1622 843 1766 913 quod
1798 856 1908 912 prae
1938 838 2190 892 manibus

616 939 878 1001 habebas,
914 948 967 993 et
1008 938 1061 990 in
1095 950 1205 1007 quo
1250 949 1362 989 rem
1415 948 1631 988 omnem
1678 928 2191 1000 interrogationibus

617 1027 1135 1099 comprehenderas,
1175 1034 1380 1095 partem
1432 1023 1794 1093 subripuisse,
1845 1022 1930 1075 vel
1977 1033 2046 1074 ex
2089 1018 2194 1072 hoc

620 1120 741 1189 ipso
768 1127 864 1172 tuo
909 1118 1115 1186 scripto
1143 1116 1390 1169 convinci
1424 1124 1596 1184 potes,
1631 1112 1697 1166 ad
1723 1113 1955 1181 teipsuiu
1983 1111 2191 1179 potius,

539 1266 567 1292 ⁸
621 1210 1025 1280 discipulosque
1059 1218 1201 1270 tuos,
1237 1223 1303 1261 ne
1335 1206 1537 1260 erroris
1568 1205 1748 1259 socios
1770 1202 2058 1273 appellem,
2092 1216 2191 1253 no-

622 1316 745 1356 men
778 1299 920 1354 istud
956 1299 1242 1368 pertinere.
1280 1297 1488 1350 Etenim
1517 1304 1868 1349 sacrosancta
1931 1292 2022 1345 Dei
2064 1290 2196 1345 fides

622 1405 686 1445 ac
718 1390 932 1460 religio,
964 1403 1086 1443 cum
1123 1388 1191 1441 ab
1217 1388 1372 1440 initio
1402 1396 1565 1454 atque
1605 1385 1672 1438 ab
1700 1385 1889 1438 ultima
1929 1389 2199 1436 vetustate

619 1482 857 1542 exstitit,
905 1479 1031 1532 licet
1069 1492 1177 1531 non
1220 1478 1528 1531 obsolescat
1575 1483 1670 1527 aut
1713 1475 2047 1528 inveteretur
2092 1487 2201 1524 un-

620 1583 807 1639 quam,
849 1575 961 1620 tum
1008 1574 1267 1637 perpetuo
1297 1573 1427 1627 stat,
1465 1562 1800 1620 solidissimo
1847 1560 2201 1615 fundamento

620 1660 747 1713 nixa
776 1677 789 1712 :
814 1659 978 1725 cujus
1014 1656 1275 1710 Dominus
1302 1662 1458 1709 extra
1492 1662 1710 1722 tempus
1745 1666 1908 1706 omne
1932 1650 2202 1706 constitu—

530 1750 540 1758 '
622 1759 712 1806 tus
739 1760 843 1805 est.
880 1748 1151 1814 Quocirca
1183 1760 1359 1815 neque
1387 1746 1506 1813 ipsa
1534 1742 1765 1812 tempori
1795 1741 2043 1810 subjacet
2064 1783 2080 1807 ,
2104 1740 2201 1796 sed

622 1854 750 1894 cum
786 1838 994 1908 angelis
1023 1843 1277 1891 versatur
1308 1833 1553 1893 assidue,
1593 1838 1925 1900 sanctosque
1956 1846 2054 1899 per
2085 1830 2203 1884 sin-

624 1929 782 1999 gulas
821 1924 1201 1997 generationes
1244 1930 1490 1977 exornat.
1532 1917 1613 1972 Tu
1666 1932 1796 1971 vero
1840 1916 2204 1985 temporarius

625 2018 801 2072 multo
832 2017 1002 2085 magis
1032 2009 1390 2082 appellandus
1419 2024 1497 2074 es,
1527 2006 1620 2078 qui
1648 2015 1703 2061 et
1736 2006 1792 2060 in
1826 2020 2068 2060 errorem
2109 2006 2206 2061 ab-

626 2113 827 2169 ductus
857 2125 939 2174 es,
969 2116 1022 2162 et
1056 2107 1200 2159 fastu
1227 2103 1648 2173 arrogantiaque
1677 2098 1971 2160 distentus,
1999 2106 2048 2152 et
2082 2111 2202 2167 gre-

626 2204 712 2275 gis
754 2201 834 2255 tui
868 2197 1103 2269 pecudes
1133 2196 1333 2265 passim
1360 2207 1456 2262 per
1488 2190 1670 2245 dumis
1699 2202 1764 2243 ac
1787 2187 1962 2257 spinis
1989 2187 2205 2243 consita

626 2310 831 2367 pascua
857 2288 1167 2364 propulisti.
1199 2287 1368 2341 Nemo
1399 2284 1545 2340 enim
1575 2281 1764 2338 eadem
1790 2290 1970 2336 tecum
2014 2295 2080 2336 ex
2109 2294 2205 2335 ve-

624 2382 839 2439 teribus
882 2380 1089 2441 sensit,
1123 2393 1158 2432 o
1191 2376 1349 2441 Aeli,
1399 2370 1758 2442 temporarias
1805 2369 2030 2440 scriptis
2094 2370 2207 2426 tuis

602 2474 929 2537 _lacessens,
964 2466 1329 2540 temporarius
1363 2479 1428 2520 ae
1455 2477 1648 2519 recens
1679 2461 1818 2533 ipse.
1848 2459 1957 2517 Sed
1995 2460 2053 2515 in
2086 2459 2208 2532 ipso

627 2566 814 2623 statim
856 2564 1039 2633 operis
1083 2560 1257 2623 aditu,
1307 2571 1434 2612 eum
1479 2564 1534 2609 te
1580 2552 2112 2609 lucubratiunculam
2140 2550 2215 2609 de

630 2653 875 2723 ingenito
907 2650 1018 2706 Deo
1052 2665 1117 2704 ac
1154 2647 1339 2718 genito
1382 2642 1672 2715 scripsisse
1727 2655 1945 2707 narras,
1978 2640 2115 2697 adeo
2142 2641 2211 2699 il-

631 2744 792 2801 lustri
834 2741 1100 2814 principio
1132 2738 1225 2808 (ut
1270 2745 1381 2792 tam
1432 2735 1692 2791 inusitata
1738 2748 2005 2790 novorum
2050 2748 2214 2790 voca-

2288 557 2561 613 δοκουσῶν
2604 574 2686 610 σοι
2731 554 3014 626 μειζόνων,
3053 552 3086 624 ἢ
3130 552 3225 606 καὶ
3269 550 3502 622 βραχέων
3537 550 3701 617 λέξεων
3733 553 3778 607 τὸ

2284 649 2585 721 ἀμύθητον.
2630 648 2742 702 Καὶ
2773 645 2990 719 πρῶτον
3038 644 3137 716 μὲν
3177 644 3298 697 ἐπεὶ
3336 643 3444 697 ἄνω
3477 642 3672 715 γράφων
3701 646 3781 708 τοῖς

2286 738 2382 792 τοῦ
2434 738 2527 791 σοῦ
2593 735 2958 809 πληρώματος
3024 734 3283 805 ἀθληταῖς
3353 732 3445 786 καὶ
3503 731 3781 803 ἀθλητρίαις,

2289 829 2501 901 ἔφησθα
2533 828 2790 899 χρονίτας
2823 827 2980 891 τινὰς
3025 825 3504 897 σφετερισαμένους
3533 823 3656 894 ἅπερ
3685 825 3785 893 μετὰ

2290 924 2477 991 χεῖρας
2511 913 2658 989 εἶχες
2685 917 2779 971 τοῦ
2812 916 3145 989 πονηματίου
3178 914 3528 987 ὲρωτηθείσης
3563 915 3650 983 τῆς
3679 911 3788 982 παρὰ

2293 1011 2376 1064 σοὶ
2410 1010 2628 1075 λέξεως,
2681 1010 2740 1062 σὲ
2782 1009 2980 1080 μᾶλλον
3005 1008 3164 1061 τοῦτο
3204 1006 3266 1060 τὸ
3307 1005 3471 1075 ὄνομα
3504 1004 3787 1074 κεκτημένον,

2293 1107 2387 1159 καὶ
2437 1106 2567 1169 τοὺς
2608 1104 2716 1158 ἀπὸ
2760 1103 2851 1157 σοῦ
2898 1099 3429 1174 μεμαθητευμένους,
3469 1098 3550 1151 ἵνα
3599 1095 3664 1167 μὴ
3693 1095 3792 1148 sirm

2295 1196 2763 1266 πεπλανημένους,
2805 1194 3144 1263 διελέγξειεν.
3189 1192 3252 1246 Ἦ
3286 1191 3383 1262 μὲν
3415 1189 3517 1260 γὰρ
3553 1186 3669 1241 Θεοῦ
3700 1188 3793 1254 ἁγία

2297 1284 2479 1349 πίστις
2507 1286 2765 1355 ἀπιρχῆς
2812 1280 2950 1338 οὖσα
3002 1284 3096 1339 καὶ
3135 1282 3242 1347 ἀεὶ,
3271 1280 3590 1353 ἀρχαῖζουσα
3638 1277 3713 1331 καὶ
3743 1277 3792 1347 μὴ

2297 1377 2694 1448 παλαιουμένη,
2725 1378 2872 1430 ἔστιν
2896 1377 3007 1439 ἀεὶ,
3054 1377 3149 1429 καὶ
3176 1374 3468 1448 ήδραίωται
3495 1371 3674 1441 ταύτης
3694 1371 3718 1423 ὁ
3735 1368 3795 1421 θε-

2302 1467 2503 1538 μέλιος,
2550 1467 2645 1521 καὶ
2700 1467 2969 1537 ὑπάρχει,
3017 1467 3218 1536 ἔχουσα
3258 1465 3352 1518 τὸν
3399 1462 3561 1531 αὐτῆς
3585 1459 3794 1528 Atesim

2299 1559 2546 1629 ἄχρονον.
2592 1556 2683 1611 Διὸ
2726 1558 2847 1611 οὐδὲ
2896 1557 3033 1628 αὑτὴ
3071 1554 3296 1628 χρονικὴ
3342 1554 3588 1626 ὑπάρχει,
3630 1549 3797 1606 me:

2301 1651 2418 1703 ὲστι
2460 1649 2577 1719 μετ’
2604 1647 2851 1718 ἀγγέλων
2886 1646 3373 1720 ὲμπολιτευομένη,
3408 1647 3501 1699 καὶ
3525 1643 3686 1712 ἁγίους
3704 1641 3799 1695 κατὰ

2302 1739 2493 1809 γενεὰν
2526 1740 2619 1793 καὶ
2638 1739 2833 1808 γενεὰν
2866 1738 3167 1809 κοσμοῦσα.
3215 1739 3288 1791 Σὺ
3317 1738 3375 1792 δὲ
3412 1736 3599 1808 μᾶλλον
3621 1732 3800 1806 χρονιιὺς

2236 1810 2277 1866 Β
2306 1830 2593 1901 ὑπάρχεις,
2622 1827 2967 1899 βουκοληοεὶς
2994 1828 3101 1882 ὑπὸ
3124 1827 3228 1898 τῆς
3256 1827 3484 1898 πλάνης,
3509 1824 3596 1879 καὶ
3606 1820 3802 1893 ἐπαρθεὶς

2305 1918 2448 1973 κατὰ
2476 1919 2576 1991 τὴν
2603 1919 2862 1982 διάνοιαν,
2902 1920 2999 1973 καὶ
3047 1919 3110 1972 τὸ
3145 1919 3237 1973 σὺν
3264 1918 3514 1990 βόσκημα
3541 1914 3631 1985 τῆς
3664 1910 3803 1982 ἀγέλης

2306 2011 2542 2082 χνδαίως
2574 2013 2655 2075 είς
2701 2011 2873 2083 νομὴν
2919 2011 3206 2082 ἀκανθώδη
3257 2007 3645 2081 παρεμπλέξας.
3675 2001 3804 2064 Οὐδεὶς

2306 2101 2417 2174 γὰρ
2447 2103 2589 2157 κατὰ
2626 2104 2687 2157 σὲ
2733 2103 2841 2158 τῶν
2891 2104 3141 2160 παλαιῶν
3194 2105 3516 2176 ἐφρόνησεν,
3541 2094 3583 2154 ὧ
3620 2096 3806 2158 nemo

2307 2192 2451 2247 κατὰ
2493 2193 2760 2265 χρονικῶν
2797 2197 3053 2268 γράφων,
3100 2197 3268 2261 αὐτὸς
3313 2195 3557 2268 χρονικδς
3599 2191 3805 2260 ὑπάρχων

2308 2281 2405 2337 καὶ
2425 2281 2532 2337 οὐκ
2558 2283 2856 2356 ἀρχαῖζων.
2889 2286 3068 2350 Εὐθὺς
3090 2286 3148 2340 δὴ
3176 2286 3244 2340 ἑκ
3272 2285 3498 2359 πριῖιτης
3517 2277 3808 2352 ἑπισολῆςιῦς

2310 2374 2447 2447 ἔφης
2475 2379 2809 2449 πονημάτιον
2846 2379 3201 2451 γεγραφέναι,
3231 2377 3409 2432 εἰπὼν
3442 2374 3566 2448 περὶ

2311 2466 2449 2522 Θεοῦ
2484 2469 2580 2523 καὶ
2610 2470 2895 2541 γεννητοῦ,
2933 2450 3233 2541 ἐξέπληξας
3272 2470 3367 2524 τὸν
3404 2468 3517 2541 βίον
3557 2450 3625 2521 δν.
3644 2465 3698 2536 τῇ
3726 2475 3811 2516 7’"

2314 2559 2454 2632 αὐτη
2503 2578 2597 2615 σου
2653 2565 2890 2634 φωτεινῇ
2946 2562 3173 2633 ἐπιϐολῇ
3217 2560 3317 2615 τοῦ
3365 2560 3544 2629 λόγου,
3592 2557 3667 2611 ἶνα
3696 2551 3812 2611 οὕτως

2316 2652 2707 2723 περιγέλαστόν
2733 2670 2827 2707 σου
2852 2655 3165 2725 ποιήσωμαι
3186 2652 3280 2707 τὸν
3308 2651 3467 2721 λόγον
3488 2650 3583 2722 τῆς
3606 2643 3811 2710 Militat

2316 2743 2416 2814 τῆς
2441 2745 2710 2818 τοσάύτης
2742 2762 2835 2799 σου
2861 2745 3367 2817 καινοτομουμένης
3395 2736 3767 2815 evagatam“:-

632 2837 890 2893 bulorum
954 2833 1174 2889 licentia
1230 2829 1749 2893 commemomnda,
1796 2837 1946 2884 tuam
1995 2843 2213 2885 omnem
2274 2835 2423 2895 illam
2473 2841 2900 2913 disputationem
2942 2842 3178 2899 ludibrio
3237 2841 3573 2911 traducam),
3620 2841 3813 2891 summa:

635 2925 891 2982 homines
927 2924 983 2977 in
1017 2921 1435 2977 admirationem
1465 2919 1764 2975 adduxisti.

709 3016 772 3071 ll.
815 3016 1018 3085 Ecquis
1047 3024 1134 3069 cst
1167 3027 1297 3069 vero
1328 3011 1771 3069 Christianorum
1800 3013 2076 3079 omnium,
2122 3014 2216 3086 qui

2389 3011 2465 3069 B‘.
2498 3015 2595 3079 Τίς
2624 3014 2735 3087 γὰρ
2758 3015 2871 3071 τῶν
2903 3016 2967 3071 τὸ
3011 3017 3280 3088 σωτήριον
3318 3015 3415 3073 τοῦ
3461 3014 3590 3071 Θεοῦ
3629 3014 3817 3086 κήρυηη

637 3106 934 3162 salutarem
967 3103 1058 3157 Dei
1090 3102 1395 3163 doctrinam
1423 3101 1697 3165 obtinent,
1723 3103 1818 3170 qui
1846 3101 1947 3156 hac
1978 3102 2095 3172 ipsa
2118 3104 2215 3158 de-

2320 3108 2674 3178 κεκτημένων
2720 3107 3063 3180 Χριστιανῶν
3112 3109 3320 3163 παίδων
3370 3110 3555 3164 τοῦτον
3579 3109 3599 3141 ³
3637 3103 3818 3162 saeuiti-

638 3198 830 3252 relicta
878 3194 1128 3255 conﬁctis
1181 3194 1290 3252 tuis
1350 3192 1548 3251 fabulis
1596 3208 1661 3249 ac
1692 3194 1853 3263 nugis
1907 3193 2163 3251 inductus
2195 3234 2212 3258 ,

637 3297 842 3343 aeterno
902 3286 1013 3341 Deo
1053 3285 1283 3355 ejusque
1316 3283 1521 3354 Spiritu
1576 3292 1768 3340 sancto
1814 3286 2095 3355 neglecto,
2150 3284 2218 3339 ad

638 3388 764 3433 tuas
795 3386 977 3447 partes
1013 3376 1249 3431 transire
1278 3376 1446 3439 malit,
1478 3390 1540 3429 ac
1571 3374 1637 3430 de
1666 3376 1856 3447 genito
1890 3374 1998 3430 Deo
2031 3376 2222 3446 dispu-

641 3480 848 3531 tantem
880 3468 1094 3529 audiat,
1133 3478 1190 3521 ut
1216 3476 1271 3525 ct
1315 3472 1430 3536 ipse
1469 3468 1611 3520 inter
1644 3467 1841 3521 stultos
1878 3476 2217 3530 numeretur,

638 3569 696 3615 et
739 3567 1045 3613 creaturam
1077 3557 1195 3610 loco
1223 3555 1500 3610 Creatoris
1527 3555 1756 3610 adorare
1789 3554 2097 3618 condiscat,
2125 3554 2219 3626 qui

639 3658 717 3704 est
762 3649 1061 3702 benedictus
1122 3647 1176 3699 in
1234 3645 1451 3699 swcula.
1479 3644 1641 3698 Amen
1666 3644 1718 3698 ’?
1756 3644 1863 3701 Nos
1894 3646 2040 3700 enim
2070 3658 2225 3699 crea-

642 3747 761 3792 tum
794 3752 899 3790 non
929 3736 1190 3797 habemus
1223 3733 1413 3801 Deum,
1461 3741 1554 3787 aut
1606 3734 1832 3800 factum,
1874 3732 1970 3787 sed
2011 3733 2226 3788 increa-

643 3837 785 3891 tum,
824 3838 878 3881 et
914 3844 943 3880 a
976 3827 1125 3879 nullo
1158 3826 1459 3891 conditum,
1492 3841 1522 3878 a
1555 3825 1716 3879 Patre
1762 3840 1891 3880 vero
1921 3825 2040 3882 sine
2070 3824 2227 3880 initio

645 3921 761 3975 ullo
806 3933 872 3973 ac
921 3926 1164 3986 tempore
1196 3917 1460 3987 genitum.
1506 3914 1781 3986 Quidquid
1830 3916 1886 3970 in
1906 3910 2018 3970 'hac
2060 3915 2226 3985 geniti

643 4025 793 4065 voce
828 4008 1116 4063 calumniae
1167 4007 1454 4071 struxeris,
1506 4015 1559 4061 et
1608 4006 1858 4077 ambigue
1901 4007 2226 4076 usurparis,

649 4117 771 4158 eam
804 4102 902 4157 abs
931 4109 984 4155 te
1015 4100 1305 4154 dictionem
1333 4113 1439 4152 non
1472 4098 1775 4162 admittam,
1808 4096 2026 4152 tametsi
2059 4112 2126 4151 ne
2156 4098 2226 4150 ita

644 4190 866 4263 quidem
902 4188 1164 4259 accipias,
1200 4196 1257 4242 ut
1300 4187 1460 4243 Patre
1509 4186 1733 4243 inferior
1775 4185 1952 4242 factus
1978 4202 2099 4242 esse
2146 4187 2229 4247 di-

646 4291 806 4338 catur
830 4281 1023 4353 :933
1067 4279 1249 4351 Neque
1271 4280 1409 4334 enim
1440 4280 1653 4341 espinis
1677 4278 1928 4349 colligunt
1959 4295 2108 4345 uvas,
2140 4294 2231 4330 ne-

644 4391 741 4446 que
773 4389 839 4429 ea:
869 4372 1079 4427 tribulis
1122 4371 1255 4440 ﬁcus
1276 4411 1291 4434 ,
1333 4384 1509 4439 neque
1549 4369 1617 4424 ab
1648 4384 1716 4424 eo
1750 4370 1847 4439 qui
1875 4381 2121 4423 errorem
2147 4382 2235 4421 se-

2319 3217 2432 3265 ποι,
2467 3200 2806 3273 προτραπεὶς
2834 3201 2940 3255 ὑπὸ
2966 3201 3063 3256 σοῦ
3092 3201 3185 3256 διὰ
3208 3203 3315 3274 τῆς
3348 3202 3614 3272 μυθώδους
3637 3215 3713 3253 σου
3730 3194 3819 3249 alb

2318 3305 2435 3361 νης,
2464 3291 2631 3354 ἐάσας
2668 3290 2798 3343 Θεὸν
2837 3290 2925 3343 ἀεὶ
2953 3289 3102 3352 ὄντα.
3130 3291 3227 3351 καὶ
3249 3291 3316 3345 τὸ
3356 3291 3509 3361 ἅγιον
3545 3286 3688 3347 αὐτοῦ
3707 3283 3819 3345 11νεῦ-

2324 3396 2401 3451 μα
2444 3378 2531 3434 ἀεὶ
2569 3378 2648 3444 ὃν,
2687 3377 2784 3432 καὶ
2821 3378 2989 3435 ὲλθὼν
3029 3379 3252 3432 ἀκούσει
3295 3380 3451 3452 παρὰ
3484 3379 3571 3435 σοῦ
3597 3376 3705 3449 περὶ
3741 3388 3818 3443 γεν-

2322 3469 2484 3542 νητοῦ
2526 3469 2682 3535 Θεοῦ,
2725 3471 2811 3525 ἵνα
2850 3471 2947 3529 καὶ
2983 3472 3145 3535 αὐτὸς
3178 3472 3235 3524 ὲν
3279 3468 3487 3544 μωροῖς
3526 3464 3817 3538 καταλεχθώῑι

2322 3557 2706 3629 διδασκόμενος
2744 3562 3067 3631 προσκυνεῖν
3122 3559 3218 3630 τὴν
3262 3562 3451 3615 κτίσιν
3488 3559 3627 3630 παρὰ
3656 3557 3728 3610 τὸν
3748 3552 3819 3606 uti-

2325 3665 2515 3714 σαντα,
2549 3649 2617 3716 ὅς
2660 3649 2830 3704 ἐστιν
2877 3650 3278 3721 εὐλογημένος
3335 3655 3425 3719 εις
3475 3652 3610 3718 τοὺς
3653 3647 3819 3708 αἰῶνας-

2338 3740 2561 3812 Ἀμήν;
2616 3742 2730 3796 Οὐκ
2787 3742 2981 3814 ἔχομεν
3020 3744 3128 3815 γὰρ
3166 3745 3333 3814 ἡμεῖς
3386 3743 3596 3798 κτιστδν
3629 3739 3750 3802 Θεὸν.
3782 3732 3821 3785 οὗ

2327 3832 2568 3903 ποιητὸν,
2591 3833 2706 3886 ἀλλ’
2732 3834 2986 3888 ἄκτιστον
3013 3833 3107 3886 καὶ
3136 3833 3457 3907 ἀγέννητον,
3486 3837 3547 3888 ὲκ
3570 3829 3743 3902 Πατρὺς
3763 3840 3821 3893 τε·

2326 3922 2653 3993 γεννημένον
2685 3910 2936 3994 ἀνάρχως
2987 3923 3081 3978 καὶ
3125 3924 3394 3995 ὰχρόνως.
3440 3925 3552 3979 Κᾶν
3581 3940 3634 3976 τε
3665 3921 3749 3990 γὰρ
3770 3930 3822 3966 σο-

2329 4009 2462 4085 φίξῃ
2490 4012 2550 4065 τὸ
2579 4011 2856 4083 γεννητὸν,
2886 4013 3141 4084 γεννητὸν
3172 4013 3485 4087 ὁμωνύμως
3514 4011 3677 4066 καλεῖν
3703 4001 3825 4077 βουλό-

2334 4119 2512 4173 μενος,
2552 4103 2612 4155 οὐ
2646 4101 2867 4174 δέξομαί
2903 4120 2996 4156 σου
3037 4104 3134 4174 τὴν
3173 4102 3355 4170 λέξιν,
3383 4105 3484 4158 κᾶν
3514 4121 3569 4156 τε
3600 4102 3685 4171 οὐχ
3710 4093 3825 4152 οὕτως

2331 4194 2550 4264 νοήσῃς,
2601 4194 2995 4264 ἡλαττωμένως
3040 4194 3192 4265 παρὰ
3217 4194 3280 4247 τὸ
3322 4199 3391 4249 ὲκ
3413 4194 3616 4271 Πατρὸς

2335 4282 2478 4341 σθαι.
2516 4284 2617 4348 Ἐξ
2638 4282 2913 4343 ἀκανθῶν
2932 4286 3041 4355 γὰρ
3067 4287 3139 4339 οὐ
3164 4288 3539 4355 συλλέγουσι
3570 4275 3823 4349 θ’ταφιιλὰςο

2333 4373 2471 4427 οὔτε
2506 4376 2575 4428 ἐκ
2604 4375 2890 4443 τριϐόλων
2921 4375 3112 4429 σῦκαο
3145 4376 3265 4430 οὐδὲ
3306 4377 3371 4444 ἐξ
3417 4376 3598 4447 ἀνδρὸς
3629 4369 3825 4432 suum?

644 4475 809 4522 cutus
856 4472 973 4530 est,
1026 4478 1221 4518 sanum
1269 4477 1337 4516 ac
1380 4460 1661 4516 sincerum
1705 4460 1898 4531 dogma
1956 4457 2215 4528 proliciSri

2336 4461 2497 4532 μένου
2528 4464 2684 4535 ὀρθὸς
2709 4462 2775 4516 ἂν
2809 4463 3156 4537 ὑπολειφθείη
3186 4465 3366 4535 λόγος.
3418 4466 3628 4537 Ἐφίμου
3663 4462 3747 4530 γὰρ
3767 4454 3824 4507 ἀλ

645 4564 848 4628 potest.
894 4554 1077 4621 Quare
1121 4553 1383 4608 Dominus
1420 4554 1538 4624 ipse
1582 4551 1856 4606 silentium
1893 4550 2235 4605 dacmonihus

647 4648 891 4713 indixit,
944 4647 1127 4718 quise
1180 4644 1460 4700 Christum
1518 4659 1641 4699 esse
1673 4642 2039 4697 fatebantur’.
2078 4639 2236 4707 Quod

650 4749 833 4793 autem
864 4736 928 4792 ad
959 4750 1245 4792 sacrarum
1272 4730 1596 4790 Litterarum
1628 4733 1953 4788 sententiam
1981 4742 2235 4786 exactum

648 4842 771 4884 esse
802 4827 1043 4882 libellum
1075 4826 1228 4879 illum
1253 4825 1476 4891 asset-is,
1505 4823 1615 4887 die,
1650 4822 1844 4876 amabo
1880 4829 1952 4885 te,
1987 4835 2236 4891 quaenam

653 4921 850 4974 divinae
893 4919 1191 4988 Scriptura:
1248 4932 1376 4988 pars
1427 4916 1629 4970 factum
1679 4913 1846 4968 Deum
1898 4914 2237 4968 adorandum

652 5023 778 5063 esse
806 5010 1087 5064 docuerit?
1124 5008 1282 5076 Quod
1314 5009 1457 5062 cnim
1488 5007 1763 5078 ingenitus
1795 5004 2045 5070 sitDeus,
2075 5003 2235 5059 dubi-

654 5107 736 5153 tat
772 5114 952 5154 nemo.
987 5102 1065 5155 Ac
1093 5100 1308 5155 tametsi
1343 5099 1664 5154 nominatim
1698 5096 1831 5152 illud
1858 5097 1911 5150 in
1935 5094 2235 5166 Scripturis

655 5205 976 5261 expressum
1012 5208 1119 5245 non
1164 5192 1349 5256 fuerit,
1382 5191 1739 5245 nihilominus
1772 5194 1834 5243 ut
1866 5187 1935 5243 de
1962 5186 2072 5242 Deo
2103 5200 2236 5241 con-

657 5291 870 5341 stanter
907 5282 981 5335 ita
1027 5283 1331 5352 cogitemus
1392 5298 1456 5337 ac
1502 5283 1874 5354 profiteamur,
1920 5296 2043 5336 cum
2089 5288 2237 5336 recta

658 5377 857 5447 piaquc
878 5373 1038 5437 ratio,
1077 5382 1191 5426 tum
1224 5375 1508 5444 prudentia
1543 5376 1661 5444 ipsa
1707 5375 2016 5445 pcrsuadet.
2071 5372 2240 5428 Addis

656 5482 808 5531 vero,
841 5480 953 5536 quo
980 5465 1198 5519 athletae
1237 5465 1314 5519 illi
1344 5466 1446 5529 tui,
1487 5468 1573 5521 vel
1602 5466 1809 5521 erroris
1860 5468 2042 5535 potius
2074 5465 2234 5528 socii,

660 5557 878 5613 facilius
907 5556 1232 5628 intelligant,
1263 5556 1723 5626 quemadmodum
1753 5557 1904 5614 brevi
1943 5563 2109 5627 atque
2137 5570 2238 5611 ex-

2335 4554 2364 4605 ὁ
2394 4551 2596 4625 Κύριος
2621 4553 2749 4615 τοὺς
2775 4551 3035 4622 δαίμονας
3113 4556 3353 4630 Χριστὸν
3387 4555 3547 4611 αὐτὸν
3578 4547 3821 4626 ὁμολογοῦν·

2336 4659 2461 4709 τας.
2505 4642 2643 4696 Κατ’
2688 4639 2898 4695 ἔννοιαν
2946 4641 3003 4695 δὲ
3049 4641 3158 4695 τῶν
3201 4641 3363 4698 θείων
3412 4642 3630 4715 Γραφῶν
3668 4638 3826 4707 φάσκειῖ

2340 4726 2476 4784 εῖναι
2507 4732 2569 4784 τὸ
2608 4731 2864 4800 λογίδιον·
2902 4731 3028 4800 λέγε
3059 4748 3168 4802 μοι,
3212 4733 3342 4786 ποία
3383 4733 3567 4809 Γραφὴ
3593 4729 3691 4785 θεία
3714 4721 3827 4778 ἐδίδα-

2342 4838 2439 4874 σκε
2469 4823 2891 4893 προσκυνεῖσθαι
2916 4823 3050 4876 Θεὸν
3089 4825 3311 4895 ποιητόν
3335 4842 3350 4891 ;
3383 4826 3493 4880 Καὶ
3531 4826 3605 4878 ὅτι
3635 4820 3716 4892 μὲν
3741 4811 3827 4871 θεδς

2340 4915 2632 4987 ἀγέννητὸς
2682 4917 2833 4984 ἐστι,
2884 4917 3044 4970 παντί
3080 4933 3158 4989 τῳ
3217 4918 3387 4988 σαφὲς
3437 4918 3537 4988 είη.
3597 4910 3709 4969 Ἀλλ’
3748 4899 3824 4960 οὖσί

2341 5005 2499 5059 τοῦτο
2547 5007 2805 5077 ὀνομαστὶ
2849 5006 3091 5075 ἔγκειται
3125 5009 3185 5064 ὲν
3207 5012 3274 5081 τῇ
3313 5009 3434 5082 θείᾳ
3470 5009 3668 5082 Γραφῇ
3693 4992 3824 5056 iis”

2340 5097 2507 5169 ὀρθοῦ
2540 5098 2633 5151 καὶ
2675 5097 2933 5164 εὐσεϐοῦς
2980 5097 3262 5172 λογισμοῦ,
3310 5103 3405 5156 καὶ
3449 5100 3608 5170 αὐτῆς
3637 5095 3719 5166 τῆς
3744 5101 3824 5142 συν-

2342 5188 2512 5252 έσεως
2545 5189 2674 5260 περὶ
2732 5188 2867 5243 Θεοῦ
2914 5188 3071 5243 τοῦτο
3100 5196 3239 5245 νοεῖν
3279 5193 3373 5246 καὶ
3415 5192 3587 5261 λέγειν
3622 5178 3825 5256 ἀραρέτωε

2343 5278 2474 5355 ἔχειο
2502 5280 2699 5349 Λέγεις
2724 5280 2803 5345 δὲ,
2841 5282 2927 5335 ἵνα
2963 5281 3160 5337 εἰδέναι
3200 5282 3371 5356 ἔχοιεν
3412 5286 3461 5337 οί
3492 5280 3587 5336 ὑπὸ
3616 5274 3694 5330 σοῦ
3715 5267 3825 5356 ἀθληξ

2343 5372 2433 5426 ταί
2475 5389 2535 5425 τε
2571 5373 2669 5426 καὶ
2711 5373 2996 5447 ἀθλήτριαι
3036 5353 3378 5448 καλούμενοι,
3414 5353 3825 5448 πεπλανημένοιβ

2347 5463 2568 5535 μᾶλλον,
2613 5464 2732 5528 πῶς
2776 5445 2914 5537 πρὸς
2959 5467 3188 5523 ἕκαστον
3213 5445 3553 5540 ’ἀποκριθῶσι
3583 5459 3660 5516 διὰ
3697 5445 3819 5540 συντέ

2334 5568 2453 5625 ’μου
2501 5556 2597 5611 καὶ
2643 5534 3065 5629 εὐπεριδράκτου
3106 5559 3268 5629 λόγου
3312 5534 3575 5632 στιχηρῶν
3605 5548 3765 5622 τρέων
3781 5534 3825 5589 τὰ

734 5710 755 5743 ¹
781 5708 941 5767 Rom.
976 5727 1015 5778 ι,
1045 5711 1136 5767 25.
1213 5714 1233 5744 ²
1269 5708 1457 5764 Matth.
1489 5725 1593 5785 vn,
1624 5710 1717 5776 16;
1753 5709 1885 5764 Luc.
1923 5725 1995 5775 Iv,
2024 5709 2115 5765 41.
2195 5709 2214 5742 ³

2302 5724 2361 5763 η’.
2394 5709 2568 5764 τοῦτο.
