  <div class='ocr_page' id='page_1' title='image "/cluster/home/n/w/nwhite01/storage/ocr_20150623/42:no.2/coo.31924054869403/280.png"; bbox 0 0 3988 6438; ppageno 0'>
   <div class='ocr_carea' id='block_1_1' title="bbox 251 379 371 439">
    <p class='ocr_par' dir='ltr' id='par_1_1' title="bbox 251 379 371 439">
     <span class='ocr_line' id='line_1_1' title="bbox 251 379 371 439; baseline -0.05 0"><span class='ocrx_word' id='word_1_1' title='bbox 251 379 371 439; x_wconf 69' lang='grc'><strong>549</strong></span> 
     </span>
    </p>
   </div>
   <div class='ocr_carea' id='block_1_2' title="bbox 873 383 1847 473">
    <p class='ocr_par' dir='ltr' id='par_1_2' title="bbox 873 383 1844 445">
     <span class='ocr_line' id='line_1_2' title="bbox 873 383 1844 445; baseline 0.004 -5"><span class='ocrx_word' id='word_1_2' title='bbox 873 383 1244 442; x_wconf 76' lang='lat' dir='ltr'><strong>ADVERSUS</strong></span> <span class='ocrx_word' id='word_1_3' title='bbox 1274 385 1616 445; x_wconf 64' lang='lat' dir='ltr'><strong>HIERESES</strong></span> <span class='ocrx_word' id='word_1_4' title='bbox 1654 387 1767 444; x_wconf 81' lang='lat' dir='ltr'><strong>LIB</strong></span> <span class='ocrx_word' id='word_1_5' title='bbox 1825 389 1844 444; x_wconf 84' lang='grc' dir='ltr'><strong>ι</strong></span> 
     </span>
    </p>
   </div>
   <div class='ocr_carea' id='block_1_3' title="bbox 1959 383 3003 473">
    <p class='ocr_par' dir='ltr' id='par_1_3' title="bbox 1959 384 3003 473">
     <span class='ocr_line' id='line_1_3' title="bbox 1959 384 3003 473; baseline 0.005 -28"><span class='ocrx_word' id='word_1_6' title='bbox 1959 388 2124 448; x_wconf 74' lang='lat' dir='ltr'><strong>ron.</strong></span> <span class='ocrx_word' id='word_1_7' title='bbox 2165 390 2204 447; x_wconf 83' lang='grc' dir='ltr'><strong>ι.</strong></span> <span class='ocrx_word' id='word_1_8' title='bbox 2247 421 2314 433; x_wconf 90' lang='grc'><strong><em>--</em></strong></span> <span class='ocrx_word' id='word_1_9' title='bbox 2354 389 2632 449; x_wconf 56' lang='lat' dir='ltr'><strong>uanas.</strong></span> <span class='ocrx_word' id='word_1_10' title='bbox 2676 392 2912 473; x_wconf 58' lang='lat' dir='ltr'><strong>Lxgm.</strong></span> <span class='ocrx_word' id='word_1_11' title='bbox 2996 384 3003 385; x_wconf 44' lang='grc' dir='ltr'><strong>ί</strong></span> 
     </span>
    </p>
   </div>
   <div class='ocr_carea' id='block_1_4' title="bbox 3448 392 3607 454">
    <p class='ocr_par' dir='ltr' id='par_1_4' title="bbox 3448 392 3607 454">
     <span class='ocr_line' id='line_1_4' title="bbox 3448 392 3607 454; baseline 0.006 -1"><span class='ocrx_word' id='word_1_12' title='bbox 3448 392 3607 454; x_wconf 68' lang='lat'><strong>550-</strong></span> 
     </span>
    </p>
   </div>
   <div class='ocr_carea' id='block_1_5' title="bbox 257 501 1847 587">
    <p class='ocr_par' dir='ltr' id='par_1_5' title="bbox 257 501 1847 570">
     <span class='ocr_line' id='line_1_5' title="bbox 257 501 1847 570; baseline 0.009 -18"><span class='ocrx_word' id='word_1_13' title='bbox 257 501 547 570; x_wconf 82' lang='grc' dir='ltr'><strong>κεφάλαια</strong></span> <span class='ocrx_word' id='word_1_14' title='bbox 589 502 694 557; x_wconf 81' lang='grc' dir='ltr'><strong>ὑπὸ</strong></span> <span class='ocrx_word' id='word_1_15' title='bbox 753 503 848 564; x_wconf 84' lang='grc' dir='ltr'><strong>σοῦ</strong></span> <span class='ocrx_word' id='word_1_16' title='bbox 901 507 1301 567; x_wconf 86' lang='grc' dir='ltr'><strong>συντεθεῖσθαι.</strong></span> <span class='ocrx_word' id='word_1_17' title='bbox 1350 512 1443 565; x_wconf 90' lang='grc' dir='ltr'><strong>Διὸ</strong></span> <span class='ocrx_word' id='word_1_18' title='bbox 1488 511 1629 567; x_wconf 80' lang='grc' dir='ltr'><strong>αὺτά</strong></span> <span class='ocrx_word' id='word_1_19' title='bbox 1679 512 1749 567; x_wconf 83' lang='grc' dir='ltr'><strong>τὰ</strong></span> <span class='ocrx_word' id='word_1_20' title='bbox 1792 512 1847 567; x_wconf 87' lang='grc' dir='ltr'><strong>δο</strong></span> 
     </span>
    </p>
   </div>
   <div class='ocr_carea' id='block_1_6' title="bbox 1959 501 3560 587">
    <p class='ocr_par' dir='ltr' id='par_1_6' title="bbox 1980 514 3560 587">
     <span class='ocr_line' id='line_1_6' title="bbox 1980 514 3560 587; baseline -0.001 -17"><span class='ocrx_word' id='word_1_21' title='bbox 1980 514 2164 587; x_wconf 99' lang='lat' dir='ltr'><strong>pedita</strong></span> <span class='ocrx_word' id='word_1_22' title='bbox 2204 514 2457 571; x_wconf 88' lang='lat' dir='ltr'><strong>oratione</strong></span> <span class='ocrx_word' id='word_1_23' title='bbox 2496 516 2795 585; x_wconf 83' lang='lat' dir='ltr'><strong>unicuique</strong></span> <span class='ocrx_word' id='word_1_24' title='bbox 2842 514 3139 584; x_wconf 85' lang='lat' dir='ltr'><strong>objectioni</strong></span> <span class='ocrx_word' id='word_1_25' title='bbox 3187 514 3560 587; x_wconf 75' lang='lat' dir='ltr'><strong>respondeant</strong></span> 
     </span>
    </p>
   </div>
   <div class='ocr_carea' id='block_1_7' title="bbox 257 593 1870 679">
    <p class='ocr_par' dir='ltr' id='par_1_7' title="bbox 257 593 1870 679">
     <span class='ocr_line' id='line_1_7' title="bbox 257 593 1870 679; baseline 0.009 -33"><span class='ocrx_word' id='word_1_26' title='bbox 257 593 474 651; x_wconf 82' lang='grc' dir='ltr'><strong>κοῦντά</strong></span> <span class='ocrx_word' id='word_1_27' title='bbox 531 613 626 649; x_wconf 91' lang='grc' dir='ltr'><strong>σου</strong></span> <span class='ocrx_word' id='word_1_28' title='bbox 673 598 873 670; x_wconf 83' lang='grc' dir='ltr'><strong>ίσχυρά</strong></span> <span class='ocrx_word' id='word_1_29' title='bbox 922 600 1146 672; x_wconf 79' lang='grc' dir='ltr'><strong>ῥήματα</strong></span> <span class='ocrx_word' id='word_1_30' title='bbox 1185 603 1281 661; x_wconf 75' lang='grc' dir='ltr'><strong>καὶ</strong></span> <span class='ocrx_word' id='word_1_31' title='bbox 1327 604 1636 674; x_wconf 79' lang='grc' dir='ltr'><strong>σοφιστικὰ,</strong></span> <span class='ocrx_word' id='word_1_32' title='bbox 1666 605 1702 660; x_wconf 82' lang='grc' dir='ltr'>ἃ</span> <span class='ocrx_word' id='word_1_33' title='bbox 1733 606 1870 679; x_wconf 79' lang='grc' dir='ltr'>πρὸς</span> 
     </span>
    </p>
   </div>
   <div class='ocr_carea' id='block_1_8' title="bbox 255 685 1869 770">
    <p class='ocr_par' dir='ltr' id='par_1_8' title="bbox 255 685 1869 770">
     <span class='ocr_line' id='line_1_8' title="bbox 255 685 1869 770; baseline 0.009 -32"><span class='ocrx_word' id='word_1_34' title='bbox 255 685 397 749; x_wconf 64' lang='grc' dir='ltr'><strong>τοὺς</strong></span> <span class='ocrx_word' id='word_1_35' title='bbox 427 685 650 756; x_wconf 76' lang='grc' dir='ltr'><strong>μείζους</strong></span> <span class='ocrx_word' id='word_1_36' title='bbox 686 691 767 754; x_wconf 86' lang='grc' dir='ltr'><strong>είς</strong></span> <span class='ocrx_word' id='word_1_37' title='bbox 813 691 1129 763; x_wconf 81' lang='grc' dir='ltr'><strong>ἀντιλογίαν</strong></span> <span class='ocrx_word' id='word_1_38' title='bbox 1172 695 1472 770; x_wconf 79' lang='grc' dir='ltr'><strong>ὲξήσκηταί</strong></span> <span class='ocrx_word' id='word_1_39' title='bbox 1520 715 1623 765; x_wconf 80' lang='grc' dir='ltr'><strong>σοι,</strong></span> <span class='ocrx_word' id='word_1_40' title='bbox 1667 698 1869 770; x_wconf 80' lang='grc' dir='ltr'><strong>μᾶλλον</strong></span> 
     </span>
    </p>
   </div>
   <div class='ocr_carea' id='block_1_9' title="bbox 254 777 1866 863">
    <p class='ocr_par' dir='ltr' id='par_1_9' title="bbox 254 777 1866 863">
     <span class='ocr_line' id='line_1_9' title="bbox 254 777 1866 863; baseline 0.009 -32"><span class='ocrx_word' id='word_1_41' title='bbox 254 777 329 832; x_wconf 77' lang='grc' dir='ltr'><strong>δὲ</strong></span> <span class='ocrx_word' id='word_1_42' title='bbox 359 778 451 838; x_wconf 72' lang='grc' dir='ltr'><strong>ἵνα</strong></span> <span class='ocrx_word' id='word_1_43' title='bbox 489 780 625 852; x_wconf 84' lang='grc' dir='ltr'>πρὸς</span> <span class='ocrx_word' id='word_1_44' title='bbox 656 782 756 853; x_wconf 82' lang='grc' dir='ltr'><strong>τὴν</strong></span> <span class='ocrx_word' id='word_1_45' title='bbox 800 783 1062 855; x_wconf 86' lang='grc' dir='ltr'><strong>ἀλήθειαν</strong></span> <span class='ocrx_word' id='word_1_46' title='bbox 1098 787 1312 861; x_wconf 82' lang='grc' dir='ltr'><strong>ὲπάρῃς</strong></span> <span class='ocrx_word' id='word_1_47' title='bbox 1354 789 1561 861; x_wconf 80' lang='grc' dir='ltr'><strong>στόμα,</strong></span> <span class='ocrx_word' id='word_1_48' title='bbox 1616 792 1779 863; x_wconf 76' lang='grc' dir='ltr'><strong>ἡμεῖς</strong></span> <span class='ocrx_word' id='word_1_49' title='bbox 1815 793 1866 851; x_wconf 78' lang='grc' dir='ltr'><strong>οἱ</strong></span> 
     </span>
    </p>
   </div>
   <div class='ocr_carea' id='block_1_10' title="bbox 252 868 1863 955">
    <p class='ocr_par' dir='ltr' id='par_1_10' title="bbox 252 868 1863 955">
     <span class='ocr_line' id='line_1_10' title="bbox 252 868 1863 955; baseline 0.01 -34"><span class='ocrx_word' id='word_1_50' title='bbox 252 868 505 934; x_wconf 81' lang='grc' dir='ltr'><strong>εὐτελεῖς</strong></span> <span class='ocrx_word' id='word_1_51' title='bbox 537 871 632 926; x_wconf 78' lang='grc' dir='ltr'><strong>καὶ</strong></span> <span class='ocrx_word' id='word_1_52' title='bbox 671 872 903 943; x_wconf 77' lang='grc' dir='ltr'><strong>ἰδιῶται,</strong></span> <span class='ocrx_word' id='word_1_53' title='bbox 930 877 1026 931; x_wconf 75' lang='grc' dir='ltr'><strong>καὶ</strong></span> <span class='ocrx_word' id='word_1_54' title='bbox 1067 878 1128 931; x_wconf 86' lang='grc' dir='ltr'><strong>οὐ</strong></span> <span class='ocrx_word' id='word_1_55' title='bbox 1175 880 1434 950; x_wconf 77' lang='grc' dir='ltr'><strong>μείζους,</strong></span> <span class='ocrx_word' id='word_1_56' title='bbox 1470 882 1608 945; x_wconf 87' lang='grc' dir='ltr'><strong>ἀλλά</strong></span> <span class='ocrx_word' id='word_1_57' title='bbox 1654 883 1863 955; x_wconf 84' lang='grc' dir='ltr'><strong>βραχύ-</strong></span> 
     </span>
    </p>
   </div>
   <div class='ocr_carea' id='block_1_11' title="bbox 252 963 1864 1051">
    <p class='ocr_par' dir='ltr' id='par_1_11' title="bbox 252 963 1864 1051">
     <span class='ocr_line' id='line_1_11' title="bbox 252 963 1864 1051; baseline 0.011 -38"><span class='ocrx_word' id='word_1_58' title='bbox 252 977 419 1031; x_wconf 82' lang='grc' dir='ltr'><strong>τεροι</strong></span> <span class='ocrx_word' id='word_1_59' title='bbox 445 963 656 1019; x_wconf 84' lang='grc' dir='ltr'>πολλῶν</span> <span class='ocrx_word' id='word_1_60' title='bbox 688 965 799 1021; x_wconf 86' lang='grc' dir='ltr'><strong>τῶν</strong></span> <span class='ocrx_word' id='word_1_61' title='bbox 844 967 903 1022; x_wconf 79' lang='grc' dir='ltr'><strong>ὲν</strong></span> <span class='ocrx_word' id='word_1_62' title='bbox 953 971 1020 1041; x_wconf 79' lang='grc' dir='ltr'><strong>τῇ</strong></span> <span class='ocrx_word' id='word_1_63' title='bbox 1066 970 1199 1045; x_wconf 75' lang='grc' dir='ltr'><strong>ἁγίᾳ</strong></span> <span class='ocrx_word' id='word_1_64' title='bbox 1243 973 1338 1027; x_wconf 91' lang='grc' dir='ltr'><strong>τοῦ</strong></span> <span class='ocrx_word' id='word_1_65' title='bbox 1387 975 1524 1031; x_wconf 89' lang='grc' dir='ltr'>Θεοῦ</span> <span class='ocrx_word' id='word_1_66' title='bbox 1567 977 1864 1051; x_wconf 70' lang='grc' dir='ltr'><strong>Ἐκκλησία</strong></span> 
     </span>
    </p>
   </div>
   <div class='ocr_carea' id='block_1_12' title="bbox 252 1054 1862 1141">
    <p class='ocr_par' dir='ltr' id='par_1_12' title="bbox 252 1054 1862 1141">
     <span class='ocr_line' id='line_1_12' title="bbox 252 1054 1862 1141; baseline 0.012 -34"><span class='ocrx_word' id='word_1_67' title='bbox 252 1054 628 1126; x_wconf 80' lang='grc' dir='ltr'><strong>ποιησόμεθα,</strong></span> <span class='ocrx_word' id='word_1_68' title='bbox 657 1057 734 1123; x_wconf 83' lang='grc' dir='ltr'>ὡς</span> <span class='ocrx_word' id='word_1_69' title='bbox 773 1062 1054 1132; x_wconf 83' lang='grc' dir='ltr'>προεῖπον,</span> <span class='ocrx_word' id='word_1_70' title='bbox 1085 1064 1185 1136; x_wconf 83' lang='grc' dir='ltr'><strong>τὴν</strong></span> <span class='ocrx_word' id='word_1_71' title='bbox 1232 1066 1544 1140; x_wconf 85' lang='grc' dir='ltr'><strong>ἀνατροπὴν</strong></span> <span class='ocrx_word' id='word_1_72' title='bbox 1584 1070 1685 1141; x_wconf 81' lang='grc' dir='ltr'><strong>τῆς</strong></span> <span class='ocrx_word' id='word_1_73' title='bbox 1729 1072 1862 1126; x_wconf 89' lang='grc' dir='ltr'><strong>ἀσυ-</strong></span> 
     </span>
    </p>
   </div>
   <div class='ocr_carea' id='block_1_13' title="bbox 250 1145 1640 1232">
    <p class='ocr_par' dir='ltr' id='par_1_13' title="bbox 250 1145 1640 1232">
     <span class='ocr_line' id='line_1_13' title="bbox 250 1145 1640 1232; baseline 0.012 -33"><span class='ocrx_word' id='word_1_74' title='bbox 250 1145 465 1201; x_wconf 86' lang='grc' dir='ltr'><strong>στάτου</strong></span> <span class='ocrx_word' id='word_1_75' title='bbox 492 1148 694 1220; x_wconf 78' lang='grc' dir='ltr'><strong>ταύτης</strong></span> <span class='ocrx_word' id='word_1_76' title='bbox 723 1150 816 1207; x_wconf 79' lang='grc' dir='ltr'><strong>καὶ</strong></span> <span class='ocrx_word' id='word_1_77' title='bbox 847 1151 1051 1224; x_wconf 80' lang='grc' dir='ltr'>σφόδρα</span> <span class='ocrx_word' id='word_1_78' title='bbox 1072 1155 1323 1223; x_wconf 83' lang='grc' dir='ltr'><strong>εὐτελοῦς</strong></span> <span class='ocrx_word' id='word_1_79' title='bbox 1352 1159 1640 1232; x_wconf 83' lang='grc' dir='ltr'><strong>φλυαρίας.</strong></span> 
     </span>
    </p>
   </div>
   <div class='ocr_carea' id='block_1_14' title="bbox 1977 603 3564 678">
    <p class='ocr_par' dir='ltr' id='par_1_14' title="bbox 1977 603 3564 678">
     <span class='ocr_line' id='line_1_14' title="bbox 1977 603 3564 678; baseline -0.003 -15"><span class='ocrx_word' id='word_1_80' title='bbox 1977 623 2233 663; x_wconf 89' lang='lat' dir='ltr'><strong>versuum</strong></span> <span class='ocrx_word' id='word_1_81' title='bbox 2262 622 2413 662; x_wconf 88' lang='lat' dir='ltr'><strong>more</strong></span> <span class='ocrx_word' id='word_1_82' title='bbox 2444 614 2496 661; x_wconf 91' lang='lat' dir='ltr'><strong>te</strong></span> <span class='ocrx_word' id='word_1_83' title='bbox 2531 606 2746 678; x_wconf 78' lang='lat' dir='ltr'><strong>singula</strong></span> <span class='ocrx_word' id='word_1_84' title='bbox 2772 607 2951 675; x_wconf 88' lang='lat' dir='ltr'><strong>capita</strong></span> <span class='ocrx_word' id='word_1_85' title='bbox 2985 604 3308 670; x_wconf 77' lang='lat' dir='ltr'><strong>digessisse.</strong></span> <span class='ocrx_word' id='word_1_86' title='bbox 3354 603 3564 670; x_wconf 85' lang='lat' dir='ltr'><strong>Quam-</strong></span> 
     </span>
    </p>
   </div>
   <div class='ocr_carea' id='block_1_15' title="bbox 1974 692 3552 768">
    <p class='ocr_par' dir='ltr' id='par_1_15' title="bbox 1974 692 3552 768">
     <span class='ocr_line' id='line_1_15' title="bbox 1974 692 3552 768; baseline -0.003 -16"><span class='ocrx_word' id='word_1_87' title='bbox 1974 698 2162 754; x_wconf 86' lang='lat' dir='ltr'><strong>obrem</strong></span> <span class='ocrx_word' id='word_1_88' title='bbox 2200 699 2314 753; x_wconf 83' lang='lat' dir='ltr'><strong>haec</strong></span> <span class='ocrx_word' id='word_1_89' title='bbox 2351 699 2466 768; x_wconf 88' lang='lat' dir='ltr'><strong>ipsa</strong></span> <span class='ocrx_word' id='word_1_90' title='bbox 2499 707 2614 762; x_wconf 89' lang='lat' dir='ltr'><strong>tua,</strong></span> <span class='ocrx_word' id='word_1_91' title='bbox 2656 707 2713 752; x_wconf 91' lang='lat' dir='ltr'><strong>ut</strong></span> <span class='ocrx_word' id='word_1_92' title='bbox 2746 698 2965 767; x_wconf 87' lang='lat' dir='ltr'><strong>quidem</strong></span> <span class='ocrx_word' id='word_1_93' title='bbox 3021 697 3330 761; x_wconf 79' lang='lat' dir='ltr'><strong>ex’stimas,</strong></span> <span class='ocrx_word' id='word_1_94' title='bbox 3368 692 3552 748; x_wconf 85' lang='lat' dir='ltr'><strong>ﬁrmis-</strong></span> 
     </span>
    </p>
   </div>
   <div class='ocr_carea' id='block_1_16' title="bbox 1972 785 3561 858">
    <p class='ocr_par' dir='ltr' id='par_1_16' title="bbox 1972 785 3561 858">
     <span class='ocr_line' id='line_1_16' title="bbox 1972 785 3561 858; baseline -0.003 -16"><span class='ocrx_word' id='word_1_95' title='bbox 1972 790 2135 852; x_wconf 87' lang='lat' dir='ltr'><strong>sima,</strong></span> <span class='ocrx_word' id='word_1_96' title='bbox 2169 789 2262 844; x_wconf 89' lang='lat' dir='ltr'><strong>sed</strong></span> <span class='ocrx_word' id='word_1_97' title='bbox 2298 788 2598 858; x_wconf 84' lang='lat' dir='ltr'><strong>snphistica</strong></span> <span class='ocrx_word' id='word_1_98' title='bbox 2634 796 2973 858; x_wconf 82' lang='lat' dir='ltr'><strong>argumenta,</strong></span> <span class='ocrx_word' id='word_1_99' title='bbox 3014 804 3138 858; x_wconf 76' lang='lat' dir='ltr'><strong>quae</strong></span> <span class='ocrx_word' id='word_1_100' title='bbox 3169 787 3237 842; x_wconf 87' lang='lat' dir='ltr'><strong>ad</strong></span> <span class='ocrx_word' id='word_1_101' title='bbox 3273 785 3561 841; x_wconf 75' lang='lat' dir='ltr'><strong>confutan-</strong></span> 
     </span>
    </p>
   </div>
   <div class='ocr_carea' id='block_1_17' title="bbox 1972 879 3563 951">
    <p class='ocr_par' dir='ltr' id='par_1_17' title="bbox 1972 879 3563 951">
     <span class='ocr_line' id='line_1_17' title="bbox 1972 879 3563 951; baseline -0.005 -16"><span class='ocrx_word' id='word_1_102' title='bbox 1972 880 2072 936; x_wconf 93' lang='lat' dir='ltr'><strong>dos</strong></span> <span class='ocrx_word' id='word_1_103' title='bbox 2115 880 2527 951; x_wconf 70' lang='lat' dir='ltr'><strong>praestantiores</strong></span> <span class='ocrx_word' id='word_1_104' title='bbox 2561 894 2822 951; x_wconf 48' lang='lat' dir='ltr'><strong>.quosque</strong></span> <span class='ocrx_word' id='word_1_105' title='bbox 2870 879 3189 944; x_wconf 84' lang='lat' dir='ltr'><strong>elaborasti,</strong></span> <span class='ocrx_word' id='word_1_106' title='bbox 3221 886 3282 932; x_wconf 91' lang='lat' dir='ltr'><strong>ut</strong></span> <span class='ocrx_word' id='word_1_107' title='bbox 3313 893 3377 933; x_wconf 89' lang='lat' dir='ltr'><strong>os</strong></span> <span class='ocrx_word' id='word_1_108' title='bbox 3409 884 3563 929; x_wconf 90' lang='lat' dir='ltr'><strong>tuum</strong></span> 
     </span>
    </p>
   </div>
   <div class='ocr_carea' id='block_1_18' title="bbox 1970 968 3561 1045">
    <p class='ocr_par' dir='ltr' id='par_1_18' title="bbox 1970 968 3561 1045">
     <span class='ocr_line' id='line_1_18' title="bbox 1970 968 3561 1045; baseline -0.005 -13"><span class='ocrx_word' id='word_1_109' title='bbox 1970 974 2209 1045; x_wconf 87' lang='lat' dir='ltr'><strong>superbe</strong></span> <span class='ocrx_word' id='word_1_110' title='bbox 2245 983 2438 1029; x_wconf 80' lang='lat' dir='ltr'><strong>contra</strong></span> <span class='ocrx_word' id='word_1_111' title='bbox 2476 974 2764 1029; x_wconf 83' lang='lat' dir='ltr'><strong>veritatem</strong></span> <span class='ocrx_word' id='word_1_112' title='bbox 2810 974 3120 1037; x_wconf 78' lang='lat' dir='ltr'><strong>extolleres,</strong></span> <span class='ocrx_word' id='word_1_113' title='bbox 3161 974 3277 1027; x_wconf 68' lang='lat' dir='ltr'><strong>haec</strong></span> <span class='ocrx_word' id='word_1_114' title='bbox 3318 987 3442 1036; x_wconf 91' lang='lat' dir='ltr'><strong>nos,</strong></span> <span class='ocrx_word' id='word_1_115' title='bbox 3484 968 3561 1024; x_wconf 85' lang='lat' dir='ltr'><strong>in-</strong></span> 
     </span>
    </p>
   </div>
   <div class='ocr_carea' id='block_1_19' title="bbox 1967 1060 3559 1138">
    <p class='ocr_par' dir='ltr' id='par_1_19' title="bbox 1967 1060 3559 1138">
     <span class='ocr_line' id='line_1_19' title="bbox 1967 1060 3559 1138; baseline -0.004 -19"><span class='ocrx_word' id='word_1_116' title='bbox 1967 1082 2156 1138; x_wconf 85' lang='lat' dir='ltr'><strong>quam,</strong></span> <span class='ocrx_word' id='word_1_117' title='bbox 2190 1066 2322 1125; x_wconf 86' lang='lat' dir='ltr'><strong>viles</strong></span> <span class='ocrx_word' id='word_1_118' title='bbox 2382 1074 2436 1123; x_wconf 88' lang='lat' dir='ltr'><strong>et</strong></span> <span class='ocrx_word' id='word_1_119' title='bbox 2468 1064 2669 1130; x_wconf 67' lang='lat' dir='ltr'><strong>idiota,</strong></span> <span class='ocrx_word' id='word_1_120' title='bbox 2712 1079 2890 1134; x_wconf 83' lang='lat' dir='ltr'><strong>neque</strong></span> <span class='ocrx_word' id='word_1_121' title='bbox 2930 1080 2994 1119; x_wconf 80' lang='lat' dir='ltr'><strong>ex</strong></span> <span class='ocrx_word' id='word_1_122' title='bbox 3033 1063 3415 1136; x_wconf 86' lang='lat' dir='ltr'><strong>primariorum</strong></span> <span class='ocrx_word' id='word_1_123' title='bbox 3450 1060 3559 1114; x_wconf 89' lang='lat' dir='ltr'><strong>illo-</strong></span> 
     </span>
    </p>
   </div>
   <div class='ocr_carea' id='block_1_20' title="bbox 1968 1149 3560 1229">
    <p class='ocr_par' dir='ltr' id='par_1_20' title="bbox 1968 1149 3560 1229">
     <span class='ocr_line' id='line_1_20' title="bbox 1968 1149 3560 1229; baseline -0.007 -13"><span class='ocrx_word' id='word_1_124' title='bbox 1968 1176 2089 1216; x_wconf 88' lang='lat' dir='ltr'><strong>rum</strong></span> <span class='ocrx_word' id='word_1_125' title='bbox 2142 1174 2399 1229; x_wconf 79' lang='lat' dir='ltr'><strong>numero,</strong></span> <span class='ocrx_word' id='word_1_126' title='bbox 2451 1158 2546 1214; x_wconf 88' lang='lat' dir='ltr'><strong>sed</strong></span> <span class='ocrx_word' id='word_1_127' title='bbox 2594 1158 2902 1228; x_wconf 84' lang='lat' dir='ltr'><strong>plerisque,</strong></span> <span class='ocrx_word' id='word_1_128' title='bbox 2969 1156 3062 1228; x_wconf 87' lang='lat' dir='ltr'><strong>qui</strong></span> <span class='ocrx_word' id='word_1_129' title='bbox 3117 1156 3171 1208; x_wconf 90' lang='lat' dir='ltr'><strong>in</strong></span> <span class='ocrx_word' id='word_1_130' title='bbox 3225 1159 3416 1209; x_wconf 80' lang='lat' dir='ltr'><strong>saneta</strong></span> <span class='ocrx_word' id='word_1_131' title='bbox 3467 1149 3560 1207; x_wconf 84' lang='lat' dir='ltr'><strong>Dei</strong></span> 
     </span>
    </p>
   </div>
   <div class='ocr_carea' id='block_1_21' title="bbox 252 1236 3560 1324">
    <p class='ocr_par' dir='ltr' id='par_1_21' title="bbox 252 1236 3560 1324">
     <span class='ocr_line' id='line_1_21' title="bbox 252 1236 3560 1324; baseline 0.007 -33"><span class='ocrx_word' id='word_1_132' title='bbox 252 1236 513 1297; x_wconf 81' lang='lat' dir='ltr'><strong>Ecclesia</strong></span> <span class='ocrx_word' id='word_1_133' title='bbox 544 1243 1188 1310; x_wconf 76' lang='lat' dir='ltr'><strong>censentur,inieriores,</strong></span> <span class='ocrx_word' id='word_1_134' title='bbox 1218 1248 1479 1319; x_wconf 78' lang='lat' dir='ltr'><strong>refutare,</strong></span> <span class='ocrx_word' id='word_1_135' title='bbox 1506 1261 1564 1306; x_wconf 91' lang='lat' dir='ltr'><strong>ut</strong></span> <span class='ocrx_word' id='word_1_136' title='bbox 1589 1252 1853 1319; x_wconf 78' lang='lat' dir='ltr'><strong>diximus,</strong></span> <span class='ocrx_word' id='word_1_137' title='bbox 1906 1249 2275 1324; x_wconf 73' lang='lat' dir='ltr'><strong>aggredimur.</strong></span> <span class='ocrx_word' id='word_1_138' title='bbox 2328 1263 2391 1303; x_wconf 73' lang='lat' dir='ltr'><strong>ac</strong></span> <span class='ocrx_word' id='word_1_139' title='bbox 2443 1256 2591 1303; x_wconf 70' lang='grc' dir='ltr'><strong>ιιιειῐη</strong></span> <span class='ocrx_word' id='word_1_140' title='bbox 2640 1247 2788 1300; x_wconf 68' lang='lat' dir='ltr'><strong>illam</strong></span> <span class='ocrx_word' id='word_1_141' title='bbox 2867 1244 3200 1300; x_wconf 67' lang='lat' dir='ltr'><strong>incon‘lilam</strong></span> <span class='ocrx_word' id='word_1_142' title='bbox 3250 1240 3560 1312; x_wconf 63' lang='grc' dir='ltr'><strong>διιὶθυίίεεί·</strong></span> 
     </span>
    </p>
   </div>
   <div class='ocr_carea' id='block_1_22' title="bbox 252 1338 1243 1408">
    <p class='ocr_par' dir='ltr' id='par_1_22' title="bbox 252 1338 1243 1408">
     <span class='ocr_line' id='line_1_22' title="bbox 252 1338 1243 1408; baseline 0.009 -19"><span class='ocrx_word' id='word_1_143' title='bbox 252 1350 524 1406; x_wconf 52' lang='lat' dir='ltr'><strong>maeque</strong></span> <span class='ocrx_word' id='word_1_144' title='bbox 562 1338 949 1408; x_wconf 82' lang='lat' dir='ltr'><strong>loquacitatem</strong></span> <span class='ocrx_word' id='word_1_145' title='bbox 975 1343 1243 1400; x_wconf 80' lang='lat' dir='ltr'><strong>refellere.</strong></span> 
     </span>
    </p>
   </div>
   <div class='ocr_carea' id='block_1_23' title="bbox 332 1426 1849 1511">
    <p class='ocr_par' dir='ltr' id='par_1_23' title="bbox 332 1426 1849 1511">
     <span class='ocr_line' id='line_1_23' title="bbox 332 1426 1849 1511; baseline 0.008 -30"><span class='ocrx_word' id='word_1_146' title='bbox 332 1429 415 1482; x_wconf 80' lang='lat' dir='ltr'><strong>I&quot;.</strong></span> <span class='ocrx_word' id='word_1_147' title='bbox 446 1430 558 1484; x_wconf 80' lang='lat' dir='ltr'><strong>Kal.</strong></span> <span class='ocrx_word' id='word_1_148' title='bbox 600 1431 702 1495; x_wconf 75' lang='grc' dir='ltr'><strong>ἕως</strong></span> <span class='ocrx_word' id='word_1_149' title='bbox 755 1426 857 1488; x_wconf 75' lang='grc' dir='ltr'>ὧδε</span> <span class='ocrx_word' id='word_1_150' title='bbox 883 1437 1054 1507; x_wconf 78' lang='grc' dir='ltr'><strong>ἐχέτω</strong></span> <span class='ocrx_word' id='word_1_151' title='bbox 1083 1456 1177 1492; x_wconf 88' lang='grc' dir='ltr'><strong>σου</strong></span> <span class='ocrx_word' id='word_1_152' title='bbox 1205 1440 1239 1509; x_wconf 79' lang='grc' dir='ltr'><strong>ἡ</strong></span> <span class='ocrx_word' id='word_1_153' title='bbox 1267 1437 1411 1494; x_wconf 81' lang='grc' dir='ltr'><strong>κατὰ</strong></span> <span class='ocrx_word' id='word_1_154' title='bbox 1440 1437 1534 1492; x_wconf 87' lang='grc' dir='ltr'><strong>τοῦ</strong></span> <span class='ocrx_word' id='word_1_155' title='bbox 1562 1439 1849 1511; x_wconf 82' lang='grc' dir='ltr'>προοιμίου</span> 
     </span>
    </p>
   </div>
   <div class='ocr_carea' id='block_1_24' title="bbox 249 1517 1853 1601">
    <p class='ocr_par' dir='ltr' id='par_1_24' title="bbox 249 1517 1853 1601">
     <span class='ocr_line' id='line_1_24' title="bbox 249 1517 1853 1601; baseline 0.008 -31"><span class='ocrx_word' id='word_1_156' title='bbox 249 1517 541 1583; x_wconf 80' lang='grc' dir='ltr'><strong>ἀντίθεσις</strong></span> <span class='ocrx_word' id='word_1_157' title='bbox 585 1521 685 1592; x_wconf 82' lang='grc' dir='ltr'><strong>τῆς</strong></span> <span class='ocrx_word' id='word_1_158' title='bbox 730 1522 888 1594; x_wconf 83' lang='grc' dir='ltr'><strong>ἡμῶν</strong></span> <span class='ocrx_word' id='word_1_159' title='bbox 935 1525 1290 1599; x_wconf 79' lang='grc' dir='ltr'><strong>βραχύτητος.</strong></span> <span class='ocrx_word' id='word_1_160' title='bbox 1348 1529 1545 1601; x_wconf 81' lang='grc' dir='ltr'>Ἀρχὴν</span> <span class='ocrx_word' id='word_1_161' title='bbox 1590 1530 1648 1585; x_wconf 83' lang='grc' dir='ltr'>δὲ</span> <span class='ocrx_word' id='word_1_162' title='bbox 1694 1526 1853 1594; x_wconf 77' lang='grc' dir='ltr'><strong>αὖθις</strong></span> 
     </span>
    </p>
   </div>
   <div class='ocr_carea' id='block_1_25' title="bbox 247 1609 1850 1690">
    <p class='ocr_par' dir='ltr' id='par_1_25' title="bbox 247 1609 1850 1690">
     <span class='ocr_line' id='line_1_25' title="bbox 247 1609 1850 1690; baseline 0.009 -28"><span class='ocrx_word' id='word_1_163' title='bbox 247 1609 371 1663; x_wconf 82' lang='grc' dir='ltr'><strong>τῶν</strong></span> <span class='ocrx_word' id='word_1_164' title='bbox 419 1611 524 1665; x_wconf 83' lang='grc' dir='ltr'><strong>ὑπὸ</strong></span> <span class='ocrx_word' id='word_1_165' title='bbox 562 1612 655 1667; x_wconf 89' lang='grc' dir='ltr'><strong>σοῦ</strong></span> <span class='ocrx_word' id='word_1_166' title='bbox 691 1614 1004 1684; x_wconf 81' lang='grc' dir='ltr'><strong>κεφαλαίων</strong></span> <span class='ocrx_word' id='word_1_167' title='bbox 1037 1619 1275 1690; x_wconf 69' lang='grc' dir='ltr'><strong>καθεξῆς</strong></span> <span class='ocrx_word' id='word_1_168' title='bbox 1306 1621 1646 1689; x_wconf 81' lang='grc' dir='ltr'><strong>κατατάξας,</strong></span> <span class='ocrx_word' id='word_1_169' title='bbox 1697 1623 1850 1677; x_wconf 83' lang='grc' dir='ltr'><strong>ἀντι-</strong></span> 
     </span>
    </p>
   </div>
   <div class='ocr_carea' id='block_1_26' title="bbox 248 1705 1855 1789">
    <p class='ocr_par' dir='ltr' id='par_1_26' title="bbox 248 1705 1855 1789">
     <span class='ocr_line' id='line_1_26' title="bbox 248 1705 1855 1789; baseline 0.009 -33"><span class='ocrx_word' id='word_1_170' title='bbox 248 1721 403 1775; x_wconf 85' lang='grc' dir='ltr'><strong>κρυς</strong></span> <span class='ocrx_word' id='word_1_171' title='bbox 443 1705 679 1776; x_wconf 81' lang='grc' dir='ltr'><strong>ἑκάστης</strong></span> <span class='ocrx_word' id='word_1_172' title='bbox 725 1706 922 1774; x_wconf 77' lang='grc' dir='ltr'><strong>λέξεως</strong></span> <span class='ocrx_word' id='word_1_173' title='bbox 954 1711 1048 1765; x_wconf 69' lang='grc' dir='ltr'><strong>καὶ</strong></span> <span class='ocrx_word' id='word_1_174' title='bbox 1090 1713 1386 1781; x_wconf 78' lang='grc' dir='ltr'>κεφαλαίου</span> <span class='ocrx_word' id='word_1_175' title='bbox 1420 1715 1855 1789; x_wconf 86' lang='grc' dir='ltr'><strong>ἁντιπαραθήσο-</strong></span> 
     </span>
    </p>
   </div>
   <div class='ocr_carea' id='block_1_27' title="bbox 255 1794 1851 1877">
    <p class='ocr_par' dir='ltr' id='par_1_27' title="bbox 255 1794 1851 1877">
     <span class='ocr_line' id='line_1_27' title="bbox 255 1794 1851 1877; baseline 0.009 -30"><span class='ocrx_word' id='word_1_176' title='bbox 255 1812 366 1868; x_wconf 81' lang='grc' dir='ltr'><strong>μαι</strong></span> <span class='ocrx_word' id='word_1_177' title='bbox 399 1794 500 1859; x_wconf 82' lang='grc' dir='ltr'><strong>τάς</strong></span> <span class='ocrx_word' id='word_1_178' title='bbox 532 1797 597 1849; x_wconf 81' lang='grc' dir='ltr'><strong>ὲκ</strong></span> <span class='ocrx_word' id='word_1_179' title='bbox 630 1796 740 1850; x_wconf 86' lang='grc' dir='ltr'><strong>τῶν</strong></span> <span class='ocrx_word' id='word_1_180' title='bbox 785 1796 946 1851; x_wconf 83' lang='grc' dir='ltr'>θείων</span> <span class='ocrx_word' id='word_1_181' title='bbox 992 1800 1246 1872; x_wconf 77' lang='grc' dir='ltr'><strong>Γραφῶν,</strong></span> <span class='ocrx_word' id='word_1_182' title='bbox 1287 1804 1382 1858; x_wconf 78' lang='grc' dir='ltr'><strong>καὶ</strong></span> <span class='ocrx_word' id='word_1_183' title='bbox 1410 1804 1470 1872; x_wconf 78' lang='grc' dir='ltr'><strong>ἐξ</strong></span> <span class='ocrx_word' id='word_1_184' title='bbox 1507 1804 1671 1877; x_wconf 89' lang='grc' dir='ltr'><strong>ὀρθοῦ</strong></span> <span class='ocrx_word' id='word_1_185' title='bbox 1702 1804 1851 1875; x_wconf 86' lang='grc' dir='ltr'><strong>λογι-</strong></span> 
     </span>
    </p>
   </div>
   <div class='ocr_carea' id='block_1_28' title="bbox 252 1886 1853 1973">
    <p class='ocr_par' dir='ltr' id='par_1_28' title="bbox 252 1886 1853 1973">
     <span class='ocr_line' id='line_1_28' title="bbox 252 1886 1853 1973; baseline 0.006 -32"><span class='ocrx_word' id='word_1_186' title='bbox 252 1887 406 1958; x_wconf 84' lang='grc' dir='ltr'><strong>σμοῦ</strong></span> <span class='ocrx_word' id='word_1_187' title='bbox 445 1889 792 1962; x_wconf 70' lang='grc' dir='ltr'><strong>ἀντιρρήσεις</strong></span> <span class='ocrx_word' id='word_1_188' title='bbox 833 1909 891 1945; x_wconf 84' lang='grc' dir='ltr'><strong>τε</strong></span> <span class='ocrx_word' id='word_1_189' title='bbox 930 1893 1024 1947; x_wconf 79' lang='grc' dir='ltr'><strong>καὶ</strong></span> <span class='ocrx_word' id='word_1_190' title='bbox 1056 1886 1385 1973; x_wconf 70' lang='grc' dir='ltr'><strong>ζητημάτων</strong></span> <span class='ocrx_word' id='word_1_191' title='bbox 1419 1897 1571 1969; x_wconf 77' lang='grc' dir='ltr'>παρὰ</span> <span class='ocrx_word' id='word_1_192' title='bbox 1605 1898 1687 1952; x_wconf 74' lang='lat' dir='ltr'><strong>col.</strong></span> <span class='ocrx_word' id='word_1_193' title='bbox 1712 1898 1853 1966; x_wconf 91' lang='grc' dir='ltr'><strong>λογι-</strong></span> 
     </span>
    </p>
   </div>
   <div class='ocr_carea' id='block_1_29' title="bbox 248 1979 1852 2062">
    <p class='ocr_par' dir='ltr' id='par_1_29' title="bbox 248 1979 1852 2062">
     <span class='ocr_line' id='line_1_29' title="bbox 248 1979 1852 2062; baseline 0.007 -31"><span class='ocrx_word' id='word_1_194' title='bbox 248 1979 377 2032; x_wconf 82' lang='grc' dir='ltr'><strong>κῶν</strong></span> <span class='ocrx_word' id='word_1_195' title='bbox 422 1980 765 2051; x_wconf 79' lang='grc' dir='ltr'><strong>ἀνατροπάς’</strong></span> <span class='ocrx_word' id='word_1_196' title='bbox 808 1982 961 2048; x_wconf 84' lang='grc' dir='ltr'><strong>ὅπως</strong></span> <span class='ocrx_word' id='word_1_197' title='bbox 1004 1985 1055 2043; x_wconf 76' lang='grc' dir='ltr'><strong>οἱ</strong></span> <span class='ocrx_word' id='word_1_198' title='bbox 1098 1984 1234 2040; x_wconf 83' lang='grc' dir='ltr'>Θεοῦ</span> <span class='ocrx_word' id='word_1_199' title='bbox 1277 1986 1454 2042; x_wconf 86' lang='grc' dir='ltr'><strong>δοῦλοι</strong></span> <span class='ocrx_word' id='word_1_200' title='bbox 1492 1988 1588 2042; x_wconf 74' lang='grc' dir='ltr'><strong>καὶ</strong></span> <span class='ocrx_word' id='word_1_201' title='bbox 1630 1989 1852 2062; x_wconf 85' lang='grc' dir='ltr'><strong>ἀληθεῖς</strong></span> 
     </span>
    </p>
   </div>
   <div class='ocr_carea' id='block_1_30' title="bbox 248 2070 1851 2153">
    <p class='ocr_par' dir='ltr' id='par_1_30' title="bbox 248 2070 1851 2153">
     <span class='ocr_line' id='line_1_30' title="bbox 248 2070 1851 2153; baseline 0.004 -25"><span class='ocrx_word' id='word_1_202' title='bbox 248 2070 533 2143; x_wconf 79' lang='grc' dir='ltr'><strong>ἀθληταὶ,</strong></span> <span class='ocrx_word' id='word_1_203' title='bbox 563 2073 879 2144; x_wconf 74' lang='grc' dir='ltr'><strong>ἐντυχόντες</strong></span> <span class='ocrx_word' id='word_1_204' title='bbox 897 2116 913 2141; x_wconf 86' lang='grc'><strong>,</strong></span> <span class='ocrx_word' id='word_1_205' title='bbox 948 2076 1042 2134; x_wconf 73' lang='grc' dir='ltr'><strong>καὶ</strong></span> <span class='ocrx_word' id='word_1_206' title='bbox 1079 2079 1518 2149; x_wconf 76' lang='grc' dir='ltr'><strong>κατανοήσαντες</strong></span> <span class='ocrx_word' id='word_1_207' title='bbox 1542 2080 1641 2153; x_wconf 77' lang='grc' dir='ltr'><strong>τὴν</strong></span> <span class='ocrx_word' id='word_1_208' title='bbox 1668 2082 1851 2137; x_wconf 81' lang='grc' dir='ltr'><strong>πᾶσάν</strong></span> 
     </span>
    </p>
   </div>
   <div class='ocr_carea' id='block_1_31' title="bbox 251 2165 1851 2248">
    <p class='ocr_par' dir='ltr' id='par_1_31' title="bbox 251 2165 1851 2248">
     <span class='ocr_line' id='line_1_31' title="bbox 251 2165 1851 2248; baseline 0.009 -31"><span class='ocrx_word' id='word_1_209' title='bbox 251 2181 358 2218; x_wconf 85' lang='grc' dir='ltr'><strong>σου</strong></span> <span class='ocrx_word' id='word_1_210' title='bbox 412 2165 640 2223; x_wconf 83' lang='grc' dir='ltr'><strong>ἀτοπίαν</strong></span> <span class='ocrx_word' id='word_1_211' title='bbox 664 2207 687 2241; x_wconf 86' lang='lat'><strong>,_</strong></span> <span class='ocrx_word' id='word_1_212' title='bbox 720 2168 1138 2238; x_wconf 80' lang='grc' dir='ltr'><strong>καταγελάσωσι</strong></span> <span class='ocrx_word' id='word_1_213' title='bbox 1161 2212 1177 2238; x_wconf 92' lang='grc'><strong>,</strong></span> <span class='ocrx_word' id='word_1_214' title='bbox 1225 2172 1504 2242; x_wconf 84' lang='grc' dir='ltr'><strong>λέγοντες·</strong></span> <span class='ocrx_word' id='word_1_215' title='bbox 1558 2176 1619 2232; x_wconf 83' lang='grc' dir='ltr'><strong><em>Ἡ</em></strong></span> <span class='ocrx_word' id='word_1_216' title='bbox 1668 2180 1851 2248; x_wconf 79' lang='grc' dir='ltr'>ὑπερ-</span> 
     </span>
    </p>
   </div>
   <div class='ocr_carea' id='block_1_32' title="bbox 247 2256 1851 2337">
    <p class='ocr_par' dir='ltr' id='par_1_32' title="bbox 247 2256 1851 2337">
     <span class='ocr_line' id='line_1_32' title="bbox 247 2256 1851 2337; baseline 0.01 -28"><span class='ocrx_word' id='word_1_217' title='bbox 247 2257 493 2326; x_wconf 66' lang='grc' dir='ltr'><strong>ηέρανία</strong></span> <span class='ocrx_word' id='word_1_218' title='bbox 530 2256 639 2324; x_wconf 86' lang='grc' dir='ltr'><strong>τῆς</strong></span> <span class='ocrx_word' id='word_1_219' title='bbox 675 2260 926 2330; x_wconf 82' lang='grc' dir='ltr'><strong>καρδίας</strong></span> <span class='ocrx_word' id='word_1_220' title='bbox 959 2278 1077 2318; x_wconf 86' lang='grc' dir='ltr'><strong>σου</strong></span> <span class='ocrx_word' id='word_1_221' title='bbox 1106 2263 1360 2337; x_wconf 76' lang='grc' dir='ltr'><strong>ἐποίησέ</strong></span> <span class='ocrx_word' id='word_1_222' title='bbox 1387 2282 1487 2322; x_wconf 89' lang='grc' dir='ltr'><strong>σοι</strong></span> <span class='ocrx_word' id='word_1_223' title='bbox 1515 2269 1724 2324; x_wconf 81' lang='grc' dir='ltr'><strong>ταῦτα.</strong></span> <span class='ocrx_word' id='word_1_224' title='bbox 1767 2270 1851 2325; x_wconf 84' lang='grc' dir='ltr'><strong>Σὺ</strong></span> 
     </span>
    </p>
   </div>
   <div class='ocr_carea' id='block_1_33' title="bbox 248 2348 1854 2435">
    <p class='ocr_par' dir='ltr' id='par_1_33' title="bbox 248 2348 1854 2435">
     <span class='ocr_line' id='line_1_33' title="bbox 248 2348 1854 2435; baseline 0.009 -29"><span class='ocrx_word' id='word_1_225' title='bbox 248 2352 372 2423; x_wconf 73' lang='grc' dir='ltr'><strong>γὰρ</strong></span> <span class='ocrx_word' id='word_1_226' title='bbox 395 2348 569 2420; x_wconf 67' lang='grc' dir='ltr'><strong>εἴπας</strong></span> <span class='ocrx_word' id='word_1_227' title='bbox 602 2355 789 2410; x_wconf 81' lang='grc' dir='ltr'><strong>ταῦτα</strong></span> <span class='ocrx_word' id='word_1_228' title='bbox 812 2358 881 2411; x_wconf 76' lang='grc' dir='ltr'><strong>ἐν</strong></span> <span class='ocrx_word' id='word_1_229' title='bbox 905 2357 983 2428; x_wconf 75' lang='grc' dir='ltr'><strong>τῇ</strong></span> <span class='ocrx_word' id='word_1_230' title='bbox 1010 2358 1249 2428; x_wconf 76' lang='grc' dir='ltr'><strong>διανοίᾳ</strong></span> <span class='ocrx_word' id='word_1_231' title='bbox 1280 2376 1398 2415; x_wconf 87' lang='grc' dir='ltr'><strong>σου</strong></span> <span class='ocrx_word' id='word_1_232' title='bbox 1417 2379 1430 2393; x_wconf 89' lang='grc'><strong>·</strong></span> <span class='ocrx_word' id='word_1_233' title='bbox 1459 2363 1854 2435; x_wconf 72' lang='grc' dir='ltr'><strong>Ἀναϐήσομαι</strong></span> 
     </span>
    </p>
   </div>
   <div class='ocr_carea' id='block_1_34' title="bbox 246 2445 1852 2525">
    <p class='ocr_par' dir='ltr' id='par_1_34' title="bbox 246 2445 1852 2525">
     <span class='ocr_line' id='line_1_34' title="bbox 246 2445 1852 2525; baseline 0.009 -27"><span class='ocrx_word' id='word_1_234' title='bbox 246 2447 349 2512; x_wconf 67' lang='grc' dir='ltr'><strong>εἰς</strong></span> <span class='ocrx_word' id='word_1_235' title='bbox 386 2445 496 2501; x_wconf 85' lang='grc' dir='ltr'><strong>τὸν</strong></span> <span class='ocrx_word' id='word_1_236' title='bbox 543 2449 827 2517; x_wconf 58' lang='grc' dir='ltr'><strong>οὐρανὸν,</strong></span> <span class='ocrx_word' id='word_1_237' title='bbox 870 2451 972 2504; x_wconf 79' lang='grc' dir='ltr'><strong>καὶ</strong></span> <span class='ocrx_word' id='word_1_238' title='bbox 1013 2451 1218 2509; x_wconf 77' lang='grc' dir='ltr'><strong>ἐπάνω</strong></span> <span class='ocrx_word' id='word_1_239' title='bbox 1259 2450 1382 2507; x_wconf 80' lang='grc' dir='ltr'><strong>τῶν</strong></span> <span class='ocrx_word' id='word_1_240' title='bbox 1433 2454 1706 2525; x_wconf 80' lang='grc' dir='ltr'><strong>ἀστέρων</strong></span> <span class='ocrx_word' id='word_1_241' title='bbox 1745 2457 1852 2512; x_wconf 85' lang='grc' dir='ltr'><strong>τοῦ</strong></span> 
     </span>
    </p>
   </div>
   <div class='ocr_carea' id='block_1_35' title="bbox 247 2537 1854 2616">
    <p class='ocr_par' dir='ltr' id='par_1_35' title="bbox 247 2537 1854 2616">
     <span class='ocr_line' id='line_1_35' title="bbox 247 2537 1854 2616; baseline 0.008 -26"><span class='ocrx_word' id='word_1_242' title='bbox 247 2537 523 2605; x_wconf 80' lang='grc' dir='ltr'><strong>οὐρανοῦ</strong></span> <span class='ocrx_word' id='word_1_243' title='bbox 553 2537 813 2609; x_wconf 71' lang='grc' dir='ltr'><strong>θήσομαι</strong></span> <span class='ocrx_word' id='word_1_244' title='bbox 854 2540 964 2596; x_wconf 80' lang='grc' dir='ltr'><strong>τὸν</strong></span> <span class='ocrx_word' id='word_1_245' title='bbox 995 2544 1211 2611; x_wconf 82' lang='grc' dir='ltr'><strong>θρόνον</strong></span> <span class='ocrx_word' id='word_1_246' title='bbox 1237 2563 1380 2615; x_wconf 82' lang='grc' dir='ltr'><strong>μου.</strong></span> <span class='ocrx_word' id='word_1_247' title='bbox 1407 2546 1602 2604; x_wconf 77' lang='grc' dir='ltr'><strong>Καθιῶ</strong></span> <span class='ocrx_word' id='word_1_248' title='bbox 1631 2548 1701 2601; x_wconf 82' lang='grc' dir='ltr'><strong>ὲν</strong></span> <span class='ocrx_word' id='word_1_249' title='bbox 1730 2548 1854 2616; x_wconf 76' lang='grc' dir='ltr'>ὄρει</span> 
     </span>
    </p>
   </div>
   <div class='ocr_carea' id='block_1_36' title="bbox 248 2627 1855 2709">
    <p class='ocr_par' dir='ltr' id='par_1_36' title="bbox 248 2627 1855 2709">
     <span class='ocr_line' id='line_1_36' title="bbox 248 2627 1855 2709; baseline 0.008 -28"><span class='ocrx_word' id='word_1_250' title='bbox 248 2627 481 2697; x_wconf 75' lang='grc' dir='ltr'><strong>ὑψηλῷ</strong></span> <span class='ocrx_word' id='word_1_251' title='bbox 506 2645 520 2659; x_wconf 85' lang='grc'><strong>·</strong></span> <span class='ocrx_word' id='word_1_252' title='bbox 563 2630 665 2684; x_wconf 70' lang='grc' dir='ltr'><strong>ἐπὶ</strong></span> <span class='ocrx_word' id='word_1_253' title='bbox 696 2632 768 2686; x_wconf 82' lang='grc' dir='ltr'><strong>τὰ</strong></span> <span class='ocrx_word' id='word_1_254' title='bbox 795 2631 903 2703; x_wconf 78' lang='grc' dir='ltr'><strong>ὄρη</strong></span> <span class='ocrx_word' id='word_1_255' title='bbox 954 2636 1029 2689; x_wconf 81' lang='grc' dir='ltr'><strong>τὰ</strong></span> <span class='ocrx_word' id='word_1_256' title='bbox 1067 2636 1280 2705; x_wconf 66' lang='grc' dir='ltr'><strong>ὑψηλὰ</strong></span> <span class='ocrx_word' id='word_1_257' title='bbox 1328 2636 1401 2692; x_wconf 84' lang='grc' dir='ltr'><strong>τὰ</strong></span> <span class='ocrx_word' id='word_1_258' title='bbox 1436 2639 1587 2707; x_wconf 70' lang='grc' dir='ltr'>πρὸς</span> <span class='ocrx_word' id='word_1_259' title='bbox 1616 2639 1855 2709; x_wconf 75' lang='grc' dir='ltr'><strong>,βορῤιῖν</strong></span> 
     </span>
    </p>
   </div>
   <div class='ocr_carea' id='block_1_37' title="bbox 246 2721 1851 2799">
    <p class='ocr_par' dir='ltr' id='par_1_37' title="bbox 246 2721 1851 2799">
     <span class='ocr_line' id='line_1_37' title="bbox 246 2721 1851 2799; baseline 0.007 -23"><span class='ocrx_word' id='word_1_260' title='bbox 246 2721 639 2793; x_wconf 68' lang='grc' dir='ltr'><strong>ἀναϐήσομαι</strong></span> <span class='ocrx_word' id='word_1_261' title='bbox 671 2724 875 2794; x_wconf 74' lang='grc' dir='ltr'><strong>ὅμοιος</strong></span> <span class='ocrx_word' id='word_1_262' title='bbox 903 2725 984 2792; x_wconf 83' lang='grc' dir='ltr'><strong>τῷ</strong></span> <span class='ocrx_word' id='word_1_263' title='bbox 1023 2727 1299 2797; x_wconf 51' lang='lat' dir='ltr'><strong>Tyriam).</strong></span> <span class='ocrx_word' id='word_1_264' title='bbox 1323 2730 1475 2783; x_wconf 77' lang='grc' dir='ltr'><strong>Νυνὶ</strong></span> <span class='ocrx_word' id='word_1_265' title='bbox 1498 2730 1566 2785; x_wconf 83' lang='grc' dir='ltr'><strong>δὲ</strong></span> <span class='ocrx_word' id='word_1_266' title='bbox 1588 2735 1676 2798; x_wconf 75' lang='grc' dir='ltr'><strong>εἰς</strong></span> <span class='ocrx_word' id='word_1_267' title='bbox 1701 2732 1851 2799; x_wconf 82' lang='grc' dir='ltr'><strong>ᾅδου</strong></span> 
     </span>
    </p>
   </div>
   <div class='ocr_carea' id='block_1_38' title="bbox 247 2810 1778 2892">
    <p class='ocr_par' dir='ltr' id='par_1_38' title="bbox 247 2810 1778 2892">
     <span class='ocr_line' id='line_1_38' title="bbox 247 2810 1778 2892; baseline 0.009 -29"><span class='ocrx_word' id='word_1_268' title='bbox 247 2810 598 2881; x_wconf 70' lang='grc' dir='ltr'><strong>καταϐήσῃ,</strong></span> <span class='ocrx_word' id='word_1_269' title='bbox 622 2814 710 2880; x_wconf 77' lang='grc' dir='ltr'><strong>εἰς</strong></span> <span class='ocrx_word' id='word_1_270' title='bbox 748 2815 819 2869; x_wconf 80' lang='grc' dir='ltr'><strong>τὰ</strong></span> <span class='ocrx_word' id='word_1_271' title='bbox 847 2815 1093 2886; x_wconf 76' lang='grc' dir='ltr'><strong>θεμέλια</strong></span> <span class='ocrx_word' id='word_1_272' title='bbox 1115 2816 1225 2887; x_wconf 83' lang='grc' dir='ltr'><strong>τῆς</strong></span> <span class='ocrx_word' id='word_1_273' title='bbox 1248 2817 1379 2889; x_wconf 78' lang='grc' dir='ltr'><strong>γῆς,</strong></span> <span class='ocrx_word' id='word_1_274' title='bbox 1406 2822 1501 2877; x_wconf 70' lang='grc' dir='ltr'><strong>καὶ</strong></span> <span class='ocrx_word' id='word_1_275' title='bbox 1531 2821 1599 2876; x_wconf 70' lang='grc' dir='ltr'><strong>τὰ</strong></span> <span class='ocrx_word' id='word_1_276' title='bbox 1630 2822 1778 2892; x_wconf 78' lang='grc' dir='ltr'><strong>ἑξῆς.</strong></span> 
     </span>
    </p>
   </div>
   <div class='ocr_carea' id='block_1_39' title="bbox 247 2924 1849 2991">
    <p class='ocr_par' dir='ltr' id='par_1_39' title="bbox 247 2924 1849 2991">
     <span class='ocr_line' id='line_1_39' title="bbox 247 2924 1849 2991; baseline 0.009 -15"><span class='ocrx_word' id='word_1_277' title='bbox 247 2924 396 2977; x_wconf 76' lang='grc' dir='ltr'><strong>ΚΑΙ</strong></span> <span class='ocrx_word' id='word_1_278' title='bbox 443 2926 673 2980; x_wconf 79' lang='grc' dir='ltr'><strong><em>ΕΣΤΙΝ</em></strong></span> <span class='ocrx_word' id='word_1_279' title='bbox 722 2930 779 2980; x_wconf 85' lang='grc' dir='ltr'><em>Η</em></span> <span class='ocrx_word' id='word_1_280' title='bbox 832 2930 1037 2982; x_wconf 84' lang='grc' dir='ltr'><strong>ΑΡΧΗ</strong></span> <span class='ocrx_word' id='word_1_281' title='bbox 1094 2931 1234 2984; x_wconf 85' lang='grc' dir='ltr'><strong>ΤΩΝ</strong></span> <span class='ocrx_word' id='word_1_282' title='bbox 1283 2930 1565 2988; x_wconf 83' lang='grc' dir='ltr'><strong>ΑΕΤΙΟΥ</strong></span> <span class='ocrx_word' id='word_1_283' title='bbox 1619 2937 1849 2991; x_wconf 75' lang='grc' dir='ltr'><strong>ΚΕΦΑ-</strong></span> 
     </span>
    </p>
   </div>
   <div class='ocr_carea' id='block_1_40' title="bbox 792 3001 1282 3067">
    <p class='ocr_par' dir='ltr' id='par_1_40' title="bbox 792 3001 1282 3067">
     <span class='ocr_line' id='line_1_40' title="bbox 792 3001 1282 3067; baseline 0.008 -15"><span class='ocrx_word' id='word_1_284' title='bbox 792 3001 1027 3065; x_wconf 78' lang='grc' dir='ltr'><strong>ΛΑΙΩΝ</strong></span> <span class='ocrx_word' id='word_1_285' title='bbox 1062 3002 1282 3067; x_wconf 75' lang='grc' dir='ltr'><strong>ΛΥΤΗ.</strong></span> 
     </span>
    </p>
   </div>
   <div class='ocr_carea' id='block_1_41' title="bbox 326 3108 1852 3190">
    <p class='ocr_par' dir='ltr' id='par_1_41' title="bbox 326 3108 1852 3190">
     <span class='ocr_line' id='line_1_41' title="bbox 326 3108 1852 3190; baseline 0.007 -29"><span class='ocrx_word' id='word_1_286' title='bbox 326 3108 413 3171; x_wconf 71' lang='lat' dir='ltr'><strong>A’.</strong></span> <span class='ocrx_word' id='word_1_287' title='bbox 453 3108 517 3162; x_wconf 83' lang='grc' dir='ltr'>Εί</span> <span class='ocrx_word' id='word_1_288' title='bbox 545 3109 769 3175; x_wconf 68' lang='grc' dir='ltr'><strong>δυνατόν</strong></span> <span class='ocrx_word' id='word_1_289' title='bbox 794 3110 912 3165; x_wconf 71' lang='grc' dir='ltr'><strong>ἐστι</strong></span> <span class='ocrx_word' id='word_1_290' title='bbox 952 3110 1033 3183; x_wconf 81' lang='grc' dir='ltr'><strong>τῷ</strong></span> <span class='ocrx_word' id='word_1_291' title='bbox 1061 3113 1345 3187; x_wconf 84' lang='grc' dir='ltr'><strong>ἀγεννήτῳ</strong></span> <span class='ocrx_word' id='word_1_292' title='bbox 1368 3114 1489 3187; x_wconf 83' lang='grc' dir='ltr'>Θεῷ</span> <span class='ocrx_word' id='word_1_293' title='bbox 1509 3117 1573 3170; x_wconf 85' lang='grc' dir='ltr'><strong>τὸ</strong></span> <span class='ocrx_word' id='word_1_294' title='bbox 1594 3118 1852 3190; x_wconf 79' lang='grc' dir='ltr'><strong>γεννητὸν</strong></span> 
     </span>
    </p>
   </div>
   <div class='ocr_carea' id='block_1_42' title="bbox 245 3201 835 3273">
    <p class='ocr_par' dir='ltr' id='par_1_42' title="bbox 245 3201 835 3273">
     <span class='ocr_line' id='line_1_42' title="bbox 245 3201 835 3273; baseline -0.002 -16"><span class='ocrx_word' id='word_1_295' title='bbox 245 3201 555 3273; x_wconf 80' lang='grc' dir='ltr'><strong>ἀγέννητον</strong></span> <span class='ocrx_word' id='word_1_296' title='bbox 587 3201 835 3273; x_wconf 77' lang='grc' dir='ltr'><strong>ποιῆσαι.</strong></span> 
     </span>
    </p>
   </div>
   <div class='ocr_carea' id='block_1_43' title="bbox 828 3295 1280 3366">
    <p class='ocr_par' dir='ltr' id='par_1_43' title="bbox 828 3295 1280 3366">
     <span class='ocr_line' id='line_1_43' title="bbox 828 3295 1280 3366; baseline 0.004 -17"><span class='ocrx_word' id='word_1_297' title='bbox 828 3295 1165 3366; x_wconf 77' lang='grc' dir='ltr'><strong>Ἀνατροπὴ,</strong></span> <span class='ocrx_word' id='word_1_298' title='bbox 1195 3299 1280 3351; x_wconf 83' lang='grc' dir='ltr'><strong>Α’.</strong></span> 
     </span>
    </p>
   </div>
   <div class='ocr_carea' id='block_1_44' title="bbox 327 3386 1841 3461">
    <p class='ocr_par' dir='ltr' id='par_1_44' title="bbox 327 3386 1841 3461">
     <span class='ocr_line' id='line_1_44' title="bbox 327 3386 1841 3461; baseline 0.005 -21"><span class='ocrx_word' id='word_1_299' title='bbox 327 3386 556 3458; x_wconf 77' lang='grc' dir='ltr'><strong>Πρῶτον</strong></span> <span class='ocrx_word' id='word_1_300' title='bbox 590 3388 689 3459; x_wconf 77' lang='grc' dir='ltr'><strong>μὲν</strong></span> <span class='ocrx_word' id='word_1_301' title='bbox 727 3389 790 3443; x_wconf 92' lang='grc' dir='ltr'><strong>τὸ</strong></span> <span class='ocrx_word' id='word_1_302' title='bbox 813 3390 895 3453; x_wconf 81' lang='grc' dir='ltr'><strong>εἰς</strong></span> <span class='ocrx_word' id='word_1_303' title='bbox 923 3390 1057 3445; x_wconf 83' lang='grc' dir='ltr'><strong>Θεὸν</strong></span> <span class='ocrx_word' id='word_1_304' title='bbox 1086 3391 1407 3461; x_wconf 87' lang='grc' dir='ltr'><strong>λογίσασθαι</strong></span> <span class='ocrx_word' id='word_1_305' title='bbox 1430 3393 1692 3447; x_wconf 78' lang='grc' dir='ltr'><strong>ἀδύνατον</strong></span> <span class='ocrx_word' id='word_1_306' title='bbox 1719 3395 1841 3448; x_wconf 82' lang='grc' dir='ltr'><strong>ἀσεο</strong></span> 
     </span>
    </p>
   </div>
   <div class='ocr_carea' id='block_1_45' title="bbox 244 3474 1855 3555">
    <p class='ocr_par' dir='ltr' id='par_1_45' title="bbox 244 3474 1855 3555">
     <span class='ocr_line' id='line_1_45' title="bbox 244 3474 1855 3555; baseline 0.004 -23"><span class='ocrx_word' id='word_1_307' title='bbox 244 3477 352 3542; x_wconf 78' lang='grc' dir='ltr'><strong>σὲς</strong></span> <span class='ocrx_word' id='word_1_308' title='bbox 373 3474 445 3550; x_wconf 82' lang='grc' dir='ltr'><strong>ἦν</strong></span> <span class='ocrx_word' id='word_1_309' title='bbox 469 3478 630 3549; x_wconf 87' lang='grc' dir='ltr'><strong>μόνον</strong></span> <span class='ocrx_word' id='word_1_310' title='bbox 662 3496 722 3533; x_wconf 89' lang='grc' dir='ltr'><strong>τε</strong></span> <span class='ocrx_word' id='word_1_311' title='bbox 747 3480 1000 3554; x_wconf 79' lang='grc' dir='ltr'><strong>ἀπρεπὲς</strong></span> <span class='ocrx_word' id='word_1_312' title='bbox 1024 3485 1093 3554; x_wconf 70' lang='grc' dir='ltr'><strong>τῇ</strong></span> <span class='ocrx_word' id='word_1_313' title='bbox 1121 3482 1290 3536; x_wconf 82' lang='grc' dir='ltr'><strong>αὑτοῦ</strong></span> <span class='ocrx_word' id='word_1_314' title='bbox 1321 3483 1559 3555; x_wconf 82' lang='grc' dir='ltr'><strong>θεότητι,</strong></span> <span class='ocrx_word' id='word_1_315' title='bbox 1591 3486 1688 3539; x_wconf 75' lang='grc' dir='ltr'><strong>καὶ</strong></span> <span class='ocrx_word' id='word_1_316' title='bbox 1718 3485 1855 3540; x_wconf 82' lang='grc' dir='ltr'><strong>αὐτὸ</strong></span> 
     </span>
    </p>
   </div>
   <div class='ocr_carea' id='block_1_46' title="bbox 243 3569 1850 3649">
    <p class='ocr_par' dir='ltr' id='par_1_46' title="bbox 243 3569 1850 3649">
     <span class='ocr_line' id='line_1_46' title="bbox 243 3569 1850 3649; baseline 0.006 -26"><span class='ocrx_word' id='word_1_317' title='bbox 243 3570 360 3624; x_wconf 81' lang='grc' dir='ltr'><strong>οὐκ</strong></span> <span class='ocrx_word' id='word_1_318' title='bbox 390 3569 659 3625; x_wconf 80' lang='grc' dir='ltr'><strong>ἀδυνάτου</strong></span> <span class='ocrx_word' id='word_1_319' title='bbox 690 3571 845 3636; x_wconf 74' lang='grc' dir='ltr'><strong>ὄντος</strong></span> <span class='ocrx_word' id='word_1_320' title='bbox 871 3573 1037 3627; x_wconf 87' lang='grc' dir='ltr'><strong>αὑτοῦ</strong></span> <span class='ocrx_word' id='word_1_321' title='bbox 1063 3577 1260 3639; x_wconf 81' lang='grc' dir='ltr'><strong>ποιεῖν,</strong></span> <span class='ocrx_word' id='word_1_322' title='bbox 1302 3576 1419 3631; x_wconf 79' lang='grc' dir='ltr'><strong>ἀλλ’</strong></span> <span class='ocrx_word' id='word_1_323' title='bbox 1446 3578 1732 3649; x_wconf 76' lang='grc' dir='ltr'><strong>ἀπρεποῦς</strong></span> <span class='ocrx_word' id='word_1_324' title='bbox 1759 3578 1850 3632; x_wconf 81' lang='grc' dir='ltr'><strong>οῦ-</strong></span> 
     </span>
    </p>
   </div>
   <div class='ocr_carea' id='block_1_47' title="bbox 252 3658 1849 3735">
    <p class='ocr_par' dir='ltr' id='par_1_47' title="bbox 252 3658 1849 3735">
     <span class='ocr_line' id='line_1_47' title="bbox 252 3658 1849 3735; baseline 0.006 -22"><span class='ocrx_word' id='word_1_325' title='bbox 252 3677 362 3731; x_wconf 87' lang='grc' dir='ltr'><strong>σης</strong></span> <span class='ocrx_word' id='word_1_326' title='bbox 403 3662 501 3731; x_wconf 85' lang='grc' dir='ltr'><strong>τῆς</strong></span> <span class='ocrx_word' id='word_1_327' title='bbox 546 3662 882 3734; x_wconf 84' lang='grc' dir='ltr'><strong>φαυλότητος</strong></span> <span class='ocrx_word' id='word_1_328' title='bbox 921 3662 1040 3735; x_wconf 83' lang='grc' dir='ltr'><strong>Θεῷ</strong></span> <span class='ocrx_word' id='word_1_329' title='bbox 1064 3704 1078 3729; x_wconf 88' lang='grc'><strong>,</strong></span> <span class='ocrx_word' id='word_1_330' title='bbox 1108 3658 1152 3732; x_wconf 86' lang='grc' dir='ltr'>ᾧ</span> <span class='ocrx_word' id='word_1_331' title='bbox 1179 3666 1332 3720; x_wconf 76' lang='grc' dir='ltr'><strong>οὐδὲν</strong></span> <span class='ocrx_word' id='word_1_332' title='bbox 1380 3666 1675 3723; x_wconf 74' lang='grc' dir='ltr'><strong>ἀδύνατον·</strong></span> <span class='ocrx_word' id='word_1_333' title='bbox 1713 3668 1849 3722; x_wconf 86' lang='grc' dir='ltr'><strong>ἀλλά</strong></span> 
     </span>
    </p>
   </div>
   <div class='ocr_carea' id='block_1_48' title="bbox 244 3753 1847 3831">
    <p class='ocr_par' dir='ltr' id='par_1_48' title="bbox 244 3753 1847 3831">
     <span class='ocr_line' id='line_1_48' title="bbox 244 3753 1847 3831; baseline 0.004 -24"><span class='ocrx_word' id='word_1_334' title='bbox 244 3753 348 3808; x_wconf 78' lang='grc' dir='ltr'><strong>διὰ</strong></span> <span class='ocrx_word' id='word_1_335' title='bbox 370 3754 434 3808; x_wconf 85' lang='grc' dir='ltr'><strong>τὸ</strong></span> <span class='ocrx_word' id='word_1_336' title='bbox 455 3755 517 3809; x_wconf 89' lang='grc' dir='ltr'><strong>τὸ</strong></span> <span class='ocrx_word' id='word_1_337' title='bbox 540 3755 743 3824; x_wconf 82' lang='grc' dir='ltr'><strong>φαῦλον</strong></span> <span class='ocrx_word' id='word_1_338' title='bbox 779 3755 1043 3812; x_wconf 83' lang='grc' dir='ltr'><strong>ἀδύνατον</strong></span> <span class='ocrx_word' id='word_1_339' title='bbox 1072 3754 1211 3813; x_wconf 73' lang='grc' dir='ltr'><strong>εἶναι</strong></span> <span class='ocrx_word' id='word_1_340' title='bbox 1243 3762 1309 3831; x_wconf 85' lang='grc' dir='ltr'><strong>τῇ</strong></span> <span class='ocrx_word' id='word_1_341' title='bbox 1343 3760 1509 3831; x_wconf 81' lang='grc' dir='ltr'><strong>ὲνθέῳ</strong></span> <span class='ocrx_word' id='word_1_342' title='bbox 1554 3758 1721 3815; x_wconf 86' lang='grc' dir='ltr'><strong>αὐτοῦ</strong></span> <span class='ocrx_word' id='word_1_343' title='bbox 1753 3760 1847 3814; x_wconf 89' lang='grc' dir='ltr'><strong>δυ-</strong></span> 
     </span>
    </p>
   </div>
   <div class='ocr_carea' id='block_1_49' title="bbox 245 3846 1441 3931">
    <p class='ocr_par' dir='ltr' id='par_1_49' title="bbox 245 3846 1441 3931">
     <span class='ocr_line' id='line_1_49' title="bbox 245 3846 1441 3931; baseline 0.004 -30"><span class='ocrx_word' id='word_1_344' title='bbox 245 3849 397 3917; x_wconf 78' lang='grc' dir='ltr'><strong>νατῇ</strong></span> <span class='ocrx_word' id='word_1_345' title='bbox 424 3846 747 3925; x_wconf 76' lang='grc' dir='ltr'><strong>ἀγαθότητι,</strong></span> <span class='ocrx_word' id='word_1_346' title='bbox 781 3849 883 3911; x_wconf 36' lang='grc' dir='ltr'><strong>καὶ.</strong></span> <span class='ocrx_word' id='word_1_347' title='bbox 907 3849 1059 3921; x_wconf 82' lang='grc' dir='ltr'><strong>αὐτῷ</strong></span> <span class='ocrx_word' id='word_1_348' title='bbox 1089 3850 1280 3931; x_wconf 78' lang='grc' dir='ltr'><strong>ἀγαθῷ</strong></span> <span class='ocrx_word' id='word_1_349' title='bbox 1305 3850 1441 3909; x_wconf 72' lang='grc' dir='ltr'><strong>ὄντι.</strong></span> 
     </span>
    </p>
   </div>
   <div class='ocr_carea' id='block_1_50' title="bbox 325 4109 1845 4191">
    <p class='ocr_par' dir='ltr' id='par_1_50' title="bbox 325 4109 1845 4191">
     <span class='ocr_line' id='line_1_50' title="bbox 325 4109 1845 4191; baseline 0.006 -29"><span class='ocrx_word' id='word_1_350' title='bbox 325 4109 441 4163; x_wconf 80' lang='grc' dir='ltr'><strong>Καὶ</strong></span> <span class='ocrx_word' id='word_1_351' title='bbox 465 4109 672 4176; x_wconf 78' lang='grc' dir='ltr'><strong>ἄλλωςο</strong></span> <span class='ocrx_word' id='word_1_352' title='bbox 705 4112 769 4167; x_wconf 80' lang='lat' dir='ltr'><strong>Ei</strong></span> <span class='ocrx_word' id='word_1_353' title='bbox 794 4112 857 4166; x_wconf 87' lang='grc' dir='ltr'><strong>τὸ</strong></span> <span class='ocrx_word' id='word_1_354' title='bbox 895 4113 1154 4186; x_wconf 90' lang='grc' dir='ltr'><strong>γεννητὸν</strong></span> <span class='ocrx_word' id='word_1_355' title='bbox 1185 4113 1484 4188; x_wconf 83' lang='grc' dir='ltr'><strong>ἀγέννητον</strong></span> <span class='ocrx_word' id='word_1_356' title='bbox 1528 4116 1690 4189; x_wconf 81' lang='grc' dir='ltr'>παρὰ</span> <span class='ocrx_word' id='word_1_357' title='bbox 1727 4116 1845 4191; x_wconf 85' lang='grc' dir='ltr'>Θεῷ</span> 
     </span>
    </p>
   </div>
   <div class='ocr_carea' id='block_1_51' title="bbox 210 4199 1848 4280">
    <p class='ocr_par' dir='ltr' id='par_1_51' title="bbox 210 4199 1848 4280">
     <span class='ocr_line' id='line_1_51' title="bbox 210 4199 1848 4280; baseline 0.006 -26"><span class='ocrx_word' id='word_1_358' title='bbox 210 4270 217 4275; x_wconf 25' lang='grc' dir='ltr'>μ</span> <span class='ocrx_word' id='word_1_359' title='bbox 241 4199 462 4269; x_wconf 82' lang='grc' dir='ltr'><strong>ἀγαθὸν</strong></span> <span class='ocrx_word' id='word_1_360' title='bbox 482 4204 562 4266; x_wconf 86' lang='grc' dir='ltr'><strong>εἰς</strong></span> <span class='ocrx_word' id='word_1_361' title='bbox 595 4202 756 4275; x_wconf 80' lang='grc' dir='ltr'>ἔργον</span> <span class='ocrx_word' id='word_1_362' title='bbox 782 4205 1087 4277; x_wconf 83' lang='grc' dir='ltr'><strong>νομισθείη,</strong></span> <span class='ocrx_word' id='word_1_363' title='bbox 1117 4206 1397 4273; x_wconf 72' lang='grc' dir='ltr'><strong>ἀδυνάτως</strong></span> <span class='ocrx_word' id='word_1_364' title='bbox 1422 4207 1479 4262; x_wconf 79' lang='grc' dir='ltr'><strong>δὲ</strong></span> <span class='ocrx_word' id='word_1_365' title='bbox 1511 4208 1624 4280; x_wconf 77' lang='grc' dir='ltr'><strong>ἔχει</strong></span> <span class='ocrx_word' id='word_1_366' title='bbox 1666 4210 1729 4264; x_wconf 90' lang='grc' dir='ltr'><strong>τὸ</strong></span> <span class='ocrx_word' id='word_1_367' title='bbox 1766 4213 1848 4275; x_wconf 87' lang='grc' dir='ltr'><strong>εἰς</strong></span> 
     </span>
    </p>
   </div>
   <div class='ocr_carea' id='block_1_52' title="bbox 240 4289 1847 4376">
    <p class='ocr_par' dir='ltr' id='par_1_52' title="bbox 240 4289 1847 4376">
     <span class='ocr_line' id='line_1_52' title="bbox 240 4289 1847 4376; baseline 0.009 -33"><span class='ocrx_word' id='word_1_368' title='bbox 240 4289 461 4360; x_wconf 83' lang='grc' dir='ltr'><strong>ἀγαθὸν</strong></span> <span class='ocrx_word' id='word_1_369' title='bbox 501 4295 783 4365; x_wconf 89' lang='grc' dir='ltr'><strong>γινόμενον</strong></span> <span class='ocrx_word' id='word_1_370' title='bbox 830 4297 1052 4366; x_wconf 86' lang='grc' dir='ltr'><strong>ἀγαθῶς</strong></span> <span class='ocrx_word' id='word_1_371' title='bbox 1096 4299 1443 4354; x_wconf 79' lang='grc' dir='ltr'><strong>ἐπιτελέσαι·</strong></span> <span class='ocrx_word' id='word_1_372' title='bbox 1490 4300 1650 4356; x_wconf 83' lang='grc' dir='ltr'><strong>τοῦτο</strong></span> <span class='ocrx_word' id='word_1_373' title='bbox 1706 4298 1847 4376; x_wconf 81' lang='grc' dir='ltr'><strong>ἧττα</strong></span> 
     </span>
    </p>
   </div>
   <div class='ocr_carea' id='block_1_53' title="bbox 241 4384 1846 4466">
    <p class='ocr_par' dir='ltr' id='par_1_53' title="bbox 241 4384 1846 4466">
     <span class='ocr_line' id='line_1_53' title="bbox 241 4384 1846 4466; baseline 0.007 -30"><span class='ocrx_word' id='word_1_374' title='bbox 241 4385 389 4456; x_wconf 74' lang='grc' dir='ltr'>περὶ</span> <span class='ocrx_word' id='word_1_375' title='bbox 417 4384 507 4440; x_wconf 79' lang='grc' dir='ltr'><strong>τὸν</strong></span> <span class='ocrx_word' id='word_1_376' title='bbox 537 4386 762 4441; x_wconf 88' lang='grc' dir='ltr'><strong>δυνατὸν</strong></span> <span class='ocrx_word' id='word_1_377' title='bbox 792 4387 901 4460; x_wconf 79' lang='grc' dir='ltr'><strong>εἴη,</strong></span> <span class='ocrx_word' id='word_1_378' title='bbox 943 4387 1268 4460; x_wconf 82' lang='grc' dir='ltr'><strong>βουλομένου</strong></span> <span class='ocrx_word' id='word_1_379' title='bbox 1303 4391 1364 4444; x_wconf 91' lang='grc' dir='ltr'><strong>τὸ</strong></span> <span class='ocrx_word' id='word_1_380' title='bbox 1389 4393 1716 4464; x_wconf 86' lang='grc' dir='ltr'><strong>προκριτέον</strong></span> <span class='ocrx_word' id='word_1_381' title='bbox 1751 4396 1846 4466; x_wconf 81' lang='grc' dir='ltr'><strong>ὲρ-</strong></span> 
     </span>
    </p>
   </div>
   <div class='ocr_carea' id='block_1_54' title="bbox 237 4474 1845 4556">
    <p class='ocr_par' dir='ltr' id='par_1_54' title="bbox 237 4474 1845 4556">
     <span class='ocr_line' id='line_1_54' title="bbox 237 4474 1845 4556; baseline 0.005 -27"><span class='ocrx_word' id='word_1_382' title='bbox 237 4474 549 4545; x_wconf 80' lang='grc' dir='ltr'><strong>γάσασθαι,</strong></span> <span class='ocrx_word' id='word_1_383' title='bbox 592 4476 686 4530; x_wconf 86' lang='grc' dir='ltr'><strong>καὶ</strong></span> <span class='ocrx_word' id='word_1_384' title='bbox 740 4478 814 4549; x_wconf 79' lang='grc' dir='ltr'><strong>μὴ</strong></span> <span class='ocrx_word' id='word_1_385' title='bbox 865 4478 1189 4550; x_wconf 78' lang='grc' dir='ltr'><strong>δυναμένου.</strong></span> <span class='ocrx_word' id='word_1_386' title='bbox 1231 4480 1294 4534; x_wconf 81' lang='grc' dir='ltr'><strong>Εἰ</strong></span> <span class='ocrx_word' id='word_1_387' title='bbox 1338 4481 1395 4535; x_wconf 86' lang='grc' dir='ltr'><strong>δὲ</strong></span> <span class='ocrx_word' id='word_1_388' title='bbox 1437 4481 1499 4535; x_wconf 90' lang='grc' dir='ltr'><strong>τὸ</strong></span> <span class='ocrx_word' id='word_1_389' title='bbox 1546 4482 1845 4556; x_wconf 83' lang='grc' dir='ltr'><strong>ἀγέννητον</strong></span> 
     </span>
    </p>
   </div>
   <div class='ocr_carea' id='block_1_55' title="bbox 240 4566 1845 4644">
    <p class='ocr_par' dir='ltr' id='par_1_55' title="bbox 240 4566 1845 4644">
     <span class='ocr_line' id='line_1_55' title="bbox 240 4566 1845 4644; baseline 0.002 -20"><span class='ocrx_word' id='word_1_390' title='bbox 240 4566 481 4638; x_wconf 80' lang='grc' dir='ltr'><strong>ἀγαθὸν,</strong></span> <span class='ocrx_word' id='word_1_391' title='bbox 507 4568 569 4623; x_wconf 89' lang='grc' dir='ltr'><strong>τὸ</strong></span> <span class='ocrx_word' id='word_1_392' title='bbox 592 4569 852 4641; x_wconf 88' lang='grc' dir='ltr'><strong>γεννητὸν</strong></span> <span class='ocrx_word' id='word_1_393' title='bbox 880 4570 936 4624; x_wconf 82' lang='grc' dir='ltr'>δὲ</span> <span class='ocrx_word' id='word_1_394' title='bbox 970 4572 1029 4627; x_wconf 78' lang='grc' dir='ltr'>ἐν</span> <span class='ocrx_word' id='word_1_395' title='bbox 1055 4575 1121 4644; x_wconf 80' lang='grc' dir='ltr'><strong>τῇ</strong></span> <span class='ocrx_word' id='word_1_396' title='bbox 1167 4571 1272 4644; x_wconf 75' lang='grc' dir='ltr'>ἰδίᾳ</span> <span class='ocrx_word' id='word_1_397' title='bbox 1308 4573 1459 4638; x_wconf 84' lang='grc' dir='ltr'><strong>τάξει</strong></span> <span class='ocrx_word' id='word_1_398' title='bbox 1492 4574 1713 4643; x_wconf 82' lang='grc' dir='ltr'><strong>ἀγαθῶς</strong></span> <span class='ocrx_word' id='word_1_399' title='bbox 1752 4591 1845 4644; x_wconf 84' lang='grc' dir='ltr'><strong>γε·</strong></span> 
     </span>
    </p>
   </div>
   <div class='ocr_carea' id='block_1_56' title="bbox 239 4661 1845 4738">
    <p class='ocr_par' dir='ltr' id='par_1_56' title="bbox 239 4661 1845 4738">
     <span class='ocr_line' id='line_1_56' title="bbox 239 4661 1845 4738; baseline 0.005 -24"><span class='ocrx_word' id='word_1_400' title='bbox 239 4661 532 4732; x_wconf 82' lang='grc' dir='ltr'><strong>γέννηται,</strong></span> <span class='ocrx_word' id='word_1_401' title='bbox 565 4661 776 4734; x_wconf 79' lang='grc' dir='ltr'><strong>ἀγαθῆς</strong></span> <span class='ocrx_word' id='word_1_402' title='bbox 800 4662 964 4735; x_wconf 81' lang='grc' dir='ltr'><strong>οὔσης</strong></span> <span class='ocrx_word' id='word_1_403' title='bbox 1009 4663 1067 4731; x_wconf 76' lang='grc' dir='ltr'><strong>ἐξ</strong></span> <span class='ocrx_word' id='word_1_404' title='bbox 1108 4664 1315 4734; x_wconf 84' lang='grc' dir='ltr'><strong>ἀγαθοῦ</strong></span> <span class='ocrx_word' id='word_1_405' title='bbox 1345 4665 1482 4719; x_wconf 84' lang='grc' dir='ltr'>Θεοῦ</span> <span class='ocrx_word' id='word_1_406' title='bbox 1507 4666 1605 4738; x_wconf 76' lang='grc' dir='ltr'><strong>τῆς</strong></span> <span class='ocrx_word' id='word_1_407' title='bbox 1637 4669 1845 4734; x_wconf 83' lang='grc' dir='ltr'><strong>τάξεως</strong></span> 
     </span>
    </p>
   </div>
   <div class='ocr_carea' id='block_1_57' title="bbox 240 4750 1844 4830">
    <p class='ocr_par' dir='ltr' id='par_1_57' title="bbox 240 4750 1844 4830">
     <span class='ocr_line' id='line_1_57' title="bbox 240 4750 1844 4830; baseline 0.007 -25"><span class='ocrx_word' id='word_1_408' title='bbox 240 4750 349 4806; x_wconf 81' lang='grc' dir='ltr'><strong>τοῦ</strong></span> <span class='ocrx_word' id='word_1_409' title='bbox 397 4752 679 4827; x_wconf 81' lang='grc' dir='ltr'><strong>γεννητοῦ,</strong></span> <span class='ocrx_word' id='word_1_410' title='bbox 719 4754 812 4808; x_wconf 73' lang='grc' dir='ltr'><strong>καὶ</strong></span> <span class='ocrx_word' id='word_1_411' title='bbox 858 4757 989 4829; x_wconf 87' lang='grc' dir='ltr'>παρ’</span> <span class='ocrx_word' id='word_1_412' title='bbox 1037 4756 1187 4828; x_wconf 85' lang='grc' dir='ltr'><strong>αὐτῷ</strong></span> <span class='ocrx_word' id='word_1_413' title='bbox 1219 4756 1592 4830; x_wconf 85' lang='grc' dir='ltr'><strong>νομισθείσης,</strong></span> <span class='ocrx_word' id='word_1_414' title='bbox 1639 4760 1740 4814; x_wconf 75' lang='grc' dir='ltr'><strong>οὐκ</strong></span> <span class='ocrx_word' id='word_1_415' title='bbox 1778 4760 1844 4816; x_wconf 81' lang='grc' dir='ltr'><strong>ἂν</strong></span> 
     </span>
    </p>
   </div>
   <div class='ocr_carea' id='block_1_58' title="bbox 237 4845 1845 4926">
    <p class='ocr_par' dir='ltr' id='par_1_58' title="bbox 237 4845 1845 4926">
     <span class='ocr_line' id='line_1_58' title="bbox 237 4845 1845 4926; baseline 0.007 -30"><span class='ocrx_word' id='word_1_416' title='bbox 237 4845 504 4915; x_wconf 75' lang='grc' dir='ltr'><strong>ποιήσειε</strong></span> <span class='ocrx_word' id='word_1_417' title='bbox 528 4845 588 4899; x_wconf 87' lang='grc' dir='ltr'><strong>τὸ</strong></span> <span class='ocrx_word' id='word_1_418' title='bbox 613 4846 796 4911; x_wconf 84' lang='grc' dir='ltr'><strong>καλῶς</strong></span> <span class='ocrx_word' id='word_1_419' title='bbox 823 4848 1080 4920; x_wconf 85' lang='grc' dir='ltr'><strong>γεννητὸν</strong></span> <span class='ocrx_word' id='word_1_420' title='bbox 1111 4849 1427 4922; x_wconf 85' lang='grc' dir='ltr'><strong>ἀγέννητον,</strong></span> <span class='ocrx_word' id='word_1_421' title='bbox 1451 4853 1639 4926; x_wconf 80' lang='grc' dir='ltr'><strong>ἐπειδὴ</strong></span> <span class='ocrx_word' id='word_1_422' title='bbox 1662 4853 1845 4919; x_wconf 84' lang='grc' dir='ltr'><strong>καλῶς</strong></span> 
     </span>
    </p>
   </div>
   <div class='ocr_carea' id='block_1_59' title="bbox 238 4935 1841 5010">
    <p class='ocr_par' dir='ltr' id='par_1_59' title="bbox 238 4935 1841 5010">
     <span class='ocr_line' id='line_1_59' title="bbox 238 4935 1841 5010; baseline 0.006 -20"><span class='ocrx_word' id='word_1_423' title='bbox 238 4935 564 5006; x_wconf 83' lang='grc' dir='ltr'><strong>νενόμισται</strong></span> <span class='ocrx_word' id='word_1_424' title='bbox 591 4938 740 5010; x_wconf 79' lang='grc' dir='ltr'><strong>αὐτῷ</strong></span> <span class='ocrx_word' id='word_1_425' title='bbox 764 4939 824 4993; x_wconf 84' lang='grc' dir='ltr'><strong>τὸ</strong></span> <span class='ocrx_word' id='word_1_426' title='bbox 851 4939 1026 5004; x_wconf 72' lang='grc' dir='ltr'><strong>οὕτως</strong></span> <span class='ocrx_word' id='word_1_427' title='bbox 1050 4940 1187 4995; x_wconf 73' lang='grc' dir='ltr'><strong>εἶναι</strong></span> <span class='ocrx_word' id='word_1_428' title='bbox 1222 4940 1408 4997; x_wconf 84' lang='grc' dir='ltr'><strong>καλόν.</strong></span> <span class='ocrx_word' id='word_1_429' title='bbox 1444 4945 1502 4997; x_wconf 77' lang='grc' dir='ltr'><strong>Ἐ</strong></span> <span class='ocrx_word' id='word_1_430' title='bbox 1513 4945 1600 4997; x_wconf 77' lang='grc' dir='ltr'><strong>πεὶ</strong></span> <span class='ocrx_word' id='word_1_431' title='bbox 1625 4941 1717 4999; x_wconf 85' lang='grc' dir='ltr'><strong>οῦν</strong></span> <span class='ocrx_word' id='word_1_432' title='bbox 1743 4946 1841 5001; x_wconf 89' lang='grc' dir='ltr'><strong>τοῦ</strong></span> 
     </span>
    </p>
   </div>
   <div class='ocr_carea' id='block_1_60' title="bbox 240 5027 1837 5108">
    <p class='ocr_par' dir='ltr' id='par_1_60' title="bbox 240 5027 1837 5108">
     <span class='ocr_line' id='line_1_60' title="bbox 240 5027 1837 5108; baseline 0.006 -27"><span class='ocrx_word' id='word_1_433' title='bbox 240 5027 422 5082; x_wconf 83' lang='grc' dir='ltr'><strong>καλοῦ</strong></span> <span class='ocrx_word' id='word_1_434' title='bbox 455 5030 576 5101; x_wconf 66' lang='grc' dir='ltr'><strong>οὐχὶ</strong></span> <span class='ocrx_word' id='word_1_435' title='bbox 599 5029 687 5084; x_wconf 84' lang='grc' dir='ltr'><strong>διὰ</strong></span> <span class='ocrx_word' id='word_1_436' title='bbox 718 5029 779 5084; x_wconf 89' lang='grc' dir='ltr'><strong>τὸ</strong></span> <span class='ocrx_word' id='word_1_437' title='bbox 809 5031 1069 5086; x_wconf 79' lang='grc' dir='ltr'><strong>ἀδύνατον</strong></span> <span class='ocrx_word' id='word_1_438' title='bbox 1094 5033 1153 5086; x_wconf 86' lang='grc' dir='ltr'><strong>οὐ</strong></span> <span class='ocrx_word' id='word_1_439' title='bbox 1185 5034 1580 5105; x_wconf 79' lang='grc' dir='ltr'><strong>μεταϐάλλεται</strong></span> <span class='ocrx_word' id='word_1_440' title='bbox 1607 5039 1639 5108; x_wconf 87' lang='grc' dir='ltr'><strong>ἡ</strong></span> <span class='ocrx_word' id='word_1_441' title='bbox 1666 5038 1837 5103; x_wconf 83' lang='grc' dir='ltr'><strong>τάξις,</strong></span> 
     </span>
    </p>
   </div>
   <div class='ocr_carea' id='block_1_61' title="bbox 239 5118 1841 5199">
    <p class='ocr_par' dir='ltr' id='par_1_61' title="bbox 239 5118 1841 5199">
     <span class='ocr_line' id='line_1_61' title="bbox 239 5118 1841 5199; baseline 0.006 -26"><span class='ocrx_word' id='word_1_442' title='bbox 239 5119 393 5173; x_wconf 79' lang='grc' dir='ltr'><strong>ἀλλὰ</strong></span> <span class='ocrx_word' id='word_1_443' title='bbox 442 5119 527 5173; x_wconf 81' lang='grc' dir='ltr'><strong>8ιά</strong></span> <span class='ocrx_word' id='word_1_444' title='bbox 578 5120 641 5173; x_wconf 89' lang='grc' dir='ltr'><strong>τὸ</strong></span> <span class='ocrx_word' id='word_1_445' title='bbox 684 5120 905 5190; x_wconf 85' lang='grc' dir='ltr'><strong>ἀγαθῶς</strong></span> <span class='ocrx_word' id='word_1_446' title='bbox 959 5120 1135 5188; x_wconf 74' lang='grc' dir='ltr'><strong>οὕτως</strong></span> <span class='ocrx_word' id='word_1_447' title='bbox 1176 5118 1353 5178; x_wconf 72' lang='grc' dir='ltr'><strong>εἶναι’</strong></span> <span class='ocrx_word' id='word_1_448' title='bbox 1406 5126 1610 5195; x_wconf 87' lang='grc' dir='ltr'><strong>ἀγαθὸς</strong></span> <span class='ocrx_word' id='word_1_449' title='bbox 1654 5128 1763 5199; x_wconf 81' lang='grc' dir='ltr'><strong>ἄρα</strong></span> <span class='ocrx_word' id='word_1_450' title='bbox 1812 5130 1841 5182; x_wconf 87' lang='grc' dir='ltr'>ὁ</span> 
     </span>
    </p>
   </div>
   <div class='ocr_carea' id='block_1_62' title="bbox 238 5211 1839 5291">
    <p class='ocr_par' dir='ltr' id='par_1_62' title="bbox 238 5211 1839 5291">
     <span class='ocr_line' id='line_1_62' title="bbox 238 5211 1839 5291; baseline 0.006 -25"><span class='ocrx_word' id='word_1_451' title='bbox 238 5211 551 5284; x_wconf 81' lang='grc' dir='ltr'><strong>ἀγέννητος</strong></span> <span class='ocrx_word' id='word_1_452' title='bbox 581 5211 733 5279; x_wconf 87' lang='grc' dir='ltr'><strong>Θεὸς,</strong></span> <span class='ocrx_word' id='word_1_453' title='bbox 776 5213 957 5283; x_wconf 91' lang='grc' dir='ltr'><strong>ἀγαθά</strong></span> <span class='ocrx_word' id='word_1_454' title='bbox 987 5215 1045 5269; x_wconf 82' lang='grc' dir='ltr'><strong>δὲ</strong></span> <span class='ocrx_word' id='word_1_455' title='bbox 1070 5217 1139 5270; x_wconf 89' lang='grc' dir='ltr'><strong>τά</strong></span> <span class='ocrx_word' id='word_1_456' title='bbox 1170 5217 1231 5283; x_wconf 79' lang='grc' dir='ltr'><strong>ἐξ</strong></span> <span class='ocrx_word' id='word_1_457' title='bbox 1260 5217 1427 5272; x_wconf 81' lang='grc' dir='ltr'><strong>αὑτοῦ</strong></span> <span class='ocrx_word' id='word_1_458' title='bbox 1479 5221 1747 5291; x_wconf 87' lang='grc' dir='ltr'><strong>γενόμενα</strong></span> <span class='ocrx_word' id='word_1_459' title='bbox 1781 5222 1839 5276; x_wconf 82' lang='grc' dir='ltr'><strong>ὲν</strong></span> 
     </span>
    </p>
   </div>
   <div class='ocr_carea' id='block_1_63' title="bbox 240 5295 1838 5384">
    <p class='ocr_par' dir='ltr' id='par_1_63' title="bbox 240 5295 1838 5384">
     <span class='ocr_line' id='line_1_63' title="bbox 240 5295 1838 5384; baseline 0.007 -27"><span class='ocrx_word' id='word_1_460' title='bbox 240 5306 318 5376; x_wconf 73' lang='grc' dir='ltr'><strong>τῇ</strong></span> <span class='ocrx_word' id='word_1_461' title='bbox 355 5302 460 5375; x_wconf 77' lang='grc' dir='ltr'>ἰδίᾳ</span> <span class='ocrx_word' id='word_1_462' title='bbox 479 5304 651 5371; x_wconf 81' lang='grc' dir='ltr'><strong>τάξει,</strong></span> <span class='ocrx_word' id='word_1_463' title='bbox 689 5306 762 5377; x_wconf 81' lang='grc' dir='ltr'><strong>μὴ</strong></span> <span class='ocrx_word' id='word_1_464' title='bbox 796 5295 1034 5361; x_wconf 76' lang='grc' dir='ltr'><strong>λαϐόντα</strong></span> <span class='ocrx_word' id='word_1_465' title='bbox 1066 5308 1363 5381; x_wconf 87' lang='grc' dir='ltr'><strong>ἁγεννήτου</strong></span> <span class='ocrx_word' id='word_1_466' title='bbox 1395 5310 1586 5384; x_wconf 74' lang='grc' dir='ltr'><strong>ὄνομα.</strong></span> <span class='ocrx_word' id='word_1_467' title='bbox 1625 5312 1698 5367; x_wconf 75' lang='grc' dir='ltr'><strong>Οὐ</strong></span> <span class='ocrx_word' id='word_1_468' title='bbox 1729 5313 1838 5384; x_wconf 81' lang='grc' dir='ltr'>γὰρ</span> 
     </span>
    </p>
   </div>
   <div class='ocr_carea' id='block_1_64' title="bbox 240 5395 1838 5474">
    <p class='ocr_par' dir='ltr' id='par_1_64' title="bbox 240 5395 1838 5474">
     <span class='ocr_line' id='line_1_64' title="bbox 240 5395 1838 5474; baseline 0.005 -25"><span class='ocrx_word' id='word_1_469' title='bbox 240 5395 413 5459; x_wconf 77' lang='grc' dir='ltr'><strong>θεοὺς</strong></span> <span class='ocrx_word' id='word_1_470' title='bbox 446 5396 697 5461; x_wconf 82' lang='grc' dir='ltr'><strong>κτιστοὺς</strong></span> <span class='ocrx_word' id='word_1_471' title='bbox 730 5397 1008 5470; x_wconf 77' lang='grc' dir='ltr'><strong>ἐποίησεν,</strong></span> <span class='ocrx_word' id='word_1_472' title='bbox 1052 5400 1140 5453; x_wconf 83' lang='grc' dir='ltr'><strong>ἵνα</strong></span> <span class='ocrx_word' id='word_1_473' title='bbox 1184 5399 1411 5474; x_wconf 86' lang='grc' dir='ltr'><strong>θάτερον</strong></span> <span class='ocrx_word' id='word_1_474' title='bbox 1445 5402 1663 5473; x_wconf 83' lang='grc' dir='ltr'><strong>θατέρῳ</strong></span> <span class='ocrx_word' id='word_1_475' title='bbox 1692 5420 1838 5473; x_wconf 81' lang='grc' dir='ltr'>παρ-</span> 
     </span>
    </p>
   </div>
   <div class='ocr_carea' id='block_1_65' title="bbox 245 5484 1839 5565">
    <p class='ocr_par' dir='ltr' id='par_1_65' title="bbox 245 5484 1839 5565">
     <span class='ocr_line' id='line_1_65' title="bbox 245 5484 1839 5565; baseline 0.004 -22"><span class='ocrx_word' id='word_1_476' title='bbox 245 5487 628 5559; x_wconf 77' lang='grc' dir='ltr'><strong>εκτεινόμενον</strong></span> <span class='ocrx_word' id='word_1_477' title='bbox 656 5484 1023 5565; x_wconf 60' lang='grc' dir='ltr'><strong>ἀφανίζηὸιά</strong></span> <span class='ocrx_word' id='word_1_478' title='bbox 1052 5491 1151 5563; x_wconf 77' lang='grc' dir='ltr'><strong>τῆς</strong></span> <span class='ocrx_word' id='word_1_479' title='bbox 1180 5494 1500 5565; x_wconf 80' lang='grc' dir='ltr'><strong>ἐπωνυμίας</strong></span> <span class='ocrx_word' id='word_1_480' title='bbox 1538 5495 1601 5549; x_wconf 83' lang='grc' dir='ltr'><strong>τὸ</strong></span> <span class='ocrx_word' id='word_1_481' title='bbox 1630 5495 1839 5550; x_wconf 81' lang='grc' dir='ltr'><strong>ἀνώνυ-</strong></span> 
     </span>
    </p>
   </div>
   <div class='ocr_carea' id='block_1_66' title="bbox 247 5579 1837 5661">
    <p class='ocr_par' dir='ltr' id='par_1_66' title="bbox 247 5579 1837 5661">
     <span class='ocr_line' id='line_1_66' title="bbox 247 5579 1837 5661; baseline 0.006 -27"><span class='ocrx_word' id='word_1_482' title='bbox 247 5598 357 5652; x_wconf 80' lang='grc' dir='ltr'><strong>μον</strong></span> <span class='ocrx_word' id='word_1_483' title='bbox 385 5579 480 5634; x_wconf 90' lang='grc' dir='ltr'><strong>τοῦ</strong></span> <span class='ocrx_word' id='word_1_484' title='bbox 522 5580 770 5651; x_wconf 77' lang='grc' dir='ltr'><strong>μείζονος</strong></span> <span class='ocrx_word' id='word_1_485' title='bbox 796 5582 936 5654; x_wconf 82' lang='grc' dir='ltr'>πρὸς</span> <span class='ocrx_word' id='word_1_486' title='bbox 973 5583 1033 5638; x_wconf 90' lang='grc' dir='ltr'><strong>τὸ</strong></span> <span class='ocrx_word' id='word_1_487' title='bbox 1071 5579 1256 5658; x_wconf 82' lang='grc' dir='ltr'><strong>ἦττον.</strong></span> <span class='ocrx_word' id='word_1_488' title='bbox 1303 5587 1367 5641; x_wconf 84' lang='grc' dir='ltr'><strong>Εἰ</strong></span> <span class='ocrx_word' id='word_1_489' title='bbox 1393 5587 1494 5659; x_wconf 85' lang='grc' dir='ltr'><strong>μὲν</strong></span> <span class='ocrx_word' id='word_1_490' title='bbox 1526 5587 1634 5661; x_wconf 86' lang='grc' dir='ltr'><strong>γὰρ</strong></span> <span class='ocrx_word' id='word_1_491' title='bbox 1665 5590 1695 5643; x_wconf 83' lang='grc' dir='ltr'>ὁ</span> <span class='ocrx_word' id='word_1_492' title='bbox 1738 5589 1837 5661; x_wconf 83' lang='grc' dir='ltr'><strong>μὲν</strong></span> 
     </span>
    </p>
   </div>
   <div class='ocr_carea' id='block_1_67' title="bbox 241 5672 1835 5749">
    <p class='ocr_par' dir='ltr' id='par_1_67' title="bbox 241 5672 1835 5749">
     <span class='ocr_line' id='line_1_67' title="bbox 241 5672 1835 5749; baseline 0.003 -21"><span class='ocrx_word' id='word_1_493' title='bbox 241 5674 368 5728; x_wconf 80' lang='grc' dir='ltr'><strong>ἔστι</strong></span> <span class='ocrx_word' id='word_1_494' title='bbox 397 5672 529 5737; x_wconf 89' lang='grc' dir='ltr'><strong>Θεὸς</strong></span> <span class='ocrx_word' id='word_1_495' title='bbox 556 5673 874 5746; x_wconf 85' lang='grc' dir='ltr'><strong>ἀγέννητος,</strong></span> <span class='ocrx_word' id='word_1_496' title='bbox 901 5676 930 5729; x_wconf 83' lang='grc' dir='ltr'>ὁ</span> <span class='ocrx_word' id='word_1_497' title='bbox 951 5676 1007 5730; x_wconf 85' lang='grc' dir='ltr'><strong>δὲ</strong></span> <span class='ocrx_word' id='word_1_498' title='bbox 1037 5675 1170 5741; x_wconf 89' lang='grc' dir='ltr'><strong>Θεὸς</strong></span> <span class='ocrx_word' id='word_1_499' title='bbox 1191 5676 1469 5749; x_wconf 82' lang='grc' dir='ltr'><strong>γεννητὸς,</strong></span> <span class='ocrx_word' id='word_1_500' title='bbox 1487 5677 1596 5733; x_wconf 81' lang='grc' dir='ltr'><strong>τῶν</strong></span> <span class='ocrx_word' id='word_1_501' title='bbox 1621 5678 1835 5749; x_wconf 70' lang='grc' dir='ltr'><strong>φύσεων</strong></span> 
     </span>
    </p>
   </div>
   <div class='ocr_carea' id='block_1_68' title="bbox 328 5832 847 5896">
    <p class='ocr_par' dir='ltr' id='par_1_68' title="bbox 328 5832 847 5896">
     <span class='ocr_line' id='line_1_68' title="bbox 328 5832 847 5896; baseline 0.015 -14"><span class='ocrx_word' id='word_1_502' title='bbox 328 5833 484 5886; x_wconf 71' lang='grc'><strong>⁸18³.</strong></span> <span class='ocrx_word' id='word_1_503' title='bbox 516 5832 627 5896; x_wconf 68' lang='lat' dir='ltr'><strong>xw,</strong></span> <span class='ocrx_word' id='word_1_504' title='bbox 668 5832 847 5890; x_wconf 77' lang='grc'><strong>15-15.</strong></span> 
     </span>
    </p>
   </div>
   <div class='ocr_carea' id='block_1_69' title="bbox 2030 1427 3562 1501">
    <p class='ocr_par' dir='ltr' id='par_1_69' title="bbox 2030 1427 3562 1501">
     <span class='ocr_line' id='line_1_69' title="bbox 2030 1427 3562 1501; baseline -0.003 -12"><span class='ocrx_word' id='word_1_505' title='bbox 2030 1436 2116 1489; x_wconf 90' lang='lat' dir='ltr'><strong>lll.</strong></span> <span class='ocrx_word' id='word_1_506' title='bbox 2153 1434 2258 1490; x_wconf 78' lang='lat' dir='ltr'><strong>Sed</strong></span> <span class='ocrx_word' id='word_1_507' title='bbox 2289 1433 2553 1491; x_wconf 89' lang='lat' dir='ltr'><strong>adversus</strong></span> <span class='ocrx_word' id='word_1_508' title='bbox 2577 1439 2733 1487; x_wconf 92' lang='lat' dir='ltr'><strong>tuum</strong></span> <span class='ocrx_word' id='word_1_509' title='bbox 2765 1429 2899 1485; x_wconf 89' lang='lat' dir='ltr'><strong>illud</strong></span> <span class='ocrx_word' id='word_1_510' title='bbox 2930 1429 3258 1501; x_wconf 78' lang='lat' dir='ltr'><strong>prommium</strong></span> <span class='ocrx_word' id='word_1_511' title='bbox 3288 1427 3562 1486; x_wconf 81' lang='lat' dir='ltr'><strong>hactenus</strong></span> 
     </span>
    </p>
   </div>
   <div class='ocr_carea' id='block_1_70' title="bbox 1960 1521 3561 1601">
    <p class='ocr_par' dir='ltr' id='par_1_70' title="bbox 1960 1521 3561 1601">
     <span class='ocr_line' id='line_1_70' title="bbox 1960 1521 3561 1601; baseline -0.006 -15"><span class='ocrx_word' id='word_1_512' title='bbox 1960 1530 2295 1601; x_wconf 78' lang='lat' dir='ltr'><strong>disputatum</strong></span> <span class='ocrx_word' id='word_1_513' title='bbox 2328 1536 2434 1583; x_wconf 90' lang='lat' dir='ltr'><strong>est.</strong></span> <span class='ocrx_word' id='word_1_514' title='bbox 2489 1525 2658 1581; x_wconf 87' lang='lat' dir='ltr'><strong>Venio</strong></span> <span class='ocrx_word' id='word_1_515' title='bbox 2691 1539 2840 1580; x_wconf 88' lang='lat' dir='ltr'><strong>nunc</strong></span> <span class='ocrx_word' id='word_1_516' title='bbox 2884 1523 2951 1577; x_wconf 88' lang='lat' dir='ltr'><strong>ad</strong></span> <span class='ocrx_word' id='word_1_517' title='bbox 2994 1521 3125 1576; x_wconf 91' lang='lat' dir='ltr'><strong>illud</strong></span> <span class='ocrx_word' id='word_1_518' title='bbox 3158 1529 3380 1577; x_wconf 90' lang='lat' dir='ltr'><strong>tuorum</strong></span> <span class='ocrx_word' id='word_1_519' title='bbox 3411 1522 3561 1592; x_wconf 83' lang='lat' dir='ltr'><strong>capi-</strong></span> 
     </span>
    </p>
   </div>
   <div class='ocr_carea' id='block_1_71' title="bbox 1961 1614 3561 1695">
    <p class='ocr_par' dir='ltr' id='par_1_71' title="bbox 1961 1614 3561 1695">
     <span class='ocr_line' id='line_1_71' title="bbox 1961 1614 3561 1695; baseline -0.003 -18"><span class='ocrx_word' id='word_1_520' title='bbox 1961 1632 2075 1678; x_wconf 88' lang='lat' dir='ltr'><strong>tmu</strong></span> <span class='ocrx_word' id='word_1_521' title='bbox 2120 1622 2471 1695; x_wconf 84' lang='lat' dir='ltr'><strong>principium,</strong></span> <span class='ocrx_word' id='word_1_522' title='bbox 2520 1618 2666 1690; x_wconf 90' lang='lat' dir='ltr'><strong>quod</strong></span> <span class='ocrx_word' id='word_1_523' title='bbox 2722 1616 2818 1672; x_wconf 90' lang='lat' dir='ltr'><strong>ubi</strong></span> <span class='ocrx_word' id='word_1_524' title='bbox 2868 1629 3229 1687; x_wconf 84' lang='lat' dir='ltr'><strong>proposuero,</strong></span> <span class='ocrx_word' id='word_1_525' title='bbox 3289 1614 3561 1672; x_wconf 81' lang='lat' dir='ltr'><strong>adversus</strong></span> 
     </span>
    </p>
   </div>
   <div class='ocr_carea' id='block_1_72' title="bbox 1962 1703 3560 1782">
    <p class='ocr_par' dir='ltr' id='par_1_72' title="bbox 1962 1703 3560 1782">
     <span class='ocr_line' id='line_1_72' title="bbox 1962 1703 3560 1782; baseline -0.005 -13"><span class='ocrx_word' id='word_1_526' title='bbox 1962 1726 2407 1782; x_wconf 82' lang='lat' dir='ltr'><strong>unamquamque</strong></span> <span class='ocrx_word' id='word_1_527' title='bbox 2447 1723 2635 1767; x_wconf 83' lang='lat' dir='ltr'><strong>vocem</strong></span> <span class='ocrx_word' id='word_1_528' title='bbox 2664 1716 2720 1765; x_wconf 92' lang='lat' dir='ltr'><strong>et</strong></span> <span class='ocrx_word' id='word_1_529' title='bbox 2772 1716 2935 1778; x_wconf 86' lang='lat' dir='ltr'><strong>caput</strong></span> <span class='ocrx_word' id='word_1_530' title='bbox 2981 1719 3137 1760; x_wconf 89' lang='lat' dir='ltr'><strong>suam</strong></span> <span class='ocrx_word' id='word_1_531' title='bbox 3164 1703 3560 1770; x_wconf 69' lang='lat' dir='ltr'><strong>refutationem</strong></span> 
     </span>
    </p>
   </div>
   <div class='ocr_carea' id='block_1_73' title="bbox 1961 1797 3561 1869">
    <p class='ocr_par' dir='ltr' id='par_1_73' title="bbox 1961 1797 3561 1869">
     <span class='ocr_line' id='line_1_73' title="bbox 1961 1797 3561 1869; baseline -0.006 -7"><span class='ocrx_word' id='word_1_532' title='bbox 1961 1821 1993 1862; x_wconf 93' lang='lat' dir='ltr'><strong>e</strong></span> <span class='ocrx_word' id='word_1_533' title='bbox 2022 1807 2198 1863; x_wconf 82' lang='lat' dir='ltr'><strong>sacris</strong></span> <span class='ocrx_word' id='word_1_534' title='bbox 2230 1802 2470 1868; x_wconf 87' lang='lat' dir='ltr'><strong>Litteris,</strong></span> <span class='ocrx_word' id='word_1_535' title='bbox 2504 1817 2570 1857; x_wconf 86' lang='lat' dir='ltr'><strong>ac</strong></span> <span class='ocrx_word' id='word_1_536' title='bbox 2603 1807 2757 1855; x_wconf 85' lang='lat' dir='ltr'><strong>recta</strong></span> <span class='ocrx_word' id='word_1_537' title='bbox 2786 1800 2997 1855; x_wconf 85' lang='lat' dir='ltr'><strong>ratione</strong></span> <span class='ocrx_word' id='word_1_538' title='bbox 3024 1798 3427 1869; x_wconf 86' lang='lat' dir='ltr'><strong>depromptam,</strong></span> <span class='ocrx_word' id='word_1_539' title='bbox 3456 1797 3561 1852; x_wconf 85' lang='lat' dir='ltr'><strong>hoc</strong></span> 
     </span>
    </p>
   </div>
   <div class='ocr_carea' id='block_1_74' title="bbox 1956 1888 3560 1967">
    <p class='ocr_par' dir='ltr' id='par_1_74' title="bbox 1956 1888 3560 1967">
     <span class='ocr_line' id='line_1_74' title="bbox 1956 1888 3560 1967; baseline -0.007 -13"><span class='ocrx_word' id='word_1_540' title='bbox 1956 1906 2041 1953; x_wconf 88' lang='lat' dir='ltr'><strong>est</strong></span> <span class='ocrx_word' id='word_1_541' title='bbox 2099 1897 2398 1967; x_wconf 81' lang='lat' dir='ltr'><strong>logiearum</strong></span> <span class='ocrx_word' id='word_1_542' title='bbox 2442 1892 2691 1949; x_wconf 80' lang='lat' dir='ltr'><strong>omnium</strong></span> <span class='ocrx_word' id='word_1_543' title='bbox 2741 1898 2961 1945; x_wconf 87' lang='lat' dir='ltr'><strong>tuarum</strong></span> <span class='ocrx_word' id='word_1_544' title='bbox 3013 1888 3380 1959; x_wconf 73' lang='lat' dir='ltr'><strong>quaestionum</strong></span> <span class='ocrx_word' id='word_1_545' title='bbox 3442 1888 3560 1943; x_wconf 82' lang='lat' dir='ltr'><strong>dis-</strong></span> 
     </span>
    </p>
   </div>
   <div class='ocr_carea' id='block_1_75' title="bbox 1954 1970 3560 2057">
    <p class='ocr_par' dir='ltr' id='par_1_75' title="bbox 1954 1970 3560 2057">
     <span class='ocr_line' id='line_1_75' title="bbox 1954 1970 3560 2057; baseline -0.005 -13"><span class='ocrx_word' id='word_1_546' title='bbox 1954 1989 2283 2044; x_wconf 86' lang='lat' dir='ltr'><strong>solutionem</strong></span> <span class='ocrx_word' id='word_1_547' title='bbox 2321 2000 2617 2057; x_wconf 86' lang='lat' dir='ltr'><strong>opponam.</strong></span> <span class='ocrx_word' id='word_1_548' title='bbox 2668 1982 2739 2039; x_wconf 89' lang='lat' dir='ltr'><strong>Ut</strong></span> <span class='ocrx_word' id='word_1_549' title='bbox 2785 1970 2910 2039; x_wconf 79' lang='lat' dir='ltr'><strong>eum</strong></span> <span class='ocrx_word' id='word_1_550' title='bbox 2949 1980 3046 2038; x_wconf 85' lang='lat' dir='ltr'><strong>Dei</strong></span> <span class='ocrx_word' id='word_1_551' title='bbox 3075 1982 3244 2045; x_wconf 81' lang='lat' dir='ltr'><strong>servi,</strong></span> <span class='ocrx_word' id='word_1_552' title='bbox 3284 1980 3560 2052; x_wconf 85' lang='lat' dir='ltr'><strong>iidemque</strong></span> 
     </span>
    </p>
   </div>
   <div class='ocr_carea' id='block_1_76' title="bbox 1954 2072 3560 2145">
    <p class='ocr_par' dir='ltr' id='par_1_76' title="bbox 1954 2072 3560 2145">
     <span class='ocr_line' id='line_1_76' title="bbox 1954 2072 3560 2145; baseline -0.005 -10"><span class='ocrx_word' id='word_1_553' title='bbox 1954 2081 2195 2135; x_wconf 83' lang='lat' dir='ltr'><strong>veriores</strong></span> <span class='ocrx_word' id='word_1_554' title='bbox 2244 2078 2482 2141; x_wconf 67' lang='lat' dir='ltr'><strong>atlilctze,</strong></span> <span class='ocrx_word' id='word_1_555' title='bbox 2538 2092 2604 2131; x_wconf 79' lang='lat' dir='ltr'><strong>ex</strong></span> <span class='ocrx_word' id='word_1_556' title='bbox 2650 2075 2720 2135; x_wconf 88' lang='lat' dir='ltr'><strong>iis</strong></span> <span class='ocrx_word' id='word_1_557' title='bbox 2767 2076 2974 2130; x_wconf 83' lang='lat' dir='ltr'><strong>nostris</strong></span> <span class='ocrx_word' id='word_1_558' title='bbox 3008 2090 3174 2145; x_wconf 86' lang='lat' dir='ltr'><strong>quam</strong></span> <span class='ocrx_word' id='word_1_559' title='bbox 3217 2072 3453 2129; x_wconf 81' lang='lat' dir='ltr'><strong>absurda</strong></span> <span class='ocrx_word' id='word_1_560' title='bbox 3484 2073 3560 2130; x_wconf 89' lang='lat' dir='ltr'><strong>sit</strong></span> 
     </span>
    </p>
   </div>
   <div class='ocr_carea' id='block_1_77' title="bbox 1905 2162 3555 2235">
    <p class='ocr_par' dir='ltr' id='par_1_77' title="bbox 1905 2162 3555 2235">
     <span class='ocr_line' id='line_1_77' title="bbox 1905 2162 3555 2235; baseline -0.004 -11"><span class='ocrx_word' id='word_1_561' title='bbox 1905 2176 1914 2184; x_wconf 85' lang='lat'><strong><em>&#39;</em></strong></span> <span class='ocrx_word' id='word_1_562' title='bbox 1953 2168 2204 2224; x_wconf 87' lang='lat' dir='ltr'><strong>doctrina</strong></span> <span class='ocrx_word' id='word_1_563' title='bbox 2230 2175 2320 2221; x_wconf 82' lang='lat' dir='ltr'><strong>tua</strong></span> <span class='ocrx_word' id='word_1_564' title='bbox 2345 2164 2663 2230; x_wconf 87' lang='lat' dir='ltr'><strong>didicerint,</strong></span> <span class='ocrx_word' id='word_1_565' title='bbox 2697 2163 2983 2227; x_wconf 85' lang='lat' dir='ltr'><strong>irrideant,</strong></span> <span class='ocrx_word' id='word_1_566' title='bbox 3009 2173 3063 2218; x_wconf 92' lang='lat' dir='ltr'><strong>et</strong></span> <span class='ocrx_word' id='word_1_567' title='bbox 3091 2162 3222 2217; x_wconf 93' lang='lat' dir='ltr'><strong>illud</strong></span> <span class='ocrx_word' id='word_1_568' title='bbox 3250 2169 3555 2235; x_wconf 86' lang='lat' dir='ltr'><strong>usurpent:</strong></span> 
     </span>
    </p>
   </div>
   <div class='ocr_carea' id='block_1_78' title="bbox 1956 2254 3560 2329">
    <p class='ocr_par' dir='ltr' id='par_1_78' title="bbox 1956 2254 3560 2329">
     <span class='ocr_line' id='line_1_78' title="bbox 1956 2254 3560 2329; baseline -0.004 -15"><span class='ocrx_word' id='word_1_569' title='bbox 1956 2258 2215 2329; x_wconf 79' lang='lat' dir='ltr'><strong>Superbia</strong></span> <span class='ocrx_word' id='word_1_570' title='bbox 2249 2258 2428 2312; x_wconf 83' lang='lat' dir='ltr'><strong>cordis</strong></span> <span class='ocrx_word' id='word_1_571' title='bbox 2460 2258 2540 2310; x_wconf 89' lang='lat' dir='ltr'><strong>tui</strong></span> <span class='ocrx_word' id='word_1_572' title='bbox 2584 2257 2696 2311; x_wconf 62' lang='lat' dir='ltr'><strong>haec</strong></span> <span class='ocrx_word' id='word_1_573' title='bbox 2741 2256 2835 2318; x_wconf 83' lang='lat' dir='ltr'><strong>tibi</strong></span> <span class='ocrx_word' id='word_1_574' title='bbox 2873 2254 3017 2326; x_wconf 81' lang='lat' dir='ltr'><strong>fecit.</strong></span> <span class='ocrx_word' id='word_1_575' title='bbox 3080 2255 3158 2309; x_wconf 83' lang='lat' dir='ltr'><strong>Tu</strong></span> <span class='ocrx_word' id='word_1_576' title='bbox 3194 2254 3335 2309; x_wconf 85' lang='lat' dir='ltr'><strong>enim</strong></span> <span class='ocrx_word' id='word_1_577' title='bbox 3368 2255 3560 2309; x_wconf 71' lang='lat' dir='ltr'><strong>dixisti</strong></span> 
     </span>
    </p>
   </div>
   <div class='ocr_carea' id='block_1_79' title="bbox 1954 2348 3557 2421">
    <p class='ocr_par' dir='ltr' id='par_1_79' title="bbox 1954 2348 3557 2421">
     <span class='ocr_line' id='line_1_79' title="bbox 1954 2348 3557 2421; baseline -0.002 -17"><span class='ocrx_word' id='word_1_578' title='bbox 1954 2352 2064 2406; x_wconf 72' lang='lat' dir='ltr'><strong>ha&#39;c</strong></span> <span class='ocrx_word' id='word_1_579' title='bbox 2091 2354 2141 2405; x_wconf 83' lang='lat' dir='ltr'><strong>in</strong></span> <span class='ocrx_word' id='word_1_580' title='bbox 2170 2351 2486 2421; x_wconf 77' lang='lat' dir='ltr'><strong>cogitatione</strong></span> <span class='ocrx_word' id='word_1_581' title='bbox 2508 2358 2601 2403; x_wconf 83' lang='lat' dir='ltr'><strong>tua</strong></span> <span class='ocrx_word' id='word_1_582' title='bbox 2619 2366 2637 2403; x_wconf 90' lang='lat'><strong><em>:</em></strong></span> <span class='ocrx_word' id='word_1_583' title='bbox 2666 2349 2964 2404; x_wconf 76' lang='lat' dir='ltr'><strong>Ascendam</strong></span> <span class='ocrx_word' id='word_1_584' title='bbox 2994 2348 3050 2402; x_wconf 87' lang='lat' dir='ltr'><strong>in</strong></span> <span class='ocrx_word' id='word_1_585' title='bbox 3069 2350 3280 2413; x_wconf 73' lang='lat' dir='ltr'><strong>caelum,</strong></span> <span class='ocrx_word' id='word_1_586' title='bbox 3313 2355 3363 2402; x_wconf 83' lang='lat' dir='ltr'><strong>et</strong></span> <span class='ocrx_word' id='word_1_587' title='bbox 3387 2362 3557 2415; x_wconf 81' lang='lat' dir='ltr'><strong>supra</strong></span> 
     </span>
    </p>
   </div>
   <div class='ocr_carea' id='block_1_80' title="bbox 1955 2436 3560 2509">
    <p class='ocr_par' dir='ltr' id='par_1_80' title="bbox 1955 2436 3560 2509">
     <span class='ocr_line' id='line_1_80' title="bbox 1955 2436 3560 2509; baseline -0.003 -13"><span class='ocrx_word' id='word_1_588' title='bbox 1955 2442 2139 2497; x_wconf 77' lang='lat' dir='ltr'><strong>stellas</strong></span> <span class='ocrx_word' id='word_1_589' title='bbox 2173 2439 2291 2494; x_wconf 70' lang='grc' dir='ltr'><strong>ια’ίί</strong></span> <span class='ocrx_word' id='word_1_590' title='bbox 2321 2455 2514 2509; x_wconf 84' lang='lat' dir='ltr'><strong>ponam</strong></span> <span class='ocrx_word' id='word_1_591' title='bbox 2554 2440 2803 2493; x_wconf 82' lang='lat' dir='ltr'><strong>thronum</strong></span> <span class='ocrx_word' id='word_1_592' title='bbox 2839 2455 3033 2494; x_wconf 84' lang='lat' dir='ltr'><strong>meum.</strong></span> <span class='ocrx_word' id='word_1_593' title='bbox 3067 2436 3270 2494; x_wconf 85' lang='lat' dir='ltr'><strong>Sedebo</strong></span> <span class='ocrx_word' id='word_1_594' title='bbox 3297 2437 3351 2491; x_wconf 87' lang='lat' dir='ltr'><strong>in</strong></span> <span class='ocrx_word' id='word_1_595' title='bbox 3381 2444 3560 2491; x_wconf 76' lang='lat' dir='ltr'><strong>monte</strong></span> 
     </span>
    </p>
   </div>
   <div class='ocr_carea' id='block_1_81' title="bbox 1953 2531 3558 2603">
    <p class='ocr_par' dir='ltr' id='par_1_81' title="bbox 1953 2531 3558 2603">
     <span class='ocr_line' id='line_1_81' title="bbox 1953 2531 3558 2603; baseline -0.004 -15"><span class='ocrx_word' id='word_1_596' title='bbox 1953 2535 2159 2589; x_wconf 73' lang='lat' dir='ltr'><strong>excelso</strong></span> <span class='ocrx_word' id='word_1_597' title='bbox 2202 2550 2368 2603; x_wconf 85' lang='lat' dir='ltr'><strong>supra</strong></span> <span class='ocrx_word' id='word_1_598' title='bbox 2411 2542 2614 2588; x_wconf 83' lang='lat' dir='ltr'><strong>montes</strong></span> <span class='ocrx_word' id='word_1_599' title='bbox 2657 2533 2877 2589; x_wconf 79' lang='lat' dir='ltr'><strong>arduos.</strong></span> <span class='ocrx_word' id='word_1_600' title='bbox 2919 2531 2990 2586; x_wconf 85' lang='lat' dir='ltr'><strong>ad</strong></span> <span class='ocrx_word' id='word_1_601' title='bbox 3035 2531 3331 2603; x_wconf 81' lang='lat' dir='ltr'><strong>aquilonem</strong></span> <span class='ocrx_word' id='word_1_602' title='bbox 3371 2544 3558 2584; x_wconf 78' lang='lat' dir='ltr'><strong>ascen-</strong></span> 
     </span>
    </p>
   </div>
   <div class='ocr_carea' id='block_1_82' title="bbox 1957 2623 3558 2696">
    <p class='ocr_par' dir='ltr' id='par_1_82' title="bbox 1957 2623 3558 2696">
     <span class='ocr_line' id='line_1_82' title="bbox 1957 2623 3558 2696; baseline 0 -18"><span class='ocrx_word' id='word_1_603' title='bbox 1957 2629 2083 2681; x_wconf 86' lang='lat' dir='ltr'><strong>dam</strong></span> <span class='ocrx_word' id='word_1_604' title='bbox 2119 2643 2281 2696; x_wconf 83' lang='lat' dir='ltr'><strong>supra</strong></span> <span class='ocrx_word' id='word_1_605' title='bbox 2306 2626 2489 2691; x_wconf 69' lang='lat' dir='ltr'><strong>nubes,</strong></span> <span class='ocrx_word' id='word_1_606' title='bbox 2517 2636 2567 2681; x_wconf 89' lang='lat' dir='ltr'><strong>et</strong></span> <span class='ocrx_word' id='word_1_607' title='bbox 2591 2643 2680 2685; x_wconf 86' lang='lat' dir='ltr'><strong>ero</strong></span> <span class='ocrx_word' id='word_1_608' title='bbox 2704 2625 2895 2685; x_wconf 76' lang='lat' dir='ltr'><strong>similis</strong></span> <span class='ocrx_word' id='word_1_609' title='bbox 2915 2626 3216 2689; x_wconf 67' lang='lat' dir='ltr'><strong>Altissimo.</strong></span> <span class='ocrx_word' id='word_1_610' title='bbox 3251 2623 3408 2678; x_wconf 83' lang='lat' dir='ltr'><strong>Nunc</strong></span> <span class='ocrx_word' id='word_1_611' title='bbox 3433 2638 3558 2678; x_wconf 78' lang='lat' dir='ltr'><strong>rem</strong></span> 
     </span>
    </p>
   </div>
   <div class='ocr_carea' id='block_1_83' title="bbox 1956 2712 3407 2789">
    <p class='ocr_par' dir='ltr' id='par_1_83' title="bbox 1956 2712 3407 2789">
     <span class='ocr_line' id='line_1_83' title="bbox 1956 2712 3407 2789; baseline -0.002 -17"><span class='ocrx_word' id='word_1_612' title='bbox 1956 2718 2025 2773; x_wconf 81' lang='lat' dir='ltr'><strong>ad</strong></span> <span class='ocrx_word' id='word_1_613' title='bbox 2050 2720 2251 2789; x_wconf 75' lang='lat' dir='ltr'><strong>inferos.</strong></span> <span class='ocrx_word' id='word_1_614' title='bbox 2270 2719 2577 2784; x_wconf 75' lang='lat' dir='ltr'><strong>descendas,</strong></span> <span class='ocrx_word' id='word_1_615' title='bbox 2604 2718 2671 2778; x_wconf 84' lang='lat' dir='ltr'><strong>ad</strong></span> <span class='ocrx_word' id='word_1_616' title='bbox 2695 2717 3047 2789; x_wconf 74' lang='lat' dir='ltr'><strong>fundamenta</strong></span> <span class='ocrx_word' id='word_1_617' title='bbox 3066 2712 3220 2773; x_wconf 60' lang='lat' dir='ltr'><strong>terra;</strong></span> <span class='ocrx_word' id='word_1_618' title='bbox 3238 2718 3281 2783; x_wconf 79' lang='grc'><strong>⁸,</strong></span> <span class='ocrx_word' id='word_1_619' title='bbox 3299 2725 3407 2772; x_wconf 87' lang='lat' dir='ltr'><strong>etc.</strong></span> 
     </span>
    </p>
   </div>
   <div class='ocr_carea' id='block_1_84' title="bbox 2150 2914 3353 2990">
    <p class='ocr_par' dir='ltr' id='par_1_84' title="bbox 2150 2914 3353 2990">
     <span class='ocr_line' id='line_1_84' title="bbox 2150 2914 3353 2990; baseline 0.002 -20"><span class='ocrx_word' id='word_1_620' title='bbox 2150 2916 2318 2990; x_wconf 62' lang='lat'><strong>934</strong></span> <span class='ocrx_word' id='word_1_621' title='bbox 2342 2915 2762 2979; x_wconf 68' lang='lat' dir='ltr'><strong>manuum</strong></span> <span class='ocrx_word' id='word_1_622' title='bbox 2799 2915 3018 2985; x_wconf 78' lang='grc' dir='ltr'><strong>ᾼΕΤΙΙ</strong></span> <span class='ocrx_word' id='word_1_623' title='bbox 3059 2914 3353 2983; x_wconf 62' lang='lat' dir='ltr'><strong>unum.</strong></span> 
     </span>
    </p>
   </div>
   <div class='ocr_carea' id='block_1_85' title="bbox 2028 3092 3554 3166">
    <p class='ocr_par' dir='ltr' id='par_1_85' title="bbox 2028 3092 3554 3166">
     <span class='ocr_line' id='line_1_85' title="bbox 2028 3092 3554 3166; baseline -0.005 -16"><span class='ocrx_word' id='word_1_624' title='bbox 2028 3097 2065 3150; x_wconf 93' lang='lat' dir='ltr'><strong>l.</strong></span> <span class='ocrx_word' id='word_1_625' title='bbox 2095 3095 2151 3150; x_wconf 89' lang='lat' dir='ltr'><strong>Si</strong></span> <span class='ocrx_word' id='word_1_626' title='bbox 2183 3095 2460 3166; x_wconf 69' lang='lat' dir='ltr'><strong>ingenitus</strong></span> <span class='ocrx_word' id='word_1_627' title='bbox 2483 3093 2626 3151; x_wconf 90' lang='lat' dir='ltr'><strong>Deus</strong></span> <span class='ocrx_word' id='word_1_628' title='bbox 2646 3100 2829 3165; x_wconf 87' lang='lat' dir='ltr'><strong>potest</strong></span> <span class='ocrx_word' id='word_1_629' title='bbox 2852 3092 2998 3165; x_wconf 89' lang='lat' dir='ltr'><strong>quod</strong></span> <span class='ocrx_word' id='word_1_630' title='bbox 3021 3092 3267 3165; x_wconf 73' lang='lat' dir='ltr'><strong>genitum</strong></span> <span class='ocrx_word' id='word_1_631' title='bbox 3295 3096 3380 3146; x_wconf 89' lang='lat' dir='ltr'><strong>est</strong></span> <span class='ocrx_word' id='word_1_632' title='bbox 3400 3103 3554 3161; x_wconf 73' lang='lat' dir='ltr'><strong>tnge-</strong></span> 
     </span>
    </p>
   </div>
   <div class='ocr_carea' id='block_1_86' title="bbox 1876 3189 2378 3256">
    <p class='ocr_par' dir='ltr' id='par_1_86' title="bbox 1876 3189 2378 3256">
     <span class='ocr_line' id='line_1_86' title="bbox 1876 3189 2378 3256; baseline 0 -11"><span class='ocrx_word' id='word_1_633' title='bbox 1876 3193 1922 3256; x_wconf 74' lang='grc' dir='ltr'><strong>ρ</strong></span> <span class='ocrx_word' id='word_1_634' title='bbox 1957 3189 2133 3245; x_wconf 82' lang='lat' dir='ltr'><strong>nilum</strong></span> <span class='ocrx_word' id='word_1_635' title='bbox 2171 3189 2378 3245; x_wconf 80' lang='lat' dir='ltr'><strong>facere.</strong></span> 
     </span>
    </p>
   </div>
   <div class='ocr_carea' id='block_1_87' title="bbox 2558 3279 2955 3351">
    <p class='ocr_par' dir='ltr' id='par_1_87' title="bbox 2558 3279 2955 3351">
     <span class='ocr_line' id='line_1_87' title="bbox 2558 3279 2955 3351; baseline 0.003 -14"><span class='ocrx_word' id='word_1_636' title='bbox 2558 3280 2874 3351; x_wconf 76' lang='lat' dir='ltr'><strong>Confutatio</strong></span> <span class='ocrx_word' id='word_1_637' title='bbox 2902 3279 2955 3338; x_wconf 84' lang='grc' dir='ltr'><strong>ι.</strong></span> 
     </span>
    </p>
   </div>
   <div class='ocr_carea' id='block_1_88' title="bbox 2024 3372 3550 3447">
    <p class='ocr_par' dir='ltr' id='par_1_88' title="bbox 2024 3372 3550 3447">
     <span class='ocr_line' id='line_1_88' title="bbox 2024 3372 3550 3447; baseline -0.003 -18"><span class='ocrx_word' id='word_1_638' title='bbox 2024 3373 2084 3429; x_wconf 91' lang='lat' dir='ltr'><strong>In</strong></span> <span class='ocrx_word' id='word_1_639' title='bbox 2115 3374 2309 3443; x_wconf 86' lang='lat' dir='ltr'><strong>primis</strong></span> <span class='ocrx_word' id='word_1_640' title='bbox 2331 3389 2454 3430; x_wconf 91' lang='lat' dir='ltr'><strong>esse</strong></span> <span class='ocrx_word' id='word_1_641' title='bbox 2478 3374 2706 3443; x_wconf 87' lang='lat' dir='ltr'><strong>aliquid,</strong></span> <span class='ocrx_word' id='word_1_642' title='bbox 2736 3372 2885 3445; x_wconf 88' lang='lat' dir='ltr'><strong>quod</strong></span> <span class='ocrx_word' id='word_1_643' title='bbox 2909 3372 3054 3433; x_wconf 87' lang='lat' dir='ltr'><strong>Deus</strong></span> <span class='ocrx_word' id='word_1_644' title='bbox 3082 3372 3264 3428; x_wconf 81' lang='lat' dir='ltr'><strong>facere</strong></span> <span class='ocrx_word' id='word_1_645' title='bbox 3289 3379 3550 3447; x_wconf 80' lang='lat' dir='ltr'><strong>nequeat,</strong></span> 
     </span>
    </p>
   </div>
   <div class='ocr_carea' id='block_1_89' title="bbox 1952 3466 3550 3539">
    <p class='ocr_par' dir='ltr' id='par_1_89' title="bbox 1952 3466 3550 3539">
     <span class='ocr_line' id='line_1_89' title="bbox 1952 3466 3550 3539; baseline -0.001 -17"><span class='ocrx_word' id='word_1_646' title='bbox 1952 3469 2180 3539; x_wconf 72' lang='lat' dir='ltr'><strong>i.i:p?um</strong></span> <span class='ocrx_word' id='word_1_647' title='bbox 2217 3476 2303 3524; x_wconf 89' lang='lat' dir='ltr'><strong>est</strong></span> <span class='ocrx_word' id='word_1_648' title='bbox 2348 3468 2615 3538; x_wconf 80' lang='lat' dir='ltr'><strong>cogitare,</strong></span> <span class='ocrx_word' id='word_1_649' title='bbox 2668 3475 2725 3522; x_wconf 92' lang='lat' dir='ltr'><strong>et</strong></span> <span class='ocrx_word' id='word_1_650' title='bbox 2763 3466 2984 3538; x_wconf 88' lang='lat' dir='ltr'><strong>quidem</strong></span> <span class='ocrx_word' id='word_1_651' title='bbox 3019 3466 3229 3537; x_wconf 87' lang='lat' dir='ltr'><strong>aliquid</strong></span> <span class='ocrx_word' id='word_1_652' title='bbox 3274 3473 3362 3523; x_wconf 91' lang='lat' dir='ltr'><strong>est</strong></span> <span class='ocrx_word' id='word_1_653' title='bbox 3407 3467 3550 3527; x_wconf 80' lang='lat' dir='ltr'><strong>dun-</strong></span> 
     </span>
    </p>
   </div>
   <div class='ocr_carea' id='block_1_90' title="bbox 1951 3560 3552 3631">
    <p class='ocr_par' dir='ltr' id='par_1_90' title="bbox 1951 3560 3552 3631">
     <span class='ocr_line' id='line_1_90' title="bbox 1951 3560 3552 3631; baseline -0.002 -15"><span class='ocrx_word' id='word_1_654' title='bbox 1951 3569 2122 3624; x_wconf 77' lang='lat' dir='ltr'><strong>taxat,</strong></span> <span class='ocrx_word' id='word_1_655' title='bbox 2148 3561 2297 3631; x_wconf 89' lang='lat' dir='ltr'><strong>quod</strong></span> <span class='ocrx_word' id='word_1_656' title='bbox 2320 3560 2489 3615; x_wconf 88' lang='lat' dir='ltr'><strong>Deum</strong></span> <span class='ocrx_word' id='word_1_657' title='bbox 2514 3560 2741 3621; x_wconf 86' lang='lat' dir='ltr'><strong>minime</strong></span> <span class='ocrx_word' id='word_1_658' title='bbox 2763 3560 2987 3619; x_wconf 73' lang='lat' dir='ltr'><strong>deceat:</strong></span> <span class='ocrx_word' id='word_1_659' title='bbox 3013 3575 3123 3625; x_wconf 72' lang='lat' dir='ltr'><strong>non</strong></span> <span class='ocrx_word' id='word_1_660' title='bbox 3147 3560 3294 3629; x_wconf 89' lang='lat' dir='ltr'><strong>quod</strong></span> <span class='ocrx_word' id='word_1_661' title='bbox 3321 3560 3388 3614; x_wconf 90' lang='lat' dir='ltr'><strong>ad</strong></span> <span class='ocrx_word' id='word_1_662' title='bbox 3416 3560 3552 3625; x_wconf 76' lang='lat' dir='ltr'><strong>illud</strong></span> 
     </span>
    </p>
   </div>
   <div class='ocr_carea' id='block_1_91' title="bbox 1952 3651 3553 3723">
    <p class='ocr_par' dir='ltr' id='par_1_91' title="bbox 1952 3651 3553 3723">
     <span class='ocr_line' id='line_1_91' title="bbox 1952 3651 3553 3723; baseline 0.002 -17"><span class='ocrx_word' id='word_1_663' title='bbox 1952 3653 2261 3709; x_wconf 81' lang='lat' dir='ltr'><strong>faciendum</strong></span> <span class='ocrx_word' id='word_1_664' title='bbox 2299 3653 2435 3708; x_wconf 81' lang='lat' dir='ltr'><strong>satis</strong></span> <span class='ocrx_word' id='word_1_665' title='bbox 2468 3652 2667 3707; x_wconf 88' lang='lat' dir='ltr'><strong>virium</strong></span> <span class='ocrx_word' id='word_1_666' title='bbox 2702 3666 2813 3706; x_wconf 89' lang='lat' dir='ltr'><strong>non</strong></span> <span class='ocrx_word' id='word_1_667' title='bbox 2848 3652 3051 3715; x_wconf 76' lang='lat' dir='ltr'><strong>habeat</strong></span> <span class='ocrx_word' id='word_1_668' title='bbox 3074 3690 3090 3718; x_wconf 92' lang='lat'><strong>,</strong></span> <span class='ocrx_word' id='word_1_669' title='bbox 3132 3651 3227 3710; x_wconf 82' lang='lat' dir='ltr'><strong>sed</strong></span> <span class='ocrx_word' id='word_1_670' title='bbox 3260 3652 3407 3723; x_wconf 88' lang='lat' dir='ltr'><strong>quod</strong></span> <span class='ocrx_word' id='word_1_671' title='bbox 3434 3666 3553 3709; x_wconf 82' lang='lat' dir='ltr'><strong>ma—</strong></span> 
     </span>
    </p>
   </div>
   <div class='ocr_carea' id='block_1_92' title="bbox 1952 3730 3549 3814">
    <p class='ocr_par' dir='ltr' id='par_1_92' title="bbox 1952 3730 3549 3814">
     <span class='ocr_line' id='line_1_92' title="bbox 1952 3730 3549 3814; baseline -0.001 -15"><span class='ocrx_word' id='word_1_672' title='bbox 1952 3745 2064 3799; x_wconf 87' lang='lat' dir='ltr'><strong>lilia</strong></span> <span class='ocrx_word' id='word_1_673' title='bbox 2099 3745 2248 3799; x_wconf 84' lang='lat' dir='ltr'><strong>verbi</strong></span> <span class='ocrx_word' id='word_1_674' title='bbox 2280 3744 2479 3814; x_wconf 84' lang='lat' dir='ltr'><strong>gratia,</strong></span> <span class='ocrx_word' id='word_1_675' title='bbox 2516 3742 2711 3807; x_wconf 85' lang='lat' dir='ltr'><strong>Deum,</strong></span> <span class='ocrx_word' id='word_1_676' title='bbox 2760 3744 2847 3799; x_wconf 88' lang='lat' dir='ltr'><strong>cui</strong></span> <span class='ocrx_word' id='word_1_677' title='bbox 2893 3744 3026 3797; x_wconf 86' lang='lat' dir='ltr'><strong>nihil</strong></span> <span class='ocrx_word' id='word_1_678' title='bbox 3062 3730 3408 3813; x_wconf 73' lang='lat' dir='ltr'><strong>impossibile</strong></span> <span class='ocrx_word' id='word_1_679' title='bbox 3441 3753 3549 3807; x_wconf 86' lang='lat' dir='ltr'><strong>est.</strong></span> 
     </span>
    </p>
   </div>
   <div class='ocr_carea' id='block_1_93' title="bbox 1950 3834 3553 3906">
    <p class='ocr_par' dir='ltr' id='par_1_93' title="bbox 1950 3834 3553 3906">
     <span class='ocr_line' id='line_1_93' title="bbox 1950 3834 3553 3906; baseline 0.001 -17"><span class='ocrx_word' id='word_1_680' title='bbox 1950 3836 2177 3891; x_wconf 89' lang='lat' dir='ltr'><strong>minime</strong></span> <span class='ocrx_word' id='word_1_681' title='bbox 2204 3837 2425 3902; x_wconf 86' lang='lat' dir='ltr'><strong>deceat;</strong></span> <span class='ocrx_word' id='word_1_682' title='bbox 2483 3850 2548 3890; x_wconf 89' lang='lat' dir='ltr'><strong>eo</strong></span> <span class='ocrx_word' id='word_1_683' title='bbox 2576 3834 2724 3904; x_wconf 85' lang='lat' dir='ltr'><strong>quod</strong></span> <span class='ocrx_word' id='word_1_684' title='bbox 2749 3834 2951 3890; x_wconf 89' lang='lat' dir='ltr'><strong>malum</strong></span> <span class='ocrx_word' id='word_1_685' title='bbox 2982 3849 3147 3890; x_wconf 88' lang='lat' dir='ltr'><strong>onme</strong></span> <span class='ocrx_word' id='word_1_686' title='bbox 3172 3834 3374 3890; x_wconf 73' lang='lat' dir='ltr'><strong>divinae</strong></span> <span class='ocrx_word' id='word_1_687' title='bbox 3402 3834 3553 3906; x_wconf 80' lang='lat' dir='ltr'><strong>illius</strong></span> 
     </span>
    </p>
   </div>
   <div class='ocr_carea' id='block_1_94' title="bbox 1950 3925 3552 3998">
    <p class='ocr_par' dir='ltr' id='par_1_94' title="bbox 1950 3925 3552 3998">
     <span class='ocr_line' id='line_1_94' title="bbox 1950 3925 3552 3998; baseline -0.002 -14"><span class='ocrx_word' id='word_1_688' title='bbox 1950 3943 2016 3984; x_wconf 86' lang='lat' dir='ltr'><strong>ae</strong></span> <span class='ocrx_word' id='word_1_689' title='bbox 2054 3928 2450 3998; x_wconf 87' lang='lat' dir='ltr'><strong>potentissimae</strong></span> <span class='ocrx_word' id='word_1_690' title='bbox 2482 3926 2741 3994; x_wconf 86' lang='lat' dir='ltr'><strong>bonitati,</strong></span> <span class='ocrx_word' id='word_1_691' title='bbox 2787 3925 3005 3998; x_wconf 86' lang='lat' dir='ltr'><strong>ipsique</strong></span> <span class='ocrx_word' id='word_1_692' title='bbox 3039 3926 3197 3991; x_wconf 77' lang='lat' dir='ltr'><strong>adeo,</strong></span> <span class='ocrx_word' id='word_1_693' title='bbox 3242 3926 3336 3997; x_wconf 86' lang='lat' dir='ltr'><strong>qui</strong></span> <span class='ocrx_word' id='word_1_694' title='bbox 3371 3925 3552 3993; x_wconf 78' lang='lat' dir='ltr'><strong>bonus</strong></span> 
     </span>
    </p>
   </div>
   <div class='ocr_carea' id='block_1_95' title="bbox 1948 4019 2821 4090">
    <p class='ocr_par' dir='ltr' id='par_1_95' title="bbox 1948 4019 2821 4090">
     <span class='ocr_line' id='line_1_95' title="bbox 1948 4019 2821 4090; baseline -0.002 -14"><span class='ocrx_word' id='word_1_695' title='bbox 1948 4019 2428 4090; x_wconf 87' lang='lat' dir='ltr'><strong>est,impossibile</strong></span> <span class='ocrx_word' id='word_1_696' title='bbox 2460 4019 2552 4076; x_wconf 90' lang='lat' dir='ltr'><strong>sit.</strong></span> <span class='ocrx_word' id='word_1_697' title='bbox 2666 4058 2672 4065; x_wconf 51' lang='grc' dir='ltr'><strong>κ</strong></span> <span class='ocrx_word' id='word_1_698' title='bbox 2795 4078 2821 4088; x_wconf 82' lang='lat'>_</span> 
     </span>
    </p>
   </div>
   <div class='ocr_carea' id='block_1_96' title="bbox 2019 4110 3554 4183">
    <p class='ocr_par' dir='ltr' id='par_1_96' title="bbox 2019 4110 3554 4183">
     <span class='ocr_line' id='line_1_96' title="bbox 2019 4110 3554 4183; baseline 0.001 -18"><span class='ocrx_word' id='word_1_699' title='bbox 2019 4111 2332 4169; x_wconf 83' lang='lat' dir='ltr'><strong>Praeterea:</strong></span> <span class='ocrx_word' id='word_1_700' title='bbox 2369 4112 2429 4171; x_wconf 88' lang='lat' dir='ltr'><strong>Si</strong></span> <span class='ocrx_word' id='word_1_701' title='bbox 2455 4110 2604 4183; x_wconf 90' lang='lat' dir='ltr'><strong>quod</strong></span> <span class='ocrx_word' id='word_1_702' title='bbox 2648 4110 2851 4169; x_wconf 81' lang='lat' dir='ltr'><strong>factum</strong></span> <span class='ocrx_word' id='word_1_703' title='bbox 2884 4126 2950 4168; x_wconf 88' lang='lat' dir='ltr'><strong>ac</strong></span> <span class='ocrx_word' id='word_1_704' title='bbox 2978 4111 3222 4181; x_wconf 77' lang='lat' dir='ltr'><strong>genitum</strong></span> <span class='ocrx_word' id='word_1_705' title='bbox 3260 4116 3364 4171; x_wconf 90' lang='lat' dir='ltr'><strong>est.</strong></span> <span class='ocrx_word' id='word_1_706' title='bbox 3400 4110 3554 4182; x_wconf 74' lang='lat' dir='ltr'><strong>inge-</strong></span> 
     </span>
    </p>
   </div>
   <div class='ocr_carea' id='block_1_97' title="bbox 1948 4198 3551 4275">
    <p class='ocr_par' dir='ltr' id='par_1_97' title="bbox 1948 4198 3551 4275">
     <span class='ocr_line' id='line_1_97' title="bbox 1948 4198 3551 4275; baseline 0.001 -18"><span class='ocrx_word' id='word_1_707' title='bbox 1948 4203 2121 4257; x_wconf 90' lang='lat' dir='ltr'><strong>nitum</strong></span> <span class='ocrx_word' id='word_1_708' title='bbox 2146 4203 2297 4259; x_wconf 89' lang='lat' dir='ltr'><strong>reddi</strong></span> <span class='ocrx_word' id='word_1_709' title='bbox 2321 4198 2464 4259; x_wconf 77' lang='lat' dir='ltr'><strong>facto</strong></span> <span class='ocrx_word' id='word_1_710' title='bbox 2495 4204 2615 4275; x_wconf 89' lang='lat' dir='ltr'><strong>ipso</strong></span> <span class='ocrx_word' id='word_1_711' title='bbox 2638 4204 2841 4259; x_wconf 89' lang='lat' dir='ltr'><strong>bonum</strong></span> <span class='ocrx_word' id='word_1_712' title='bbox 2868 4203 3147 4273; x_wconf 75' lang='lat' dir='ltr'><strong>iudicaret</strong></span> <span class='ocrx_word' id='word_1_713' title='bbox 3180 4204 3342 4269; x_wconf 85' lang='lat' dir='ltr'><strong>Deus,</strong></span> <span class='ocrx_word' id='word_1_714' title='bbox 3372 4219 3551 4274; x_wconf 76' lang='lat' dir='ltr'><strong>neque</strong></span> 
     </span>
    </p>
   </div>
   <div class='ocr_carea' id='block_1_98' title="bbox 1948 4292 3549 4363">
    <p class='ocr_par' dir='ltr' id='par_1_98' title="bbox 1948 4292 3549 4363">
     <span class='ocr_line' id='line_1_98' title="bbox 1948 4292 3549 4363; baseline 0 -15"><span class='ocrx_word' id='word_1_715' title='bbox 1948 4302 2130 4348; x_wconf 88' lang='lat' dir='ltr'><strong>tamen</strong></span> <span class='ocrx_word' id='word_1_716' title='bbox 2168 4292 2314 4348; x_wconf 90' lang='lat' dir='ltr'><strong>istud</strong></span> <span class='ocrx_word' id='word_1_717' title='bbox 2340 4293 2469 4348; x_wconf 90' lang='lat' dir='ltr'><strong>boni</strong></span> <span class='ocrx_word' id='word_1_718' title='bbox 2498 4293 2637 4355; x_wconf 83' lang='lat' dir='ltr'><strong>bene</strong></span> <span class='ocrx_word' id='word_1_719' title='bbox 2660 4293 2922 4363; x_wconf 79' lang='lat' dir='ltr'><strong>perficere</strong></span> <span class='ocrx_word' id='word_1_720' title='bbox 2948 4304 3153 4363; x_wconf 87' lang='lat' dir='ltr'><strong>posset.</strong></span> <span class='ocrx_word' id='word_1_721' title='bbox 3184 4304 3296 4348; x_wconf 90' lang='lat' dir='ltr'><strong>tum</strong></span> <span class='ocrx_word' id='word_1_722' title='bbox 3327 4293 3549 4348; x_wconf 91' lang='lat' dir='ltr'><strong>demum</strong></span> 
     </span>
    </p>
   </div>
   <div class='ocr_carea' id='block_1_99' title="bbox 1947 4384 3551 4457">
    <p class='ocr_par' dir='ltr' id='par_1_99' title="bbox 1947 4384 3551 4457">
     <span class='ocr_line' id='line_1_99' title="bbox 1947 4384 3551 4457; baseline 0.001 -18"><span class='ocrx_word' id='word_1_723' title='bbox 1947 4392 2261 4457; x_wconf 83' lang='lat' dir='ltr'><strong>praepotens</strong></span> <span class='ocrx_word' id='word_1_724' title='bbox 2314 4385 2406 4440; x_wconf 89' lang='lat' dir='ltr'><strong>ille</strong></span> <span class='ocrx_word' id='word_1_725' title='bbox 2429 4384 2577 4441; x_wconf 88' lang='lat' dir='ltr'><strong>Deus</strong></span> <span class='ocrx_word' id='word_1_726' title='bbox 2617 4386 2830 4441; x_wconf 82' lang='lat' dir='ltr'><strong>viribus</strong></span> <span class='ocrx_word' id='word_1_727' title='bbox 2856 4384 3152 4441; x_wconf 88' lang='lat' dir='ltr'><strong>destitutus</strong></span> <span class='ocrx_word' id='word_1_728' title='bbox 3181 4401 3305 4441; x_wconf 90' lang='lat' dir='ltr'><strong>esse</strong></span> <span class='ocrx_word' id='word_1_729' title='bbox 3338 4384 3551 4442; x_wconf 54' lang='lat' dir='ltr'><strong>videre.</strong></span> 
     </span>
    </p>
   </div>
   <div class='ocr_carea' id='block_1_100' title="bbox 1947 4470 3547 4548">
    <p class='ocr_par' dir='ltr' id='par_1_100' title="bbox 1947 4470 3547 4548">
     <span class='ocr_line' id='line_1_100' title="bbox 1947 4470 3547 4548; baseline 0.003 -18"><span class='ocrx_word' id='word_1_730' title='bbox 1947 4485 2075 4542; x_wconf 88' lang='lat' dir='ltr'><strong>tur;</strong></span> <span class='ocrx_word' id='word_1_731' title='bbox 2128 4478 2222 4547; x_wconf 91' lang='lat' dir='ltr'><strong>qui</strong></span> <span class='ocrx_word' id='word_1_732' title='bbox 2248 4477 2394 4547; x_wconf 88' lang='lat' dir='ltr'><strong>quod</strong></span> <span class='ocrx_word' id='word_1_733' title='bbox 2432 4478 2781 4548; x_wconf 61' lang='lat' dir='ltr'><strong>priestantius</strong></span> <span class='ocrx_word' id='word_1_734' title='bbox 2822 4470 2911 4534; x_wconf 78' lang='lat' dir='ltr'><strong>est</strong></span> <span class='ocrx_word' id='word_1_735' title='bbox 2945 4477 3124 4533; x_wconf 86' lang='lat' dir='ltr'><strong>moliri</strong></span> <span class='ocrx_word' id='word_1_736' title='bbox 3157 4478 3412 4548; x_wconf 89' lang='lat' dir='ltr'><strong>cupiens,</strong></span> <span class='ocrx_word' id='word_1_737' title='bbox 3447 4495 3547 4534; x_wconf 54' lang='lat' dir='ltr'><strong>ne.</strong></span> 
     </span>
    </p>
   </div>
   <div class='ocr_carea' id='block_1_101' title="bbox 1951 4571 3548 4646">
    <p class='ocr_par' dir='ltr' id='par_1_101' title="bbox 1951 4571 3548 4646">
     <span class='ocr_line' id='line_1_101' title="bbox 1951 4571 3548 4646; baseline 0.001 -20"><span class='ocrx_word' id='word_1_738' title='bbox 1951 4586 2226 4643; x_wconf 88' lang='lat' dir='ltr'><strong>quaquam</strong></span> <span class='ocrx_word' id='word_1_739' title='bbox 2259 4579 2443 4641; x_wconf 77' lang='lat' dir='ltr'><strong>posset</strong></span> <span class='ocrx_word' id='word_1_740' title='bbox 2468 4572 2708 4642; x_wconf 83' lang='lat' dir='ltr'><strong>assequi.</strong></span> <span class='ocrx_word' id='word_1_741' title='bbox 2748 4571 2949 4627; x_wconf 84' lang='lat' dir='ltr'><strong>Verum</strong></span> <span class='ocrx_word' id='word_1_742' title='bbox 2976 4587 3100 4626; x_wconf 89' lang='lat' dir='ltr'><strong>eum</strong></span> <span class='ocrx_word' id='word_1_743' title='bbox 3136 4581 3191 4628; x_wconf 89' lang='lat' dir='ltr'><strong>et</strong></span> <span class='ocrx_word' id='word_1_744' title='bbox 3216 4574 3362 4643; x_wconf 88' lang='lat' dir='ltr'><strong>quod</strong></span> <span class='ocrx_word' id='word_1_745' title='bbox 3394 4573 3548 4646; x_wconf 79' lang='lat' dir='ltr'><strong>inge-</strong></span> 
     </span>
    </p>
   </div>
   <div class='ocr_carea' id='block_1_102' title="bbox 1953 4663 3545 4734">
    <p class='ocr_par' dir='ltr' id='par_1_102' title="bbox 1953 4663 3545 4734">
     <span class='ocr_line' id='line_1_102' title="bbox 1953 4663 3545 4734; baseline 0.001 -17"><span class='ocrx_word' id='word_1_746' title='bbox 1953 4665 2129 4717; x_wconf 90' lang='lat' dir='ltr'><strong>nitum</strong></span> <span class='ocrx_word' id='word_1_747' title='bbox 2161 4670 2267 4728; x_wconf 88' lang='lat' dir='ltr'><strong>est,</strong></span> <span class='ocrx_word' id='word_1_748' title='bbox 2300 4663 2504 4718; x_wconf 90' lang='lat' dir='ltr'><strong>bonum</strong></span> <span class='ocrx_word' id='word_1_749' title='bbox 2541 4664 2634 4727; x_wconf 91' lang='lat' dir='ltr'><strong>sit,</strong></span> <span class='ocrx_word' id='word_1_750' title='bbox 2670 4671 2724 4718; x_wconf 92' lang='lat' dir='ltr'><strong>et</strong></span> <span class='ocrx_word' id='word_1_751' title='bbox 2756 4663 2901 4733; x_wconf 89' lang='lat' dir='ltr'><strong>quod</strong></span> <span class='ocrx_word' id='word_1_752' title='bbox 2934 4664 3177 4734; x_wconf 79' lang='lat' dir='ltr'><strong>genitum</strong></span> <span class='ocrx_word' id='word_1_753' title='bbox 3211 4670 3314 4729; x_wconf 89' lang='lat' dir='ltr'><strong>est,</strong></span> <span class='ocrx_word' id='word_1_754' title='bbox 3353 4679 3456 4718; x_wconf 91' lang='lat' dir='ltr'><strong>suo</strong></span> <span class='ocrx_word' id='word_1_755' title='bbox 3490 4664 3545 4719; x_wconf 89' lang='lat' dir='ltr'><strong>in</strong></span> 
     </span>
    </p>
   </div>
   <div class='ocr_carea' id='block_1_103' title="bbox 1952 4754 3544 4829">
    <p class='ocr_par' dir='ltr' id='par_1_103' title="bbox 1952 4754 3544 4829">
     <span class='ocr_line' id='line_1_103' title="bbox 1952 4754 3544 4829; baseline 0 -19"><span class='ocrx_word' id='word_1_756' title='bbox 1952 4754 2145 4810; x_wconf 88' lang='lat' dir='ltr'><strong>ordine</strong></span> <span class='ocrx_word' id='word_1_757' title='bbox 2168 4756 2306 4811; x_wconf 90' lang='lat' dir='ltr'><strong>bene</strong></span> <span class='ocrx_word' id='word_1_758' title='bbox 2334 4756 2406 4810; x_wconf 94' lang='lat' dir='ltr'><strong>sit</strong></span> <span class='ocrx_word' id='word_1_759' title='bbox 2431 4756 2699 4827; x_wconf 78' lang='lat' dir='ltr'><strong>genitum,</strong></span> <span class='ocrx_word' id='word_1_760' title='bbox 2731 4756 2991 4826; x_wconf 87' lang='lat' dir='ltr'><strong>quoniam</strong></span> <span class='ocrx_word' id='word_1_761' title='bbox 3025 4757 3333 4829; x_wconf 81' lang='lat' dir='ltr'><strong>genitarum</strong></span> <span class='ocrx_word' id='word_1_762' title='bbox 3357 4771 3544 4812; x_wconf 90' lang='lat' dir='ltr'><strong>rerum</strong></span> 
     </span>
    </p>
   </div>
   <div class='ocr_carea' id='block_1_104' title="bbox 1951 4847 3546 4919">
    <p class='ocr_par' dir='ltr' id='par_1_104' title="bbox 1951 4847 3546 4919">
     <span class='ocr_line' id='line_1_104' title="bbox 1951 4847 3546 4919; baseline 0.001 -16"><span class='ocrx_word' id='word_1_763' title='bbox 1951 4848 2198 4903; x_wconf 91' lang='lat' dir='ltr'><strong>conditio</strong></span> <span class='ocrx_word' id='word_1_764' title='bbox 2252 4849 2397 4904; x_wconf 89' lang='lat' dir='ltr'><strong>bona</strong></span> <span class='ocrx_word' id='word_1_765' title='bbox 2447 4857 2552 4914; x_wconf 84' lang='lat' dir='ltr'><strong>est,</strong></span> <span class='ocrx_word' id='word_1_766' title='bbox 2603 4855 2657 4903; x_wconf 91' lang='lat' dir='ltr'><strong>et</strong></span> <span class='ocrx_word' id='word_1_767' title='bbox 2706 4863 2736 4902; x_wconf 89' lang='lat' dir='ltr'><strong>a</strong></span> <span class='ocrx_word' id='word_1_768' title='bbox 2785 4849 2930 4903; x_wconf 93' lang='lat' dir='ltr'><strong>bono</strong></span> <span class='ocrx_word' id='word_1_769' title='bbox 2960 4848 3071 4903; x_wconf 88' lang='lat' dir='ltr'><strong>Deo</strong></span> <span class='ocrx_word' id='word_1_770' title='bbox 3124 4847 3390 4919; x_wconf 71' lang='lat' dir='ltr'><strong>profecta,</strong></span> <span class='ocrx_word' id='word_1_771' title='bbox 3443 4864 3546 4905; x_wconf 89' lang='lat' dir='ltr'><strong>nec</strong></span> 
     </span>
    </p>
   </div>
   <div class='ocr_carea' id='block_1_105' title="bbox 1950 4940 3581 5043">
    <p class='ocr_par' dir='ltr' id='par_1_105' title="bbox 1950 4940 3581 5043">
     <span class='ocr_line' id='line_1_105' title="bbox 1950 4940 3581 5043; baseline 0.002 -49"><span class='ocrx_word' id='word_1_772' title='bbox 1950 4941 2108 4995; x_wconf 88' lang='lat' dir='ltr'><strong>aliter</strong></span> <span class='ocrx_word' id='word_1_773' title='bbox 2135 4940 2205 4995; x_wconf 88' lang='lat' dir='ltr'><strong>ab</strong></span> <span class='ocrx_word' id='word_1_774' title='bbox 2235 4957 2300 4997; x_wconf 93' lang='lat' dir='ltr'><strong>eo</strong></span> <span class='ocrx_word' id='word_1_775' title='bbox 2323 4940 2445 5012; x_wconf 91' lang='lat' dir='ltr'><strong>ipso</strong></span> <span class='ocrx_word' id='word_1_776' title='bbox 2466 4940 2772 5012; x_wconf 86' lang='lat' dir='ltr'><strong>judicatur,</strong></span> <span class='ocrx_word' id='word_1_777' title='bbox 2803 4956 3084 5012; x_wconf 89' lang='lat' dir='ltr'><strong>nunquam</strong></span> <span class='ocrx_word' id='word_1_778' title='bbox 3114 4941 3204 4996; x_wconf 92' lang='lat' dir='ltr'><strong>ille</strong></span> <span class='ocrx_word' id='word_1_779' title='bbox 3225 4941 3373 5013; x_wconf 89' lang='lat' dir='ltr'><strong>quod</strong></span> <span class='ocrx_word' id='word_1_780' title='bbox 3403 4958 3581 5043; x_wconf 57' lang='grc' dir='ltr'><strong>υνδε-Ι,-</strong></span> 
     </span>
    </p>
   </div>
   <div class='ocr_carea' id='block_1_106' title="bbox 1948 5036 3565 5120">
    <p class='ocr_par' dir='ltr' id='par_1_106' title="bbox 1948 5036 3565 5120">
     <span class='ocr_line' id='line_1_106' title="bbox 1948 5036 3565 5120; baseline 0 -29"><span class='ocrx_word' id='word_1_781' title='bbox 1948 5038 2097 5092; x_wconf 87' lang='lat' dir='ltr'><strong>clare</strong></span> <span class='ocrx_word' id='word_1_782' title='bbox 2124 5038 2368 5109; x_wconf 79' lang='lat' dir='ltr'><strong>genitum</strong></span> <span class='ocrx_word' id='word_1_783' title='bbox 2400 5044 2507 5103; x_wconf 90' lang='lat' dir='ltr'><strong>est,</strong></span> <span class='ocrx_word' id='word_1_784' title='bbox 2542 5037 2841 5108; x_wconf 81' lang='lat' dir='ltr'><strong>ingenitum</strong></span> <span class='ocrx_word' id='word_1_785' title='bbox 2880 5036 3060 5092; x_wconf 81' lang='lat' dir='ltr'><strong>facere</strong></span> <span class='ocrx_word' id='word_1_786' title='bbox 3089 5036 3269 5092; x_wconf 88' lang='lat' dir='ltr'><strong>volet:</strong></span> <span class='ocrx_word' id='word_1_787' title='bbox 3301 5036 3565 5120; x_wconf 55' lang='lat' dir='ltr'><strong>quandoej</strong></span> 
     </span>
    </p>
   </div>
   <div class='ocr_carea' id='block_1_107' title="bbox 1948 5127 3546 5199">
    <p class='ocr_par' dir='ltr' id='par_1_107' title="bbox 1948 5127 3546 5199">
     <span class='ocr_line' id='line_1_107' title="bbox 1948 5127 3546 5199; baseline 0.001 -17"><span class='ocrx_word' id='word_1_788' title='bbox 1948 5129 2165 5199; x_wconf 88' lang='lat' dir='ltr'><strong>quidem</strong></span> <span class='ocrx_word' id='word_1_789' title='bbox 2204 5128 2281 5183; x_wconf 85' lang='lat' dir='ltr'><strong>ita</strong></span> <span class='ocrx_word' id='word_1_790' title='bbox 2331 5144 2392 5185; x_wconf 87' lang='lat' dir='ltr'><strong>se</strong></span> <span class='ocrx_word' id='word_1_791' title='bbox 2436 5144 2549 5184; x_wconf 88' lang='lat' dir='ltr'><strong>rem</strong></span> <span class='ocrx_word' id='word_1_792' title='bbox 2598 5129 2801 5183; x_wconf 89' lang='lat' dir='ltr'><strong>habere</strong></span> <span class='ocrx_word' id='word_1_793' title='bbox 2834 5128 3039 5183; x_wconf 92' lang='lat' dir='ltr'><strong>bonum</strong></span> <span class='ocrx_word' id='word_1_794' title='bbox 3079 5143 3225 5193; x_wconf 88' lang='lat' dir='ltr'><strong>esse,</strong></span> <span class='ocrx_word' id='word_1_795' title='bbox 3269 5128 3413 5186; x_wconf 78' lang='lat' dir='ltr'><strong>idem</strong></span> <span class='ocrx_word' id='word_1_796' title='bbox 3453 5127 3546 5184; x_wconf 89' lang='lat' dir='ltr'><strong>ille</strong></span> 
     </span>
    </p>
   </div>
   <div class='ocr_carea' id='block_1_108' title="bbox 1947 5209 3561 5292">
    <p class='ocr_par' dir='ltr' id='par_1_108' title="bbox 1947 5209 3561 5292">
     <span class='ocr_line' id='line_1_108' title="bbox 1947 5209 3561 5292; baseline -0.002 -17"><span class='ocrx_word' id='word_1_797' title='bbox 1947 5235 2272 5292; x_wconf 88' lang='lat' dir='ltr'><strong>persuasum</strong></span> <span class='ocrx_word' id='word_1_798' title='bbox 2331 5219 2514 5275; x_wconf 87' lang='lat' dir='ltr'><strong>habet.</strong></span> <span class='ocrx_word' id='word_1_799' title='bbox 2560 5218 2928 5286; x_wconf 86' lang='lat' dir='ltr'><strong>Quamobrem</strong></span> <span class='ocrx_word' id='word_1_800' title='bbox 2966 5234 3094 5275; x_wconf 89' lang='lat' dir='ltr'><strong>cum</strong></span> <span class='ocrx_word' id='word_1_801' title='bbox 3131 5218 3262 5276; x_wconf 88' lang='lat' dir='ltr'><strong>boni</strong></span> <span class='ocrx_word' id='word_1_802' title='bbox 3296 5209 3561 5275; x_wconf 62' lang='lat' dir='ltr'><strong>conditio&#39;</strong></span> 
     </span>
    </p>
   </div>
   <div class='ocr_carea' id='block_1_109' title="bbox 1947 5313 3543 5386">
    <p class='ocr_par' dir='ltr' id='par_1_109' title="bbox 1947 5313 3543 5386">
     <span class='ocr_line' id='line_1_109' title="bbox 1947 5313 3543 5386; baseline 0.001 -19"><span class='ocrx_word' id='word_1_803' title='bbox 1947 5313 2098 5368; x_wconf 89' lang='lat' dir='ltr'><strong>nullo</strong></span> <span class='ocrx_word' id='word_1_804' title='bbox 2136 5313 2299 5369; x_wconf 90' lang='lat' dir='ltr'><strong>modo</strong></span> <span class='ocrx_word' id='word_1_805' title='bbox 2346 5322 2609 5378; x_wconf 87' lang='lat' dir='ltr'><strong>mutetur,</strong></span> <span class='ocrx_word' id='word_1_806' title='bbox 2644 5330 2758 5371; x_wconf 86' lang='lat' dir='ltr'><strong>non</strong></span> <span class='ocrx_word' id='word_1_807' title='bbox 2798 5314 2945 5385; x_wconf 90' lang='lat' dir='ltr'><strong>quod</strong></span> <span class='ocrx_word' id='word_1_808' title='bbox 2982 5313 3035 5372; x_wconf 92' lang='lat' dir='ltr'><strong>id</strong></span> <span class='ocrx_word' id='word_1_809' title='bbox 3072 5315 3151 5371; x_wconf 89' lang='lat' dir='ltr'><strong>illi</strong></span> <span class='ocrx_word' id='word_1_810' title='bbox 3200 5313 3543 5386; x_wconf 77' lang='lat' dir='ltr'><strong>impossibile</strong></span> 
     </span>
    </p>
   </div>
   <div class='ocr_carea' id='block_1_110' title="bbox 1946 5406 3538 5480">
    <p class='ocr_par' dir='ltr' id='par_1_110' title="bbox 1946 5406 3538 5480">
     <span class='ocr_line' id='line_1_110' title="bbox 1946 5406 3538 5480; baseline -0.002 -17"><span class='ocrx_word' id='word_1_811' title='bbox 1946 5406 2039 5473; x_wconf 85' lang='lat' dir='ltr'><strong>sit,</strong></span> <span class='ocrx_word' id='word_1_812' title='bbox 2091 5406 2187 5463; x_wconf 89' lang='lat' dir='ltr'><strong>sed</strong></span> <span class='ocrx_word' id='word_1_813' title='bbox 2228 5406 2374 5480; x_wconf 88' lang='lat' dir='ltr'><strong>quod</strong></span> <span class='ocrx_word' id='word_1_814' title='bbox 2412 5408 2548 5463; x_wconf 90' lang='lat' dir='ltr'><strong>bene</strong></span> <span class='ocrx_word' id='word_1_815' title='bbox 2578 5406 2648 5462; x_wconf 88' lang='lat' dir='ltr'><strong>ad</strong></span> <span class='ocrx_word' id='word_1_816' title='bbox 2693 5424 2818 5465; x_wconf 86' lang='lat' dir='ltr'><strong>eum</strong></span> <span class='ocrx_word' id='word_1_817' title='bbox 2855 5409 3081 5467; x_wconf 89' lang='lat' dir='ltr'><strong>modum</strong></span> <span class='ocrx_word' id='word_1_818' title='bbox 3112 5408 3414 5466; x_wconf 88' lang='lat' dir='ltr'><strong>constituta</strong></span> <span class='ocrx_word' id='word_1_819' title='bbox 3444 5406 3538 5471; x_wconf 85' lang='lat' dir='ltr'><strong>sit,</strong></span> 
     </span>
    </p>
   </div>
   <div class='ocr_carea' id='block_1_111' title="bbox 1944 5497 3537 5570">
    <p class='ocr_par' dir='ltr' id='par_1_111' title="bbox 1944 5497 3537 5570">
     <span class='ocr_line' id='line_1_111' title="bbox 1944 5497 3537 5570; baseline 0.001 -18"><span class='ocrx_word' id='word_1_820' title='bbox 1944 5497 2122 5554; x_wconf 86' lang='lat' dir='ltr'><strong>bonus</strong></span> <span class='ocrx_word' id='word_1_821' title='bbox 2153 5500 2337 5570; x_wconf 89' lang='lat' dir='ltr'><strong>utique</strong></span> <span class='ocrx_word' id='word_1_822' title='bbox 2372 5499 2550 5558; x_wconf 81' lang='lat' dir='ltr'><strong>factus</strong></span> <span class='ocrx_word' id='word_1_823' title='bbox 2584 5516 2615 5556; x_wconf 86' lang='lat' dir='ltr'><strong>a</strong></span> <span class='ocrx_word' id='word_1_824' title='bbox 2645 5502 2797 5558; x_wconf 90' lang='lat' dir='ltr'><strong>nullo</strong></span> <span class='ocrx_word' id='word_1_825' title='bbox 2829 5501 2977 5560; x_wconf 89' lang='lat' dir='ltr'><strong>Deus</strong></span> <span class='ocrx_word' id='word_1_826' title='bbox 3013 5510 3120 5567; x_wconf 89' lang='lat' dir='ltr'><strong>est,</strong></span> <span class='ocrx_word' id='word_1_827' title='bbox 3151 5502 3294 5557; x_wconf 89' lang='lat' dir='ltr'><strong>bona</strong></span> <span class='ocrx_word' id='word_1_828' title='bbox 3327 5499 3537 5562; x_wconf 84' lang='lat' dir='ltr'><strong>itidem.</strong></span> 
     </span>
    </p>
   </div>
   <div class='ocr_carea' id='block_1_112' title="bbox 1941 5590 3540 5661">
    <p class='ocr_par' dir='ltr' id='par_1_112' title="bbox 1941 5590 3540 5661">
     <span class='ocr_line' id='line_1_112' title="bbox 1941 5590 3540 5661; baseline 0 -18"><span class='ocrx_word' id='word_1_829' title='bbox 1941 5604 2065 5660; x_wconf 88' lang='lat' dir='ltr'><strong>quae</strong></span> <span class='ocrx_word' id='word_1_830' title='bbox 2103 5590 2172 5645; x_wconf 89' lang='lat' dir='ltr'><strong>ab</strong></span> <span class='ocrx_word' id='word_1_831' title='bbox 2208 5606 2275 5647; x_wconf 89' lang='lat' dir='ltr'><strong>eo</strong></span> <span class='ocrx_word' id='word_1_832' title='bbox 2312 5600 2441 5647; x_wconf 92' lang='lat' dir='ltr'><strong>sunt</strong></span> <span class='ocrx_word' id='word_1_833' title='bbox 2476 5595 2531 5648; x_wconf 91' lang='lat' dir='ltr'><strong>in</strong></span> <span class='ocrx_word' id='word_1_834' title='bbox 2560 5595 2755 5651; x_wconf 89' lang='lat' dir='ltr'><strong>ordine</strong></span> <span class='ocrx_word' id='word_1_835' title='bbox 2785 5610 2886 5652; x_wconf 88' lang='lat' dir='ltr'><strong>suo</strong></span> <span class='ocrx_word' id='word_1_836' title='bbox 2920 5594 3085 5657; x_wconf 81' lang='lat' dir='ltr'><strong>facta.</strong></span> <span class='ocrx_word' id='word_1_837' title='bbox 3128 5593 3348 5648; x_wconf 89' lang='lat' dir='ltr'><strong>tametsi</strong></span> <span class='ocrx_word' id='word_1_838' title='bbox 3384 5591 3540 5661; x_wconf 76' lang='lat' dir='ltr'><strong>inge-</strong></span> 
     </span>
    </p>
   </div>
   <div class='ocr_carea' id='block_1_113' title="bbox 1943 5679 3540 5752">
    <p class='ocr_par' dir='ltr' id='par_1_113' title="bbox 1943 5679 3540 5752">
     <span class='ocr_line' id='line_1_113' title="bbox 1943 5679 3540 5752; baseline 0.004 -18"><span class='ocrx_word' id='word_1_839' title='bbox 1943 5680 2042 5735; x_wconf 88' lang='lat' dir='ltr'><strong>niti</strong></span> <span class='ocrx_word' id='word_1_840' title='bbox 2091 5680 2457 5752; x_wconf 88' lang='lat' dir='ltr'><strong>appellatione</strong></span> <span class='ocrx_word' id='word_1_841' title='bbox 2500 5693 2746 5741; x_wconf 88' lang='lat' dir='ltr'><strong>careant.</strong></span> <span class='ocrx_word' id='word_1_842' title='bbox 2789 5684 2907 5741; x_wconf 86' lang='lat' dir='ltr'><strong>Non</strong></span> <span class='ocrx_word' id='word_1_843' title='bbox 2953 5685 3097 5741; x_wconf 89' lang='lat' dir='ltr'><strong>enim</strong></span> <span class='ocrx_word' id='word_1_844' title='bbox 3145 5690 3364 5741; x_wconf 85' lang='lat' dir='ltr'><strong>creatos</strong></span> <span class='ocrx_word' id='word_1_845' title='bbox 3408 5679 3540 5736; x_wconf 81' lang='lat' dir='ltr'><strong>deos</strong></span> 
     </span>
    </p>
   </div>
  </div>
