3988 6404
545 391 646 450 551

546 506 814 571 condidit,
846 516 903 561 ut
939 505 1170 560 alterum
1193 519 1318 560 cum
1348 504 1522 559 altero
1547 512 1924 574 comparatum
1955 506 2137 576 appel-

549 600 755 655 latione
786 600 904 671 ipsa
949 600 1253 668 superioris
1300 612 1467 667 supra
1516 597 1831 651 inferiorem
1859 598 2132 652 excellen-

547 695 703 759 tiam,
747 708 870 763 qua:
913 692 1062 746 nulla
1103 691 1464 762 appellatione
1503 687 1891 759 comprehendi
1935 695 2132 757 potest.

546 785 805 840 obscuret
841 794 896 840 et
942 784 1276 855 exstinguat.
1331 782 1465 838 Nam
1501 782 1547 838 si
1583 781 1722 837 Deus
1753 782 1891 835 alter
1923 797 1953 834 a
1986 781 2137 836 nullo

551 877 750 940 lactus,
783 877 922 931 alter
950 875 1131 930 factus
1156 887 1262 940 est,
1287 889 1413 928 cum
1446 873 1594 930 nulla
1629 872 1702 927 sit
1734 872 1877 926 inter
1907 879 2136 928 naturas

547 968 884 1033 communio,
925 967 1039 1022 ﬁeri
1072 983 1178 1020 non
1211 974 1412 1037 potest,
1454 974 1514 1019 ut
1549 963 1852 1019 secundum
1883 973 2135 1017 naturam

549 1060 790 1113 nominis
839 1058 986 1112 illius
1030 1058 1350 1128 dignitatem
1390 1071 1737 1111 communem
1775 1055 1993 1120 habeat,
2029 1051 2138 1109 nisi

549 1151 688 1206 forte
719 1151 982 1205 abusione
1016 1150 1250 1220 quadam
1305 1157 1359 1205 et
1393 1150 1590 1220 gratia,
1630 1149 1734 1203 hoc
1782 1155 1867 1204 est
1914 1148 2139 1218 partici-

551 1245 772 1315 patione
797 1244 1052 1313 quadam.
1079 1242 1192 1295 ﬁeri
1222 1241 1458 1304 dicatur,
1490 1248 1548 1294 ut
1571 1239 1843 1309 ejusmodi
1872 1239 2140 1295 beneﬂcio

555 1335 869 1391 inferiorem
898 1333 1050 1389 dives
1080 1335 1299 1390 alliciat.
1328 1333 1464 1387 Nam
1502 1333 1592 1388 ille
1615 1333 1835 1404 quidem
1871 1334 1975 1389 sibi
2001 1349 2140 1387 nun-

551 1443 714 1499 quam
743 1427 1044 1497 superioris
1068 1441 1264 1481 nomen
1292 1425 1634 1494 imposuerit,
1663 1432 1721 1480 ut
1747 1425 1841 1496 qui
1872 1441 1933 1482 se
1953 1426 2023 1480 ab
2047 1425 2139 1480 illa

547 1530 758 1576 natura:
809 1520 1074 1590 dignitate
1120 1518 1594 1588 appellationeque
1640 1518 1880 1572 alienum
1912 1533 2139 1588 prorsus

474 1627 478 1636 ·
546 1613 835 1683 intelligat.
873 1611 1016 1665 Sane
1041 1609 1198 1675 illud,
1228 1625 1262 1665 ο
1296 1609 1439 1672 Aeli,
1472 1609 1669 1663 merito
1694 1608 1790 1662 tibi
1815 1607 2014 1678 aliquis
2036 1608 2138 1663 ob-

541 1706 771 1776 iecerit:
831 1703 973 1757 Deus
1000 1711 1116 1757 erat
1147 1699 1413 1756 Vcrbum‘
1435 1741 1451 1766 ,
1497 1715 1676 1769 neque
1705 1696 1946 1754 Verbum
1995 1697 2140 1754 Deus

546 1800 749 1852 factum
769 1806 875 1852 est.
893 1793 1130 1861 Quinam
1153 1807 1286 1848 vero
1302 1791 1700 1846 nobilissimam
1724 1789 2137 1860 appellationem

545 1899 741 1944 natura
776 1888 880 1944 sibi
913 1879 1237 1951 vindicabit,
1269 1893 1364 1938 aut
1386 1883 1695 1953 aequabitur
1722 1881 1895 1946 Patri,
1927 1883 1973 1939 si
2002 1882 2132 1952 quid

545 1981 612 2036 ad
645 1981 849 2037 Christi
897 1979 1220 2050 dignitatem
1267 1974 1612 2032 accesserit?
1651 1973 1816 2045 935
1865 1976 1970 2028 Aut
1999 1974 2132 2029 illud

545 2087 778 2141 quanam
812 2071 1024 2124 ratione
1053 2068 1328 2138 amputari
1372 2067 1593 2138 poterit,
1653 2067 1792 2120 Deus
1835 2075 1972 2128 erat.
2005 2081 2132 2121 euut

543 2179 668 2224 vox,
685 2171 822 2224 erat,
846 2161 1054 2216 nullum
1081 2161 1162 2215 vel
1176 2159 1508 2216 levissimam
1528 2159 1788 2230 temporis
1807 2158 2130 2214 divisionem

545 2254 846 2308 admittat?
876 2251 1114 2308 Proinde
1132 2251 1277 2307 scire
1301 2261 1358 2307 te
1390 2252 1523 2308 illud
1553 2259 1793 2322 oportet,
1829 2251 1998 2307 Deum
2028 2251 2136 2306 ini-

545 2347 622 2399 tio
648 2353 948 2410 carentem,
983 2351 1037 2399 et
1068 2357 1098 2397 a
1138 2343 1290 2398 nullo
1325 2342 1529 2398 factum
1559 2342 1794 2400 similem
1821 2341 1926 2398 sibi
1960 2343 2128 2398 Deum

541 2453 571 2490 a
620 2437 804 2506 seipso
847 2434 1107 2505 genuisse
1165 2433 1412 2504 adeoque
1446 2433 1504 2487 in
1553 2433 1813 2488 omnibus
1840 2432 2128 2502 aequalem.

540 2527 712 2595 Quem
741 2525 962 2596 quidem
996 2525 1220 2580 minime
1247 2539 1467 2580 creasse
1490 2524 1715 2589 dicitur,
1737 2539 1826 2591 ne,
1847 2524 1892 2580 si
1909 2532 2130 2580 creatus

539 2626 690 2673 esset
735 2618 968 2688 ideoque
1032 2617 1318 2674 dissimilis
1358 2615 1519 2681 foret,
1571 2615 1912 2682 diversitate,
1953 2615 2133 2670 varie-

540 2719 765 2780 tateque
819 2724 919 2765 sua
978 2707 1074 2765 Dei
1127 2707 1545 2779 appellationem
1590 2723 1621 2762 e
1664 2705 1845 2761 medio
1894 2706 2128 2760 tolleret.

541 2802 758 2858 Etenim
783 2801 899 2858 ﬁeri
932 2815 1041 2856 nou
1063 2807 1284 2872 potest,
1327 2807 1386 2854 ut
1423 2801 1516 2870 qui
1543 2805 1769 2870 generat
1809 2797 2131 2853 dissimilem

541 2893 628 2949 sui
687 2892 1124 2965 inacqualemque
1157 2890 1448 2961 producat,
1482 2897 1577 2944 aut
1623 2895 1684 2942 ut
1726 2888 1947 2958 genitus
1971 2901 2134 2958 gene-

541 2985 717 3041 rantis
752 2986 824 3041 sit
852 2984 1164 3041 dissimilis.
1201 2981 1474 3049 Quocirca
1505 2981 1811 3036 naturalem
1844 2979 2134 3050 utriusque

541 3077 883 3132 identitatem
929 3077 1128 3132 retinet
1174 3074 1252 3139 id,
1294 3073 1441 3144 quod
1470 3071 1786 3143 evangelico
1817 3073 2132 3128 testimonio

1967 385 2024 440 5.
2069 383 2406 442 El’lPllANll

3655 389 3736 446 552

2167 517 2209 571 Α
2241 508 2620 580 άκοινωνήτων
2650 507 2829 563 οὐσῶν
2846 547 2862 572 ,
2889 504 3152 561 ἀδύνατόν
3175 505 3290 558 ἐστι
3315 503 3612 574 κοινωνῆσαι
3631 508 3738 561 καιᾶ

2237 600 2398 670 φύσιν
2424 601 2502 673 τῷ
2532 603 2626 656 τοῦ
2655 603 2919 674 ὀνόματος
2947 599 3238 672 ἀξιώματι,
3272 597 3386 651 ἀλλ’
3419 597 3464 650 εί
3498 597 3590 668 άρα
3614 615 3742 653 κατα-

2235 697 2502 767 χρηστικῇ
2528 712 2634 749 τινι
2664 695 2871 766 χάριτι,
2893 693 2988 747 καὶ
3015 691 3147 746 αὐτὸ
3172 692 3313 745 κατὰ
3342 689 3656 760 συμμετοχὴν
3674 689 3744 743 τοῦ

2235 785 2491 839 πλουσίου
2536 786 2896 859 χαριζομένου
2937 783 3016 856 τῷ
3055 784 3262 854 ἧσσονι.
3299 781 3358 836 '0
3395 781 3450 834 δὲ
3489 780 3648 851 ἥσσων
3673 780 3748 835 οὐκ

2235 877 2302 932 άν
2330 894 2460 930 ποτε
2493 880 2573 941 είς
2613 878 2676 931 τὸ
2701 876 2797 931 τοῦ
2830 876 3075 949 μείζονος
3118 874 3290 944 ὄνομα
3322 871 3506 926 ἑαυτὸν
3531 869 3748 935 καλέσειε,

2237 969 2554 1023 παντάπασι
2575 967 2862 1037 γινώσκων
2885 967 3165 1038 ἀλλότριον
3187 964 3382 1019 ἑαυτὸν
3406 964 3527 1017 ὂντα
3547 962 3630 1016 τοῦ
3643 963 3750 1016 κατὰ

2239 1060 2399 1130 φύσιν
2430 1059 2740 1133 ἀξιώματός
2771 1079 2831 1114 τε
2864 1061 2960 1115 καὶ
2991 1060 3274 1130 ὀνόματος,
3316 1056 3495 1122 Λέξειε
3539 1055 3578 1108 δ’
3612 1055 3665 1108 ἄν
3691 1055 3751 1117 τίς

2241 1171 2344 1217 σοι,
2369 1147 2412 1206 ὦ
2443 1153 2634 1216 ’Δέτιε,
2666 1153 2746 1215 τὸ,
2773 1152 2917 1218 Θεὸς
2944 1147 3023 1222 ἦν
3051 1154 3084 1205 ό
3104 1151 3296 1220 Λόγος
3315 1165 3329 1178 ·
3367 1147 3459 1201 καὶ
3473 1146 3564 1199 οὐκ
3589 1144 3754 1213 ἐγένετο

2238 1247 2372 1310 Θεὸς
2389 1248 2417 1300 ὁ
2439 1245 2629 1314 Λόγος.
2645 1245 2771 1309 Πῶς
2793 1245 2904 1310 ἕξει
2932 1245 2992 1298 τὸ
3020 1242 3162 1298 κατὰ.
3185 1241 3348 1311 φύσιν
3376 1240 3471 1310 τῆς
3493 1236 3723 1306 εὐγενείας
3737 1235 3753 1267 ⁸

2238 1338 2430 1409 ὄνομα.
2465 1337 2500 1408 ἢ
2534 1337 2652 1400 πῶς
2688 1336 3036 1407 ίσωθήσεται,
3068 1334 3228 1405 εἴπερ
3273 1349 3328 1386 τι
3369 1331 3550 1400 γέγονε
3591 1327 3658 1399 τῷ
3688 1326 3755 1380 τοῦ

2240 1429 2479 1503 Χριστοῦ
2502 1427 2807 1500 άξιὼματι;
2829 1429 2899 1482 Ἦ
2917 1427 3034 1490 πῶς
3049 1427 3130 1491 τὸ,
3156 1426 3302 1492 Θεὸς
3318 1420 3415 1495 ἦν,
3429 1422 3755 1490 ὲκκοπήσεται,

2239 1522 2431 1592 χρόνου
2449 1522 2524 1592 μὴ
2552 1520 2935 1592 ἐπιδεχομένου
2949 1519 3044 1574 τοῦ
3070 1515 3148 1590 ἦν
3175 1519 3439 1590 διαίρεσιν
3461 1510 3756 1586 ἐργάσασθαι,

2239 1612 2345 1666 κᾶν
2368 1613 2426 1664 ὲν
2451 1611 2529 1683 τῷ
2558 1612 2807 1682 τυχόντι;
2847 1611 3040 1685 Γνὼσῃ
3077 1612 3154 1674 δὲ,
3182 1611 3265 1664 ὅτι
3296 1605 3668 1680 άναρχοςΘεδςν
3686 1602 3755 1655 καὶ

2239 1703 2534 1772 άγέννητος
2551 1703 2685 1770 Θεὸς
2706 1703 2996 1774 ὶγέννησεν
3007 1704 3066 1770 ἐξ
3084 1701 3250 1756 αὐτοῦ
3272 1701 3405 1754 Θεὸν
3418 1701 3589 1770 ὅμοιον
3605 1691 3757 1764 ἑαυτῷ,

2240 1796 2302 1850 οὐ
2331 1796 2511 1867 μόνον,
2527 1795 2665 1850 άλλά
2683 1795 2779 1850 καὶ
2802 1797 2917 1849 ἴσον
2945 1795 3087 1849 κατά
3117 1795 3318 1849 πάντα.
3339 1792 3450 1845 Καὶ
3465 1791 3560 1843 οὐκ
3575 1787 3759 1848 ῐκτισεν,

2166 1871 2207 1926 Β
2237 1889 2322 1943 ἵνα
2368 1887 2472 1959 μὴ,
2505 1888 2760 1960 ἀνόμοιος
2799 1888 2829 1942 ό
2867 1887 3108 1950 κτισθεὶς
3139 1885 3452 1957 γενόμενος,
3479 1881 3686 1952 ἀφανέσι
3720 1877 3762 1930 τδ

2235 1979 2330 2033 τοῦ
2356 1979 2501 2048 Θεὸς
2526 1979 2698 2052 ὄνομα
2726 1979 2813 2033 διὰ
2835 1979 2934 2051 τῆς
2962 1977 3300 2042 διαστάσεως
3327 1976 3426 2048 τῆς
3446 1971 3760 2047 παραλλαγῆςο

2247 2071 2531 2126 Ἀδύνατον
2573 2072 2683 2145 γὰρ
2729 2071 2822 2126 τὸν
2874 2069 3150 2140 γεννῶντα
3203 2069 3458 2140 ἀνόμοιον
3500 2067 3587 2120 καὶ
3625 2063 3762 2117 ἄνισον

2233 2163 2428 2234 γεννᾷν
2468 2162 2686 2228 ἑαυτοῦ,
2719 2162 2814 2216 καὶ
2843 2162 2936 2216 τὸν
2963 2161 3367 2232 γεγεννημένον
3395 2157 3629 2228 ἀνόμοιον
3659 2149 3760 2207 εἶναι

2233 2250 2326 2304 τοῦ
2363 2251 2780 2323 γεγεννηκότος.
2804 2249 2896 2305 Διὸ
2929 2245 3164 2304 ἐνταῦθα
3191 2248 3548 2320 περιλήψεται
3567 2244 3655 2314 τῆς
3669 2259 3762 2295 ταν·

2231 2340 2455 2412 τότητος
2497 2342 2558 2396 τὸ
2603 2341 2748 2396 κατὰ
2789 2341 2953 2412 φύσιν
2999 2341 3058 2408 ἐξ
3093 2338 3460 2409 εὐαγγελικῆς
3495 2334 3760 2408 μαρτυρίας.

2235 2433 2318 2486 ὅτι
2339 2431 2544 2486 Πάντα
2572 2433 2644 2486 τὰ
2667 2432 2772 2488 τοῦ
2805 2432 3034 2501 Πατρός
3056 2431 3169 2501 ἐμά
3199 2432 3357 2499 ἐστι,
3387 2429 3642 2484 τουτέστι·
3667 2424 3761 2486 Θεὸς

2237 2525 2266 2577 ὁ
2299 2523 2523 2596 Πατὴρ,
2563 2523 2695 2588 Θεὸς
2727 2522 2841 2592 ἐγώ
2866 2538 2882 2552 ⁸
2926 2522 3039 2592 ζωὴ
3073 2523 3102 2576 ό
3134 2523 3326 2594 Πατὴρ
3353 2563 3368 2588 ,
3405 2519 3515 2592 ζωὴ
3548 2516 3666 2587 ὲγὼσ
3696 2515 3764 2567 καὶ

2235 2616 2307 2670 τὰ
2326 2615 2477 2687 ἑξῆς,
2497 2616 2678 2670 πάντα
2704 2615 2806 2668 ὅσα
2827 2613 3030 2686 πρέπει
3057 2614 3254 2685 Πατρὶ,
3285 2614 3382 2666 καὶ
3411 2611 3540 2682 Υἱῷ,
3561 2611 3640 2662 καὶ
3661 2606 3762 2675 ἁγίῳ

2239 2706 2517 2778 Πνεύματι
2563 2708 2620 2760 ὲν
2657 2707 2758 2778 μιᾷ
2798 2705 3048 2776 θεότητι,
3083 2705 3252 2776 μηδὲν
3305 2705 3404 2776 τῆς
3433 2703 3642 2775 Τριάδος
3663 2715 3763 2768 περ·

2238 2796 2580 2868 ηλλαγμένον
2645 2796 2909 2868 ἐχούσης·
2984 2795 3171 2866 σαφῶς
3224 2797 3361 2866 ἡμῖν
3421 2793 3650 2865 ἀνάρχως
3698 2787 3765 2840 καὶ

2237 2893 2481 2964 ἀχρόνως
2512 2893 2606 2947 τοῦ
2629 2891 2997 2947 ἑνυποστάτου
3030 2891 3206 2961 Λόγου
3235 2888 3334 2944 τοῦ
3360 2889 3583 2959 Πατρὸς,
3605 2884 3680 2938 καὶ
3697 2879 3765 2935 τώ

2237 2984 2605 3039 ὲνυποστάτου
2653 2983 2974 3055 Πνεύματος
3011 2982 3106 3037 τοῦ
3153 2982 3314 3052 ἁγίου
3346 2983 3410 3036 ὲκ
3443 2979 3635 3050 Πατρὺς
3655 3015 3668 3039 ,
3699 2972 3767 3026 καὶ

2235 3075 2328 3128 τὸν
2361 3075 2457 3130 τοῦ
2489 3075 2642 3142 Υίοῦ,
2697 3075 2856 3150 ημῶν
2887 3077 2948 3129 ὲν
2995 3073 3196 3145 γνώσει
3253 3073 3440 3146 τελείᾳ
3487 3065 3768 3145 itaqu-hopi-

541 3172 741 3234 lertur,
777 3170 830 3224 in
863 3185 975 3240 quo
1001 3169 1075 3224 ita
1107 3169 1374 3239 scriptum
1405 3175 1490 3223 est
1515 3184 1528 3222 :
1573 3164 1768 3221 Omnia
1796 3181 1915 3236 quo:
1943 3164 2128 3220 Patris
2156 3160 2203 3224 C
2231 3184 2347 3222 νου.

539 3270 664 3314 sunt
698 3277 814 3315 mea
842 3263 1025 3326 sunt',
1059 3261 1164 3314 hoc
1195 3267 1302 3325 est,
1331 3257 1473 3313 Deus
1497 3265 1583 3315 est
1609 3255 1788 3324 Pater,
1815 3271 1918 3326 ego
1957 3257 2145 3314 itidem
2219 3257 2400 3326 Deus;
2461 3259 2574 3314 vita
2608 3271 2695 3315 est
2748 3258 2931 3326 Pater,
2983 3273 3085 3332 ego
3124 3257 3292 3314 etiam
3339 3255 3482 3321 vita;
3525 3261 3575 3310 et
3619 3256 3766 3306 caetera

538 3351 705 3409 omni.
778 3367 899 3421 quae
925 3350 1098 3430 Patri,
1123 3349 1279 3405 ‘Filio
1304 3359 1358 3405 et
1381 3348 1610 3421 Spiritui
1638 3358 1832 3404 sancto
1856 3349 1911 3404 in
1949 3364 2059 3403 una
2089 3349 2378 3406 divinitate
2403 3352 2759 3417 conveniunt,
2792 3367 2918 3406 eum
2953 3351 3089 3405 nihil
3123 3349 3198 3406 sit
3246 3352 3304 3405 in
3333 3347 3595 3404 Trinitate
3638 3342 3768 3398 diver-

540 3458 750 3508 sum,a.
789 3443 1079 3499 manifeste
1100 3444 1262 3499 nobis
1287 3442 1646 3499 subsistentis
1671 3441 1794 3497 sine
1825 3441 1938 3496 ullo
1963 3441 2124 3495 initio
2182 3455 2248 3496 ac
2291 3450 2560 3514 tempore,
2595 3443 2808 3514 paterni
2851 3441 3016 3498 Verbi
3069 3457 3133 3496 ae
3161 3441 3420 3497 similiter
3474 3430 3767 3494 subsistentit

539 3535 781 3606 Spiritus
827 3535 1046 3599 sancti,
1097 3534 1198 3606 qui
1271 3549 1341 3590 ex
1390 3533 1554 3590 Patre
1608 3532 1846 3604 Filiique
1912 3533 2154 3604 propriis
2203 3535 2404 3603 oritur,
2455 3535 2699 3607 perlecta
2753 3535 2915 3591 nobis
2967 3534 3152 3590 oblata
3209 3534 3458 3606 cognitio
3531 3530 3598 3588 sit
3647 3533 3767 3595 atque

541 3627 692 3682 omni
725 3627 939 3681 ratione
968 3626 1207 3680 ﬁrmata.

1063 3737 1247 3793 ΔΕΤΙΙ
1285 3737 1516 3794 CAPUT
1545 3736 1610 3792 ll.

614 3826 674 3881 Si
720 3825 1036 3896 unigenitus
1068 3827 1213 3881 Deus
1243 3842 1411 3883 causa
1459 3835 1545 3882 est
1582 3827 1733 3882 omni
1767 3829 2139 3897 praestantior,

541 3919 648 3976 erit
669 3920 833 3974 etiam
864 3917 1359 3989 generatioueipsa
1386 3919 1754 3988 praestantior.
1789 3919 1870 3982 Si,
1895 3921 2139 3990 inquam,

451 4023 472 4050 π
542 4008 728 4063 causis
771 4009 1032 4063 omnibus
1065 4009 1395 4074 iantecellit,
1449 4011 1790 4078 generationi
1845 4011 2140 4066 identidem

544 4099 855 4155 antecellet.
889 4098 1077 4168 Neque
1103 4098 1251 4154 enim
1275 4106 1370 4153 aut
1394 4099 1463 4154 ab
1485 4101 1654 4156 altera
1680 4111 1876 4156 natura
1909 4110 1969 4157 ut
1995 4109 2142 4159 esset

542 4194 777 4266 accepit,
813 4200 908 4247 aut
938 4192 1072 4247 illud
1105 4193 1224 4263 ipse
1259 4192 1364 4248 sibi
1397 4193 1652 4246 contulit.

1129 4306 1445 4378 Canfutalio
1473 4306 1560 4364 11.

615 4398 674 4453 Si
716 4399 995 4468 ingenitus
1023 4412 1192 4454 causa
1223 4407 1308 4453 est
1336 4400 1484 4454 omni
1522 4400 1891 4470 praestantior,
1923 4399 1991 4454 ab
2018 4401 2140 4471 ipso

543 4505 710 4561 porro
737 4491 954 4562 genitus
983 4490 1129 4545 haud
1161 4489 1255 4544 illo
1278 4490 1443 4559 digne
1467 4491 1681 4561 genitus
1695 4501 1798 4553 est,
1825 4507 1925 4546 nec
1954 4507 2140 4562 aequa-

545 4581 636 4642 lis,
671 4589 726 4634 et
755 4587 936 4634 tamen
969 4580 1254 4634 excellenti
1288 4580 1379 4633 illa
1409 4579 1589 4636 Patris
1615 4581 1981 4652 appellatione
2007 4597 2138 4637 con-

547 4672 786 4731 tinetur.
836 4685 1107 4724 summam
1143 4671 1376 4741 genitori
1406 4672 1623 4741 genitus
1658 4673 2014 4744 ignominiam
2053 4674 2137 4728 af-

550 4763 673 4826 fert,
705 4763 798 4832 qui
832 4762 1080 4827 alterius,
1110 4777 1271 4832 quam
1297 4771 1497 4817 creatae
1526 4779 1614 4819 res
1645 4772 1876 4831 caeteras,
1902 4766 2138 4822 nominis

529 4853 814 4923 ’dignitale
851 4853 1108 4924 gaudeat,
1144 4869 1321 4924 neque
1352 4862 1410 4908 ut
1442 4863 1638 4910 caetera
1670 4855 1784 4920 illa,
1821 4872 1943 4926 qua:
1993 4855 2138 4912 facta

551 4949 698 5003 sunt,
744 4943 1016 4999 conditori
1052 4959 1153 4999 suo
1183 4946 1389 4998 eultuut
1441 4952 1495 5000 et
1540 4945 1807 5000 honoren
1855 4946 2137 5003 adhibeat.

552 5028 684 5085 Nam
717 5033 822 5084 alia
857 5035 1100 5103 quidem,
1137 5051 1258 5106 qua:
1301 5043 1460 5092 extra
1493 5036 1646 5092 illum
1678 5045 1830 5102 sunt,
1864 5038 2140 5093 conditori

552 5138 654 5176 suo
699 5122 870 5178 decus
922 5126 1297 5199 honoremque
1321 5130 1600 5193 tribuunt;
1653 5132 1741 5187 cui
1779 5147 1878 5188 nec
1912 5133 2144 5203 aequalia

553 5221 703 5282 sunt,
751 5231 853 5270 nec
889 5217 1080 5272 eadem
1113 5234 1238 5274 cum
1279 5223 1374 5278 illo
1419 5225 1784 5295 appellatione
1821 5235 2143 5292 censentur,

556 5303 652 5359 sed
698 5305 918 5362 servilis
968 5307 1301 5365 conditionis
1341 5322 1501 5378 sunt.
1551 5324 1715 5387 atque
1763 5317 1830 5370 ad
1866 5318 2146 5375 Creatoris

558 5397 783 5466 gloriam
823 5399 1120 5468 producta:
1153 5417 1261 5472 quo
1293 5404 1550 5461 nimirum
1581 5425 1649 5464 ex
1672 5409 1980 5466 illustribus
2013 5410 2143 5475 illis,

559 5496 611 5539 et
644 5491 878 5559 egregiis
908 5491 1030 5560 ejus
1057 5493 1149 5561 qui
1183 5492 1492 5552 illustribus
1528 5497 1680 5556 hisce
1708 5501 1873 5557 rebus
1905 5503 2145 5559 conditis

561 5582 812 5650 superior
852 5592 971 5650 est,
1007 5583 1330 5655 dignitatem
1390 5591 1879 5664 excellentiamque
1916 5611 2148 5666 propor-

561 5669 708 5724 tione
751 5675 988 5740 quadam
1035 5679 1490 5747 contemplemur.
1529 5681 1695 5756 936
1728 5685 1797 5740 At
1823 5702 1952 5742 vero
1983 5690 2142 5754 alter,

639 5781 652 5809 '
680 5778 845 5835 Joan.
875 5799 914 5847 ι.
951 5787 1001 5843 l.
1096 5790 1116 5820 ¹
1145 5788 1307 5846 Joan.
1341 5809 1454 5864 xvi,
1486 5797 1566 5852 l5.
1647 5797 1668 5828 ³
1694 5815 1784 5865 πρ.
1818 5799 2091 5868 ἀγενείοις.

2630 3737 2886 3790 ΑΕΤΙΟΥ
2923 3733 3330 3790 ΚΕΦΑΛΑΙΟΝ
3365 3736 3442 3791 B'.

2314 3828 2377 3880 Εί
2427 3826 2610 3897 πάσης
2655 3826 2836 3889 αίτίας
2883 3826 3148 3898 κρείττων
3180 3827 3419 3898 ὑπάρχει
3459 3827 3488 3881 ό
3533 3825 3767 3895 ἀγέννητος

2241 3917 2396 3982 Θεὸς,
2422 3917 2512 3972 διά
2543 3916 2700 3971 τοῦτο
2731 3917 2825 3970 καὶ
2857 3917 3125 3986 γενέσεως
3159 3919 3426 3989 κρείττων
3454 3919 3518 3973 ἂν
3544 3919 3637 3988 εῐη.
3660 3917 3708 3968 Et
3726 3913 3766 3966 δὲ

2243 4010 2508 4080 κρείττων
2541 4010 2660 4062 ἐστὶ
2686 4010 2867 4080 πάσης
2895 4010 3074 4074 αίτίας
3094 4049 3108 4073 ,
3139 4009 3387 4080 δηλονότι
3416 4011 3508 4065 καὶ
3534 4009 3764 4078 γενέσεως.

2241 4100 2380 4154 Οὔτε
2414 4101 2524 4171 γάρ
2553 4104 2683 4173 παρ’
2719 4103 2912 4174 ἐτέρας
2942 4101 3156 4172 φύσεως
3187 4103 3384 4175 εἴληφε
3422 4103 3482 4158 τὸ
3511 4098 3652 4165 εἶναι,
3675 4096 3764 4151 οὔτε

2240 4193 2406 4256 αὐτὸς
2433 4192 2613 4265 ἑαυτῷ
2642 4193 2704 4246 τδ
2737 4190 2875 4247 εἶναι
2907 4194 3173 4266 παρέσχε.

2823 4306 3145 4376 Ἆνατροπὴ
3187 4308 3266 4360 Β¹.

2311 4417 2375 4471 Εἰ
2421 4417 2602 4488 πάσης
2651 4417 2831 4482 αίτίας
2876 4418 3142 4489 κρείττων
3196 4418 3431 4490 ὑπάρχει
3466 4418 3493 4470 ό
3531 4414 3764 4484 ἁγέννητος

2239 4505 2392 4571 Θεὸς,
2428 4508 2457 4558 ὁ
2485 4507 2542 4561 δὲ
2580 4507 2838 4578 γεννητὸς
2872 4508 2931 4572 ἐξ
2980 4507 3145 4562 αὑτοῦ
3179 4509 3413 4574 ἀναξίως
3443 4505 3594 4561 αὑτοῦ
3616 4500 3761 4572 γεγένο

2173 4628 2216 4683 υ
2239 4614 2419 4668 νηται,
2460 4599 2556 4652 καὶ
2585 4600 2647 4652 οὑ
2679 4602 2798 4656 κατ’
2858 4601 3078 4671 ἰσότητα
3125 4602 3219 4655 καὶ
3260 4603 3320 4654 ὲν
3367 4601 3444 4670 τῷ
3474 4599 3560 4654 τοῦ
3599 4593 3761 4662 llas-pb;

2244 4689 2554 4760 npoxpttétp
2611 4689 2834 4760 ὀνόματι
2903 4689 3166 4761 ἕστηκεν
3230 4691 3454 4762 ἀτιμίαν
3501 4688 3571 4758 τῷ
3616 4698 3759 4754 γεγεν-

2243 4780 2430 4851 νηκότι
2474 4781 2537 4834 τὸ
2579 4781 2829 4852 γέννημα
2878 4785 3277 4853 περιποιεῖται,
3328 4783 3510 4854 ἑτέρου
3555 4777 3761 4847 ὀνόματος

2245 4869 2397 4940 παρὰ
2428 4872 2496 4926 τὰ
2524 4873 2787 4941 γεγονότα
2817 4872 3095 4943 κτίσματα
3124 4871 3246 4943 ἔχον
3269 4873 3330 4927 τὸ
3369 4874 3589 4942 ἀξίωμα,
3620 4868 3695 4920 καὶ
3715 4861 3758 4912 οὐ

2245 4961 2384 5014 κατὰ
2421 4962 2491 5015 τά
2525 4962 2788 5032 γεγονότα
2822 4963 2921 5036 τὴν
2971 4965 3134 5035 τιμὴν
3184 4965 3264 5034 τῷ
3300 4963 3602 5035 πεποιηκότι
3641 4970 3759 5025 περι·

2244 5051 2589 5124 ποιούμενον.
2652 5053 2734 5107 Τά
2794 5056 2892 5125 μὲν
2941 5055 3050 5126 γὰρ
3109 5056 3266 5120 ἐκτὸς
3323 5055 3481 5110 αὑτοῦ
3524 5052 3658 5116 δόξαν
3703 5038 3761 5110 τῷ

2242 5146 2519 5200 κεκτικότι
2546 5151 2935 5218 περιποιεῖται,
2963 5150 3062 5202 οὐκ
3085 5149 3213 5202 ὄντα
3240 5152 3329 5204 ῐσα
3350 5148 3426 5220 τῷ
3462 5138 3756 5214 πεποιηκότιι

2242 5235 2364 5290 οὐδὲ
2379 5237 2602 5307 ὀνόματι
2627 5239 2722 5293 τοῦ
2751 5240 3112 5311 πεποιηκότος
3138 5242 3442 5314 καλούμενα
3460 5283 3474 5306 ,
3497 5237 3616 5293 ἀλλὰ
3637 5229 3759 5286 δοῦλα

2244 5327 2512 5398 γενόμενα
2563 5332 2643 5394 εἰς
2687 5331 2845 5398 δόξαν
2887 5333 2980 5386 τοῦ
3032 5335 3388 5406 πεποιηκότος
3408 5374 3420 5395 ,
3451 5333 3532 5386 ἴνα
3557 5326 3648 5383 ἀπὸ
3676 5319 3756 5375 τᾶν

2244 5419 2470 5487 ἐνδόξων
2505 5421 2570 5474 ἐκ
2607 5421 2714 5474 τῶν
2751 5424 2891 5495 ὑπὲρ
2927 5425 2996 5478 τά
3021 5425 3206 5491 ἔνδοξα
3229 5426 3483 5498 γεγονότα
3507 5423 3560 5476 τὸ
3582 5431 3758 5491 προκρι-

2245 5511 2387 5578 τέον,
2436 5514 2527 5567 καὶ
2566 5513 2707 5585 ὑπὲρ
2741 5515 2882 5570 αὐτὰ
2922 5516 2982 5571 ὃν
3036 5518 3317 5588 ἀναλόγως
3359 5517 3631 5589 θεωρῆται’
3666 5500 3754 5560 ὁδὲ

2241 5602 2422 5656 οὐκέτι
2471 5605 2538 5675 τῇ
2583 5604 2790 5660 τούτων
2837 5607 3104 5680 ὀνομασίᾳ
3153 5609 3594 5682 κίκλησκόμενος,
3634 5598 3684 5667 τῇ
3712 5589 3756 5643 ὁὶ

2244 5696 2574 5767 προκριτέου
2599 5699 2977 5772 όαοουσιότητι
3015 5701 3079 5756 ὲκ
3113 5701 3206 5756 τοῦ
3234 5701 3480 5772 τετάχθαι
3503 5682 3752 5762 συνηνωμέσ
