3988 6440
149 412 258 469 ὓ57

829 401 1197 461 ADVERSUS
1234 401 1582 462 HERESES
1622 403 1750 460 LIB.
1789 403 1880 462 Ill.
1921 399 2088 466 TOM.
2131 408 2175 464 l.
2217 437 2283 447 —-
2309 404 2579 466 HERES.
2613 410 2843 467 LXXVI.

3300 419 3405 479 558

145 527 240 580 διὰ
284 525 347 580 τὸ
389 523 632 586 ἀσθενὲς,
666 520 801 577 ἀλλὰ
847 520 935 574 διὰ
965 521 1028 574 τὸ
1064 520 1506 599 ὑπερϐεϐηκέναι
1553 521 1728 576 πάντα

1834 523 1996 590 venit,
2031 539 2153 596 qua:
2210 525 2414 580 nullam
2463 526 2547 582 sui
2598 542 2822 584 causam
2875 525 3145 598 admittat,
3168 545 3291 590 non
3333 534 3406 594 ob

146 616 387 688 ἀριθμὸν
417 615 511 670 τὸν
546 614 605 680 ἐξ
651 614 752 666 ούκ
784 613 952 665 ὄντων
979 628 994 642 ’
1028 612 1158 682 μιᾶς
1205 610 1372 683 οὔσης
1402 612 1505 682 τῆς
1542 611 1730 684 eam-

144 726 242 773 τος
289 711 348 762 ὲν
397 708 478 760 ἐνὶ
520 707 744 776 ὀνόματι
793 703 1020 775 Τριάδος
1059 703 1488 774 ἀριθμουμένης,
1543 703 1638 758 καὶ
1671 703 1732 758 ὲν

148 801 255 871 μιᾷ
285 798 542 870 σφραγῖδι
572 796 849 866 ὀνομάτων
875 795 1090 864 Πατρὸς
1152 795 1246 848 καὶ
1290 793 1421 853 Υίοῦ
1450 793 1545 848 καὶ
1572 794 1728 864 ἁγίου

144 889 471 960 Πνεύματος
530 890 644 952 τοῖς
694 885 1080 957 φωτιζομένοις
1134 885 1577 958 κηρυττομένης,
1635 887 1731 940 καὶ

147 979 324 1050 μηδὲν
373 977 823 1050 παρηλλαγμένον
870 977 1072 1048 ἑαυτῆς
1115 977 1366 1048 ἐχούσης,
1397 976 1488 1031 διὰ
1527 977 1636 1032 τῶν
1669 977 1728 1031 έν

141 1071 383 1143 ἀληθείᾳ
443 1071 616 1140 λόγων
681 1070 904 1140 ἰσότητα
982 1069 1274 1142 ὀνομασίας
1340 1068 1692 1141 πληρούντων
1709 1107 1726 1135 ,

144 1164 370 1236 Πατρδς
418 1165 511 1219 καὶ
552 1161 684 1218 Υἱοῦ
732 1163 824 1216 καὶ
857 1162 1012 1232 ἁγίου
1051 1162 1386 1232 Πνεύματος.
1445 1163 1622 1234 "Egon;
1668 1161 1729 1214 δὲ

142 1252 340 1317 πάλιν,
372 1254 454 1308 ὅτι
485 1251 655 1306 Πόθεν
702 1251 770 1308 ἀν
819 1268 902 1315 τις
936 1249 1034 1322 τὴν
1083 1250 1394 1304 ὑποστᾶσαν
1444 1247 1581 1321 πρὸς
1629 1245 1728 1318 τὴν

142 1346 533 1418 ὑποστήσασαν
589 1343 786 1414 φύσιν,
825 1341 886 1395 τὸ
935 1341 1354 1430 ἀπαράλλακτον
1399 1341 1480 1403 εἰς
1537 1338 1727 1392 οὐσίαν

143 1437 296 1506 ἔχειν
337 1435 776 1505 συγχωρήσειεν,
805 1432 868 1485 ού
911 1427 1279 1504 προσιεμένης
1319 1430 1419 1504 τῆς
1471 1427 1728 1498 τοιαύτης

143 1524 504 1586 ὑποστάσεως
527 1522 776 1592 γένεσιν;
809 1521 918 1576 Καὶ
960 1519 1084 1575 οὔτε
1127 1519 1410 1589 νενόηκας,
1437 1519 1512 1583 ὡς
1536 1518 1728 1574 ἑαυτὸν

145 1614 521 1686 ἠλλοτρίωσας
579 1611 941 1682 ἀπογνώσεως
990 1609 1127 1666 Θεοῦ
1179 1610 1282 1681 τῆς
1334 1609 1611 1682 ἀληθείας,
1665 1608 1745 1662 ού·

145 1705 433 1776 Πνεύματι
462 1706 599 1775 ἁγίῳ
627 1706 695 1758 τὰ
735 1703 834 1775 τῆς
870 1702 1125 1774 ἀληθείας
1150 1701 1554 1772 διδασκόμενος,
1589 1699 1729 1754 ἀλλά

142 1796 314 1866 σοφίᾳ
357 1798 592 1867 κοσμικῇ
634 1797 700 1866 τῇ
749 1793 1095 1866 μωρανθείσῃ
1137 1791 1204 1846 τὰ
1247 1793 1360 1848 ἀνω
1404 1789 1728 1862 ἐμϐατεύειν

1834 612 1997 666 ullam
2028 613 2478 682 imbecillitatem,
2503 616 2596 672 sed
2626 617 2772 686 quod
2801 619 2868 676 iis
2896 621 3174 692 omnibus,
3192 639 3313 692 quae
3336 640 3402 682 ex

1831 704 2003 759 nihilo
2033 705 2176 762 facta
2200 717 2350 774 sunt,
2375 710 2682 764 antecellat.
2711 708 2978 766 Nimirum
3009 727 3117 768 una
3143 715 3405 776 divinitas
3497 699 3508 706 ’

1829 807 1937 862 est,
1979 813 2103 869 qua:
2148 799 2253 856 sub
2302 813 2413 853 una
2443 799 2730 859 Trinitatis
2786 805 3150 874 appellatione
3210 822 3435 868 nuuie-,

1830 894 2009 963 ratur,
2032 896 2089 946 et
2138 889 2194 944 in
2228 888 2430 956 Patris,
2455 884 2580 946 Filii
2631 906 2695 947 ac
2727 891 2964 963 Spiritus
3006 897 3182 952 sancti
3226 898 3409 952 nomi-

1829 956 2011 1046 iuius,
2045 981 2246 1050 quibus
2279 983 2427 1038 velut
2473 984 2738 1055 singulari
2769 956 2967 1056 aliquo
2997 986 3176 1057 sigillo
3217 987 3405 1044 lirma-

1828 1073 1976 1136 mbr,
2021 1072 2090 1126 iis
2117 1073 2212 1142 qui
2260 1073 2537 1144 baptismo
2585 1075 2874 1132 initiantur
2903 1077 3191 1148 praedicari
3223 1079 3404 1145 solet;

1831 1174 1895 1215 ac
1931 1161 2168 1232 denique
2211 1165 2351 1219 nihil
2393 1181 2424 1221 a
2462 1167 2646 1238 seipsa
2680 1167 2957 1223 diversum
2987 1170 3252 1236 continet,
3280 1186 3408 1227 cum

1829 1266 1860 1306 a
1895 1254 2124 1310 veritate
2153 1256 2410 1326 profecta:
2436 1258 2542 1314 illa:
2577 1273 2739 1316 voces
2783 1258 2986 1328 Patris,
3024 1250 3150 1316 Filii
3187 1269 3243 1318 et
3283 1260 3408 1334 Spi-

1828 1342 1970 1406 ritus
2021 1347 2224 1412 sancti,
2267 1348 2408 1418 ejus,
2454 1351 2601 1420 quod
2647 1350 2996 1421 signiﬁcant,
3042 1355 3410 1424 aequalitatem

1832 1435 2113 1506 impleant.
2143 1438 2300 1505 Quod
2327 1456 2459 1496 vero
2489 1441 2757 1511 subjicis:
2789 1442 2926 1508 Quis
2953 1445 3277 1510 productam
3309 1461 3410 1501 na-

1830 1532 2008 1581 turam
2045 1528 2112 1584 ab
2133 1543 2196 1583 ea
2221 1545 2346 1600 quae
2377 1531 2699 1603 produxerit
2723 1533 2890 1605 939
2916 1535 3050 1589 nihil
3082 1537 3137 1590 in
3162 1537 3402 1592 essentia

1799 1616 2170 1676 .discrimini‘s
2205 1621 2408 1678 habere
2454 1621 2737 1690 fatebitur,
2796 1641 2919 1680 cum
2963 1627 3231 1695 ejusmodi
3265 1629 3400 1684 sub-

1829 1711 2033 1766 stantia
2086 1713 2492 1784 generationem
2537 1730 2754 1771 omnem
2790 1718 3084 1774 excludat?
3121 1717 3241 1774 Non
3272 1720 3406 1775 illud

1832 1802 2248 1869 animadvertis,
2288 1817 2318 1858 a
2347 1804 2549 1861 divinae
2581 1806 2831 1864 veritatis
2874 1809 3187 1879 cognitione
3228 1817 3322 1865 tua
3356 1820 3412 1866 te

141 1887 513 1959 πειρώμενος.
571 1886 901 1951 Ἀκολούθως
938 1885 1047 1958 γὰρ
1103 1885 1194 1940 καὶ
1242 1883 1406 1947 αὐτὸς
1451 1882 1725 1948 ἀκούσεις,

1834 1892 1991 1964 culpa
2021 1894 2340 1962 abalienari,
2383 1902 2444 1952 ut
2473 1896 2567 1967 qui
2590 1911 2700 1952 non
2720 1912 2754 1952 a
2795 1897 3005 1968 Spiritu
3036 1910 3226 1958 sancto
3260 1903 3410 1958 veri-

143 1981 234 2034 ὂτι
286 1978 669 2052 μεματαίωταί
700 1995 804 2032 σοι’
843 1975 977 2034 Οἵδε
1002 1980 1113 2049 γὰρ
1155 1979 1188 2033 d
1237 1977 1382 2042 Θεὸς
1429 1974 1573 2041 τοὺς
1621 1977 1727 2028 λο-

141 2069 412 2140 γισμοὺς
461 2067 579 2122 τῶν
623 2067 850 2137 σοφῶν,
908 2067 1000 2122 ὅτι
1043 2065 1163 2122 εισι
1210 2065 1470 2135 μάταιοι.
1517 2064 1576 2117 '0
1619 2062 1729 2134 γὰρ

135 2160 357 2231 γεννῶν
386 2158 477 2214 τόν
496 2159 853 2213 ὲνυπόστατον
874 2158 1068 2226 Λόγον,
1099 2157 1213 2211 ἴσον
1237 2155 1416 2226 ἐαυτῷ
1445 2153 1724 2225 ἐγέννησε,

134 2253 240 2307 καὶ
260 2252 324 2305 ού
347 2251 797 2323 παρηλλαγμένον
824 2250 924 2322 τῆς
949 2247 1143 2303 ἑαυτοῦ
1165 2247 1432 2318 θεότητος,
1451 2246 1511 2300 ού
1529 2245 1617 2300 διὰ
1632 2243 1730 2316 τὴν

132 2341 237 2396 τοῦ
269 2342 612 2412 γεννήματος
644 2339 1016 2412 παραλλαγὴν,
1044 2337 1158 2393 ἀλλ’
1186 2338 1270 2392 ὅτι
1310 2336 1561 2410 ἀπρεπὲς
1589 2334 1728 2400 ὅλως

131 2434 206 2508 ἢν
219 2437 288 2490 τὸ
304 2435 652 2506 διανοηθῆναι
673 2436 818 2506 ἡμᾶς
846 2434 1063 2499 ἀνάξιον
1087 2432 1298 2488 ἑαυτὸν¹
1322 2433 1416 2486 καὶ
1435 2433 1618 2487 ἄνισον
1633 2430 1730 2485 καὶ

135 2526 532 2596 ὑποϐεϐηκότα
545 2525 638 2580 τοῦ
669 2527 989 2597 γεννήτορος
1011 2523 1398 2596 γεγεννηκέναι
1408 2522 1470 2586 τὸ
1487 2523 1731 2594 γέννημα

136 2616 311 2670 αὐτὸν
361 2614 454 2669 τὸν
491 2614 870 2685 γεγεννηκότα.
929 2614 1022 2666 Διὸ
1051 2613 1139 2668 διά
1191 2613 1286 2666 τοῦ
1321 2611 1452 2666 Υίοῦ
1500 2611 1597 2665 καὶ
1641 2613 1728 2665 ὲν-

144 2707 456 2761 υποστάτου
474 2705 645 2774 Λόγου
670 2704 740 2758 τὰ
765 2706 944 2759 πάντα
974 2704 1251 2774 γεγονέναι
1278 2702 1382 2774 ἐφη
1403 2719 1417 2733 ο
1454 2703 1541 2755 ἵνα
1568 2701 1731 2756 αὑτὸν

139 2801 245 2853 οὐκ
293 2799 408 2853 ἀπὺ
444 2799 552 2851 τῶν
603 2797 902 2867 γεγονότων
933 2795 1234 2868 ἀριθμήσῃ,
1279 2794 1394 2848 ἀλλ’
1440 2796 1498 2847 ἐν
1549 2793 1727 2865 Πατρὶ

133 2894 334 2965 ὅμοιον
367 2893 461 2946 καὶ
488 2891 600 2948 ἴσον
642 2891 791 2957 ὄντα,
829 2891 918 2945 διὰ
945 2889 1006 2944 τὸ
1040 2890 1361 2962 πμπρέπον
1393 2890 1460 2960 τῇ
1489 2886 1583 2940 τοῦ
1618 2888 1732 2942 Πα-

134 2985 277 3057 τρὸς
303 2983 573 3054 ὀνομασίᾳ
608 2977 768 3048 εἶναι,
801 2983 906 3037 κάεὶ
934 2982 1063 3035 ὅντα
1095 2981 1193 3053 τὴν
1227 2981 1417 3035 οὐσίαν
1467 2979 1546 3050 τῷ
1593 2981 1730 3045 δντι,

135 3076 204 3129 οὐ
240 3074 398 3139 ξένον
426 3074 574 3140 ὄντα,
609 3073 744 3127 ἀλλὰ
771 3074 1023 3145 γνήσιον,
1073 3073 1150 3137 ὡς
1179 3071 1310 3127 Υίὺν
1353 3071 1640 3140 ὀμοούσιον
1673 3070 1734 3136 ἐξ

134 3167 316 3222 αὑτοῦ
355 3165 773 3236 γεγεννημένον.

1832 1992 1997 2041 tatem
2029 1985 2110 2040 sis
2127 1985 2378 2050 edoctus,
2405 1986 2502 2042 sed
2534 1986 2727 2058 mundi
2756 1986 2923 2060 hujus
2952 1989 3218 2061 sapientia
3237 2031 3254 2060 ,
3287 2009 3410 2064 quae

1829 2073 1980 2130 fatua
2005 2075 2315 2148 stolidaque
2372 2077 2586 2132 reddita
2619 2085 2705 2136 est
2726 2079 2770 2144 ³,
2803 2080 3095 2146 subnixus,
3128 2082 3198 2138 ad
3236 2085 3404 2140 cmle-

1833 2164 1939 2220 stia
1987 2174 2038 2220 te
2087 2165 2390 2234 provehere
2429 2167 2674 2225 conaris.
2714 2167 2897 2235 Quare
2922 2184 3270 2242 consequens
3299 2183 3407 2237 est,

1833 2261 1895 2308 ut
1922 2260 1977 2310 et
2001 2253 2136 2310 illud
2162 2255 2378 2322 audias,
2411 2255 2618 2313 frustra
2647 2263 2701 2314 te
2727 2272 2884 2314 esse:
2917 2257 3080 2316 Novit
3101 2263 3241 2316 enim
3267 2261 3410 2320 Deus

1828 2348 2127 2413 sapientum
2159 2348 2534 2416 cogitationes,
2565 2349 2814 2420 quoniam
2851 2367 2999 2406 vana:
3039 2362 3162 2408 sunt
3183 2354 3223 2408 ⁸.
3258 2354 3412 2421 Quo-

1830 2435 1978 2491 circa
2009 2437 2105 2508 qui
2147 2438 2461 2497 subsistens
2495 2438 2734 2496 Verbum
2778 2443 2987 2514 genuit,
3019 2444 3162 2501 idem
3200 2449 3412 2518 aequale

1831 2529 1938 2586 sibi
1985 2530 2194 2602 genuit,
2245 2545 2348 2588 nec
2391 2546 2425 2586 a
2471 2546 2573 2588 sua
2607 2531 2894 2591 divinitate
2945 2536 3261 2608 diversum;
3306 2556 3410 2596 nec

1834 2621 1945 2676 ulla
1967 2631 2050 2677 est
2074 2624 2130 2676 in
2159 2622 2340 2692 genita
2373 2621 2563 2679 sobole
2586 2624 2848 2692 varietas,
2869 2640 2996 2682 cum
3024 2628 3250 2686 minime
3277 2646 3412 2687 sane

1832 2710 2050 2776 deceat,
2094 2720 2154 2768 ut
2192 2713 2344 2768 illum
2383 2724 2659 2785 putemus,
2697 2715 2980 2787 indignum
3024 2720 3208 2791 seipso
3235 2728 3292 2776 et
3324 2723 3411 2778 in-

1832 2802 2095 2874 aequalem
2151 2813 2207 2860 et
2242 2803 2385 2860 infra
2429 2805 2799 2862 conditionem
2837 2808 3105 2878 genitoris
3147 2813 3411 2868 amanda-

1834 2902 1949 2949 tum
1999 2910 2157 2950 suum
2204 2896 2359 2951 illum
2427 2897 2685 2967 genuisse
2733 2896 2954 2956 Filium.
3010 2900 3185 2969 Quam
3241 2904 3406 2960 etiam

1834 2981 1906 3037 ob
1953 2997 2179 3038 causam
2233 2998 2330 3054 per
2413 2983 2610 3039 Filium
2677 3000 2744 3042 ac
2801 2988 3113 3047 subsistens
3170 2990 3410 3049 Verbum

1834 3074 2016 3128 omnia
2053 3091 2179 3132 esse
2218 3077 2358 3130 facta
2397 3085 2628 3135 testatus
2659 3087 2766 3145 est,
2806 3090 2867 3135 ut
2900 3081 3196 3152 ipsummet
3227 3083 3296 3139 ab
3323 3085 3411 3138 l'a-

1834 3171 2049 3219 ctarum
2112 3182 2294 3222 rerum
2340 3183 2571 3224 numero
2628 3182 2941 3227 secerneret
2972 3173 3321 3245 doceretque,
3350 3189 3412 3231 se

133 3263 193 3316 in
239 3259 412 3314 Patre
443 3257 675 3311 similem
713 3265 876 3326 atque
907 3255 1170 3325 aequalem
1208 3268 1367 3310 esse:
1403 3252 1546 3324 quod
1585 3252 1764 3322 ipsum
1799 3253 1978 3312 Patris
2008 3257 2355 3328 appellationi
2391 3268 2824 3316 consentaneum
2862 3272 2975 3329 est;
3033 3280 3268 3336 semper,
3323 3266 3410 3320 in-

137 3369 356 3427 quam,
414 3350 767 3407 essistentem
834 3347 888 3402 i-n
936 3347 1243 3403 substantia
1291 3360 1426 3410 sua,
1472 3360 1580 3400 non
1643 3348 2010 3417 peregrinum,
2054 3349 2149 3403 sed
2220 3366 2572 3420 germanum,
2644 3361 2835 3423 utpote
2877 3356 3410 3415 consubstantialem

132 3448 375 3507 Filium,
410 3452 466 3500 et
494 3459 524 3497 a
561 3442 723 3496 Patre
754 3442 1016 3513 genitum.

542 3555 939 3611 ΚΕΦΑΛΑῙΟΝ
975 3553 1230 3609 ΑΕΤΙΟΥ
1267 3559 1340 3612 Δ’.

207 3652 284 3707 Εἰ
315 3647 688 3720 ἀτελευτήτως
713 3650 742 3702 ὁ
780 3647 912 3710 Θεὸς
943 3647 1184 3718 διαμένει
1217 3649 1275 3701 ὲν
1318 3648 1596 3719 ἀγεννήτῳ
1627 3647 1728 3717 φύ-

129 3761 246 3804 σει,
286 3742 386 3794 καὶ
423 3738 793 3810 ἀτελευτήτως
819 3738 880 3791 τὸ
911 3736 1158 3810 γέννημα
1184 3737 1430 3809 γέννημά
1456 3739 1602 3791 ἐστιν
1625 3755 1639 3768 ο
1695 3739 1730 3810 ή

123 3834 234 3887 τοῦ
267 3823 562 3900 ὁμοουσίου
595 3827 691 3882 καὶ
721 3827 1096 3899 ἀνομοιουσίου
1158 3826 1445 3894 κακοδοξία
1476 3838 1728 3899 παραφαδ

125 3924 486 3994 νισθήσεται.
524 3921 768 3974 Ἶσταται
797 3918 854 3971 δὲ
873 3919 932 3986 τὸ
957 3920 1014 3973 ὲν
1043 3919 1200 3990 οὐσίᾳ.
1233 3919 1568 3989 ἀσυγκρίτῳ,
1599 3921 1730 3972 ἐκα-

123 4017 318 4086 τέρας
375 4010 589 4082 φύσεως
637 4009 933 4074 ἀπαύστως
981 4009 1343 4084 διαμενούσης
1391 4010 1450 4064 ἐν
1489 4011 1567 4082 τῷ
1620 4011 1733 4082 ἰδίῳ

125 4110 240 4182 τῆς
275 4105 499 4176 φύσεως
535 4103 828 4176 ἀξιώματι.

717 4216 773 4269 Ἀ
781 4213 1048 4284 νατροπὴ
1095 4213 1169 4270 Δ’.

208 4313 285 4366 Εἰ
335 4305 712 4380 ἅτελευτήτως
758 4307 854 4363 καὶ
886 4305 1180 4368 ἀπαύστως
1231 4305 1260 4358 ὁ
1303 4303 1434 4369 Θεὸς
1465 4304 1730 4376 διαμένει,

124 4407 211 4469 ὡς
247 4403 422 4474 ἔφης,
462 4403 520 4454 ὲν
547 4400 828 4471 ἀγεννήτῳ
858 4397 1037 4468 φύσει,
1075 4395 1237 4465 φύσις
1292 4394 1350 4448 δὲ
1392 4393 1527 4448 Θεοῦ
1563 4394 1729 4460 ἀΐδιος

116 4495 524 4564 ἀτελευτήτως
555 4492 756 4564 ἔχουσα
804 4491 866 4545 τὸ
911 4489 1150 4560 ἀξίωμα,
1188 4487 1250 4544 οὐ
1300 4488 1390 4542 διά
1429 4507 1484 4542 τι
1521 4489 1727 4562 ἓτερον,

115 4588 285 4646 ἀλλὰ
308 4586 406 4642 διά
428 4585 490 4638 τὸ
521 4584 778 4639 αύτόθεον
803 4583 899 4637 καὶ
927 4581 1227 4636 αὐτοαϊδιον
1247 4597 1261 4612 ο
1294 4582 1400 4654 ἀρα
1429 4598 1492 4651 γε
1529 4583 1623 4636 xa‘t
1669 4581 1731 4635 τὸ

2267 3593 2270 3596 .
2325 3544 2510 3601 ΑΕΊῚΙ
2549 3547 2780 3604 CAPUT
2820 3547 2911 3604 IV.

1907 3639 1964 3694 Si
1999 3644 2263 3709 perpetuo
2316 3651 2381 3714 ac
2429 3637 2550 3692 sine
2582 3639 2690 3693 u-llo
2741 3638 2846 3695 line
2887 3640 3031 3698 Deus
3071 3645 3126 3698 in
3159 3645 3403 3720 ingenita

1829 3739 2027 3786 natura
2066 3728 2334 3799 persistit,
2367 3742 2430 3783 ac
2461 3727 2506 3783 si
2532 3729 2714 3798 genita
2750 3731 2967 3789 soboles
3011 3733 3131 3790 sine
3167 3740 3277 3794 ullo
3303 3742 3411 3800 line

1832 3823 2012 3893 genita
2041 3828 2145 3884 est,
2175 3834 2340 3889 prava
2368 3820 2463 3900 illa
2494 3820 2562 3875 de
2590 3819 2916 3878 homoousio
2970 3834 3026 3880 et
3059 3827 3408 3889 hommousio

1833 3908 2106 3968 sententia
2128 3909 2529 3980 proﬂigabitur.
2565 3910 2703 3967 Cum
2730 3913 2862 3969 illud
2886 3917 3103 3974 interim
3126 3921 3179 3975 in
3205 3925 3412 3982 utrius-

1831 4025 1940 4080 que
1978 4018 2192 4063 naturae
2230 4008 2495 4080 dignitate
2532 4019 2838 4076 remaneat,
2869 4020 2950 4076 ut,
2986 4012 3132 4082 quod
3174 4015 3241 4069 ad
3276 4018 3408 4074 sub—

1833 4102 2092 4157 stantiam
2126 4101 2339 4163 attinet,
2375 4104 2683 4172 comparari
2715 4104 2857 4158 inter
2887 4118 2946 4160 se
2975 4115 3273 4176 nequeant.

2393 4213 2702 4282 Canfutatio
2737 4215 2763 4269 1
2784 4215 2842 4270 γ.

1902 4305 1962 4360 Si
1997 4313 2260 4379 perpetuo
2295 4319 2358 4361 ae
2413 4308 2535 4362 sine
2576 4307 2688 4362 ullo
2734 4305 2841 4361 line
2874 4307 3036 4371 Deus,
3070 4317 3130 4363 ut
3179 4311 3409 4372 asseris,

1833 4393 1888 4450 in
1937 4394 2179 4466 ingenita
2226 4402 2424 4450 natura
2465 4403 2789 4464 permanet,
2833 4403 3028 4465 estque
3075 4401 3408 4468 sempiterna

1832 4487 1928 4543 Dei
1982 4495 2213 4550 natura,
2260 4502 2381 4556 quae
2430 4488 2549 4542 sine
2598 4487 2709 4542 ullo
2743 4486 2849 4543 line
2886 4487 3208 4559 dignitatem
3251 4507 3408 4548 suam

1831 4578 2072 4645 obtinet;
2105 4579 2308 4632 nullam
2341 4579 2412 4633 ob
2453 4578 2615 4634 aliam
2653 4593 2901 4645 causam,
2936 4593 3098 4650 quam
3135 4581 3280 4652 quod
3313 4599 3410 4654 per

113 4683 403 4752 γέννημα
431 4674 712 4746 όμοούσιον
741 4675 917 4741 ἔσται,
969 4672 1019 4725 εί
1053 4670 1205 4744 παρά
1248 4671 1331 4724 σοὶ
1373 4671 1434 4726 τὸ
1483 4671 1578 4726 τοῦ
1604 4673 1729 4726 ἀτε-

1834 4687 1955 4729 scse
1999 4671 2163 4734 Deus,
2196 4685 2258 4726 ac
2303 4685 2401 4742 per
2437 4685 2560 4724 sese
2605 4670 2974 4741 sempiternus
3004 4679 3089 4726 est
3119 4690 3132 4726 :
3159 4673 3325 4744 igitur
3353 4683 3409 4729 et

111 4773 414 4843 λευτήτου
445 4770 665 4840 εἴληφεν
692 4769 895 4839 νόνομα,
945 4767 1042 4830 ὠς,
1095 4765 1441 4837 παλιμϐόλως
1487 4764 1564 4837 τῷ
1616 4764 1729 4837 Υξῷ

1834 4763 2020 4837 genita
2060 4763 2280 4819 soboles
2335 4761 2820 4819 consubstantialis
2859 4761 2982 4825 erit,
3031 4777 3156 4817 cum
3202 4763 3406 4818 indesi.

110 4860 514 4939 χαρίσασθαι,
578 4860 822 4925 πιθανῶς
874 4858 1321 4929 ὲφυσιολόγησας.
1370 4857 1574 4920 Δώσεις
1620 4856 1729 4930 γὰρ

1834 4857 2013 4912 uentis
2049 4854 2148 4910 abs
2180 4862 2232 4912 te
2273 4868 2470 4908 nomen
2508 4853 2587 4906 illi
2623 4853 2916 4915 tribuatur,
2946 4853 3406 4924 quemadmodum

108 4937 226 5011 iui
261 4948 714 5020 ἀναγκαζόμενος
756 4946 1088 5018 ὁμολογῆσαι
1130 4945 1190 4998 τὺ
1238 4943 1332 4998 τοῦ
1365 4943 1726 5015 ἀτελευτήτου

1834 4945 2027 5002 callide
2055 4960 2119 5000 ac
2174 4944 2506 5001 veteratorie
2535 4942 2676 4998 Filio
2707 4943 3025 5014 gratiﬁcans
3045 4944 3408 5014 probabiliter

104 5053 178 5104 ἐν
218 5047 449 5100 ἅπασιν
481 5041 708 5095 ἄπλετον
743 5039 839 5094 καὶ
887 5037 1171 5110 ἀχώρητον
1215 5036 1405 5107 ὄνομα.
1462 5035 1588 5101 Πῶς
1633 5032 1726 5090 οὖν

1834 5037 1899 5096 de
1936 5037 2056 5108 ejus
2103 5043 2300 5091 natura
2341 5035 2655 5105 disputasti.
2707 5033 2872 5091 Dabis
2926 5035 3032 5090 hoc
3081 5035 3277 5106 igitur,
3322 5037 3408 5091 vel

102 5143 230 5195 οὐκ
310 5135 468 5187 ἔσται
525 5132 847 5204 ὁμοούσιονς
919 5129 1137 5200 Ἐπειδὴ
1204 5127 1390 5192 ἔδοξας
1431 5126 1724 5194 σκώπτειν,

1834 5129 2074 5193 invitus,
2117 5136 2179 5184 ut
2231 5126 2506 5182 inﬁnitum
2572 5126 2707 5181 illud
2753 5135 2807 5180 et
2852 5126 3408 5195 incomprehensibile

101 5233 211 5291 διὰ
270 5224 570 5292 κακοδόξου
640 5225 902 5295 ὀνόματος
967 5223 1066 5295 τὴν
1131 5221 1386 5294 ἀλήθειαν
1444 5221 1725 5291 ἐξυϐρίσαι

1834 5235 2030 5275 nomen
2080 5217 2446 5276 indesinentis
2473 5218 2698 5271 omnino
2730 5215 2957 5272 fateare.
2986 5215 3185 5272 Annon
3241 5215 3410 5290 igitur

99 5319 584 5394 πειρασάμενος,
652 5317 712 5385 ἐξ
762 5315 941 5370 αὐτῶν
1002 5315 1388 5387 ἐλεγχόμενος.
1443 5309 1517 5369 ὧν
1566 5313 1724 5384 ἔφης,

1834 5309 2321 5367 consubstantialis
2364 5308 2506 5364 erit?
2541 5307 2774 5374 Quando
2818 5309 2892 5363 ita
2921 5309 3100 5379 jocari
3139 5309 3291 5364 visus
3324 5325 3404 5373 es,

98 5413 432 5494 ῥημάτων.
491 5411 562 5463 Ἢ
611 5409 722 5480 γὰρ
779 5407 968 5472 δώσεις
1035 5407 1188 5471 τέλος
1226 5410 1247 5440 ³
1305 5406 1414 5460 τῶν
1469 5405 1574 5459 ὑπὸ
1632 5404 1727 5458 σοῦ

1834 5403 1958 5457 dum
1999 5400 2169 5473 940
2211 5401 2476 5470 sacrilega
2514 5400 2879 5471 appellatione
2918 5399 3134 5460 veritati
3176 5398 3407 5454 illudere

96 5490 618 5578 ξι-,αρηλλαγμένων
669 5499 1171 5570 βλασφημουμένων
1244 5498 1344 5570 τὴν
1397 5497 1588 5551 ούσίαν
1609 5537 1624 5562 ,
1687 5497 1722 5568 ἢ

1834 5503 2060 5548 conatus
2082 5509 2164 5558 es,
2201 5494 2274 5546 ita
2306 5503 2488 5548 tamen
2534 5501 2594 5546 ut
2630 5492 2721 5546 illa
2762 5493 2899 5562 ipsa,
2925 5490 3128 5560 quibus
3153 5506 3283 5544 usus
3317 5505 3400 5554 es,

96 5595 498 5664 ἀτελεύτητον
550 5591 710 5647 αὑτὸν
755 5590 1109 5663 ὁρισάμενος,
1159 5589 1216 5643 ὲν
1263 5589 1467 5644 ἀπασιν
1514 5588 1724 5660 ἀμετά-

1834 5593 1881 5644 te
1911 5585 2075 5641 verba
2103 5585 2456 5656 rcdarguant.
2478 5582 2586 5638 Aut
2607 5583 2752 5638 enim
2783 5580 2942 5636 linem
2965 5579 3167 5635 habere
3189 5588 3402 5641 statues

97 5704 338 5749 στα-τον
373 5686 468 5740 καὶ
500 5683 913 5755 ἀπαράλλακτον
939 5683 1038 5754 τῆς
1062 5679 1156 5735 τοῦ
1181 5680 1538 5751 ἀτελευτήτου
1565 5680 1724 5746 ἀξίας

1834 5679 2000 5744 illum,
2039 5692 2199 5747 quem
2233 5691 2329 5745 per
2357 5689 2628 5731 summam
2661 5669 3050 5728 contumeliam
3089 5669 3398 5725 substantia

188 5807 212 5841 ⁸
260 5802 332 5859 F.
377 5799 592 5855 ἑαυτοῦ.
671 5803 690 5831 ²
727 5799 785 5854 F.
809 5800 973 5872 ἔχειν,
1000 5799 1096 5856 sed
1124 5814 1191 5854 ne
1219 5799 1298 5853 sic
1332 5797 1551 5868 quidem
1581 5805 1729 5853 consl

1834 5797 1932 5851 sibi
1969 5794 2150 5849 lectio.
2234 5793 2254 5822 ³
2277 5791 2298 5846 l
2320 5792 2447 5848 Cor.
2475 5805 2514 5859 ι,
2536 5789 2628 5846 εο.
2706 5785 2895 5845 ⁸1³8³1.
2928 5799 3085 5850 xcm,
3117 5787 3207 5840 ll.
