3964 6408
847 376 1216 434 ADVERSUS
1253 377 1597 434 [UERESES
1631 377 1761 433 LIB.

1919 377 2059 434 TOM
2099 376 2215 431 1.-
2233 377 2505 433 ΗΛΕΒΕΞ.
2549 378 2780 434 LXXVI.

3364 376 3471 433 162

214 498 305 548 καὶ
355 496 415 551 ἐν
460 497 527 568 τῇ
571 495 668 551 τοῦ
730 496 973 552 Ἰωάννου
1020 493 1424 569 ’Δποκαλύψει,
1466 497 1526 552 ἐν
1565 516 1627 551 τε
1674 499 1786 561 ταῖς

1897 496 2044 553 riora
2083 498 2404 565 continent;
2460 500 2747 557 catholicis
2777 502 2908 560 item
2951 503 3213 579 Epistolis
3256 500 3467 564 Jacobi.

200 586 429 656 ~Sopita;
462 586 594 657 (90),
628 587 970 658 Σολομῶντός
1008 588 1070 641 τέ
1121 606 1265 660 φημι
1297 590 1391 644 καὶ
1431 588 1551 643 υἱοῦ
1597 588 1788 660 Σιράχ,

212 678 302 729 καὶ
326 677 525 741 πάσαις
564 676 752 741 ἀπλῶς
774 677 1017 749 Γραφαῖς
1043 676 1235 745 θείαις,
1274 678 1365 732 καὶ
1399 676 1591 732 ἐαυτοῦ
1627 692 1795 730 κατα-

211 767 429 837 γνῶναι,
479 769 561 822 ὃτι
591 768 783 840 ὄνομα,
833 770 972 839 ὅπερ
997 768 1232 839 οὐδαμοῦ
1263 770 1601 832 ἐντέτακται,
1626 762 1793 838 ἦλθες

206 863 339 931 ἡμῖν
372 860 574 932 φέρων,
621 862 722 917 οῦκ
769 862 1017 933 ἀπρεπὲς
1072 862 1171 932 μὲν
1214 861 1370 933 Θεῷ,
1415 861 1531 915 ἀλλ’
1573 857 1795 921 εὐσεϐὲς

204 952 286 1014 είς
314 950 467 1017 Θεὸν,
510 952 571 1005 τὸ
620 953 715 1006 τοῦ
748 954 1045 1022 ἀγεννήτου
1092 952 1284 1024 ὄνομα,
1324 951 1575 1024 μηδαμοῦ
1624 950 1682 1005 δὲ
1728 950 1790 1002 ἐν

201 1040 326 1112 θείᾳ
371 1043 562 1113 Γραφῇ
596 1044 781 1114 ῥηθέν.

1888 586 2069 653 Petri,
2107 588 2339 645 Joannis
2363 596 2419 645 et
2456 588 2649 653 Judae.
2691 591 3018 667 Apocalypsi
3062 592 3327 658 Joannis;
3365 590 3471 646 Sa-

1890 681 2113 750 pientiae
2128 695 2347 751 quoque
2363 681 2541 745 libris,
2554 683 2657 737 hoc
2675 691 2761 739 est
2779 684 3112 752 Salomonis,
3129 686 3224 741 ﬁlii
3245 682 3465 746 Siracit,

1891 771 2149 826 omnibus
2181 771 2419 841 denique
2439 771 2739 844 Scriptum
2760 776 2916 832 libris
2945 776 3247 848 percursis,
3271 781 3469 829 temet-

1870 860 2074 929 .ipsum
2118 861 2444 930 damnares;
2484 864 2633 934 quod
2669 866 2940 935 ejusmodi
2985 880 3213 932 nomen,
3257 864 3327 919 de
3357 876 3469 932 quo

1868 948 2046 1005 .nulla
2087 949 2160 1005 sit
2188 965 2423 1020 usquam
2455 952 2696 1019 mentio,
2731 953 2893 1009 nobis
2935 952 3128 1009 aﬂerre
3157 965 3269 1007 non
3305 947 3468 1005 dubi-

1892 1040 2120 1096 taveris.
2168 1041 2265 1096 Est
2309 1043 2453 1097 enim
2509 1043 2741 1114 ingeniti
2792 1059 2994 1099 nomen
3055 1043 3283 1099 minime
3330 1037 3469 1095 illud

213 1136 436 1205 quidem
474 1137 760 1209 indignum
792 1137 926 1205 Deo,
951 1148 1014 1194 ut
1041 1140 1204 1195 etiam
1236 1140 1493 1210 pietatem
1525 1134 1790 1199 redoleat,
1825 1148 2016 1190 verum
2049 1151 2323 1207 nusquam
2351 1137 2408 1192 in
2443 1134 2748 1208 Scripturis
2784 1147 3125 1207 expressum.

275 1227 464 1291 Οὐδεὶς
481 1229 592 1301 γὰρ
625 1231 882 1300 μεμηνώς
916 1248 1048 1286 ποτε
1080 1230 1338 1303 γεννητὸν
1388 1230 1590 1283 ἐνενόει
1631 1227 1785 1281 Θεόν.

215 1318 355 1372 Ἀλλ’
375 1318 500 1373 οὗτε
532 1321 720 1392 χρείαν
761 1321 919 1394 ἔσχον
948 1325 1124 1377 εἰπεῖν
1144 1322 1438 1393 ἀγέννητον
1470 1321 1602 1376 Θεὸν
1627 1321 1788 1392 μόνον

201 1411 422 1480 Πατέρα
448 1411 536 1465 διὰ
572 1412 665 1466 τὸν
693 1413 754 1479 ἐξ
778 1414 946 1468 αὐτοῦ
1001 1416 1409 1486 γεγεννημένον
1427 1432 1439 1446 ·
1466 1414 1554 1467 ἵνα
1592 1415 1666 1484 μή
1703 1429 1790 1475 τις

198 1502 295 1553 ἐπὶ
322 1502 401 1572 τῷ
431 1503 604 1574 Πατρὶ
632 1504 777 1575 μόνῳ
824 1506 1026 1578 νομίσῃ
1068 1504 1227 1559 τοῦτο
1252 1504 1611 1576 πληροῦσθαι,
1651 1503 1789 1558 ἀλλά

198 1594 299 1646 καὶ
349 1593 443 1646 ἐπὶ
472 1591 551 1664 τῷ
581 1593 718 1665 Υίῷ,
772 1596 867 1650 καὶ
921 1590 1016 1649 ἐπὶ
1052 1595 1131 1668 τῷ
1161 1595 1301 1667 ἁγίῳ
1324 1596 1607 1667 Πνεῦματι
1634 1613 1649 1627 ·
1688 1595 1788 1665 τῆς

108 1679 119 1691 ’
197 1682 438 1746 διανοίας
482 1684 583 1754 τῆς
630 1685 819 1757 ὀρθῆς,
865 1687 958 1740 καὶ
986 1685 1080 1741 τοῦ
1111 1687 1430 1759 Πνεύματος
1479 1687 1574 1741 τοῦ
1630 1686 1788 1755 ἀγίου

197 1774 542 1840 διδάσκοντος
588 1777 799 1841 πάντας
856 1779 1008 1842 υἱοὺς
1037 1778 1295 1850 ἀληθείας
1332 1779 1425 1848 ἀφ’
1470 1777 1681 1832 ἑαυτῶν
1711 1778 1787 1849 μὴ

1959 1225 2148 1298 Neque
2179 1244 2310 1284 vero
2344 1228 2482 1284 adeo
2523 1229 2648 1299 quis
2674 1243 2918 1298 unquam
2964 1230 3196 1283 insanus
3236 1219 3469 1285 exstitit,

1891 1317 2134 1389 genitum
2183 1328 2241 1373 ut
2290 1332 2415 1374 esse
2444 1318 2715 1388 cogitaret
2742 1316 2947 1383 Deum;
2991 1330 3172 1387 neque
3196 1313 3268 1369 ob
3314 1309 3470 1382 geni-

1889 1416 2004 1463 tum
2030 1408 2228 1463 Filium
2261 1424 2491 1465 necesse
2532 1409 2637 1463 fuit
2686 1410 2867 1465 solum
2916 1408 3133 1463 Patrem
3163 1404 3469 1476 ingenitum

1889 1499 2059 1554 Deum
2091 1501 2398 1570 appellare;
2430 1515 2499 1555 ne
2521 1500 2647 1570 quis
2675 1500 2730 1554 in
2756 1498 2920 1554 Patre
2953 1500 3074 1554 solo
3101 1512 3291 1552 verum
3323 1492 3469 1550 istud

1888 1606 2011 1648 esse
2039 1591 2143 1646 sibi
2178 1590 2537 1660 persuadeat,
2596 1592 2694 1647 sed
2723 1599 2772 1646 et
2804 1589 2942 1645 Filio
2982 1604 3049 1644 ac
3082 1588 3310 1659 Spiritui
3335 1599 3470 1643 san-

1882 1687 1976 1739 eto
2028 1681 2342 1735 convenire.
2402 1679 2572 1737 Recta
2632 1681 2834 1751 quippe
2891 1680 3066 1743 ratio,
3121 1687 3176 1734 et
3232 1677 3470 1747 Spiritus

1889 1780 2117 1827 sanctus
2146 1772 2394 1827 veritatis
2429 1772 2568 1828 ﬁlios
2614 1774 2813 1830 docent
2863 1789 2968 1827 non
3000 1778 3288 1840 tantopere
3333 1766 3466 1827 illud

196 1869 261 1919 ὲν
278 1866 593 1939 θαυμασμῷ
624 1868 782 1923 τοῦτο
804 1868 969 1940 ἔχειν,
1003 1870 1142 1926 ἀλλά
1179 1870 1323 1925 κατά
1355 1871 1417 1923 τὸ
1445 1867 1783 1939 ἀπαιτούμε-

1892 1862 2268 1917 admirandum
2314 1877 2461 1926 esse,
2514 1863 2608 1919 sed
2643 1878 2745 1933 pro
2773 1877 2839 1922 eo
2884 1870 3049 1933 atque
3077 1876 3106 1913 a
3142 1859 3299 1913 nobis
3352 1855 3471 1912 exi-

194 1976 311 2022 νον,
345 1960 440 2013 καὶ
487 1960 547 2012 ἐν
594 1959 774 2031 ἐαυτῷ
805 1961 1051 2032 ὑπάρχον
1087 1961 1183 2015 τοῦ
1227 1961 1365 2032 πρὸς
1387 1961 1669 2014 εὐσέϐειαν
1698 1959 1787 2013 λο-

194 2049 402 2119 γισμοῦ
444 2049 573 2121 περὶ
613 2049 748 2103 Θεοῦ
776 2051 995 2106 ειδέναι.
1031 2050 1095 2105 Ei
1136 2052 1193 2105 δὲ
1222 2053 1262 2115 ⁸,
1289 2051 1377 2104 διὰ
1401 2051 1461 2104 τὸ
1491 2051 1787 2122 ἀγέννητον

194 2139 366 2193 αὐτὸν
420 2135 580 2204 εἶναι,
638 2140 1118 2211 ωνομολογείσθαι
1172 2141 1230 2216 δέ
1278 2142 1370 2211 ἀφ’
1414 2140 1571 2213 ὴμῶν
1606 2140 1784 2206 τοῦτο,

195 2231 310 2284 ἀπὸ
361 2230 582 2301 Γραφῆς
625 2231 684 2285 δὲ
717 2232 791 2302 μὴ
839 2231 984 2303 ἔχειν
1016 2233 1120 2304 τῆς
1162 2232 1458 2304 ὀνομασίας
1500 2233 1592 2286 τοῦ
1624 2232 1784 2300 λόγου

190 2321 296 2392 τὴν
324 2321 604 2385 σύστασιν,
641 2323 757 2386 ἀλλ’
789 2324 882 2393 ἀφ’
902 2324 1115 2378 ἐαυτῶν
1144 2324 1232 2378 διὰ
1259 2325 1365 2377 τῶν
1386 2324 1661 2395 λογισμῶν
1689 2327 1786 2394 τὴν

192 2410 481 2465 εὐσέϐειαν
515 2411 723 2483 ταύτην
748 2414 949 2467 εἰδέναι
982 2415 1042 2468 τὸ
1066 2415 1240 2478 οὓτως
1268 2410 1429 2469 εῐναι.
1472 2416 1567 2477 Εἰς
1587 2415 1640 2467 τί
1676 2414 1784 2487 γὰρ

158 2498 167 2503 ’
188 2501 387 2565 οὐσίας
406 2501 560 2556 ἔσται
597 2503 875 2568 διάστασις
901 2506 963 2558 τὸ
988 2505 1270 2575 γεννηθὲν,
1296 2508 1344 2559 εί
1363 2504 1507 2559 κατά
1526 2505 1786 2577 ἀλήθειαν

188 2591 291 2645 τοῦ
312 2592 675 2663 γεγεννῆσθαι
701 2593 815 2663 ἔχει
847 2594 910 2647 τὸ
954 2594 1126 2666 ὄνομα
1177 2597 1382 2666 φυσικῇ
1421 2613 1528 2648 τινι
1554 2598 1649 2650 καὶ
1685 2597 1786 2668 ἀρ-

144 2744 151 2752 .
195 2686 349 2756 ﬁl“?
379 2685 779 2758 συμπρεπούσῃ
801 2684 883 2757 τῷ
899 2685 1041 2757 Θεῷ,
1080 2688 1174 2740 καὶ
1204 2686 1284 2757 τῷ
1307 2686 1366 2754 ἐξ
1393 2682 1556 2740 αὑτοῦ
1595 2703 1785 2756 γεγεν-

188 2775 417 2846 νημένῳ
476 2776 723 2847 ἀχρόνως
768 2776 865 2831 καὶ
916 2778 1171 2849 ἀνάρχως
1210 2779 1268 2832 ἐν
1299 2777 1550 2849 ἀληθείᾳ,
1586 2778 1681 2832 καὶ
1723 2780 1784 2832 οὐ

190 2868 615 2938 καταχρηστικῇ
660 2884 768 2923 τινι
816 2869 1078 2938 ὑπονοίᾳ;
1137 2869 1418 2924 Ἐντεῦθεν
1459 2871 1521 2923 οὐ
1558 2872 1786 2944 κτιστήν

188 2967 379 3031 φαμεν
410 2961 511 3031 τὴν
537 2960 744 3025 οὐσίαν,
778 2961 901 3015 οὐδὲ
938 2961 1227 3034 ἀλλοτρίαν
1253 2962 1331 3027 ὡς
1365 2963 1618 3035 ποιητὴν,
1648 2963 1786 3019 ἀλλά

188 3050 464 3121 γεννητὴν
485 3050 780 3115 οὐσιωδῶς,
810 3052 906 3105 καὶ
927 3053 1027 3106 οὐκ
1049 3053 1265 3107 ἀλλοίαν
1305 3071 1380 3107 πα
1389 3053 1457 3124 ρά
1474 3054 1566 3107 τὸν
1592 3071 1784 3125 γεγεν-

189 3143 420 3213 νηκότα.
455 3142 546 3196 Διὸ
575 3143 670 3195 καὶ
699 3142 956 3207 ἀκτιστος
975 3143 1241 3215 διαμένει,
1272 3145 1365 3199 καὶ
1385 3146 1447 3198 οὐ
1472 3146 1781 3218 ποιηθεῖσα,

1890 1955 2054 2024 gitur,
2092 1954 2350 2024 quodque
2380 1954 2437 2008 in
2482 1954 2643 2009 nobis
2674 1956 2778 2025 piae
2826 1952 3057 2008 rationis
3094 1952 3257 2016 inest,
3291 1948 3359 2004 de
3387 1946 3473 2002 di-

1888 2046 2016 2100 vina
2048 2047 2335 2114 majestate
2363 2047 2727 2101 sentiendum.
2758 2046 3029 2113 Quoniam
3060 2044 3226 2115 igitur
3262 2040 3475 2111 ingeni-

1888 2146 1976 2192 tus
2052 2135 2197 2192 Deus
2252 2144 2373 2202 est,
2436 2137 2600 2205 idque
2661 2138 2806 2191 ultro
2871 2133 3197 2191 confitemur
3253 2145 3472 2193 omnes,

1887 2228 2102 2284 tametsi
2133 2228 2286 2282 nullo
2315 2241 2347 2281 e
2377 2224 2673 2296 Scriptura:
2708 2227 2831 2281 loco
2860 2223 3206 2294 comprobari
3238 2222 3344 2276 hoc
3373 2235 3476 2290 ap-

1887 2319 2199 2391 pellationis
2241 2334 2415 2390 genus
2456 2326 2671 2388 potest,
2722 2318 2816 2373 sed
2849 2332 2880 2371 a
2913 2315 3075 2371 nobis
3121 2314 3280 2384 ipsis,
3309 2319 3474 2380 atque

1886 2427 1954 2467 ex
2000 2412 2087 2480 pia
2121 2410 2214 2464 illa
2259 2409 2680 2463 ratiocinatione
2731 2407 3040 2478 profectum
3089 2411 3210 2461 est:
3248 2403 3316 2457 ad
3347 2417 3473 2457 eum

1888 2502 2111 2558 modum
2149 2503 2291 2557 scire
2322 2517 2425 2558 nos
2455 2509 2510 2556 et
2539 2486 2859 2557 eiistimare
2907 2506 3340 2554 consentaneum
3369 2501 3473 2550 est.

1887 2594 1998 2648 Cur
2032 2592 2179 2648 enim
2209 2594 2262 2646 in
2296 2606 2361 2646 eo
2395 2590 2540 2660 quod
2576 2590 2820 2659 genitum
2864 2596 2967 2652 est,
3001 2587 3257 2643 essentiae
3285 2584 3474 2639 divor—

1877 2685 2024 2738 tium
2064 2681 2286 2753 aliquod
2320 2682 2462 2750 ‘erit,
2513 2680 2678 2752 942
2731 2679 2778 2735 si
2813 2679 2981 2750 geniti
3030 2690 3231 2733 nomen
3280 2676 3331 2729 ei
3359 2686 3476 2728 me-

1884 2777 1994 2833 rito
2029 2782 2334 2847 congruat,
2386 2774 2452 2827 a'c
2502 2771 2741 2826 naturali
2790 2770 3050 2841 quadam,
3098 2767 3195 2825 sed
3243 2764 3478 2836 inexpli-

1886 2866 2048 2922 cabili
2107 2881 2171 2920 ac
2204 2875 2316 2920 tam
2353 2864 2462 2920 Deo
2492 2863 2667 2931 Patri,
2698 2877 2863 2933 quam
2898 2863 2948 2915 ei
2980 2862 3073 2932 qui
3102 2861 3170 2915 ab
3208 2860 3304 2914 illo
3338 2858 3476 2912 citra

1886 2965 2106 3029 tempus
2159 2956 2484 3026 initiumque
2536 2955 2754 3025 genitus
2802 2961 2923 3019 est,
2984 2949 3333 3007 convenienti
3392 2962 3481 3001 ra-

1886 3052 2054 3117 tione,
2091 3048 2390 3119 etquidem
2440 3063 2569 3101 vero
2635 3060 2699 3100 ac
2739 3045 2982 3116 proprie,
3032 3059 3140 3097 non
3174 3040 3290 3097 sola
3324 3039 3479 3094 vocis

1887 3142 2153 3197 abusione
2179 3136 2496 3194 tribuatur?
2529 3137 2685 3193 Unde
2718 3151 2819 3191 nos
2864 3149 3040 3206 neque
3069 3142 3310 3188 creatam
3347 3129 3481 3184 sub-

187 3228 333 3284 ἀλλὰ
365 3229 686 3300 γεννηθείσα
707 3231 773 3284 ἐκ
800 3232 900 3302 τῆς
922 3214 1095 3302 αὐτῆς
1125 3233 1314 3297 οὐσίας
1331 3233 1489 3299 Θεοῦ,
1513 3236 1574 3289 οὐ
1589 3214 1786 3309 ’χρόνῳ

1894 3233 2173 3295 stantiam,
2206 3246 2312 3285 nec
2345 3231 2601 3294 alienam,
2638 3235 2899 3297 tanquam
2935 3224 3078 3279 facta
3129 3224 3222 3288 sit,
3262 3220 3358 3275 sed
3391 3235 3480 3275 se-

186 3319 601 3377 ὖποπίπτουσα.
643 3321 718 3375 Οὐ
753 3322 863 3393 γὰρ
891 3324 920 3376 ὁ
957 3325 1227 3394 γεννήσας
1260 3325 1320 3378 ἐν
1355 3324 1581 3397 ἀληθείᾳ
1605 3326 1783 3398 χρόνῳ

1894 3324 2134 3379 cundum
2181 3322 2546 3379 substantiam
2586 3320 2849 3390 genitam,
2886 3330 2991 3372 nec
3033 3329 3062 3369 a
3098 3314 3347 3385 genitore
3378 3326 3475 3380 pn-

185 3411 496 3481 ὑπέπεσεν,
529 3412 616 3466 ἵνα
642 3414 902 3486 χρονικὴν
932 3416 1300 3486 ὁποστήσεται
1334 3416 1539 3469 οὐσίαν.
1570 3418 1784 3474 Ὀποῖον

1892 3422 2071 3470 tamus
2106 3415 2360 3469 alienam.
2413 3410 2495 3467 Ob
2548 3411 2603 3465 id
2646 3410 2890 3464 increata
2927 3414 3133 3468 manet,
3169 3418 3280 3458 non
3313 3400 3479 3465 faeta,

106 3526 153 3545 —
184 3502 307 3573 γάρ
359 3505 476 3557 ἐστι
522 3505 586 3558 τὸ
637 3507 905 3577 γέννημα,
951 3505 1192 3569 τοιοῦτος
1246 3509 1276 3561 ὁ
1312 3502 1592 3579 γεννήτωρ
1614 3526 1629 3541 ο
1689 3511 1785 3564 καὶ

1892 3505 1987 3562 sed
2016 3520 2082 3560 ex
2137 3504 2254 3574 ipsa
2286 3502 2377 3555 Dci
2437 3499 2741 3555 substantia
2778 3497 2980 3568 genita,
3020 3509 3198 3564 neque
3246 3493 3482 3561 tempori

183 3594 381 3656 ὁποῖος
410 3595 442 3646 ὁ
472 3595 775 3666 γεννήτωρ,
808 3596 1048 3659 τοιοῦτος
1077 3596 1173 3649 καὶ
1211 3598 1240 3649 ὁ
1276 3598 1695 3668 γεγεννημένος.

1894 3598 2161 3665 subjecta.
2195 3595 2407 3663 Quippe
2458 3593 2673 3662 genitor
2703 3590 2820 3660 ipse
2869 3586 3100 3657 tempori
3134 3598 3479 3655 nequaquam

182 3687 423 3751 subest,
478 3694 541 3741 ut
604 3689 990 3758 temporariam
1058 3690 1423 3746 substantiam
1485 3694 1779 3762 producat.
1809 3695 1945 3750 Nam
1981 3688 2294 3760 cujusmodi
2336 3695 2421 3744 est
2468 3685 2616 3756 quod
2657 3684 2920 3757 gignitur,
2973 3681 3104 3737 talis
3159 3686 3246 3735 est
3294 3686 3349 3734 et
3390 3693 3479 3749 ge-

178 3781 378 3848 nitor;
402 3788 460 3836 et
484 3781 727 3838 vicissim
751 3784 930 3853 qualis
959 3785 1176 3854 genitor
1213 3792 1319 3851 est,
1360 3785 1471 3841 tale
1496 3787 1661 3842 etiam
1700 3796 1787 3847 est
1824 3786 1974 3861 quod
2005 3784 2282 3857 gignitur.

587 3893 982 3950 ΚΕΦΑΛΑΙΟΝ
1014 3896 1272 3954 ΑΕΤιοΥ
1302 3900 1394 3969 ς’.

264 3986 333 4040 Εἰ
366 3984 426 4039 τὸ
448 3984 745 4058 ἀγέννητον
776 3988 1063 4061 ἐγεννήθη,
1089 3990 1143 4043 τί
1184 3991 1246 4045 τὸ
1269 3991 1478 4047 κωλύον
1501 3993 1563 4047 τὺ
1594 4010 1788 4067 γεννη-

176 4077 289 4131 τὸν
336 4077 633 4149 ἀγέννητον
693 4079 1015 4149 γεγονέναι;
1078 4081 1297 4137 Μᾶλλον
1345 4083 1454 4156 γὰρ
1504 4084 1599 4139 τοῦ
1642 4086 1789 4140 ἀνοι-

181 4170 349 4224 κείου
372 4170 465 4223 ἐπὶ
488 4171 548 4224 τὸ
573 4170 746 4242 αὐτῆς
777 4171 976 4226 οἰκεῖον
1012 4172 1296 4244 ἐπείγεται
1332 4176 1482 4229 πᾶσα
1519 4175 1698 4245 φύσις.

773 4334 1102 4444 Ἀὶατροπὴ
1134 4375 1224 4443 ς’.

2386 3894 2568 3951 ΑΕΤΙΙ
2609 3892 2838 3951 CAPUT
2876 3891 2967 3948 Vl.

1967 3995 2025 4052 Si
2062 3994 2363 4067 ingenitum
2414 3990 2662 4064 genitum
2709 3995 2817 4054 est,
2870 3984 3004 4057 quid
3054 3974 3203 4039 vetat
3244 3989 3299 4037 et
3337 3979 3482 4051 quod

1887 4091 2133 4163 genitum
2178 4095 2265 4143 est
2317 4087 2621 4158 ingenitum
2664 4083 2820 4139 ﬁeri?
2863 4082 3055 4137 Omnis
3092 4081 3237 4137 enim
3286 4086 3483 4133 natura

1890 4180 1960 4235 ad
1990 4178 2043 4233 id
2075 4177 2220 4247 quod
2256 4177 2363 4231 sibi
2408 4182 2845 4231 consentaneum
2876 4179 2962 4228 est
3001 4172 3180 4244 magis
3208 4185 3373 4242 quam
3413 4168 3483 4222 ad

1898 4271 2133 4326 alienum
2161 4267 2620 4339 peregrinumque
2650 4265 2950 4321 contendit.

2458 4375 2768 4446 Confutatio
2815 4372 2910 4428 VI.

263 4468 336 4521 Et
381 4464 444 4520 τὸ
476 4464 770 4537 ἀγέννητον
803 4465 1049 4536 ἐποίησε,
1084 4465 1179 4519 καὶ
1210 4464 1310 4517 οὐκ
1354 4463 1662 4534 ἐγέννησεν,
1694 4465 1786 4520 ἐπὶ

1967 4472 2025 4527 Si
2064 4470 2214 4543 quod
2244 4469 2544 4541 ingenitum
2579 4477 2666 4524 est
2710 4466 2932 4532 fecisse,
2964 4477 3072 4517 non
3106 4459 3366 4532 genuisse
3398 4456 3483 4513 di-

169 4558 297 4629 τῆς
341 4559 471 4629 μιᾶς
492 4556 819 4628 ταυτότητος
849 4556 1185 4628 ταττομένης
1214 4557 1312 4626 τῆς
1350 4556 1664 4627 ὀνομασίας.
1694 4558 1789 4611 καὶ

174 4647 435 4718 Θατέροιο
482 4644 694 4717 θατέρῳ
754 4645 829 4717 μὴ
888 4644 1379 4716 παρεκτεινομένου
1417 4644 1505 4698 διὰ
1524 4645 1623 4717 τῆς
1649 4646 1790 4699 κατά

170 4737 461 4815 ἀλήθειαν
504 4735 850 4807 ἀντωνυμίας
878 4720 964 4807 δή
1005 4735 1233 4807 δύναμις
1274 4736 1372 4806 τῆς
1418 4735 1657 4805 σχέσεως
1697 4735 1791 4789 ἐπὶ

172 4831 434 4899 θατέρου
457 4828 722 4899 διαφωνία
741 4828 961 4898 ἕστηκε,
1000 4827 1167 4900 μηδὲν
1198 4826 1334 4898 πρὸς
1366 4826 1428 4880 τὸ
1459 4827 1645 4898 ἓτερον
1668 4830 1790 4881 ἐπι-

170 4916 533 4975 κοινωνοῦσα
562 4918 596 4990 ἢ
629 4918 788 4990 μόνον
815 4917 956 4972 κατά
983 4919 1082 4990 τὴν
1106 4917 1377 4984 ἐξουσίαν,
1411 4915 1621 4971 καὶτοῦ
1658 4937 1791 4991 προ-

170 5010 421 5084 κριτέου
473 5009 687 5080 φύσεως
735 5010 911 5063 αἰτίου
950 5010 1086 5082 πρὸς
1135 5011 1243 5063 πᾶν
1284 5009 1346 5062 τὸ
1370 5010 1461 5062 ὑπ’
1494 5010 1666 5079 αὐτῆς
1694 5028 1789 5064 κε-

169 5101 520 5171 κτισμένον.
564 5100 784 5173 Ἐπειδὴ
832 5102 888 5154 δὲ
910 5102 1186 5172 ἀναμέσον
1220 5100 1334 5177 ,τοῦ
1364 5101 1651 5172 ποιητικοῦ
1698 5102 1792 5155 καὶ

170 5193 551 5263 ποιουμένου,
588 5193 683 5247 καὶ
712 5192 934 5247 κτίστου
982 5193 1076 5247 καὶ
1128 5193 1471 5263 κτιζομένου,
1524 5193 1659 5264 άλλη
1706 5194 1792 5258 τίς

168 5289 355 5339 ἐστιν
375 5283 657 5354 ὀνομασία,
679 5284 973 5352 ἐγγίζουσα
1003 5284 1100 5355 μὲν
1120 5283 1198 5354 τῷ
1230 5285 1508 5355 ἀγεννήτῳ
1540 5287 1787 5358 ὀνόματι,

175 5376 596 5450 μακρυνομένη
636 5375 695 5428 δὲ
726 5377 837 5429 ἀπὸ
867 5374 961 5428 τοῦ
1002 5376 1220 5430 κτίστου
1260 5377 1552 5441 ὀνόματος·
1593 5378 1795 5433 ἀδύνα-

269 5534 291 5566 ι
330 5530 395 5601 Ε.
431 5533 488 5587 δὲ
512 5530 613 5588 δεῖ.

276 5648 402 5731 (99)
437 5649 544 5730 ἴεν
579 5647 812 5731 τελεῖς
848 5649 1116 5731 scatat?
1149 5647 1227 5728 Ea
1275 5647 1379 5731 '10.?
1420 5647 1541 5729 loc?
1574 5647 1791 5731 discam

173 5717 487 5783 heretici,
519 5718 666 5787 quod
707 5718 995 5788 Epiphanii
1057 5721 1125 5772 de
1181 5719 1247 5773 iis
1295 5717 1472 5773 liibris
1518 5718 1788 5786 judicium

175 5789 414 5856 tuerit,
446 5804 586 5859 quos
613 5789 692 5845 illi
742 5806 776 5844 a
801 5790 1025 5847 Conone
1074 5788 1358 5859 rejiciunt:
1389 5805 1530 5860 quos
1566 5789 1789 5859 quidem

1891 4572 2069 4627 catur,
2121 4564 2194 4618 ita
2235 4568 2297 4618 ut
2350 4570 2582 4632 utraque
2626 4560 2742 4614 llch
2791 4557 3082 4629 appellatio
3134 4568 3233 4626 pro
3276 4567 3387 4609 una
3428 4563 3483 4608 et

1891 4655 2081 4710 eadem
2126 4654 2466 4724 accipiatur,
2517 4668 2693 4722 neque
2723 4651 2955 4705 alterum
2996 4648 3175 4708 alteri.
3217 4646 3366 4701 velut
3414 4660 3482 4700 ex

1894 4745 2124 4802 adverso
2171 4744 2533 4816 respondens,
2575 4743 2857 4799 contrario
2897 4756 3088 4796 revera
3112 4737 3382 4794 vocabulo
3411 4736 3484 4791 sit

1893 4839 2228 4908 oppositum,
2291 4837 2374 4894 vis
2428 4836 2769 4892 babitudinis
2813 4835 2986 4905 ipsius
3038 4835 3094 4887 in
3151 4832 3325 4885 altero
3369 4829 3484 4885 dis-

1893 4926 2087 4996 juneta
2135 4928 2355 4997 penitus
2402 4935 2508 4992 est,
2566 4941 2746 4997 neque
2794 4924 3094 4996 quidquam
3146 4921 3308 4976 habet
3353 4935 3482 4975 cum

1897 5019 2069 5073 altero
2104 5033 2417 5083 commune,
2445 5026 2644 5089 praeter
2669 5015 2957 5088 potestatis
2986 5012 3481 5084 comparationem,

1894 5108 2040 5177 quod
2076 5115 2335 5178 tanquam
2364 5121 2532 5163 causa
2575 5107 2629 5160 id
2681 5120 2864 5169 omne,
2892 5104 3040 5176 quod
3076 5119 3105 5158 a
3145 5119 3205 5159 se
3235 5110 3481 5157 creatum

1893 5207 1998 5264 est,
2030 5205 2239 5254 naturae
2282 5199 2547 5267 dignitate
2584 5205 2824 5269 superet.
2855 5194 2976 5250 Jam
3020 5182 3304 5251 vero‘cum
3340 5194 3484 5249 inter

1897 5290 1949 5344 id
1979 5292 2122 5360 quod
2166 5290 2433 5346 eiiiciendi
2480 5291 2528 5345 vi
2564 5289 2847 5365 praeditum
2870 5316 2875 5338 ι
2895 5299 3001 5354 est,
3031 5296 3197 5360 atque
3226 5302 3362 5356 Opus
3393 5283 3479 5339 ef-

1897 5381 2121 5450 fectum,
2159 5390 2213 5439 et
2257 5391 2563 5439 creatorem
2588 5390 2940 5454 creatamquc
2993 5396 3108 5437 rem
3161 5378 3268 5439 alia
3330 5392 3482 5453 qua:-

1899 5654 2009 5701 tam
2065 5647 2153 5701 hic
2183 5663 2346 5715 quam
2396 5648 2486 5701 alii
2533 5654 2745 5701 veteres
2774 5647 2963 5699 Patres
3005 5639 3149 5691 inter
3183 5629 3488 5699 Scriptune

1900 5718 2070 5776 libros
2104 5726 2159 5775 et
2184 5717 2335 5782 θείας
2363 5717 2586 5791 Γραφὰς
2620 5718 2909 5787 recipiunt.
