3964 6424
1915 403 1973 457 s.
2017 401 2351 458 EPIPHANII
3667 418 3742 478 δα

568 512 698 572 dam
745 511 1035 582 interiecta
1081 509 1156 567 sit
1195 510 1508 582 appellatio,
1553 523 1678 582 quas
1725 518 1787 566 ut
1831 511 1896 566 ad
1928 511 2154 584 ingeniti

2262 512 2351 566 τόν
2413 513 2530 566 ιστι
2591 513 2767 568 πάντα
2801 514 3071 586 συγχέειν,
3115 533 3161 570 ω
3206 517 3395 583 Ἀέτιε,
3419 517 3506 574 καὶ
3531 521 3745 592 ἀφανίζειν

571 619 772 660 nomen
786 603 1013 668 accedit,
1036 602 1117 659 sic
1141 618 1172 657 a
1189 601 1492 659 conditoris
1515 603 1736 658 nomine
1757 603 2018 658 remotior
2030 612 2143 660 est:

564 692 685 750 ﬁeri
723 709 832 749 non
865 701 1064 764 potest,
1096 693 1242 759 Acti,
1268 695 1347 749 uti
1381 693 1786 750 contendamus
1829 697 2035 760 omnia,
2064 702 2148 750 at-

573 798 682 852 que
726 797 793 838 ex
820 782 1040 852 ingenio
1071 792 1167 838 tuo
1192 782 1446 850 perfectae
1485 783 1866 854 appellationis
1894 795 2145 838 commu-

573 873 794 928 nionem
830 875 1089 930 tollamus
1121 890 1154 930 e
1179 875 1379 942 medio,
1410 889 1531 946 quae
1560 874 1867 930 habitudiui
1906 874 1983 930 illi
2017 889 2150 931 con-

567 964 740 1030 venit,
775 981 884 1036 qua
916 981 1043 1021 cum
1087 964 1252 1023 Patre
1313 968 1680 1038 sempiternus
1721 965 1894 1023 Filius
1935 966 2150 1022 increa-

570 1063 774 1127 tusque
825 1064 1200 1127 comparatur.
1266 1057 1410 1113 Fieri
1475 1057 1603 1113 item
1660 1071 1771 1112 non
1831 1064 2045 1128 potest,
2089 1065 2151 1113 ut

570 1146 836 1219 ingenita,
885 1150 1237 1220 inereataque
1281 1157 1475 1205 natura
1519 1158 1705 1206 creata
1735 1149 1810 1206 sit
1833 1150 2149 1220 aliquando,

572 1237 644 1292 ah
678 1253 852 1309 eaque
888 1247 1085 1295 creatae
1114 1241 1192 1296 rei
1238 1241 1570 1306 conditione,
1611 1242 1761 1298 velut
1813 1243 2150 1313 paenitendo,

2261 603 2372 656 ἀπὸ
2405 603 2604 657 σαυτοῦ
2653 605 2754 676 τῆς
2795 605 3007 672 τελείας
3035 608 3176 662 κατὰ
3202 607 3453 683 ἀληθινὴν
3481 613 3635 683 σχέσιν
3651 615 3745 670 Υίώ

2261 693 2403 765 πρὸς
2427 695 2649 768 Πατέρα
2678 697 2767 751 ἀεὶ
2808 698 2962 763 ὄντος
2985 699 3078 753 καὶ
3102 700 3357 754 ἀκτίστου
3387 703 3644 773 ὀνομασίας
3666 707 3749 760 ἔτι·

2259 787 2568 843 κοινωνίαν.
2609 789 2892 845 Ἀδύνατόν
2944 794 3062 847 ἐστι
3106 793 3204 865 τὴν
3230 793 3509 865 ἀγέννητον
3541 797 3620 850 καὶ
3642 798 3752 851 dm-

2259 896 2384 933 στον
2433 880 2611 934 κτίσιν
2634 882 2656 913 ⁸
2705 885 2928 957 κτιστήν
2977 901 3111 939 ποτε
3151 886 3422 954 γενέσθαι,
3459 887 3545 941 καὶ
3579 889 3665 940 ἀπὸ
3688 891 3753 944 τοῦ

2233 971 2545 1026 ’κεκτίσθαι
2578 973 2744 1028 πάλιν
2764 975 3236 1049 μεταμεληθήσαν
3264 979 3572 1049 ἀναδραμεῖν
3596 979 3670 1032 ἐπὶ
3689 980 3756 1050 τὴν

2257 1063 2430 1134 αὐτῆς
2451 1065 2801 1136 ἀγεννησίαν,
2837 1069 2939 1123 κᾶν
2975 1085 3037 1122 τε
3073 1071 3244 1141 μυρία
3276 1071 3407 1140 ἡμῖν
3431 1069 3613 1140 πλέκῃς
3651 1073 3756 1139 ’Δρι-

2255 1153 2550 1226 στοτελικὰ
2579 1154 2891 1228 ζητήματα,
2920 1157 3256 1229 καταλείψας
3283 1161 3383 1231 τὴν
3418 1160 3600 1216 ἄνωθεν
3628 1159 3755 1229 ἁπλῆν

2262 1245 2358 1298 καί⁵
2397 1246 2570 1318 ἁγνὴν
2601 1248 2693 1302 καὶ
2725 1248 3038 1320 Πνεύματος
3065 1250 3221 1318 ἁγίου
3247 1251 3598 1305 διδασκαλίαν.

577 1330 647 1406 ad
693 1331 932 1401 priorem
982 1333 1134 1388 illum
1188 1334 1417 1403 ingeniti
1469 1343 1672 1390 statum
1732 1335 2074 1404 postliminio
2133 1346 2457 1403 revertatur,
2505 1341 2858 1408 quantumvis
2899 1341 3271 1399 Aristotelicis
3312 1342 3420 1398 tuis
3468 1343 3588 1398 iisce
3632 1340 3759 1396 inlini—

571 1422 649 1478 tis
697 1422 1094 1491 quaestionibus
1141 1424 1424 1495 implicare
1473 1439 1577 1481 nos
1617 1424 1860 1490 studeas,
1906 1425 2118 1483 scelesti
2176 1441 2242 1483 ac
2294 1429 2530 1501 simplici
2575 1421 2840 1502 castaque
2883 1429 3122 1490 Spiritus
3163 1434 3344 1491 sancti
3389 1433 3617 1489 doctrina
3649 1434 3760 1489 dere-

571 1514 721 1572 licta.

701 1618 709 1624 ’
961 1629 1126 1706 943
1167 1632 1349 1688 Αετιι
1389 1631 1622 1689 CAPUT
1662 1630 1775 1686 vu.

2659 1631 3057 1688 ΚΕΦΑΛΑῘΟΝ
3084 1633 3342 1692 ΔΕΤΙΟΥ
3366 1638 3438 1691 Ζ⁹.

641 1719 758 1778 Nisi
783 1722 926 1779 Deus
949 1725 1174 1780 omnino
1201 1725 1273 1780 sit
1303 1724 1600 1797 ingenitus,
1648 1724 1785 1779 nihil
1818 1724 1996 1795 ipsum
2039 1737 2158 1795 pro-

2332 1722 2396 1775 Εί
2427 1722 2501 1794 μὴ
2531 1723 2666 1788 ὅλως
2706 1723 2735 1776 ὁ
2775 1723 2908 1789 Θεὸς
2938 1724 3234 1798 ἀγέννητὸς
3263 1727 3430 1793 ἐστιν,
3459 1729 3597 1782 οὐδὲν
3619 1729 3759 1785 κωλύει

571 1813 721 1870 hibet
741 1815 1045 1870 secundum
1071 1823 1325 1873 naturam
1361 1817 1837 1885 substantiamque
1879 1815 2154 1885 genuisse.

2262 1814 2649 1886 γεγεννηκέναι
2688 1816 2981 1882 οὐσιωδῶς.
3017 1818 3081 1872 Ei
3105 1819 3161 1872 δὲ
3185 1819 3326 1883 ὅλως
3354 1819 3498 1874 ἐστὶν
3524 1820 3760 1891 ἀγέννητοι.

578 1903 677 1960 Sin
721 1905 941 1977 penitus
985 1915 1070 1963 est
1114 1905 1412 1979 ingenitus,
1444 1922 1553 1962 non
1579 1913 1664 1964 est
1691 1905 1991 1963 secundum
2027 1906 2158 1963 sub-

2262 1905 2360 1959 οὐκ
2415 1906 2689 1972 οὐσιωδῶς
2750 1909 2831 1973 είς
2879 1909 3092 1979 γένεσιν
3127 1911 3319 1983 διέστη
3343 1928 3356 1941 ’
3386 1911 3590 1984 ἐξουσίᾳ
3621 1912 3668 1968 δὲ
3695 1912 3763 1967 ὕπ-

576 1999 836 2054 stantiam
872 1998 940 2054 ad
970 1999 1377 2070 generationem
1410 1999 1730 2063 distractus,
1761 1998 1857 2054 sed
1892 1999 2039 2071 quod
2065 2015 2158 2071 ge.

573 2090 715 2157 nuit,
747 2099 1014 2162 potestate
1054 2103 1120 2148 ac
1153 2089 1413 2149 facultate
1446 2091 1726 2162 produxit.

1136 2203 1445 2274 Confutatio
1493 2201 1569 2258 VI
1575 2203 1627 2260 1.
1980 2267 1988 2274 _

642 2293 712 2350 Et
737 2303 886 2352 totus
913 2295 1188 2366 ingenitus
1221 2304 1328 2360 est,
1359 2295 1751 2367 increatusque
1792 2294 1955 2363 Deus,
1986 2304 2042 2353 et
2065 2297 2159 2368 qui

580 2387 653 2444 ab
677 2387 798 2457 ipso
825 2388 1041 2458 genitus
1083 2396 1190 2452 est,
1221 2388 1524 2454 increatus,
1556 2397 1616 2443 ut
1668 2398 1722 2444 et
1753 2397 1980 2447 sanctus
2011 2389 2160 2446 illius

579 2479 844 2549 Spiritus,
871 2479 1032 2548 cujus
1078 2486 1362 2547 tantopere
1396 2481 1855 2536 existimationem
1888 2480 2092 2547 elevas,
2126 2495 2161 2538 ο

569 2572 813 2627 carnalis
871 2579 925 2627 et
988 2571 1244 2627 animalis
1292 2571 1436 2636 Acti,
1485 2572 1914 2642 spiritaliterque
1958 2571 2162 2642 dijudi-

569 2669 694 2718 cate
727 2663 767 2716 ¹.
794 2660 966 2716 liabet
992 2662 1098 2717 hoc
1125 2676 1310 2733 porro,
1343 2670 1403 2717 ut
1432 2662 1502 2717 ab
1523 2663 1645 2732 ipso
1673 2663 1950 2731 procedat,
1975 2665 2162 2742 singu-

574 2755 676 2810 lari
722 2755 955 2826 quadam
993 2763 1048 2810 et
1083 2756 1285 2811 eximia
1337 2755 1577 2820 ratiunc,
1625 2772 1747 2826 quae
1776 2771 1902 2810 cum
1945 2757 2161 2814 caeteris

570 2846 852 2909 omnibus,
883 2862 1007 2916 quae
1031 2862 1096 2900 ex
1126 2847 1264 2914 ipso,
1299 2862 1390 2914 per
1416 2847 1614 2916 ipsum,
1641 2857 1688 2901 et
1718 2847 1782 2900 ab
1829 2849 1942 2916 ipso
1981 2857 2162 2902 creata

571 2938 770 2999 sunt’,
794 2938 1098 3008 comparari
1150 2938 1356 3008 nequit.
1402 2939 1672 3006 Quocirca
1727 2954 1905 3009 neque
1939 2955 2065 2996 cum
2092 2940 2162 2998 iis

571 3029 740 3083 rebus
767 3043 1060 3083 commune
1090 3038 1174 3084 est
1215 3029 1264 3084 ei
1293 3030 1615 3099 quidquam,
1646 3043 1747 3084 nec
1771 3029 1891 3084 istae
1917 3044 2164 3086 commu-

571 3134 698 3176 nem
745 3133 870 3173 cum
931 3119 1025 3173 illo
1071 3119 1391 3192 dignitatem
1437 3120 1719 3176 vindicare
1761 3119 1865 3176 sibi
1908 3129 2158 3192 possunt.

2263 1997 2459 2069 έστησε
2489 1999 2754 2072 γέννημα.

2829 2201 3164 2272 Ἀνατροπὴ
3205 2200 3291 2256 Z'.

2330 2290 2443 2345 Kal
2489 2291 2610 2355 ὅλος
2659 2291 2792 2357 Θεὸς
2850 2294 3149 2365 ἁγέννητος
3205 2297 3306 2351 καὶ
3348 2293 3606 2360 ἄκτιστος,
3655 2295 3767 2351 καὶὸ

2262 2381 2324 2447 ἐξ
2350 2383 2514 2437 αὐτοῦ
2547 2385 2945 2456 γεγεννημένος
2970 2388 3251 2457 ᾶκτιστος,
3280 2389 3378 2444 καὶ
3401 2388 3460 2442 τὸ
3487 2387 3625 2456 ἅγιον
3655 2386 3766 2442 αὖαῦ

2261 2475 2488 2546 Πνεῦμα
2519 2477 2670 2548 παρὰ
2700 2476 2794 2531 σοῦ
2821 2479 3278 2552 σμικρυνόμενον,
3305 2481 3531 2554 σαρκικὰ
3556 2477 3768 2533 ’Δέτιειιιὶ

2261 2566 2483 2638 ψυχικὲ,
2520 2571 2906 2640 πνευματικῶς
2941 2573 3363 2644 ἁνακρινόμενε,
3404 2571 3660 2645 μονοειδῶς
3689 2569 3769 2638 im

2261 2657 2324 2712 τὸ
2353 2657 2413 2726 ἐξ
2445 2659 2611 2714 αὑτοῦ
2641 2661 2944 2734 ἐξαίρετον,
2981 2663 3058 2734 μὴ
3087 2663 3525 2735 ἀπικαζόμενον
3555 2664 3653 2727 τοῖς
3682 2660 3767 2714 πολ·

2263 2750 2399 2817 λοῖς,
2427 2751 2498 2806 ἐκ
2535 2752 2641 2807 τοῦ
2671 2755 2882 2822 αὐτοῦ,
2910 2754 3009 2810 καί
3049 2755 3126 2810 δι’
3167 2757 3386 2822 αὑτοῦ,
3415 2757 3510 2811 καί
3528 2756 3617 2810 ἀπ’
3638 2749 3768 2807 αὑτοῦ

2262 2844 2702 2914 κεκτισμένοις.
2723 2845 2816 2899 Διὸ
2838 2845 2963 2901 οὕτε
3011 2849 3337 2920 κοινωνήσει
3368 2851 3480 2913 τοῖς
3509 2848 3668 2908 πᾶσιν,
3687 2843 3770 2898 m

2263 2949 2352 2996 τις
2384 2933 2551 2988 αὐτοῦ
2580 2934 2660 3006 τῷ
2710 2935 2984 3008 ἀξιώματι
3031 2938 3500 3009 ὲπικοινωνήσσιε.
3523 2938 3681 2992 Πάντα
3701 2933 3772 3002 γὰρ

2264 3025 2628 3096 παρίπταται,
2651 3025 2746 3081 καὶ
2769 3027 3065 3099 ὑποχωρεῖ,
3095 3029 3191 3083 καὶ
3227 3029 3617 3101 καταλιμπάνει
3647 3027 3775 3080 πᾶσαν

2267 3115 2446 3170 αἰτίαν
2487 3117 2904 3191 συλλογιστικὴν
2943 3118 3024 3189 τῷ
3067 3119 3176 3174 ἀπὸ
3198 3121 3304 3192 τῆς
3334 3121 3482 3186 θείας
3501 3119 3688 3192 Γραφῆς
3718 3117 3774 3170 δι·

573 3207 788 3265 Etcnim
825 3211 1212 3280 praetervolant
1246 3225 1311 3266 ac
1340 3211 1547 3266 cedunt
1578 3211 1786 3277 omnia,
1831 3218 1906 3278 et,
1938 3211 2158 3268 ratioci-

2263 3205 2579 3276 δασκαλικῷ
2606 3209 2768 3278 λόγῳ.
2791 3209 2891 3281 τῷ,
2917 3209 3126 3278 Οὐδεὶς
3157 3207 3288 3267 οἵδε
3321 3213 3428 3268 τὸν
3471 3211 3598 3267 rid?
3611 3212 3654 3264 sl
3669 3206 3774 3279 μὴὸ

574 3299 895 3356 nationibus
921 3300 1372 3370 argumentisque
1407 3299 1640 3364 relictis,
1669 3312 1953 3353 sacrarum
1987 3313 2047 3369 se
2069 3297 2161 3352 lit-

573 3400 819 3449 terarum
851 3392 1169 3448 auctoritati
1215 3391 1610 3460 sententiaeque
1653 3392 2003 3454 submittunt,
2038 3405 2161 3458 qua:

575 3484 722 3547 istud
770 3486 950 3557 ipsum
983 3487 1339 3556 pronuntiant
1369 3501 1384 3538 :
1422 3481 1593 3540 Nemo
1626 3483 1766 3539 novit
1784 3481 2006 3550 Filium,
2054 3481 2162 3536 nisi

577 3577 780 3640 Pater;
822 3593 985 3648 neque
1028 3577 1266 3641 Patrem,
1302 3573 1408 3628 nisi
1447 3573 1651 3638 Filius,
1691 3583 1744 3628 et
1787 3573 1875 3628 cui
1906 3573 2163 3628 revelave-

574 3669 648 3721 rit
677 3668 718 3722 ³.
755 3666 982 3722 Revelat
1014 3673 1194 3722 autem
1239 3681 1335 3737 per
1364 3665 1630 3736 Spiritum
1669 3673 1918 3720 sanctum
1951 3681 2060 3718 non
2093 3663 2162 3720 iis

574 3759 670 3827 qui
711 3758 1046 3828 syllogismis
1089 3773 1148 3813 se
1181 3759 1297 3812 suis
1340 3763 1394 3811 et
1433 3757 1662 3826 argutiis
1696 3755 2162 3824 comprehendere

576 3850 852 3912 nituntur,
885 3847 979 3903 sed
1021 3847 1090 3902 iis
1127 3849 1392 3901 duntaxat
1427 3845 1522 3915 qui
1572 3845 1629 3899 in
1677 3860 1736 3901 se
1768 3844 1982 3901 sincere
2029 3860 2155 3914 per-

581 3935 830 4005 fecteque
892 3935 1246 3991 crediderint.
1311 3933 1447 3988 Nam
1508 3948 1689 4004 neque
1739 3933 1946 4003 judicia
2007 3936 2203 3992 illius!

2265 3298 2493 3368 Πατὴρ,
2516 3300 2661 3355 οὐδὲ
2690 3301 2796 3357 τὸν
2823 3303 3058 3373 Πατέρα
3078 3306 3130 3358 εί
3146 3305 3238 3376 μὴ
3264 3309 3298 3361 ό
3337 3306 3490 3373 mc,
3519 3305 3605 3359 καί
3635 3295 3674 3368 ᾧ
3703 3300 3773 3353 ἐὰν

2263 3391 2656 3464 ἀποκαλύψῃ.
2702 3395 3106 3450 ’Δποκαλύπσει
3149 3396 3209 3450 δὲ
3248 3397 3319 3451 δι’
3351 3396 3504 3466 ἁγίου
3535 3394 3773 3464 Πνεύματυς

2263 3484 2327 3537 οὐ
2364 3487 2476 3548 τοῖς
2510 3485 2672 3540 αὐτὸν
2723 3486 3217 3560 συλλογιζομένοις,
3252 3489 3391 3545 ἀλλὰ
3426 3491 3534 3552 τοῖς
3568 3487 3637 3550 είς
3661 3480 3772 3538 ait?"

2271 3575 2508 3647 γνησίως
2529 3577 2624 3631 καὶ
2653 3577 2874 3644 τελείως
2908 3581 3326 3636 πεπιστευκόσι.
3369 3582 3477 3636 Καὶ
3503 3578 3601 3650 γὰρ
3615 3575 3711 3630 οὔτε
3729 3569 3772 3622 τὰ

2270 3665 2517 3735 κρίματα
2549 3665 2716 3720 αὑτοῦ
2745 3667 3036 3740 ἐρευνῆσαι
3078 3667 3393 3740 δυνηθείης,
3424 3667 3540 3721 οὐδὲ
3563 3662 3648 3726 τὰς
3669 3657 3772 3716 ὁδοὺς

2268 3755 2432 3811 αὐτοῦ
2487 3755 2834 3828 ὲξιχνιάσεις,
2885 3758 3030 3814 κατὰ
3068 3759 3130 3814 τὸ
3184 3758 3586 3833 γεγραμμένον,
3630 3750 3709 3806 κᾶν
3732 3760 3772 3800 τε

2273 3849 2443 3920 μυρία
2470 3851 2604 3921 ἡμῖν
2632 3849 2794 3923 ἔλθῃς
2817 3851 3095 3924 φλυαρῶν,
3123 3851 3360 3908 ἐλεεινὸν
3389 3851 3506 3906 κατ’
3525 3847 3613 3919 ἐμὲ
3628 3840 3772 3910 ἀνορω-

2263 3940 2480 4011 πάριον.

581 4029 923 4098 perscrutari
967 4028 1191 4098 poteris,
1242 4041 1420 4096 neque
1464 4025 1584 4082 vias
1625 4025 1978 4097 investigare,
2022 4026 2163 4084 sicut
2198 4031 2468 4103 scriptum
2515 4039 2599 4090 cst
2646 4034 2688 4100 δ,
2741 4034 2962 4092 tametsi
3020 4034 3268 4092 inﬁnitas
3322 4049 3495 4107 nugas
3535 4026 3772 4090 cfetiam

577 4119 890 4178 miserrime
916 4132 981 4172 ac
1011 4118 1116 4171 mei
1157 4116 1352 4171 similis
1380 4115 1710 4171 homuncio!

1052 4227 1237 4284 AETII
1276 4229 1504 4284 CAPUT
1545 4228 1681 4284 Vill.

649 4323 705 4379 Si
729 4323 1006 4394 ingenitus
1037 4322 1182 4378 Deus
1207 4323 1505 4393 generandi
1548 4323 1600 4376 vi
1645 4330 1792 4378 totus
1838 4330 1923 4378 est
1965 4321 2159 4392 praedi-

575 4425 687 4479 tus,
717 4416 860 4486 quod
888 4415 1128 4487 genitum
1175 4423 1278 4478 cst,
1312 4413 1617 4470 secundum
1657 4421 1906 4468 naturam
1939 4429 2047 4467 non
2074 4419 2162 4468 est

575 4507 846 4578 genitum,
879 4522 1005 4561 cum
1054 4514 1169 4561 tota
1212 4507 1332 4574 ipsa
1383 4516 1580 4560 natura
1609 4504 1834 4562 insitum
1877 4505 2010 4558 illud
2059 4505 2162 4558 ha-

574 4602 720 4664 beat,
753 4611 813 4652 ut
861 4599 1070 4668 gignat,
1104 4613 1214 4652 non
1246 4607 1301 4652 ut
1349 4597 1625 4668 gignatur.
1667 4596 1875 4664 Quodsi
1923 4611 2164 4651 commu-

575 4701 685 4744 tata
721 4690 814 4747 Dei
857 4691 1121 4757 essentia,
1171 4690 1416 4759 genitum
1447 4689 1708 4758 quiddam
1760 4698 2008 4749 vocetur,
2047 4702 2159 4744 non

573 4783 682 4839 erit
731 4781 1111 4845 immutabilis,
1155 4796 1280 4836 cum
1320 4780 1368 4836 ei
1430 4779 1548 4850 ipsa
1591 4779 1823 4834 mutatio
1869 4777 1989 4833 Filii
2035 4793 2161 4849 pro-

579 4874 862 4944 prietatem
895 4873 1108 4929 eﬂiciat.
1145 4872 1255 4928 Sin.
1282 4883 1340 4930 et
1383 4873 1706 4928 mutationis
1737 4881 1822 4928 est
1856 4887 2073 4942 expers,
2104 4879 2160 4927 et

575 4966 725 5020 omni
764 4966 1120 5036 generatione
1161 4965 1255 5021 Dei
1295 4974 1488 5021 natura
1525 4965 1889 5036 prmstantior,
1917 4962 2065 5034 quod
2093 4963 2163 5020 de

577 5053 717 5109 Filio
750 5057 1040 5122 asseritur,
1069 5055 1186 5114 sola
1217 5057 1582 5128 appellatione
1615 5055 1910 5112 constabit.

1109 5165 1420 5235 Confutatio
1464 5161 1633 5220 VIII.

647 5253 766 5310 Non
795 5262 849 5309 te
872 5253 1222 5320 solum,Aeti,
1243 5260 1338 5314 sed
1361 5266 1417 5314 et
1442 5258 1744 5313 Iucreticum
1766 5255 1932 5330 θη
1955 5273 2158 5314 omnem

574 5360 692 5417 post
731 5350 962 5419 primam
1017 5351 1390 5418 correptionem
1441 5352 1683 5407 devitarc
1720 5354 1962 5424 oportuit
2012 5353 2055 5417 ⁸,
2087 5368 2156 5407 ex

575 5447 766 5492 sancta
796 5436 887 5490 illa
921 5437 1266 5508 sapientique
1287 5438 1441 5496 Pauli
1465 5443 1758 5498 sententia.
1792 5443 1905 5498 Abs
1927 5451 1980 5498 te
2007 5444 2155 5499 enim

581 5528 700 5594 ipso
721 5529 1013 5586 damnatus
1056 5529 1270 5586 tibimet
1297 5532 1545 5594 exitium,
1586 5535 1736 5588 nullo
1763 5534 1871 5588 alio
1904 5542 2154 5605 cogente,

575 5622 904 5677 consciscis.
960 5623 1161 5695 Ecquis
1218 5623 1386 5695 igitur
1431 5624 1587 5679 illius
1638 5625 2018 5692 miserebitur,
2063 5627 2156 5698 qui

2637 4231 3034 4288 ΚΕΦΛΛᾹῙΟΝ
3083 4234 3339 4290 ΑΕΤῙΟΥ
3381 4236 3462 4289 H'.

2337 4320 2399 4372 El
2425 4319 2543 4383 ὅλος
2577 4321 2696 4373 ἐστὶ
2729 4323 3043 4393 γεννητικὸς
3073 4325 3101 4376 ὁ
3121 4323 3416 4396 ἀγέννητος
3445 4322 3584 4386 Θεὸς,
3609 4319 3688 4373 οὐκ
3709 4313 3769 4368 οὗ·

2267 4409 2475 4473 σιωδῶς
2500 4411 2562 4464 τὸ
2593 4412 2856 4481 γεννηθὲν
2877 4413 3161 4485 ἐγεννήθη,
3192 4411 3324 4485 ὅλης
3342 4415 3561 4486 ἐχούσης
3599 4413 3678 4480 τῆς
3707 4404 3767 4459 αἶ’

2267 4502 2390 4565 σίας
2418 4501 2584 4554 αὐτοῦ
2619 4502 2684 4555 τὸ
2732 4505 2947 4575 γεννᾷν,
2985 4505 3046 4558 οὑ
3069 4505 3129 4558 τὸ
3163 4507 3476 4574 γεννᾶσθαι.
3501 4506 3557 4559 Et
3585 4503 3632 4555 δὲ
3653 4513 3766 4570 μετα·

2265 4591 2704 4662 σχηματισθεῖσα
2756 4596 2791 4665 ἡ
2823 4595 2980 4647 οὐσία
3025 4595 3119 4648 τοῦ
3147 4595 3285 4649 Θεοῦ
3333 4597 3566 4667 γέννημα
3588 4591 3764 4659 λέγεται,

2263 4686 2366 4738 οὐκ
2427 4685 2804 4756 ἀμετάϐλητος
2847 4688 2880 4757 ἡ
2933 4685 3089 4739 οὐσία
3140 4687 3329 4754 αὑτοῦ,
3390 4689 3486 4758 τῆς
3538 4678 3765 4756 μεταϐολῆς

2264 4773 2646 4848 ἐργαζομένης
2699 4776 2800 4848 τὴν
2857 4775 2988 4831 Υίοῦ
3051 4779 3392 4850 ίδιοποίησιν.
3431 4779 3491 4832 Εί
3530 4777 3580 4831 δὲ
3615 4773 3680 4841 είη
3700 4766 3764 4822 καί

2263 4863 2664 4936 ἀμετάϐλητος,
2718 4866 2812 4920 καὶ
2856 4866 3120 4934 γενέσεως
3171 4869 3502 4940 κρείττωνή
3549 4863 3674 4919 οὐσία
3699 4853 3762 4910 τοῦ

2263 4956 2422 5018 Θεοῦ,
2451 4957 2511 5010 τὸ
2544 4958 2686 5012 κατὰ
2706 4957 2800 5012 τὸν
2825 4958 2953 5012 Υίὸν
2988 4958 3094 5025 ἕως
3119 4960 3282 5032 ψιλῆς
3310 4957 3647 5034 προσηγορίας
3669 4954 3759 5021 δίιο⁸

2177 5062 2186 5076 ι
2262 5047 2640 5120 λογηθησεται.

2833 5167 3164 5236 Ἀνατροπὴ
3197 5171 3282 5223 Η⁹.

2338 5257 2484 5311 Ἔδει
2519 5257 2619 5328 μὲν
2646 5253 2740 5312 οὗν
2765 5259 2826 5310 οῦ
2855 5258 3015 5329 μόνον
3043 5258 3124 5319 σὲ,
3152 5259 3343 5321 Ἀέτιε,
3370 5255 3496 5329 ἀλλὰ
3512 5253 3592 5307 καὶ
3614 5246 3757 5302 πάντα

2265 5353 2563 5417 αἱρετικὸν
2585 5351 2738 5420 μετὰ
2758 5353 2910 5422 μίαν
2930 5355 3257 5408 νουθεσίαν
3287 5348 3649 5426 παραιτεῖσθαι,
3667 5339 3720 5398 ὡς
3735 5333 3755 5384 δ

2267 5440 2421 5509 ἅγιος
2454 5442 2544 5495 καὶ
2577 5444 2737 5512 σοφὸς
2781 5443 2992 5496 κελεύει
3023 5443 3200 5512 λόγος.
3233 5443 3658 5508 Αὖτοκατάκριτος
3679 5426 3755 5496 γάρ

2266 5535 2576 5604 τυγχάνεις,
2639 5533 2816 5604 ἑαυτῷ
2870 5535 2960 5589 τὸν
3009 5535 3228 5607 ὄλεθρον
3273 5534 3646 5604 ἐπισπώμενοςν
3688 5514 3751 5571 κει

2265 5625 2385 5696 οὐχὶ
2415 5627 2505 5694 ὑφ’
2538 5625 2726 5700 ἑτέρου
2771 5630 3234 5702 ἀναγκαζόμενος.
3271 5631 3360 5694 Τίς
3383 5624 3471 5682 οὖν
3499 5607 3751 5690 ἑλεήσειτδν

654 5773 673 5808 ι
702 5772 722 5827 1
751 5772 875 5830 Cor.
907 5795 968 5847 ιι,
999 5783 1087 5837 Η.
1166 5785 1187 5815 ⁹
1218 5781 1338 5840 σοι.
1377 5798 1416 5848 ι,
1454 5781 1542 5840 16.
1615 5785 1635 5816 ³
1659 5783 1853 5842 Matth.
1887 5801 1963 5858 XI,
1986 5785 2076 5842 27.
2153 5786 2158 5814 ¹

2262 5800 2356 5847 1m.
2389 5802 2466 5856 ιι,
2505 5787 2595 5845 33.
2673 5789 2694 5823 ⁸
2724 5789 2829 5845 Tit.
2854 5805 2938 5859 ιιι,
2963 5791 3046 5846 10.
3125 5792 3146 5824 ⁶
3171 5788 3232 5846 F.
3267 5786 3438 5860 φύσιν.
