1982 3200
144 188 201 216 565

445 185 631 216 ADVERSUS
650 187 820 216 HERESES
839 186 904 215 LIB.
926 187 935 215 ι

987 186 1070 215 Τοιι.
1090 187 1111 214 1.
1129 201 1164 207 -
1183 186 1320 215 ΠΑ-ζΒΕὸ.
1341 186 1458 214 LXXVI.

144 248 236 283 ἑαυτῷ
249 246 377 283 πονηρὸν,
391 247 438 274 καὶ
451 247 539 279 οὐδενὶ
549 247 650 282 ἀγαθὸν
664 249 833 283 τυγχάνοντα
845 256 852 281 ;
868 248 938 274 Ἀλλ’

988 247 1041 275 sibi
1064 246 1116 282 ipsi
1133 246 1233 278 malus,
1249 245 1352 275 nmini
1366 246 1444 273 alteri
1460 245 1549 273 bonus
1562 249 1605 273 est
1619 244 1651 272 "l
1673 244 1726 273 Sed
1743 254 1778 274 ne

144 294 191 325 ἵνα
216 294 253 329 μὴ
279 294 323 328 ἐφ’
339 290 381 325 οἷς
403 292 574 329 ὲελάστησας
599 293 639 329 τῷ
669 294 767 330 κόσμῳ
784 295 890 327 κακοῖς,
908 294 938 320 έν

144 338 254 375 σεαυτῷ
280 338 360 375 ἔχων,
388 338 593 374 θπολαμὸἀνοις
609 339 647 371 ὡς
664 339 728 376 περὶ
746 340 873 376 μεγάλων
891 339 938 366 καὶ

142 383 307 415 ἀντιθέτων,
334 382 519 419 ἐπιμενοῦμεν
549 383 597 411 καὶ
615 383 692 411 αὐτοὶ
714 384 784 419 μετὰ
801 383 938 420 μακροθυ-

143 429 213 464 μίας
244 429 278 464 τῇ
299 427 418 464 διστόμῳ
447 428 580 464 μαχαίρᾳ,
601 428 648 456 τοῦ
671 429 790 464 Χριστοῦ
803 429 876 464 λόγῳ
893 430 938 455 ὲκ-

141 474 289 509 τέμνοντές
318 482 364 500 σου
397 473 446 505 τὰς
467 473 635 506 ἀκανθώδεις
654 474 744 510 ῥίζας,
757 475 786 501 έν
802 476 834 510 τῇ
848 475 935 509 ὑγιαι-

140 519 228 555 νούσῃ
243 519 310 556 πρὸς
319 518 386 545 Θεὸν
399 519 491 556 τελεία
508 519 558 546 καὶ
579 519 694 556 ἀληθινῇ
712 520 851 556 ὁμολογίᾳ.
868 520 936 553 Δόξα

140 566 199 601 γὰρ
224 565 264 600 τῷ
289 565 415 601 έλεήμονι
430 565 470 601 τῷ
487 566 645 601 φωράσαντί
665 574 705 598 σε,
723 567 813 598 ὁποῖος
825 564 862 599 si,
888 566 936 602 τὴν

139 610 190 636 τοῦ
212 609 295 637 Ἰούδα
312 610 419 646 ἐπέχων
435 609 523 643 τάξιν,
541 611 587 637 τοῦ
603 611 652 637 σὺν
668 612 724 641 τοῖς
741 611 875 646 μαθηταῖς
887 612 937 647 μὲν

138 653 351 690 ἅριθμηθέντος,
380 654 574 690 ἀφορισθέντος
594 654 634 686 δὲ,
653 655 682 681 οὐ
696 654 813 691 Χριστοῦ
830 654 936 690 ἔχοντος

138 701 188 727 τὸν
202 700 273 732 νοῦν,
287 700 343 727 ἀλλ’
356 700 389 726 ὲκ
401 699 448 726 τοῦ
463 700 571 727 Σατανᾶ
589 700 790 735 ὑποδεξαμένου
805 700 854 736 τὴν
866 701 935 736 πρὸς

137 746 189 774 τὸν
202 746 343 782 Δεσπότην
359 746 441 774 αὑτοῦ
458 746 683 782 ἐπαρνησιθεῖαν.
702 747 774 783 Ψιλῇ
789 748 843 784 γὰρ
864 747 936 781 λέξει

136 792 322 828 ὡμολόγησας
345 792 391 819 τὸν
417 792 482 820 Υἱὸν
492 791 540 819 τοῦ
554 792 622 819 Θεοῦ
640 792 713 828 ἔχειν
732 794 761 820 ὲν
772 794 806 829 τῇ
819 793 933 829 διανοίᾳ.

139 838 199 865 Καὶ
225 837 267 869 τίς
294 839 352 864 ἐστι
368 838 447 873 χρεία
463 838 528 872 περὶ
542 837 593 872 τῆς
605 838 673 873 πρὸς
686 838 716 864 σὲ.
734 837 841 871 λαλιᾶς,
852 839 934 865 ὁπότε

137 883 314 910 παντάπασιν
327 883 467 919 ἀλλότριος
480 883 652 919 Χριστιανῶν
666 883 810 919 ὑπάρχεις,
826 892 933 919 προφη-

988 292 1108 328 pessima
1134 293 1180 319 illa
1203 292 1341 328 dogmata.
1357 299 1418 328 qua
1445 291 1476 319 in
1489 291 1590 320 mundo
1616 295 1643 319 te
1665 295 1788 321 auclore,

988 338 1168 373 pullularunt,
1184 338 1359 372 magniﬁcum
1375 337 1504 372 quiddam
1520 341 1548 365 et
1564 337 1698 372 ejusmodi
1714 343 1777 364 esse

989 392 1114 415 censeas,
1133 388 1162 410 ut
1180 383 1288 411 veritati
1315 383 1507 410 contradicere
1530 383 1646 417 possint.
1671 382 1701 409 in
1725 382 1777 409 hoc

987 431 1075 465 ipsum
1108 430 1223 465 patienti
1253 428 1444 456 incumbentus
1472 428 1580 460 animo,
1609 433 1640 454 ut
1664 427 1777 461 ancipiti

987 475 1078 511 gladio
1094 476 1114 507 ⁵,
1136 475 1186 502 hoc
1212 480 1253 502 cst
1275 474 1378 502 Christi
1397 474 1491 506 verbo,
1508 474 1636 507 spinosas
1659 476 1721 499 tuas
1735 479 1777 499 ra-

987 522 1064 550 dices
1086 522 1257 552 excidamus,
1282 528 1313 548 ac
1334 520 1485 550 salubrem.
1512 519 1661 553 perfectam
1676 526 1709 546 ac
1722 518 1777 546 sin-

986 574 1077 595 ceram
1109 567 1170 594 iidei
1206 566 1410 595 confessionem
1445 572 1629 600 opponamus.
1663 564 1776 600 Magnas

987 612 1079 646 itaque
1096 611 1269 639 misericordi
1288 611 1343 639 Deo
1357 611 1460 646 gratias
1473 617 1554 645 agere
1569 610 1713 641 debemus.
1728 609 1776 644 qui

986 656 1141 691 cujusmodi
1167 656 1206 685 sis
1230 656 1354 684 indicare
1367 656 1449 684 nobis
1467 656 1564 688 voluit,
1585 659 1627 687 tu,
1652 655 1775 690 inquam.

991 703 1036 738 qui
1054 702 1131 731 Judae
1153 703 1243 730 locum
1267 703 1409 737 vicemque
1429 703 1552 730 sustines
1568 711 1575 729 ε
1592 702 1639 736 qui
1658 709 1721 729 cum
1736 701 1779 728 in-

987 754 1029 777 ter
1049 749 1202 784 discipulos
1224 752 1397 781 censeretur,
1421 748 1456 776 ab
1479 755 1575 776 eorum
1599 754 1715 774 numero
1734 754 1778 774 se-

962 827 964 829 _
985 798 1115 831 grcgatus
1130 799 1184 826 est.
1200 794 1273 830 quod
1289 794 1393 822 Christi
1409 798 1500 821 mente
1519 799 1692 827 nequaquam
1707 799 1776 826 prae-

985 840 1060 868 ditus
1074 849 1090 868 e
1110 840 1220 867 Satanas
1237 840 1328 867 amatu
1347 839 1480 867 nefariam
1498 838 1571 865 illam
1584 838 1709 872 ejurandi
1728 836 1774 864 Dei

985 887 1152 913 voluntatem
1167 886 1315 920 expressit.
1331 884 1370 912 Ita
1382 888 1410 913 et
1429 889 1458 911 tu
1473 884 1566 912 verbis
1580 888 1662 911 tcnus
1676 882 1775 909 Filium

136 929 196 955 τῶν
205 937 234 955 τε
246 929 294 955 καὶ
308 928 475 961 ἀποστόλων,
488 929 535 956 καὶ
557 928 768 963 εὑαΠελιστῶν,
787 928 934 965 μαρτύρων

985 931 1032 959 Dei
1058 930 1160 958 habere
1183 935 1209 958 te
1233 930 1261 957 in
1292 929 1385 957 animo
1409 928 1556 964 proﬁteris.
1589 927 1662 960 Quid
1685 932 1776 954 autem

136 983 170 1001 τε
179 974 226 1001 καὶ
234 974 342 1001 πάντων
356 974 409 1000 τῶν
420 974 520 1009 ἅγίων;
539 974 593 1001 τῶν
607 974 716 1008 ἐλέγξαι
728 982 757 1001 σε
774 975 814 1006 εις
826 975 933 1011 ἡμέραν

137 1020 258 1055 κρίσεως
280 1019 398 1053 ἑτοίμως
423 1019 557 1053 ἐχόντων’
577 1019 618 1045 ὃτι
637 1018 701 1054 ἀχρι
721 1018 837 1045 θανάτου
855 1027 933 1054 στρε-

137 1064 282 1099 ϐλούμενοι
297 1064 457 1099 ὑπέμειναν.
476 1064 680 1100 μαστιζόμενοι,
700 1064 832 1099 Εεόμενοι,
852 1064 933 1100 θηρσὶ

137 1110 188 1136 καὶ
212 1109 280 1144 πυρὶ
306 1108 527 1144 παραϐληθέντες
546 1109 593 1136 καὶ
625 1108 698 1143 φόνῳ
716 1108 864 1144 μαχαίρας,
889 1108 933 1135 ἵνα

136 1154 203 1181 Υίὺν
218 1154 286 1181 Θεοῦ
304 1154 368 1181 ὂντα
400 1155 447 1181 καὶ
468 1153 498 1186 ἐξ
517 1153 600 1180 αὑτοῦ
617 1153 751 1189 ἀληθινῶς
766 1154 932 1190 γεγεννημέ-

136 1208 186 1225 νον
207 1199 245 1235 μὴ
267 1200 449 1235 ἀρνήσωνται.
466 1199 627 1234 Γεννητικός
647 1198 701 1234 γὰρ
717 1201 731 1226 ὁ
742 1199 837 1235 Πατὴρ
850 1199 932 1234 μόνου

134 1244 323 1279 Ηονογενοῦς,
347 1244 394 1271 καὶ
406 1245 455 1280 οὐχ
471 1244 566 1280 ἐτέρου
587 1245 659 1277 τινὸς
677 1245 717 1271 ἔτι
730 1245 799 1280 μετά
812 1245 858 1272 τὸν
874 1245 932 1277 ἕνα,

134 1290 187 1316 καὶ
198 1290 401 1326 ἀνομϐρητικὸς
420 1290 580 1325 Πνεῦματος
606 1290 694 1325 ἁγίου,
711 1291 759 1317 καὶ
777 1290 827 1326 οὐχ
838 1290 932 1327 ἑτέρου

133 1335 306 1370 Πνεῦματος,
335 1335 456 1370 Κτίστης
479 1335 508 1361 δὲ
527 1335 575 1362 καὶ
590 1335 706 1371 ποιητὴς
721 1336 775 1363 τῶν
791 1337 836 1363 ὑπ’
850 1336 932 1363 αὑτοῦ

133 1380 291 1415 γενομένων
318 1371 365 1406 καλ.
383 1380 429 1407 ἀεὶ
450 1380 630 1416 γιγνομένων.
654 1381 699 1407 Διδ
712 1381 804 1408 οὐκέτι
826 1381 932 1408 πολλῶν

134 1425 204 1452 υἱῶν
225 1426 414 1461 γεννωμένων,
428 1425 490 1452 οὔτε
506 1426 612 1453 πολλῶν
629 1427 793 1462 πνευμάτων
808 1427 838 1459 ἐξ
850 1427 932 1454 αὐτοῦ

133 1469 373 1505 ἐκπορευομένων,
389 1470 439 1505 τῆς
456 1469 540 1504 αὐτῆς
555 1468 681 1505 θεότητος
693 1470 736 1497 ἀεὶ
753 1471 782 1496 ιν
793 1472 827 1506 τῇ
837 1470 932 1507 Τριάδι

135 1515 274 1551 μενούσης
289 1515 336 1542 καὶ
356 1515 540 1551 δοξαζομένης
570 1516 618 1542 καὶ
640 1516 776 1551 μηδέποτε
794 1516 934 1552 προστιθε-

135 1561 232 1598 μένης,
244 1561 313 1596 μήτε
325 1560 473 1596 ληγούσης,
490 1561 559 1596 μήτε
578 1561 787 1596 ὑπολειφθείσης
801 1561 877 1593 ποτὲ,
891 1561 929 1593 ὡς

984 977 1110 1012 pluribus
1139 980 1229 1004 tecum
1255 974 1373 1010 colloqui
1392 981 1506 1002 necesse
1527 977 1588 1006 est,
1601 980 1664 1000 cum
1686 972 1725 1000 sis
1740 972 1775 999 ab

984 1023 1058 1050 ornni
1081 1026 1154 1049 cmtu
1172 1021 1395 1055 Christianorum
1421 1020 1542 1049 alienus.
1569 1019 1710 1053 prophetis
1733 1017 1776 1044 ni-

984 1068 1095 1100 mirum,
1122 1067 1268 1102 apustolis.
1293 1066 1480 1101 evangelistis,
1499 1064 1776 1100 martyributica‘tc-

983 1112 1023 1140 ris
1052 1111 1170 1146 denique
1201 1110 1328 1138 sanctis?
1360 1110 1404 1143 qui
1424 1113 1452 1136 te
1464 1113 1588 1136 extremo
1612 1108 1659 1134 illo
1679 1106 1776 1142 iudicii

983 1158 1027 1186 die
1051 1158 1140 1192 palam
1165 1157 1348 1191 redarguent,
1382 1155 1456 1190 quod
1483 1155 1516 1181 ad
1547 1159 1661 1182 mortem
1688 1160 1777 1187 usque

983 1203 1159 1238 qutcstioncs,
1187 1201 1304 1237 flagella,
1320 1201 1456 1232 lanienas,
1482 1199 1596 1229 bestias.
1624 1199 1709 1234 ignes.
1728 1206 1776 1233 po-

983 1253 1086 1277 stremo
1103 1247 1222 1282 gladium
1241 1246 1435 1278 sustinuerint,
1451 1249 1479 1272 ιιι
1500 1253 1536 1272 ne
1558 1244 1605 1271 Dei
1620 1243 1719 1270 Filium
1748 1247 1777 1271 et

983 1293 1018 1320 ab
1033 1293 1094 1327 ipso
1107 1299 1200 1319 revera
1214 1291 1406 1326 procedentem
1419 1291 1598 1325 abnegarent.
1611 1289 1693 1316 Pater
1703 1288 1776 1316 enim

983 1346 1069 1365 unum
1093 1337 1228 1365 duntaxat
1254 1336 1365 1368 Filium.
1380 1343 1434 1363 non
1449 1336 1567 1363 alterum
1589 1335 1624 1362 ab
1637 1342 1670 1362 eo
1687 1338 1779 1370 potest

982 1383 1106 1419 gignere,
1123 1382 1194 1410 idem
1209 1386 1237 1410 et
1261 1381 1395 1416 Spiritum
1422 1386 1561 1412 sanctum.
1578 1387 1634 1407 non
1658 1379 1777 1407 alterum

982 1429 1018 1456 ab
1033 1436 1066 1456 eo
1084 1428 1216 1464 Spiritum
1238 1431 1335 1462 suapte
1351 1427 1376 1454 vi
1398 1431 1482 1461 atque
1508 1434 1542 1454 ex
1561 1433 1622 1454 sesc
1636 1424 1777 1460 produxit.

982 1474 1017 1500 At
1045 1481 1140 1501 eorum
1166 1481 1228 1508 qua:
1250 1472 1285 1500 ab
1301 1473 1361 1508 ipso
1389 1473 1461 1499 facta
1487 1475 1563 1503 sunt.
1595 1475 1622 1498 ct
1647 1473 1777 1505 perpetuo

984 1520 1061 1552 iinnt,
1081 1523 1191 1547 creator
1204 1522 1247 1546 est
1262 1526 1295 1546 ac
1310 1510 1447 1546 conditor.
1463 1517 1598 1551 Quocirca
1611 1524 1699 1551 neque
1719 1516 1778 1551 plu-

982 1573 1026 1593 res
1054 1564 1144 1591 adhuc
1170 1567 1336 1600 generantur
1362 1564 1420 1594 filii,
1447 1570 1537 1598 neque
1562 1562 1656 1597 plures
1679 1561 1715 1589 ab
1740 1568 1774 1588 eo

134 1593 177 1642 μὴ
314 1593 421 1633 Διό-καὶ
436 1593 485 1642 οὐχ
556 1606 639 1642 ψιλῆς
654 1593 801 1641 ὀνομασίας
828 1607 874 1633 ἐπὶ
890 1606 928 1641 τῷ

983 1609 1132 1644 procedunt
1159 1593 1284 1644 spiritus.
1312 1608 1366 1636 Sed
1391 1593 1523 1635 divinitas
1550 1593 1610 1642 ipsa
1636 1606 1665 1634 in
1691 1606 1780 1633 Trini-

133 1653 285 1688 γεννήματι
296 1652 404 1678 ἵσταται
421 1652 453 1679 τὸ
469 1652 590 1688 ἀξίωμα·
607 1653 668 1679 ἐπεὶ
682 1652 715 1679 ἄν
726 1652 841 1685 πολλοὺς
854 1653 928 1680 ἀδελ.

134 1700 204 1734 φοὺς
235 1700 292 1734 μετ’
323 1698 405 1725 αὑτὸν
430 1698 509 1734 ἔσχεν
531 1699 642 1734 ὁμοίους
660 1699 744 1734 αὐτῷ,
764 1699 803 1731 ὡς
822 1699 868 1726 ἐπὶ
888 1699 927 1735 τῷ

133 1746 294 1781 εἰρημένῳο
314 1745 401 1779 Υἰοὺς
420 1746 570 1781 ἐγέννησα
596 1746 646 1772 καὶ
660 1746 787 1780 ὕψωσα’
813 1746 860 1773 καὶ
881 1746 928 1772 ἐπὶ

133 1791 190 1826 τῷ,
211 1791 243 1818 ’0
256 1791 383 1824 τετοκὼς
395 1792 516 1824 ,βώλους
527 1791 639 1826 δρόσου
651 1799 658 1805 ·
674 1792 721 1818 καὶ
738 1792 783 1818 ἐπὶ
798 1791 847 1827 τῷ,
864 1792 927 1826 Ἀφ’

134 1835 174 1865 οὗ
188 1835 272 1863 πᾶσα
296 1836 404 1871 πατριὰ
422 1837 457 1863 ὲν
471 1837 588 1871 οὐρανῷ
600 1837 705 1864 καὶέπὶ
719 1837 776 1872 τῆς
792 1836 929 1871 ὀνομάξε-

134 1890 199 1909 tur
214 1881 261 1908 καὶ
295 1881 341 1908 ἐπὶ
358 1881 409 1916 τῷ,
428 1882 490 1915 οὐχ
508 1878 553 1914 εἷς
571 1881 674 1916 Πατὴρ
691 1881 813 1908 πάντων
827 1881 927 1916 imane;

135 1926 185 1953 καὶ
204 1925 250 1952 tul.
265 1925 315 1961 τῷ,
331 1924 406 1958 Παῖς
429 1933 490 1959 μου
514 1924 630 1952 Ἰακώϐ·
654 1926 701 1953 καὶ
726 1926 773 1952 ἐπὶ
787 1925 835 1961 τῷ,
849 1927 929 1959 Πρων

134 1970 259 2003 τότοκός
268 1979 328 2004 μου
353 1969 483 2003 Ἰσραήλ.
496 1967 576 1997 Οὗτοι
587 1969 642 2004 γὰρ
656 1970 767 2003 πάντες,
776 1970 841 2006 ψιλῇ
855 1970 929 2004 λέξει

134 2017 167 2043 τδ
182 2017 231 2051 τῆς
248 2016 394 2051 ἀναγωγῆς
411 2016 465 2042 ἀπὸ
478 2015 525 2042 τοῦ
543 2016 580 2052 μὴ
597 2014 667 2043 εἴναι
686 2017 725 2047 εις
734 2016 764 2042 τὸ
783 2014 852 2043 εἶναι
866 2024 930 2050 προ-

136 2062 295 2096 κεκοφάιες,
312 2062 343 2088 οὐ
363 2061 422 2088 κατ’
439 2061 534 2088 οὐσίαν
549 2062 583 2096 τῇ
600 2061 712 2097 ἀληθινῇ
735 2062 857 2089 ἵστανται
871 2062 929 2088 ὀνο-

137 2107 237 2144 μασίᾳ,
251 2108 320 2134 ἀλλά
329 2107 415 2143 ψιλῶς
425 2106 549 2134 καὶκατὰ
559 2107 650 2144 χάριν,
666 2106 730 2133 οὔτε
747 2107 812 2143 ψιλῇ
828 2108 928 2143 ὀνομα-

136 2153 186 2189 σίᾳ
199 2152 398 2189 ὀνομαζομένου
414 2154 435 2184 ί.
448 2152 518 2180 ἀλλὰ
525 2153 595 2179 κατά
602 2152 731 2189 ἀλήθειαν
744 2153 798 2179 ἀπὸ
813 2153 860 2180 τοῦ
871 2153 929 2185 ὲνὺς

133 2198 182 2225 διὰ
196 2198 242 2224 τοῦ
260 2198 329 2230 ἑνὸς,
345 2198 395 2225 σὺν
408 2197 448 2233 τῷ
468 2197 498 2231 ἑξ
529 2196 614 2224 αὐτοῦ
635 2198 846 2235 ἐκπορευομένῳ
857 2218 864 2230 ,
880 2198 928 2225 τοῦ

136 2242 223 2270 αὐτοῦ
235 2243 410 2279 λαμϐάνοντι.
814 2246 817 2249 ’

978 1658 1035 1681 tate
1060 1657 1163 1686 manet,
1189 1661 1220 1681 ac
1245 1653 1421 1689 praedicatur,
1444 1660 1495 1680 nec
1519 1651 1553 1679 ad
1578 1659 1639 1679 eam
1666 1651 1722 1678 ulla
1749 1650 1779 1678 ﬁt

977 1698 1112 1732 accessio,
1131 1706 1220 1734 neque
1237 1698 1341 1726 desiuit
1357 1704 1489 1732 unquam,
1512 1704 1601 1731 neque
1617 1696 1696 1731 quasi
1713 1703 1780 1724 nus-

977 1751 1058 1779 quam
1071 1744 1107 1771 sit
1121 1744 1292 1773 destituitur.
1312 1742 1391 1771 Unde
1413 1750 1468 1770 non
1486 1743 1513 1770 in
1524 1742 1706 1777 appellatione
1719 1740 1779 1768 sola

977 1790 1039 1825 ejus
1056 1790 1129 1826 quod
1157 1790 1279 1825 genitum
1294 1794 1348 1822 est,
1363 1788 1484 1824 dignitas
1504 1787 1644 1815 consistit.
1668 1786 1779 1821 Alioqui

979 1843 1060 1871 quam
1078 1836 1213 1872 plurimos
1229 1839 1292 1871 post
1318 1843 1348 1862 se
1370 1834 1473 1863 fratres
1488 1842 1520 1863 ac
1539 1834 1583 1862 sui
1602 1833 1707 1862 similes
1731 1831 1780 1858 lia-

977 1881 1063 1914 beret,
1096 1885 1125 1909 ut
1150 1889 1184 1909 ex
1211 1881 1258 1908 illo
1278 1881 1338 1908 loco
1363 1884 1496 1908 constat:
1515 1879 1602 1907 ltitia:
1626 1879 1722 1914 genui,
1752 1882 1778 1904 σι

977 1927 1130 1959 exaltant";
1149 1927 1215 1954 item
1231 1936 1237 1953 :
1260 1926 1313 1960 Qui
1324 1927 1415 1962 genuit
1429 1926 1518 1954 ειὶίιαι
1542 1925 1611 1953 raris
1626 1925 1653 1957 ";
1676 1930 1732 1951 tum
1751 1923 1780 1949 il-

980 1972 1047 2000 lud:
1069 1971 1111 1999 Ea;
1134 1981 1185 2007 quo
1200 1971 1285 2000 omnis
1307 1973 1457 2007 paternilas
1478 1973 1505 2000 in
1520 1972 1585 1999 caelo
1613 1975 1638 1998 et
1658 1971 1684 1997 in
1709 1975 1780 1996 terra

979 2019 1131 2046 nominatur
1145 2019 1155 2034 ⁷
1167 2027 1174 2051 ;
1191 2018 1289 2045 deinde
1302 2027 1309 2045 :
1328 2017 1422 2044 Nonne
1432 2026 1500 2044 unus
1516 2016 1598 2044 Pater
1610 2020 1649 2043 est
1661 2015 1779 2042 omnium

978 2067 1094 2089 vestrum
1104 2062 1134 2088 εἳ
1148 2061 1229 2097 945
1242 2062 1321 2088 item:
1333 2061 1419 2088 Filius
1429 2070 1499 2089 meus
1509 2060 1594 2088 Iacob
1612 2061 1640 2094 ’;
1656 2063 1683 2087 et
1697 2069 1702 2086 :
1716 2058 1778 2085 Pri-

980 2107 1124 2142 mogem'tus
1146 2115 1218 2133 meus
1239 2106 1329 2133 Israel
1345 2107 1378 2134 ¹⁰.
1397 2106 1466 2133 Nam
1488 2106 1533 2134 isti
1551 2114 1647 2134 omnes
1672 2112 1779 2133 accom-

980 2153 1090 2180 modata
1114 2160 1163 2187 per
1185 2155 1295 2187 tropum
1321 2152 1382 2179 Filii
1401 2160 1478 2186 voce,
1506 2159 1571 2179 cum
1598 2151 1720 2190 nondum
1738 2157 1779 2177 es-

980 2202 1051 2231 sent,
1067 2205 1100 2226 eo
1117 2203 1148 2225 ut
1164 2202 1258 2226 essent
1277 2198 1415 2233 progressi
1440 2201 1516 2225 sunt.
1533 2197 1651 2232 Ideoque
1673 2202 1779 2230 nequa-

979 2252 1061 2279 quam
1091 2251 1157 2271 vera
1177 2250 1210 2270 ac
1227 2243 1314 2270 solida
1330 2243 1482 2270 secundum
1504 2246 1630 2270 naturam
1657 2240 1779 2277 appella-

136 2290 214 2316 tione
239 2294 405 2322 censentur,
434 2290 483 2318 sed
512 2290 604 2318 minus
637 2289 747 2325 proprie
775 2295 807 2316 ac
834 2289 928 2324 gratia:
966 2289 1146 2324 beneficiique
1170 2289 1231 2317 loco
1251 2288 1278 2316 id
1309 2289 1363 2316 illis
1386 2289 1545 2316 tribuitur:
1571 2288 1609 2315 ita
1633 2292 1725 2315 tamen
1747 2289 1778 2313 ut

136 2340 240 2372 praeter
249 2337 459 2372 appellationem
476 2338 564 2372 ipsam
578 2337 644 2364 insit
658 2337 773 2372 aliquid,
785 2341 928 2371 propterea
947 2336 1020 2371 quod
1040 2336 1074 2364 ab
1092 2344 1146 2363 uno
1174 2340 1202 2364 et
1236 2343 1286 2372 per
1309 2344 1394 2364 unum
1417 2344 1514 2364 revera
1535 2338 1678 2378 procreata
1700 2338 1776 2369 sunt,

137 2390 249 2412 necnon
277 2388 304 2412 et
319 2391 335 2412 a
358 2384 462 2419 Spiritu
477 2388 586 2416 sancto,
610 2384 655 2419 qui
677 2385 713 2412 ab
726 2384 785 2419 ipso
801 2383 935 2419 procedit,
954 2388 981 2412 et
995 2391 1029 2411 ex
1044 2383 1105 2419 ipso
1120 2383 1228 2418 accipit.

335 2430 534 2458 ΚΕΦΛΛΑΙΟΝ
553 2430 681 2457 ΑΕΤῘΟΥ
701 2429 739 2457 Θ’.

178 2477 210 2504 El
227 2476 420 2513 σπερματικιῖκ
434 2474 468 2512 ἦν
488 2477 517 2503 ἐν
531 2476 571 2512 τῷ
589 2477 730 2512 ἀγεννήτῳ
744 2476 804 2512 Θεῷ
822 2476 853 2503 τδ
870 2476 931 2510 γέν-

136 2531 227 2559 νημα,
242 2522 311 2559 μετά
324 2523 374 2559 τὴν
396 2523 522 2558 γέννησιν
539 2522 639 2555 ἔξωθεν
662 2522 826 2558 προσλαϐὸν,
843 2522 881 2553 ὡς
898 2522 931 2548 ἂν

137 2568 215 2595 εῐποι
234 2576 291 2600 τις,
303 2567 440 2603 ἠνδρώθη.
458 2567 566 2599 Τέλειος
579 2565 625 2594 οὖν
641 2568 714 2594 ἐστιν
731 2568 745 2594 ὁ
760 2567 825 2599 Υἱὸς
840 2566 890 2593 οὐκ
903 2566 933 2598 ἑξ

136 2612 179 2642 ὧν
193 2614 336 2650 ἐγεννήθη,
349 2614 406 2641 ἀλλ’
423 2613 454 2646 ἐξ
469 2611 507 2641 ὢν
524 2613 687 2650 προσέλαϐε.
705 2613 746 2640 Τὰ
761 2612 817 2649 γὰρ
832 2621 933 2647 συγγε-

136 2660 226 2692 νικῶς
236 2659 493 2696 προσλαμϐάνοντα.
504 2659 543 2692 ὠς
553 2659 584 2692 ὲξ
594 2659 707 2686 ἐκείνων
722 2659 888 2693 συνεστῶτα,
903 2659 933 2686 τὸ

136 2706 246 2735 τελείου
260 2706 346 2742 ὃνομα
356 2706 494 2741 διαφόρως
510 2705 671 2741 προΐεσθαι²
686 2705 818 2741 πέφυκεν.

181 2852 190 2868 ¹
207 2850 297 2879 F.6vo

137 2887 153 2920 τ
171 2886 271 2922 Ephes.
283 2894 326 2921 ιιι,
343 2886 385 2915 l5.

1231 2428 1324 2456 AETII
1343 2428 1458 2457 CAPUT
1479 2428 1526 2457 lX.

1023 2475 1052 2503 Si
1069 2476 1096 2504 in
1112 2476 1234 2512 ingenito
1259 2475 1315 2503 Deo
1332 2475 1439 2511 penitus
1459 2475 1546 2503 Filius
1572 2473 1646 2502 velut
1659 2474 1777 2510 quodam

985 2523 1090 2550 sentina
1106 2522 1308 2555 continebatur,
1327 2520 1399 2548 idem
1413 2520 1460 2548 ubi
1476 2519 1585 2557 genitus
1600 2524 1652 2553 est,
1670 2520 1777 2548 extrin-

986 2576 1067 2597 secus
1090 2569 1248 2597 accessione
1271 2568 1341 2595 facta
1355 2566 1389 2594 ad
1405 2567 1523 2603 virilem,
1543 2570 1572 2594 ut
1591 2567 1627 2594 ita
1647 2566 1775 2598 dixerim.

981 2617 1088 2641 aetatem
1103 2613 1232 2641 adolevit.
1250 2612 1343 2647 Itaque
1359 2612 1499 2648 perfectus
1513 2615 1556 2640 est
1571 2612 1656 2640 Filius
1673 2619 1727 2640 non
1741 2619 1775 2638 ex

982 2657 1042 2693 ipsa
1064 2658 1251 2694 generatione,
1271 2657 1320 2685 sed
1336 2665 1369 2686 ex
1386 2665 1419 2686 eo
1441 2658 1514 2693 quod
1535 2657 1575 2685 illi
1595 2657 1791 2692 postmodnm~

982 2704 1103 2731 accrevit
1117 2712 1124 2731 :
1143 2710 1207 2730 nam
1224 2711 1286 2739 qua;
1300 2706 1433 2739 cognatas
1450 2711 1495 2730 res
1511 2702 1544 2729 ad
1560 2703 1603 2730 sui
1619 2701 1774 2728 incremen-

981 2753 1039 2776 tum
1054 2749 1206 2781 asciscunt.
1225 2753 1355 2784 tanquam
1371 2756 1403 2776 ex
1417 2748 1471 2776 illis
1484 2747 1648 2780 constantia,
1664 2746 1774 2773 diverso

982 2795 1064 2822 modo
1081 2794 1193 2829 perfecti
1207 2802 1306 2821 nomen
1322 2794 1478 2822 admittunt.

299 2851 481 2887 μειξόμενοιηᾉ
494 2851 504 2866 ’
514 2850 545 2879 F.
558 2851 735 2887 προσίεσθαι,
756 2851 777 2887 7’
790 2851 872 2879 Eccli.
889 2860 935 2880 xlv

983 2873 989 2879 .
1028 2854 1039 2869 ⁸
1059 2853 1141 2881 Hebr.
1160 2861 1197 2885 Iv.
1216 2854 1259 2882 l2.
1297 2855 1308 2871 '
1325 2854 1378 2883 lsa.
1399 2861 1418 2886 l,
1434 2854 1462 2881 2.
1501 2854 1511 2869 ⁶
1526 2851 1577 2880 Job
1591 2859 1706 2885 xxxvm,
1721 2850 1768 2879 28.

431 2887 442 2904 '
457 2885 554 2914 Matth.
567 2885 647 2920 xxiii,
662 2886 689 2914 9.
728 2886 738 2902 '
754 2886 807 2914 lsa.
819 2895 874 2922 xu,
890 2887 917 2915 8.
956 2888 978 2904 ¹⁰
995 2887 1082 2917 Exod.
1103 2897 1140 2922 Iv,
1161 2889 1205 2916 22.
