3964 6474
513 435 621 493 ΜῚ

1075 545 1388 617 Confutatio
1430 544 1537 602 ιχ.

587 639 628 694 1.
678 638 797 696 Nisi
843 651 1098 710 corporis
1150 647 1432 709 expertem
1482 639 1787 712 genitorem
1841 641 2102 696 conﬁtea-

458 751 460 753 *
514 745 659 798 mur,
684 736 1150 802 quantascunque
1174 730 1328 786 voles
1359 731 1661 804 tragmdias
1685 731 1944 788 excitato.
1969 730 2102 796 Qui-

513 819 616 874 bus
659 819 932 875 neminem
985 825 1046 873 tu
1084 818 1308 890 quidem
1365 829 1665 890 perterres,
1720 819 1814 875 sed
1863 827 2102 876 mentem

511 917 662 962 tuam
708 923 741 963 a
789 923 934 965 verm
993 908 1118 966 tidei
1163 910 1511 980 professione
1557 912 1969 982 perturbatiOne
2009 911 2102 966 illa

510 1000 727 1068 dejicis.
772 1001 946 1072 Igitur
983 1001 1268 1073 perfectus
1310 1017 1342 1058 e
1381 1003 1566 1074 seipso
1605 1002 1751 1060 Deus
1801 1002 2102 1075 perfectum

511 1093 701 1161 genuit
728 1091 950 1158 Filium,
1002 1109 1110 1149 non
1146 1094 1314 1150 alium
1355 1105 1554 1166 praeter
1592 1107 1866 1152 naturam.
1915 1095 2104 1168 Neque

509 1183 662 1238 enim
702 1185 954 1252 genitore
987 1195 1075 1243 est
1110 1187 1397 1259 indignus,
1453 1203 1557 1244 nec
1599 1195 1884 1245 externam
1933 1190 2102 1244 ullam

513 1277 890 1332 accessionem
919 1278 1219 1335 desiderat.
1263 1278 1412 1335 Nihil
1433 1280 1634 1352 quippe
1677 1279 1980 1336 secundum
2009 1279 2104 1336 Dei

514 1365 885 1424 substantiam
949 1370 1130 1440 majus
1183 1385 1248 1426 ac
1306 1373 1657 1442 praestantius
1708 1387 1832 1428 esse
1881 1379 2102 1444 potest;

513 1457 663 1526 quod
704 1459 850 1515 istud
889 1460 1090 1530 ipsum,
1123 1460 1271 1534 quod
1301 1461 1372 1517 ad
1415 1462 1808 1532 perfectionem
1841 1461 2107 1517 accedere

473 1577 478 1580 -
513 1550 738 1615 dicitur,
787 1567 914 1607 cum
955 1553 1235 1624 indigente
1264 1553 1655 1608 communicet.
1691 1551 1830 1608 Nam
1863 1553 1956 1623 qui
1983 1567 2106 1622 per-

406 1687 410 1691 .
515 1649 682 1708 pctuo
718 1657 917 1712 expers
945 1643 1201 1714 corporis
1233 1642 1476 1708 exsistit,
1537 1658 1794 1714 peraeque
1830 1643 2105 1699 exsisten-

513 1735 624 1784 tem
671 1732 814 1804 apud
851 1734 1059 1804 ipsum,
1096 1732 1519 1804 perfectumque
1559 1735 1840 1803 perfectus
1878 1733 2106 1804 genitali

513 1827 754 1900 quadam
775 1827 826 1880 vi
855 1838 1077 1895 semper
1107 1839 1173 1880 ac
1196 1839 1323 1880 vere
1347 1824 1630 1896 produxit,
1655 1823 1824 1890 Deus,
1856 1825 2105 1896 inquam,

514 1891 745 1989 spiritus
797 1891 1052 1988 spiritum
1097 1917 1308 1987 genuit,
1343 1891 1584 1972 Verbum
1629 1915 1727 1972 Dei
1775 1891 2102 1972 subsistens;
2138 1891 2180 1948 Β

514 2007 615 2064 Est
643 2023 776 2063 vero
803 2021 930 2062 cum
953 2006 1168 2077 primis,
1199 2006 1342 2072 Acti,
1379 2014 1534 2062 tuum
1563 2007 1696 2062 illud
1732 2017 2105 2062 commentum

483 2117 489 2123 ·
514 2097 838 2161 ridiculum,
867 2099 962 2168 qui
999 2097 1250 2154 cmlestia
1281 2098 1642 2168 perscrutari,
1679 2112 1744 2152 ac
1776 2098 1906 2168 quid
1936 2096 2004 2154 de
2029 2098 2109 2153 di-

483 2188 662 2245 vinis
709 2188 874 2244 rebus
912 2189 1346 2244 existimandum
1383 2191 1478 2254 sit,
1515 2191 1849 2261 syllogismis
1903 2197 1960 2244 et
2023 2203 2108 2244 ar-

514 2280 664 2352 gutis
701 2280 1223 2338 ratiocinationibus
1262 2278 1599 2354 investigare
1631 2283 1840 2350 studes,
1876 2297 2002 2338 cum
2050 2283 2102 2339 ei

481 2399 484 2402 ~
514 2376 612 2447 qui
649 2392 682 2433 e
723 2375 900 2432 nihilo
928 2375 1182 2431 condidit
1211 2376 1494 2443 universa,
1541 2383 1598 2432 et
1626 2376 1695 2432 ad
1729 2391 1902 2433 unum
1932 2375 2107 2446 perfe-

511 2471 602 2518 cte
634 2463 822 2519 eadem
852 2463 1140 2519 elaborare
1178 2463 1271 2518 illa
1306 2472 1510 2535 potest,
1548 2466 1754 2537 quique
1791 2466 2000 2521 nullius
2028 2465 2106 2520 in-

509 2554 780 2610 crementi
821 2561 876 2609 et
910 2554 1252 2611 accessionis
1295 2563 1438 2627 eget,
1478 2563 1534 2610 et
1575 2556 1668 2611 illa
1715 2556 1930 2628 legibus
1989 2555 2108 2613 suis

515 2660 582 2700 ac
623 2645 865 2702 decretis
907 2646 1188 2710 astrinxit,
1224 2643 1464 2701 Verbum
1513 2645 1725 2718 amugis
1765 2647 2104 2716 istiusmodi,

513 2737 662 2807 quod
711 2737 1420 2810 augmentum‘diviuitatis
1448 2735 1726 2806 admittat,
1777 2754 1959 2811 neque
2005 2742 2110 2797 sal-

511 2836 627 2883 tem
674 2842 800 2882 cum
833 2827 1037 2884 creatis
1088 2827 1160 2883 ab
1191 2827 1310 2899 ipso
1349 2829 1518 2884 rebus
1560 2827 1838 2899 adaquari
1876 2830 2106 2901 pateris.

513 2919 686 2993 95,6
712 2918 862 2987 Quas
897 2933 1025 2975 cum
1059 2919 1336 2991 perfectas
1370 2921 1531 2976 initio
1572 2921 1967 2994 absolutasque
1997 2937 2110 2979 mo-

521 3012 653 3069 litus
700 3019 808 3076 est,
855 3018 974 3067 tum
1019 3027 1144 3084 quae
1189 3029 1253 3069 ex
1310 3014 1445 3084 ipsis
1483 3013 1755 3079 pullulant
1790 3015 2112 3072 accessione

517 3119 659 3174 opus
685 3102 898 3160 habere.
922 3105 1203 3176 sapientiae
1245 3122 1359 3181 suae
1389 3107 1609 3163 decreto
1652 3107 1938 3164 constituit
1964 3129 1977 3164 :
2006 3123 2109 3164 cu-

515 3193 757 3263 iusmodi
789 3201 920 3251 sunt
957 3210 1078 3266 quae
1107 3195 1368 3268 deinceps
1416 3205 1545 3252 nata
1592 3205 1745 3263 sunt,
1779 3207 2110 3255 nascuntur-

517 3301 627 3358 que
649 3287 918 3358 quotidie,
951 3287 1118 3344 veluti
1149 3289 1375 3352 malum,
1421 3297 1592 3355 terra,
1629 3306 1796 3363 aqua,
1843 3307 1958 3356 aer,
1999 3293 2108 3357 sol,

519 3378 648 3432 luna
673 3417 688 3442 ,
726 3377 908 3433 sidera
955 3387 1012 3434 et
1041 3394 1166 3450 quae
1205 3395 1271 3435 ex
1309 3381 1468 3452 aquis
1502 3381 1782 3448 oriuntur,
1815 3382 1885 3438 ad
1929 3383 2110 3455 ipsum

519 3470 799 3526 hominem
855 3485 1054 3542 usque.
1122 3469 1299 3543 Igitur
1359 3488 1538 3544 neque
1593 3475 1794 3529 caelum
1855 3473 2112 3546 imperfev

517 3571 691 3628 ctrmi,
725 3578 904 3634 neque
939 3571 1144 3619 terram
1189 3580 1442 3620 mancam
1492 3565 1878 3637 deiectamque
1925 3565 2113 3621 condi-

520 3657 626 3721 dit,
665 3657 764 3714 sed
794 3657 1093 3728 perfectam
1127 3658 1293 3724 hanc,
1322 3659 1551 3729 perinde
1581 3669 1746 3732 atque
1773 3661 1972 3716 caelum
1995 3679 2010 3725 ;
2037 3671 2113 3716 ta-

523 3748 683 3804 metsi
726 3747 954 3803 minime
1001 3749 1390 3820 aspectabilem
1439 3751 1614 3820 ipsam
1663 3750 2114 3822 inconditamque

521 3837 828 3903 fabricarit,
860 3845 1087 3908 propter
1119 3839 1508 3909 expolitionem
1547 3848 1601 3895 et
1640 3849 1896 3894 ornatum
1933 3840 2109 3907 illum,

521 3944 686 3999 quem
709 3928 1059 4000 postmodum
1082 3939 1202 3985 erat
1230 3931 1560 4000 eﬂ‘ecturus;
1585 3933 1680 3988 sed
1711 3940 1766 3987 et
1791 3947 1990 4003 aquam
2047 3949 2114 3990 ac

524 4021 712 4076 lumen
749 4021 884 4077 illud
914 4029 1042 4076 ante
1066 4036 1252 4078 omnia
1296 4035 1648 4095 procreatum
1681 4023 1875 4088 edidit,
1918 4040 1982 4079 ac
2013 4039 2113 4096 per

520 4125 739 4176 verum,
781 4109 1084 4166 increatum
1147 4126 1212 4167 ac
1256 4112 1418 4168 vitale
1451 4112 1634 4169 lumen
1690 4113 1946 4170 universa
1993 4130 2115 4185 pro-

520 4199 699 4268 duxit,
735 4211 852 4257 tum
899 4206 1120 4258 demum
1155 4214 1354 4259 caetera
1379 4220 1502 4275 quae
1539 4220 1593 4294 ei
1617 4212 1763 4261 terra
1807 4221 2114 4278 propagan-

522 4303 635 4357 tur,
664 4294 885 4364 adjecit.
931 4293 1075 4351 Ante
1101 4296 1286 4350 omnia
1314 4311 1442 4352 vero
1487 4293 1892 4358 ﬁrmamentum
1932 4297 2112 4369 ipsum

520 4387 750 4441 creavit.
795 4385 1000 4443 Horum
1035 4388 1279 4443 omnium
1318 4403 1483 4460 porro
1519 4388 1656 4443 nihil
1705 4389 2110 4459 imperfectum,

521 4479 619 4535 scd
654 4480 908 4536 absoluta
945 4481 1130 4535 omnia
1164 4482 1465 4536 constituta
1509 4489 1660 4537 sunt.
1705 4480 2002 4546 Producat,
2037 4481 2113 4536 in-

518 4571 658 4641 quit,
693 4580 832 4625 terra
865 4571 1080 4626 herbam
1118 4572 1386 4636 virentem,
1422 4573 1689 4626 seminans
1716 4589 1893 4626 semen
1931 4572 1999 4625 ad
2039 4571 2115 4626 si-
2150 4611 2192 4666 ῃ

1884 427 1944 486 s.
1988 425 2336 484 meum"
2804 383 2828 496 ,Α
3646 415 3724 490 56‘s

2777 545 2832 598 Ἀ
2845 545 3116 614 νατροπὴ
3143 546 3218 598 0'.

2259 634 2331 687 A'.
2345 631 2407 686 Ei
2421 631 2498 703 μὴ
2507 628 2839 700 ὡμολογεῖτο
2851 627 3140 698 ἀσώματος
3150 629 3226 685 ὢν
3237 631 3267 684 ὁ
3277 631 3568 704 γεννήτωρ,
3592 637 3732 693 πάντα

2202 723 2356 794 παρὰ
2386 724 2468 776 σοὶ⁵
2495 724 2772 796 δραματου
2781 721 3035 794 ργείσθω.
3058 723 3556 795 Δραματουργήσας
3574 727 3639 791 δὲ,
3660 729 3736 782 οὐκ

2201 814 2360 870 ἄλλον
2392 813 2512 868 τινὰ
2545 812 2795 885 πτύρεις,
2832 813 3065 866 σεαυτοῦ
3099 815 3155 868 δὲ
3183 814 3279 868 τὸν
3325 815 3447 869 νοῦν
3471 815 3628 880 θολοῖς
3655 820 3738 872 ἀπὸ

2201 908 2303 980 τῆς
2334 906 2594 978 ἀληθινῆς
2613 905 2929 977 ὁμολογίας.
2966 905 3056 973 Ἐξ
3085 905 3254 960 αὐτοῦ
3285 907 3396 978 γὰρ
3429 908 3555 971 Θεὸς
3579 909 3739 972 τέλειος

2203 1001 2309 1070 ὢν,
2343 1002 2548 1056 τέλειον
2597 1000 2727 1054 Υίὺν
2760 999 3085 1072 ἐγέννησεν,
3129 1000 3229 1070 οὐχ
3272 1000 3462 1070 ἕτερον
3499 1000 3635 1072 παρὰ
3670 1002 3740 1072 τὴν

2203 1097 2386 1168 φύσιν.
2419 1096 2495 1151 Οὐ
2539 1095 2650 1168 γὰρ
2691 1094 2949 1166 ἀπρεπής
2998 1095 3114 1146 ἐστι
3162 1093 3304 1164 πρὸς
3346 1093 3437 1146 τὸν
3470 1095 3743 1164 γεννήτορα,

2203 1188 2326 1244 οὔτε
2353 1185 2552 1254 ἔξωθεν
2575 1186 2922 1258 ὲπιδεόμενος
2951 1185 3336 1257 προσλήψεως.
3363 1187 3438 1240 Οὐ
3462 1186 3562 1258 γάρ
3590 1188 3637 1240 τί
3656 1189 3744 1240 ἐστι

2205 1279 2390 1354 μεῖζον
2416 1279 2556 1351 μετὰ
2577 1279 2676 1350 τὴν
2704 1279 2799 1333 τοῦ
2826 1277 2963 1332 Θεοῦ
2985 1277 3195 1339 οὐσίαν,
3222 1277 3377 1341 ὅπως
3397 1276 3473 1346 τῷ
3500 1277 3747 1349 ὲνδεομένῳ

2206 1371 2530 1444 μεταδοῦναι
2578 1371 2680 1440 τῆς
2720 1370 3079 1442 προσλήψεως
3117 1369 3258 1442 πρὸς
3295 1369 3600 1438 τελειότητα
3626 1370 3746 1438 δυνη-

2203 1464 2344 1535 θείη.
2383 1463 2444 1516 Ὀ
2467 1462 2577 1532 γὰρ
2603 1460 2681 1514 ὢν
2719 1461 2807 1515 ἀεὶ
2851 1460 3166 1532 ἀσώματος,
3194 1461 3292 1514 τὸν
3334 1460 3464 1513 ὄντα
3507 1459 3747 1529 ἀσώματον

2205 1556 2337 1625 παρ’
2362 1552 2512 1624 αὐτῷ
2539 1552 2617 1625 τῷ
2644 1553 2760 1608 ὄντι
2789 1552 2878 1606 ἀεὶ
2903 1551 3265 1623 γεννητικῶς,
3301 1551 3508 1606 τέλειον
3533 1553 3561 1606 ὁ
3587 1552 3746 1616 τέλειος

2203 1647 2292 1702 ἀεὶ
2319 1646 2492 1710 ὅντως
2524 1645 2847 1716 γεγέννηκε,
2887 1641 3110 1715 πνεῦμα
3153 1641 3230 1697 ὣν
3260 1643 3418 1708 Θεὸς
3451 1643 3542 1696 καὶ
3578 1642 3748 1711 πνεῦμα

2204 1735 2334 1790 ὄντα
2381 1735 2475 1789 τὸν
2519 1735 2888 1789 ὲνυπόστατον
2939 1734 3115 1803 Λόγον
3149 1731 3521 1804 γεγεννηκώς,
3555 1732 3621 1785 Τὸ
3661 1732 3748 1783 ὅλον

2205 1829 2316 1900 γὰρ
2343 1827 2550 1898 ἠλίθιον
2577 1827 2661 1899 εἴη
2685 1825 2840 1899 παρὰ
2868 1826 2952 1879 σοὶ
2982 1825 3063 1896 τῷ
3099 1824 3318 1896 Ἀετίῳ,
3343 1824 3422 1894 τῷ
3452 1822 3750 1893 ὲμϐατεύοντι

2211 1920 2306 1974 καὶ
2337 1919 2436 1982 τὰς
2469 1917 2612 1971 κατὰ
2641 1917 2774 1971 Θεὸν
2797 1916 2954 1984 δόξας
2990 1915 3288 1999 ἐρευνῶνςι
3329 1916 3394 1968 ἐκ
3433 1912 3750 1982 συλλογισμῶν

2212 2013 2306 2066 καὶ
2341 2010 2434 2064 σοῦ
2470 2008 2908 2081 φιλολογιστικῆς
2935 2007 3162 2072 ἐννοίας,
3192 2007 3278 2060 ὅτι
3311 2006 3391 2076 τῷ
3421 2006 3679 2072 ποιήσαντι
3703 2004 3750 2053 τὰ

2212 2105 2390 2158 πάντα
2421 2102 2482 2169 ἐξ
2504 2103 2605 2156 οὑκ
2636 2101 2830 2166 ὄντων,
2853 2100 2948 2154 καὶ
2975 2098 3261 2170 δυνηθέντι
3286 2097 3510 2160 τελείως
3536 2096 3597 2148 τὰ
3615 2095 3749 2147 πάντα

2213 2193 2319 2247 ὑπὸ
2350 2193 2408 2247 ἓν
2441 2191 2803 2265 ¹ἐργάσασθαι,
2839 2190 3007 2262 μηδὲν
3039 2187 3228 2260 χρείαν
3255 2186 3440 2258 ἔχοντι
3474 2184 3748 2257 προσληπτι-

2212 2285 2320 2356 κῆς
2355 2285 2686 2351 ἐπιδόσεως,
2722 2280 2910 2353 θεσμῷ
2945 2280 3004 2335 δὲ
3035 2278 3212 2336 ταῦτα
3260 2279 3574 2350 πεδήσαντι,
3599 2275 3747 2346 ἅδρυν-

2211 2377 2370 2449 τικὴν
2427 2377 2617 2431 οὐσίαν
2670 2373 3087 2449 προσληπτικῆς
3144 2372 3407 2442 θεότητος
3465 2368 3749 2432 ὲπιδεόμενον

2214 2465 2572 2538 ἐπιφημίζεις
2606 2465 2802 2534 Λόγον,
2829 2463 2924 2518 καὶ
2967 2460 3093 2515 οὔτε
3133 2461 3341 2528 ὲξισοῖς
3375 2461 3487 2520 τοῖς
3521 2451 3747 2510 ὑπἀὐτοῦ

2214 2556 2612 2628 κεκτισμένοις.
2644 2553 2928 2626 Ἀπαρχῆς
2967 2552 3077 2624 γὰρ
3116 2550 3344 2612 τελείως
3393 2548 3530 2603 αὐτὰ
3570 2547 3748 2615 ποιήσεις

2214 2647 2575 2720 προσλήψεως
2605 2645 2955 2716 ὲπιδεόμενα,
2994 2642 3066 2696 τὰ
3112 2640 3172 2706 ἐξ
3221 2640 3407 2696 αὐτῶν
3460 2638 3537 2692 ἔτι
3571 2631 3748 2720 βλαστα-

2215 2717 2375 2795 νοντα
2404 2717 2572 2810 ὥρισε
2605 2737 2757 2839 νόμέρ
2791 2736 3018 2805 σοφίας·
3057 2733 3216 2788 ams
3252 2729 3664 2839 éﬂt'Taﬁta,'év
3692 2717 3747 2827 οἷς

2215 2831 2334 2885 ἐστι
2363 2830 2431 2885 τὰ
2458 2809 2726 2899 καθεξῆς⁸
2743 2826 3014 2898 γενόμενά
3048 2843 3107 2880 τε
3142 2825 3240 2880 καὶ
3275 2822 3560 2894 γινόμενα·
3671 2809 3750 2867 οἷον

2215 2923 2412 2987 εἰπεῖν,
2445 2920 2705 2992 οὐρανὸν,
2732 2919 2867 2990 γῆν,
2915 2917 3081 2988 ὕδωρ.
3127 2917 3294 2988 ἀέρα,
3331 2915 3508 2986 ἥλιον,
3551 2908 3748 2978 σελήνην.

2211 3013 2396 3084 ’ἄστρα
2443 3012 2541 3066 καὶ
2573 3010 2645 3064 τὰ
2676 3012 2743 3064 ὲκ
2772 3009 2880 3063 τῶν
2907 3009 3117 3063 ὑδάτων
3147 3005 3546 3078 γεγεννημένα,
3573 3002 3661 3062 ἓως
3683 2994 3751 3047 καὶ

2215 3104 2382 3160 αὐτοῦ
2421 3104 2516 3158 τοῦ
2547 3103 2858 3175 ἀνθρώπου.
2896 3102 3014 3157 Οὐκ
3054 3101 3288 3174 οὐρανὸν
3332 3097 3496 3167 ἀτελῆ
3527 3093 3748 3162 ἐποίησεν.

2216 3200 2278 3253 οὑ
2309 3201 2414 3269 γῆν
2463 3195 2846 3268 ἁτελεστάτην,
2875 3194 3012 3249 ἀλλὰ
3038 3193 3254 3248 τελείαν
3295 3193 3396 3266 μὲν
3422 3191 3516 3261 τὴν
3553 3187 3659 3256 γῆν,
3687 3180 3750 3234 τέ·

2217 3292 2361 3345 λειον
2389 3291 2447 3344 δὲ
2471 3291 2561 3344 τὸν
2583 3289 2812 3362 οὐρανόν
2830 3304 2841 3315 ·
2867 3288 3101 3358 ἀόρατον
3125 3286 3182 3340 δὲ
3204 3287 3304 3341 καὶ
3331 3269 3747 3340 ἀκατασκεύαστον

2217 3385 2360 3446 τότε,
2387 3382 2453 3436 δι’
2486 3381 2554 3451 ἢν
2585 3381 2779 3451 ἔμελλε
2811 3382 2987 3433 ποιεῖν
3011 3377 3375 3449 διακόσμησιν
3393 3393 3405 3405 ·
3440 3373 3573 3440 ὕδωρ
3601 3367 3648 3421 δὲ
3665 3367 3748 3432 ἅμα

2218 3475 2314 3528 καὶ
2334 3473 2450 3543 φῶς
2469 3472 2530 3526 τὸ
2561 3472 2990 3544 πρωτόκτιστον,
3014 3469 3102 3524 διὰ
3127 3468 3222 3536 τοῦ
3251 3465 3504 3538 ἀληθινοῦ
3531 3458 3679 3531 φωτὸς
3699 3453 3746 3506 τὰ

2219 3565 2398 3618 πάντα
2422 3564 2680 3636 ποιήσας,
2712 3561 2806 3616 τοῦ
2846 3563 3106 3617 ἁκτίστου
3137 3561 3234 3616 καὶ
3286 3553 3574 3624 ζωοποιοῦ·
3601 3551 3745 3603 ἔπειτα

2217 3655 2275 3710 δὲ
2303 3656 2373 3710 τὰ
2415 3657 2481 3710 ὲκ
2513 3656 2614 3726 τῆς
2645 3655 2750 3726 γῆς
2786 3653 2991 3724 φυέντα
3011 3670 3026 3684 ⁸
3069 3654 3163 3708 καὶ
3209 3653 3322 3725 πρὸ
3353 3651 3536 3705 τούτου
3571 3644 3624 3696 τὸ
3657 3655 3744 3692 στεσ

2222 3749 2431 3820 ρέωμα·
2487 3747 2602 3818 οὐκ
2645 3744 2907 3819 ἡμιτελὲς
2949 3764 3004 3800 τι
3047 3746 3280 3816 ἐγίνετο,
3336 3744 3471 3799 ἀλλὰ
3517 3739 3669 3793 πάντα
3706 3732 3745 3783 ὲν

2217 3841 2518 3912 τελειότητι
2537 3855 2552 3870 ο
2579 3839 2946 3909 Ἐ’ξαγαγέτω
2971 3838 3082 3909 γὰρ
3104 3837 3144 3905 ἠ
3166 3835 3245 3907 γῆ
3267 3835 3537 3903 βοτάνην
3554 3829 3742 3912 χόρτου,

2219 3907 2474 4000 σπεζοοκ
2501 3907 2744 3999 σπέρμα
2780 3907 2910 3983 καθ’
2940 3907 3260 3998 ὁμοιότητα
3284 3925 3384 3981 ἐπὶ
3409 3921 3515 3991 τῆς
3533 3917 3648 3989 τῆς,

2219 4023 2414 4089 ξύλον
2441 4021 2762 4092 κάρπιμον,
2810 4015 2884 4078 οὗ
2922 4019 2990 4074 τὸ
3023 4018 3267 4090 σπέρμα
3295 4016 3491 4073 αὐτῶν
3525 4012 3588 4066 ἐν
3622 4006 3743 4063 αὐτῷ

2219 4117 2348 4172 καθ’
2380 4117 2702 4186 ὁμοιότητα
2744 4114 2844 4168 ἐπὶ
2890 4112 3001 4184 τῆς
3044 4111 3176 4184 γῆς.
3211 4113 3326 4168 Καὶ
3366 4108 3514 4181 ὁρᾷς,
3541 4101 3608 4164 ὡς
3633 4093 3742 4150 οὐδε·

2223 4209 2354 4280 μιᾶς
2383 4207 2513 4262 εὐθὺ
2543 4207 2611 4261 τὰ
2651 4211 2916 4275 γεγονότα
2949 4203 3203 4258 ὲπεδέετο
3246 4191 3632 4272 προσληπτικῆς
3655 4187 3742 4281 ὲπις

2218 4299 2440 4364 δόσεως,
2473 4298 2589 4354 ἀλλ’
2632 4299 2872 4371 ἀνδρεῖα,
2899 4297 2975 4362 ὡς
3014 4298 3211 4362 εἰπεῖν,
3245 4296 3340 4350 καὶ⁵
3367 4291 3538 4346 τέλεια
3565 4281 3637 4336 διὰ
3658 4289 3738 4371 -του

2221 4393 2647 4462 προστάγματος
2680 4368 2842 4455 εὗθὺς
2867 4389 3220 4462 εὑρίσκεσθαι
3241 4389 3296 4456 ²;
3329 4385 3417 4456 Τῷ
3446 4381 3498 4434 δὲ
3524 4368 3740 4467 ἀνθρώτξῳ

2220 4481 2540 4537 ὲπιδοθέντα
2565 4483 2657 4537 ὑπ’
2676 4483 2840 4537 αὑτὸν
2866 4483 3017 4550 ὄντα,
3039 4482 3135 4536 καὶ
3155 4483 3214 4536 ὲν
3239 4477 3388 4549 αὑτῷ
3414 4469 3737 4550 σπερματικωῖ

2221 4575 2302 4637 εἰς
2324 4573 2666 4640 δεσποτείαν,
2713 4575 2776 4628 σὺ
2831 4549 3010 4628 τέλεια
3042 4571 3338 4644 παρεδόθη,
3371 4567 3454 4623 διὰ
3484 4562 3540 4615 τὺ
3587 4549 3734 4644 side-Mf

521 4663 876 4718 milimdinem
914 4667 968 4718 in
1016 4675 1180 4728 terra,
1229 4675 1279 4720 et
1323 4665 1525 4734 lignum
1554 4663 1914 4733 fructiferum,
1959 4665 2108 4734 cujus

2219 4666 2312 4719 τὸν
2372 4665 2661 4739 ἄνθρωπον
2721 4666 2955 4721 πάντοτε
3001 4665 3091 4720 τὸν
3138 4659 3547 4735 εἰεργετοῦντα,
3580 4631 3735 4739 καλῖδ

518 4769 694 4808 semen
728 4755 780 4808 in
815 4757 930 4825 ipso
977 4757 1046 4810 sit
1099 4757 1168 4810 ad
1200 4757 1612 4811 similitudinem
1657 4758 1712 4811 in
1747 4759 1948 4812 terra‘.
1988 4758 2115 4813 Ani-

521 4847 898 4904 madvertisne
948 4865 1112 4920 quam
1152 4850 1360 4905 nullam
1414 4849 1646 4905 subinde
1688 4865 1811 4920 qua:
1848 4849 2114 4920 producta

522 4947 655 4994 sunt
716 4943 1097 4999 accessionem
1180 4943 1698 5013 incrementumque
1758 4941 2105 4997 desideraveo

2222 4755 2365 4814 εἶναι
2389 4761 2523 4814 πᾶσι
2557 4761 2888 4832 παρέχοντα,
2919 4759 3013 4812 ἐπὶ
3046 4759 3264 4814 πάντων
3292 4757 3349 4810 δὲ
3386 4753 3524 4812 ὄντα,
3559 4738 3638 4795 καὶ
3657 4728 3734 4838 ,τάξ

2222 4852 2492 4916 ἐπιδόσεις
2516 4853 2753 4924 ἑκάστης
2775 4854 3048 4924 ποιήσεως
3071 4851 3208 4922 πρὸς
3236 4849 3483 4902 σύστασιν
3503 4836 3598 4890 τῶν
3620 4834 3731 4886 ab“?

2220 4961 2254 5015 χ
2262 4945 2666 5016 ρησιμευόντων
2706 4945 3035 5016 παρέχοντα.

521 5030 670 5097 rint,
724 5033 821 5088 sed
851 5035 1022 5099 viri-li.
1052 5043 1114 5090 ut
1147 5036 1224 5090 ita
1269 5036 1472 5100 dicam,
1520 5012 1716 5091 robore
1747 5033 1997 5107 praedita,
2036 5044 2091 5089 et
2129 5012 2325 5092 adulta
2376 5012 2560 5093 statim
2606 5037 2702 5094 Dei
2767 5012 3028 5094 mandato
3082 5031 3413 5106 prodierint?
3447 5012 3730 5107 Ουκβυηαξξθ

521 5138 655 5178 vero
691 5122 902 5178 homini
938 5125 1189 5197 subjecta
1221 5137 1371 5193 sunt,
1409 5135 1505 5182 aut
1545 5126 1736 5182 insunt
1765 5125 1820 5180 in
1847 5139 1935 5191 eo,
1995 5124 2114 5179 solo
2173 5126 2355 5182 adhuc
2404 5129 2612 5183 semine
2662 5135 2944 5190 contenta,
2981 5123 3216 5180 necdum
3260 5119 3489 5193 perfecta
3519 5106 3640 5162 illius
3659 5093 3730 5197 εξοί

523 5210 757 5267 minatui
788 5214 1084 5268 commissa
1123 5223 1272 5279 sunt,
1310 5223 1370 5270 ut
1403 5216 1450 5270 is
1486 5215 1624 5270 bene
1651 5214 1719 5269 de
1743 5229 1804 5270 se
1844 5212 2099 5267 meritum
2130 5213 2388 5284 ignorare
2418 5233 2527 5271 non
2559 5227 2780 5288 posset;
2829 5216 2921 5286 qui
2976 5223 3032 5271 ct
3062 5215 3227 5270 rebus
3282 5208 3522 5268 omnibus
3557 5203 3607 5288 ut

3648 5185 3727 5240 sint

523 5297 858 5381 impertitur,
881 5313 935 5362 et
961 5307 1220 5363 omnibus
1249 5309 1502 5379 superior
1549 5315 1669 5373 est,
1710 5323 1775 5363 ac
1835 5309 2050 5380 singula
2106 5324 2274 5380 opera
2329 5327 2430 5369 sua
2493 5286 2592 5383 pro
2644 5313 2792 5368 illius
2843 5307 3348 5382 opportunitatibus
3391 5286 3728 5358 commodisque

524 5403 633 5457 dila
643 5401 837 5474 rgitur.
881 5440 911 5458 Α

595 5494 658 5549 ll.
736 5492 1109 5560 Quamobrem
1161 5492 1375 5546 occulta
1436 5506 1621 5546 rerum
1679 5494 1890 5549 semina
1945 5495 2119 5550 conti-

2293 5494 2371 5550 B'.
2407 5493 2732 5564 Παρέδωκεν
2776 5489 2926 5562 αὐτῷ
2971 5487 3362 5559 σπερματικῶς
3397 5479 3486 5549 τὴν
3518 5459 3723 5564 TW“:

524 5598 743 5643 nentem
783 5587 835 5643 ei
872 5594 1079 5642 terram
1115 5583 1360 5647 tradidit,
1403 5597 1634 5655 eamque
1665 5585 2007 5642 fundamenti
2054 5601 2108 5642 ac

2225 5587 2456 5658 ϐάθραν,
2489 5553 2564 5649 ib;
2602 5586 2797 5647 εἰπεῖν,
2831 5553 3312 5662 προστησόμενοέ,
3354 5571 3440 5629 κταἱ
3471 5553 3718 5662 ὡςαμήῖῗέ

525 5675 700 5746 basis,
745 5687 808 5735 ut
851 5679 924 5734 ita
958 5678 1162 5744 dicam,
1199 5676 1319 5732 vice
1358 5675 1684 5743 substravit,
1728 5694 1792 5734 ac
1824 5679 1971 5736 velut
2013 5693 2123 5734 ma-

601 5836 620 5872 ί
651 5835 785 5892 Gen.
823 5855 862 5903 ι,
907 5837 988 5891 ll.
1067 5839 1087 5869 ¹
1110 5837 1239 5893 Cor.
1273 5831 1614 5903 εὑρίσκεται.

2230 5678 2377 5749 αὐτῷ
2409 5675 2824 5749 παραδεδωκὼς,
2849 5677 2934 5731 ἵνα
2966 5673 3073 5728 ἀπὸ
3099 5675 3197 5745 τῆς
3226 5649 3480 5742 προϐολῆς
3505 5650 3590 5708 τῶν
3613 5649 3690 5697 κατ
