3964 6402
196 408 299 464 569

815 405 1182 463 ADVERSUS
1219 406 1562 464 ΗΕΒΕὸΕὸ
1590 408 1719 465 LIB.
1762 409 1851 464 Ill.
1893 409 2060 465 ΤΟΜ.
2102 408 2230 464 1.-
2267 408 2547 466 IlrERES.
2593 408 2829 465 LXXVI.

3244 470 3252 477 ,
3356 384 3490 468 570'

194 525 257 578 τὸ
291 523 498 577 τέλειον
538 521 644 575 ὑπὸ
689 519 826 574 Θεοῦ
879 523 1181 590 γεγονότων
1202 562 1218 587 ,
1268 523 1339 577 τὰ
1386 525 1776 596 σπερματικῶς

1893 527 2072 580 Lricem
2104 525 2321 589 obtulit,
2348 534 2407 579 ut
2432 540 2554 594 qua:
2583 526 2749 580 ali-iis
2780 525 2945 581 rebus
2980 533 3281 596 propagata
3309 532 3463 590 sunt,

196 613 264 667 δι’
304 611 502 666 ἑαυτοῦ
539 612 676 683 μετά
716 612 986 677 συνέσεως
1027 614 1121 666 ἐπὶ
1153 614 1258 686 γῆν
1308 615 1777 687 καταϐαλλόμενα,

196 704 272 768 ὡς
303 698 416 757 οἷόν
446 720 506 756 τε
529 702 702 769 ξύλων
728 703 824 756 καὶ
858 702 1034 757 ἄλλων
1064 706 1443 777 γεννημάτων,
1476 706 1638 769 αὐτὸς
1683 706 1781 777 μὲν

192 794 571 866 λεπτομερῶς,
597 795 671 860 ὡς
700 795 907 866 ψηφῖδα
941 796 1095 867 παρά
1122 797 1231 851 τῶν
1267 798 1491 852 τελείων
1523 799 1780 869 ἐρανισόι-

194 903 379 955 μενος,
407 885 610 957 ταύτην
639 887 720 949 είς
747 887 851 956 γῆν
879 888 1247 959 ἐνθεματίζων
1271 889 1341 943 τὰ
1363 890 1464 960 τῆς
1486 890 1780 955 ἐπιδόσεως

189 976 288 1028 τοῦ
341 976 547 1030 τελείου
597 977 733 1031 Θεοῦ
780 979 917 1052 πρὸς
965 979 1196 1049 αὔξησιν
1246 980 1650 1053 προσδέχηται,
1694 983 1782 1036 ἵνα

192 1067 457 1139 αὐξηθείη
500 1067 699 1133 ἔξωθεν
730 1068 801 1122 τὰ
848 1071 940 1124 ὑπ’
989 1071 1156 1124 αὐτοῦ
1206 1071 1779 1143 ἐνσπερματιζόμεναο

195 1159 285 1212 ἵνα
319 1160 426 1231 μὴ,
477 1160 749 1230 ἀγνοήσας
793 1162 885 1215 τὸν
933 1162 1264 1234 ἐπιχορηγὸν
1309 1163 1413 1233 τῆς
1456 1163 1779 1228 ἐπιδόσεως,

194 1252 361 1306 αὑτὸν
388 1252 584 1324 νομίσῃ
608 1252 960 1323 δημιουργὸν,
995 1255 1090 1307 καὶ
1128 1254 1337 1327 ἐκπέσῃ
1374 1253 1474 1323 τῆς
1505 1253 1781 1326 ἀληθείας.

192 1345 260 1397 El
288 1344 400 1415 γὰρ
424 1344 518 1396 καὶ
544 1342 809 1413 ἐφύτευσε
822 1344 945 1397 Νῶε
966 1343 1230 1416 ἄμπελον,
1258 1346 1317 1398 ού
1348 1345 1674 1416 γέγραπται,
1700 1346 1784 1399 ὅτι

190 1429 262 1504 ἦν
290 1432 598 1503 φυτουργός
618 1448 631 1461 ·
665 1432 804 1495 ἀλλ’,
847 1432 1112 1501 Ἐγένετο
1139 1433 1296 1501 ἀνὴρ
1322 1435 1595 1504 γεωργός.
1628 1434 1785 1486 Ἕτε-

197 1542 289 1596 ρος
321 1524 433 1593 γάρ
466 1526 614 1578 ἐστιν
643 1526 671 1577 ὁ
708 1526 777 1578 τά
816 1524 1110 1578 αύθεντικά
1156 1525 1411 1598 παρέχων
1444 1528 1558 1589 τοῖς
1587 1524 1782 1596 ἐσομέ-

192 1634 330 1679 νοις,
365 1616 553 1688 ἒτερος
588 1617 646 1670 δέ
678 1619 826 1671 ἐστιν
856 1618 885 1669 ὁ
911 1618 972 1670 τὸ
1011 1613 1150 1670 εἶναι
1194 1617 1324 1689 παρ’
1349 1617 1515 1671 αὐτοῦ
1548 1616 1784 1687 εἰληφὼς

192 1708 507 1780 ἄνθρωπος,
531 1709 625 1762 καὶ
651 1710 751 1782 τὴν
776 1710 985 1763 ἐκείνου
1016 1709 1293 1781 γεωργίαν
1319 1710 1750 1780 πεπιστευμένος
1766 1722 1781 1737 ⁸

194 1799 283 1852 ἴνα
308 1803 339 1853 ὁ
382 1799 480 1869 μὲν
521 1803 743 1873 γεωργῇ
779 1800 849 1856 τά
900 1801 1194 1873 ἐπιδόσεως
1224 1802 1303 1864 εἰς
1331 1800 1610 1854 τελείωσιν
1661 1801 1783 1853 ἐπι-

193 1892 446 1961 δεόμενα,
480 1894 510 1944 ὁ
540 1891 598 1945 δέ
634 1892 733 1963 τὴν
768 1892 1081 1965 τελειότητα
1112 1892 1343 1963 παρέχοι
1370 1891 1460 1947 διὰ
1498 1892 1596 1963 τῆς
1617 1890 1782 1948 αὐτοῦ

194 1984 491 2047 ἐπιδόσεως
514 1984 620 2036 τῶν
641 1984 733 2036 ὑπ’
754 1983 920 2037 αὑτοῦ
941 1984 1297 2055 ἐκτισμένων,
1320 1984 1415 2037 καὶ
1441 1982 1782 2056 [ἐπιδόσεως]

195 2077 278 2137 είς
306 2074 619 2146 τελειότητα
643 2075 1044 2146 αὐξανομένων.
1068 2075 1224 2129 Οὕτω
1250 2077 1344 2129 καὶ
1375 2076 1467 2129 ἐπὶ
1491 2074 1599 2129 τῶν
1630 2074 1785 2141 ζώων

194 2168 291 2220 καὶ
323 2165 543 2219 ἐπὶτῶν
570 2167 857 2221 πετεινῶψ
884 2165 1027 2220 οὕτω
1057 2168 1150 2220 καὶ
1184 2166 1277 2220 ἐπὶ
1299 2165 1409 2220 τῶν
1434 2166 1647 2238 κτηνῶν
1691 2168 1786 2220 καὶ

196 2257 447 2328 ἑρπετῶν
482 2258 578 2310 καὶ
630 2257 878 2323 ἐναλίων,
912 2259 1093 2313 πάντα
1121 2260 1178 2311 ἐν
1212 2258 1354 2329 ἀρχῇ
1384 2258 1565 2312 τέλεια
1592 2258 1785 2328 γέγονε

194 2350 285 2402 διὰ
314 2348 409 2402 τοῦ
446 2348 866 2420 προστάξαντος.
903 2349 1165 2422 Βουλήσει
1218 2350 1276 2403 δὲ
1307 2350 1498 2419 σοφίας
1534 2350 1629 2404 νῦν
1664 2352 1787 2404 ἐπι-

192 2442 397 2505 δόσεως
429 2441 729 2501 δείται,διὰ
757 2440 854 2512 τὴν
885 2440 980 2495 τοῦ
1027 2442 1120 2494 ἐπὶ
1154 2440 1259 2511 γῆς
1301 2440 1656 2505 δεσπόζοντος
1694 2442 1789 2495 ἀν-

196 2532 421 2603 Ορώπου
446 2534 566 2586 κατ’
583 2532 789 2587 ἔννοιαν
806 2533 1096 2603 ὠφέλειαν,
1113 2532 1195 2596 εἰς
1215 2532 1277 2585 τὸ
1293 2531 1677 2602 ἐπιγινώσκειν
1698 2534 1788 2587 τὸν

196 2626 387 2679 ἐπάνω
409 2624 624 2678 πάντων
639 2625 792 2690 Θεὸν,
807 2624 898 2678 τὸν
915 2623 1149 2697 χορηγὸν
1165 2623 1273 2678 τῶν
1290 2625 1679 2696 σπερματικῶν
1695 2626 1789 2680 καὶ

195 2718 297 2786 τῆς
327 2717 621 2781 ἐπιδόσεως
648 2716 759 2771 τῶν
786 2716 1090 2787 αὑξήσεων,
1122 2717 1253 2770 ὅντα
1272 2717 1404 2769 Θεὸν
1435 2718 1530 2771 καὶ
1558 2716 1783 2790 Κύριον.

197 2807 405 2878 Διόπερ
426 2806 497 2860 τὰ
526 2807 627 2877 μὲν
658 2809 780 2861 κατ’
825 2806 1075 2878 οὐρανὸν,
1106 2808 1202 2860 καὶ
1235 2807 1296 2859 ού
1333 2807 1420 2862 διὰ
1464 2809 1662 2881 χειρῶν
1691 2809 1786 2862 ἀν·

199 2898 424 2970 θρώπου
475 2899 813 2970 σπειρόμενα
870 2899 1035 2964 ὄντα,
1078 2898 1172 2952 καὶ
1226 2900 1287 2952 οὐ
1339 2899 1616 2969 γεννῶντα
1667 2900 1790 2954 ούδέ

197 2990 538 3061 γεννώμενα,
570 2991 753 3045 εἴασεν
780 2993 808 3044 ὁ
836 2991 969 3054 Θεὸς
994 2993 1052 3044 ἐν
1092 2991 1416 3062 τελειότητι.
1452 2993 1527 3045 Οὐ
1559 2992 1669 3071 γάρ
1702 2993 1789 3045 ἐν-

1881 633 2021 686 quas
2067 616 2207 672 Deus
2240 616 2513 687 perfectas
2555 615 2831 687 produxit,
2882 633 3008 671 cum
3065 617 3212 672 velut
3255 618 3466 672 semina

1881 707 2130 777 quaedam
2167 709 2391 778 proprio
2442 708 2630 762 labore
2658 716 2713 761 et
2742 707 3013 763 industria
3044 708 3099 763 in
3140 716 3345 763 terram
3377 709 3470 764 de-

1883 798 2130 870 posuerit
2163 819 2174 853 :
2210 799 2522 868 cujusmodi
2558 805 2688 853 sunt
2730 798 2993 853 arborum
3045 814 3109 854 ac
3142 809 3467 854 cancrorum

1884 890 1936 945 id
1979 906 2152 961 genus
2185 891 2417 954 semina;
2473 903 2596 944 cum
2640 889 2778 955 haec,
2828 890 3077 960 inquam,
3127 890 3469 962 singillatim,

1881 982 2030 1035 velut
2067 980 2362 1044 calculum,
2402 996 2433 1033 a
2461 978 2725 1050 perfectis
2757 979 2864 1035 illis
2902 981 3163 1051 operibus
3188 988 3471 1035 mutuatus

1882 1073 1936 1126 in
1976 1082 2181 1127 terram
2217 1071 2521 1137 demiserit,
2563 1086 2594 1124 a
2639 1072 2882 1144 perfecto
2926 1070 3040 1128 Deo
3074 1072 3469 1126 incrementum

1883 1164 2179 1247 accipiant,
2215 1165 2589 1235 paulatimque
2632 1178 2754 1235 qua:
2787 1164 2879 1219 ille
2932 1164 3243 1219 conseverit
3286 1163 3472 1218 adole-

1884 1266 2061 1320 scant,
2097 1271 2166 1311 ne
2190 1256 2235 1310 si
2272 1254 2424 1311 illum
2471 1256 2674 1326 ipsum,
2705 1257 2866 1325 cujus
2903 1256 3007 1312 ista
3049 1253 3318 1311 beneﬁcio
3346 1268 3476 1309 suc-

1884 1352 2166 1411 crescunt,
2211 1345 2568 1416 ignoraverit,
2603 1354 2882 1399 auctorem
2920 1359 2980 1400 se
3022 1359 3087 1398 ac
3132 1342 3473 1399 conditorem

1884 1435 2202 1498 arbitretur,
2227 1441 2282 1489 et
2312 1448 2343 1487 a
2370 1433 2600 1489 veritate
2625 1448 2854 1504 prorsus
2879 1433 3119 1489 excidat.
3149 1431 3303 1486 Licet
3326 1432 3475 1487 enim

1883 1525 2150 1582 Noemum
2206 1526 2452 1597 legamus
2501 1525 2779 1595 plantasse
2822 1524 2986 1579 vitem
3008 1527 3053 1589 ',
3114 1539 3223 1578 non
3286 1532 3475 1577 tamen

1887 1619 2153 1687 scriptum
2181 1624 2267 1671 est
2296 1616 2486 1686 stirpis
2519 1616 2683 1686 hujus
2713 1617 3051 1669 conditorem
3083 1615 3233 1668 ἰΙΙιιιιι
3265 1614 3471 1678 fuisse;

1884 1709 2048 1781 947
2067 1709 2162 1764 sed
2192 1708 2295 1762 hoc
2317 1708 2582 1763 duntaxat
2612 1728 2623 1762 :
2670 1706 2761 1760 Vir
2780 1717 2917 1771 erat,
2946 1706 3142 1776 inquit,
3170 1704 3409 1776 agricola
3426 1704 3470 1759 ⁸.

1886 1798 2021 1854 Nam
2061 1801 2204 1856 alius
2239 1808 2325 1855 cst
2349 1799 2396 1855 is
2431 1799 2522 1870 qui
2562 1798 2765 1854 futuris
2800 1800 2965 1853 rebus
3022 1797 3322 1850 naturalem
3361 1796 3471 1851 vim

1886 1908 1950 1947 ac
1991 1891 2263 1962 praacipua
2312 1906 2542 1962 quaeque
2586 1906 2687 1962 pro
2747 1906 2847 1945 sua
2905 1896 3178 1960 potestate
3225 1887 3473 1957 largitur,

1886 1986 2026 2041 alius
2052 1986 2145 2056 qui
2184 1985 2252 2039 ab
2300 1984 2422 2056 ipso
2458 1992 2518 2038 ut
2562 1994 2712 2040 esset
2743 1983 2954 2054 accepit
2999 1982 3185 2048 homo,
3218 1979 3476 2035 commis-

1886 2091 2113 2145 samquc
2140 2074 2243 2131 sibi
2269 2075 2338 2129 ab
2368 2073 2559 2128 eodem
2597 2075 2994 2145 agriculturam
3024 2072 3287 2142 suscepit.
3317 2071 3387 2127 Ut
3423 2078 3478 2125 et

1887 2168 1977 2223 ille
2010 2182 2133 2237 quae
2177 2165 2245 2220 ad
2280 2166 2671 2237 perfectionem
2722 2165 3079 2221 obtinendam
3128 2163 3476 2235 progressio-

1886 2274 2010 2315 nem
2049 2259 2362 2329 requirunt,
2392 2259 2629 2323 excolat,
2660 2267 2710 2313 et
2746 2258 2855 2321 hic,
2890 2257 3129 2312 conditis
3159 2272 3189 2310 a
3221 2271 3280 2311 se
3313 2254 3478 2309 rebus

1885 2351 2205 2422 largiendis,
2237 2366 2300 2405 ea
2322 2367 2443 2420 quae
2465 2348 2735 2418 ejusmodi
2767 2350 3087 2404 accessione
3114 2349 3377 2420 gliscunt,
3408 2346 3476 2400 ad

1887 2432 2264 2496 maturitatem
2306 2440 2807 2510 perfectionemque
2839 2439 3125 2510 perducat.
3162 2438 3319 2504 Quod
3354 2438 3476 2508 qui-

1891 2532 2015 2588 dem
2048 2531 2275 2601 perinde
2304 2532 2359 2586 in
2396 2531 2715 2586 animalium
2769 2542 2822 2587 et
2852 2533 3139 2585 volucrum
3189 2544 3384 2601 genere
3413 2542 3478 2581 ac

1888 2625 2182 2696 pecudum,
2255 2633 2571 2695 serpentum
2621 2622 2968 2695 pisciumque
3024 2624 3290 2695 contigit;
3352 2636 3477 2675 nam

1888 2717 2070 2770 omnia
2106 2715 2377 2787 principio
2426 2717 2748 2786 imperantis
2786 2716 2883 2772 Dei
2915 2719 3198 2771 voluntate
3229 2714 3475 2785 perfecm

1888 2808 2248 2880 prodierunt;
2277 2824 2422 2863 nunc
2453 2819 2635 2864 autem
2660 2807 2904 2879 ejusdem
2941 2808 3225 2878 sapientia:
3255 2808 3480 2861 decreto

1890 2902 2380 2970 progressionibus
2443 2902 2560 2956 Suis
2628 2909 2683 2956 et
2747 2901 3103 2956 incrementis
3156 2906 3482 2970 augescunt.

1888 2992 2045 3058 Quod
2075 2992 2144 3047 ad
2180 2992 2439 3059 hominis,
2474 2993 2571 3062 qui
2609 2992 2661 3046 in
2699 3000 2843 3047 terra
2878 2991 3213 3054 dominatur,
3243 2990 3481 3045 fructum

202 3082 479 3155 έσκηπτον
523 3085 589 3154 τῇ
635 3083 844 3154 διανοίᾳ
890 3082 985 3137 τοῦ
1034 3081 1323 3155 ἀνθρώπου
1372 3084 1453 3147 εἰς
1498 3083 1788 3156 ἐπιϐουλὴν

1893 3084 2061 3137 animi
2099 3084 2502 3154 utilitatemque
2552 3084 2824 3154 pertinet,
2860 3099 2970 3154 quo
3011 3085 3058 3140 is
3096 3097 3377 3138 smumum
3419 3081 3484 3135 il-

202 3173 300 3225 πιιια)⁵
324 3171 492 3243 τῦφον
524 3173 852 3238 κενοδοξίας,
881 3173 957 3237 ὡς
994 3167 1107 3226 οἷον
1157 3174 1250 3226 ἐπὶ
1284 3172 1435 3245 ἡλίου
1468 3175 1666 3238 εἰπεῖν,
1694 3176 1788 3230 καὶ

1893 3175 2003 3230 lum
2037 3174 2230 3241 Deum,
2261 3190 2292 3228 a
2332 3189 2444 3245 quo
2494 3183 2602 3228 tam
2649 3175 2859 3230 semina
2907 3176 3047 3245 ipsa,
3082 3188 3246 3245 quam
3290 3188 3482 3229 eorum
3582 3186 3590 3195 '

201 3264 435 3335 σελήνης
471 3264 567 3318 καὶ
612 3265 845 3337 ἄστρων.
922 3264 1058 3319 Οὔτε
1106 3264 1215 3337 γάρ
1251 3263 1339 3318 sua
1384 3264 1445 3318 τὸ
1495 3266 1787 3333 γεννᾶσθαι

1895 3267 2236 3322 incrementa
2292 3267 2753 3337 proficiscuntur,
2821 3266 2991 3322 Deum
3063 3280 3129 3321 ac
3192 3264 3480 3319 Dominum

199 3353 300 3424 τὴν
352 3354 613 3425 σελήνην,
663 3353 697 3425 ἦ
746 3353 975 3423 φθίνειν,
1023 3356 1056 3427 ἢ
1101 3353 1308 3420 αὔξειν,
1358 3354 1667 3410 ἀλλοιοῦται
1698 3356 1788 3409 τὸν

1895 3365 2181 3429 agnoscat.
2224 3357 2466 3414 Proinde
2488 3374 2831 3428 quaecunque
2874 3360 2930 3412 in
2969 3358 3111 3411 ccelo
3147 3368 3300 3422 sunt,
3336 3370 3485 3425 qua-

200 3445 429 3515 τρότοον,
460 3444 594 3498 ἀλλά
626 3443 716 3498 διὰ
749 3444 809 3497 τὸ
843 3446 1048 3516 καιρῶν
1074 3440 1212 3498 εἶναι
1248 3444 1507 3499 σύστασιν
1540 3448 1636 3501 καὶ
1665 3448 1788 3501 ἐπι-

1894 3466 2002 3521 que
2039 3450 2323 3505 hominum
2376 3466 2543 3506 manu
2595 3467 2702 3504 non
2761 3457 3041 3513 seruntur,
3073 3464 3137 3503 ac
3179 3464 3356 3517 neque
3398 3448 3486 3518 gi-

202 3536 492 3608 χορηγιαν,
520 3528 596 3589 ὧν
628 3536 761 3600 Θεὸς
788 3538 900 3600 τοῖς
920 3537 1206 3608 φωστῆρσι
1234 3536 1536 3602 διετάξατο.

1895 3551 2094 3615 guunt,
2123 3559 2224 3598 nec
2253 3543 2324 3597 ab
2352 3544 2476 3597 aliis
2506 3544 2824 3614 gignuntur,
2862 3559 2924 3597 ea
2957 3541 3103 3599 Deus
3128 3542 3363 3611 perfecta
3392 3554 3484 3593 re-

204 3631 387 3700 liquit.
420 3627 606 3700 Neque
642 3630 789 3683 enim
839 3630 1093 3684 humanae
1140 3640 1350 3687 mentes
1378 3632 1565 3685 damni
1614 3647 1680 3687 ex
1724 3632 1793 3689 iis
1823 3634 2030 3705 aliquid
2069 3649 2267 3704 capere
2308 3642 2585 3704 poterant,
2645 3643 2741 3689 aut
2787 3632 2856 3687 ad
2919 3632 3289 3702 arrogantiam
3331 3628 3484 3685 exci-

203 3721 433 3779 tarirut
474 3720 529 3773 in
564 3721 700 3783 sole,
740 3720 869 3774 luna
926 3724 1248 3794 caeterisque
1288 3723 1566 3780 sideribus
1613 3737 1857 3796 apparet.
1884 3728 2022 3783 Nam
2052 3744 2122 3784 ex
2169 3742 2238 3783 eo
2302 3726 2453 3797 quod
2505 3727 2634 3781 luna
2693 3733 2980 3792 nascatur,
3030 3732 3127 3778 aut
3158 3723 3468 3785 decresoat.

203 3820 561 3880 augeaturve,
590 3812 736 3867 nulla
761 3813 911 3869 illius
943 3814 999 3870 in
1030 3831 1209 3872 mores
1237 3817 1468 3871 mutatio
1497 3818 1790 3875 redundat.

279 3902 409 3966 Πῶς
440 3899 534 3957 οὖν
565 3903 634 3957 τὰ
664 3908 953 3975 σωματικά
1008 3907 1140 3973 Θεὸς
1184 3908 1278 3962 καὶ
1304 3908 1375 3961 τὰ
1408 3908 1663 3977 φθίνοντα
1701 3910 1788 3963 καὶ

1974 3906 2093 3961 Jam
2137 3919 2268 3961 vero
2319 3904 2413 3975 qui
2467 3903 2582 3959 lien
2622 3910 2822 3975 potest,
2873 3910 2934 3957 ut
2974 3917 3235 3975 corporea
3275 3902 3366 3958 illa
3413 3919 3478 3959 ac

203 3996 277 4050 τὰ
306 3995 605 4067 φοινόμενα
633 3996 865 4068 Θελήσας
898 3999 1060 4063 εὐθὺς
1085 4000 1266 4053 τέλεια
1296 4001 1612 4072 εἰργάσατο,
1646 4001 1704 4054 ὃν
1735 4001 1793 4054 δὲ

202 4089 268 4154 ἐξ
291 4086 460 4143 αὑτοῦ
488 4089 800 4160 ἐγέννησεν,
834 4091 930 4143 ἐνα
961 4089 1018 4158 ἐξ
1044 4091 1162 4154 ἐνὸς
1198 4091 1289 4171 τὸν
1320 4092 1450 4146 ὄντα
1478 4094 1567 4147 ἀεὶ⁵
1600 4109 1795 4165 γεννη-

201 4181 378 4244 τικῶς
405 4180 555 4253 παρά
587 4181 665 4252 τῷ
706 4182 819 4236 ὄντι
854 4184 1146 4247 ἐπιδόσεως
1175 4184 1370 4252 ἐγέννα
1409 4185 1790 4256 ἐπιδεόμενον;

202 4273 471 4325 Πέπαυσο
503 4266 616 4337 οὖν,
646 4265 691 4325 ὧ
740 4272 932 4338 ’Δέτιε,
971 4273 1133 4337 κενὰς
1164 4276 1295 4344 ἡμῖν
1341 4274 1437 4327 καὶ
1479 4274 1791 4346 Ἀριστοτε·

200 4357 371 4421 λικάς
403 4357 577 4425 λέξεις
600 4358 804 4429 φέρων,
840 4360 1087 4431 ἁρκετῶς
1116 4361 1347 4430 ἐχόντων
1376 4361 1556 4433 ἡμῶν,
1587 4362 1682 4414 καὶ
1714 4362 1789 4433 μὴ

203 4435 592 4522 ἀπατωμένων
629 4451 728 4522 τὴν
755 4453 770 4482 ¹
804 4452 897 4505 τοῦ
929 4453 1136 4523 Κυρίου
1173 4452 1331 4524 ἡμῶν
1360 4453 1619 4525 ἀληθινὴν
1655 4454 1794 4508 διδα-

1895 3996 2242 4066 corruptioni
2274 3997 2523 4066 subjecta
2569 3995 2714 4053 Deus
2747 3995 2982 4052 subinde
3010 3995 3251 4067 perlecta
3287 3997 3489 4052 volun-

1895 4099 2005 4146 tate
2035 4106 2133 4145 sua
2176 4091 2499 4161 procreat-it.
2542 4105 2668 4145 eum
2711 4104 2865 4154 vero,
2904 4103 3065 4159 quem
3115 4104 3147 4143 e
3186 4087 3369 4159 seipso
3400 4103 3490 4157 ge-

1895 4182 2039 4245 nuit,
2070 4197 2238 4235 unum
2279 4196 2345 4236 es
2388 4196 2521 4240 uno,
2553 4180 2760 4250 quique
2801 4180 2946 4250 apud
2981 4178 3339 4235 exsistentem
3367 4192 3489 4247 per-

1895 4281 2062 4343 petuo
2128 4287 2226 4342 per
2280 4272 2688 4340 generationem
2738 4272 2989 4333 exsistat,
3042 4268 3382 4325 accessionis
3423 4282 3489 4323 ac

1897 4363 2307 4435 progressionis
2351 4369 2601 4431 egentem
2657 4361 3019 4432 produxerit?
3052 4359 3251 4416 Desine
3296 4360 3485 4428 igitur,

1898 4455 2041 4520 Aeli,
2074 4452 2453 4508 Aristotelicas
2487 4452 2612 4506 illas
2660 4459 2786 4506 tuas
2834 4465 2998 4506 voces
3047 4458 3103 4506 et
3157 4452 3353 4506 inanes
3383 4450 3487 4504 ob-

206 4542 464 4605 σκαλῖαν,
489 4541 589 4613 τὴν
622 4543 883 4610 λέγουσαν
915 4544 997 4607 τὸ,
1037 4546 1131 4597 Ἐκ
1164 4545 1271 4599 τοῦ
1296 4544 1528 4613 Πατρός
1554 4545 1669 4615 ἐγὼ
1697 4544 1788 4609 ἐξ·

1902 4545 2160 4609 trudere;
2191 4545 2351 4599 nobis
2384 4545 2530 4599 enim
2558 4544 2695 4599 citra
2739 4545 2909 4598 ullum
2947 4545 3153 4599 erroris
3180 4544 3484 4614 periculum

203 4634 443 4704 ἦλθον.
492 4634 592 4688 καὶ
620 4635 778 4701 ἥκω,
810 4637 904 4690 καὶ
956 4637 1016 4689 ού
1072 4636 1525 4708 καταχρηστικῶς
1567 4638 1798 4707 ἐχούσης

201 4733 313 4802 τῆς
343 4729 540 4796 λέξεως
567 4728 667 4800 τὴν
698 4728 950 4800 δύναμιν,
982 4730 1118 4784 ἁλλά
1149 4730 1485 4802 τελειότητος
1514 4731 1609 4784 κοιλ⁸
1640 4728 1799 4795 ἀξίας

202 4818 352 4875 Θεοῦ
378 4819 749 4892 σημαινούσης
782 4821 881 4891 τὴν
906 4821 1116 4877 ούσίαν.

562 4994 565 4999 ’
611 5000 1010 5056 ΚΕΦΑΛᾹῙΟΝ
1058 5001 1311 5055 ΑΕΤΙΟΥ
1349 5003 1408 5056 l'.

283 5094 353 5149 Εί
395 5093 603 5149 τέλειον
633 5089 701 5166 ἧν
734 5093 798 5148 τὸ
834 5094 1104 5167 γέννημα,
1140 5097 1198 5149 ἐν
1237 5094 1519 5164 ἀγεννὴτῳ
1552 5088 1802 5162 γέννημά

205 5187 358 5250 ἐστι,
406 5185 502 5239 καὶ
533 5185 634 5239 οὐκ
690 5185 751 5251 ἐξ
790 5179 865 5239 ὧν
914 5188 943 5239 ὁ
989 5186 1286 5256 ἀγέννητος
1330 5184 1464 5239 αὐτὸ
1515 5183 1797 5253 ἐγέννησε.

204 5277 488 5350 Γεννητὴν
509 5278 617 5350 γὰρ
640 5277 802 5348 φύσιν
822 5280 885 5353 ἐν
925 5279 1204 5349 ἀγεννήτῳ
1224 5279 1382 5349 οὐσίᾳ
1407 5278 1507 5331 οὐκ
1530 5277 1802 5347 ἐνδέχεται

205 5368 388 5426 εἶναι·
415 5371 475 5423 τὸ
507 5369 615 5440 γάρ
648 5368 781 5423 αὐτὸ
804 5365 943 5423 εἷναί
975 5370 1034 5423 τέ
1066 5372 1183 5424 ἐστι
1215 5371 1309 5423 καὶ
1352 5368 1429 5440 μὴ
1467 5364 1629 5423 εἶναι.
1676 5369 1716 5420 Γ
1719 5369 1803 5421 έν-

203 5477 373 5533 νημα
403 5460 510 5531 γὰρ
542 5461 839 5531 ἀγέννητον
868 5462 967 5515 οὐκ
997 5460 1133 5526 ἔστι,
1164 5461 1259 5514 καὶ
1283 5460 1576 5531 ἀγέννητον
1591 5458 1649 5514 ὃν
1680 5459 1805 5527 γέν-

205 5570 377 5624 νημα
418 5552 519 5604 οὐκ
563 5548 660 5624 ἦν·
698 5552 793 5606 τοῦ
826 5553 1082 5625 ἀνομοίου
1108 5555 1309 5624 μέρους
1341 5553 1435 5606 ἐπὶ
1472 5544 1606 5607 Θεοῦ
1638 5552 1804 5623 βλασ-

204 5663 296 5717 φη
307 5644 438 5717 μίας
466 5643 636 5699 τύπον
659 5645 755 5699 καὶ
788 5645 945 5717 ὕϐριν
973 5646 1280 5716 ἐπέχοντος.

1905 4637 2214 4692 certissima
2262 4635 2467 4690 Christi
2499 4635 2751 4690 doctrina
2787 4634 3005 4697 sullicit,
3040 4650 3165 4690 cum
3202 4635 3276 4688 ita
3307 4634 3486 4705 loqui-

1903 4738 2038 4784 tur:
2070 4727 2180 4798 Ego
2218 4729 2356 4782 exivi
2393 4745 2427 4781 a
2471 4727 2656 4791 Patre,
2695 4736 2745 4782 et
2780 4727 2913 4781 vado
2939 4728 2992 4793 ";
3024 4729 3185 4794 cujus
3228 4726 3488 4782 dictionis

1902 4821 1989 4877 vis
2017 4835 2129 4875 non
2168 4820 2224 4875 in
2256 4819 2524 4875 abusione
2556 4820 2666 4874 ulla
2715 4819 2987 4882 consistit,
3031 4818 3126 4873 sed
3155 4818 3337 4873 divina
3364 4832 3488 4887 per-

1904 4911 2147 4968 fectione
2174 4925 2240 4966 ac
2270 4911 2537 4982 dignitate
2576 4910 2859 4979 praeditam
2892 4916 3147 4964 naturam
3189 4909 3485 4980 signiﬁcat.

2418 5001 2602 5056 AETll
2635 4999 2863 5055 CAPUT
2902 4999 2972 5055 Χ.

1980 5094 2040 5151 Si
2069 5094 2312 5165 perlecta
2357 5095 2429 5151 sit
2452 5097 2633 5166 genita
2665 5094 2904 5157 soboles,
2935 5098 3124 5151 eadem
3147 5094 3207 5151 in
3247 5094 3491 5164 ingenito

1908 5186 2037 5251 erit,
2080 5200 2191 5241 non
2246 5201 2312 5240 ex
2347 5185 2414 5240 iis
2453 5199 2577 5255 qua:
2618 5199 2741 5239 cum
2781 5184 2853 5240 ab
2890 5184 3133 5255 ingenito
3174 5184 3489 5256 gigneretur

1907 5279 2169 5334 obtinuit.
2204 5277 2340 5332 Nam
2374 5277 2559 5349 genita
2592 5284 2789 5333 natura
2830 5277 2884 5332 in
2914 5276 3155 5348 ingenita
3180 5276 3487 5335 substantia

1906 5387 2031 5427 esse
2070 5386 2179 5426 non
2229 5378 2443 5440 potest;
2474 5377 2624 5427 esset
2664 5369 2811 5425 enim
2851 5370 3017 5426 simul
3063 5367 3244 5462 idea;
3275 5376 3332 5422 et
3376 5382 3487 5422 non

1907 5470 2074 5520 esset.
2099 5460 2232 5518 Nam
2261 5462 2407 5532 quod
2436 5463 2678 5533 genitum
2709 5470 2813 5528 est,
2845 5462 3145 5532 ingenitum
3160 5458 3294 5514 ‘non
3319 5458 3488 5531 θη

1910 5562 2016 5616 est,
2038 5560 2094 5608 et
2121 5552 2267 5622 quod
2298 5553 2594 5623 ingenitum
2616 5560 2721 5616 est,
2746 5554 2988 5624 genitum
3010 5566 3118 5606 non
3140 5550 3270 5604 fuit:
3285 5550 3488 5618 quippe

1912 5644 2231 5700 dissimilem
2279 5644 2517 5715 aliquam
2559 5643 2667 5701 Deo
2699 5651 2908 5715 partem
2945 5640 3217 5710 aﬂingere,
3260 5637 3488 5703 maledi-

1912 5734 1986 5788 cti
2018 5734 2072 5787 in
2102 5749 2226 5789 eum
2260 5749 2324 5791 ac
2353 5735 2703 5791 contumeliae
2728 5733 2963 5805 speciem
2992 5730 3235 5803 praetert.

312 5836 332 5870 ⁸
353 5835 513 5895 Deest
543 5837 683 5892 κατὰ
705 5839 820 5910 τήν.
897 5841 917 5870 ²
944 5837 1080 5896 Gen.
1120 5855 1197 5909 ix,
1226 5838 1315 5893 20.
1397 5837 1418 5869 ³
1447 5837 1580 5896 ibid.
1656 5839 1676 5869 ’⁵
1699 5840 1788 5897 Joa

1893 5857 2001 5899 ut.
2029 5843 2120 5897 ‘28.
