3964 6400
793 446 802 453 ’
1030 418 1061 450 ν
1161 457 1473 532 Confutatio
1507 461 1581 518 1.

651 554 824 610 lnstat
872 552 1141 624 oppositis
1170 555 1479 611 rationibus
1503 566 1558 612 et
1589 555 1929 627 argumentis
1951 554 2161 622 Aetius,

579 643 881 702 dialecticis
908 645 1136 701 vocibus
1167 645 1411 702 humano
1448 647 1668 719 ingenio
1699 646 1984 702 fabricatis
2010 661 2163 702 com-

579 736 920 810 prehendere
953 734 1123 792 Deum
1153 738 1406 816 cupiens,
1439 753 1504 793 ac
1533 738 1898 795 certissimam
1937 738 2163 794 eviden-

578 831 648 886 tis
682 827 805 884 fidei
855 842 1008 898 spem
1036 829 1343 885 dictionum
1374 843 1599 886 suarum
1634 829 1864 900 argutiis
1907 828 2162 884 mutilare

577 917 942 976 contendens.
987 917 1176 991 itaque
1231 919 1498 976 dissimile
1527 919 1848 974 vocabulum
1878 917 2163 974 dissimili-

573 1022 658 1067 ter
689 1013 1010 1075 committit,
1057 1021 1112 1067 et
1153 1010 1426 1065 dictiones
1467 1011 1602 1064 alias
1641 1009 1764 1063 aliis
1795 1008 1860 1062 ad
1905 1017 2162 1063 everten-

571 1103 702 1157 dum
734 1104 948 1170 inserit,
984 1110 1043 1157 ut
1073 1117 1138 1158 ea
1183 1103 1398 1156 ratione
1431 1100 1705 1164 conﬁciat,
1741 1097 1938 1154 Filium
1983 1099 2160 1155 Patris

570 1208 696 1250 esse
752 1193 1108 1260 dissimilem;
1155 1192 1303 1261 quod
1357 1191 1472 1246 ﬂeri
1530 1191 1681 1246 nullo
1737 1191 1900 1244 modo
1952 1199 2155 1260 potest.

574 1285 756 1348 Quare
783 1285 898 1338 suis
923 1283 1038 1352 ipse
1073 1281 1405 1352 syllogismis
1458 1295 1522 1334 ac
1554 1279 1862 1334 rationibus
1888 1279 2154 1349 capietur.

572 1375 668 1428 Sic
694 1375 838 1429 enim
866 1373 1110 1443 disputat
1143 1391 1156 1428 :
1194 1391 1212 1423 ι
1248 1371 1304 1426 Si
1338 1370 1576 1441 perfecta
1607 1370 1679 1424 sit
1704 1369 1886 1440 genita
1915 1369 2155 1434 soboles,

568 1466 761 1520 eadem
804 1466 857 1519 in
895 1465 1136 1535 ingenito
1166 1464 1294 1530 erit,
1323 1479 1432 1517 non
1462 1477 1528 1518 ex
1557 1463 1624 1516 iis
1655 1477 1777 1532 quae
1809 1477 1935 1516 cum
1967 1461 2035 1514 ab
2067 1460 2154 1514 in-

567 1557 752 1626 genito
795 1557 1112 1628 gigneretur
1154 1554 1411 1609 obtinuit.
1446 1551 1582 1606 Nam
1622 1553 1805 1624 genita
1858 1559 2055 1606 natura
2099 1553 2155 1606 in

565 1646 808 1718 ingenita
839 1646 1149 1702 substantia
1181 1658 1304 1700 esse
1331 1659 1439 1698 non
1471 1650 1691 1714 potest;
1726 1649 1872 1696 esset
1903 1641 2049 1694 enim
2079 1640 2157 1695 si-

565 1738 678 1791 mul
719 1737 884 1801 idem,
928 1744 983 1792 et
1029 1752 1138 1790 non
1179 1745 1344 1791 esset.
1387 1733 1524 1788 Nam
1565 1731 1710 1803 quod
1759 1733 1998 1801 genitum
2047 1741 2151 1795 est,

1964 347 2023 405 S.
2064 349 2409 408 EPIPHANII
3663 375 3738 432 57g

2193 477 2240 533 Δ

2839 472 3172 541 Ἀνατροπὴ
3205 475 3266 528 1’.

2350 557 2668 623 Ἀντιθέτως
2699 563 3026 632 παρεισάγει
3065 563 3288 628 Ἀέτιος,
3322 565 3384 618 ὲκ
3410 567 3743 632 συλλογιστικιῖη

2263 647 2572 720 ὀνομασιῶν
2624 651 2974 724 ἀνθρωπίνης
3021 657 3262 720 ἐπινοίας
3321 658 3444 712 Θεὸν
3496 665 3744 724 καταλαῆεἰν

2265 737 2622 811 βουλόμενος·
2654 743 2748 795 καὶ
2788 744 2865 807 ὡς
2903 747 2968 798 ἐκ
3003 744 3204 811 λέξεων
3245 750 3633 822 ἀκρωτηριάζειν
3662 776 3748 811 πει-

2267 832 2424 902 ρᾶται
2473 833 2571 903 τῆς
2617 834 2882 908 ἐναργοῦς
2932 838 3172 905 πίστεως
3203 840 3300 912 τὴν
3339 841 3542 912 βεόαίαν
3586 847 3749 916 ἐλπίδα,

2261 922 2512 994 ἀνόμοιον
2544 925 2813 996 ἀνομοίως
2845 929 3210 1000 συγκρούσας,
3238 933 3331 984 καὶ
3360 933 3493 998 λέξιν
3522 934 3640 1001 λέξει
3660 941 3752 994 ἀνα-

2261 1015 2536 1085 τροπικῶς
2563 1019 2854 1088 παρενθείς
2874 1037 2888 1050 ο
2917 1021 2992 1084 ὼς
3017 1023 3081 1075 ἐκ
3104 1022 3293 1077 τούτου
3318 1024 3578 1094 βιάζεσθαι
3605 1029 3654 1081 τὸ
3690 1033 3752 1083 ἀν-

2260 1104 2446 1174 όμοιον
2479 1106 2573 1160 τοῦ
2624 1109 2838 1180 Πατρός
2871 1111 3083 1183 πατέρα
3115 1113 3131 1144 ¹
3173 1114 3481 1184 σημαίνειν·
3517 1117 3631 1188 ὅπερ
3651 1120 3752 1172 ἐστὶν

2258 1192 2542 1249 ἀδύνατον.
2580 1196 2672 1261 Ἐξ
2713 1199 2892 1252 αὐτῶν
2925 1201 3066 1272 γὰρ,
3100 1201 3176 1265 ὡς
3229 1203 3431 1270 ἐδίδαξε
3479 1203 3560 1255 τὸν
3588 1205 3752 1274 κόσμον,

2261 1285 2640 1357 συλλογισμῶν
2693 1290 2786 1342 καὶ
2857 1291 3020 1356 αὐτὸς
3083 1293 3565 1366 συλλογισθήσεται.
3607 1296 3754 1349 diem

2257 1377 2394 1448 γάρ*
2425 1395 2444 1429 ι
2465 1378 2526 1431 Ei
2562 1379 2771 1433 τέλειον
2799 1377 2867 1453 ἦν
2905 1382 2963 1435 τὸ
2995 1382 3264 1455 γέννημα,
3298 1386 3356 1438 ὲν
3387 1385 3639 1456 ἀγεννήτῳ
3667 1403 3754 1453 Trv-

2258 1469 2463 1538 νήματι
2496 1470 2633 1536 ἐστι,
2675 1473 2769 1524 καὶ
2807 1474 2906 1525 οὐκ
2936 1472 2995 1538 έξ
3024 1468 3098 1527 ὧν
3127 1477 3155 1529 ό
3193 1475 3482 1546 ἀγέννητος
3512 1477 3626 1530 αὐτὸ
3651 1477 3756 1544 ἐγίν-

2257 1574 2407 1627 νησε.
2462 1558 2731 1631 Γεννητὴν
2770 1561 2880 1632 γὰρ
2909 1562 3072 1632 φύσιν
3115 1565 3173 1616 ὲν
3225 1565 3500 1634 ἀγεννήτῳ
3531 1564 3662 1634 οὐσίᾳ⁵
3692 1566 3756 1617 οὐκ

2257 1647 2530 1719 ἐνδέχεται
2560 1645 2726 1703 εἶναι’
2757 1653 2819 1705 τὸ
2845 1652 2953 1724 γὰρ
2985 1648 3123 1707 εἷναί
3157 1653 3219 1707 τέ
3258 1655 3400 1717 ἐστι,
3433 1656 3521 1708 καὶ
3550 1655 3615 1725 μὴ
3646 1650 3755 1711 εἶναι.

2257 1738 2510 1811 Γέννημα
2543 1740 2652 1813 γὰρ
2673 1743 2966 1814 ἀγέννητον
2995 1746 3095 1799 οὐκ
3127 1741 3243 1799 ἔστι
3262 1763 3277 1776 ·
3321 1747 3414 1799 καί
3452 1747 3700 1817 ἀγέννητον
3721 1746 3758 1799 ὃν

566 1827 869 1897 ingenitum
903 1843 1013 1881 non
1059 1834 1178 1892 est,
1228 1834 1286 1880 et
1327 1825 1474 1896 quod
1518 1824 1820 1890 ingenitum
1853 1828 1958 1887 est,
1999 1823 2146 1892 geni-

2253 1827 2502 1902 γέννημα
2546 1832 2647 1885 οὐκ
2693 1827 2762 1902 ἦν
2787 1848 2800 1861 ·
2844 1833 2938 1886 τοῦ
2995 1835 3254 1906 ἀνομοίου
3308 1839 3502 1908 μέρους
3546 1839 3626 1890 ἐπὶ
3666 1836 3757 1890 Θεοὸ

567 1917 742 1971 nilum
795 1933 904 1972 non
952 1916 1073 1972 fuit.
1119 1916 1331 1988 Quippe
1378 1915 1702 1972 dissimilem
1755 1913 1992 1984 aliquam
2039 1913 2151 1968 Deo

567 2015 779 2077 partem
817 2007 1056 2061 tribuere
1093 2005 1366 2060 maledicti
1412 2007 1466 2059 in
1516 2020 1640 2059 eum
1686 2019 1752 2058 ac
1807 2002 2151 2058 contumelia:

564 2098 800 2166 speciem
829 2097 1068 2166 praefert.
1105 2117 1123 2148 ι
1157 2096 1228 2150 Ex
1250 2098 1447 2166 quibus
1476 2096 1612 2150 falsa
1645 2095 1790 2149 illius
1824 2109 1888 2148 ac
1924 2093 2150 2148 menda-

563 2188 670 2242 ciis
721 2188 919 2242 referta
968 2187 1317 2242 convincitur
1374 2187 1584 2252 oratio;
1643 2185 1806 2254 idque
1859 2185 2150 2254 perspicue

562 2277 1140 2342 constat,dissimilem
1187 2275 1366 2333 Patris
1405 2293 1528 2333 esse
1575 2275 1772 2330 Filium
1815 2292 1923 2330 non
1963 2291 2145 2346 posse,

564 2385 741 2439 neque
771 2361 1025 2440 perfectas
1054 2370 1324 2426 divinitati
1359 2369 1507 2424 illius
1552 2367 1892 2438 inaequalem.
1934 2365 2146 2421 Etenim

559 2473 684 2527 quite
715 2459 938 2514 omnino
980 2461 1128 2514 velut
1161 2468 1384 2516 coactus
1415 2460 1712 2529 eloquitur,
1754 2471 1818 2512 ea
1863 2457 2149 2511 sententiae

559 2564 676 2602 sua:
709 2550 984 2604 contraria
1019 2550 1264 2617 disserit,
1296 2551 1426 2605 dum
1461 2549 1683 2605 assidue
1711 2549 1952 2619 genitum
1979 2555 2035 2602 et
2069 2548 2150 2601 in-

559 2641 806 2709 genitum
841 2641 1000 2696 nobis
1038 2641 1285 2695 obtrudit
1315 2659 1328 2697 :
1359 2639 1504 2696 unde
1530 2647 1586 2696 et
1619 2639 1763 2710 quod
1798 2638 1867 2693 ad
1899 2646 2144 2693 creatum

561 2729 974 2804 increatumque
1005 2740 1236 2802 spectat,
1278 2732 1412 2786 illud
1446 2747 1556 2786 una
1595 2731 1814 2786 discere
1846 2731 2029 2794 debet,
2061 2732 2144 2786 al-

561 2827 736 2874 terum
767 2837 890 2876 cum
929 2824 1102 2878 altero
1131 2823 1338 2877 nullam
1375 2823 1658 2894 dignitatis
1703 2822 2143 2877 communionem

561 2909 799 2979 habere;
830 2928 953 2981 quae
997 2913 1053 2966 in
1095 2928 1160 2968 eo
1195 2913 1374 2983 posita
1411 2920 1517 2978 est,
1549 2919 1612 2966 ut
1641 2917 1813 2965 totum
1844 2911 1917 2966 sit
1956 2909 2146 2965 adora-

559 2998 708 3054 tione
753 3003 1218 3070 prosequendum.
1269 3002 1326 3057 Si
1379 3002 1526 3056 enim
1551 3001 1698 3072 quod
1749 3001 2015 3057 dissimile
2058 3007 2145 3056 est

559 3104 686 3142 cum
714 3105 798 3155 eo,
829 3091 991 3162 cujus
1030 3091 1305 3148 dissimile
1327 3092 1807 3160 est,ada2quatum,
1827 3091 2045 3160 penitus
2073 3090 2145 3146 sit

2259 1919 2608 1993 βλασφημίας
2637 1922 2807 1977 τύπον
2845 1926 2940 1978 καὶ
2991 1925 3149 1998 ὕϐριν
3180 1929 3488 2000 ἐπέχοντος.
3511 1948 3529 1983 ι
3554 1930 3688 1982 ’Ὥστε
3722 1927 3760 1992 ἐξ

2257 2012 2496 2077 ἅπαντος
2526 2014 2842 2087 ἐλέγχεσθαι
2864 2017 2933 2072 τὰ
2967 2020 3066 2090 τῆς
3099 2023 3521 2094 παραποιήσεως
3552 2022 3669 2092 μέρη
3689 2021 3759 2072 uin

2254 2101 2449 2173 λόγων,
2475 2106 2551 2170 ὡς
2581 2108 2682 2161 οὐκ
2713 2109 2988 2182 ἐνδέχεται
3028 2112 3286 2182 ἀνόμοιον
3317 2109 3457 2169 εῖναι
3485 2115 3569 2168 τὸν
3583 2113 3685 2167 Υἱὸν
3710 2112 3760 2182 τῷ

2255 2195 2451 2268 Πατρὶ,
2499 2197 2608 2252 οὐδ’
2638 2199 2821 2254 ἄνισον
2859 2202 2958 2272 τῆς
2984 2203 3149 2256 αὐτοῦ
3195 2204 3414 2270 τελείας
3459 2205 3690 2276 θεότητος.
3718 2203 3756 2255 ΕΞ

2253 2288 2364 2359 γὰρ
2397 2290 2533 2353 ὅλως
2573 2291 2772 2361 φάσκει
2804 2292 3197 2367 βεειασμένως,
3235 2297 3364 2351 καθ’
3395 2297 3578 2351 ἑαυτοῦ
3617 2297 3760 2350 δὲέτι-

2255 2377 2478 2448 στρέφει
2506 2380 2667 2452 ῥητὰ,
2692 2381 2728 2436 ἃ.
2749 2383 3038 2453 διηγεῖται,
3062 2386 3122 2439 τὸ
3142 2387 3407 2458 γεννητὸν
3433 2389 3520 2442 καὶ
3540 2386 3761 2454 ἀγέννητον

2253 2469 2340 2522 ἀεὶ
2362 2470 2587 2540 φάσκων
2603 2490 2616 2502 ο
2641 2473 2749 2527 ἀπὸ
2769 2474 2960 2528 τούτου
2984 2475 3203 2546 μαθέτω
3225 2479 3292 2532 τδ
3315 2477 3528 2533 κτιστὸν
3559 2477 3638 2531 καὶ
3659 2475 3760 2528 ἄκτι-

2255 2574 2399 2620 στον,
2419 2559 2500 2612 ὅτι
2517 2559 2616 2613 οὐκ
2635 2561 2908 2632 ἐνδέχεται
2937 2565 3312 2620 ἐπικοινωνεῖν
3329 2566 3485 2620 τοῦτο
3507 2565 3656 2634 τούτῳ
3669 2560 3761 2631 πρὸς

2250 2645 2311 2700 τὺ
2344 2647 2594 2718 ἀξίωμα,
2627 2651 2765 2722 ὅπερ
2798 2653 2915 2706 ἐστὶ
2944 2653 3006 2707 τὸ
3045 2655 3164 2710 ὅλον
3195 2656 3584 2728 προσκυνητόν,
3615 2654 3666 2707 Εἰ
3691 2649 3761 2719 γὰρ

2258 2736 2396 2802 ὅλως
2423 2741 2800 2812 προσκυνητὸν
2832 2743 2894 2797 τὸ
2937 2745 3192 2816 ἀνόμοιον
3233 2747 3318 2818 τῷ
3352 2747 3582 2819 ἀνομοίῳ
3615 2741 3759 2808 ἐξισού-

2254 2845 2436 2899 μενον,
2467 2831 2651 2885 οὐκέτι
2692 2833 2882 2888 διοίσει
2922 2836 3079 2906 λόγος
3103 2838 3194 2891 τὸν
3225 2838 3329 2892 ἕνα
3381 2840 3488 2894 ἀπὸ
3531 2839 3627 2892 τῶν
3648 2835 3760 2889 ὅλων

2248 2921 2348 2990 τῆς
2371 2922 2633 2992 ἀνομοίας
2657 2924 2720 2976 οὐ
2748 2925 3052 3000 δυναμένης
3076 2929 3134 2981 ὲν
3168 2929 3325 2994 τάξει
3351 2929 3447 2984 τοῦ
3478 2931 3630 3000 αὐτῆς
3654 2923 3762 2992 ἀξιεὶ»

2253 3029 2421 3082 ματος
2466 3015 2789 3083 τάττεσθαι,
2822 3018 2925 3072 κάν
2977 3036 3038 3073 τε
3082 3020 3141 3073 ὲν
3173 3021 3303 3094 δόξῃ
3348 3023 3699 3094 ὑπερϐάλλοιτο
3728 3025 3770 3076 τί

2248 3103 2357 3157 ἀπὸ
2388 3105 2606 3159 πάντων
2637 3105 2695 3159 ἓν
2735 3107 2905 3164 ὄντων
2942 3111 3212 3183 ἀνομοίων
3254 3115 3403 3188 πρὸς
3451 3114 3585 3188 [τὴν]
3606 3114 3681 3168 τὸν
3703 3115 3763 3167 ἕνα

556 3178 914 3247 adorandum,
943 3199 1088 3238 unus
1116 3182 1187 3237 ab
1209 3182 1482 3237 universis
1502 3181 1642 3236 nihil
1675 3197 1744 3236 ex
1772 3182 1861 3235 illa
1899 3182 2146 3236 oratione

2251 3192 2339 3247 διὰ
2359 3193 2456 3266 τὴν
2493 3195 2568 3267 μὴ
2596 3178 3058 3256 ὲπικοινωνοῦσαν
3094 3203 3172 3274 τῷ
3201 3204 3290 3258 ένὶ
3306 3178 3535 3260 πάντων·
3706 3203 3766 3256 τὸν

555 3268 968 3342 discrepaverit.
1010 3271 1148 3327 Tum
1196 3274 1339 3329 enim
1371 3271 1746 3328 conditionum
1782 3272 1873 3326 illa
1899 3271 2142 3338 dissimi-

557 3359 736 3415 litudo
764 3360 818 3415 in
859 3377 960 3418 suo
993 3363 1189 3419 ordine
1221 3378 1284 3418 ac
1311 3364 1577 3433 dignitate
1608 3363 1879 3418 contineri
1915 3377 2022 3418 non
2054 3376 2144 3432 po-

554 3449 713 3516 terit;
756 3452 974 3507 tametsi
1019 3468 1188 3508 unum
1238 3453 1372 3508 illud
1415 3452 1651 3515 caeteris,
1685 3466 1808 3522 quae
1848 3451 2141 3507 dissimilia

555 3548 708 3607 sunt,
753 3541 1043 3612 splendore
1088 3558 1153 3596 ac
1191 3543 1363 3613 gloria
1409 3543 1740 3597 antecellere
1791 3542 2008 3598 dicatur
2069 3541 2143 3597 ob

551 3643 746 3684 eorum
793 3631 1324 3697 dissimilitudinem,
1375 3648 1498 3702 qua:
1537 3647 1662 3686 cum
1693 3647 1800 3686 uno
1831 3632 2144 3687 consociari

552 3722 982 3791 eompararique
1010 3736 1118 3776 non
1151 3730 1405 3792 possunt.
1439 3723 1806 3788 Quamobrem
1829 3737 1896 3777 eo
1919 3723 2140 3780 tandem

561 3819 654 3859 res
694 3806 920 3873 recidet,
979 3816 1040 3863 ut
1078 3810 1180 3872 soi,
1232 3810 1380 3876 luna,
1418 3810 1621 3874 sidera,
1669 3819 1814 3866 terra
1865 3820 2030 3881 atque
2073 3813 2142 3867 iis

552 3895 720 3948 etiam
753 3895 1017 3951 inferiora
1039 3914 1271 3970 quasque
1297 3901 1576 3955 adoranda
1604 3902 1894 3956 videantur
1917 3919 1932 3968 ;
1965 3917 2142 3974 neque

556 3983 611 4040 id
649 3984 740 4039 uni
791 4001 918 4040 cum
983 4002 1094 4043 uno
1141 3989 1344 4058 Spiritu
1384 3992 1717 4062 praecipuum
1757 4008 1822 4049 ac
1865 3994 2140 4064 peculiare

437 4083 440 4086 ’
555 4073 656 4136 sit,
687 4091 811 4145 qua:
844 4085 930 4131 est
961 4093 1069 4133 una
1100 4078 1366 4147 Trinitas,
1393 4083 1652 4139 divinitas
1682 4099 1791 4139 una
1815 4093 1871 4141 et
1897 4085 2140 4156 singula-

555 4166 693 4221 riter
725 4165 1026 4224 adoranda.
1062 4170 1406 4242 Quapropter
1453 4175 1500 4230 si
1542 4176 1647 4231 hoc
1685 4178 1848 4233 modo
1880 4179 2138 4251 colligere

555 4256 664 4311 ista
689 4257 839 4323 licet,
873 4275 999 4314 cum
1035 4262 1113 4315 rei
1140 4263 1371 4318 veritate
1399 4275 1830 4323 consentaneum
1858 4269 1961 4324 erit
1987 4269 2136 4338 quod

553 4349 780 4405 dicitur.
820 4349 990 4423 9‘9
1016 4350 1199 4422 Neque
1235 4353 1380 4408 enim
1411 4370 1582 4408 unum
1623 4354 1861 4412 Verbum
1900 4360 2141 4430 reliquo-

552 4454 675 4494 rum
709 4439 888 4500 simile
928 4449 1051 4508 est;
1089 4457 1264 4513 neque
1300 4441 1472 4500 Filius
1519 4461 1664 4500 unus
1698 4447 1822 4504 aliis
1849 4449 2135 4514 omnibus,

2244 3281 2339 3335 Eva
2361 3282 2744 3357 ἀνομοιότητα.
2769 3287 2881 3341 Καὶ
2913 3287 3067 3343 ἔσται
3096 3289 3285 3344 λοιπὸν
3329 3293 3428 3348 καὶ
3463 3292 3604 3363 ἥλιος
3621 3291 3746 3344 nisi

2242 3369 2377 3444 λήνη
2405 3375 2498 3427 καὶ
2531 3375 2707 3447 ἄστρα
2779 3380 2874 3432 καὶ
2908 3379 2982 3449 γῆ
3045 3381 3140 3434 καὶ
3171 3381 3388 3436 τούτων
3424 3383 3503 3436 ἔτι
3532 3381 3595 3436 τὰ
3618 3379 3760 3435 ὑποϐε-

2243 3459 2451 3530 ϐηκότα
2495 3467 2875 3538 προσκυνητά·
2935 3469 3030 3523 καὶ
3071 3469 3255 3523 οὐκέτι
3292 3473 3324 3524 ὁ
3371 3465 3453 3534 είς
3494 3472 3585 3525 σὺν
3619 3470 3683 3540 τῷ
3712 3465 3764 3520 ἐνὶ

2241 3551 2555 3624 Πνεύματι,
2599 3555 2739 3628 ὅπερ
2794 3559 2914 3612 ἐστὶ
2964 3561 3062 3630 μία
3090 3561 3296 3631 Τριάς,
3339 3564 3436 3616 καὶ
3471 3563 3563 3633 μία
3609 3560 3760 3627 θεότηςι

2241 3643 2336 3696 καὶ
2367 3644 2466 3714 μία
2503 3647 2898 3720 προσκύνησις.
2934 3645 3083 3722 Ἃρα
3107 3646 3222 3716 οὖν,
3265 3655 3322 3706 εἰ
3355 3652 3513 3708 τοῦτο
3548 3652 3628 3707 διὰ
3657 3648 3763 3703 τοῦτο

2243 3729 2640 3801 συλλογιστέον,
2667 3736 2822 3792 ἔσται
2847 3739 2948 3809 μὲν
2979 3739 3112 3794 αὐτὸ
3147 3741 3205 3794 ἐν
3232 3741 3487 3813 ἀληθείᾳ,
3521 3739 3681 3808 ἐπειδὴ
3698 3737 3760 3803 οὐ)

2239 3823 2427 3893 ὅμοιος
2454 3825 2484 3877 ό
2505 3820 2586 3890 είς
2619 3827 2790 3896 Λόγος
2821 3831 2936 3894 τοῖς
2961 3832 3094 3885 πᾶσι
3126 3830 3335 3902 λόγοις,
3376 3835 3498 3888 οὐδὲ
3527 3827 3601 3896 είς
3628 3832 3653 3884 ὁ
3677 3827 3761 3889 Υἷός

2238 3917 2354 3980 τοῖς
2383 3918 2516 3971 πᾶσι
2552 3919 2696 3974 κατά
2723 3921 3021 3995 ἀναγωγὴν
3069 3925 3527 3996 κικλησκομένοις
3574 3925 3692 3986 (cog;
3711 3919 3760 3971 οὐ

2239 4005 2351 4079 γάρ
2381 4007 2500 4063 ἐστι
2531 4010 2631 4066 σὺν
2655 4014 2770 4077 τοῖς
2807 4015 2996 4082 πᾶσιν,
3040 4016 3176 4072 ἀλλά
3222 4017 3292 4070 δι’
3322 4013 3385 4073 οὗ
3426 4018 3477 4071 οἱ
3509 4016 3696 4076 πάντες·
3715 4009 3766 4062 Τδ

2239 4097 2372 4166 γοῦν
2425 4101 2703 4168 ἀδυνάτως
2746 4107 2880 4180 παρ’
2922 4107 3072 4180 αὐτῷ
3127 4108 3206 4180 τῷ
3263 4109 3462 4181 Ἀετίῳ
3515 4105 3685 4178 ταχθὲν
3723 4099 3763 4162 ἐξ

2239 4190 2513 4264 ὑπαρχῆς,
2559 4195 2654 4251 καὶ
2693 4199 2775 4261 είς
2819 4197 2977 4272 ὓϐριν
3025 4200 3222 4272 ἐπέχον
3266 4201 3444 4255 τύπον
3483 4193 3762 4272 βλασφημίας

2237 4281 2327 4336 διὰ
2357 4283 2419 4337 τὸ
2455 4284 2640 4358 μέρος,
2676 4287 2705 4341 ὃ
2734 4289 2837 4360 ἔφη
2889 4293 2948 4345 ὲν
2988 4291 3108 4364 Θεῷ
3150 4292 3210 4346 ὃν
3241 4293 3430 4364 (ὅπερ
3465 4293 3522 4346 οὐ
3559 4284 3761 4357 διιιφθίθἇς

2243 4373 2413 4446 μέρος
2443 4377 2701 4450 ὑπάρχει,
2735 4381 2851 4435 ἀλλ’
2877 4385 3142 4454 ἰσότητος,
3175 4384 3273 4438 καὶ
3296 4384 3424 4438 οὔτε
3460 4379 3758 4456 μεριζομένηί

2242 4466 2345 4538 τῆς
2373 4465 2646 4540 θεότητος,
2675 4472 2791 4526 ἀλλ’
2816 4474 2903 4527 ἀεὶ
2935 4473 3102 4547 οὔσης
3127 4475 3494 4546 τελειοτάτης,
3530 4472 3642 4544 τρία
3667 4468 3758 4521 ὄντα

551 4531 647 4631 qui
691 4545 790 4600 per
814 4534 1130 4604 allegoriam
1171 4536 1255 4591 sic
1291 4537 1659 4606 appellantur,
1701 4541 1948 4611 aqualis.
1996 4541 2132 4598 Nam

2249 4531 2444 4623 τέλεια,
2470 4531 2568 4627 μία
2600 4531 2845 4631 θεότης)’
2894 4531 3098 4632 μᾶλλον
3135 4564 3193 4619 δὲ
3224 4567 3307 4629 είς
3339 4531 3592 4619 σύστασιν
3614 4561 3693 4632 τῆς
3719 4557 3757 4607 ἓν

551 4619 698 4676 inter
733 4623 872 4678 alios
911 4625 1136 4682 minimc
1168 4635 1447 4692 censetur,
1478 4630 1572 4685 sed
1591 4646 1686 4701 per
1717 4647 1841 4687 eum
1873 4634 1964 4688 isti
2000 4649 2132 4704 pro-

547 4714 721 4768 creati
765 4725 916 4770 sunt.
957 4716 1036 4772 Ita
1079 4720 1227 4789 quod
1266 4720 1606 4790 impossibile
1646 4723 1805 4778 initio
1845 4727 2134 4795 proposuit

553 4801 765 4872 Aetius,
797 4808 1053 4878 quodque
1084 4811 1447 4878 contumelias
1478 4811 1532 4865 in
1565 4814 1732 4868 Deum
1769 4828 1834 4868 ac
1858 4816 2131 4872 maledicti

551 4896 788 4962 speciem
821 4877 1169 4966 habebat,\ob
1194 4902 1341 4957 illam
1373 4916 1536 4972 quam
1559 4903 1840 4960 aﬂiuxerat
1871 4905 1980 4962 Deo
2004 4923 2123 4977 par-

2239 4644 2468 4718 ἀληθείᾳ
2495 4649 2732 4715 πίστεως
2752 4652 2814 4706 τὸ
2847 4654 3099 4722 ἀνόμοιον
3121 4658 3258 4727 ἡμῖν
3283 4655 3685 4728 ὲπησφαλίσατο,
3703 4647 3758 4708 εἰς

2239 4735 2301 4787 τδ
2345 4735 2420 4806 μὴ
2465 4739 2743 4816 νομίζειν,
2787 4745 2927 4814 μήτε
2984 4746 3266 4802 πείθεσθαι
3304 4749 3422 4812 τοῖς
3463 4744 3604 4818 παρά
3643 4738 3756 4804 ἀξίαν

2250 4825 2519 4899 Ἑλλήνων
2571 4833 2788 4887 πταίειν
2837 4837 3168 4908 προπετείας
3213 4839 3486 4910 προλήψει
3534 4844 3756 4899 κατεγνωε

2239 4917 2456 4995 σμένοις
2495 4920 2594 4993 τὴν
2643 4926 2824 4980 πᾶσαν
2855 4927 3035 4980 κτίσιν
3077 4931 3482 5000 προσκυνητέον
3513 4922 3655 4987 εἶναι,
3688 4916 3756 4987 τήν

553 4992 663 5038 tem
690 4985 833 5056 (quae
864 4993 1086 5061 quidem
1131 5009 1238 5048 non
1279 4993 1617 5058 dilIerentiaa,
1665 4995 1759 5052 sed
1801 4999 2130 5067 aequalitatis

2249 4985 2420 5064 Ξνοιαν
2445 5013 2466 5043 ⁸
2490 4985 2656 5069 οὖσαν
2691 5017 2827 5088 πρὸς
2860 5018 2954 5072 τὸν
2989 4985 3466 5092 προσκυνούμενον
3496 4985 3685 5085 Πατέρα
3716 4985 3756 5057 έν

552 5087 685 5142 pars
721 5085 828 5142 est,
873 5081 1010 5138 adeo
1037 5092 1098 5137 ut
1130 5099 1240 5138 non
1281 5084 1354 5140 sit
1381 5084 1666 5154 partienda
1693 5086 1973 5152 divinitas,
2006 5104 2131 5161 quae

2249 5097 2371 5169 Υίῷ,
2409 5101 2538 5156 Υἰὸν
2577 5108 2636 5158 έν
2668 5081 2844 5179 Πατρὶ
2889 5111 2987 5163 σὺν
3020 5081 3160 5183 ἀγιῳ
3201 5081 3560 5183 Ilva-tinuum}:
3595 5081 3639 5176 i1-
3662 5095 3756 5160 δόξα

551 5165 955 5234 perfectissima
987 5187 1202 5243 semper
1229 5183 1316 5231 est
1351 5176 1408 5230 in
1444 5176 1620 5232 tribus
1656 5177 1914 5247 perfectis
1943 5183 2130 5237 consi-

2249 5165 2468 5257 tigvrobg
2489 5195 2716 5262 αἰῶνας.

551 5267 728 5361 “cf”,
764 5277 876 5361 “fa
905 5264 1221 5361 ἀίνξιιίξθξη
1255 5270 1382 5335 hoc,
1412 5271 1657 5342 inquam,
1688 5272 1890 5345 ipsum,
1923 5277 2072 5345 quod
2099 5278 2166 5335 dc
2196 5281 2452 5344 dissimili
2504 5291 2710 5361 injecit,
2754 5295 2822 5351 ad
2876 5297 3161 5354 veritatem
3194 5297 3480 5354 catholica:
3522 5289 3632 5351 ﬁdei
3664 5297 3753 5342 ουτ·

555 5353 920 5460 roboranda-ru
965 5356 1262 5460 plurimum
1313 5363 1567 5428 contulit,
1630 5370 1694 5418 ut
1728 5379 1815 5460 ne
1862 5365 2079 5422 illorum
2138 5377 2317 5430 errori
2371 5371 2530 5436 ﬁdem
2557 5353 2902 5451 vitabeamus,
2939 5402 3079 5458 quos
3125 5403 3408 5460 perperam
3462 5385 3527 5442 ad
3566 5389 3750 5438 temer"

555 5448 694 5544 riam
727 5451 1012 5520 gentilium
1062 5453 1374 5524 opinionem
1409 5468 1473 5508 ac
1506 5458 1950 5527 superstitionem
1981 5461 2352 5526 adherescere
2398 5475 2796 5544 convincimus,
2847 5448 2901 5537 et
2955 5448 3171 5538 omnem
3216 5448 3521 5538 creaturam
3566 5473 3751 5531 adoran-

553 5534 679 5651 tiam
715 5555 840 5596 esse
871 5543 1136 5651 proﬁteri,
1160 5551 1511 5651 quantumvis
1531 5551 1691 5651 _Pa_tri
1720 5553 1791 5651 sit
1813 5555 2124 5651 dissimilis,
2155 5560 2249 5629 qui
2269 5561 2531 5625 adoratur
2554 5570 2609 5624 in
2638 5534 2798 5647 Filio,
2833 5534 2897 5634 et
2939 5534 3532 5651 adoretur
3589 5574 3635 5629 in
3675 5563 3747 5620 Ρ³⁶

554 5634 663 5695 tre,
705 5647 830 5687 cum
876 5645 1070 5695 sancto
1100 5637 1328 5710 Spiritu,
1359 5644 1448 5697 cui
1494 5645 1666 5729 gloria
1697 5649 1770 5706 sit
1811 5649 1867 5706 in
1895 5655 2113 5713 saecula.

524 5779 529 5787 -
631 5741 645 5770 ¹
682 5744 743 5800 F.
769 5749 860 5803 τὸν
881 5751 1028 5810 Υίόν.
1106 5757 1126 5788 ²
1153 5753 1214 5811 F.
1250 5755 1521 5828 ἀνόμοιον.
