3964 6402
249 425 351 480 5⁸73

315 625 376 679 El
396 624 688 693 ἀγεννὴτου
718 622 935 692 φύσεως
962 624 1220 695 ὑπάρχων
1248 627 1278 678 6
1305 625 1438 690 Θεὸς
1461 643 1490 680 ο
1512 627 1816 699 aravit-9195.

249 734 376 786 τωρ,
406 715 671 786 γεννητῆς
703 714 918 784 φύσεως
950 717 1052 770 οὐκ
1092 711 1232 769 οἶδεν
1274 717 1486 771 ἑαυτόν·
1521 719 1550 770 6
1582 719 1638 771 δὲ
1667 719 1814 784 Υἱὸς,

248 805 506 876 γεννητῆς
546 805 760 873 φύσεως
800 805 1080 876 ὑπάρχων,
1120 806 1279 859 τοῦτο
1315 807 1572 875 γινώσκει
1605 809 1815 870 ἑαυτὸν,

247 899 381 968 ὅπερ
406 897 540 949 ἐστί·
568 895 684 958 πῶς
710 896 811 949 οὑκ
842 895 908 948 ἂν
939 897 1025 967 εἴη
1057 896 1120 949 τὸ
1149 896 1434 967 ὁμοούσιον
1471 899 1686 968 ψεῦδος,
1725 900 1817 953 τοῦ

251 989 349 1059 μὲν
376 988 731 1057 γινώσκοντος
764 987 954 1041 ἑαυτὸν
983 989 1301 1059 ἀγέννητον,
1333 988 1427 1042 τοῦ
1458 989 1516 1043 δὲ
1540 991 1818 1061 γεννητόν;

805 1180 1130 1249 Ἁνατροπὴ
1163 1181 1275 1235 ΙΑ¹.

321 1269 559 1339 Ἐφησεν
600 1267 822 1334 Ἀέτιος,
865 1269 961 1322 καὶ
1003 1268 1318 1339 ἀπεφήνατο
1340 1269 1367 1321 6
1393 1269 1701 1334 διαστολεὺς
1727 1273 1821 1325 καὶ

249 1360 504 1432 ὁροθέτης
534 1360 628 1413 ἐπὶ
659 1360 875 1428 φύσεως
903 1358 1038 1413 Θεοῦ
1089 1360 1493 1431 διαλαμϐάνων,
1538 1362 1822 1434 ἄνθρωπος

249 1451 323 1505 ὣν
348 1454 413 1523 τῇ
448 1451 627 1520 φύσει,
670 1452 765 1505 καὶ
792 1451 861 1505 τὰ
890 1452 1032 1523 ὑπὲρ
1060 1452 1224 1520 φύσιν
1260 1453 1578 1524 βουλόμενος
1610 1453 1822 1516 εἰδέναι,

251 1544 448 1597 εἰδέναι
474 1543 532 1596 δὲ
564 1545 626 1596 οὑ
656 1543 798 1596 κατὰ
824 1542 1150 1597 ἀκολουθίαν
1179 1545 1425 1616 Γραφῆς,
1465 1543 1582 1599 ἀλλ’
1610 1547 1675 1598 ὲκ
1705 1545 1828 1598 συλ-

251 1633 523 1704 λογισμῶν
568 1633 824 1704 βροτείων
872 1633 1272 1704 διανοημάτων,
1324 1635 1406 1688 ὅτι
1450 1655 1468 1687 ι
1508 1635 1826 1707 Ἀγεννήτου

253 1725 464 1793 φύσεως
490 1725 748 1795 ὑπάρχων
789 1724 818 1778 6
858 1723 992 1788 Θεὸς
1035 1727 1063 1778 6
1101 1726 1516 1798 παντοκράτωρ,
1563 1725 1830 1797 γεννητῆς

942 419 1310 478 ADVEIiSUS
1349 422 1690 479 II/ERESES
1729 425 1837 478 LIB

1948 425 1987 482 l.
2034 422 2200 478 TOM.
2239 421 2280 476 I.
2319 450 2387 462 —
2427 415 2683 473 II/ERES
2737 415 2975 474 LXXVI.

497 585 505 598 ,
616 533 868 587 ΔΕΤΙΟΥ
898 532 1296 588 ΚΕΦΔΔΑΙΟΝ
1334 535 1436 592 IA'.
1845 554 1894 607 Α

3397 415 3500 472 574

2416 531 2596 586 AETII
2631 529 2859 587 CAPUT
2899 529 2989 586 XI.

1994 628 2053 682 Si
2100 625 2342 697 ingenita
2405 636 2603 679 natura
2651 623 2912 694 praeditus
2945 623 3086 679 Deus
3132 622 3504 693 omnipotens,

1924 723 2120 791 genitae
2151 728 2358 773 natura}
2391 716 2760 771 conditionem
2809 715 2863 769 in
2903 731 3024 771 sese
3071 732 3180 770 non
3224 716 3506 786 agnoscit;

1926 812 2095 868 Filius
2135 826 2264 865 vero
2293 810 2532 880 genitam
2578 816 2826 861 naturam
2878 808 3084 863 habens
3113 809 3505 881 ejusriiodi,se,

1926 904 2106 975 qualis
2135 912 2240 966 est,
2263 901 2512 972 agnoscit
2547 916 2560 951 :
2599 916 2780 953 nonne
2803 906 2912 952 tota
2946 900 3036 952 illa
3065 900 3509 954 consubstantia-

1937 996 2003 1048 lis
2040 994 2178 1048 ratio
2216 992 2448 1046 mendax
2497 998 2582 1045 est
2617 1005 2680 1043 ac
2704 988 2860 1052 falsa,
2888 1004 3014 1042 cum
3041 989 3178 1044 alter
3209 990 3509 1060 ingenitum

1928 1102 2070 1150 sese,
2105 1084 2344 1154 genitum
2381 1082 2518 1136 alter
2549 1080 2841 1151 agnoscat?

2489 1191 2798 1262 Confutatt’o
2836 1191 2945 1249 ΧΙ.

2000 1287 2191 1344 Aetius
2243 1285 2354 1348 ille,
2385 1286 2479 1354 qui
2522 1285 2578 1338 in
2607 1285 2791 1338 divina
2823 1292 3021 1337 natura
3059 1281 3355 1336 discrimen
3389 1295 3507 1335 con-

1932 1380 2158 1434 stituere
2211 1392 2276 1432 ac
2313 1378 2580 1432 terminos
2607 1375 2874 1446 quosdam
2909 1375 3138 1428 definire
3183 1373 3515 1442 disputando

1932 1476 2163 1522 conatus
2186 1475 2293 1528 est,
2327 1480 2452 1520 cum
2483 1477 2676 1520 natura
2701 1464 3036 1520 conditionis
3060 1471 3207 1518 esset
3238 1466 3514 1524 humanae,

1934 1558 2138 1628 quique
2165 1571 2230 1612 ea
2274 1572 2396 1626 quae
2434 1564 2686 1609 naturam
2722 1571 2939 1610 omnem
2975 1563 3270 1623 superant,
3305 1570 3415 1608 non
3447 1570 3517 1608 ιχ

1935 1663 2218 1705 sacrarum
2249 1647 2578 1702 auctoritate
2617 1645 2972 1711 Litterarum,
3021 1645 3117 1700 sed
3147 1661 3215 1700 ex
3261 1645 3517 1699 humanis

1935 1736 2447 1792 ratiocinationibus
2495 1735 2961 1804 comprehendere
3003 1734 3236 1799 studuit,
3285 1734 3400 1796 sic,
3435 1734 3520 1785 iu-

255 1816 466 1886 φύσεως
496 1815 596 1867 οὑκ
621 1810 760 1867 οἶδεν
787 1815 1000 1868 ἑαυτόν.
1034 1833 1052 1866 ›
1084 1815 1324 1869 Πάντοτε
1349 1816 1406 1868 δὲ
1426 1817 1512 1869 ἀεὶ
1534 1817 1628 1870 καὶ
1654 1816 1832 1887 ἁπαρ·

1946 1843 2123 1896 quam,
2174 1827 2264 1882 ille
2306 1828 2675 1897 pronuntiavit
2724 1843 2738 1879 :
2786 1843 2806 1876 ι
2838 1823 3277 1894 Omnipotentem
3321 1823 3512 1885 Deum,

253 1912 352 1980 χῆς
377 1908 468 1962 τοῦ
501 1907 683 1977 λόγου,
724 1907 906 1961 οὐκέτι
947 1907 1090 1962 κατὰ
1129 1909 1256 1971 τοὺς
1300 1909 1562 1971 παλαιοὺς
1618 1909 1833 1978 Ἀρεια-

1946 1931 2058 1970 cum
2095 1923 2288 1970 natura
2336 1916 2409 1970 sit
2453 1916 2760 1986 ingenitus,
2809 1915 3051 1983 genitum
3085 1930 3147 1969 se
3179 1921 3376 1968 natura
3419 1929 3520 1967 nc-

253 2000 394 2064 νοὺς,
427 1996 530 2051 κᾶν
561 1997 1074 2068 ἅποκεκρυμμένως
1105 1996 1234 2049 Υίὺν
1263 1996 1508 2067 βούλεται
1538 1997 1718 2066 λέγειν
1741 1997 1833 2050 τὸν

254 2089 551 2161 Μονογενῆ.
600 2087 689 2142 Ἐν
737 2090 873 2142 πᾶσι
921 2089 979 2142 δὲ
1033 2088 1379 2159 θεωρήσατε,
1426 2090 1532 2142 υίοὶ
1561 2091 1662 2160 τῆς
1699 2089 1833 2160 ἁλη-

255 2181 424 2244 θείας,
452 2180 528 2242 ὡς
565 2178 880 2233 παντάπασι
915 2179 1165 2250 βούλεται
1198 2179 1361 2232 αὑτὸν
1389 2179 1669 2249 ἀλλότριον
1695 2173 1835 2232 εἶναι

254 2270 346 2325 τοῦ
377 2270 609 2342 Πατρὸς,
654 2270 750 2322 καὶ
789 2270 896 2322 οὐδ’
931 2270 1065 2334 ὅλως
1102 2271 1397 2341 μετέχοντα
1431 2267 1618 2338 θεῖκῆς
1650 2268 1836 2330 οὐσίας

256 2363 315 2429 ἐξ
348 2355 421 2416 ὧν
448 2362 676 2414 πάντοτε
707 2361 996 2432 τολμηρῶς
1039 2360 1466 2429 ἀποφθέγγεται.
1508 2358 1582 2411 Τὸ
1613 2359 1722 2429 γὰρ
1746 2356 1835 2410 λέ-

254 2471 394 2524 γειν,
434 2454 517 2506 ὅτι
559 2452 721 2506 αὑτὸν
750 2453 1048 2522 ἀγέννητον
1077 2448 1358 2521 γινώσκει,
1390 2452 1484 2503 καὶ
1517 2449 1839 2520 γεννητικῆς

254 2533 468 2615 φῦσεως
511 2545 610 2597 οὑκ
654 2537 794 2597 οἶδεν
829 2545 1040 2610 ἑαυτὸν,
1092 2544 1269 2615 μάτην
1311 2543 1442 2613 παρ’
1477 2541 1625 2612 αὑτῷ
1659 2539 1840 2595 καὶτὸ

253 2637 360 2691 κᾶν
380 2635 468 2690 διὰ
496 2634 656 2705 ψιλῆς
684 2634 884 2700 λέξεως
906 2635 1034 2687 Υἱὸν
1058 2634 1148 2686 τὸν
1178 2633 1308 2685 Υίὸν
1337 2630 1639 2684 καλεῖσθαι.
1679 2631 1839 2683 Ἀνα-

252 2727 592 2798 τραπήσεται
635 2725 691 2778 δὲ
736 2723 902 2777 αὑτοῦ
947 2727 975 2777 6
1013 2723 1192 2792 λόγος.
1239 2722 1349 2776 Καὶ
1391 2722 1501 2792 γὰρ
1549 2721 1842 2790 ἀγέννητὸς

254 2818 404 2870 ἐστιν
436 2818 464 2869 6
497 2815 711 2886 Πατὴρ,
752 2817 849 2868 καὶ
881 2815 1171 2884 ἐγέννησεν
1199 2813 1386 2876 ἀϊδίως
1417 2813 1508 2865 τὸν
1536 2813 1838 2882 Μονογενῆ,

255 2906 472 2975 φύσεως
500 2906 574 2960 ὣν
614 2906 778 2978 ἑαυτῇ
809 2905 1146 2978 πρεπούσης,
1189 2904 1268 2976 τῷ
1299 2905 1395 2958 ἕνα
1428 2905 1586 2976 μόνον
1613 2905 1703 2957 τὸν
1731 2905 1845 2957 Μο-

252 3001 445 3070 νογενῆ
495 2999 900 3070 γεγεννηκέναι,
954 3000 1048 3052 καὶ
1098 2997 1325 3068 Πνεῦμα
1371 2999 1701 3068 ἐνηνοχέναι,
1753 2996 1844 3049 τὸν

257 3091 419 3165 μόνον
448 3090 592 3160 μόνῳ
613 3089 705 3142 ὲπὶ
733 3089 1030 3156 Μονογενεῖ
1051 3088 1371 3158 γεννήτορα·
1405 3087 1463 3150 ὃς
1492 3086 1567 3156 τῷ
1593 3086 1845 3156 ἀνάρχως

253 3177 640 3248 γεγεννημένῳ
671 3176 788 3247 rte
826 3177 1184 3248 συνυπάρχει,
1225 3175 1445 3246 πνεῦμα
1487 3175 1584 3240 ὣν,
1619 3174 1844 3244 Πνεῦμα

253 3268 625 3340 γεγεννηκὼς,
658 3268 751 3321 καὶ
787 3268 850 3320 οὑ
885 3266 1047 3338 σῶμα
1073 3266 1148 3319 ὣν
1184 3265 1510 3336 σωματικῶς
1537 3264 1839 3318 διαστελλό-

259 3377 444 3434 μενον,
474 3360 595 3413 οὑδὲ
623 3357 808 3428 φθῖνον
875 3360 970 3413 καὶ
1009 3354 1169 3424 αὖξον
1208 3359 1303 3411 καὶ
1332 3357 1505 3427 τομὴν
1543 3356 1845 3426 ὑφιστάμε-

257 3471 372 3508 νον.
405 3451 496 3505 Διὸ
524 3452 675 3524 παρὰ
703 3454 814 3515 τοῖς
844 3451 1027 3514 ἄλλοις
1053 3451 1187 3503 πᾶσι
1221 3452 1333 3512 τοῖς
1365 3447 1724 3519 γεγεννηκόσι
1752 3446 1845 3498 καὶ

255 3541 618 3613 γεννωμένοις
661 3540 775 3594 ἀλλ’
799 3543 813 3570 ¹
840 3540 936 3593 ἐπὶ
977 3538 1191 3591 πολλῶν
1233 3537 1538 3607 ἐπιδέχεται
1582 3539 1614 3607 ἡ
1664 3536 1841 3607 χρείαν

256 3632 497 3688 ἐνταῦθα
521 3632 578 3686 δὲ
608 3633 708 3702 οὑχ
732 3632 917 3702 ὅμοιον
935 3633 1045 3693 τοῖς
1069 3627 1188 3684 οὖσι
1216 3631 1380 3683 πᾶσιν
1402 3631 1436 3700 ἡ
1453 3628 1546 3681 τοῦ
1571 3626 1689 3690 ὲνδς
1709 3627 1846 3698 πρὸς

253 3726 356 3779 τὸν
376 3724 472 3779 ἕνα
499 3724 643 3792 ἀξία.
672 3724 763 3777 Διὸ
792 3725 884 3776 καὶ
915 3722 1076 3786 αὑτὸς
1102 3725 1129 3776 6
1158 3721 1438 3792 γεννηθεὶς
1464 3719 1755 3789 ἐξαιρέτως
1781 3719 1847 3771 ἐκ

251 3816 358 3870 τοῦ
388 3816 709 3888 ὲκπλήκτως
741 3817 1122 3885 γεννήσαντος,
1171 3813 1360 3884 ὥσπερ
1397 3813 1507 3866 ἀπὸ
1547 3811 1641 3864 τοῦ
1683 3811 1846 3879 (Ξιγεν⁴

253 3911 424 3981 νήτου
455 3908 779 3980 γεγέννηται
810 3907 1153 3979 συμπρέπων
1184 3905 1262 3977 τῷ
1292 3907 1595 3977 γεννήτορι.
1624 3903 1718 3958 καὶ
1746 3905 1846 3956 αὑ-

252 4001 354 4063 τὸς
378 4001 441 4054 οὐ
475 4000 661 4072 γεννᾷ,
695 3999 881 4054 οὐκέτι
916 3998 1059 4052 κατὰ
1087 3999 1185 4070 τὴν
1214 3998 1404 4052 οὐσίαν
1434 3998 1597 4068 φημὶ,
1626 3996 1715 4049 ἴνα
1741 3995 1848 4050 ἀπὸ

251 4091 358 4145 τοῦ
391 4091 588 4162 μηκέτι
620 4093 812 4162 γεννᾷν
846 4091 969 4144 κατ’
998 4090 1207 4155 οὐσίαν,
1236 4089 1331 4144 καὶ
1360 4089 1468 4143 ἀπὸ
1498 4087 1593 4142 τοῦ
1623 4088 1712 4140 τὸν
1735 4087 1849 4141 Πα-

250 4183 398 4253 τέρα
442 4181 517 4253 μὴ
559 4183 942 4252 γεγεννῆσθαι,
979 4181 1036 4248 ἐξ
1085 4174 1362 4252 ἑκατέρων
1393 4179 1576 4251 μερῶν
1621 4179 1656 4250 ἡ
1697 4179 1849 4232 πᾶσα

248 4275 391 4341 δόξα
420 4274 513 4327 τοῦ
545 4273 854 4344 ἀξιώματος
889 4273 1130 4344 σώζηται
1177 4275 1235 4334 ἐν
1271 4275 1336 4343 τῇ
1376 4273 1474 4342 μιᾷ
1505 4270 1716 4341 ἑνότητι
1747 4269 1848 4339 τῆς

249 4365 423 4432 ἀξίας
489 4364 659 4430 Θεοῦ,
696 4366 910 4437 Πατρὸς
953 4365 1156 4418 τελείου
1204 4367 1297 4418 καὶ
1333 4365 1464 4418 Υἱοῦ
1508 4363 1714 4417 τελείου
1752 4363 1848 4416 καὶ

249 4458 473 4511 τελείου
507 4456 646 4510 Πνεὺ
656 4475 824 4528 ματος
845 4458 1025 4526 ἁγίου.
1054 4458 1166 4512 Καὶ
1189 4457 1275 4510 διὰ
1301 4455 1456 4509 τοῦτο
1482 4457 1542 4508 τὸ
1561 4455 1847 4525 ὁμοούσιον

1934 2020 2207 2075 quaquam
2257 2004 2584 2074 intelligere.
2622 2025 2641 2058 ι
2689 2004 2844 2070 Quod
2870 2005 3089 2073 quidem
3128 2007 3200 2057 ita
3232 2014 3516 2074 perpetuo,

1933 2105 1988 2150 ct
2025 2095 2092 2148 ab
2126 2095 2246 2164 ipso
2286 2095 2442 2148 initio
2473 2098 2744 2150 sermonis
2778 2097 3039 2161 asseruit,
3088 2103 3146 2148 ut
3180 2110 3211 2147 a
3244 2095 3520 2150 veteribus

1935 2183 2155 2238 Arianis
2193 2183 2475 2247 dissideat,
2522 2182 2650 2236 licet
2695 2181 2892 2235 Filium
2948 2183 3290 2252 unigenitum
3342 2184 3522 2252 appel-

1937 2276 2052 2330 lare
2109 2275 2507 2330 dissimulando
2557 2274 2812 2327 voluerit.
2870 2272 3009 2327 Illud
3059 2288 3218 2337 vero,
3275 2273 3522 2327 veritatis

1938 2368 2066 2430 lilii,
2128 2367 2331 2436 ubique
2370 2366 2658 2435 diligenter
2713 2363 2978 2419 attendite
3012 2380 3024 2415 :
3061 2363 3522 2434 quemadmodum

1939 2475 1967 2512 a
2007 2458 2169 2514 Patre
2208 2459 2458 2512 eumdem
2507 2458 2820 2512 abalienare
2855 2458 3073 2526 penitus
3113 2455 3364 2522 studeat,
3419 2470 3522 2508 nec

1943 2551 2053 2604 ullo
2099 2548 2261 2604 modo
2306 2549 2504 2604 divinae
2547 2548 2866 2603 substantiae
2912 2549 3232 2618 participem
3283 2561 3408 2602 esse
3455 2560 3523 2599 ex

1940 2639 2028 2691 his
2065 2637 2360 2700 ostendat,
2412 2651 2533 2706 qua;
2574 2635 2870 2690 identidem
2919 2646 3124 2690 temere
3169 2634 3525 2705 pronuntiare

1940 2725 2105 2797 950
2138 2743 2245 2781 non
2276 2727 2507 2782 dubitat.
2544 2725 2678 2779 Nam
2706 2740 2832 2780 cum
2864 2724 3080 2780 Patrem
3129 2738 3338 2781 asserat
3367 2726 3528 2794 inge-

1929 2821 2116 2903 }iitum
2151 2833 2271 2873 sese
2303 2833 2659 2888 cognoscere,
2691 2833 2868 2886 neque
2910 2817 3213 2871 naturalem
3253 2817 3307 2870 in
3353 2831 3410 2870 se
3439 2831 3532 2886 ge-

1943 2909 2170 2964 nerandi
2218 2909 2527 2965 facultatem
2579 2925 2708 2964 esse
2755 2911 2920 2973 scire,
2965 2910 3166 2963 frustra
3198 2906 3394 2962 Filium
3440 2909 3528 2963 vel

1945 2999 2208 3053 vocabulo
2241 3010 2399 3054 tenus
2432 2999 2632 3053 Filium
2684 2999 2939 3068 appellat.
2975 2998 3176 3054 Verum
3211 2999 3368 3054 facile
3405 2999 3532 3068 ejus

1945 3091 2123 3144 oratio
2168 3089 2520 3144 refutabitur.
2572 3089 2707 3141 Nam
2737 3099 2791 3143 et
2826 3088 3101 3159 ingenitus
3129 3096 3214 3143 est
3243 3087 3434 3153 Pater;
3474 3098 3530 3142 et

1949 3182 2287 3249 ttnigcnilttttt
2326 3181 2622 3235 abarterno
2650 3180 2860 3248 genuit,
2886 3195 3011 3233 cum
3047 3188 3298 3234 naturam
3329 3179 3528 3234 habeat

1948 3272 2241 3341 ejusmodi,
2282 3288 2403 3340 quae
2441 3271 2544 3326 sibi
2594 3271 2698 3340 ipsi
2737 3271 3069 3325 conveniens
3113 3271 3186 3325 sit
3215 3290 3228 3324 :
3257 3269 3528 3340 siquidem

1949 3379 2116 3416 unum
2145 3377 2210 3416 ac
2245 3363 2422 3418 solum
2452 3363 2746 3432 unigenam
2767 3360 2965 3414 Filium
2996 3363 3203 3431 genuit,
3233 3361 3532 3430 Spiritum-

1947 3469 2053 3524 que
2093 3453 2353 3522 produxit
2397 3453 2548 3508 solus
2599 3467 2724 3506 cum
2760 3452 3052 3522 Unigenito
3109 3452 3228 3507 solo
3273 3453 3524 3521 genitor;

1947 3543 2038 3614 qui
2071 3558 2196 3597 cum
2231 3541 2368 3597 Filio
2404 3542 2524 3597 sine
2551 3542 2660 3596 ullo
2706 3542 2862 3597 initio
2891 3542 3074 3611 genito
3108 3541 3267 3596 simul
3290 3542 3528 3607 exsistit,

1946 3644 1999 3690 ct
2032 3651 2154 3690 cum
2185 3635 2413 3705 spiritus
2452 3633 2561 3699 sit,
2613 3631 2875 3704 Spiritum
2923 3633 3132 3703 genuit.
3179 3630 3367 3702 Neque
3400 3646 3531 3686 vero

1948 3713 2152 3796 corpus
2190 3733 2294 3790 est,
2327 3723 2473 3794 quod
2500 3738 2765 3793 corporeo
2815 3738 2967 3778 more
3017 3721 3382 3784 distrahatur,
3436 3730 3532 3776 aut

1948 3825 2335 3886 corrumpatur
2373 3823 2728 3884 augeaturve,
2777 3814 2861 3869 vel
2907 3813 3206 3868 sectionem
3267 3813 3528 3882 patiatur.

1947 3909 2313 3978 Quamobrem
2343 3908 2444 3964 etsi
2493 3907 2546 3962 in
2604 3907 2816 3961 caeteris
2851 3907 3108 3961 omnibus
3140 3921 3261 3977 qua:
3303 3907 3534 3977 gignunt

1949 4008 2043 4055 aut
2071 4001 2388 4072 gignuntur,
2422 3997 2568 4051 aliud
2596 3999 2902 4052 necessitas
2941 3997 3055 4067 ipsa
3086 3996 3420 4052 conditionis
3449 3994 3532 4049 fe-

1947 4099 2067 4155 rat,
2099 4098 2280 4144 tamen
2311 4089 2401 4144 hic
2435 4089 2599 4144 unius
2638 4088 2705 4143 ad
2732 4103 2901 4142 unum
2933 4098 3252 4158 comparata
3285 4086 3530 4157 dignitas

1949 4181 2220 4238 dissimile
2259 4179 2518 4249 quiddam
2553 4189 2637 4234 est
2668 4179 2737 4235 ab
2763 4179 2885 4232 aliis
2913 4178 3127 4232 sortita.
3161 4175 3316 4230 Unde
3344 4186 3398 4231 et
3439 4190 3535 4245 ge-
3605 4203 3622 4210 ι

1948 4273 2096 4326 nitus
2123 4272 2238 4340 ipse
2265 4270 2466 4324 eximia
2503 4268 2741 4340 quadam
2775 4268 2988 4321 ratione
3024 4282 3052 4319 a
3088 4265 3252 4320 Patre
3274 4305 3290 4330 ,
3317 4265 3408 4335 qui
3441 4264 3536 4317 ad~

1949 4360 2272 4414 mirabiliter
2318 4357 2526 4428 genuit,
2577 4364 2839 4425 tanquam
2895 4352 2964 4407 ab
3011 4352 3254 4421 ingenito
3312 4351 3534 4420 genitus

1949 4456 2055 4510 est,
2075 4447 2337 4518 genitoris
2361 4454 2572 4498 naturae
2595 4453 3024 4503 consentaneus.
3046 4440 3189 4496 Idem
3211 4440 3324 4508 ipse
3338 4453 3530 4510 porro,

248 4549 318 4600 οὑ
358 4547 552 4616 ψεῦδος
580 4545 719 4602 οἶδεν
751 4550 783 4619 ὴ
814 4547 932 4600 Θεία
963 4549 1175 4619 Γραφὴ,
1206 4547 1325 4600 οὑδὲ
1359 4548 1388 4599 6
1430 4547 1658 4617 εὐσεϐὴς
1695 4545 1837 4615 λογι-

1949 4539 2097 4610 quod
2127 4536 2345 4607 quidem
2377 4535 2444 4589 ad
2477 4545 2728 4590 naturam
2760 4533 2990 4597 attinet,
3028 4546 3140 4586 non
3169 4528 3406 4598 amplius
3436 4542 3532 4598 ge-

252 4637 402 4706 σμὸς
433 4641 462 4690 6
490 4639 617 4708 περὶ
641 4638 851 4708 Πατρὸς
888 4637 982 4690 καὶ
1041 4637 1171 4690 Υῐοῦ
1216 4637 1307 4689 καὶ
1334 4636 1491 4704 ἁγίου
1527 4637 1837 4706 Πνεῦματος

1952 4640 2128 4696 nerat,
2168 4639 2227 4684 ut
2257 4645 2322 4684 cx
2350 4643 2415 4684 eo
2445 4628 2592 4698 quod
2642 4626 2777 4680 nihil
2808 4626 2926 4694 ipse
2953 4631 3150 4677 natura
3195 4619 3533 4676 substantia-

249 4729 505 4793 εὑσεὸῶς
549 4726 905 4800 μεμαθηκὼς,
945 4729 1006 4780 τὸ
1043 4726 1284 4792 δοξάζειν
1310 4726 1405 4780 καὶ
1430 4729 1755 4802 προσκυνεῖν
1779 4727 1846 4780 ὲκ

247 4819 402 4874 Θεοῦ
428 4819 610 4874 λαϐὼν
633 4820 730 4892 τὴν
754 4820 936 4892 χάριν.

1952 4737 2060 4794 que
2087 4721 2292 4793 gignat,
2329 4719 2489 4774 Pater
2526 4733 2654 4773 vero
2689 4732 2720 4770 a
2750 4717 2904 4770 nullo
2935 4714 3009 4771 sit
3051 4714 3266 4785 genitus
3289 4751 3306 4776 ,
3334 4710 3534 4766 divina:

1851 4837 1858 4844 -
1953 4811 2328 4885 amplitudinis
2354 4811 2527 4882 gloria
2558 4809 2614 4863 in
2666 4823 2778 4862 una
2818 4823 2884 4862 ac
2926 4804 3193 4876 singulari
3228 4802 3320 4858 Dei
3355 4800 3533 4871 digni—

1952 4911 2065 4959 tate
2093 4909 2363 4966 servetur,
2390 4901 2573 4956 Patris
2601 4897 2854 4954 videlicct
2888 4895 3136 4968 perfecti,
3164 4893 3395 4965 perfecti
3433 4889 3529 4945 Fi-

249 5001 318 5055 lii
363 5014 427 5054 ac
460 4995 686 5070 perfecti
733 4997 971 5071 Spiritus
1016 4999 1211 5055 sancti.
1282 4997 1412 5064 Quin
1457 5012 1581 5052 cum
1643 4997 1718 5051 ita
1774 4997 1919 5063 sint,
1957 4999 2077 5067 ipsa
2133 4995 2621 5053 consubstantialis
2685 4992 2826 5046 ratio
2897 4989 3034 5044 falsa
3096 5003 3163 5043 ex
3229 4985 3533 5056 Scripturis

246 5091 484 5146 ostendi
511 5090 733 5146 minime
757 5100 954 5161 potest,
977 5105 1153 5160 neque
1181 5088 1266 5158 pia
1297 5103 1360 5142 ac
1392 5086 1644 5157 religiosa
1671 5101 1824 5142 mens
1854 5086 2145 5156 repudiare
2171 5085 2318 5140 velut
2340 5083 2631 5138 confictam
2678 5086 2879 5149 potest,
2926 5077 3074 5148 quod
3121 5076 3188 5132 de
3243 5075 3425 5137 Patre,
3471 5088 3534 5127 ac

247 5183 412 5238 Filio’
473 5192 775 5252 sanctoque
825 5182 1030 5253 Spiritu
1094 5181 1180 5250 pie
1245 5179 1493 5234 instituta
1539 5177 1724 5241 fuerit,
1786 5177 2146 5250 eamdemque
2207 5176 2486 5233 celebrare
2549 5179 2604 5228 et
2664 5169 2899 5225 adorare
2969 5183 3133 5240 posse
3185 5166 3533 5236 Trinitatem,

243 5274 457 5330 divino
495 5273 567 5329 sit
597 5271 866 5329 beneﬁcio
896 5278 1214 5327 consecuta.

657 5383 1054 5437 ΚΕΦΑΛΑΙΟΝ
1084 5381 1332 5435 ΛΕΤΙΟΥ
1357 5379 1455 5435 IB'.

339 5477 404 5529 Εἰ
441 5475 516 5546 μὴ
536 5475 597 5528 τὸ
631 5475 923 5545 ἀγέννητον
953 5477 1050 5546 τὴν
1087 5475 1383 5528 ὑπόστασιν
1411 5474 1505 5527 τοῦ
1531 5473 1669 5528 Θεοῦ
1698 5490 1844 5545 παρ-

245 5569 506 5637 ίστησιν,
534 5567 646 5620 ἀλλ’
677 5566 930 5630 ὑπονοίας
957 5566 1104 5619 ἐστὶν
1125 5565 1470 5638 ἀνθρωπίνης
1499 5564 1559 5619 τὸ
1583 5564 1850 5636 ἁσὺγκριν

238 5674 360 5714 τον
396 5656 589 5727 ὄνομα,
626 5661 785 5732 χάριν
823 5661 936 5724 τοῖς
973 5659 1287 5730 ἐπινοήσασι
1325 5655 1581 5726 γινώσκει
1620 5657 1656 5714 ὁ
1690 5656 1849 5723 Θεὸς.

339 5818 360 5856 ⁸³
392 5819 458 5876 F.
481 5816 616 5875 ἄλλ’.

2437 5371 2620 5428 AETII
2657 5369 2887 5426 CAPUT
2925 5368 3043 5426 XII.

2027 5469 2085 5526 Si
2129 5465 2354 5539 ingeniti
2386 5481 2491 5520 vox
2523 5465 2617 5520 Dei
2649 5462 3012 5519 substantiam
3048 5461 3270 5516 minime
3321 5459 3528 5528 signifi-

1954 5572 2081 5626 cat,
2128 5559 2225 5615 sed
2274 5554 2698 5626 incomparabile
2730 5551 2876 5608 istud
2918 5560 3116 5604 nomen
3163 5549 3231 5602 ab
3275 5547 3528 5603 humanis

1955 5651 2190 5726 ingeniis
2228 5649 2597 5722 excogitatum
2630 5653 2712 5702 cst
2733 5682 2748 5710 ,
2780 5641 2926 5699 Deus
2957 5639 3028 5696 ob
3057 5639 3189 5696 illud
3236 5638 3412 5708 ipsum
3442 5636 3529 5692 in.
