  <div class='ocr_page' id='page_1' title='image "/cluster/home/n/w/nwhite01/storage/ocr_20150623/42:no.2/coo.31924054869403/293.png"; bbox 0 0 3964 6486; ppageno 0'>
   <div class='ocr_carea' id='block_1_1' title="bbox 387 409 501 473">
    <p class='ocr_par' dir='ltr' id='par_1_1' title="bbox 387 409 501 473">
     <span class='ocr_line' id='line_1_1' title="bbox 387 409 501 473; baseline -0.018 -1"><span class='ocrx_word' id='word_1_1' title='bbox 387 409 501 473; x_wconf 69' lang='grc' dir='ltr'><strong>εἸδ</strong></span> 
     </span>
    </p>
   </div>
   <div class='ocr_carea' id='block_1_2' title="bbox 1803 421 2256 478">
    <p class='ocr_par' dir='ltr' id='par_1_2' title="bbox 1803 421 2256 478">
     <span class='ocr_line' id='line_1_2' title="bbox 1803 421 2256 478; baseline -0.002 -2"><span class='ocrx_word' id='word_1_2' title='bbox 1803 423 1861 476; x_wconf 88' lang='lat' dir='ltr'><strong>S.</strong></span> <span class='ocrx_word' id='word_1_3' title='bbox 1905 421 2256 478; x_wconf 74' lang='lat' dir='ltr'><strong>EPIPIIANII</strong></span> 
     </span>
    </p>
   </div>
   <div class='ocr_carea' id='block_1_3' title="bbox 391 533 1998 612">
    <p class='ocr_par' dir='ltr' id='par_1_3' title="bbox 391 533 1970 610">
     <span class='ocr_line' id='line_1_3' title="bbox 391 533 1970 610; baseline 0.004 -23"><span class='ocrx_word' id='word_1_4' title='bbox 391 533 557 605; x_wconf 71' lang='lat' dir='ltr'><strong>geniti</strong></span> <span class='ocrx_word' id='word_1_5' title='bbox 586 543 952 588; x_wconf 89' lang='lat' dir='ltr'><strong>commentum</strong></span> <span class='ocrx_word' id='word_1_6' title='bbox 985 534 1052 591; x_wconf 91' lang='lat' dir='ltr'><strong>iis</strong></span> <span class='ocrx_word' id='word_1_7' title='bbox 1071 535 1164 606; x_wconf 88' lang='lat' dir='ltr'><strong>qui</strong></span> <span class='ocrx_word' id='word_1_8' title='bbox 1189 538 1510 607; x_wconf 88' lang='lat' dir='ltr'><strong>repererint,</strong></span> <span class='ocrx_word' id='word_1_9' title='bbox 1529 539 1720 610; x_wconf 70' lang='lat' dir='ltr'><strong>gratiae</strong></span> <span class='ocrx_word' id='word_1_10' title='bbox 1753 539 1970 594; x_wconf 78' lang='lat' dir='ltr'><strong>debitor</strong></span> 
     </span>
    </p>
   </div>
   <div class='ocr_carea' id='block_1_4' title="bbox 2106 533 3666 612">
    <p class='ocr_par' dir='ltr' id='par_1_4' title="bbox 2107 536 3666 612">
     <span class='ocr_line' id='line_1_4' title="bbox 2107 536 3666 612; baseline -0.001 -19"><span class='ocrx_word' id='word_1_11' title='bbox 2107 540 2161 593; x_wconf 77' lang='grc' dir='ltr'><strong>ιά</strong></span> <span class='ocrx_word' id='word_1_12' title='bbox 2193 541 2294 610; x_wconf 86' lang='grc' dir='ltr'><strong>τὴν</strong></span> <span class='ocrx_word' id='word_1_13' title='bbox 2335 539 2630 611; x_wconf 78' lang='grc' dir='ltr'>ἀγέννητον</span> <span class='ocrx_word' id='word_1_14' title='bbox 2675 539 2916 594; x_wconf 74' lang='grc' dir='ltr'>ἐπίνοιαν</span> <span class='ocrx_word' id='word_1_15' title='bbox 2961 539 3062 612; x_wconf 83' lang='grc' dir='ltr'>τὴν</span> <span class='ocrx_word' id='word_1_16' title='bbox 3104 537 3389 612; x_wconf 76' lang='grc' dir='ltr'>ὑπεροχὴν</span> <span class='ocrx_word' id='word_1_17' title='bbox 3438 536 3529 592; x_wconf 86' lang='grc' dir='ltr'><strong>τοῦ</strong></span> <span class='ocrx_word' id='word_1_18' title='bbox 3555 539 3666 593; x_wconf 78' lang='grc' dir='ltr'>ὀνό-</span> 
     </span>
    </p>
   </div>
   <div class='ocr_carea' id='block_1_5' title="bbox 390 627 1966 700">
    <p class='ocr_par' dir='ltr' id='par_1_5' title="bbox 390 627 1966 700">
     <span class='ocr_line' id='line_1_5' title="bbox 390 627 1966 700; baseline 0.004 -19"><span class='ocrx_word' id='word_1_19' title='bbox 390 635 477 682; x_wconf 80' lang='lat' dir='ltr'><strong>ost</strong></span> <span class='ocrx_word' id='word_1_20' title='bbox 497 668 513 693; x_wconf 94' lang='lat'><strong>,</strong></span> <span class='ocrx_word' id='word_1_21' title='bbox 547 641 672 680; x_wconf 88' lang='lat' dir='ltr'><strong>cum</strong></span> <span class='ocrx_word' id='word_1_22' title='bbox 701 634 854 680; x_wconf 90' lang='lat' dir='ltr'><strong>tanto</strong></span> <span class='ocrx_word' id='word_1_23' title='bbox 879 627 1089 681; x_wconf 89' lang='lat' dir='ltr'><strong>nomini</strong></span> <span class='ocrx_word' id='word_1_24' title='bbox 1134 631 1554 700; x_wconf 81' lang='lat' dir='ltr'><strong>respondentem</strong></span> <span class='ocrx_word' id='word_1_25' title='bbox 1587 632 1966 687; x_wconf 74' lang='lat' dir='ltr'><strong>excellentiam</strong></span> 
     </span>
    </p>
   </div>
   <div class='ocr_carea' id='block_1_6' title="bbox 393 715 1240 776">
    <p class='ocr_par' dir='ltr' id='par_1_6' title="bbox 393 715 1240 776">
     <span class='ocr_line' id='line_1_6' title="bbox 393 715 1240 776; baseline 0.005 -6"><span class='ocrx_word' id='word_1_26' title='bbox 393 715 451 771; x_wconf 85' lang='lat' dir='ltr'><strong>in</strong></span> <span class='ocrx_word' id='word_1_27' title='bbox 482 718 717 774; x_wconf 88' lang='lat' dir='ltr'><strong>essentia</strong></span> <span class='ocrx_word' id='word_1_28' title='bbox 753 734 851 774; x_wconf 87' lang='lat' dir='ltr'><strong>sua</strong></span> <span class='ocrx_word' id='word_1_29' title='bbox 883 734 991 774; x_wconf 91' lang='lat' dir='ltr'><strong>non</strong></span> <span class='ocrx_word' id='word_1_30' title='bbox 1023 719 1240 776; x_wconf 83' lang='lat' dir='ltr'><strong>habeat.</strong></span> 
     </span>
    </p>
   </div>
   <div class='ocr_carea' id='block_1_7' title="bbox 937 846 1424 919">
    <p class='ocr_par' dir='ltr' id='par_1_7' title="bbox 937 846 1424 919">
     <span class='ocr_line' id='line_1_7' title="bbox 937 846 1424 919; baseline 0.002 -16"><span class='ocrx_word' id='word_1_31' title='bbox 937 846 1248 919; x_wconf 80' lang='lat' dir='ltr'><strong>Confutatio</strong></span> <span class='ocrx_word' id='word_1_32' title='bbox 1286 847 1424 904; x_wconf 80' lang='lat' dir='ltr'><strong>XII.</strong></span> 
     </span>
    </p>
   </div>
   <div class='ocr_carea' id='block_1_8' title="bbox 463 957 1978 1029">
    <p class='ocr_par' dir='ltr' id='par_1_8' title="bbox 463 957 1978 1029">
     <span class='ocr_line' id='line_1_8' title="bbox 463 957 1978 1029; baseline 0.006 -18"><span class='ocrx_word' id='word_1_33' title='bbox 463 957 693 1029; x_wconf 76' lang='lat' dir='ltr'><strong>lngeniti</strong></span> <span class='ocrx_word' id='word_1_34' title='bbox 749 975 888 1026; x_wconf 82' lang='lat' dir='ltr'><strong>vox,</strong></span> <span class='ocrx_word' id='word_1_35' title='bbox 972 968 1031 1015; x_wconf 86' lang='lat' dir='ltr'><strong>ut</strong></span> <span class='ocrx_word' id='word_1_36' title='bbox 1091 963 1353 1020; x_wconf 87' lang='lat' dir='ltr'><strong>adversus</strong></span> <span class='ocrx_word' id='word_1_37' title='bbox 1405 965 1621 1019; x_wconf 84' lang='lat' dir='ltr'><strong>Aetium</strong></span> <span class='ocrx_word' id='word_1_38' title='bbox 1687 965 1978 1021; x_wconf 89' lang='lat' dir='ltr'><strong>contendi-</strong></span> 
     </span>
    </p>
   </div>
   <div class='ocr_carea' id='block_1_9' title="bbox 394 1049 1978 1121">
    <p class='ocr_par' dir='ltr' id='par_1_9' title="bbox 394 1049 1978 1121">
     <span class='ocr_line' id='line_1_9' title="bbox 394 1049 1978 1121; baseline 0.007 -21"><span class='ocrx_word' id='word_1_39' title='bbox 394 1063 542 1113; x_wconf 86' lang='lat' dir='ltr'><strong>mus,</strong></span> <span class='ocrx_word' id='word_1_40' title='bbox 574 1065 674 1104; x_wconf 90' lang='lat' dir='ltr'><strong>nec</strong></span> <span class='ocrx_word' id='word_1_41' title='bbox 705 1049 938 1106; x_wconf 86' lang='lat' dir='ltr'><strong>inliciari</strong></span> <span class='ocrx_word' id='word_1_42' title='bbox 967 1067 1288 1121; x_wconf 86' lang='lat' dir='ltr'><strong>possumus,</strong></span> <span class='ocrx_word' id='word_1_43' title='bbox 1315 1055 1534 1108; x_wconf 86' lang='lat' dir='ltr'><strong>tametsi</strong></span> <span class='ocrx_word' id='word_1_44' title='bbox 1567 1055 1620 1108; x_wconf 88' lang='lat' dir='ltr'><strong>in</strong></span> <span class='ocrx_word' id='word_1_45' title='bbox 1657 1057 1832 1111; x_wconf 90' lang='lat' dir='ltr'><strong>sacris</strong></span> <span class='ocrx_word' id='word_1_46' title='bbox 1863 1055 1978 1111; x_wconf 82' lang='lat' dir='ltr'><strong>Lit-</strong></span> 
     </span>
    </p>
   </div>
   <div class='ocr_carea' id='block_1_10' title="bbox 396 1143 1979 1217">
    <p class='ocr_par' dir='ltr' id='par_1_10' title="bbox 396 1143 1979 1217">
     <span class='ocr_line' id='line_1_10' title="bbox 396 1143 1979 1217; baseline 0.005 -21"><span class='ocrx_word' id='word_1_47' title='bbox 396 1143 529 1198; x_wconf 80' lang='lat' dir='ltr'><strong>teris</strong></span> <span class='ocrx_word' id='word_1_48' title='bbox 561 1144 783 1200; x_wconf 90' lang='lat' dir='ltr'><strong>minime</strong></span> <span class='ocrx_word' id='word_1_49' title='bbox 813 1146 1144 1214; x_wconf 86' lang='lat' dir='ltr'><strong>reperiatur,</strong></span> <span class='ocrx_word' id='word_1_50' title='bbox 1175 1146 1336 1217; x_wconf 75' lang='lat'><strong>951</strong></span> <span class='ocrx_word' id='word_1_51' title='bbox 1371 1147 1459 1216; x_wconf 91' lang='lat' dir='ltr'><strong>pie</strong></span> <span class='ocrx_word' id='word_1_52' title='bbox 1486 1155 1669 1202; x_wconf 89' lang='lat' dir='ltr'><strong>tamen</strong></span> <span class='ocrx_word' id='word_1_53' title='bbox 1704 1156 1787 1204; x_wconf 89' lang='lat' dir='ltr'><strong>est</strong></span> <span class='ocrx_word' id='word_1_54' title='bbox 1815 1163 1979 1204; x_wconf 84' lang='lat' dir='ltr'><strong>exco-</strong></span> 
     </span>
    </p>
   </div>
   <div class='ocr_carea' id='block_1_11' title="bbox 395 1234 1979 1308">
    <p class='ocr_par' dir='ltr' id='par_1_11' title="bbox 395 1234 1979 1308">
     <span class='ocr_line' id='line_1_11' title="bbox 395 1234 1979 1308; baseline 0.006 -23"><span class='ocrx_word' id='word_1_55' title='bbox 395 1234 588 1303; x_wconf 80' lang='lat' dir='ltr'><strong>gitata.</strong></span> <span class='ocrx_word' id='word_1_56' title='bbox 616 1234 759 1306; x_wconf 76' lang='lat' dir='ltr'><strong>Ergo</strong></span> <span class='ocrx_word' id='word_1_57' title='bbox 795 1235 1098 1306; x_wconf 77' lang='lat' dir='ltr'><strong>ingenitum</strong></span> <span class='ocrx_word' id='word_1_58' title='bbox 1122 1235 1338 1291; x_wconf 84' lang='lat' dir='ltr'><strong>Patrem</strong></span> <span class='ocrx_word' id='word_1_59' title='bbox 1367 1239 1734 1308; x_wconf 85' lang='lat' dir='ltr'><strong>appellamus,</strong></span> <span class='ocrx_word' id='word_1_60' title='bbox 1760 1255 1824 1295; x_wconf 89' lang='lat' dir='ltr'><strong>ac</strong></span> <span class='ocrx_word' id='word_1_61' title='bbox 1852 1255 1979 1295; x_wconf 85' lang='lat' dir='ltr'><strong>con-</strong></span> 
     </span>
    </p>
   </div>
   <div class='ocr_carea' id='block_1_12' title="bbox 398 1326 1978 1396">
    <p class='ocr_par' dir='ltr' id='par_1_12' title="bbox 398 1326 1978 1396">
     <span class='ocr_line' id='line_1_12' title="bbox 398 1326 1978 1396; baseline 0.005 -18"><span class='ocrx_word' id='word_1_62' title='bbox 398 1326 615 1382; x_wconf 84' lang='lat' dir='ltr'><strong>litemur</strong></span> <span class='ocrx_word' id='word_1_63' title='bbox 642 1342 656 1378; x_wconf 88' lang='lat'><strong>:</strong></span> <span class='ocrx_word' id='word_1_64' title='bbox 689 1328 932 1396; x_wconf 74' lang='lat' dir='ltr'><strong>genitum</strong></span> <span class='ocrx_word' id='word_1_65' title='bbox 965 1343 1094 1384; x_wconf 87' lang='lat' dir='ltr'><strong>vero</strong></span> <span class='ocrx_word' id='word_1_66' title='bbox 1126 1326 1324 1382; x_wconf 91' lang='lat' dir='ltr'><strong>Filium</strong></span> <span class='ocrx_word' id='word_1_67' title='bbox 1359 1331 1661 1386; x_wconf 87' lang='lat' dir='ltr'><strong>asserimus</strong></span> <span class='ocrx_word' id='word_1_68' title='bbox 1683 1371 1698 1395; x_wconf 93' lang='lat'><strong>,</strong></span> <span class='ocrx_word' id='word_1_69' title='bbox 1727 1341 1783 1386; x_wconf 90' lang='lat' dir='ltr'><strong>et</strong></span> <span class='ocrx_word' id='word_1_70' title='bbox 1823 1347 1978 1388; x_wconf 87' lang='lat' dir='ltr'><strong>crea-</strong></span> 
     </span>
    </p>
   </div>
   <div class='ocr_carea' id='block_1_13' title="bbox 398 1416 1978 1494">
    <p class='ocr_par' dir='ltr' id='par_1_13' title="bbox 398 1416 1978 1494">
     <span class='ocr_line' id='line_1_13' title="bbox 398 1416 1978 1494; baseline 0.007 -26"><span class='ocrx_word' id='word_1_71' title='bbox 398 1423 514 1469; x_wconf 90' lang='lat' dir='ltr'><strong>tum</strong></span> <span class='ocrx_word' id='word_1_72' title='bbox 558 1416 731 1472; x_wconf 78' lang='lat' dir='ltr'><strong>fuisse</strong></span> <span class='ocrx_word' id='word_1_73' title='bbox 783 1434 1066 1488; x_wconf 83' lang='lat' dir='ltr'><strong>negamus.</strong></span> <span class='ocrx_word' id='word_1_74' title='bbox 1119 1418 1256 1474; x_wconf 87' lang='lat' dir='ltr'><strong>Nam</strong></span> <span class='ocrx_word' id='word_1_75' title='bbox 1307 1436 1434 1475; x_wconf 91' lang='lat' dir='ltr'><strong>cum</strong></span> <span class='ocrx_word' id='word_1_76' title='bbox 1491 1421 1683 1478; x_wconf 81' lang='lat' dir='ltr'><strong>Filium</strong></span> <span class='ocrx_word' id='word_1_77' title='bbox 1737 1426 1978 1494; x_wconf 73' lang='lat' dir='ltr'><strong>genitum</strong></span> 
     </span>
    </p>
   </div>
   <div class='ocr_carea' id='block_1_14' title="bbox 396 1508 1979 1580">
    <p class='ocr_par' dir='ltr' id='par_1_14' title="bbox 396 1508 1979 1580">
     <span class='ocr_line' id='line_1_14' title="bbox 396 1508 1979 1580; baseline 0.006 -20"><span class='ocrx_word' id='word_1_78' title='bbox 396 1522 519 1560; x_wconf 87' lang='lat' dir='ltr'><strong>esse</strong></span> <span class='ocrx_word' id='word_1_79' title='bbox 552 1508 1025 1573; x_wconf 84' lang='lat' dir='ltr'><strong>constituerimus,</strong></span> <span class='ocrx_word' id='word_1_80' title='bbox 1058 1510 1191 1580; x_wconf 88' lang='lat' dir='ltr'><strong>quin</strong></span> <span class='ocrx_word' id='word_1_81' title='bbox 1225 1525 1256 1563; x_wconf 91' lang='lat' dir='ltr'><strong>a</strong></span> <span class='ocrx_word' id='word_1_82' title='bbox 1284 1509 1396 1566; x_wconf 86' lang='lat' dir='ltr'><strong>Deo</strong></span> <span class='ocrx_word' id='word_1_83' title='bbox 1420 1510 1583 1567; x_wconf 87' lang='lat' dir='ltr'><strong>Patre</strong></span> <span class='ocrx_word' id='word_1_84' title='bbox 1614 1514 1979 1570; x_wconf 84' lang='lat' dir='ltr'><strong>substantiam</strong></span> 
     </span>
    </p>
   </div>
   <div class='ocr_carea' id='block_1_15' title="bbox 397 1600 1982 1676">
    <p class='ocr_par' dir='ltr' id='par_1_15' title="bbox 397 1600 1982 1676">
     <span class='ocr_line' id='line_1_15' title="bbox 397 1600 1982 1676; baseline 0.008 -25"><span class='ocrx_word' id='word_1_85' title='bbox 397 1600 692 1668; x_wconf 88' lang='lat' dir='ltr'><strong>acceperit,</strong></span> <span class='ocrx_word' id='word_1_86' title='bbox 724 1616 927 1670; x_wconf 79' lang='lat' dir='ltr'><strong>negare</strong></span> <span class='ocrx_word' id='word_1_87' title='bbox 959 1618 1069 1658; x_wconf 90' lang='lat' dir='ltr'><strong>non</strong></span> <span class='ocrx_word' id='word_1_88' title='bbox 1103 1618 1422 1674; x_wconf 88' lang='lat' dir='ltr'><strong>possumus.</strong></span> <span class='ocrx_word' id='word_1_89' title='bbox 1456 1603 1595 1660; x_wconf 87' lang='lat' dir='ltr'><strong>Nam</strong></span> <span class='ocrx_word' id='word_1_90' title='bbox 1629 1609 1982 1676; x_wconf 82' lang='lat' dir='ltr'><strong>generatione</strong></span> 
     </span>
    </p>
   </div>
   <div class='ocr_carea' id='block_1_16' title="bbox 398 1686 1983 1770">
    <p class='ocr_par' dir='ltr' id='par_1_16' title="bbox 398 1686 1983 1770">
     <span class='ocr_line' id='line_1_16' title="bbox 398 1686 1983 1770; baseline 0.011 -30"><span class='ocrx_word' id='word_1_91' title='bbox 398 1686 579 1756; x_wconf 88' lang='lat' dir='ltr'><strong>ipsum</strong></span> <span class='ocrx_word' id='word_1_92' title='bbox 633 1690 929 1760; x_wconf 83' lang='lat' dir='ltr'><strong>produxit,</strong></span> <span class='ocrx_word' id='word_1_93' title='bbox 969 1707 1081 1747; x_wconf 91' lang='lat' dir='ltr'><strong>non</strong></span> <span class='ocrx_word' id='word_1_94' title='bbox 1116 1695 1348 1750; x_wconf 84' lang='lat' dir='ltr'><strong>creavit.</strong></span> <span class='ocrx_word' id='word_1_95' title='bbox 1383 1697 1551 1752; x_wconf 84' lang='lat' dir='ltr'><strong>Actu</strong></span> <span class='ocrx_word' id='word_1_96' title='bbox 1598 1714 1884 1770; x_wconf 87' lang='lat' dir='ltr'><strong>perperam</strong></span> <span class='ocrx_word' id='word_1_97' title='bbox 1927 1710 1983 1757; x_wconf 88' lang='lat' dir='ltr'><strong>et</strong></span> 
     </span>
    </p>
   </div>
   <div class='ocr_carea' id='block_1_17' title="bbox 398 1778 1982 1859">
    <p class='ocr_par' dir='ltr' id='par_1_17' title="bbox 398 1778 1982 1859">
     <span class='ocr_line' id='line_1_17' title="bbox 398 1778 1982 1859; baseline 0.009 -27"><span class='ocrx_word' id='word_1_98' title='bbox 398 1778 622 1848; x_wconf 79' lang='lat' dir='ltr'><strong>oblique</strong></span> <span class='ocrx_word' id='word_1_99' title='bbox 666 1781 910 1850; x_wconf 79' lang='lat' dir='ltr'><strong>genitum</strong></span> <span class='ocrx_word' id='word_1_100' title='bbox 941 1782 1076 1837; x_wconf 89' lang='lat' dir='ltr'><strong>illud</strong></span> <span class='ocrx_word' id='word_1_101' title='bbox 1107 1791 1162 1839; x_wconf 90' lang='lat' dir='ltr'><strong>et</strong></span> <span class='ocrx_word' id='word_1_102' title='bbox 1199 1786 1508 1856; x_wconf 74' lang='lat' dir='ltr'><strong>ingenitum</strong></span> <span class='ocrx_word' id='word_1_103' title='bbox 1541 1788 1854 1859; x_wconf 83' lang='lat' dir='ltr'><strong>accipiens,</strong></span> <span class='ocrx_word' id='word_1_104' title='bbox 1882 1789 1982 1846; x_wconf 87' lang='lat' dir='ltr'><strong>de-</strong></span> 
     </span>
    </p>
   </div>
   <div class='ocr_carea' id='block_1_18' title="bbox 401 1875 1981 1952">
    <p class='ocr_par' dir='ltr' id='par_1_18' title="bbox 401 1875 1981 1952">
     <span class='ocr_line' id='line_1_18' title="bbox 401 1875 1981 1952; baseline 0.008 -28"><span class='ocrx_word' id='word_1_105' title='bbox 401 1880 655 1940; x_wconf 89' lang='lat' dir='ltr'><strong>torquere</strong></span> <span class='ocrx_word' id='word_1_106' title='bbox 680 1875 1026 1945; x_wconf 87' lang='lat' dir='ltr'><strong>temetipsum</strong></span> <span class='ocrx_word' id='word_1_107' title='bbox 1059 1879 1252 1933; x_wconf 89' lang='lat' dir='ltr'><strong>studes</strong></span> <span class='ocrx_word' id='word_1_108' title='bbox 1283 1881 1486 1949; x_wconf 88' lang='lat' dir='ltr'><strong>(neque</strong></span> <span class='ocrx_word' id='word_1_109' title='bbox 1505 1881 1653 1934; x_wconf 91' lang='lat' dir='ltr'><strong>enim</strong></span> <span class='ocrx_word' id='word_1_110' title='bbox 1675 1881 1981 1952; x_wconf 88' lang='lat' dir='ltr'><strong>quidquam</strong></span> 
     </span>
    </p>
   </div>
   <div class='ocr_carea' id='block_1_19' title="bbox 2085 633 2853 706">
    <p class='ocr_par' dir='ltr' id='par_1_19' title="bbox 2085 633 2853 706">
     <span class='ocr_line' id='line_1_19' title="bbox 2085 633 2853 706; baseline -0.004 -18"><span class='ocrx_word' id='word_1_111' title='bbox 2085 653 2255 706; x_wconf 87' lang='grc' dir='ltr'>ματος</span> <span class='ocrx_word' id='word_1_112' title='bbox 2284 635 2346 688; x_wconf 81' lang='grc' dir='ltr'><strong>ού</strong></span> <span class='ocrx_word' id='word_1_113' title='bbox 2381 635 2562 704; x_wconf 83' lang='grc' dir='ltr'>φέρων</span> <span class='ocrx_word' id='word_1_114' title='bbox 2595 634 2652 688; x_wconf 81' lang='grc' dir='ltr'><strong>ἐν</strong></span> <span class='ocrx_word' id='word_1_115' title='bbox 2676 633 2853 704; x_wconf 77' lang='grc' dir='ltr'>οὐσίᾳ.</span> 
     </span>
    </p>
   </div>
   <div class='ocr_carea' id='block_1_20' title="bbox 2642 847 3102 918">
    <p class='ocr_par' dir='ltr' id='par_1_20' title="bbox 2642 847 3102 918">
     <span class='ocr_line' id='line_1_20' title="bbox 2642 847 3102 918; baseline -0.002 -12"><span class='ocrx_word' id='word_1_116' title='bbox 2642 847 2962 918; x_wconf 74' lang='grc' dir='ltr'>Ἀνατροπὴ</span> <span class='ocrx_word' id='word_1_117' title='bbox 2988 850 3102 905; x_wconf 89' lang='lat' dir='ltr'><strong>IB&#39;.</strong></span> 
     </span>
    </p>
   </div>
   <div class='ocr_carea' id='block_1_21' title="bbox 2155 960 3674 1038">
    <p class='ocr_par' dir='ltr' id='par_1_21' title="bbox 2155 960 3674 1038">
     <span class='ocr_line' id='line_1_21' title="bbox 2155 960 3674 1038; baseline -0.006 -14"><span class='ocrx_word' id='word_1_118' title='bbox 2155 968 2270 1024; x_wconf 74' lang='grc' dir='ltr'>Καὶ</span> <span class='ocrx_word' id='word_1_119' title='bbox 2324 966 2650 1038; x_wconf 76' lang='grc' dir='ltr'><strong>ἀγέννητον,</strong></span> <span class='ocrx_word' id='word_1_120' title='bbox 2705 965 2782 1030; x_wconf 84' lang='grc' dir='ltr'>ὡς</span> <span class='ocrx_word' id='word_1_121' title='bbox 2839 965 3048 1036; x_wconf 81' lang='grc' dir='ltr'>ἔφαμεν</span> <span class='ocrx_word' id='word_1_122' title='bbox 3097 962 3233 1035; x_wconf 78' lang='grc' dir='ltr'>πρὸς</span> <span class='ocrx_word' id='word_1_123' title='bbox 3294 961 3394 1016; x_wconf 80' lang='grc' dir='ltr'><strong>τὸν</strong></span> <span class='ocrx_word' id='word_1_124' title='bbox 3473 960 3674 1015; x_wconf 80' lang='grc' dir='ltr'><strong>Ἀέτιον</strong></span> 
     </span>
    </p>
   </div>
   <div class='ocr_carea' id='block_1_22' title="bbox 2084 1051 3676 1132">
    <p class='ocr_par' dir='ltr' id='par_1_22' title="bbox 2084 1051 3676 1132">
     <span class='ocr_line' id='line_1_22' title="bbox 2084 1051 3676 1132; baseline -0.009 -15"><span class='ocrx_word' id='word_1_125' title='bbox 2084 1061 2513 1132; x_wconf 86' lang='grc' dir='ltr'>ἀποτεινόμενοι,</span> <span class='ocrx_word' id='word_1_126' title='bbox 2557 1057 2696 1130; x_wconf 77' lang='grc' dir='ltr'>[καὶ]</span> <span class='ocrx_word' id='word_1_127' title='bbox 2733 1058 2832 1112; x_wconf 85' lang='grc' dir='ltr'><strong>οὐκ</strong></span> <span class='ocrx_word' id='word_1_128' title='bbox 2866 1055 3198 1126; x_wconf 87' lang='grc' dir='ltr'>ἀρνούμεθα,</span> <span class='ocrx_word' id='word_1_129' title='bbox 3235 1055 3344 1108; x_wconf 86' lang='grc' dir='ltr'><strong>κᾶν</strong></span> <span class='ocrx_word' id='word_1_130' title='bbox 3372 1069 3436 1105; x_wconf 88' lang='grc' dir='ltr'><strong>τε</strong></span> <span class='ocrx_word' id='word_1_131' title='bbox 3466 1053 3525 1104; x_wconf 76' lang='grc' dir='ltr'><strong>ἐν</strong></span> <span class='ocrx_word' id='word_1_132' title='bbox 3561 1051 3676 1120; x_wconf 73' lang='grc' dir='ltr'>θείᾳ</span> 
     </span>
    </p>
   </div>
   <div class='ocr_carea' id='block_1_23' title="bbox 2084 1142 3676 1226">
    <p class='ocr_par' dir='ltr' id='par_1_23' title="bbox 2084 1142 3676 1226">
     <span class='ocr_line' id='line_1_23' title="bbox 2084 1142 3676 1226; baseline -0.009 -18"><span class='ocrx_word' id='word_1_133' title='bbox 2084 1155 2276 1226; x_wconf 78' lang='grc' dir='ltr'>Γραφῇ</span> <span class='ocrx_word' id='word_1_134' title='bbox 2313 1152 2388 1224; x_wconf 76' lang='grc' dir='ltr'>μὴ</span> <span class='ocrx_word' id='word_1_135' title='bbox 2420 1151 2752 1222; x_wconf 75' lang='grc' dir='ltr'><strong>ἐμφέρηται,</strong></span> <span class='ocrx_word' id='word_1_136' title='bbox 2798 1147 3036 1210; x_wconf 78' lang='grc' dir='ltr'>εὐσεϐῶς</span> <span class='ocrx_word' id='word_1_137' title='bbox 3075 1145 3450 1215; x_wconf 79' lang='grc' dir='ltr'><strong>ἐπινενόηται.</strong></span> <span class='ocrx_word' id='word_1_138' title='bbox 3496 1142 3676 1210; x_wconf 81' lang='grc' dir='ltr'>’Λγέν-</span> 
     </span>
    </p>
   </div>
   <div class='ocr_carea' id='block_1_24' title="bbox 2085 1235 3676 1318">
    <p class='ocr_par' dir='ltr' id='par_1_24' title="bbox 2085 1235 3676 1318">
     <span class='ocr_line' id='line_1_24' title="bbox 2085 1235 3676 1318; baseline -0.008 -19"><span class='ocrx_word' id='word_1_139' title='bbox 2085 1263 2247 1318; x_wconf 86' lang='grc' dir='ltr'>νητον</span> <span class='ocrx_word' id='word_1_140' title='bbox 2275 1244 2332 1297; x_wconf 86' lang='grc' dir='ltr'><strong>δὲ</strong></span> <span class='ocrx_word' id='word_1_141' title='bbox 2365 1243 2668 1314; x_wconf 78' lang='grc' dir='ltr'><strong>φάσκοντες</strong></span> <span class='ocrx_word' id='word_1_142' title='bbox 2696 1241 2788 1294; x_wconf 75' lang='grc' dir='ltr'>τὸν</span> <span class='ocrx_word' id='word_1_143' title='bbox 2820 1239 3061 1310; x_wconf 83' lang='grc' dir='ltr'>Πατέρα,</span> <span class='ocrx_word' id='word_1_144' title='bbox 3093 1237 3188 1290; x_wconf 76' lang='grc' dir='ltr'><strong>καὶ</strong></span> <span class='ocrx_word' id='word_1_145' title='bbox 3215 1235 3524 1306; x_wconf 81' lang='grc' dir='ltr'>ἀγέννητον</span> <span class='ocrx_word' id='word_1_146' title='bbox 3553 1237 3676 1304; x_wconf 77' lang='grc' dir='ltr'>ὁμο-</span> 
     </span>
    </p>
   </div>
   <div class='ocr_carea' id='block_1_25' title="bbox 2085 1323 3676 1407">
    <p class='ocr_par' dir='ltr' id='par_1_25' title="bbox 2085 1323 3676 1407">
     <span class='ocr_line' id='line_1_25' title="bbox 2085 1323 3676 1407; baseline -0.009 -17"><span class='ocrx_word' id='word_1_147' title='bbox 2085 1335 2246 1406; x_wconf 86' lang='grc' dir='ltr'>λογοῦ</span> <span class='ocrx_word' id='word_1_148' title='bbox 2256 1351 2372 1407; x_wconf 85' lang='grc' dir='ltr'>μεν·</span> <span class='ocrx_word' id='word_1_149' title='bbox 2410 1334 2668 1404; x_wconf 84' lang='grc' dir='ltr'>γεννητὸν</span> <span class='ocrx_word' id='word_1_150' title='bbox 2695 1331 2752 1385; x_wconf 83' lang='grc' dir='ltr'>δὲ</span> <span class='ocrx_word' id='word_1_151' title='bbox 2780 1329 2870 1384; x_wconf 81' lang='grc' dir='ltr'><strong>τὸν</strong></span> <span class='ocrx_word' id='word_1_152' title='bbox 2899 1329 3026 1382; x_wconf 82' lang='grc' dir='ltr'>Υἱὸν</span> <span class='ocrx_word' id='word_1_153' title='bbox 3054 1329 3153 1380; x_wconf 85' lang='grc' dir='ltr'><strong>οὐκ</strong></span> <span class='ocrx_word' id='word_1_154' title='bbox 3181 1324 3528 1398; x_wconf 82' lang='grc' dir='ltr'>ἀρνούμεθα,</span> <span class='ocrx_word' id='word_1_155' title='bbox 3568 1323 3676 1378; x_wconf 83' lang='grc' dir='ltr'>ἀλλ’</span> 
     </span>
    </p>
   </div>
   <div class='ocr_carea' id='block_1_26' title="bbox 2086 1414 3678 1499">
    <p class='ocr_par' dir='ltr' id='par_1_26' title="bbox 2086 1414 3678 1499">
     <span class='ocr_line' id='line_1_26' title="bbox 2086 1414 3678 1499; baseline -0.011 -17"><span class='ocrx_word' id='word_1_156' title='bbox 2086 1428 2208 1499; x_wconf 75' lang='grc' dir='ltr'>οὐχὶ</span> <span class='ocrx_word' id='word_1_157' title='bbox 2251 1419 2488 1483; x_wconf 76' lang='grc' dir='ltr'>κτιστύν·</span> <span class='ocrx_word' id='word_1_158' title='bbox 2529 1423 2653 1477; x_wconf 73' lang='grc' dir='ltr'>οὔτε</span> <span class='ocrx_word' id='word_1_159' title='bbox 2698 1422 2827 1493; x_wconf 83' lang='grc' dir='ltr'>γὰρ,</span> <span class='ocrx_word' id='word_1_160' title='bbox 2860 1420 2955 1474; x_wconf 79' lang='grc' dir='ltr'><strong>ἐὰν</strong></span> <span class='ocrx_word' id='word_1_161' title='bbox 2983 1419 3076 1472; x_wconf 82' lang='grc' dir='ltr'><strong>τὸν</strong></span> <span class='ocrx_word' id='word_1_162' title='bbox 3106 1415 3234 1471; x_wconf 83' lang='grc' dir='ltr'><strong>Υἰδν</strong></span> <span class='ocrx_word' id='word_1_163' title='bbox 3270 1414 3541 1486; x_wconf 82' lang='grc' dir='ltr'>γεννητὸν</span> <span class='ocrx_word' id='word_1_164' title='bbox 3570 1416 3678 1482; x_wconf 86' lang='grc' dir='ltr'>ὀρι-</span> 
     </span>
    </p>
   </div>
   <div class='ocr_carea' id='block_1_27' title="bbox 2090 1506 3678 1591">
    <p class='ocr_par' dir='ltr' id='par_1_27' title="bbox 2090 1506 3678 1591">
     <span class='ocr_line' id='line_1_27' title="bbox 2090 1506 3678 1591; baseline -0.009 -17"><span class='ocrx_word' id='word_1_165' title='bbox 2090 1520 2334 1591; x_wconf 84' lang='grc' dir='ltr'>σώμεθα,</span> <span class='ocrx_word' id='word_1_166' title='bbox 2361 1520 2426 1572; x_wconf 85' lang='grc' dir='ltr'><strong>ἐκ</strong></span> <span class='ocrx_word' id='word_1_167' title='bbox 2450 1516 2585 1570; x_wconf 83' lang='grc' dir='ltr'>Θεοῦ</span> <span class='ocrx_word' id='word_1_168' title='bbox 2621 1515 2834 1586; x_wconf 88' lang='grc' dir='ltr'>Πατρὸς</span> <span class='ocrx_word' id='word_1_169' title='bbox 2869 1512 2966 1584; x_wconf 81' lang='grc' dir='ltr'>τὴν</span> <span class='ocrx_word' id='word_1_170' title='bbox 2992 1511 3178 1565; x_wconf 77' lang='grc' dir='ltr'>οὐσίαν</span> <span class='ocrx_word' id='word_1_171' title='bbox 3210 1509 3366 1580; x_wconf 78' lang='grc' dir='ltr'>ἐχειν</span> <span class='ocrx_word' id='word_1_172' title='bbox 3398 1506 3678 1580; x_wconf 80' lang='grc' dir='ltr'>ἀρνεῖσθαι</span> 
     </span>
    </p>
   </div>
   <div class='ocr_carea' id='block_1_28' title="bbox 2088 1599 3676 1686">
    <p class='ocr_par' dir='ltr' id='par_1_28' title="bbox 2088 1599 3676 1686">
     <span class='ocr_line' id='line_1_28' title="bbox 2088 1599 3676 1686; baseline -0.011 -17"><span class='ocrx_word' id='word_1_173' title='bbox 2088 1613 2387 1686; x_wconf 82' lang='grc' dir='ltr'>δυνάμεθα.</span> <span class='ocrx_word' id='word_1_174' title='bbox 2417 1609 2700 1681; x_wconf 87' lang='grc' dir='ltr'>Γεννητῶς</span> <span class='ocrx_word' id='word_1_175' title='bbox 2727 1607 2836 1680; x_wconf 88' lang='grc' dir='ltr'>γὰρ</span> <span class='ocrx_word' id='word_1_176' title='bbox 2866 1605 3145 1676; x_wconf 83' lang='grc' dir='ltr'>ἐγέννησε,</span> <span class='ocrx_word' id='word_1_177' title='bbox 3181 1603 3281 1657; x_wconf 77' lang='grc' dir='ltr'><strong>καὶ</strong></span> <span class='ocrx_word' id='word_1_178' title='bbox 3311 1601 3418 1655; x_wconf 85' lang='grc' dir='ltr'><strong>οὐκ</strong></span> <span class='ocrx_word' id='word_1_179' title='bbox 3449 1599 3676 1653; x_wconf 80' lang='grc' dir='ltr'>ἔκτισεν.</span> 
     </span>
    </p>
   </div>
   <div class='ocr_carea' id='block_1_29' title="bbox 2103 1692 3679 1774">
    <p class='ocr_par' dir='ltr' id='par_1_29' title="bbox 2103 1692 3679 1774">
     <span class='ocr_line' id='line_1_29' title="bbox 2103 1692 3679 1774; baseline -0.011 -14"><span class='ocrx_word' id='word_1_180' title='bbox 2103 1707 2191 1769; x_wconf 85' lang='grc' dir='ltr'><strong>Ὦς</strong></span> <span class='ocrx_word' id='word_1_181' title='bbox 2214 1705 2326 1774; x_wconf 87' lang='grc' dir='ltr'>γὰρ</span> <span class='ocrx_word' id='word_1_182' title='bbox 2349 1703 2520 1768; x_wconf 83' lang='grc' dir='ltr'>λοξῶς</span> <span class='ocrx_word' id='word_1_183' title='bbox 2552 1693 2729 1757; x_wconf 84' lang='grc' dir='ltr'>πάντα</span> <span class='ocrx_word' id='word_1_184' title='bbox 2763 1700 2856 1753; x_wconf 74' lang='grc' dir='ltr'>ἐπὶ</span> <span class='ocrx_word' id='word_1_185' title='bbox 2888 1697 2984 1751; x_wconf 85' lang='grc' dir='ltr'><strong>τοῦ</strong></span> <span class='ocrx_word' id='word_1_186' title='bbox 3023 1694 3291 1766; x_wconf 78' lang='grc' dir='ltr'>γεννητοῦ</span> <span class='ocrx_word' id='word_1_187' title='bbox 3327 1694 3427 1748; x_wconf 75' lang='grc' dir='ltr'>καὶ</span> <span class='ocrx_word' id='word_1_188' title='bbox 3457 1692 3679 1762; x_wconf 80' lang='grc' dir='ltr'>ἀγεννή-</span> 
     </span>
    </p>
   </div>
   <div class='ocr_carea' id='block_1_30' title="bbox 2089 1782 3678 1867">
    <p class='ocr_par' dir='ltr' id='par_1_30' title="bbox 2089 1782 3678 1867">
     <span class='ocr_line' id='line_1_30' title="bbox 2089 1782 3678 1867; baseline -0.011 -13"><span class='ocrx_word' id='word_1_189' title='bbox 2089 1817 2186 1854; x_wconf 87' lang='grc' dir='ltr'><strong>του</strong></span> <span class='ocrx_word' id='word_1_190' title='bbox 2233 1795 2612 1867; x_wconf 86' lang='grc' dir='ltr'>διανοούμενος</span> <span class='ocrx_word' id='word_1_191' title='bbox 2661 1790 3064 1864; x_wconf 81' lang='grc' dir='ltr'>παρεκτρέπειν</span> <span class='ocrx_word' id='word_1_192' title='bbox 3111 1787 3312 1842; x_wconf 79' lang='grc' dir='ltr'>ἑαυτὸν</span> <span class='ocrx_word' id='word_1_193' title='bbox 3360 1785 3543 1856; x_wconf 79' lang='grc' dir='ltr'>βούλει</span> <span class='ocrx_word' id='word_1_194' title='bbox 3600 1782 3678 1854; x_wconf 83' lang='grc' dir='ltr'><strong>(οὐ</strong></span> 
     </span>
    </p>
   </div>
   <div class='ocr_carea' id='block_1_31' title="bbox 2090 1875 3677 1962">
    <p class='ocr_par' dir='ltr' id='par_1_31' title="bbox 2090 1875 3677 1962">
     <span class='ocr_line' id='line_1_31' title="bbox 2090 1875 3677 1962; baseline -0.011 -17"><span class='ocrx_word' id='word_1_195' title='bbox 2090 1891 2200 1962; x_wconf 85' lang='grc' dir='ltr'>γάρ</span> <span class='ocrx_word' id='word_1_196' title='bbox 2224 1908 2278 1943; x_wconf 89' lang='grc' dir='ltr'><strong>τι</strong></span> <span class='ocrx_word' id='word_1_197' title='bbox 2307 1887 2535 1960; x_wconf 74' lang='grc' dir='ltr'>ἕτερον),</span> <span class='ocrx_word' id='word_1_198' title='bbox 2564 1885 2736 1948; x_wconf 75' lang='grc' dir='ltr'>οὕτως</span> <span class='ocrx_word' id='word_1_199' title='bbox 2768 1883 2860 1937; x_wconf 69' lang='grc' dir='ltr'><strong>καὶ</strong></span> <span class='ocrx_word' id='word_1_200' title='bbox 2886 1883 3048 1944; x_wconf 81' lang='grc' dir='ltr'>αὐτὸς</span> <span class='ocrx_word' id='word_1_201' title='bbox 3076 1879 3302 1942; x_wconf 80' lang='grc' dir='ltr'>ἀκούεις</span> <span class='ocrx_word' id='word_1_202' title='bbox 3328 1877 3389 1942; x_wconf 81' lang='grc' dir='ltr'><strong>ἐξ</strong></span> <span class='ocrx_word' id='word_1_203' title='bbox 3407 1875 3677 1947; x_wconf 84' lang='grc' dir='ltr'>ἀνθρωπί-</span> 
     </span>
    </p>
   </div>
   <div class='ocr_carea' id='block_1_32' title="bbox 3560 417 3732 477">
    <p class='ocr_par' dir='ltr' id='par_1_32' title="bbox 3560 417 3732 477">
     <span class='ocr_line' id='line_1_32' title="bbox 3560 417 3732 477; baseline 0 0"><span class='ocrx_word' id='word_1_204' title='bbox 3560 421 3666 477; x_wconf 77' lang='lat'><strong>5‘76</strong></span> <span class='ocrx_word' id='word_1_205' title='bbox 3717 417 3732 430; x_wconf 78' lang='grc'><em>’</em></span> 
     </span>
    </p>
   </div>
   <div class='ocr_carea' id='block_1_33' title="bbox 401 1962 1998 2048">
    <p class='ocr_par' dir='ltr' id='par_1_33' title="bbox 401 1962 1982 2033">
     <span class='ocr_line' id='line_1_33' title="bbox 401 1962 1982 2033; baseline 0.009 -21"><span class='ocrx_word' id='word_1_206' title='bbox 401 1962 548 2015; x_wconf 86' lang='lat' dir='ltr'><strong>aliud</strong></span> <span class='ocrx_word' id='word_1_207' title='bbox 579 1962 790 2033; x_wconf 77' lang='lat' dir='ltr'><strong>cliicis),</strong></span> <span class='ocrx_word' id='word_1_208' title='bbox 827 1972 939 2019; x_wconf 92' lang='lat' dir='ltr'><strong>tum</strong></span> <span class='ocrx_word' id='word_1_209' title='bbox 967 1966 1034 2021; x_wconf 92' lang='lat' dir='ltr'><strong>de</strong></span> <span class='ocrx_word' id='word_1_210' title='bbox 1079 1967 1338 2023; x_wconf 85' lang='lat' dir='ltr'><strong>humanis</strong></span> <span class='ocrx_word' id='word_1_211' title='bbox 1372 1970 1892 2028; x_wconf 86' lang='lat' dir='ltr'><strong>ratiocinationibus</strong></span> <span class='ocrx_word' id='word_1_212' title='bbox 1925 1979 1982 2028; x_wconf 92' lang='lat' dir='ltr'><strong>et</strong></span> 
     </span>
    </p>
   </div>
   <div class='ocr_carea' id='block_1_34' title="bbox 2106 1962 3676 2048">
    <p class='ocr_par' dir='ltr' id='par_1_34' title="bbox 2106 1967 3676 2048">
     <span class='ocr_line' id='line_1_34' title="bbox 2106 1967 3676 2048; baseline -0.011 -13"><span class='ocrx_word' id='word_1_213' title='bbox 2106 1999 2200 2036; x_wconf 70' lang='grc' dir='ltr'><strong>νων</strong></span> <span class='ocrx_word' id='word_1_214' title='bbox 2269 1976 2643 2048; x_wconf 87' lang='grc' dir='ltr'>συλλογισμῶν</span> <span class='ocrx_word' id='word_1_215' title='bbox 2703 1975 2799 2028; x_wconf 77' lang='grc' dir='ltr'>καὶ</span> <span class='ocrx_word' id='word_1_216' title='bbox 2857 1972 3183 2034; x_wconf 81' lang='grc' dir='ltr'>ἀντιθέσεως</span> <span class='ocrx_word' id='word_1_217' title='bbox 3244 1967 3676 2037; x_wconf 80' lang='grc' dir='ltr'>συλλογιστικῆς.</span> 
     </span>
    </p>
   </div>
   <div class='ocr_carea' id='block_1_35' title="bbox 402 2057 1998 2144">
    <p class='ocr_par' dir='ltr' id='par_1_35' title="bbox 402 2057 1994 2131">
     <span class='ocr_line' id='line_1_35' title="bbox 402 2057 1994 2131; baseline 0.009 -25"><span class='ocrx_word' id='word_1_218' title='bbox 402 2062 596 2123; x_wconf 82' lang='lat' dir='ltr'><strong>arguta</strong></span> <span class='ocrx_word' id='word_1_219' title='bbox 628 2057 1034 2126; x_wconf 78' lang='lat' dir='ltr'><strong>oppugnatione</strong></span> <span class='ocrx_word' id='word_1_220' title='bbox 1068 2059 1552 2131; x_wconf 86' lang='lat' dir='ltr'><strong>disputationeque</strong></span> <span class='ocrx_word' id='word_1_221' title='bbox 1603 2070 1695 2116; x_wconf 91' lang='lat' dir='ltr'><strong>tua</strong></span> <span class='ocrx_word' id='word_1_222' title='bbox 1718 2101 1734 2127; x_wconf 91' lang='lat'><strong>,</strong></span> <span class='ocrx_word' id='word_1_223' title='bbox 1765 2063 1870 2118; x_wconf 91' lang='lat' dir='ltr'><strong>hoc</strong></span> <span class='ocrx_word' id='word_1_224' title='bbox 1907 2072 1994 2120; x_wconf 88' lang='lat' dir='ltr'><strong>est</strong></span> 
     </span>
    </p>
   </div>
   <div class='ocr_carea' id='block_1_36' title="bbox 2106 2057 3680 2144">
    <p class='ocr_par' dir='ltr' id='par_1_36' title="bbox 2106 2058 3680 2144">
     <span class='ocr_line' id='line_1_36' title="bbox 2106 2058 3680 2144; baseline -0.009 -18"><span class='ocrx_word' id='word_1_225' title='bbox 2106 2070 2440 2144; x_wconf 68' lang='grc' dir='ltr'>ὶνθρωπείας</span> <span class='ocrx_word' id='word_1_226' title='bbox 2463 2087 2522 2122; x_wconf 91' lang='grc' dir='ltr'><strong>τε</strong></span> <span class='ocrx_word' id='word_1_227' title='bbox 2550 2063 3046 2140; x_wconf 84' lang='grc' dir='ltr'>ματαιοφροσύνης,</span> <span class='ocrx_word' id='word_1_228' title='bbox 3075 2062 3157 2125; x_wconf 84' lang='grc' dir='ltr'><strong>τὸ,</strong></span> <span class='ocrx_word' id='word_1_229' title='bbox 3192 2061 3486 2129; x_wconf 87' lang='grc' dir='ltr'>Ἕγκειται</span> <span class='ocrx_word' id='word_1_230' title='bbox 3513 2061 3547 2128; x_wconf 81' lang='grc' dir='ltr'><strong>ἠ</strong></span> <span class='ocrx_word' id='word_1_231' title='bbox 3573 2058 3680 2112; x_wconf 80' lang='grc' dir='ltr'>διά-</span> 
     </span>
    </p>
   </div>
   <div class='ocr_carea' id='block_1_37' title="bbox 402 2145 1998 2236">
    <p class='ocr_par' dir='ltr' id='par_1_37' title="bbox 402 2145 1992 2212">
     <span class='ocr_line' id='line_1_37' title="bbox 402 2145 1992 2212; baseline 0.006 -13"><span class='ocrx_word' id='word_1_232' title='bbox 402 2147 470 2200; x_wconf 87' lang='lat' dir='ltr'><strong>de</strong></span> <span class='ocrx_word' id='word_1_233' title='bbox 499 2145 736 2200; x_wconf 91' lang='lat' dir='ltr'><strong>humana</strong></span> <span class='ocrx_word' id='word_1_234' title='bbox 763 2148 1019 2212; x_wconf 88' lang='lat' dir='ltr'><strong>stultitia,</strong></span> <span class='ocrx_word' id='word_1_235' title='bbox 1054 2151 1343 2206; x_wconf 90' lang='lat' dir='ltr'><strong>commode</strong></span> <span class='ocrx_word' id='word_1_236' title='bbox 1378 2152 1512 2206; x_wconf 93' lang='lat' dir='ltr'><strong>illud</strong></span> <span class='ocrx_word' id='word_1_237' title='bbox 1547 2168 1578 2209; x_wconf 93' lang='lat' dir='ltr'><strong>e</strong></span> <span class='ocrx_word' id='word_1_238' title='bbox 1609 2155 1786 2209; x_wconf 90' lang='lat' dir='ltr'><strong>sacris</strong></span> <span class='ocrx_word' id='word_1_239' title='bbox 1820 2153 1992 2210; x_wconf 86' lang='lat' dir='ltr'><strong>Litte—</strong></span> 
     </span>
    </p>
   </div>
   <div class='ocr_carea' id='block_1_38' title="bbox 2106 2145 3678 2236">
    <p class='ocr_par' dir='ltr' id='par_1_38' title="bbox 2106 2147 3678 2230">
     <span class='ocr_line' id='line_1_38' title="bbox 2106 2147 3678 2230; baseline -0.01 -15"><span class='ocrx_word' id='word_1_240' title='bbox 2106 2178 2212 2215; x_wconf 66' lang='grc' dir='ltr'>νοια</span> <span class='ocrx_word' id='word_1_241' title='bbox 2240 2159 2334 2213; x_wconf 92' lang='grc' dir='ltr'><strong>τοῦ</strong></span> <span class='ocrx_word' id='word_1_242' title='bbox 2360 2157 2651 2230; x_wconf 84' lang='grc' dir='ltr'>ἀνθρώπου</span> <span class='ocrx_word' id='word_1_243' title='bbox 2691 2157 2784 2209; x_wconf 76' lang='grc' dir='ltr'>ἐπὶ</span> <span class='ocrx_word' id='word_1_244' title='bbox 2810 2154 2881 2208; x_wconf 86' lang='grc' dir='ltr'>τὰ</span> <span class='ocrx_word' id='word_1_245' title='bbox 2923 2152 3138 2224; x_wconf 88' lang='grc' dir='ltr'>πονηρά</span> <span class='ocrx_word' id='word_1_246' title='bbox 3169 2149 3457 2223; x_wconf 75' lang='grc' dir='ltr'>ἐπιμελῶς</span> <span class='ocrx_word' id='word_1_247' title='bbox 3480 2151 3542 2202; x_wconf 85' lang='grc' dir='ltr'><strong>ἐκ</strong></span> <span class='ocrx_word' id='word_1_248' title='bbox 3573 2147 3678 2200; x_wconf 84' lang='grc' dir='ltr'>νεό-</span> 
     </span>
    </p>
   </div>
   <div class='ocr_carea' id='block_1_39' title="bbox 405 2239 1998 2324">
    <p class='ocr_par' dir='ltr' id='par_1_39' title="bbox 405 2239 1988 2312">
     <span class='ocr_line' id='line_1_39' title="bbox 405 2239 1988 2312; baseline 0.008 -22"><span class='ocrx_word' id='word_1_249' title='bbox 405 2240 483 2292; x_wconf 87' lang='lat' dir='ltr'><strong>ris</strong></span> <span class='ocrx_word' id='word_1_250' title='bbox 508 2239 774 2295; x_wconf 79' lang='lat' dir='ltr'><strong>exaudire</strong></span> <span class='ocrx_word' id='word_1_251' title='bbox 803 2248 959 2310; x_wconf 86' lang='lat' dir='ltr'><strong>potes</strong></span> <span class='ocrx_word' id='word_1_252' title='bbox 988 2261 1002 2297; x_wconf 89' lang='lat'><strong>:</strong></span> <span class='ocrx_word' id='word_1_253' title='bbox 1034 2241 1298 2312; x_wconf 88' lang='lat' dir='ltr'><strong>Prompta</strong></span> <span class='ocrx_word' id='word_1_254' title='bbox 1338 2253 1425 2299; x_wconf 92' lang='lat' dir='ltr'><strong>est</strong></span> <span class='ocrx_word' id='word_1_255' title='bbox 1459 2244 1702 2302; x_wconf 86' lang='lat' dir='ltr'><strong>hominis</strong></span> <span class='ocrx_word' id='word_1_256' title='bbox 1737 2262 1894 2303; x_wconf 86' lang='lat' dir='ltr'><strong>mens</strong></span> <span class='ocrx_word' id='word_1_257' title='bbox 1933 2247 1988 2303; x_wconf 90' lang='lat' dir='ltr'><strong>in</strong></span> 
     </span>
    </p>
   </div>
   <div class='ocr_carea' id='block_1_40' title="bbox 2106 2239 3680 2324">
    <p class='ocr_par' dir='ltr' id='par_1_40' title="bbox 2106 2239 3680 2324">
     <span class='ocr_line' id='line_1_40' title="bbox 2106 2239 3680 2324; baseline -0.01 -17"><span class='ocrx_word' id='word_1_258' title='bbox 2106 2271 2274 2324; x_wconf 76' lang='grc' dir='ltr'>τητος.</span> <span class='ocrx_word' id='word_1_259' title='bbox 2308 2249 2548 2320; x_wconf 84' lang='grc' dir='ltr'>Λέξομεν</span> <span class='ocrx_word' id='word_1_260' title='bbox 2578 2249 2673 2302; x_wconf 70' lang='grc' dir='ltr'><strong>καὶ</strong></span> <span class='ocrx_word' id='word_1_261' title='bbox 2703 2248 2878 2312; x_wconf 71' lang='grc' dir='ltr'>αὐτοὶ,</span> <span class='ocrx_word' id='word_1_262' title='bbox 2902 2247 2982 2300; x_wconf 82' lang='grc' dir='ltr'><strong>ὅτι</strong></span> <span class='ocrx_word' id='word_1_263' title='bbox 3011 2243 3225 2298; x_wconf 79' lang='grc' dir='ltr'>πολλῶν</span> <span class='ocrx_word' id='word_1_264' title='bbox 3246 2244 3268 2275; x_wconf 79' lang='grc'>⁸</span> <span class='ocrx_word' id='word_1_265' title='bbox 3299 2242 3504 2314; x_wconf 82' lang='grc' dir='ltr'>μᾶλλον</span> <span class='ocrx_word' id='word_1_266' title='bbox 3527 2239 3680 2310; x_wconf 81' lang='grc' dir='ltr'>ἀπρέ-</span> 
     </span>
    </p>
   </div>
   <div class='ocr_carea' id='block_1_41' title="bbox 403 2331 1994 2401">
    <p class='ocr_par' dir='ltr' id='par_1_41' title="bbox 403 2331 1994 2401">
     <span class='ocr_line' id='line_1_41' title="bbox 403 2331 1994 2401; baseline 0.009 -19"><span class='ocrx_word' id='word_1_267' title='bbox 403 2331 548 2383; x_wconf 87' lang='lat' dir='ltr'><strong>mala</strong></span> <span class='ocrx_word' id='word_1_268' title='bbox 593 2331 938 2400; x_wconf 89' lang='lat' dir='ltr'><strong>impensius,</strong></span> <span class='ocrx_word' id='word_1_269' title='bbox 968 2335 1080 2401; x_wconf 91' lang='lat' dir='ltr'><strong>jam</strong></span> <span class='ocrx_word' id='word_1_270' title='bbox 1129 2335 1257 2390; x_wconf 88' lang='lat' dir='ltr'><strong>inde</strong></span> <span class='ocrx_word' id='word_1_271' title='bbox 1301 2336 1370 2390; x_wconf 87' lang='lat' dir='ltr'><strong>ab</strong></span> <span class='ocrx_word' id='word_1_272' title='bbox 1401 2336 1834 2393; x_wconf 77' lang='lat' dir='ltr'><strong>adolescentia‘.</strong></span> <span class='ocrx_word' id='word_1_273' title='bbox 1882 2337 1994 2396; x_wconf 78' lang='lat' dir='ltr'><strong>Nos</strong></span> 
     </span>
    </p>
   </div>
   <div class='ocr_carea' id='block_1_42' title="bbox 403 2425 1996 2500">
    <p class='ocr_par' dir='ltr' id='par_1_42' title="bbox 403 2425 1996 2500">
     <span class='ocr_line' id='line_1_42' title="bbox 403 2425 1996 2500; baseline 0.007 -24"><span class='ocrx_word' id='word_1_274' title='bbox 403 2433 586 2478; x_wconf 89' lang='lat' dir='ltr'><strong>autem</strong></span> <span class='ocrx_word' id='word_1_275' title='bbox 620 2431 676 2479; x_wconf 93' lang='lat' dir='ltr'><strong>et</strong></span> <span class='ocrx_word' id='word_1_276' title='bbox 708 2425 842 2479; x_wconf 92' lang='lat' dir='ltr'><strong>illud</strong></span> <span class='ocrx_word' id='word_1_277' title='bbox 893 2433 1086 2480; x_wconf 89' lang='lat' dir='ltr'><strong>contra</strong></span> <span class='ocrx_word' id='word_1_278' title='bbox 1151 2437 1203 2482; x_wconf 89' lang='lat' dir='ltr'><strong>te</strong></span> <span class='ocrx_word' id='word_1_279' title='bbox 1233 2427 1416 2483; x_wconf 85' lang='lat' dir='ltr'><strong>dicere</strong></span> <span class='ocrx_word' id='word_1_280' title='bbox 1448 2446 1743 2500; x_wconf 86' lang='lat' dir='ltr'><strong>possumus</strong></span> <span class='ocrx_word' id='word_1_281' title='bbox 1775 2448 1788 2483; x_wconf 92' lang='lat'><strong>:</strong></span> <span class='ocrx_word' id='word_1_282' title='bbox 1823 2433 1996 2487; x_wconf 92' lang='lat' dir='ltr'><strong>multo</strong></span> 
     </span>
    </p>
   </div>
   <div class='ocr_carea' id='block_1_43' title="bbox 403 2515 1994 2590">
    <p class='ocr_par' dir='ltr' id='par_1_43' title="bbox 403 2515 1994 2590">
     <span class='ocr_line' id='line_1_43' title="bbox 403 2515 1994 2590; baseline 0.007 -20"><span class='ocrx_word' id='word_1_283' title='bbox 403 2515 459 2570; x_wconf 88' lang='lat' dir='ltr'><strong>id</strong></span> <span class='ocrx_word' id='word_1_284' title='bbox 514 2518 758 2572; x_wconf 87' lang='lat' dir='ltr'><strong>increato</strong></span> <span class='ocrx_word' id='word_1_285' title='bbox 811 2518 922 2573; x_wconf 92' lang='lat' dir='ltr'><strong>Deo</strong></span> <span class='ocrx_word' id='word_1_286' title='bbox 967 2519 1245 2590; x_wconf 81' lang='lat' dir='ltr'><strong>indignius</strong></span> <span class='ocrx_word' id='word_1_287' title='bbox 1274 2562 1289 2583; x_wconf 89' lang='lat'><strong>,</strong></span> <span class='ocrx_word' id='word_1_288' title='bbox 1351 2529 1406 2577; x_wconf 87' lang='lat' dir='ltr'><strong>et</strong></span> <span class='ocrx_word' id='word_1_289' title='bbox 1456 2524 1801 2579; x_wconf 85' lang='lat' dir='ltr'><strong>indecentius</strong></span> <span class='ocrx_word' id='word_1_290' title='bbox 1847 2540 1994 2589; x_wconf 88' lang='lat' dir='ltr'><strong>esse,</strong></span> 
     </span>
    </p>
   </div>
   <div class='ocr_carea' id='block_1_44' title="bbox 403 2609 1996 2682">
    <p class='ocr_par' dir='ltr' id='par_1_44' title="bbox 403 2609 1996 2682">
     <span class='ocr_line' id='line_1_44' title="bbox 403 2609 1996 2682; baseline 0.004 -20"><span class='ocrx_word' id='word_1_291' title='bbox 403 2623 595 2663; x_wconf 84' lang='lat' dir='ltr'><strong>creare</strong></span> <span class='ocrx_word' id='word_1_292' title='bbox 623 2609 887 2680; x_wconf 87' lang='lat' dir='ltr'><strong>quidquid</strong></span> <span class='ocrx_word' id='word_1_293' title='bbox 915 2618 997 2664; x_wconf 90' lang='lat' dir='ltr'><strong>est</strong></span> <span class='ocrx_word' id='word_1_294' title='bbox 1023 2609 1324 2675; x_wconf 91' lang='lat' dir='ltr'><strong>conditum,</strong></span> <span class='ocrx_word' id='word_1_295' title='bbox 1384 2619 1479 2665; x_wconf 90' lang='lat' dir='ltr'><strong>aut</strong></span> <span class='ocrx_word' id='word_1_296' title='bbox 1512 2613 1606 2682; x_wconf 91' lang='lat' dir='ltr'><strong>qui</strong></span> <span class='ocrx_word' id='word_1_297' title='bbox 1653 2627 1683 2666; x_wconf 90' lang='lat' dir='ltr'><strong>a</strong></span> <span class='ocrx_word' id='word_1_298' title='bbox 1728 2613 1880 2667; x_wconf 91' lang='lat' dir='ltr'><strong>nullo</strong></span> <span class='ocrx_word' id='word_1_299' title='bbox 1911 2613 1996 2668; x_wconf 82' lang='lat' dir='ltr'><strong>fa-</strong></span> 
     </span>
    </p>
   </div>
   <div class='ocr_carea' id='block_1_45' title="bbox 405 2703 1994 2774">
    <p class='ocr_par' dir='ltr' id='par_1_45' title="bbox 405 2703 1994 2774">
     <span class='ocr_line' id='line_1_45' title="bbox 405 2703 1994 2774; baseline 0.003 -16"><span class='ocrx_word' id='word_1_300' title='bbox 405 2713 530 2758; x_wconf 86' lang='lat' dir='ltr'><strong>ctus</strong></span> <span class='ocrx_word' id='word_1_301' title='bbox 556 2713 640 2759; x_wconf 85' lang='lat' dir='ltr'><strong>est</strong></span> <span class='ocrx_word' id='word_1_302' title='bbox 669 2704 867 2759; x_wconf 78' lang='lat' dir='ltr'><strong>facere.</strong></span> <span class='ocrx_word' id='word_1_303' title='bbox 901 2703 1115 2759; x_wconf 80' lang='lat' dir='ltr'><strong>Etenim</strong></span> <span class='ocrx_word' id='word_1_304' title='bbox 1146 2705 1215 2769; x_wconf 90' lang='lat' dir='ltr'><strong>si,</strong></span> <span class='ocrx_word' id='word_1_305' title='bbox 1253 2705 1400 2774; x_wconf 91' lang='lat' dir='ltr'><strong>quod</strong></span> <span class='ocrx_word' id='word_1_306' title='bbox 1431 2705 1623 2761; x_wconf 86' lang='lat' dir='ltr'><strong>Aetius</strong></span> <span class='ocrx_word' id='word_1_307' title='bbox 1653 2707 1874 2771; x_wconf 85' lang='lat' dir='ltr'><strong>asserit,</strong></span> <span class='ocrx_word' id='word_1_308' title='bbox 1908 2706 1994 2762; x_wconf 88' lang='lat' dir='ltr'><strong>in-</strong></span> 
     </span>
    </p>
   </div>
   <div class='ocr_carea' id='block_1_46' title="bbox 407 2794 1999 2868">
    <p class='ocr_par' dir='ltr' id='par_1_46' title="bbox 407 2794 1999 2868">
     <span class='ocr_line' id='line_1_46' title="bbox 407 2794 1999 2868; baseline 0.004 -20"><span class='ocrx_word' id='word_1_309' title='bbox 407 2794 652 2865; x_wconf 77' lang='lat' dir='ltr'><strong>genitum</strong></span> <span class='ocrx_word' id='word_1_310' title='bbox 701 2810 964 2865; x_wconf 79' lang='lat' dir='ltr'><strong>generare</strong></span> <span class='ocrx_word' id='word_1_311' title='bbox 1012 2810 1358 2865; x_wconf 89' lang='lat' dir='ltr'><strong>nequaquam</strong></span> <span class='ocrx_word' id='word_1_312' title='bbox 1409 2796 1600 2864; x_wconf 88' lang='lat' dir='ltr'><strong>decet,</strong></span> <span class='ocrx_word' id='word_1_313' title='bbox 1652 2813 1999 2868; x_wconf 87' lang='lat' dir='ltr'><strong>consequens</strong></span> 
     </span>
    </p>
   </div>
   <div class='ocr_carea' id='block_1_47' title="bbox 405 2885 1999 2961">
    <p class='ocr_par' dir='ltr' id='par_1_47' title="bbox 405 2885 1999 2961">
     <span class='ocr_line' id='line_1_47' title="bbox 405 2885 1999 2961; baseline 0.004 -23"><span class='ocrx_word' id='word_1_314' title='bbox 405 2891 513 2948; x_wconf 87' lang='lat' dir='ltr'><strong>est,</strong></span> <span class='ocrx_word' id='word_1_315' title='bbox 555 2899 656 2940; x_wconf 90' lang='lat' dir='ltr'><strong>nec</strong></span> <span class='ocrx_word' id='word_1_316' title='bbox 687 2885 990 2940; x_wconf 90' lang='lat' dir='ltr'><strong>increatum</strong></span> <span class='ocrx_word' id='word_1_317' title='bbox 1029 2901 1217 2942; x_wconf 87' lang='lat' dir='ltr'><strong>creare</strong></span> <span class='ocrx_word' id='word_1_318' title='bbox 1269 2886 1593 2958; x_wconf 87' lang='lat' dir='ltr'><strong>quidquam,</strong></span> <span class='ocrx_word' id='word_1_319' title='bbox 1631 2905 1811 2959; x_wconf 88' lang='lat' dir='ltr'><strong>neque</strong></span> <span class='ocrx_word' id='word_1_320' title='bbox 1839 2890 1931 2961; x_wconf 90' lang='lat' dir='ltr'><strong>qui</strong></span> <span class='ocrx_word' id='word_1_321' title='bbox 1967 2904 1999 2945; x_wconf 88' lang='lat' dir='ltr'><strong>a</strong></span> 
     </span>
    </p>
   </div>
   <div class='ocr_carea' id='block_1_48' title="bbox 409 2968 1995 3047">
    <p class='ocr_par' dir='ltr' id='par_1_48' title="bbox 409 2968 1995 3047">
     <span class='ocr_line' id='line_1_48' title="bbox 409 2968 1995 3047; baseline 0.004 -18"><span class='ocrx_word' id='word_1_322' title='bbox 409 2975 564 3031; x_wconf 89' lang='lat' dir='ltr'><strong>nullo</strong></span> <span class='ocrx_word' id='word_1_323' title='bbox 598 2975 774 3031; x_wconf 83' lang='lat' dir='ltr'><strong>factus</strong></span> <span class='ocrx_word' id='word_1_324' title='bbox 819 2987 934 3041; x_wconf 83' lang='lat' dir='ltr'><strong>est,</strong></span> <span class='ocrx_word' id='word_1_325' title='bbox 969 2991 1092 3046; x_wconf 87' lang='lat' dir='ltr'><strong>quae</strong></span> <span class='ocrx_word' id='word_1_326' title='bbox 1132 2987 1292 3033; x_wconf 88' lang='lat' dir='ltr'><strong>erant</strong></span> <span class='ocrx_word' id='word_1_327' title='bbox 1320 2968 1608 3034; x_wconf 84' lang='lat' dir='ltr'><strong>condenda</strong></span> <span class='ocrx_word' id='word_1_328' title='bbox 1645 2995 1995 3047; x_wconf 87' lang='lat' dir='ltr'><strong>procreasse.</strong></span> 
     </span>
    </p>
   </div>
   <div class='ocr_carea' id='block_1_49' title="bbox 408 3066 2000 3140">
    <p class='ocr_par' dir='ltr' id='par_1_49' title="bbox 408 3066 2000 3140">
     <span class='ocr_line' id='line_1_49' title="bbox 408 3066 2000 3140; baseline 0.005 -22"><span class='ocrx_word' id='word_1_329' title='bbox 408 3066 678 3132; x_wconf 81' lang='lat' dir='ltr'><strong>Quocirca</strong></span> <span class='ocrx_word' id='word_1_330' title='bbox 720 3082 849 3121; x_wconf 89' lang='lat' dir='ltr'><strong>cum</strong></span> <span class='ocrx_word' id='word_1_331' title='bbox 889 3077 1090 3124; x_wconf 65' lang='lat' dir='ltr'><strong>creataa</strong></span> <span class='ocrx_word' id='word_1_332' title='bbox 1139 3085 1228 3123; x_wconf 90' lang='lat' dir='ltr'><strong>res</strong></span> <span class='ocrx_word' id='word_1_333' title='bbox 1275 3070 1454 3124; x_wconf 90' lang='lat' dir='ltr'><strong>oculis</strong></span> <span class='ocrx_word' id='word_1_334' title='bbox 1502 3069 1892 3140; x_wconf 72' lang='lat' dir='ltr'><strong>subiiciantur,</strong></span> <span class='ocrx_word' id='word_1_335' title='bbox 1933 3087 2000 3126; x_wconf 91' lang='lat' dir='ltr'><strong>ac</strong></span> 
     </span>
    </p>
   </div>
   <div class='ocr_carea' id='block_1_50' title="bbox 410 3157 1996 3228">
    <p class='ocr_par' dir='ltr' id='par_1_50' title="bbox 410 3157 1996 3228">
     <span class='ocr_line' id='line_1_50' title="bbox 410 3157 1996 3228; baseline 0 -16"><span class='ocrx_word' id='word_1_336' title='bbox 410 3159 552 3212; x_wconf 87' lang='lat' dir='ltr'><strong>bona</strong></span> <span class='ocrx_word' id='word_1_337' title='bbox 586 3170 712 3225; x_wconf 87' lang='lat' dir='ltr'><strong>pars</strong></span> <span class='ocrx_word' id='word_1_338' title='bbox 743 3165 952 3210; x_wconf 75' lang='lat' dir='ltr'><strong>natura:</strong></span> <span class='ocrx_word' id='word_1_339' title='bbox 984 3157 1341 3212; x_wconf 75' lang='lat' dir='ltr'><strong>subsistentis</strong></span> <span class='ocrx_word' id='word_1_340' title='bbox 1371 3166 1674 3228; x_wconf 88' lang='lat' dir='ltr'><strong>appareat,</strong></span> <span class='ocrx_word' id='word_1_341' title='bbox 1722 3173 1824 3214; x_wconf 86' lang='lat' dir='ltr'><strong>nec</strong></span> <span class='ocrx_word' id='word_1_342' title='bbox 1863 3158 1996 3213; x_wconf 89' lang='lat' dir='ltr'><strong>illud</strong></span> 
     </span>
    </p>
   </div>
   <div class='ocr_carea' id='block_1_51' title="bbox 2097 2330 3677 2414">
    <p class='ocr_par' dir='ltr' id='par_1_51' title="bbox 2097 2330 3677 2414">
     <span class='ocr_line' id='line_1_51' title="bbox 2097 2330 3677 2414; baseline -0.01 -15"><span class='ocrx_word' id='word_1_343' title='bbox 2097 2363 2226 2400; x_wconf 87' lang='grc' dir='ltr'>πεια</span> <span class='ocrx_word' id='word_1_344' title='bbox 2267 2344 2386 2414; x_wconf 78' lang='grc' dir='ltr'><strong>6εῷ</strong></span> <span class='ocrx_word' id='word_1_345' title='bbox 2427 2343 2505 2413; x_wconf 84' lang='grc' dir='ltr'><strong>τῷ</strong></span> <span class='ocrx_word' id='word_1_346' title='bbox 2533 2343 2772 2411; x_wconf 84' lang='grc' dir='ltr'>ἀκτίστῳ</span> <span class='ocrx_word' id='word_1_347' title='bbox 2799 2340 2859 2392; x_wconf 78' lang='grc' dir='ltr'>τὺ</span> <span class='ocrx_word' id='word_1_348' title='bbox 2887 2338 3092 2402; x_wconf 75' lang='grc' dir='ltr'>κτίζειν</span> <span class='ocrx_word' id='word_1_349' title='bbox 3129 2337 3200 2390; x_wconf 86' lang='grc' dir='ltr'><strong>τά</strong></span> <span class='ocrx_word' id='word_1_350' title='bbox 3244 2333 3558 2397; x_wconf 83' lang='grc' dir='ltr'>κτισθέντα,</span> <span class='ocrx_word' id='word_1_351' title='bbox 3593 2330 3677 2386; x_wconf 82' lang='grc' dir='ltr'>καὶ</span> 
     </span>
    </p>
   </div>
   <div class='ocr_carea' id='block_1_52' title="bbox 2096 2426 3678 2509">
    <p class='ocr_par' dir='ltr' id='par_1_52' title="bbox 2096 2426 3678 2509">
     <span class='ocr_line' id='line_1_52' title="bbox 2096 2426 3678 2509; baseline -0.011 -18"><span class='ocrx_word' id='word_1_352' title='bbox 2096 2438 2174 2509; x_wconf 79' lang='grc' dir='ltr'>τῷ</span> <span class='ocrx_word' id='word_1_353' title='bbox 2197 2439 2442 2508; x_wconf 79' lang='grc' dir='ltr'>ἀποιήτῳ</span> <span class='ocrx_word' id='word_1_354' title='bbox 2470 2435 2530 2488; x_wconf 82' lang='grc' dir='ltr'><strong>τὸ</strong></span> <span class='ocrx_word' id='word_1_355' title='bbox 2557 2436 2749 2488; x_wconf 85' lang='grc' dir='ltr'>ποιεῖν.</span> <span class='ocrx_word' id='word_1_356' title='bbox 2783 2433 2857 2486; x_wconf 82' lang='grc' dir='ltr'><strong>Οὐ</strong></span> <span class='ocrx_word' id='word_1_357' title='bbox 2886 2430 2992 2500; x_wconf 75' lang='grc' dir='ltr'>γὰρ</span> <span class='ocrx_word' id='word_1_358' title='bbox 3019 2428 3301 2498; x_wconf 84' lang='grc' dir='ltr'>ἐνδέχεται</span> <span class='ocrx_word' id='word_1_359' title='bbox 3323 2427 3416 2480; x_wconf 76' lang='grc' dir='ltr'>τὸν</span> <span class='ocrx_word' id='word_1_360' title='bbox 3440 2426 3678 2479; x_wconf 82' lang='grc' dir='ltr'>ἀκτιστον</span> 
     </span>
    </p>
   </div>
   <div class='ocr_carea' id='block_1_53' title="bbox 2096 2515 3677 2598">
    <p class='ocr_par' dir='ltr' id='par_1_53' title="bbox 2096 2515 3677 2598">
     <span class='ocr_line' id='line_1_53' title="bbox 2096 2515 3677 2598; baseline -0.011 -12"><span class='ocrx_word' id='word_1_361' title='bbox 2096 2530 2300 2594; x_wconf 74' lang='grc' dir='ltr'>κτίζειν</span> <span class='ocrx_word' id='word_1_362' title='bbox 2327 2528 2396 2583; x_wconf 84' lang='grc' dir='ltr'>τὰ</span> <span class='ocrx_word' id='word_1_363' title='bbox 2426 2527 2735 2592; x_wconf 86' lang='grc' dir='ltr'>κτισθέντα,</span> <span class='ocrx_word' id='word_1_364' title='bbox 2767 2525 2884 2598; x_wconf 79' lang='grc' dir='ltr'>[καὶ</span> <span class='ocrx_word' id='word_1_365' title='bbox 2921 2523 2999 2594; x_wconf 83' lang='grc' dir='ltr'><strong>τῷ</strong></span> <span class='ocrx_word' id='word_1_366' title='bbox 3030 2523 3285 2592; x_wconf 82' lang='grc' dir='ltr'>ἁποιήτῳ</span> <span class='ocrx_word' id='word_1_367' title='bbox 3323 2520 3385 2573; x_wconf 82' lang='grc' dir='ltr'><strong>τὸ</strong></span> <span class='ocrx_word' id='word_1_368' title='bbox 3416 2520 3602 2572; x_wconf 89' lang='grc' dir='ltr'>ποιεῖν·</span> <span class='ocrx_word' id='word_1_369' title='bbox 3623 2515 3677 2569; x_wconf 87' lang='grc' dir='ltr'><strong>οὐ</strong></span> 
     </span>
    </p>
   </div>
   <div class='ocr_carea' id='block_1_54' title="bbox 2098 2606 3676 2694">
    <p class='ocr_par' dir='ltr' id='par_1_54' title="bbox 2098 2606 3676 2694">
     <span class='ocr_line' id='line_1_54' title="bbox 2098 2606 3676 2694; baseline -0.01 -17"><span class='ocrx_word' id='word_1_370' title='bbox 2098 2625 2206 2694; x_wconf 84' lang='grc' dir='ltr'>γὰρ</span> <span class='ocrx_word' id='word_1_371' title='bbox 2231 2622 2500 2692; x_wconf 79' lang='grc' dir='ltr'>ἐνδέχεται</span> <span class='ocrx_word' id='word_1_372' title='bbox 2528 2619 2897 2673; x_wconf 78' lang='grc' dir='ltr'>τὸνάκτιστον</span> <span class='ocrx_word' id='word_1_373' title='bbox 2924 2613 3181 2686; x_wconf 72' lang='grc' dir='ltr'>κτίζειν,]</span> <span class='ocrx_word' id='word_1_374' title='bbox 3203 2613 3414 2667; x_wconf 76' lang='grc' dir='ltr'>καὶτὸν</span> <span class='ocrx_word' id='word_1_375' title='bbox 3440 2611 3514 2682; x_wconf 86' lang='grc' dir='ltr'>μὴ</span> <span class='ocrx_word' id='word_1_376' title='bbox 3537 2606 3676 2678; x_wconf 74' lang='grc' dir='ltr'>γενό-</span> 
     </span>
    </p>
   </div>
   <div class='ocr_carea' id='block_1_55' title="bbox 2103 2698 3677 2782">
    <p class='ocr_par' dir='ltr' id='par_1_55' title="bbox 2103 2698 3677 2782">
     <span class='ocr_line' id='line_1_55' title="bbox 2103 2698 3677 2782; baseline -0.012 -16"><span class='ocrx_word' id='word_1_377' title='bbox 2103 2728 2263 2782; x_wconf 88' lang='grc' dir='ltr'>μενον</span> <span class='ocrx_word' id='word_1_378' title='bbox 2292 2712 2465 2763; x_wconf 83' lang='grc' dir='ltr'>ποιεῖν</span> <span class='ocrx_word' id='word_1_379' title='bbox 2492 2710 2563 2761; x_wconf 88' lang='grc' dir='ltr'><strong>τά</strong></span> <span class='ocrx_word' id='word_1_380' title='bbox 2597 2707 2850 2777; x_wconf 84' lang='grc' dir='ltr'>ἐσόμενα,</span> <span class='ocrx_word' id='word_1_381' title='bbox 2885 2705 2934 2756; x_wconf 75' lang='grc' dir='ltr'>εἰ</span> <span class='ocrx_word' id='word_1_382' title='bbox 2970 2703 3033 2756; x_wconf 84' lang='grc' dir='ltr'><strong>ού</strong></span> <span class='ocrx_word' id='word_1_383' title='bbox 3063 2702 3272 2777; x_wconf 65' lang='grc' dir='ltr'>πρέπει</span> <span class='ocrx_word' id='word_1_384' title='bbox 3307 2699 3386 2771; x_wconf 84' lang='grc' dir='ltr'>τῷ</span> <span class='ocrx_word' id='word_1_385' title='bbox 3414 2698 3677 2767; x_wconf 82' lang='grc' dir='ltr'>ἀγεννήτῳ</span> 
     </span>
    </p>
   </div>
   <div class='ocr_carea' id='block_1_56' title="bbox 2099 2789 3677 2872">
    <p class='ocr_par' dir='ltr' id='par_1_56' title="bbox 2099 2789 3677 2872">
     <span class='ocr_line' id='line_1_56' title="bbox 2099 2789 3677 2872; baseline -0.01 -17"><span class='ocrx_word' id='word_1_386' title='bbox 2099 2802 2162 2855; x_wconf 80' lang='grc' dir='ltr'>τὸ</span> <span class='ocrx_word' id='word_1_387' title='bbox 2199 2802 2394 2872; x_wconf 83' lang='grc' dir='ltr'>γεννᾷν</span> <span class='ocrx_word' id='word_1_388' title='bbox 2440 2799 2582 2854; x_wconf 86' lang='grc' dir='ltr'><strong>κατά</strong></span> <span class='ocrx_word' id='word_1_389' title='bbox 2620 2799 2714 2852; x_wconf 83' lang='grc' dir='ltr'><strong>τὸν</strong></span> <span class='ocrx_word' id='word_1_390' title='bbox 2762 2797 2970 2850; x_wconf 78' lang='grc' dir='ltr'>Ἀετίου</span> <span class='ocrx_word' id='word_1_391' title='bbox 3002 2795 3180 2862; x_wconf 89' lang='grc' dir='ltr'>λόγον.</span> <span class='ocrx_word' id='word_1_392' title='bbox 3221 2793 3349 2846; x_wconf 92' lang='grc' dir='ltr'>Τῶν</span> <span class='ocrx_word' id='word_1_393' title='bbox 3382 2791 3439 2845; x_wconf 82' lang='grc' dir='ltr'><strong>δὲ</strong></span> <span class='ocrx_word' id='word_1_394' title='bbox 3463 2789 3677 2844; x_wconf 85' lang='grc' dir='ltr'>κτίσεων</span> 
     </span>
    </p>
   </div>
   <div class='ocr_carea' id='block_1_57' title="bbox 2100 2880 3676 2966">
    <p class='ocr_par' dir='ltr' id='par_1_57' title="bbox 2100 2880 3676 2966">
     <span class='ocr_line' id='line_1_57' title="bbox 2100 2880 3676 2966; baseline -0.009 -19"><span class='ocrx_word' id='word_1_395' title='bbox 2100 2891 2416 2966; x_wconf 83' lang='grc' dir='ltr'>ὁρωμένων,</span> <span class='ocrx_word' id='word_1_396' title='bbox 2447 2891 2542 2944; x_wconf 75' lang='grc' dir='ltr'><strong>καὶ</strong></span> <span class='ocrx_word' id='word_1_397' title='bbox 2569 2889 2661 2944; x_wconf 90' lang='grc' dir='ltr'><strong>τοῦ</strong></span> <span class='ocrx_word' id='word_1_398' title='bbox 2689 2889 2943 2943; x_wconf 81' lang='grc' dir='ltr'>πλείστου</span> <span class='ocrx_word' id='word_1_399' title='bbox 2982 2887 3178 2960; x_wconf 82' lang='grc' dir='ltr'>μέρους</span> <span class='ocrx_word' id='word_1_400' title='bbox 3215 2885 3321 2956; x_wconf 82' lang='grc' dir='ltr'>τῆς</span> <span class='ocrx_word' id='word_1_401' title='bbox 3349 2883 3532 2944; x_wconf 55' lang='grc' dir='ltr'>οὐσίας</span> <span class='ocrx_word' id='word_1_402' title='bbox 3557 2880 3676 2934; x_wconf 83' lang='grc' dir='ltr'>ὑπο-</span> 
     </span>
    </p>
   </div>
   <div class='ocr_carea' id='block_1_58' title="bbox 2103 2969 3677 3054">
    <p class='ocr_par' dir='ltr' id='par_1_58' title="bbox 2103 2969 3677 3054">
     <span class='ocr_line' id='line_1_58' title="bbox 2103 2969 3677 3054; baseline -0.011 -14"><span class='ocrx_word' id='word_1_403' title='bbox 2103 2986 2346 3048; x_wconf 88' lang='grc' dir='ltr'>στάσεως</span> <span class='ocrx_word' id='word_1_404' title='bbox 2374 2983 2727 3054; x_wconf 81' lang='grc' dir='ltr'>φαινομένης,</span> <span class='ocrx_word' id='word_1_405' title='bbox 2755 2981 2874 3052; x_wconf 84' lang='grc' dir='ltr'><strong>Θεῷ</strong></span> <span class='ocrx_word' id='word_1_406' title='bbox 2901 2981 2961 3034; x_wconf 80' lang='grc' dir='ltr'><strong>δὲ</strong></span> <span class='ocrx_word' id='word_1_407' title='bbox 2991 2979 3068 3050; x_wconf 82' lang='grc' dir='ltr'>τῷ</span> <span class='ocrx_word' id='word_1_408' title='bbox 3097 2978 3349 3048; x_wconf 83' lang='grc' dir='ltr'>ἀκτίστῳ</span> <span class='ocrx_word' id='word_1_409' title='bbox 3383 2975 3445 3028; x_wconf 84' lang='grc' dir='ltr'><strong>τὸ</strong></span> <span class='ocrx_word' id='word_1_410' title='bbox 3479 2974 3562 3026; x_wconf 71' lang='lat' dir='ltr'><strong>Im‘</strong></span> <span class='ocrx_word' id='word_1_411' title='bbox 3589 2969 3677 3024; x_wconf 81' lang='grc' dir='ltr'><strong>αὖ·</strong></span> 
     </span>
    </p>
   </div>
   <div class='ocr_carea' id='block_1_59' title="bbox 2101 3063 3678 3144">
    <p class='ocr_par' dir='ltr' id='par_1_59' title="bbox 2101 3063 3678 3144">
     <span class='ocr_line' id='line_1_59' title="bbox 2101 3063 3678 3144; baseline -0.011 -15"><span class='ocrx_word' id='word_1_412' title='bbox 2101 3073 2197 3129; x_wconf 85' lang='grc' dir='ltr'><strong>τοῦ</strong></span> <span class='ocrx_word' id='word_1_413' title='bbox 2229 3073 2512 3129; x_wconf 85' lang='grc' dir='ltr'>κεκτίσθαι</span> <span class='ocrx_word' id='word_1_414' title='bbox 2541 3072 2615 3144; x_wconf 85' lang='grc' dir='ltr'><strong>μὴ</strong></span> <span class='ocrx_word' id='word_1_415' title='bbox 2649 3071 2987 3143; x_wconf 83' lang='grc' dir='ltr'>πρεπούσης,</span> <span class='ocrx_word' id='word_1_416' title='bbox 3023 3069 3112 3122; x_wconf 80' lang='grc' dir='ltr'>ἵνα</span> <span class='ocrx_word' id='word_1_417' title='bbox 3145 3067 3226 3140; x_wconf 78' lang='grc' dir='ltr'>μὴ</span> <span class='ocrx_word' id='word_1_418' title='bbox 3272 3067 3334 3121; x_wconf 82' lang='grc' dir='ltr'><strong>τὸ</strong></span> <span class='ocrx_word' id='word_1_419' title='bbox 3367 3063 3678 3134; x_wconf 79' lang='grc' dir='ltr'>ἀσύγκριτον</span> 
     </span>
    </p>
   </div>
   <div class='ocr_carea' id='block_1_60' title="bbox 2105 3146 3676 3236">
    <p class='ocr_par' dir='ltr' id='par_1_60' title="bbox 2105 3146 3676 3236">
     <span class='ocr_line' id='line_1_60' title="bbox 2105 3146 3676 3236; baseline -0.01 -18"><span class='ocrx_word' id='word_1_420' title='bbox 2105 3165 2198 3219; x_wconf 73' lang='grc' dir='ltr'>ἐπὶ</span> <span class='ocrx_word' id='word_1_421' title='bbox 2230 3163 2532 3236; x_wconf 76' lang='grc' dir='ltr'>μεταϐολὴν</span> <span class='ocrx_word' id='word_1_422' title='bbox 2559 3163 2668 3215; x_wconf 89' lang='grc' dir='ltr'><strong>τῶν</strong></span> <span class='ocrx_word' id='word_1_423' title='bbox 2706 3160 3017 3230; x_wconf 84' lang='grc' dir='ltr'>γενομένων</span> <span class='ocrx_word' id='word_1_424' title='bbox 3056 3157 3399 3229; x_wconf 83' lang='grc' dir='ltr'>παρενεχθὲν</span> <span class='ocrx_word' id='word_1_425' title='bbox 3444 3153 3559 3209; x_wconf 79' lang='grc' dir='ltr'>ἀντὶ</span> <span class='ocrx_word' id='word_1_426' title='bbox 3593 3146 3676 3203; x_wconf 85' lang='grc' dir='ltr'><strong>τοῦ</strong></span> 
     </span>
    </p>
   </div>
   <div class='ocr_carea' id='block_1_61' title="bbox 409 3245 1998 3330">
    <p class='ocr_par' dir='ltr' id='par_1_61' title="bbox 409 3246 1998 3314">
     <span class='ocr_line' id='line_1_61' title="bbox 409 3246 1998 3314; baseline 0.002 -13"><span class='ocrx_word' id='word_1_427' title='bbox 409 3246 632 3312; x_wconf 89' lang='lat' dir='ltr'><strong>deceat,</strong></span> <span class='ocrx_word' id='word_1_428' title='bbox 681 3248 956 3304; x_wconf 87' lang='lat' dir='ltr'><strong>increatus</strong></span> <span class='ocrx_word' id='word_1_429' title='bbox 995 3258 1054 3302; x_wconf 93' lang='lat' dir='ltr'><strong>ut</strong></span> <span class='ocrx_word' id='word_1_430' title='bbox 1103 3249 1251 3303; x_wconf 91' lang='lat' dir='ltr'><strong>illam</strong></span> <span class='ocrx_word' id='word_1_431' title='bbox 1296 3249 1438 3304; x_wconf 88' lang='lat' dir='ltr'><strong>Deus</strong></span> <span class='ocrx_word' id='word_1_432' title='bbox 1486 3251 1794 3314; x_wconf 81' lang='lat' dir='ltr'><strong>creaverit,</strong></span> <span class='ocrx_word' id='word_1_433' title='bbox 1845 3267 1914 3305; x_wconf 91' lang='lat' dir='ltr'><strong>ne</strong></span> <span class='ocrx_word' id='word_1_434' title='bbox 1954 3251 1998 3307; x_wconf 90' lang='lat' dir='ltr'><strong>si</strong></span> 
     </span>
    </p>
   </div>
   <div class='ocr_carea' id='block_1_62' title="bbox 2106 3245 3678 3330">
    <p class='ocr_par' dir='ltr' id='par_1_62' title="bbox 2108 3245 3678 3330">
     <span class='ocr_line' id='line_1_62' title="bbox 2108 3245 3678 3330; baseline -0.012 -18"><span class='ocrx_word' id='word_1_435' title='bbox 2108 3258 2409 3330; x_wconf 83' lang='grc' dir='ltr'>πρέποντος</span> <span class='ocrx_word' id='word_1_436' title='bbox 2451 3255 2604 3325; x_wconf 87' lang='grc' dir='ltr'><strong>παρά</strong></span> <span class='ocrx_word' id='word_1_437' title='bbox 2641 3253 2718 3324; x_wconf 79' lang='grc' dir='ltr'>τῷ</span> <span class='ocrx_word' id='word_1_438' title='bbox 2776 3251 2966 3321; x_wconf 85' lang='grc' dir='ltr'>Ἀετίῳ</span> <span class='ocrx_word' id='word_1_439' title='bbox 3014 3248 3270 3320; x_wconf 84' lang='grc' dir='ltr'>ἀπρεπὲς</span> <span class='ocrx_word' id='word_1_440' title='bbox 3315 3245 3512 3318; x_wconf 84' lang='grc' dir='ltr'>μᾶλλον</span> <span class='ocrx_word' id='word_1_441' title='bbox 3543 3255 3678 3310; x_wconf 86' lang='grc' dir='ltr'>νομι-</span> 
     </span>
    </p>
   </div>
   <div class='ocr_carea' id='block_1_63' title="bbox 411 3340 1998 3413">
    <p class='ocr_par' dir='ltr' id='par_1_63' title="bbox 411 3340 1998 3413">
     <span class='ocr_line' id='line_1_63' title="bbox 411 3340 1998 3413; baseline 0.002 -19"><span class='ocrx_word' id='word_1_442' title='bbox 411 3341 840 3411; x_wconf 84' lang='lat' dir='ltr'><strong>incomparabile</strong></span> <span class='ocrx_word' id='word_1_443' title='bbox 868 3340 1000 3395; x_wconf 91' lang='lat' dir='ltr'><strong>illud</strong></span> <span class='ocrx_word' id='word_1_444' title='bbox 1031 3343 1097 3396; x_wconf 90' lang='lat' dir='ltr'><strong>ad</strong></span> <span class='ocrx_word' id='word_1_445' title='bbox 1145 3357 1334 3397; x_wconf 89' lang='lat' dir='ltr'><strong>eorum</strong></span> <span class='ocrx_word' id='word_1_446' title='bbox 1363 3359 1486 3413; x_wconf 66' lang='lat' dir='ltr'><strong>qua:</strong></span> <span class='ocrx_word' id='word_1_447' title='bbox 1521 3342 1665 3397; x_wconf 84' lang='lat' dir='ltr'><strong>facta</strong></span> <span class='ocrx_word' id='word_1_448' title='bbox 1693 3351 1845 3408; x_wconf 79' lang='lat' dir='ltr'><strong>sum,</strong></span> <span class='ocrx_word' id='word_1_449' title='bbox 1876 3359 1998 3397; x_wconf 85' lang='lat' dir='ltr'><strong>mu—</strong></span> 
     </span>
    </p>
   </div>
   <div class='ocr_carea' id='block_1_64' title="bbox 414 3431 2002 3508">
    <p class='ocr_par' dir='ltr' id='par_1_64' title="bbox 414 3431 2002 3508">
     <span class='ocr_line' id='line_1_64' title="bbox 414 3431 2002 3508; baseline 0.003 -23"><span class='ocrx_word' id='word_1_450' title='bbox 414 3432 633 3487; x_wconf 89' lang='lat' dir='ltr'><strong>tabilem</strong></span> <span class='ocrx_word' id='word_1_451' title='bbox 661 3431 1038 3488; x_wconf 86' lang='lat' dir='ltr'><strong>conditionem</strong></span> <span class='ocrx_word' id='word_1_452' title='bbox 1067 3434 1379 3503; x_wconf 87' lang='lat' dir='ltr'><strong>abjiciatur,</strong></span> <span class='ocrx_word' id='word_1_453' title='bbox 1422 3449 1533 3488; x_wconf 92' lang='lat' dir='ltr'><strong>non</strong></span> <span class='ocrx_word' id='word_1_454' title='bbox 1567 3435 1734 3508; x_wconf 84' lang='lat' dir='ltr'><strong>modo</strong></span> <span class='ocrx_word' id='word_1_455' title='bbox 1769 3451 1877 3490; x_wconf 88' lang='lat' dir='ltr'><strong>non</strong></span> <span class='ocrx_word' id='word_1_456' title='bbox 1911 3434 2002 3491; x_wconf 91' lang='lat' dir='ltr'><strong>de-</strong></span> 
     </span>
    </p>
   </div>
   <div class='ocr_carea' id='block_1_65' title="bbox 412 3525 2002 3596">
    <p class='ocr_par' dir='ltr' id='par_1_65' title="bbox 412 3525 2002 3596">
     <span class='ocr_line' id='line_1_65' title="bbox 412 3525 2002 3596; baseline 0.001 -16"><span class='ocrx_word' id='word_1_457' title='bbox 412 3539 602 3580; x_wconf 87' lang='lat' dir='ltr'><strong>corum</strong></span> <span class='ocrx_word' id='word_1_458' title='bbox 638 3525 730 3590; x_wconf 86' lang='lat' dir='ltr'><strong>sit,</strong></span> <span class='ocrx_word' id='word_1_459' title='bbox 764 3526 856 3580; x_wconf 90' lang='lat' dir='ltr'><strong>sed</strong></span> <span class='ocrx_word' id='word_1_460' title='bbox 889 3541 955 3582; x_wconf 82' lang='lat' dir='ltr'><strong>ex</strong></span> <span class='ocrx_word' id='word_1_461' title='bbox 987 3526 1162 3596; x_wconf 82' lang='lat' dir='ltr'><strong>ipsius</strong></span> <span class='ocrx_word' id='word_1_462' title='bbox 1183 3527 1324 3581; x_wconf 83' lang='lat' dir='ltr'><strong>Aetii</strong></span> <span class='ocrx_word' id='word_1_463' title='bbox 1355 3527 1631 3582; x_wconf 87' lang='lat' dir='ltr'><strong>sententia</strong></span> <span class='ocrx_word' id='word_1_464' title='bbox 1656 3528 1740 3582; x_wconf 92' lang='lat' dir='ltr'><strong>vel</strong></span> <span class='ocrx_word' id='word_1_465' title='bbox 1766 3528 2002 3582; x_wconf 83' lang='lat' dir='ltr'><strong>maxime</strong></span> 
     </span>
    </p>
   </div>
   <div class='ocr_carea' id='block_1_66' title="bbox 413 3617 2003 3683">
    <p class='ocr_par' dir='ltr' id='par_1_66' title="bbox 413 3617 2003 3683">
     <span class='ocr_line' id='line_1_66' title="bbox 413 3617 2003 3683; baseline 0.003 -13"><span class='ocrx_word' id='word_1_466' title='bbox 413 3618 695 3683; x_wconf 86' lang='lat' dir='ltr'><strong>dedeceat,</strong></span> <span class='ocrx_word' id='word_1_467' title='bbox 727 3632 794 3672; x_wconf 90' lang='lat' dir='ltr'><strong>eo</strong></span> <span class='ocrx_word' id='word_1_468' title='bbox 819 3633 912 3673; x_wconf 86' lang='lat' dir='ltr'><strong>res</strong></span> <span class='ocrx_word' id='word_1_469' title='bbox 949 3618 1166 3673; x_wconf 89' lang='lat' dir='ltr'><strong>tandem</strong></span> <span class='ocrx_word' id='word_1_470' title='bbox 1202 3617 1517 3683; x_wconf 84' lang='lat' dir='ltr'><strong>adducitur,</strong></span> <span class='ocrx_word' id='word_1_471' title='bbox 1571 3626 1633 3672; x_wconf 91' lang='lat' dir='ltr'><strong>ut</strong></span> <span class='ocrx_word' id='word_1_472' title='bbox 1680 3619 1816 3674; x_wconf 86' lang='lat' dir='ltr'><strong>alter</strong></span> <span class='ocrx_word' id='word_1_473' title='bbox 1859 3617 2003 3674; x_wconf 86' lang='lat' dir='ltr'><strong>Deus</strong></span> 
     </span>
    </p>
   </div>
   <div class='ocr_carea' id='block_1_67' title="bbox 414 3709 2001 3778">
    <p class='ocr_par' dir='ltr' id='par_1_67' title="bbox 414 3709 2001 3778">
     <span class='ocr_line' id='line_1_67' title="bbox 414 3709 2001 3778; baseline -0.001 -14"><span class='ocrx_word' id='word_1_474' title='bbox 414 3710 716 3774; x_wconf 86' lang='lat' dir='ltr'><strong>increatus,</strong></span> <span class='ocrx_word' id='word_1_475' title='bbox 753 3711 889 3764; x_wconf 87' lang='lat' dir='ltr'><strong>alter</strong></span> <span class='ocrx_word' id='word_1_476' title='bbox 920 3717 1163 3773; x_wconf 87' lang='lat' dir='ltr'><strong>creatus,</strong></span> <span class='ocrx_word' id='word_1_477' title='bbox 1197 3709 1293 3778; x_wconf 88' lang='lat' dir='ltr'><strong>qui</strong></span> <span class='ocrx_word' id='word_1_478' title='bbox 1339 3709 1404 3763; x_wconf 92' lang='lat' dir='ltr'><strong>ad</strong></span> <span class='ocrx_word' id='word_1_479' title='bbox 1460 3711 1546 3766; x_wconf 87' lang='lat' dir='ltr'><strong>sui</strong></span> <span class='ocrx_word' id='word_1_480' title='bbox 1585 3709 2001 3765; x_wconf 85' lang='lat' dir='ltr'><strong>similitudinem</strong></span> 
     </span>
    </p>
   </div>
   <div class='ocr_carea' id='block_1_68' title="bbox 415 3797 2002 3869">
    <p class='ocr_par' dir='ltr' id='par_1_68' title="bbox 415 3797 2002 3869">
     <span class='ocr_line' id='line_1_68' title="bbox 415 3797 2002 3869; baseline -0.001 -14"><span class='ocrx_word' id='word_1_481' title='bbox 415 3816 610 3855; x_wconf 87' lang='lat' dir='ltr'><strong>creare</strong></span> <span class='ocrx_word' id='word_1_482' title='bbox 641 3809 839 3855; x_wconf 67' lang='lat' dir='ltr'><strong>cmtcra</strong></span> <span class='ocrx_word' id='word_1_483' title='bbox 878 3797 1088 3869; x_wconf 81' lang='lat' dir='ltr'><strong>posSit,</strong></span> <span class='ocrx_word' id='word_1_484' title='bbox 1136 3799 1467 3869; x_wconf 76' lang='lat' dir='ltr'><strong>quzerendus</strong></span> <span class='ocrx_word' id='word_1_485' title='bbox 1507 3801 1702 3856; x_wconf 89' lang='lat' dir='ltr'><strong>merito</strong></span> <span class='ocrx_word' id='word_1_486' title='bbox 1732 3801 2002 3855; x_wconf 86' lang='lat' dir='ltr'><strong>videatur.</strong></span> 
     </span>
    </p>
   </div>
   <div class='ocr_carea' id='block_1_69' title="bbox 417 3887 2008 3960">
    <p class='ocr_par' dir='ltr' id='par_1_69' title="bbox 417 3887 2008 3960">
     <span class='ocr_line' id='line_1_69' title="bbox 417 3887 2008 3960; baseline -0.003 -15"><span class='ocrx_word' id='word_1_487' title='bbox 417 3891 538 3946; x_wconf 84' lang='lat' dir='ltr'><strong>Jam</strong></span> <span class='ocrx_word' id='word_1_488' title='bbox 569 3907 700 3945; x_wconf 89' lang='lat' dir='ltr'><strong>vero</strong></span> <span class='ocrx_word' id='word_1_489' title='bbox 729 3906 852 3944; x_wconf 90' lang='lat' dir='ltr'><strong>cum</strong></span> <span class='ocrx_word' id='word_1_490' title='bbox 891 3889 981 3944; x_wconf 89' lang='lat' dir='ltr'><strong>hic</strong></span> <span class='ocrx_word' id='word_1_491' title='bbox 1022 3891 1143 3960; x_wconf 88' lang='lat' dir='ltr'><strong>ipse</strong></span> <span class='ocrx_word' id='word_1_492' title='bbox 1190 3899 1413 3944; x_wconf 86' lang='lat' dir='ltr'><strong>creatus</strong></span> <span class='ocrx_word' id='word_1_493' title='bbox 1455 3889 1634 3954; x_wconf 87' lang='lat' dir='ltr'><strong>Deus,</strong></span> <span class='ocrx_word' id='word_1_494' title='bbox 1679 3899 1734 3944; x_wconf 91' lang='lat' dir='ltr'><strong>et</strong></span> <span class='ocrx_word' id='word_1_495' title='bbox 1782 3887 2008 3945; x_wconf 88' lang='lat' dir='ltr'><strong>creandi</strong></span> 
     </span>
    </p>
   </div>
   <div class='ocr_carea' id='block_1_70' title="bbox 420 3981 2008 4054">
    <p class='ocr_par' dir='ltr' id='par_1_70' title="bbox 420 3981 2008 4054">
     <span class='ocr_line' id='line_1_70' title="bbox 420 3981 2008 4054; baseline 0 -18"><span class='ocrx_word' id='word_1_496' title='bbox 420 3990 693 4054; x_wconf 84' lang='lat' dir='ltr'><strong>potestate</strong></span> <span class='ocrx_word' id='word_1_497' title='bbox 743 3981 1024 4051; x_wconf 70' lang='lat' dir='ltr'><strong>prmditus,</strong></span> <span class='ocrx_word' id='word_1_498' title='bbox 1084 3997 1116 4036; x_wconf 88' lang='lat' dir='ltr'><strong>a</strong></span> <span class='ocrx_word' id='word_1_499' title='bbox 1160 3997 1219 4037; x_wconf 89' lang='lat' dir='ltr'><strong>se</strong></span> <span class='ocrx_word' id='word_1_500' title='bbox 1259 3982 1380 4052; x_wconf 91' lang='lat' dir='ltr'><strong>ipso</strong></span> <span class='ocrx_word' id='word_1_501' title='bbox 1426 3995 1537 4036; x_wconf 87' lang='lat' dir='ltr'><strong>non</strong></span> <span class='ocrx_word' id='word_1_502' title='bbox 1568 3981 1862 4045; x_wconf 81' lang='lat' dir='ltr'><strong>exstiterit,</strong></span> <span class='ocrx_word' id='word_1_503' title='bbox 1911 3982 2008 4037; x_wconf 86' lang='lat' dir='ltr'><strong>sed</strong></span> 
     </span>
    </p>
   </div>
   <div class='ocr_carea' id='block_1_71' title="bbox 423 4062 2010 4144">
    <p class='ocr_par' dir='ltr' id='par_1_71' title="bbox 423 4062 2010 4144">
     <span class='ocr_line' id='line_1_71' title="bbox 423 4062 2010 4144; baseline 0.001 -17"><span class='ocrx_word' id='word_1_504' title='bbox 423 4081 644 4128; x_wconf 83' lang='lat' dir='ltr'><strong>creatus</strong></span> <span class='ocrx_word' id='word_1_505' title='bbox 681 4081 942 4143; x_wconf 84' lang='lat' dir='ltr'><strong>ponatur,</strong></span> <span class='ocrx_word' id='word_1_506' title='bbox 993 4062 1324 4144; x_wconf 64' lang='lat' dir='ltr'><strong>quaerendus</strong></span> <span class='ocrx_word' id='word_1_507' title='bbox 1364 4074 1563 4129; x_wconf 89' lang='lat' dir='ltr'><strong>iterum</strong></span> <span class='ocrx_word' id='word_1_508' title='bbox 1597 4073 1738 4128; x_wconf 85' lang='lat' dir='ltr'><strong>alter</strong></span> <span class='ocrx_word' id='word_1_509' title='bbox 1768 4073 1858 4127; x_wconf 88' lang='lat' dir='ltr'><strong>ille</strong></span> <span class='ocrx_word' id='word_1_510' title='bbox 1888 4072 2010 4129; x_wconf 79' lang='lat' dir='ltr'><strong>fue—</strong></span> 
     </span>
    </p>
   </div>
   <div class='ocr_carea' id='block_1_72' title="bbox 423 4163 2010 4236">
    <p class='ocr_par' dir='ltr' id='par_1_72' title="bbox 423 4163 2010 4236">
     <span class='ocr_line' id='line_1_72' title="bbox 423 4163 2010 4236; baseline 0 -16"><span class='ocrx_word' id='word_1_511' title='bbox 423 4166 515 4230; x_wconf 85' lang='lat' dir='ltr'><strong>rit,</strong></span> <span class='ocrx_word' id='word_1_512' title='bbox 539 4180 570 4218; x_wconf 93' lang='lat' dir='ltr'><strong>a</strong></span> <span class='ocrx_word' id='word_1_513' title='bbox 601 4181 709 4236; x_wconf 85' lang='lat' dir='ltr'><strong>quo</strong></span> <span class='ocrx_word' id='word_1_514' title='bbox 739 4174 994 4235; x_wconf 89' lang='lat' dir='ltr'><strong>tanquam</strong></span> <span class='ocrx_word' id='word_1_515' title='bbox 1020 4180 1050 4219; x_wconf 90' lang='lat' dir='ltr'><strong>a</strong></span> <span class='ocrx_word' id='word_1_516' title='bbox 1082 4165 1359 4236; x_wconf 90' lang='lat' dir='ltr'><strong>principio</strong></span> <span class='ocrx_word' id='word_1_517' title='bbox 1383 4163 1664 4236; x_wconf 81' lang='lat' dir='ltr'><strong>profectus</strong></span> <span class='ocrx_word' id='word_1_518' title='bbox 1686 4165 1777 4220; x_wconf 86' lang='lat' dir='ltr'><strong>sit.</strong></span> <span class='ocrx_word' id='word_1_519' title='bbox 1803 4164 2010 4222; x_wconf 88' lang='lat' dir='ltr'><strong>Deinde</strong></span> 
     </span>
    </p>
   </div>
   <div class='ocr_carea' id='block_1_73' title="bbox 424 4257 2011 4330">
    <p class='ocr_par' dir='ltr' id='par_1_73' title="bbox 424 4257 2011 4330">
     <span class='ocr_line' id='line_1_73' title="bbox 424 4257 2011 4330; baseline 0.001 -17"><span class='ocrx_word' id='word_1_520' title='bbox 424 4259 588 4313; x_wconf 83' lang='lat' dir='ltr'><strong>etiam</strong></span> <span class='ocrx_word' id='word_1_521' title='bbox 624 4259 763 4313; x_wconf 89' lang='lat' dir='ltr'><strong>alius</strong></span> <span class='ocrx_word' id='word_1_522' title='bbox 802 4267 926 4328; x_wconf 90' lang='lat' dir='ltr'><strong>post</strong></span> <span class='ocrx_word' id='word_1_523' title='bbox 956 4259 1134 4328; x_wconf 91' lang='lat' dir='ltr'><strong>ipsum</strong></span> <span class='ocrx_word' id='word_1_524' title='bbox 1171 4257 1590 4328; x_wconf 80' lang='lat' dir='ltr'><strong>excogitandus.</strong></span> <span class='ocrx_word' id='word_1_525' title='bbox 1628 4257 1705 4312; x_wconf 83' lang='lat' dir='ltr'><strong>Ex</strong></span> <span class='ocrx_word' id='word_1_526' title='bbox 1740 4275 1849 4330; x_wconf 92' lang='lat' dir='ltr'><strong>quo</strong></span> <span class='ocrx_word' id='word_1_527' title='bbox 1880 4275 2011 4330; x_wconf 85' lang='lat' dir='ltr'><strong>pro-</strong></span> 
     </span>
    </p>
   </div>
   <div class='ocr_carea' id='block_1_74' title="bbox 429 4349 2010 4421">
    <p class='ocr_par' dir='ltr' id='par_1_74' title="bbox 429 4349 2010 4421">
     <span class='ocr_line' id='line_1_74' title="bbox 429 4349 2010 4421; baseline 0.001 -18"><span class='ocrx_word' id='word_1_528' title='bbox 429 4349 789 4404; x_wconf 61' lang='lat' dir='ltr'><strong>l‘undissimus</strong></span> <span class='ocrx_word' id='word_1_529' title='bbox 840 4349 942 4404; x_wconf 89' lang='lat' dir='ltr'><strong>iste</strong></span> <span class='ocrx_word' id='word_1_530' title='bbox 969 4365 1124 4404; x_wconf 89' lang='lat' dir='ltr'><strong>error</strong></span> <span class='ocrx_word' id='word_1_531' title='bbox 1163 4349 1230 4404; x_wconf 90' lang='lat' dir='ltr'><strong>ad</strong></span> <span class='ocrx_word' id='word_1_532' title='bbox 1285 4350 1563 4418; x_wconf 77' lang='lat' dir='ltr'><strong>ingentem</strong></span> <span class='ocrx_word' id='word_1_533' title='bbox 1597 4351 1916 4421; x_wconf 79' lang='lat' dir='ltr'><strong>dogmatum</strong></span> <span class='ocrx_word' id='word_1_534' title='bbox 1956 4360 2010 4405; x_wconf 88' lang='lat' dir='ltr'><strong>et</strong></span> 
     </span>
    </p>
   </div>
   <div class='ocr_carea' id='block_1_75' title="bbox 427 4439 2008 4508">
    <p class='ocr_par' dir='ltr' id='par_1_75' title="bbox 427 4439 2008 4508">
     <span class='ocr_line' id='line_1_75' title="bbox 427 4439 2008 4508; baseline -0.001 -13"><span class='ocrx_word' id='word_1_535' title='bbox 427 4441 822 4495; x_wconf 85' lang='lat' dir='ltr'><strong>sententiarum</strong></span> <span class='ocrx_word' id='word_1_536' title='bbox 882 4439 1280 4494; x_wconf 86' lang='lat' dir='ltr'><strong>absurditatcm</strong></span> <span class='ocrx_word' id='word_1_537' title='bbox 1359 4446 1639 4508; x_wconf 86' lang='lat' dir='ltr'><strong>postremo</strong></span> <span class='ocrx_word' id='word_1_538' title='bbox 1695 4439 2008 4494; x_wconf 91' lang='lat' dir='ltr'><strong>deducitur.</strong></span> 
     </span>
    </p>
   </div>
   <div class='ocr_carea' id='block_1_76' title="bbox 428 4529 2011 4601">
    <p class='ocr_par' dir='ltr' id='par_1_76' title="bbox 428 4529 2011 4601">
     <span class='ocr_line' id='line_1_76' title="bbox 428 4529 2011 4601; baseline -0.001 -16"><span class='ocrx_word' id='word_1_539' title='bbox 428 4531 615 4601; x_wconf 73' lang='lat' dir='ltr'><strong>Neque</strong></span> <span class='ocrx_word' id='word_1_540' title='bbox 668 4532 812 4585; x_wconf 86' lang='lat' dir='ltr'><strong>enim</strong></span> <span class='ocrx_word' id='word_1_541' title='bbox 863 4531 1169 4586; x_wconf 87' lang='lat' dir='ltr'><strong>consistere</strong></span> <span class='ocrx_word' id='word_1_542' title='bbox 1225 4529 1447 4584; x_wconf 89' lang='lat' dir='ltr'><strong>animus</strong></span> <span class='ocrx_word' id='word_1_543' title='bbox 1499 4529 1713 4598; x_wconf 90' lang='lat' dir='ltr'><strong>uspiam</strong></span> <span class='ocrx_word' id='word_1_544' title='bbox 1774 4530 2011 4599; x_wconf 88' lang='lat' dir='ltr'><strong>poterit;</strong></span> 
     </span>
    </p>
   </div>
   <div class='ocr_carea' id='block_1_77' title="bbox 430 4619 2012 4691">
    <p class='ocr_par' dir='ltr' id='par_1_77' title="bbox 430 4619 2012 4691">
     <span class='ocr_line' id='line_1_77' title="bbox 430 4619 2012 4691; baseline -0.003 -13"><span class='ocrx_word' id='word_1_545' title='bbox 430 4623 528 4678; x_wconf 67' lang='lat' dir='ltr'><strong>sed</strong></span> <span class='ocrx_word' id='word_1_546' title='bbox 571 4622 703 4677; x_wconf 91' lang='lat' dir='ltr'><strong>illud</strong></span> <span class='ocrx_word' id='word_1_547' title='bbox 738 4637 769 4677; x_wconf 88' lang='lat' dir='ltr'><strong>e</strong></span> <span class='ocrx_word' id='word_1_548' title='bbox 815 4620 1120 4691; x_wconf 88' lang='lat' dir='ltr'><strong>Scripturis</strong></span> <span class='ocrx_word' id='word_1_549' title='bbox 1166 4621 1456 4690; x_wconf 87' lang='lat' dir='ltr'><strong>implebit:</strong></span> <span class='ocrx_word' id='word_1_550' title='bbox 1507 4619 1674 4675; x_wconf 82' lang='lat' dir='ltr'><strong>Slulti</strong></span> <span class='ocrx_word' id='word_1_551' title='bbox 1724 4621 1856 4690; x_wconf 83' lang='lat' dir='ltr'><strong>facti</strong></span> <span class='ocrx_word' id='word_1_552' title='bbox 1889 4630 2012 4674; x_wconf 80' lang='lat' dir='ltr'><strong>sunt</strong></span> 
     </span>
    </p>
   </div>
   <div class='ocr_carea' id='block_1_78' title="bbox 430 4711 2011 4782">
    <p class='ocr_par' dir='ltr' id='par_1_78' title="bbox 430 4711 2011 4782">
     <span class='ocr_line' id='line_1_78' title="bbox 430 4711 2011 4782; baseline -0.003 -12"><span class='ocrx_word' id='word_1_553' title='bbox 430 4715 531 4770; x_wconf 78' lang='lat' dir='ltr'><strong>Dei</strong></span> <span class='ocrx_word' id='word_1_554' title='bbox 579 4713 733 4771; x_wconf 79' lang='lat' dir='ltr'><strong>servi.</strong></span> <span class='ocrx_word' id='word_1_555' title='bbox 787 4711 855 4765; x_wconf 86' lang='lat' dir='ltr'><strong>Et</strong></span> <span class='ocrx_word' id='word_1_556' title='bbox 899 4713 1086 4782; x_wconf 80' lang='lat' dir='ltr'><strong>fatuus</strong></span> <span class='ocrx_word' id='word_1_557' title='bbox 1136 4715 1307 4766; x_wconf 84' lang='lat' dir='ltr'><strong>omnis</strong></span> <span class='ocrx_word' id='word_1_558' title='bbox 1352 4712 1507 4766; x_wconf 87' lang='lat' dir='ltr'><strong>homo</strong></span> <span class='ocrx_word' id='word_1_559' title='bbox 1563 4711 1808 4769; x_wconf 80' lang='lat' dir='ltr'><strong>redditus.</strong></span> <span class='ocrx_word' id='word_1_560' title='bbox 1857 4722 1935 4766; x_wconf 85' lang='lat' dir='ltr'><strong>est</strong></span> <span class='ocrx_word' id='word_1_561' title='bbox 1979 4730 2011 4766; x_wconf 87' lang='grc' dir='ltr'><strong>α</strong></span> 
     </span>
    </p>
   </div>
   <div class='ocr_carea' id='block_1_79' title="bbox 432 4803 2014 4875">
    <p class='ocr_par' dir='ltr' id='par_1_79' title="bbox 432 4803 2014 4875">
     <span class='ocr_line' id='line_1_79' title="bbox 432 4803 2014 4875; baseline -0.004 -11"><span class='ocrx_word' id='word_1_562' title='bbox 432 4808 715 4865; x_wconf 77' lang='lat' dir='ltr'><strong>scientia’.</strong></span> <span class='ocrx_word' id='word_1_563' title='bbox 746 4803 932 4875; x_wconf 84' lang='lat' dir='ltr'><strong>Neque</strong></span> <span class='ocrx_word' id='word_1_564' title='bbox 961 4806 1105 4860; x_wconf 89' lang='lat' dir='ltr'><strong>enim</strong></span> <span class='ocrx_word' id='word_1_565' title='bbox 1136 4805 1238 4860; x_wconf 86' lang='lat' dir='ltr'><strong>sibi</strong></span> <span class='ocrx_word' id='word_1_566' title='bbox 1270 4804 1373 4874; x_wconf 85' lang='lat' dir='ltr'><strong>ipsi</strong></span> <span class='ocrx_word' id='word_1_567' title='bbox 1409 4803 1701 4874; x_wconf 88' lang='lat' dir='ltr'><strong>quisquam</strong></span> <span class='ocrx_word' id='word_1_568' title='bbox 1736 4804 1887 4870; x_wconf 84' lang='lat' dir='ltr'><strong>vivit,</strong></span> <span class='ocrx_word' id='word_1_569' title='bbox 1921 4812 2014 4857; x_wconf 93' lang='lat' dir='ltr'><strong>aut</strong></span> 
     </span>
    </p>
   </div>
   <div class='ocr_carea' id='block_1_80' title="bbox 435 4896 2015 4968">
    <p class='ocr_par' dir='ltr' id='par_1_80' title="bbox 435 4896 2015 4968">
     <span class='ocr_line' id='line_1_80' title="bbox 435 4896 2015 4968; baseline -0.003 -12"><span class='ocrx_word' id='word_1_570' title='bbox 435 4901 744 4964; x_wconf 73' lang='lat' dir='ltr'><strong>moritur‘;</strong></span> <span class='ocrx_word' id='word_1_571' title='bbox 777 4913 954 4968; x_wconf 86' lang='lat' dir='ltr'><strong>neque</strong></span> <span class='ocrx_word' id='word_1_572' title='bbox 997 4897 1276 4967; x_wconf 87' lang='lat' dir='ltr'><strong>quidpiam</strong></span> <span class='ocrx_word' id='word_1_573' title='bbox 1327 4897 1614 4965; x_wconf 83' lang='lat' dir='ltr'><strong>cognoscit</strong></span> <span class='ocrx_word' id='word_1_574' title='bbox 1660 4896 1838 4960; x_wconf 90' lang='lat' dir='ltr'><strong>ullus,</strong></span> <span class='ocrx_word' id='word_1_575' title='bbox 1891 4897 2015 4952; x_wconf 89' lang='lat' dir='ltr'><strong>sine</strong></span> 
     </span>
    </p>
   </div>
   <div class='ocr_carea' id='block_1_81' title="bbox 435 4987 2011 5062">
    <p class='ocr_par' dir='ltr' id='par_1_81' title="bbox 435 4987 2011 5062">
     <span class='ocr_line' id='line_1_81' title="bbox 435 4987 2011 5062; baseline -0.001 -18"><span class='ocrx_word' id='word_1_576' title='bbox 435 5009 537 5062; x_wconf 80' lang='lat' dir='ltr'><strong>ope</strong></span> <span class='ocrx_word' id='word_1_577' title='bbox 569 4991 684 5055; x_wconf 87' lang='lat' dir='ltr'><strong>Dei,</strong></span> <span class='ocrx_word' id='word_1_578' title='bbox 714 4992 804 5060; x_wconf 87' lang='lat' dir='ltr'><strong>qui</strong></span> <span class='ocrx_word' id='word_1_579' title='bbox 837 5007 1019 5044; x_wconf 82' lang='lat' dir='ltr'><strong>veram</strong></span> <span class='ocrx_word' id='word_1_580' title='bbox 1051 4989 1212 5043; x_wconf 87' lang='lat' dir='ltr'><strong>nobis</strong></span> <span class='ocrx_word' id='word_1_581' title='bbox 1241 4987 1398 5040; x_wconf 77' lang='lat' dir='ltr'><strong>[idem</strong></span> <span class='ocrx_word' id='word_1_582' title='bbox 1423 4987 1708 5057; x_wconf 79' lang='lat' dir='ltr'><strong>patefecit,</strong></span> <span class='ocrx_word' id='word_1_583' title='bbox 1735 5001 1798 5040; x_wconf 89' lang='lat' dir='ltr'><strong>ac</strong></span> <span class='ocrx_word' id='word_1_584' title='bbox 1828 4988 1964 5042; x_wconf 81' lang='lat' dir='ltr'><strong>dixit</strong></span> <span class='ocrx_word' id='word_1_585' title='bbox 1997 5006 2011 5043; x_wconf 89' lang='lat'>:</span> 
     </span>
    </p>
   </div>
   <div class='ocr_carea' id='block_1_82' title="bbox 440 5077 2013 5147">
    <p class='ocr_par' dir='ltr' id='par_1_82' title="bbox 440 5077 2013 5147">
     <span class='ocr_line' id='line_1_82' title="bbox 440 5077 2013 5147; baseline -0.003 -9"><span class='ocrx_word' id='word_1_586' title='bbox 440 5084 542 5138; x_wconf 71' lang='lat' dir='ltr'><strong>llic</strong></span> <span class='ocrx_word' id='word_1_587' title='bbox 574 5093 652 5138; x_wconf 85' lang='lat' dir='ltr'><strong>est</strong></span> <span class='ocrx_word' id='word_1_588' title='bbox 693 5082 869 5136; x_wconf 75' lang='lat' dir='ltr'><strong>Filius</strong></span> <span class='ocrx_word' id='word_1_589' title='bbox 915 5099 1059 5136; x_wconf 86' lang='lat' dir='ltr'><strong>meus</strong></span> <span class='ocrx_word' id='word_1_590' title='bbox 1098 5081 1359 5143; x_wconf 84' lang='lat' dir='ltr'><strong>dilectus;</strong></span> <span class='ocrx_word' id='word_1_591' title='bbox 1403 5080 1577 5147; x_wconf 78' lang='lat' dir='ltr'><strong>ipsum</strong></span> <span class='ocrx_word' id='word_1_592' title='bbox 1624 5077 1842 5133; x_wconf 73' lang='lat' dir='ltr'><strong>audite&quot;</strong></span> <span class='ocrx_word' id='word_1_593' title='bbox 1890 5098 1903 5133; x_wconf 87' lang='lat'><strong>:</strong></span> <span class='ocrx_word' id='word_1_594' title='bbox 1949 5093 2013 5133; x_wconf 88' lang='lat' dir='ltr'><strong>ac</strong></span> 
     </span>
    </p>
   </div>
   <div class='ocr_carea' id='block_1_83' title="bbox 440 5166 2016 5249">
    <p class='ocr_par' dir='ltr' id='par_1_83' title="bbox 440 5166 2016 5249">
     <span class='ocr_line' id='line_1_83' title="bbox 440 5166 2016 5249; baseline -0.006 -12"><span class='ocrx_word' id='word_1_595' title='bbox 440 5184 562 5237; x_wconf 88' lang='lat' dir='ltr'><strong>sine</strong></span> <span class='ocrx_word' id='word_1_596' title='bbox 603 5180 750 5234; x_wconf 91' lang='lat' dir='ltr'><strong>illius</strong></span> <span class='ocrx_word' id='word_1_597' title='bbox 791 5194 951 5248; x_wconf 90' lang='lat' dir='ltr'><strong>quem</strong></span> <span class='ocrx_word' id='word_1_598' title='bbox 1007 5177 1193 5249; x_wconf 72' lang='lat' dir='ltr'><strong>genuit</strong></span> <span class='ocrx_word' id='word_1_599' title='bbox 1239 5166 1479 5237; x_wconf 74' lang='lat' dir='ltr'><strong>auxilio,</strong></span> <span class='ocrx_word' id='word_1_600' title='bbox 1529 5174 1622 5243; x_wconf 86' lang='lat' dir='ltr'><strong>qui</strong></span> <span class='ocrx_word' id='word_1_601' title='bbox 1661 5188 1820 5227; x_wconf 90' lang='lat' dir='ltr'><strong>suum</strong></span> <span class='ocrx_word' id='word_1_602' title='bbox 1857 5172 2016 5227; x_wconf 90' lang='lat' dir='ltr'><strong>nobis</strong></span> 
     </span>
    </p>
   </div>
   <div class='ocr_carea' id='block_1_84' title="bbox 437 5265 2016 5338">
    <p class='ocr_par' dir='ltr' id='par_1_84' title="bbox 437 5265 2016 5338">
     <span class='ocr_line' id='line_1_84' title="bbox 437 5265 2016 5338; baseline -0.011 -5"><span class='ocrx_word' id='word_1_603' title='bbox 437 5279 650 5333; x_wconf 76' lang='lat' dir='ltr'><strong>Patrem</strong></span> <span class='ocrx_word' id='word_1_604' title='bbox 677 5272 974 5327; x_wconf 84' lang='lat' dir='ltr'><strong>declaravit</strong></span> <span class='ocrx_word' id='word_1_605' title='bbox 1003 5271 1088 5326; x_wconf 91' lang='lat' dir='ltr'><strong>his</strong></span> <span class='ocrx_word' id='word_1_606' title='bbox 1113 5270 1293 5325; x_wconf 83' lang='lat' dir='ltr'><strong>verbis</strong></span> <span class='ocrx_word' id='word_1_607' title='bbox 1321 5284 1337 5322; x_wconf 87' lang='lat'><strong>:</strong></span> <span class='ocrx_word' id='word_1_608' title='bbox 1376 5267 1484 5338; x_wconf 84' lang='lat' dir='ltr'><strong>Ego</strong></span> <span class='ocrx_word' id='word_1_609' title='bbox 1518 5284 1551 5320; x_wconf 93' lang='lat' dir='ltr'><strong>a</strong></span> <span class='ocrx_word' id='word_1_610' title='bbox 1583 5265 1746 5319; x_wconf 85' lang='lat' dir='ltr'><strong>Patre</strong></span> <span class='ocrx_word' id='word_1_611' title='bbox 1773 5265 1934 5328; x_wconf 73' lang='lat' dir='ltr'><strong>exivi,</strong></span> <span class='ocrx_word' id='word_1_612' title='bbox 1965 5272 2016 5318; x_wconf 85' lang='lat' dir='ltr'><strong>et</strong></span> 
     </span>
    </p>
   </div>
   <div class='ocr_carea' id='block_1_85' title="bbox 445 5355 2018 5433">
    <p class='ocr_par' dir='ltr' id='par_1_85' title="bbox 445 5355 2018 5433">
     <span class='ocr_line' id='line_1_85' title="bbox 445 5355 2018 5433; baseline -0.01 -9"><span class='ocrx_word' id='word_1_613' title='bbox 445 5369 590 5424; x_wconf 80' lang='lat' dir='ltr'><strong>venio</strong></span> <span class='ocrx_word' id='word_1_614' title='bbox 609 5368 653 5421; x_wconf 80' lang='grc'><strong>³.</strong></span> <span class='ocrx_word' id='word_1_615' title='bbox 675 5365 847 5420; x_wconf 83' lang='lat' dir='ltr'><strong>Porro</strong></span> <span class='ocrx_word' id='word_1_616' title='bbox 873 5380 1051 5433; x_wconf 88' lang='lat' dir='ltr'><strong>neque</strong></span> <span class='ocrx_word' id='word_1_617' title='bbox 1081 5379 1146 5418; x_wconf 77' lang='lat' dir='ltr'><strong>ex</strong></span> <span class='ocrx_word' id='word_1_618' title='bbox 1174 5362 1456 5417; x_wconf 85' lang='lat' dir='ltr'><strong>hominum</strong></span> <span class='ocrx_word' id='word_1_619' title='bbox 1489 5358 1852 5429; x_wconf 81' lang='lat' dir='ltr'><strong>appellatione</strong></span> <span class='ocrx_word' id='word_1_620' title='bbox 1874 5355 2018 5410; x_wconf 90' lang='lat' dir='ltr'><strong>Deus</strong></span> 
     </span>
    </p>
   </div>
   <div class='ocr_carea' id='block_1_86' title="bbox 440 5449 2019 5528">
    <p class='ocr_par' dir='ltr' id='par_1_86' title="bbox 440 5449 2019 5528">
     <span class='ocr_line' id='line_1_86' title="bbox 440 5449 2019 5528; baseline -0.009 -11"><span class='ocrx_word' id='word_1_621' title='bbox 440 5461 574 5517; x_wconf 90' lang='lat' dir='ltr'><strong>illud</strong></span> <span class='ocrx_word' id='word_1_622' title='bbox 619 5457 1045 5527; x_wconf 85' lang='lat' dir='ltr'><strong>incomparabile</strong></span> <span class='ocrx_word' id='word_1_623' title='bbox 1079 5455 1242 5528; x_wconf 76' lang='lat'><strong>952</strong></span> <span class='ocrx_word' id='word_1_624' title='bbox 1293 5454 1520 5510; x_wconf 88' lang='lat' dir='ltr'><strong>sortitus</strong></span> <span class='ocrx_word' id='word_1_625' title='bbox 1569 5460 1690 5520; x_wconf 88' lang='lat' dir='ltr'><strong>est;</strong></span> <span class='ocrx_word' id='word_1_626' title='bbox 1733 5465 1910 5520; x_wconf 88' lang='lat' dir='ltr'><strong>neque</strong></span> <span class='ocrx_word' id='word_1_627' title='bbox 1947 5449 2019 5503; x_wconf 91' lang='lat' dir='ltr'><strong>ob</strong></span> 
     </span>
    </p>
   </div>
   <div class='ocr_carea' id='block_1_87' title="bbox 445 5540 2016 5623">
    <p class='ocr_par' dir='ltr' id='par_1_87' title="bbox 445 5540 2016 5623">
     <span class='ocr_line' id='line_1_87' title="bbox 445 5540 2016 5623; baseline -0.01 -12"><span class='ocrx_word' id='word_1_628' title='bbox 445 5556 585 5612; x_wconf 87' lang='lat' dir='ltr'><strong>idem</strong></span> <span class='ocrx_word' id='word_1_629' title='bbox 616 5551 1058 5623; x_wconf 87' lang='lat' dir='ltr'><strong>incomparabile,</strong></span> <span class='ocrx_word' id='word_1_630' title='bbox 1105 5549 1212 5604; x_wconf 88' lang='lat' dir='ltr'><strong>veri</strong></span> <span class='ocrx_word' id='word_1_631' title='bbox 1236 5563 1299 5602; x_wconf 91' lang='lat' dir='ltr'><strong>ac</strong></span> <span class='ocrx_word' id='word_1_632' title='bbox 1335 5546 1689 5619; x_wconf 85' lang='lat' dir='ltr'><strong>subsistentis</strong></span> <span class='ocrx_word' id='word_1_633' title='bbox 1710 5543 1806 5598; x_wconf 85' lang='lat' dir='ltr'><strong>Dei</strong></span> <span class='ocrx_word' id='word_1_634' title='bbox 1830 5540 2016 5606; x_wconf 84' lang='lat' dir='ltr'><strong>Verbi,</strong></span> 
     </span>
    </p>
   </div>
   <div class='ocr_carea' id='block_1_88' title="bbox 517 5731 879 5798">
    <p class='ocr_par' dir='ltr' id='par_1_88' title="bbox 517 5731 879 5798">
     <span class='ocr_line' id='line_1_88' title="bbox 517 5731 879 5798; baseline 0.006 -13"><span class='ocrx_word' id='word_1_635' title='bbox 517 5731 536 5762; x_wconf 81' lang='grc'>⁸</span> <span class='ocrx_word' id='word_1_636' title='bbox 561 5731 694 5786; x_wconf 72' lang='lat' dir='ltr'><strong>Gen.</strong></span> <span class='ocrx_word' id='word_1_637' title='bbox 729 5749 802 5798; x_wconf 77' lang='lat' dir='ltr'><strong>v1,</strong></span> <span class='ocrx_word' id='word_1_638' title='bbox 827 5732 879 5787; x_wconf 85' lang='lat'><strong>5.</strong></span> 
     </span>
    </p>
   </div>
   <div class='ocr_carea' id='block_1_89' title="bbox 1004 5727 1676 5798">
    <p class='ocr_par' dir='ltr' id='par_1_89' title="bbox 1004 5727 1676 5798">
     <span class='ocr_line' id='line_1_89' title="bbox 1004 5727 1676 5798; baseline -0.004 -12"><span class='ocrx_word' id='word_1_639' title='bbox 1004 5735 1022 5764; x_wconf 90' lang='grc'><strong><em>²</em></strong></span> <span class='ocrx_word' id='word_1_640' title='bbox 1045 5729 1160 5788; x_wconf 82' lang='lat' dir='ltr'><strong>Jcr.</strong></span> <span class='ocrx_word' id='word_1_641' title='bbox 1188 5743 1299 5798; x_wconf 78' lang='lat' dir='ltr'><strong>xw,</strong></span> <span class='ocrx_word' id='word_1_642' title='bbox 1350 5727 1452 5797; x_wconf 81' lang='lat' dir='ltr'><strong>l0;</strong></span> <span class='ocrx_word' id='word_1_643' title='bbox 1480 5741 1556 5794; x_wconf 81' lang='grc' dir='ltr'>ιι,</span> <span class='ocrx_word' id='word_1_644' title='bbox 1589 5727 1676 5783; x_wconf 81' lang='lat' dir='ltr'><strong>l7.</strong></span> 
     </span>
    </p>
   </div>
   <div class='ocr_carea' id='block_1_90' title="bbox 447 5800 650 5872">
    <p class='ocr_par' dir='ltr' id='par_1_90' title="bbox 447 5800 650 5872">
     <span class='ocr_line' id='line_1_90' title="bbox 447 5800 650 5872; baseline 0.015 -19"><span class='ocrx_word' id='word_1_645' title='bbox 447 5800 650 5872; x_wconf 75' lang='grc' dir='ltr'>πολλῷ.</span> 
     </span>
    </p>
   </div>
   <div class='ocr_carea' id='block_1_91' title="bbox 1782 5721 2236 5797">
    <p class='ocr_par' dir='ltr' id='par_1_91' title="bbox 1782 5721 2236 5797">
     <span class='ocr_line' id='line_1_91' title="bbox 1782 5721 2236 5797; baseline -0.011 -17"><span class='ocrx_word' id='word_1_646' title='bbox 1782 5727 1803 5797; x_wconf 78' lang='lat'><strong>_&#39;</strong></span> <span class='ocrx_word' id='word_1_647' title='bbox 1834 5725 1994 5782; x_wconf 81' lang='lat' dir='ltr'><strong>Rom.</strong></span> <span class='ocrx_word' id='word_1_648' title='bbox 2031 5738 2142 5793; x_wconf 78' lang='lat' dir='ltr'><strong>xw,</strong></span> <span class='ocrx_word' id='word_1_649' title='bbox 2186 5721 2236 5776; x_wconf 87' lang='lat'><strong>7.</strong></span> 
     </span>
    </p>
   </div>
   <div class='ocr_carea' id='block_1_92' title="bbox 2106 3336 3675 3419">
    <p class='ocr_par' dir='ltr' id='par_1_92' title="bbox 2106 3336 3675 3419">
     <span class='ocr_line' id='line_1_92' title="bbox 2106 3336 3675 3419; baseline -0.013 -15"><span class='ocrx_word' id='word_1_650' title='bbox 2106 3348 2280 3419; x_wconf 86' lang='grc' dir='ltr'>σθείη,</span> <span class='ocrx_word' id='word_1_651' title='bbox 2309 3346 2673 3418; x_wconf 77' lang='grc' dir='ltr'>ζητηθήσεται</span> <span class='ocrx_word' id='word_1_652' title='bbox 2695 3343 2880 3397; x_wconf 75' lang='grc' dir='ltr'>λοιπὸν</span> <span class='ocrx_word' id='word_1_653' title='bbox 2900 3342 3087 3414; x_wconf 73' lang='grc' dir='ltr'>ἕτερος</span> <span class='ocrx_word' id='word_1_654' title='bbox 3109 3338 3184 3392; x_wconf 84' lang='grc' dir='ltr'><strong>ῶν</strong></span> <span class='ocrx_word' id='word_1_655' title='bbox 3204 3338 3346 3401; x_wconf 81' lang='grc' dir='ltr'>Θεὸς</span> <span class='ocrx_word' id='word_1_656' title='bbox 3370 3339 3398 3390; x_wconf 87' lang='grc' dir='ltr'>ὁ</span> <span class='ocrx_word' id='word_1_657' title='bbox 3423 3336 3675 3394; x_wconf 81' lang='grc' dir='ltr'>ἀκτιστος,</span> 
     </span>
    </p>
   </div>
   <div class='ocr_carea' id='block_1_93' title="bbox 2103 3421 3679 3513">
    <p class='ocr_par' dir='ltr' id='par_1_93' title="bbox 2103 3421 3679 3513">
     <span class='ocr_line' id='line_1_93' title="bbox 2103 3421 3679 3513; baseline -0.011 -19"><span class='ocrx_word' id='word_1_658' title='bbox 2103 3441 2289 3513; x_wconf 75' lang='grc' dir='ltr'>ἕτερος</span> <span class='ocrx_word' id='word_1_659' title='bbox 2317 3439 2374 3493; x_wconf 81' lang='grc' dir='ltr'><strong>δὲ</strong></span> <span class='ocrx_word' id='word_1_660' title='bbox 2420 3441 2448 3492; x_wconf 88' lang='grc' dir='ltr'><strong>ό</strong></span> <span class='ocrx_word' id='word_1_661' title='bbox 2491 3435 2754 3500; x_wconf 73' lang='grc' dir='ltr'>κτισθεὶς,</span> <span class='ocrx_word' id='word_1_662' title='bbox 2800 3433 2896 3487; x_wconf 77' lang='grc' dir='ltr'><strong>καὶ</strong></span> <span class='ocrx_word' id='word_1_663' title='bbox 2945 3432 3152 3496; x_wconf 75' lang='grc' dir='ltr'>κτίζειν</span> <span class='ocrx_word' id='word_1_664' title='bbox 3193 3429 3482 3498; x_wconf 79' lang='grc' dir='ltr'>ἀναλόγως</span> <span class='ocrx_word' id='word_1_665' title='bbox 3521 3421 3679 3492; x_wconf 77' lang='grc' dir='ltr'>ὲαυτῷ</span> 
     </span>
    </p>
   </div>
   <div class='ocr_carea' id='block_1_94' title="bbox 2103 3519 3676 3602">
    <p class='ocr_par' dir='ltr' id='par_1_94' title="bbox 2103 3519 3676 3602">
     <span class='ocr_line' id='line_1_94' title="bbox 2103 3519 3676 3602; baseline -0.011 -17"><span class='ocrx_word' id='word_1_666' title='bbox 2103 3532 2419 3602; x_wconf 85' lang='grc' dir='ltr'>δυνάμενος.</span> <span class='ocrx_word' id='word_1_667' title='bbox 2437 3527 2544 3583; x_wconf 90' lang='grc' dir='ltr'><strong>Τοῦ</strong></span> <span class='ocrx_word' id='word_1_668' title='bbox 2565 3527 2621 3581; x_wconf 86' lang='grc' dir='ltr'><strong>δὲ</strong></span> <span class='ocrx_word' id='word_1_669' title='bbox 2642 3524 2999 3596; x_wconf 86' lang='grc' dir='ltr'>κεκτισμένου</span> <span class='ocrx_word' id='word_1_670' title='bbox 3026 3524 3122 3576; x_wconf 79' lang='grc' dir='ltr'><strong>καὶ</strong></span> <span class='ocrx_word' id='word_1_671' title='bbox 3145 3521 3206 3576; x_wconf 82' lang='grc' dir='ltr'>τὸ</span> <span class='ocrx_word' id='word_1_672' title='bbox 3241 3522 3446 3586; x_wconf 79' lang='grc' dir='ltr'>κτίζειν</span> <span class='ocrx_word' id='word_1_673' title='bbox 3463 3519 3676 3590; x_wconf 77' lang='grc' dir='ltr'>ἔχοντος,</span> 
     </span>
    </p>
   </div>
   <div class='ocr_carea' id='block_1_95' title="bbox 2105 3611 3680 3690">
    <p class='ocr_par' dir='ltr' id='par_1_95' title="bbox 2105 3611 3680 3690">
     <span class='ocr_line' id='line_1_95' title="bbox 2105 3611 3680 3690; baseline -0.014 -12"><span class='ocrx_word' id='word_1_674' title='bbox 2105 3622 2412 3688; x_wconf 76' lang='grc' dir='ltr'>αὐτομάτου</span> <span class='ocrx_word' id='word_1_675' title='bbox 2451 3619 2528 3690; x_wconf 83' lang='grc' dir='ltr'>μὴ</span> <span class='ocrx_word' id='word_1_676' title='bbox 2561 3619 2731 3684; x_wconf 75' lang='grc' dir='ltr'>ὄντος,</span> <span class='ocrx_word' id='word_1_677' title='bbox 2752 3616 2888 3671; x_wconf 89' lang='grc' dir='ltr'><strong>ἀλλά</strong></span> <span class='ocrx_word' id='word_1_678' title='bbox 2915 3615 3308 3685; x_wconf 81' lang='grc' dir='ltr'>κεκτισμένου,</span> <span class='ocrx_word' id='word_1_679' title='bbox 3335 3611 3680 3685; x_wconf 80' lang='grc' dir='ltr'>ζητηθήσεται</span> 
     </span>
    </p>
   </div>
   <div class='ocr_carea' id='block_1_96' title="bbox 2107 3697 3678 3782">
    <p class='ocr_par' dir='ltr' id='par_1_96' title="bbox 2107 3697 3678 3782">
     <span class='ocr_line' id='line_1_96' title="bbox 2107 3697 3678 3782; baseline -0.014 -15"><span class='ocrx_word' id='word_1_680' title='bbox 2107 3715 2202 3767; x_wconf 75' lang='grc' dir='ltr'><strong>καὶ</strong></span> <span class='ocrx_word' id='word_1_681' title='bbox 2245 3714 2429 3782; x_wconf 72' lang='grc' dir='ltr'>ἕτερος</span> <span class='ocrx_word' id='word_1_682' title='bbox 2467 3713 2494 3764; x_wconf 88' lang='grc' dir='ltr'><strong>ό</strong></span> <span class='ocrx_word' id='word_1_683' title='bbox 2531 3709 2720 3764; x_wconf 89' lang='grc' dir='ltr'>τούτου</span> <span class='ocrx_word' id='word_1_684' title='bbox 2755 3709 2927 3770; x_wconf 75' lang='grc' dir='ltr'>αἴτιος</span> <span class='ocrx_word' id='word_1_685' title='bbox 2954 3703 3214 3774; x_wconf 87' lang='grc' dir='ltr'>γεγονὼς,</span> <span class='ocrx_word' id='word_1_686' title='bbox 3259 3705 3353 3758; x_wconf 84' lang='grc' dir='ltr'>καὶ</span> <span class='ocrx_word' id='word_1_687' title='bbox 3379 3701 3484 3756; x_wconf 83' lang='grc' dir='ltr'><strong>ἀπὸ</strong></span> <span class='ocrx_word' id='word_1_688' title='bbox 3508 3697 3678 3752; x_wconf 87' lang='grc' dir='ltr'>τούτου</span> 
     </span>
    </p>
   </div>
   <div class='ocr_carea' id='block_1_97' title="bbox 2108 3783 3680 3871">
    <p class='ocr_par' dir='ltr' id='par_1_97' title="bbox 2108 3783 3680 3871">
     <span class='ocr_line' id='line_1_97' title="bbox 2108 3783 3680 3871; baseline -0.01 -16"><span class='ocrx_word' id='word_1_689' title='bbox 2108 3802 2268 3864; x_wconf 83' lang='grc' dir='ltr'>ἀλλος</span> <span class='ocrx_word' id='word_1_690' title='bbox 2285 3799 2722 3871; x_wconf 82' lang='grc' dir='ltr'>ἐπινοηθήσεται.</span> <span class='ocrx_word' id='word_1_691' title='bbox 2746 3797 2857 3851; x_wconf 73' lang='grc' dir='ltr'><strong>Καὶ</strong></span> <span class='ocrx_word' id='word_1_692' title='bbox 2874 3794 3042 3865; x_wconf 83' lang='grc' dir='ltr'>πολλὴ</span> <span class='ocrx_word' id='word_1_693' title='bbox 3062 3793 3215 3846; x_wconf 73' lang='grc' dir='ltr'>ἔσται</span> <span class='ocrx_word' id='word_1_694' title='bbox 3247 3795 3282 3864; x_wconf 73' lang='grc' dir='ltr'>ἡ</span> <span class='ocrx_word' id='word_1_695' title='bbox 3300 3791 3392 3846; x_wconf 86' lang='grc' dir='ltr'><strong>τοῦ</strong></span> <span class='ocrx_word' id='word_1_696' title='bbox 3416 3787 3569 3860; x_wconf 87' lang='grc' dir='ltr'>βυθοῦ</span> <span class='ocrx_word' id='word_1_697' title='bbox 3593 3783 3680 3853; x_wconf 80' lang='grc' dir='ltr'>τῆς</span> 
     </span>
    </p>
   </div>
   <div class='ocr_carea' id='block_1_98' title="bbox 2110 3875 3680 3962">
    <p class='ocr_par' dir='ltr' id='par_1_98' title="bbox 2110 3875 3680 3962">
     <span class='ocr_line' id='line_1_98' title="bbox 2110 3875 3680 3962; baseline -0.011 -16"><span class='ocrx_word' id='word_1_698' title='bbox 2110 3893 2320 3957; x_wconf 80' lang='grc' dir='ltr'>πλάνης</span> <span class='ocrx_word' id='word_1_699' title='bbox 2353 3893 2385 3962; x_wconf 85' lang='grc' dir='ltr'>ὴ</span> <span class='ocrx_word' id='word_1_700' title='bbox 2420 3887 2774 3960; x_wconf 83' lang='grc' dir='ltr'>ματαιολογία</span> <span class='ocrx_word' id='word_1_701' title='bbox 2819 3887 2929 3942; x_wconf 92' lang='grc' dir='ltr'><strong>τῶν</strong></span> <span class='ocrx_word' id='word_1_702' title='bbox 2972 3885 3292 3957; x_wconf 80' lang='grc' dir='ltr'>νοημάτων,</span> <span class='ocrx_word' id='word_1_703' title='bbox 3340 3883 3439 3954; x_wconf 86' lang='grc' dir='ltr'>τῆς</span> <span class='ocrx_word' id='word_1_704' title='bbox 3465 3875 3680 3935; x_wconf 75' lang='grc' dir='ltr'>διανοίας</span> 
     </span>
    </p>
   </div>
   <div class='ocr_carea' id='block_1_99' title="bbox 2113 3971 3672 4056">
    <p class='ocr_par' dir='ltr' id='par_1_99' title="bbox 2113 3971 3672 4056">
     <span class='ocr_line' id='line_1_99' title="bbox 2113 3971 3672 4056; baseline -0.01 -17"><span class='ocrx_word' id='word_1_705' title='bbox 2113 3985 2310 4056; x_wconf 85' lang='grc' dir='ltr'>μηκέτι</span> <span class='ocrx_word' id='word_1_706' title='bbox 2349 3982 2736 4053; x_wconf 84' lang='grc' dir='ltr'>εὐσταθούσης,</span> <span class='ocrx_word' id='word_1_707' title='bbox 2772 3980 2910 4036; x_wconf 89' lang='grc' dir='ltr'><strong>ἀλλά</strong></span> <span class='ocrx_word' id='word_1_708' title='bbox 2944 3980 3268 4053; x_wconf 86' lang='grc' dir='ltr'>πληρούσης</span> <span class='ocrx_word' id='word_1_709' title='bbox 3298 3978 3361 4033; x_wconf 84' lang='grc' dir='ltr'>τὸ</span> <span class='ocrx_word' id='word_1_710' title='bbox 3388 3971 3672 4048; x_wconf 77' lang='grc' dir='ltr'>εἰρημένον·</span> 
     </span>
    </p>
   </div>
   <div class='ocr_carea' id='block_1_100' title="bbox 2125 4059 3674 4145">
    <p class='ocr_par' dir='ltr' id='par_1_100' title="bbox 2125 4059 3674 4145">
     <span class='ocr_line' id='line_1_100' title="bbox 2125 4059 3674 4145; baseline -0.003 -17"><span class='ocrx_word' id='word_1_711' title='bbox 2125 4073 2583 4145; x_wconf 77' lang='grc' dir='ltr'>Ἐμωράνθησαν</span> <span class='ocrx_word' id='word_1_712' title='bbox 2611 4075 2666 4128; x_wconf 75' lang='grc' dir='ltr'>οἱ</span> <span class='ocrx_word' id='word_1_713' title='bbox 2692 4073 2903 4128; x_wconf 79' lang='grc' dir='ltr'>δοῦλοι</span> <span class='ocrx_word' id='word_1_714' title='bbox 2929 4072 3035 4125; x_wconf 84' lang='grc' dir='ltr'><strong>τοῦ</strong></span> <span class='ocrx_word' id='word_1_715' title='bbox 3067 4071 3239 4126; x_wconf 75' lang='grc' dir='ltr'>Θεοῦο</span> <span class='ocrx_word' id='word_1_716' title='bbox 3264 4068 3366 4124; x_wconf 82' lang='grc' dir='ltr'>καὶ</span> <span class='ocrx_word' id='word_1_717' title='bbox 3390 4059 3674 4136; x_wconf 79' lang='grc' dir='ltr'>ἐμωράνθη</span> 
     </span>
    </p>
   </div>
   <div class='ocr_carea' id='block_1_101' title="bbox 2111 4148 3673 4233">
    <p class='ocr_par' dir='ltr' id='par_1_101' title="bbox 2111 4148 3673 4233">
     <span class='ocr_line' id='line_1_101' title="bbox 2111 4148 3673 4233; baseline -0.009 -15"><span class='ocrx_word' id='word_1_718' title='bbox 2111 4163 2230 4231; x_wconf 83' lang='grc' dir='ltr'>πᾶς</span> <span class='ocrx_word' id='word_1_719' title='bbox 2259 4163 2568 4232; x_wconf 76' lang='grc' dir='ltr'>ἄνθρωπος</span> <span class='ocrx_word' id='word_1_720' title='bbox 2599 4162 2719 4218; x_wconf 83' lang='grc' dir='ltr'>ἀπὸ</span> <span class='ocrx_word' id='word_1_721' title='bbox 2740 4161 3039 4233; x_wconf 75' lang='grc' dir='ltr'>γνώσεως.</span> <span class='ocrx_word' id='word_1_722' title='bbox 3064 4160 3138 4214; x_wconf 69' lang='lat' dir='ltr'><strong>Uti</strong></span> <span class='ocrx_word' id='word_1_723' title='bbox 3164 4161 3275 4232; x_wconf 88' lang='grc' dir='ltr'>γάρ</span> <span class='ocrx_word' id='word_1_724' title='bbox 3296 4175 3381 4222; x_wconf 89' lang='grc' dir='ltr'><strong>τις</strong></span> <span class='ocrx_word' id='word_1_725' title='bbox 3405 4149 3572 4221; x_wconf 81' lang='grc' dir='ltr'>ἑαυτῷ</span> <span class='ocrx_word' id='word_1_726' title='bbox 3595 4148 3673 4216; x_wconf 79' lang='grc' dir='ltr'><strong>ζῇ.</strong></span> 
     </span>
    </p>
   </div>
   <div class='ocr_carea' id='block_1_102' title="bbox 2111 4235 3674 4325">
    <p class='ocr_par' dir='ltr' id='par_1_102' title="bbox 2111 4235 3674 4325">
     <span class='ocr_line' id='line_1_102' title="bbox 2111 4235 3674 4325; baseline -0.013 -15"><span class='ocrx_word' id='word_1_727' title='bbox 2111 4257 2233 4312; x_wconf 81' lang='grc' dir='ltr'>οὐδὲ</span> <span class='ocrx_word' id='word_1_728' title='bbox 2279 4254 2458 4325; x_wconf 84' lang='grc' dir='ltr'>ἐαυτῷ</span> <span class='ocrx_word' id='word_1_729' title='bbox 2507 4252 2864 4324; x_wconf 71' lang='grc' dir='ltr'>ἀποθνήσκει*</span> <span class='ocrx_word' id='word_1_730' title='bbox 2916 4249 3040 4305; x_wconf 76' lang='grc' dir='ltr'>οὐδέ</span> <span class='ocrx_word' id='word_1_731' title='bbox 3085 4267 3171 4314; x_wconf 83' lang='grc' dir='ltr'><strong>τις</strong></span> <span class='ocrx_word' id='word_1_732' title='bbox 3221 4246 3487 4318; x_wconf 83' lang='grc' dir='ltr'>γνώσεται</span> <span class='ocrx_word' id='word_1_733' title='bbox 3539 4235 3674 4291; x_wconf 81' lang='grc' dir='ltr'>οὐδὲν</span> 
     </span>
    </p>
   </div>
   <div class='ocr_carea' id='block_1_103' title="bbox 2114 4325 3674 4419">
    <p class='ocr_par' dir='ltr' id='par_1_103' title="bbox 2114 4325 3674 4419">
     <span class='ocr_line' id='line_1_103' title="bbox 2114 4325 3674 4419; baseline -0.015 -14"><span class='ocrx_word' id='word_1_734' title='bbox 2114 4347 2289 4419; x_wconf 82' lang='grc' dir='ltr'>πάρεξ</span> <span class='ocrx_word' id='word_1_735' title='bbox 2315 4347 2410 4400; x_wconf 88' lang='grc' dir='ltr'><strong>τοῦ</strong></span> <span class='ocrx_word' id='word_1_736' title='bbox 2443 4345 2600 4409; x_wconf 82' lang='grc' dir='ltr'>Θεοῦ,</span> <span class='ocrx_word' id='word_1_737' title='bbox 2640 4344 2732 4399; x_wconf 89' lang='grc' dir='ltr'><strong>τοῦ</strong></span> <span class='ocrx_word' id='word_1_738' title='bbox 2767 4341 3219 4411; x_wconf 69' lang='grc' dir='ltr'>ἀποκαλύψαντος</span> <span class='ocrx_word' id='word_1_739' title='bbox 3269 4341 3400 4411; x_wconf 78' lang='grc' dir='ltr'>ἡμῖν</span> <span class='ocrx_word' id='word_1_740' title='bbox 3435 4334 3530 4404; x_wconf 78' lang='grc' dir='ltr'>τὴν</span> 
     </span>
    </p>
   </div>
   <div class='ocr_carea' id='block_1_104' title="bbox 2116 4414 3674 4508">
    <p class='ocr_par' dir='ltr' id='par_1_104' title="bbox 2116 4414 3674 4508">
     <span class='ocr_line' id='line_1_104' title="bbox 2116 4414 3674 4508; baseline -0.011 -18"><span class='ocrx_word' id='word_1_741' title='bbox 2116 4414 2265 4508; x_wconf 65' lang='grc' dir='ltr'>θινῆν</span> <span class='ocrx_word' id='word_1_742' title='bbox 2292 4437 2474 4489; x_wconf 73' lang='grc' dir='ltr'>πίστιν</span> <span class='ocrx_word' id='word_1_743' title='bbox 2505 4433 2691 4500; x_wconf 83' lang='grc' dir='ltr'>αὑτοῦ,</span> <span class='ocrx_word' id='word_1_744' title='bbox 2740 4432 3011 4502; x_wconf 68' lang='grc' dir='ltr'>λέγοντος*</span> <span class='ocrx_word' id='word_1_745' title='bbox 3052 4426 3244 4495; x_wconf 85' lang='grc' dir='ltr'>Οὗτός</span> <span class='ocrx_word' id='word_1_746' title='bbox 3283 4429 3452 4481; x_wconf 83' lang='grc' dir='ltr'>ἐστιν</span> <span class='ocrx_word' id='word_1_747' title='bbox 3478 4424 3510 4475; x_wconf 85' lang='grc' dir='ltr'><strong>ό</strong></span> <span class='ocrx_word' id='word_1_748' title='bbox 3556 4414 3674 4508; x_wconf 58' lang='grc' dir='ltr'><strong>Υἱός</strong></span> 
     </span>
    </p>
   </div>
   <div class='ocr_carea' id='block_1_105' title="bbox 2110 4503 3674 4600">
    <p class='ocr_par' dir='ltr' id='par_1_105' title="bbox 2110 4503 3674 4600">
     <span class='ocr_line' id='line_1_105' title="bbox 2110 4503 3674 4600; baseline -0.01 -16"><span class='ocrx_word' id='word_1_749' title='bbox 2110 4503 2235 4600; x_wconf 59' lang='grc' dir='ltr'><strong>μού</strong></span> <span class='ocrx_word' id='word_1_750' title='bbox 2263 4533 2295 4583; x_wconf 86' lang='grc' dir='ltr'><em>ὀ</em></span> <span class='ocrx_word' id='word_1_751' title='bbox 2326 4528 2652 4598; x_wconf 80' lang='grc' dir='ltr'>ἀγαπητὸς,</span> <span class='ocrx_word' id='word_1_752' title='bbox 2688 4525 2787 4579; x_wconf 80' lang='grc' dir='ltr'>καὶ</span> <span class='ocrx_word' id='word_1_753' title='bbox 2833 4523 3018 4578; x_wconf 84' lang='grc' dir='ltr'>αὑτοῦ</span> <span class='ocrx_word' id='word_1_754' title='bbox 3052 4523 3326 4577; x_wconf 84' lang='grc' dir='ltr'>ἀκούετε·</span> <span class='ocrx_word' id='word_1_755' title='bbox 3369 4516 3461 4570; x_wconf 75' lang='grc' dir='ltr'><strong>καὶ</strong></span> <span class='ocrx_word' id='word_1_756' title='bbox 3501 4503 3674 4600; x_wconf 14' lang='grc' dir='ltr'>τοῦᾲὲξ</span> 
     </span>
    </p>
   </div>
   <div class='ocr_carea' id='block_1_106' title="bbox 2118 4597 3674 4691">
    <p class='ocr_par' dir='ltr' id='par_1_106' title="bbox 2118 4597 3674 4691">
     <span class='ocr_line' id='line_1_106' title="bbox 2118 4597 3674 4691; baseline -0.017 -15"><span class='ocrx_word' id='word_1_757' title='bbox 2118 4597 2282 4676; x_wconf 85' lang='grc' dir='ltr'>αὑτοῦ</span> <span class='ocrx_word' id='word_1_758' title='bbox 2304 4597 2704 4691; x_wconf 84' lang='grc' dir='ltr'>γεγεννημένου</span> <span class='ocrx_word' id='word_1_759' title='bbox 2732 4616 3182 4686; x_wconf 78' lang='grc' dir='ltr'>ἀποκαλύψαντος</span> <span class='ocrx_word' id='word_1_760' title='bbox 3205 4615 3339 4686; x_wconf 79' lang='grc' dir='ltr'>ἡμῖν</span> <span class='ocrx_word' id='word_1_761' title='bbox 3362 4609 3450 4662; x_wconf 78' lang='grc' dir='ltr'><strong>τὸν</strong></span> <span class='ocrx_word' id='word_1_762' title='bbox 3475 4597 3674 4668; x_wconf 82' lang='grc' dir='ltr'>Πατέρα</span> 
     </span>
    </p>
   </div>
   <div class='ocr_carea' id='block_1_107' title="bbox 2120 4696 3670 4781">
    <p class='ocr_par' dir='ltr' id='par_1_107' title="bbox 2120 4696 3670 4781">
     <span class='ocr_line' id='line_1_107' title="bbox 2120 4696 3670 4781; baseline -0.011 -13"><span class='ocrx_word' id='word_1_763' title='bbox 2120 4713 2307 4779; x_wconf 76' lang='grc' dir='ltr'>αὑτοῦ,</span> <span class='ocrx_word' id='word_1_764' title='bbox 2337 4715 2430 4767; x_wconf 79' lang='grc' dir='ltr'><strong>καὶ</strong></span> <span class='ocrx_word' id='word_1_765' title='bbox 2463 4712 2731 4781; x_wconf 86' lang='grc' dir='ltr'>λέγοντος·</span> <span class='ocrx_word' id='word_1_766' title='bbox 2767 4709 2912 4780; x_wconf 77' lang='grc' dir='ltr'><strong>Ἐγὼ</strong></span> <span class='ocrx_word' id='word_1_767' title='bbox 2936 4711 3005 4762; x_wconf 79' lang='grc' dir='ltr'><strong>ἐκ</strong></span> <span class='ocrx_word' id='word_1_768' title='bbox 3034 4707 3139 4763; x_wconf 84' lang='grc' dir='ltr'><strong>τοῦ</strong></span> <span class='ocrx_word' id='word_1_769' title='bbox 3163 4704 3389 4774; x_wconf 80' lang='grc' dir='ltr'>Πατρός</span> <span class='ocrx_word' id='word_1_770' title='bbox 3412 4696 3670 4781; x_wconf 46' lang='grc' dir='ltr'><strong>ἐξῆλθον)</strong></span> 
     </span>
    </p>
   </div>
   <div class='ocr_carea' id='block_1_108' title="bbox 2114 4778 3672 4873">
    <p class='ocr_par' dir='ltr' id='par_1_108' title="bbox 2114 4778 3672 4873">
     <span class='ocr_line' id='line_1_108' title="bbox 2114 4778 3672 4873; baseline -0.015 -13"><span class='ocrx_word' id='word_1_771' title='bbox 2114 4807 2218 4873; x_wconf 67' lang='grc' dir='ltr'>καὶ</span> <span class='ocrx_word' id='word_1_772' title='bbox 2266 4778 2410 4872; x_wconf 78' lang='grc' dir='ltr'>ἥκω.</span> <span class='ocrx_word' id='word_1_773' title='bbox 2461 4778 2572 4857; x_wconf 75' lang='grc' dir='ltr'>Καὶ</span> <span class='ocrx_word' id='word_1_774' title='bbox 2613 4801 2736 4856; x_wconf 76' lang='grc' dir='ltr'>οὔτε</span> <span class='ocrx_word' id='word_1_775' title='bbox 2781 4778 2892 4855; x_wconf 82' lang='grc' dir='ltr'><strong>ἀπὸ</strong></span> <span class='ocrx_word' id='word_1_776' title='bbox 2943 4799 3236 4871; x_wconf 85' lang='grc' dir='ltr'>ὀνομασίας</span> <span class='ocrx_word' id='word_1_777' title='bbox 3285 4790 3575 4865; x_wconf 84' lang='grc' dir='ltr'>ἀνθρώπων</span> <span class='ocrx_word' id='word_1_778' title='bbox 3604 4778 3672 4873; x_wconf 23' lang='grc' dir='ltr'>*τὸ</span> 
     </span>
    </p>
   </div>
   <div class='ocr_carea' id='block_1_109' title="bbox 2120 4869 3674 4967">
    <p class='ocr_par' dir='ltr' id='par_1_109' title="bbox 2120 4869 3674 4967">
     <span class='ocr_line' id='line_1_109' title="bbox 2120 4869 3674 4967; baseline -0.011 -16"><span class='ocrx_word' id='word_1_779' title='bbox 2120 4869 2452 4967; x_wconf 82' lang='grc' dir='ltr'>ἀσύγκριτον</span> <span class='ocrx_word' id='word_1_780' title='bbox 2485 4894 2608 4965; x_wconf 79' lang='grc' dir='ltr'>ἔσχε</span> <span class='ocrx_word' id='word_1_781' title='bbox 2638 4893 2790 4957; x_wconf 68' lang='grc' dir='ltr'>Θεὸς,</span> <span class='ocrx_word' id='word_1_782' title='bbox 2817 4891 2940 4945; x_wconf 72' lang='grc' dir='ltr'>οὔτε</span> <span class='ocrx_word' id='word_1_783' title='bbox 2965 4869 3054 4944; x_wconf 86' lang='grc' dir='ltr'>διά</span> <span class='ocrx_word' id='word_1_784' title='bbox 3080 4890 3140 4942; x_wconf 85' lang='grc' dir='ltr'><strong>τὸ</strong></span> <span class='ocrx_word' id='word_1_785' title='bbox 3168 4888 3493 4956; x_wconf 83' lang='grc' dir='ltr'>ἀσύγκριτον</span> <span class='ocrx_word' id='word_1_786' title='bbox 3512 4878 3542 4946; x_wconf 78' lang='grc' dir='ltr'><strong>ἡ</strong></span> <span class='ocrx_word' id='word_1_787' title='bbox 3564 4869 3674 4967; x_wconf 52' lang='grc' dir='ltr'>ἀξία</span> 
     </span>
    </p>
   </div>
   <div class='ocr_carea' id='block_1_110' title="bbox 2120 4964 3671 5059">
    <p class='ocr_par' dir='ltr' id='par_1_110' title="bbox 2120 4964 3671 5059">
     <span class='ocr_line' id='line_1_110' title="bbox 2120 4964 3671 5059; baseline -0.013 -18"><span class='ocrx_word' id='word_1_788' title='bbox 2120 4988 2215 5042; x_wconf 88' lang='grc' dir='ltr'><strong>τοῦ</strong></span> <span class='ocrx_word' id='word_1_789' title='bbox 2265 4985 2516 5059; x_wconf 85' lang='grc' dir='ltr'>ἀληθινοῦ</span> <span class='ocrx_word' id='word_1_790' title='bbox 2563 4985 2926 5040; x_wconf 81' lang='grc' dir='ltr'>ἐνυποστάτου</span> <span class='ocrx_word' id='word_1_791' title='bbox 2960 4982 3095 5036; x_wconf 84' lang='grc' dir='ltr'>Θεοῦ</span> <span class='ocrx_word' id='word_1_792' title='bbox 3143 4982 3337 5049; x_wconf 85' lang='grc' dir='ltr'>Λόγου,</span> <span class='ocrx_word' id='word_1_793' title='bbox 3371 4974 3460 5029; x_wconf 75' lang='grc' dir='ltr'><strong>καὶ</strong></span> <span class='ocrx_word' id='word_1_794' title='bbox 3484 4971 3544 5022; x_wconf 84' lang='grc' dir='ltr'><strong>ἐκ</strong></span> <span class='ocrx_word' id='word_1_795' title='bbox 3571 4964 3671 5017; x_wconf 61' lang='grc' dir='ltr'>Πας</span> 
     </span>
    </p>
   </div>
   <div class='ocr_carea' id='block_1_111' title="bbox 2117 5069 3672 5152">
    <p class='ocr_par' dir='ltr' id='par_1_111' title="bbox 2117 5069 3672 5152">
     <span class='ocr_line' id='line_1_111' title="bbox 2117 5069 3672 5152; baseline -0.014 -20"><span class='ocrx_word' id='word_1_796' title='bbox 2117 5080 2245 5151; x_wconf 70' lang='grc' dir='ltr'>τρὸς</span> <span class='ocrx_word' id='word_1_797' title='bbox 2286 5080 2541 5152; x_wconf 80' lang='grc' dir='ltr'>ἀνάρχως</span> <span class='ocrx_word' id='word_1_798' title='bbox 2585 5077 2886 5150; x_wconf 82' lang='grc' dir='ltr'>ὁμοουσίως</span> <span class='ocrx_word' id='word_1_799' title='bbox 2924 5073 3342 5145; x_wconf 72' lang='grc' dir='ltr'>γεγεννημένου,</span> <span class='ocrx_word' id='word_1_800' title='bbox 3381 5069 3672 5133; x_wconf 64' lang='grc' dir='ltr'><strong>’παρεκοιῖρσι⁴</strong></span> 
     </span>
    </p>
   </div>
   <div class='ocr_carea' id='block_1_112' title="bbox 2120 5153 3672 5244">
    <p class='ocr_par' dir='ltr' id='par_1_112' title="bbox 2120 5153 3672 5244">
     <span class='ocr_line' id='line_1_112' title="bbox 2120 5153 3672 5244; baseline -0.02 -17"><span class='ocrx_word' id='word_1_801' title='bbox 2120 5174 2373 5244; x_wconf 81' lang='grc' dir='ltr'>πήσεται’</span> <span class='ocrx_word' id='word_1_802' title='bbox 2402 5171 2524 5224; x_wconf 73' lang='grc' dir='ltr'>οὔτε</span> <span class='ocrx_word' id='word_1_803' title='bbox 2553 5171 2816 5243; x_wconf 84' lang='grc' dir='ltr'>ὁποτέρου</span> <span class='ocrx_word' id='word_1_804' title='bbox 2843 5169 2951 5222; x_wconf 89' lang='grc' dir='ltr'><strong>τῶν</strong></span> <span class='ocrx_word' id='word_1_805' title='bbox 2989 5167 3269 5238; x_wconf 84' lang='grc' dir='ltr'>ὀνομάτων</span> <span class='ocrx_word' id='word_1_806' title='bbox 3293 5164 3450 5234; x_wconf 86' lang='grc' dir='ltr'>χάριν</span> <span class='ocrx_word' id='word_1_807' title='bbox 3477 5153 3672 5244; x_wconf 66' lang='grc' dir='ltr'>ἔχοντος</span> 
     </span>
    </p>
   </div>
   <div class='ocr_carea' id='block_1_113' title="bbox 2122 5232 3671 5342">
    <p class='ocr_par' dir='ltr' id='par_1_113' title="bbox 2122 5232 3671 5342">
     <span class='ocr_line' id='line_1_113' title="bbox 2122 5232 3671 5342; baseline -0.015 -30"><span class='ocrx_word' id='word_1_808' title='bbox 2122 5232 2387 5326; x_wconf 56' lang='grc' dir='ltr'>ἐπινοίαις</span> <span class='ocrx_word' id='word_1_809' title='bbox 2426 5232 2749 5334; x_wconf 48' lang='grc' dir='ltr'>ἀνθρώπων..</span> <span class='ocrx_word' id='word_1_810' title='bbox 2787 5262 2953 5316; x_wconf 83' lang='grc' dir='ltr'>Οὐδὲν</span> <span class='ocrx_word' id='word_1_811' title='bbox 2991 5232 3100 5331; x_wconf 85' lang='grc' dir='ltr'><strong>γὰρ</strong></span> <span class='ocrx_word' id='word_1_812' title='bbox 3134 5232 3671 5342; x_wconf 35' lang='grc' dir='ltr'>προσλαμϐάνεταιητδ</span> 
     </span>
    </p>
   </div>
   <div class='ocr_carea' id='block_1_114' title="bbox 2121 5341 3670 5426">
    <p class='ocr_par' dir='ltr' id='par_1_114' title="bbox 2121 5341 3670 5426">
     <span class='ocr_line' id='line_1_114' title="bbox 2121 5341 3670 5426; baseline -0.021 -16"><span class='ocrx_word' id='word_1_813' title='bbox 2121 5357 2276 5409; x_wconf 85' lang='grc' dir='ltr'>Θεῖον</span> <span class='ocrx_word' id='word_1_814' title='bbox 2326 5355 2693 5426; x_wconf 83' lang='grc' dir='ltr'>ἀξιώματοςῆ</span> <span class='ocrx_word' id='word_1_815' title='bbox 2730 5353 3064 5425; x_wconf 77' lang='grc' dir='ltr'>προσθήκηςο</span> <span class='ocrx_word' id='word_1_816' title='bbox 3109 5350 3239 5405; x_wconf 74' lang='grc' dir='ltr'>αὐτὸ</span> <span class='ocrx_word' id='word_1_817' title='bbox 3281 5347 3335 5399; x_wconf 80' lang='grc' dir='ltr'><strong>δὲ</strong></span> <span class='ocrx_word' id='word_1_818' title='bbox 3367 5342 3510 5394; x_wconf 86' lang='grc' dir='ltr'>Θεῖον</span> <span class='ocrx_word' id='word_1_819' title='bbox 3550 5341 3670 5426; x_wconf 72' lang='grc' dir='ltr'>πᾶσι</span> 
     </span>
    </p>
   </div>
   <div class='ocr_carea' id='block_1_115' title="bbox 2123 5421 3668 5518">
    <p class='ocr_par' dir='ltr' id='par_1_115' title="bbox 2123 5421 3668 5518">
     <span class='ocr_line' id='line_1_115' title="bbox 2123 5421 3668 5518; baseline -0.008 -19"><span class='ocrx_word' id='word_1_820' title='bbox 2123 5447 2352 5518; x_wconf 85' lang='grc' dir='ltr'>παρέχει</span> <span class='ocrx_word' id='word_1_821' title='bbox 2387 5448 2451 5499; x_wconf 92' lang='grc' dir='ltr'><strong>ἐκ</strong></span> <span class='ocrx_word' id='word_1_822' title='bbox 2489 5444 2583 5498; x_wconf 88' lang='grc' dir='ltr'><strong>τοῦ</strong></span> <span class='ocrx_word' id='word_1_823' title='bbox 2611 5443 2774 5498; x_wconf 83' lang='grc' dir='ltr'>αὑτοῦ</span> <span class='ocrx_word' id='word_1_824' title='bbox 2802 5443 3185 5516; x_wconf 79' lang='grc' dir='ltr'>πληρώματος,</span> <span class='ocrx_word' id='word_1_825' title='bbox 3215 5440 3297 5494; x_wconf 76' lang='grc' dir='ltr'><strong>ἀεὶ</strong></span> <span class='ocrx_word' id='word_1_826' title='bbox 3329 5439 3385 5489; x_wconf 89' lang='grc' dir='ltr'><strong>ἐν</strong></span> <span class='ocrx_word' id='word_1_827' title='bbox 3409 5421 3668 5518; x_wconf 62' lang='grc' dir='ltr'>ταυτότηξι</span> 
     </span>
    </p>
   </div>
   <div class='ocr_carea' id='block_1_116' title="bbox 2127 5504 3649 5611">
    <p class='ocr_par' dir='ltr' id='par_1_116' title="bbox 2127 5504 3649 5611">
     <span class='ocr_line' id='line_1_116' title="bbox 2127 5504 3649 5611; baseline -0.012 -17"><span class='ocrx_word' id='word_1_828' title='bbox 2127 5504 2400 5611; x_wconf 66' lang='grc' dir='ltr'>μένοντος,</span> <span class='ocrx_word' id='word_1_829' title='bbox 2441 5537 2536 5592; x_wconf 75' lang='grc' dir='ltr'>καὶ</span> <span class='ocrx_word' id='word_1_830' title='bbox 2566 5537 2640 5610; x_wconf 83' lang='grc' dir='ltr'>μὴ</span> <span class='ocrx_word' id='word_1_831' title='bbox 2669 5504 3082 5608; x_wconf 67' lang='grc' dir='ltr'>ἐλαττουμένου,</span> <span class='ocrx_word' id='word_1_832' title='bbox 3122 5504 3234 5587; x_wconf 77' lang='grc' dir='ltr'>ἀλλ’</span> <span class='ocrx_word' id='word_1_833' title='bbox 3271 5532 3326 5582; x_wconf 87' lang='grc' dir='ltr'><strong>ἐν</strong></span> <span class='ocrx_word' id='word_1_834' title='bbox 3365 5527 3428 5593; x_wconf 84' lang='grc' dir='ltr'>τῇ</span> <span class='ocrx_word' id='word_1_835' title='bbox 3468 5517 3564 5582; x_wconf 67' lang='grc' dir='ltr'><strong>ἰδίὲ</strong></span> <span class='ocrx_word' id='word_1_836' title='bbox 3591 5504 3649 5577; x_wconf 71' lang='grc' dir='ltr'><strong>φέ</strong></span> 
     </span>
    </p>
   </div>
   <div class='ocr_carea' id='block_1_117' title="bbox 2340 5685 3665 5787">
    <p class='ocr_par' dir='ltr' id='par_1_117' title="bbox 2340 5685 3665 5787">
     <span class='ocr_line' id='line_1_117' title="bbox 2340 5685 3665 5787; baseline -0.024 -8"><span class='ocrx_word' id='word_1_837' title='bbox 2340 5723 2363 5757; x_wconf 69' lang='grc'><strong><em>³</em></strong></span> <span class='ocrx_word' id='word_1_838' title='bbox 2391 5721 2583 5778; x_wconf 84' lang='lat' dir='ltr'><strong>Matth.</strong></span> <span class='ocrx_word' id='word_1_839' title='bbox 2617 5735 2747 5787; x_wconf 63' lang='grc' dir='ltr'>τίνει,</span> <span class='ocrx_word' id='word_1_840' title='bbox 2794 5718 2848 5773; x_wconf 87' lang='lat'><strong>5.</strong></span> <span class='ocrx_word' id='word_1_841' title='bbox 2962 5717 2982 5748; x_wconf 80' lang='grc'><strong><em>⁸</em></strong></span> <span class='ocrx_word' id='word_1_842' title='bbox 3015 5713 3172 5770; x_wconf 80' lang='lat' dir='ltr'><strong>Joan.</strong></span> <span class='ocrx_word' id='word_1_843' title='bbox 3213 5722 3320 5772; x_wconf 78' lang='lat' dir='ltr'><strong>xw,</strong></span> <span class='ocrx_word' id='word_1_844' title='bbox 3353 5701 3438 5758; x_wconf 76' lang='lat'><strong>28.</strong></span> <span class='ocrx_word' id='word_1_845' title='bbox 3509 5693 3528 5724; x_wconf 82' lang='lat'><strong><em>‘</em></strong></span> <span class='ocrx_word' id='word_1_846' title='bbox 3557 5685 3665 5739; x_wconf 61' lang='grc' dir='ltr'>(ἔστι</span> 
     </span>
    </p>
   </div>
  </div>
