3964 6416
369 382 472 438 577
1045 380 1412 438 ADVERSUS
1446 378 1788 437 [LERESES
1825 375 1946 433 LIB.

2065 422 2076 434 .
2100 378 2263 437 TOM.
2307 384 2348 438 Ι.
2383 414 2452 425 -
2483 384 2755 443 ΗΑΞΒΕΒ.
2798 387 3033 446 LXXVI.
3531 387 3639 443 578

369 514 557 568 ροντος
599 498 688 552 ἀεὶ
724 497 881 570 οὐσίᾳ
926 499 1021 553 τοῦ
1053 500 1335 571 ὀνόματος,
1372 500 1467 553 καὶ
1513 499 1812 590 δυνάμεως,
1863 499 1946 551 καὶ

2059 511 2114 556 et
2149 515 2179 554 a
2205 500 2365 556 Patre
2399 501 2519 557 sine
2558 504 2671 557 ullo
2701 505 2860 560 initio
2886 500 3076 560 eadem
3110 506 3165 560 in
3205 505 3514 562 substantia
3548 521 3640 575 ge-

363 591 551 653 οὐσίας
577 605 640 642 το
669 589 804 656 ἀξίω
811 608 906 660 μα.
1243 616 1246 620 ’

2058 591 2154 644 niti
2187 591 2428 660 dignitas
2458 592 2833 663 abrogabitur.
2889 595 3156 650 Neutrum
3203 597 3348 650 enim
3402 597 3635 650 istorum

370 684 655 736 nominum
695 684 931 754 ingeniis
977 682 1282 747 hominum,
1314 683 1397 738 vel
1425 682 1664 736 inventis
1690 689 1971 751 acceptum
2010 679 2292 735 terendum
2325 687 2428 735 est.
2457 681 2667 751 Quippe
2725 684 2908 737 divina
2947 696 3139 740 natura
3199 701 3392 740 novam
3432 687 3638 739 nullam

368 771 701 841 dignitatem
752 771 1197 827 accessionemve
1249 780 1434 842 potest
1495 773 1832 828 admittere:
1868 771 2000 840 quin
2056 771 2240 840 potius
2282 786 2349 825 ex
2388 787 2454 826 eo
2501 773 2648 842 quod
2701 775 2859 843 plene
2906 777 2960 828 in
3011 793 3134 832 sese
3186 778 3637 845 abundanterque

365 863 634 929 continet,
662 865 918 921 omnibus
959 866 1290 934 suppeditat,
1322 866 1512 922 eodem
1548 867 1599 918 in
1633 872 1779 920 statu
1819 879 2168 933 permanens,
2202 880 2302 919 nec
2333 864 2445 918 ullo
2487 865 2650 919 modo
2706 866 3002 932 diminuta,
3047 883 3111 923 ac
3164 869 3386 924 demum
3446 869 3632 924 nomi-

313 1015 317 1023 τ
365 957 457 1012 nis
481 958 626 1014 illius
657 974 721 1015 ae
754 961 1041 1030 potestatis
1063 968 1118 1016 et
1147 961 1468 1017 substantiae
1492 960 1809 1031 dignitatem
1835 959 1889 1012 in
1921 965 2117 1011 natura
2149 973 2247 1013 sua
2280 959 2681 1028 complectitur.

743 1072 1143 1126 ΚΕΦΑΛΑΙΟΝ
1179 1073 1432 1126 ΑΕΤΙΟΥ
1463 1073 1564 1126 II".

435 1160 500 1212 Εί
530 1158 727 1226 ἔξωθεν
753 1162 1138 1234 ἐπιθεωρεῖται
1161 1164 1238 1234 τῷ
1258 1162 1376 1234 Θεῷ
1403 1165 1714 1234 ἀγέννητον,
1748 1164 1796 1216 oi
1826 1166 1946 1216 ἐπι-

361 1249 738 1321 θεωρήσαντες
799 1252 892 1306 τοῦ
945 1253 1408 1326 ἐπιθεωρηθέντος
1466 1257 1604 1308 εἰσὶν
1664 1254 1942 1325 ἀμείνους,

361 1344 608 1412 κρεῖττον
637 1343 808 1408 ὄνομα
835 1346 934 1415 τῆς
968 1343 1184 1414 φύσεως
1209 1343 1356 1416 αὑτῷ
1386 1343 1764 1415 πορισάμενοι.

923 1521 1244 1591 Ἄνατροπὴ
1262 1525 1373 1578 Il".

445 1612 710 1682 Ἀμείνων
739 1613 912 1677 οὐδεὶς
944 1614 1081 1667 Θεοῦ
1141 1615 1301 1685 (πρὸς
1340 1614 1547 1668 Ἀέτιόν
1579 1631 1668 1685 μοι
1704 1617 1737 1686 ἡ
1775 1613 1938 1678 λέξις,

356 1705 453 1758 τὸν
483 1701 656 1766 οὕτως
696 1705 1127 1775 ὲπινενοηκότα),
1167 1706 1242 1769 ὡς
1284 1705 1395 1776 ἔχει
1445 1707 1478 1777 ἡ
1525 1706 1772 1778 ἀλήθεια,
1814 1706 1940 1768 Πῶς

358 1796 472 1867 γὰρ
517 1795 756 1865 ἀμείνων
798 1796 934 1849 Θεοῦ
968 1796 1053 1867 εἴη
1097 1814 1203 1861 τις,
1237 1797 1344 1850 τῶν
1377 1798 1596 1851 πάντων
1624 1800 1690 1850 ὲκ
1719 1797 1854 1851 Θεοῦ
1885 1799 1945 1852 τὸ
1980 1778 2018 1832 Β

359 1882 503 1940 εἶναι
542 1886 874 1957 εἰληφότων;
917 1888 1102 1940 Αίτίου
1136 1887 1192 1940 δὲ
1236 1887 1388 1949 δντος
1428 1887 1522 1942 τοῦ
1554 1887 1689 1941 Θεοῦ
1718 1888 1828 1942 τῶν
1851 1889 1944 1941 ὑπ’

360 1971 528 2024 αὐτοῦ
546 1973 918 2043 κεκτισμένων
942 1973 1177 2043 λογικῶν
1192 1992 1252 2028 τε
1275 1976 1370 2028 καὶ
1389 1976 1621 2045 ἀλόγων,
1648 1977 1859 2047 ὁρατῶν
1883 1995 1943 2031 τε

361 2066 458 2118 καὶ
489 2065 756 2135 ἀοράτων,
794 2065 1032 2137 ἀμείνων
1061 2065 1224 2130 αὐτός
1253 2068 1368 2120 ἐστι
1398 2067 1548 2140 παρὰ
1577 2069 1807 2132 πάντας,
1841 2069 1944 2123 κάν

360 2171 425 2206 τε
461 2155 510 2206 οἱ
552 2154 760 2221 λογικοὶ
797 2154 1033 2218 διανοίας
1071 2155 1309 2224 γένοιντο
1336 2157 1502 2229 ὀρθῆς
1531 2158 1610 2220 είς
1640 2157 1942 2223 εὐσέϐειαν,

360 2243 457 2297 τοῦ
484 2245 764 2315 γεραίρειν
785 2245 844 2298 τὸ
865 2245 1087 2316 ἄμεινον
1120 2247 1228 2300 ἀπὸ
1264 2246 1482 2317 μέρους,
1515 2248 1649 2318 μηδὲ
1673 2249 1810 2311 ὅλως
1835 2247 1944 2302 τῶν

362 2338 581 2390 πάντων
611 2337 901 2390 ὲπιτοαυτὸ
921 2337 1314 2407 συναχθέντων,
1339 2340 1432 2392 καὶ
1460 2339 1668 2411 μυρίων
1690 2340 1946 2394 ἐπέκεινα

360 2422 810 2493 διανενοημένων,
839 2424 975 2495 πρὸς
997 2423 1163 2495 ὕμνον
1187 2426 1322 2478 Θεοῦ
1352 2427 1756 2481 έπεκτείνεσθαι
1787 2429 1946 2483 δυνα-

362 2514 563 2584 μένων,
588 2514 648 2566 τὸ
663 2515 676 2544 ¹
694 2514 899 2568 τέλειον
917 2517 1013 2586 τῆς
1035 2517 1206 2588 αὐτῆς
1229 2517 1385 2588 δόξης
1406 2520 1463 2571 έν
1483 2520 1696 2583 ἑαυτοῖς
1719 2521 1944 2591 ἐμπερι-

361 2606 530 2676 έχειν,
570 2607 1008 2679 ὑπερϐαινούσης
1046 2607 1134 2661 ἀεὶ
1166 2609 1266 2680 τῆς
1297 2609 1578 2678 ἀμείνονος
1609 2610 1716 2663 τῶν
1747 2611 1946 2663 ὑποϐε-

365 2698 614 2767 ϐηκότων
635 2700 734 2770 τὴν
760 2699 988 2762 ἔννοιαν,
1028 2699 1130 2754 κᾶν
1160 2715 1220 2752 τε
1254 2701 1397 2754 κατά
1426 2700 1654 2772 δύναμιν
1679 2701 1774 2756 καὶ
1805 2702 1946 2773 ὑπὲρ

358 2792 592 2863 δύναμιν
625 2794 760 2865 πρὸς
782 2793 1109 2864 ὑμνολογίαν
1133 2795 1555 2848 ὲπεκτείνωνται
1580 2795 1658 2866 τῷ
1678 2795 1943 2865 ἀμείνονι.

363 2887 523 2938 Ἔστι
558 2885 666 2956 γὰρ
701 2886 762 2938 οὐ
791 2885 934 2957 λόγῳ
966 2886 1229 2956 ἀμείνων,
1261 2885 1398 2939 ἀλλά
1420 2887 1671 2956 δυνάμει,
1703 2887 1798 2940 καὶ
1823 2885 1944 2938 ὀνό-

359 2994 516 3048 ματι,
559 2978 655 3031 καὶ
692 2977 854 3048 λόγῳ.
902 2979 1041 3031 Ἀλλ’
1071 2979 1131 3031 οὐ
1165 2977 1353 3030 διοίσει
1386 2977 1447 3030 τὸ
1483 2977 1810 3049 ἀσύγκριτον
1839 2978 1946 3031 ἀπὸ

2511 1071 2694 1125 ΑΕΤΙΙ
2736 1073 2965 1128 CAPUT
3005 1074 3147 1132 XIII.

2122 1159 2178 1214 Si
2226 1160 2452 1231 ingeniti
2497 1160 2739 1216 conditio
2781 1160 2892 1217 Deo
2943 1163 3290 1217 extrinsecus
3336 1161 3630 1232 afﬁngitur,

2046 1251 2140 1320 qui
2171 1265 2290 1304 eam
2325 1249 2654 1303 aﬂinxerunt
2687 1251 2735 1304 ei
2765 1250 2872 1321 ipsi
2899 1252 2988 1305 cui
3019 1250 3312 1322 aﬂingitur,
3348 1261 3632 1321 praestant,

2047 1357 2170 1396 cum
2221 1339 2572 1410 przestantius
2600 1354 2764 1408 quam
2800 1348 2998 1394 natura
3034 1340 3295 1410 patiatur,
3328 1343 3377 1396 ei
3433 1357 3632 1396 nomen

2048 1431 2368 1486 attribuant.
2674 1477 2689 1488 .

2562 1522 2872 1592 Confutatio
2911 1521 3086 1576 XIII.

2119 1611 2230 1668 Deo
2269 1613 2463 1668 melior
2513 1630 2636 1670 esse
2673 1630 2837 1669 nemo
2879 1623 3057 1683 potest
3091 1612 3181 1682 (ut
3209 1609 3476 1667 adversus
3525 1613 3633 1667 Ae-

2047 1703 2186 1757 tium
2215 1705 2514 1758 commenti
2561 1705 2729 1774 hujus
2762 1713 3044 1758 auctorem
3077 1702 3409 1771 disputem),
3454 1716 3632 1770 neque

2046 1796 2342 1866 quidquam
2389 1811 2455 1851 eo
2507 1796 2616 1851 dici
2667 1803 2846 1866 potest
2899 1794 3106 1849 verius.
3161 1791 3296 1846 Nam
3354 1792 3634 1863 quomodo

2045 1889 2335 1958 quisquam
2366 1885 2478 1943 Deo
2505 1888 2700 1942 melior
2739 1901 2861 1943 esse
2892 1893 3106 1956 potest,
3138 1899 3263 1938 cum
3308 1883 3376 1938 ab
3411 1898 3476 1937 eo
3519 1883 3632 1937 sint

2045 1979 2228 2035 omnia
2261 1979 2568 2048 pro‘duela?
2615 1979 2753 2035 Cum
2795 1979 2961 2050 igitur
3013 1975 3360 2031 conditarum
3392 1989 3420 2028 a
3455 1990 3515 2031 se
3548 1989 3634 2028 re-

2045 2085 2165 2124 rum
2213 2069 2458 2124 omnium
2490 2078 2684 2124 auctor
2718 2069 2791 2124 sit
2825 2067 2968 2124 Deus
3013 2083 3076 2122 ac
3110 2066 3477 2138 principium,
3519 2073 3631 2119 tam

2045 2177 2167 2232 quae
2195 2163 2410 2216 ratione
2433 2161 2674 2232 praedita:
2694 2169 2822 2216 sunt
2841 2175 3005 2231 quam
3030 2173 3153 2228 quae
3174 2158 3388 2213 ratione
3415 2165 3631 2220 carent,

2047 2262 2156 2307 tam
2190 2268 2311 2323 quae
2351 2253 2524 2308 videri
2576 2259 2810 2324 possunt
2856 2265 3018 2322 quam
3065 2265 3188 2320 quae
3223 2257 3503 2318 aspectum
3545 2246 3634 2301 fn-

2045 2345 2221 2415 giunt,
2264 2348 2492 2400 necesse
2533 2353 2617 2399 est
2647 2342 2904 2400 omnibus
2935 2348 2994 2395 ut
3026 2340 3097 2395 sit
3129 2341 3220 2396 ille
3252 2337 3630 2410 praestantior,

2052 2432 2403 2502 quantumvis
2426 2445 2494 2488 ex
2520 2435 2683 2490 rebus
2716 2433 2921 2488 creatis
2955 2446 3077 2502 quae
3136 2431 3351 2485 ratione
3389 2427 3632 2500 praeditas

2046 2537 2195 2593 Sunt,
2236 2537 2444 2584 rectum
2477 2528 2544 2584 ad
2578 2528 2836 2599 pietatem
2897 2525 3138 2579 animum
3174 2522 3538 2586 obtinuerint,
3570 2526 3633 2575 ut

2043 2635 2111 2676 ex
2145 2621 2327 2691 aliqua
2372 2628 2526 2692 parte
2555 2619 2909 2675 excellentius
2943 2615 3079 2671 illud
3105 2616 3283 2671 colere
3339 2628 3404 2668 ac
3433 2611 3632 2684 praedi-

2045 2727 2174 2767 care
2207 2712 2442 2782 possint.
2478 2711 2692 2766 Etenim
2727 2710 2774 2767 si
2809 2709 2865 2764 in
2893 2723 3063 2763 unum
3116 2708 3296 2762 locum
3330 2704 3626 2761 conferan-

2054 2813 2145 2857 tur
2173 2818 2387 2869 omnes,
2422 2810 2476 2858 et
2505 2803 2719 2856 intinito
2753 2802 2939 2872 plures
2972 2799 3324 2871 adjiciantur,
3362 2805 3526 2868 atque
3560 2795 3631 2849 ad

2047 2893 2464 2950 collaudandum
2504 2893 2673 2949 Deum
2705 2893 2850 2949 vires
2899 2907 3030 2948 suas
3077 2907 3270 2947 omnes
3321 2889 3632 2956 intendant,

2047 3001 2329 3056 nunquam
2360 2985 2664 3056 perfectum
2705 2985 2853 3040 illius
2904 2982 3250 3055 splendorem
3291 2996 3356 3036 ac
3401 2982 3632 3052 gloriam

357 3071 456 3125 τοῦ
499 3072 830 3142 ἀσυγκρίτου
861 3071 894 3142 ἢ
929 3074 949 3102 ²
979 3071 1070 3123 τοῦ
1105 3071 1386 3141 ἀμείνονος
1421 3069 1572 3141 παρὰ
1601 3071 1710 3124 τῶν
1745 3069 1941 3123 ὑποϐε-

2058 3077 2104 3130 in
2135 3076 2336 3145 seipsis
2368 3075 2660 3146 concipere
2688 3081 2970 3145 poterunt,
2998 3089 3063 3129 eo
3099 3072 3246 3145 quod
3281 3071 3634 3144 praestantior

359 3162 610 3231 ϐηκότων
634 3161 930 3229 δοξολογία.
965 3157 1087 3215 Οἵδε
1113 3161 1223 3231 γάρ
1249 3161 1305 3212 έν
1332 3160 1505 3228 Πατρὶ
1534 3159 1593 3212 τὸ
1615 3160 1835 3229 ἄμεινον
1857 3159 1943 3213 διὰ

356 3251 456 3305 τοῦ
487 3253 806 3321 ἀγεννήτου,
843 3253 936 3305 καὶ
973 3252 1033 3305 τὸ
1063 3251 1284 3322 ἄμεινον
1317 3249 1378 3314 ἐξ
1410 3247 1573 3302 αὐτοῦ
1605 3248 1941 3318 γεγεννημέ-

357 3360 472 3398 νον.
501 3343 700 3412 Διόπερ
722 3341 1005 3413 ὁμοούσιον
1029 3341 1281 3410 ὁμολογεῖ
1311 3341 1345 3410 ἡ
1378 3340 1442 3391 ὲκ
1467 3338 1601 3391 Θεοῦ
1633 3338 1942 3413 ἀνθρώποις

357 3435 497 3506 ὀρθὴ
546 3434 914 3506 κεχαρισμένη
956 3433 1154 3487 ἐννοιαο
1195 3432 1283 3485 ἵνα
1323 3429 1420 3501 μὴ,
1463 3429 1524 3482 τὸ
1570 3430 1944 3501 ἀνομοιούσιον

358 3527 698 3596 ὲπινοήσασα
736 3525 865 3579 Υἱοῦ
901 3525 1036 3594 πρὸς
1077 3524 1319 3594 Πατέρα,
1359 3525 1620 3593 διαίρεσιν
1653 3524 1946 3593 ποιήσηται

358 3624 463 3692 τῆς
492 3621 774 3690 ἀμείνονος
802 3619 896 3671 καὶ
921 3617 1261 3688 ἀκραιφνοῦς
1292 3617 1627 3688 τελειότητος
1657 3616 1722 3668 δι’
1749 3610 1809 3669 οῦ
1836 3608 1946 3668 οἶδε

358 3715 590 3781 γεῩεννη
600 3711 761 3782 μένου
790 3711 848 3764 ἐν
870 3709 1098 3781 ἀληθείᾳ
1121 3708 1226 3761 ὑπὸ
1248 3707 1342 3761 τοῦ
1367 3707 1757 3778 γεγεννηκότος
1776 3706 1946 3774 ἀσυγ-

361 3802 566 3873 κρίτως
598 3800 777 3862 πάσας
810 3798 1018 3862 ἐννοίας
1051 3788 1472 3870 ὗπερϐαίνοντος
1497 3797 1584 3851 διὰ
1613 3797 1674 3850 τὸ
1696 3796 1942 3867 ἄμεινον.

2050 3169 2140 3222 illa
2173 3177 2367 3222 natura
2395 3167 2716 3223 inferiorum
2740 3209 2755 3233 ,
2789 3182 2854 3222 ac
2882 3167 2986 3222 sibi
3022 3165 3394 3235 subjectarum
3423 3165 3634 3233 cogita-

2050 3259 2255 3314 tionem
2286 3272 2506 3312 omnem
2538 3263 2781 3328 superat,
2814 3257 2944 3312 licet
2981 3271 3080 3326 pro
3116 3256 3349 3320 viribus,
3384 3254 3494 3309 imo
3530 3269 3632 3309 su-

2051 3365 2148 3420 pra
2171 3349 2339 3413 vires,
2360 3348 2613 3403 laudibus
2641 3347 3041 3417 praeeoniisque
3069 3346 3186 3402 suis
3208 3360 3333 3399 cum
3365 3354 3630 3414 praestan-

2052 3440 2193 3513 tiore
2240 3438 2528 3507 adaequare
2565 3453 2627 3493 se
2679 3446 2968 3493 conentur.
3013 3438 3109 3492 Est
3157 3437 3303 3491 enim
3356 3448 3464 3488 non
3515 3433 3634 3489 solo

2052 3543 2324 3592 sermone,
2376 3528 2471 3584 sed
2518 3535 2805 3598 potestate,
2838 3543 2974 3582 voce
3021 3543 3085 3581 ac
3115 3529 3330 3581 ratione
3359 3533 3630 3596 praestan-

2052 3621 2179 3674 tior.
2205 3618 2378 3674 Porro
2409 3618 2839 3688 incomparabile
2872 3635 3038 3673 unum
3065 3620 3132 3673 ab
3158 3619 3331 3673 altero
3351 3631 3632 3687 nunquam

2053 3705 2454 3762 excellentioris
2507 3706 2577 3760 ab
2615 3705 2968 3763 inferioribus
3008 3713 3266 3777 suscepta
3320 3704 3636 3776 praedicatio

2052 3796 2348 3866 separabit.
2398 3794 2561 3851 Novit
2608 3797 2753 3851 enim
2789 3797 2843 3852 in
2873 3796 3417 3871 Patreipraestantius
3453 3794 3636 3849 inesse

363 3894 628 3964 quiddam
657 3931 672 3957 ,
706 3898 976 3962 quatenus
1028 3898 1113 3947 est
1159 3891 1460 3961 ingenitus,
1521 3903 1586 3943 ac
1649 3888 2001 3957 praestantius
2034 3887 2223 3945 itidem
2275 3903 2402 3943 esse
2449 3888 2554 3943 hoc
2592 3887 2737 3958 quod
2789 3888 2858 3942 ab
2905 3903 2971 3944 eo
3019 3889 3261 3959 genitum
3307 3895 3414 3942 est.
3471 3883 3635 3956 953

363 3988 734 4055 Quamobrem
759 4000 889 4040 vera
948 3997 1012 4038 ac
1042 3984 1300 4046 sincera,
1344 3996 1507 4052 quam
1541 3979 1685 4034 Deus
1736 3979 2050 4035 hominibus
2107 3979 2445 4050 impertitur,
2516 3979 2876 4050 intelligentia
2937 3979 3462 4036 consubstantialem
3511 3992 3634 4032 esse

362 4081 512 4136 Patri
566 4079 769 4134 Filium
818 4075 1126 4146 proﬁtetur,
1168 4073 1338 4135 ne'ni
1380 4072 1666 4128 dissimilis
1699 4072 1823 4128 illos
1883 4072 2141 4127 essentiaa
2194 4071 2522 4135 constituat,
2575 4071 2952 4126 excellentiori
3004 4072 3080 4125 illi
3127 4084 3190 4125 ac
3243 4069 3629 4125 sincerissimae

363 4170 688 4246 perfectioni
743 4170 1032 4226 divisionis
1076 4163 1285 4237 aliquid
1335 4164 1598 4228 inducat,
1661 4177 1786 4217 cum
1851 4161 1940 4216 ille
1976 4162 2119 4232 ipse,
2159 4161 2319 4230 cujus
2384 4161 2488 4216 ista
2557 4159 2818 4216 beneficio
2859 4160 3125 4230 percipit,
3173 4175 3203 4214 a
3251 4161 3497 4231 genitore
3543 4170 3631 4210 re-

362 4283 495 4323 vera
551 4266 624 4322 sit
671 4265 922 4336 genitus,
968 4273 1022 4320 et
1069 4262 1487 4335 intelligentiam
1534 4271 1793 4321 omnem,
1874 4269 1986 4325 prae
2051 4253 2372 4310 excellentia
2441 4267 2582 4320 sua,
2645 4253 2765 4309 sine
2820 4255 2930 4308 ulla
2991 4253 3403 4323 comparatione
3450 4255 3636 4302 trans-

361 4363 585 4420 cendat.

756 4477 1152 4534 ΚΕΦΔΛΑΙΟΝ
1184 4474 1437 4528 ΑΕΤΙΟΥ
1465 4474 1565 4526 1Δ’.

439 4577 501 4629 Εἰ
528 4573 606 4645 μὴ
647 4573 783 4626 εἴκει
809 4574 842 4642 ἡ
866 4572 1160 4641 ἀγέννητος
1189 4567 1351 4638 φύσις
1374 4565 1606 4634 γενέσει,
1629 4561 1771 4616 τοῦτ’
1800 4559 1946 4612 ἔστιν

362 4667 395 4721 ὃ
422 4667 658 4735 λέγεται.
693 4665 758 4718 Εἰ
781 4663 835 4716 δὲ
854 4662 995 4715 εἴκει
1018 4660 1251 4729 γενέσει,
1285 4657 1353 4711 τά
1385 4656 1483 4726 τῆς
1511 4654 1775 4726 γενέσεως
1799 4649 1946 4720 πάθη

364 4761 466 4831 τῆς
496 4757 847 4818 ὑποστάσεως
875 4753 969 4806 τοῦ
994 4751 1128 4806 Θεοῦ
1161 4748 1245 4822 εἴη
1274 4749 1497 4819 ἄμεινον
1527 4748 1578 4804 ⁸.

930 4947 1259 5017 Ἀνατροπὴ
1297 4945 1404 5000 ΙΔ’.

443 5049 522 5104 A'.
560 5047 715 5120 Πάθη
769 5045 905 5107 ὅλως
949 5046 1005 5096 ὲν
1056 5039 1176 5110 Θεῷ
1221 5037 1524 5110 διηγεῖσθαι
1568 5032 1947 5088 ἀσεϐέστατον.

367 5144 514 5196 Είσω
534 5140 643 5211 γὰρ
669 5137 857 5193 παθῶν
879 5136 986 5189 οὐδ’
1011 5136 1146 5197 ὅλως
1171 5131 1482 5201 περιέχεται
1505 5127 1563 5180 τὸ
1583 5126 1755 5179 Θεῖον.
1796 5124 1953 5176 Ἀνω-

366 5235 514 5289 τάτω
543 5234 598 5287 δὲ
629 5232 687 5286 ὃν
721 5233 744 5262 ⁴
771 5229 882 5284 τῶν
905 5226 1184 5288 τοιούτων,
1222 5223 1330 5278 τῶν
1358 5224 1417 5274 ὲν
1445 5223 1576 5291 ἡμῖν
1603 5221 1682 5281 είς
1709 5233 1953 5288 μεριστι-

369 5325 472 5389 κάς
529 5324 738 5386 ἐννοίας
785 5319 1218 5382 ὑποπιπτόντων,
1274 5313 1414 5367 κατά
1468 5313 1646 5365 πάντα
1682 5309 1886 5380 τρόπον
1918 5309 1948 5360 ὀ

383 5417 587 5471 Ἀετίου
613 5414 771 5483 λόγος
793 5411 1258 5482 ἀνατραπήσεται.
1291 5408 1474 5460 Πάντα
1500 5405 1609 5475 γάρ
1637 5403 1707 5456 τὰ
1736 5405 1794 5454 ὲν
1817 5402 1948 5471 ἡμῖν

371 5508 690 5576 παθητικῶς
711 5503 1094 5576 συμϐαίνοντα,
1122 5503 1178 5552 ὲν
1200 5498 1317 5569 Θεῴ
1337 5496 1564 5559 ἀπαθῶς
1595 5494 1945 5562 συνέστηκεν.

382 5601 473 5656 Ἐν
504 5602 632 5672 ἡμῖν
662 5599 770 5669 γὰρ
808 5597 947 5650 κατά
977 5613 1030 5648 τι
1079 5593 1243 5665 μέρος
1279 5591 1340 5644 τὸ
1385 5589 1557 5643 θέλειν
1595 5588 1710 5642 ἐστὶ
1743 5585 1944 5648 πάθος·

497 5759 560 5817 F.
589 5760 722 5830 πρὸς
755 5759 834 5812 τό.
911 5761 930 5790 ’
970 5757 1176 5826 Corvi).
1254 5755 1272 5786 ³
1310 5751 1369 5807 F.
1397 5751 1622 5822 ἀμείνω.
1698 5752 1718 5781 ’⁸
1751 5745 1813 5801 F.
1841 5745 2012 5810 ὄντος.

1984 4477 2032 4533 D

2533 4453 2714 4508 AETII
2748 4452 2980 4510 CAPUT
3013 4452 3151 4507 XIV.

2126 4549 2184 4606 Si
2223 4546 2462 4620 ingenita
2514 4554 2714 4601 natura
2782 4544 3119 4615 generationi
3180 4544 3405 4600 minime
3449 4545 3634 4610 cedat,

2056 4643 2320 4697 habemus
2368 4638 2514 4709 quod
2578 4639 2854 4693 volumus.
2915 4637 3010 4690 Sin
3059 4636 3396 4707 generalioni
3453 4636 3638 4703 cedat,

2056 4733 2426 4806 generationis
2473 4729 2792 4785 affectiones
2817 4729 3002 4784 divina
3033 4728 3340 4785 substantia
3370 4736 3636 4800 praistan-

2058 4828 2228 4882 tiores
2250 4832 2434 4881 erunt.

2595 4934 2904 5005 Confutatio
2955 4933 3040 4988 XI
3055 4934 3115 4987 V.

2130 5031 2171 5087 I.
2204 5030 2339 5088 Esse
2372 5030 2582 5101 aliquas
2618 5029 2670 5082 in
2720 5026 2829 5082 Deo
2856 5026 3172 5086 affectiones
3219 5024 3424 5088 dicere,
3466 5023 3642 5080 sacri-

2058 5121 2239 5194 legum
2269 5129 2354 5187 est
2376 5131 2429 5176 et
2458 5120 2706 5189 impium.
2733 5118 2984 5172 Divinum
3009 5118 3212 5188 quippe
3250 5133 3450 5172 numen
3481 5117 3644 5172 nullis

2059 5225 2144 5271 est
2189 5213 2568 5271 aﬂ’ectionibus
2612 5211 2932 5273 obnoxium,
2976 5217 3030 5266 et
3076 5209 3163 5264 his
3192 5209 3448 5265 omnibus
3481 5223 3646 5276 supe.

2055 5310 2172 5364 rius
2217 5317 2324 5371 est,
2366 5322 2488 5378 qua:
2535 5303 2799 5375 peculiari
2847 5304 3162 5374 cognitione
3212 5318 3277 5356 ac
3315 5301 3646 5372 cogitatione

2057 5399 2590 5471 comprehendimus.
2621 5399 2803 5461 Quare
2828 5395 2975 5463 quod
3004 5395 3073 5448 ab
3109 5394 3263 5447 Aetio
3305 5388 3643 5460 propositum

1995 5511 1998 5514 '
2056 5503 2160 5559 est,
2205 5491 2454 5546 funditus
2493 5494 2789 5544 evertetur.
2856 5485 2990 5540 Nam
3027 5499 3148 5554 quae
3192 5482 3351 5536 nobis
3389 5493 3513 5532 cum
3563 5476 3644 5531 tif-

2059 5583 2294 5640 fectione
2331 5583 2513 5653 aliqua
2544 5579 2890 5649 contingunt,
2925 5577 3035 5633 Deo
3069 5577 3189 5632 sine
3212 5574 3321 5629 ulla
3355 5568 3642 5626 aﬂcctione
