3964 6476
403 391 508 450 5ἳ9

1797 361 1858 418 S.
1896 353 2238 413 EPlPllANll

3543 353 3639 414 589

399 512 755 572 conveniunt.
792 510 1069 581 Siquidem
1095 509 1152 565 in
1191 506 1346 564 nobis
1377 504 1511 559 velle
1547 503 1748 573 ipsum,
1779 495 1976 568 partim

2104 485 2146 537 to
2169 488 2230 540 τὸ
2257 486 2429 540 θέλειν
2462 483 2703 540 εὐσεϐεῖν
2740 483 2902 553 λέγω,
2934 481 3069 538 ἀλλά
3106 480 3169 535 τὸ
3189 465 3372 536 θέλειν
3399 497 3452 535 τι
3477 480 3638 549 πράτ.

405 607 622 662 εσΐθοιίο
677 574 923 674 quaedam
969 610 1076 667 est,
1127 615 1272 662 non,
1333 595 1565 665 exempli
1613 606 1802 654 causa,
1831 589 1978 645 'velle

2104 598 2217 642 τειν,
2250 580 2385 650 ὅπερ
2411 581 2558 631 ἐστὶν
2581 577 2722 649 ὑπὲρ
2755 577 2936 645 φύσιν,
2969 575 3058 629 διὰ
3083 575 3144 628 τὸ
3171 574 3520 646 μὴδύνασθαι
3543 577 3644 629 ἐπι-

407 699 558 769 pinm
603 663 746 761 esse,
794 696 954 762 dico;
987 663 1083 750 sed
1116 691 1315 762 aliquid
1340 663 1610 760 ejusmodi
1639 685 1775 740 velle
1798 681 1977 736 facere

2104 671 2255 726 τελεῖν
2287 671 2347 724 τὸ
2387 670 2624 740 καθῆκον
2666 668 2760 721 τοῦ
2802 668 3103 738 θελήματος
3125 685 3137 697 ·
3175 663 3285 720 οἷον
3321 668 3399 729 ὡς
3430 667 3522 719 ἐπὶ
3559 668 3643 720 dv-

407 789 554 859 quod
609 796 820 844 naturae
878 796 1095 856 captum
1151 789 1396 854 superat,
1435 794 1498 835 eo
1527 775 1670 848 quod
1716 772 1980 830 voluntati

407 881 635 951 obsequi
669 881 894 936 minime
923 879 1220 948 possimus,
1258 876 1403 929 velut
1433 874 1488 926 in
1519 871 1738 926 homine
1775 867 1979 929 volare,

411 980 504 1026 aut
540 973 595 1026 in
634 985 815 1026 aerem
860 971 1010 1046 ferri,
1063 974 1156 1020 ant
1183 963 1436 1035 profundi
1484 975 1652 1016 venas
1708 955 1980 1025 indagare,

410 1071 571 1117 teme
621 1060 846 1116 fundum
893 1043 1228 1126 investigare
1266 1062 1319 1108 et
1372 1053 1425 1108 id
1459 1065 1631 1123 genus
1654 1048 1780 1101 alia.
1809 1043 1983 1110 Quid-

411 1153 543 1222 quid
575 1161 753 1208 autem
789 1166 912 1207 cum
946 1151 1125 1220 aliqua
1173 1132 1458 1201 aﬂ‘cctione
1499 1150 1710 1197 naturae
1740 1152 1872 1192 mae
1909 1135 1988 1187 in-

412 1247 578 1300 situm
611 1253 714 1309 est,
745 1243 876 1298 illud
908 1256 1069 1296 omne
1085 1239 1221 1293 citra
1249 1237 1554 1307 passionem
1585 1234 1730 1286 inest
1771 1231 1824 1284 in
1849 1228 1982 1284 Deo.

416 1334 556 1390 llinc
615 1343 699 1391 est
748 1331 889 1406 quod
924 1344 1260 1402 quaecunque
1315 1327 1432 1380 vult
1479 1323 1742 1395 perlicere
1779 1324 1984 1390 potest,

413 1427 669 1497 quoniam
701 1432 896 1479 natura
923 1423 1042 1492 ejus
1069 1419 1331 1476 voluntati
1357 1433 1490 1499 ‘non
1525 1415 1858 1474 reluctatur;
1887 1422 1987 1462 no-

413 1529 526 1573 stra
556 1531 688 1572 vero
716 1517 769 1569 in
804 1514 965 1568 nobis
993 1511 1127 1583 ipsis
1153 1515 1442 1580 repugnat,
1469 1504 1684 1576 quoties
1706 1503 1988 1556 voluntate

414 1609 482 1663 ad
533 1608 586 1662 id
650 1605 1007 1668 intendimur,
1043 1602 1187 1673 quod
1222 1600 1338 1656 ﬁeri
1377 1597 1601 1652 omnino
1636 1609 1746 1649 non
1789 1595 1984 1660 potest.

412 1695 614 1753 Verum
649 1695 795 1766 quod
841 1693 1009 1749 Deum
1044 1691 1286 1745 diximus
1309 1702 1430 1758 quae
1451 1685 1580 1741 velit
1610 1682 1788 1740 omnia
1824 1677 1986 1750 perli-

2087 763 2289 834 θρὼπῳ
2314 763 2492 832 λέγειν
2533 762 2596 814 τὺ
2628 761 2849 830 πτῆναι,
2879 760 2939 813 τὸ
2971 761 3050 822 εἰς
3093 760 3232 830 ἀέρα
3276 757 3560 827 φέρεσθαιζ
3593 771 3646 813 το

2087 858 2186 920 τὰς
2219 855 2419 925 φλέϐας
2459 853 2553 908 τοῦ
2590 853 2751 924 βυθοῦ
2801 853 3167 923 κατανοῆσαι,
3215 850 3276 905 τὸ
3325 849 3524 904 εἰδέναι
3555 868 3647 903 πυ-

2090 933 2254 1021 θμίας
2282 951 2405 1020 γῆς,
2435 951 2530 1004 καὶ
2557 947 2628 1003 τὰ
2669 947 2878 1011 τούτοις
2911 949 3092 1018 ὅμοια.
3137 947 3299 1000 Ὅσον
3323 945 3380 1000 δέ
3412 948 3556 1000 ἐστιν
3595 947 3648 998 ιν

2089 1042 2214 1113 ἐμοὶ
2255 1041 2572 1112 παθητικῶς
2615 1041 2993 1112 συνεχόμενον,
3039 1037 3292 1093 τοσοῦτον
3337 1039 3396 1090 έν
3439 1036 3515 1106 τῷ
3541 1034 3648 1106 Θεῷ

2091 1135 2315 1198 ἀπαθῶς
2349 1136 2493 1188 ἐστιν
2521 1135 2781 1206 ὑπάρχον,
2821 1133 2920 1186 Διὰ
2947 1132 3104 1186 τοῦτο
3140 1132 3315 1185 πάντα
3341 1132 3443 1184 ὅσα
3477 1130 3648 1200 βούλε-

2090 1243 2200 1289 ται,
2229 1224 2488 1280 δύνασθαι
2523 1228 2539 1257 ¹
2581 1225 2860 1296 πράττειν,
2891 1225 2992 1295 τῆς
3035 1225 3250 1292 φύσεως
3287 1221 3436 1292 αὑτῷ
3465 1221 3535 1292 μὴ
3562 1223 3650 1275 ἀν-

2091 1315 2492 1387 τιπραττούσης
2523 1315 2658 1387 πρὸς
2688 1315 2751 1368 τὸ
2795 1315 3061 1386 βούλημα,
3093 1315 3190 1385 τῆς
3221 1315 3279 1368 δὲ
3313 1313 3582 1386 ἡμετέρας
3600 1316 3650 1367 ὲν

2091 1408 2223 1477 ἡμῖν
2242 1398 2708 1478 ἀντιπραττούσης
2733 1407 2868 1478 πρὸς
2885 1409 2952 1460 τὰ
2979 1406 3139 1476 βουλή
3149 1423 3312 1477 ματα,
3327 1408 3429 1460 ὅσα
3450 1405 3577 1475 πρὸς
3599 1405 3650 1459 τδ

2092 1495 2350 1549 ἀδύνατον
2367 1496 2769 1549 ἐπεκτεινεσθαε
2781 1497 2930 1550 ἐστιν
2946 1498 3002 1550 ὲν
3018 1499 3167 1569 ἡμῖν.
3183 1497 3292 1551 Καὶ
3301 1496 3407 1550 οὐδ’
3424 1498 3504 1550 ὅτι
3520 1496 3654 1550 εἵπο-

2096 1603 2197 1656 μεν
2218 1586 2308 1639 τὸν
2334 1585 2465 1640 Θεὸν
2489 1586 2750 1656 πράττειν
2775 1587 2804 1640 ὃ
2830 1586 3097 1657 βούλεται,
3125 1587 3344 1650 πάντως
3369 1585 3536 1652 λέξειέ
3557 1603 3649 1650 τις,

2093 1678 2174 1732 ὅτι
2203 1677 2436 1747 Πράττει
2457 1673 2549 1732 οὗν
2572 1676 2642 1732 τὰ
2670 1678 2745 1749 μὴ
2767 1680 3065 1750 πρέποντα·
3089 1679 3150 1732 οὑ
3181 1679 3421 1741 πάντως.
3459 1678 3653 1732 Ἐκεῖνα

414 1803 690 1853 cere,non
714 1793 798 1842 est
827 1785 972 1856 quod
996 1783 1199 1853 aliquis
1216 1780 1438 1849 olijiciat
1463 1777 1643 1832 facere
1659 1773 1808 1825 illum
1825 1769 1986 1823 etiam

2104 1768 2205 1840 γὰρ
2235 1768 2505 1840 βούλεται,
2547 1769 2583 1824 ἃ
2613 1771 2708 1824 καὶ
2749 1770 3000 1841 πράττει,
3048 1771 3327 1838 ἀναλόγως
3364 1769 3464 1841 τῆς
3503 1767 3651 1824 αὑτοῦ

416 1832 690 1853 νωνμη..
715 1832 798 1842 ν--
828 1832 972 1856 τ---
997 1832 1196 1853 ---τη

413 1899 536 1953 qua:
581 1881 764 1936 minus
829 1878 1074 1933 deceant.
1117 1873 1472 1943 Nequaquam
1528 1880 1686 1932 vero;
1727 1876 1857 1953 nam
1900 1858 1993 1953 illa

2104 1832 2274 1926 άξίας,
2300 1860 2423 1916 οὕτε
2453 1832 2548 1915 τοῦ
2591 1861 2752 1932 βουλή
2763 1832 2932 1932 μίατος
2959 1832 3578 1933 ἀντιπράττοντοςτπρὸς
3600 1860 3653 1914 rb

413 1948 552 2034 vult.
583 1985 704 2040 quae
753 1983 813 2024 re
857 1968 975 2035 ipsa
1020 1963 1171 2026 facit,
1201 1961 1415 2016 ratione
1445 1971 1558 2015 suae
1589 1949 1870 2025 dignitatis
1900 1948 1996 2001 ha-

417 2061 553 2118 liita.
585 2058 722 2112 adeo
753 2064 810 2111 ut
863 2068 1040 2123 neque
1087 2048 1345 2122 potestati
1371 2048 1645 2106 voluntas,
1680 2053 1856 2111 neque
1895 2053 1993 2092 vo-

416 2144 614 2200 luntati
646 2143 718 2198 sit
757 2139 1033 2196 contraria
1070 2144 1316 2209 potestas
1349 2152 1361 2188 :
1389 2151 1497 2190 non
1523 2131 1668 2204 quod
1700 2132 1878 2188 facere
1908 2144 1996 2186 ne-

414 2245 602 2308 queat,
638 2233 732 2290 sed
770 2231 914 2302 quod
952 2245 1063 2286 non
1103 2229 1290 2283 libeat.

490 2323 554 2378 ll.
587 2323 878 2388 Praeterea,
921 2329 1210 2392 postquam
1245 2317 1386 2402 talis.
1413 2325 1498 2373 est
1545 2313 1892 2368 an‘ectionum
1940 2311 1994 2366 in

416 2411 529 2471 Deo
558 2416 858 2470 constituta
901 2411 1174 2474 vacuitas,
1214 2423 1339 2463 cum
1385 2407 1439 2461 in
1471 2405 1630 2461 nobis
1676 2403 1998 2473 ueterisque

415 2506 616 2561 creatis
647 2505 810 2560 rebus
848 2501 1038 2557 eadem
1081 2501 1173 2556 illa
1199 2514 1323 2556 cum
1364 2496 1742 2554 ail'ectionibus
1773 2493 1999 2563 conjun-

415 2609 504 2652 cta
528 2598 657 2660 sint,
692 2591 858 2668 956.
886 2593 929 2648 si
964 2591 1033 2648 ad
1061 2593 1212 2646 illum
1254 2589 1474 2644 modum
1505 2586 1784 2658 quidpiam
1816 2585 1999 2640 animo

417 2686 784 2756 concipiatur,
821 2683 925 2736 alia
951 2697 1148 2737 rursus
1170 2679 1385 2734 affectio
1407 2693 1470 2732 ex
1503 2675 1582 2732 rei
1608 2674 1837 2730 veritate
1865 2688 2000 2728 con-

420 2777 623 2834 ﬁtenda
646 2776 832 2840 fuerit,
865 2781 920 2828 ct
952 2781 1077 2842 post
1112 2772 1254 2824 lianc
1301 2769 1472 2839 ipsam
1503 2767 1699 2827 altera,
1732 2765 2004 2834 tertiaque

419 2867 695 2925 similiter.
729 2864 842 2920 Nos
893 2863 1115 2936 quidem
1159 2875 1270 2916 non
1309 2860 1430 2914 sine
1460 2854 1744 2912 aﬂ‘ectione
1771 2866 1999 2924 genera-

419 2971 547 3013 mus
601 2965 697 3013 aut
741 2956 1035 3028 gignimur,
1071 2959 1360 3025 propterea
1399 2948 1545 3020 quod
1585 2953 1780 3003 natura
1809 2951 2001 3000 nostra

2100 1951 2174 2022 μὴ
2198 1951 2476 2016 δύνασθαι,
2501 1951 2624 2006 οὔτε
2651 1952 2742 2006 τοῦ
2771 1951 3028 2006 δύνασθαι
3048 1952 3330 2006 άντιθέτου
3358 1952 3507 2016 ὄντος
3530 1951 3653 2022 πρὸς
3697 1974 3706 2000 l

2095 2040 2156 2094 τὸ
2191 2040 2494 2110 βούλεσθαι,
2525 2043 2586 2096 οὐ
2615 2042 2704 2097 διὰ
2729 2043 2789 2098 τὸ
2819 2043 2894 2114 μὴ
2921 2042 3200 2109 δύνασθαι,
3229 2041 3367 2097 ἀλλὰ
3390 2042 3478 2096 διὰ
3502 2041 3559 2096 τὸ
3588 2039 3680 2111 μὴ-

2098 2132 2404 2203 βούλεσθαι.
3129 2166 3140 2176 -

2169 2315 2242 2369 B'.
2280 2315 2389 2369 Καὶ
2408 2315 2602 2380 ἄλλωςο
2626 2315 2772 2370 Μετὰ
2798 2315 2900 2386 τὴν
2918 2317 3172 2390 τοιαύτην
3191 2316 3459 2372 ἀπάθειαν
3479 2317 3533 2371 ὲν
3551 2313 3657 2388 Θεῷ

2097 2405 2470 2476 ὑπάρχουσαν,
2495 2408 2553 2460 ὲν
2576 2407 2706 2476 ἡμῖν
2730 2407 2787 2459 δὲ
2815 2408 2912 2462 καὶ
2933 2408 3111 2472 ἄλλοις
3135 2408 3402 2478 κτίσμασι
3427 2407 3653 2477 παθητὴν

2097 2491 2285 2559 οὖσαν,
2327 2495 2423 2548 ἐὰν
2464 2495 2646 2566 συμϐῇ
2675 2494 2848 2559 οὑτως
2889 2495 3235 2558 διανοεῖσθαι,
3289 2496 3450 2552 πάλιν
3489 2496 3656 2567 ἕτερον

2099 2585 2272 2649 πάθος
2300 2585 2442 2640 κατὰ
2480 2587 2579 2658 τὴν
2619 2587 2876 2658 ἀλήθειάν
2927 2590 3076 2646 ἐςτιν
3113 2591 3498 2660 ὁμολογητέον·
3535 2588 3658 2658 μετὰ

2099 2677 2157 2731 δὲ
2194 2676 2256 2731 τὸ
2297 2676 2548 2748 δεύτερον
2580 2678 2676 2732 καὶ
2717 2678 2897 2750 τριτον
2942 2679 3054 2733 ἐστὶ
3092 2681 3464 2752 διανοηθῆναι.
3507 2679 3657 2736 Πάθει

2100 2769 2400 2839 γεννῶμεν,
2436 2769 2531 2822 καὶ
2579 2769 2919 2840 γεννώμεθα,
2969 2771 3067 2842 τῆς
3119 2772 3397 2845 ἡμετέρας
3441 2771 3655 2842 φύσεως,

2103 2857 2197 2912 καὶ
2224 2857 2323 2929 τῆς
2348 2859 2458 2912 τῶν
2498 2858 2674 2913 ἄλλων
2714 2861 2822 2914 τῶν
2852 2862 3206 2931 γεννωμένων
3245 2862 3344 2917 καὶ
3371 2861 3658 2930 γεννώντων

2101 2949 2274 3019 τομὴν
2317 2948 2742 3020 ὑποδεχομένης,
2778 2951 2874 3004 καὶ
2921 2950 3076 3022 ῥύσιν
3120 2951 3446 3024 ἐπεχούσης,
3479 2950 3660 3006 πλατυ-

421 3057 856 3120 aeternumque
910 3061 1116 3110 rerum,
1172 3059 1295 3114 quae
1346 3042 1595 3116 gignunt,
1643 3045 1738 3093 aut
1779 3038 1848 3093 ab
1877 3037 1999 3092 aliis

2105 3039 2241 3110 σμόν
2268 3056 2328 3092 τε
2361 3040 2456 3092 καὶ
2499 3040 2778 3111 συστολὴν.
2809 3041 2972 3111 ὄγκον
2997 3059 3056 3096 τε
3089 3043 3184 3097 καὶ
3222 3043 3470 3114 μείωσιν,
3495 3038 3659 3096 καὶτὰ

423 3142 740 3212 gignuntur,
768 3138 1115 3211 partitionem
1147 3134 1406 3198 admittit,
1439 3147 1502 3187 ac
1530 3129 1808 3203 proﬂuens
1838 3135 1924 3184 est
1945 3135 1999 3184 ct

2108 3131 2244 3186 ἄλλα
2275 3132 2476 3196 πάντα,
2507 3133 2717 3206 ὅσαπερ
2745 3133 2906 3187 πάθει
2947 3138 3226 3206 συνέχεται
3260 3136 3352 3191 διὰ
3370 3137 3466 3206 τὴν
3495 3132 3656 3189 τοιαύ-

423 3233 736 3297 cnllatatur,
786 3238 881 3286 aut
938 3227 1296 3294 contrahitur,
1316 3233 1370 3281 et
1410 3224 1570 3280 molis
1601 3223 1996 3278 incrementum

2104 3241 2203 3296 την
2231 3225 2430 3280 αἰτίαν.
2474 3226 2562 3279 Ἐν
2593 3225 2712 3296 Θεῴ
2744 3225 2802 3282 δὲ
2839 3226 2992 3281 οὐδὲν
3016 3227 3222 3284 τούτων
3251 3228 3315 3281 ἐν
3343 3227 3419 3298 τῷ
3441 3227 3527 3281 τὸν
3547 3223 3658 3278 Υἰδν

423 3325 510 3382 vel
535 3324 952 3378 diminutionem
988 3321 1215 3392 patitur,
1245 3333 1309 3372 ac
1336 3323 1531 3372 caetera
1569 3314 1624 3370 id
1659 3329 1850 3385 genus,
1882 3327 2003 3383 quae

421 3435 549 3476 cum
578 3416 862 3472 affectione
881 3415 1170 3484 conjuncta
1201 3419 1350 3477 sunt,
1383 3409 1628 3467 eamdem
1655 3409 1727 3464 ob
1755 3423 2001 3464 causam.

424 3505 483 3560 ln
517 3506 624 3562 Deo
660 3521 790 3561 vero
825 3506 960 3560 nihil
989 3503 1290 3574 ejusmodi,
1315 3503 1443 3558 dum
1470 3500 1670 3556 Filium
1696 3509 2000 3571 generaret,

426 3601 602 3654 locum
648 3597 850 3651 habere
894 3596 1091 3667 potuit.
1115 3594 1252 3650 Nam
1284 3595 1332 3654 si
1370 3595 1475 3650 tale
1501 3593 1778 3665 quidpiam
1800 3591 1854 3646 in
1885 3593 2004 3663 ipso

428 3687 714 3744 exstitisse
739 3687 1010 3752 dicamus,
1050 3694 1109 3741 ut
1140 3686 1322 3742 inanis
1382 3686 1613 3741 istorum
1655 3683 1763 3740 fert
1795 3683 2002 3754 opinio,

425 3796 550 3851 quae
601 3778 669 3832 ad
728 3780 1079 3834 evertendam
1118 3778 1215 3834 Dei
1260 3777 1501 3835 sobolem
1542 3777 1801 3847 pertinet,
1832 3790 1898 3830 ex
1928 3774 2007 3828 al-

428 3877 572 3936 tero,
597 3871 743 3938 quod
785 3869 838 3921 in
873 3869 1029 3924 nobis
1057 3869 1219 3934 inest,
1261 3869 1368 3923 tale
1398 3867 1664 3924 adversus
1700 3865 1822 3922 illos
1843 3880 2007 3935 argu-

430 3968 673 4012 mentum
717 3956 1032 4012 elliciemus.
1085 3955 1302 4012 Etenim
1355 3957 1516 4012 nobis
1563 3956 1720 4027 ipsis,
1750 3955 1845 4025 qui
1894 3970 2006 4010 non

431 4049 552 4107 sine
580 4048 864 4105 affectione
894 4050 1189 4120 gignimus.
1229 4057 1323 4107 aut
1367 4049 1660 4121 gignimur,
1704 4046 2006 4102 secundum

431 4139 705 4213 quoddam
736 4140 960 4196 insitum
995 4149 1081 4196 est
1105 4140 1410 4196 aﬂ'ectionis
1436 4156 1629 4211 genus,
1657 4154 1781 4195 cum
1801 4139 2007 4208 aliquid

433 4244 806 4306 procreamus.
862 4231 998 4288 Tum
1032 4234 1176 4289 enim
1229 4232 1454 4304 perinde
1492 4232 1750 4302 patimur,
1784 4245 1849 4286 ac
1877 4231 2008 4286 dum

432 4325 754 4397 gignimus,l
780 4333 872 4378 aut
921 4325 1213 4396 gignimur.
1267 4324 1429 4394 Atqui
1461 4324 1627 4380 Deum
1657 4339 1775 4388 vos,
1821 4323 1866 4378 si
1899 4338 2009 4376 non

432 4414 755 4486 genitorem,
817 4421 965 4468 certe
1005 4421 1304 4468 creatorem
1347 4413 1684 4484 agnoscitis;
1733 4421 1898 4482 atque
1952 4419 2010 4466 ut

2105 3317 2491 3387 γεγεννηκέναι
2533 3317 2856 3387 ὲνυπῆρξεν.
2887 3318 2948 3370 El
2977 3319 3085 3388 γὰρ
3120 3318 3368 3390 ὑπῆρξεν
3411 3319 3468 3372 ἓν
3494 3335 3544 3370 τι
3565 3315 3658 3369 τῶν

2103 3408 2360 3464 τοιούτων
2408 3410 2467 3461 ὲν
2504 3408 2644 3479 Θεῷ,
2680 3408 2820 3463 κατὰ
2862 3409 2960 3479 τὴν
2991 3411 3426 3481 προφασιστικὴν
3451 3410 3526 3471 εἰς
3547 3410 3658 3460 ἀνα-

2103 3499 2313 3573 τροπὴν
2356 3498 2450 3552 τοῦ
2499 3500 2838 3571 γεννήματος
2882 3499 3158 3567 ὑπόνοιαν,
3207 3500 3316 3554 ἀπὺ
3356 3501 3446 3554 τοῦ
3491 3497 3658 3567 ἐτέρου

2105 3597 2228 3651 καθ’
2257 3597 2404 3668 ἡμᾶς
2445 3596 2664 3668 μέρους,
2706 3595 2998 3661 ἀντιθέτως
3046 3597 3182 3667 πρὸς
3234 3597 3430 3660 αὐτοὺς
3468 3593 3656 3668 ῥητέον,

2105 3688 2186 3741 ὅτι
2223 3690 2281 3741 έν
2312 3689 2444 3757 ἡμῖν
2475 3689 2587 3751 τοῖς
2630 3688 2686 3741 ὲν
2717 3686 2878 3741 πάθει
2904 3687 3134 3755 γεννῶσί
3168 3705 3231 3741 τε
3267 3688 3363 3744 καὶ
3409 3683 3653 3756 γεννωμέρ

2105 3795 2218 3842 νοις
2244 3779 2412 3842 πάθος
2435 3777 2551 3832 ἐστὶ
2579 3776 2830 3848 δεύτερον
2856 3780 2912 3832 ὲν
2936 3777 3015 3848 τῷ
3037 3778 3262 3844 κτίζειν,
3293 3778 3384 3833 καὶ
3407 3779 3658 3845 πάσχομεν

2107 3870 2164 3922 ὲν
2198 3867 2276 3938 τῷ
2303 3870 2498 3940 γεννᾷν
2525 3886 2587 3921 τε
2615 3869 2710 3923 κα)⁸
2736 3869 3048 3937 γεννᾶσθαι.
3080 3868 3214 3933 Θεὸς
3245 3869 3303 3922 δὲ
3328 3871 3356 3923 ό
3391 3866 3513 3936 παρ’
3547 3864 3651 3933 ὑμῖν

2108 3961 2351 4030 κτίστης,
2390 3961 2485 4014 καὶ
2517 3961 2579 4014 οὑ
2608 3961 2887 4032 γεννήτωρ
2925 3959 3340 4030 ὲπινοούμενος’
3362 3963 3434 4022 ὡς
3464 3955 3545 4013 διὰ
3570 3951 3658 4025 μὲν

2107 4051 2168 4105 τὸ
2204 4053 2398 4123 γεννᾷν
2428 4052 2842 4124 άνατρεπτικῶς
2875 4051 2936 4105 τὸ
2977 4051 3147 4115 πάθος
3189 4051 3549 4123 παραφέρετε,
3581 4046 3656 4099 ἵνα

2108 4142 2205 4214 τὴν
2237 4142 2368 4196 Υἱοῦ
2415 4143 2744 4214 γνησιότητα
2782 4143 3128 4215 ἀρνήσησθε·
3171 4142 3312 4216 λήθῃ
3343 4143 3408 4196 ’δὲ
3453 4135 3653 4210 παραδι-

2107 4234 2262 4290 δόατε
2294 4235 2356 4288 τὸ
2379 4234 2470 4288 ἐπὶ
2487 4234 2564 4304 τῷ
2589 4235 2792 4299 κτίζειν
2823 4235 3014 4299 πάθος,
3038 4236 3176 4306 ὅπερ
3197 4236 3292 4289 καὶ
3313 4232 3441 4287 αὐτὸ
3461 4232 3514 4284 ὲν
3534 4223 3654 4295 Θεῷ,

2109 4327 2170 4380 οὑ
2199 4326 2368 4390 πάθος
2406 4326 2662 4398 ὑπάρχει,
2693 4327 2767 4398 μὴ
2801 4327 3041 4396 γένοιτοῐ
3079 4327 3218 4381 Οὔτε
3258 4326 3366 4398 γὰρ
3392 4325 3541 4395 ἡμεῖς
3566 4318 3654 4371 πά-

2111 4418 2202 4481 θος
2231 4417 2383 4489 αὐτῷ
2409 4419 2820 4490 προσάπτομεν,
2846 4418 3237 4489 ὁμολογοῦντες
3276 4417 3434 4472 αὑτὸν
3457 4412 3654 4477 κτίστην

434 4496 560 4558 Filii
587 4503 1002 4573 germanitatem
1037 4503 1342 4573 abnegetis,
1360 4511 1414 4556 et
1452 4503 1783 4557 catholicum
1807 4502 1999 4571 dogma

2109 4510 2236 4564 ὄντα
2259 4510 2366 4565 τῶν
2391 4511 2664 4565 ἁπάντων.
2699 4511 2833 4564 Οὐδὲ
2869 4511 3031 4565 πάλιν
3067 4509 3238 4572 πάθος
3276 4509 3336 4562 ὃν
3364 4506 3486 4578 περὶ
3515 4499 3652 4556 αὐτὸν

434 4593 790 4657 convellatis,
848 4593 1186 4660 generationi
1236 4593 1455 4663 quidem
1509 4592 1852 4648 aﬂ‘ectionem
1906 4593 2008 4646 tri-

369 4711 376 4717 -
435 4684 624 4748 builis,
651 4684 899 4740 eamdem
929 4699 1054 4738 vero
1084 4684 1138 4737 in
1169 4684 1446 4739 creatione
1460 4683 1818 4740 dissimulatis
1850 4702 1863 4738 :
1890 4697 2010 4753 qua:

436 4781 492 4830 et
523 4775 638 4844 ipsa
675 4775 729 4828 in
775 4772 883 4829 Deo
934 4773 1224 4842 reperitur,
1257 4786 1360 4828 nec
1399 4773 1454 4826 in
1488 4786 1555 4828 eo
1580 4781 1760 4827 tamen
1796 4771 2011 4828 affectio

437 4874 543 4928 est,
578 4865 721 4920 absit
769 4872 830 4918 ut
886 4863 1020 4918 illud
1063 4864 1333 4919 dicamus.
1375 4862 1486 4918 Nos
1525 4862 1669 4918 enim
1719 4863 1924 4917 nullam
1959 4864 2011 4917 ei

439 4953 776 5010 aﬂectionem
839 4961 1125 5025 propterea
1181 4953 1512 5019 tribuimus,
1559 4954 1703 5024 quod
1761 4955 2007 5010 omnium

440 5056 740 5102 creatorem
770 5061 894 5102 esse
939 5046 1230 5102 fateamur.
1264 5045 1529 5100 Similiter
1567 5059 1637 5100 ne
1667 5044 2008 5100 aﬂ‘eetionem

444 5129 660 5199 quidem
705 5131 759 5183 in
809 5146 878 5185 eo
921 5141 1178 5202 putamus
1216 5149 1359 5200 esse,
1407 5134 1554 5205 quod
1597 5147 1784 5190 verum
1811 5132 2008 5190 Filium

445 5233 569 5277 rere
602 5235 663 5276 ac
689 5221 811 5277 sine
843 5222 1020 5286 initio.
1051 5226 1131 5280 vel
1157 5235 1398 5294 tempore
1421 5227 1678 5296 genuisse
1714 5226 2006 5285 fateamur.

446 5314 527 5368 Cb
553 5313 608 5367 id
641 5323 892 5367 naturam
925 5313 1071 5369 illius
1090 5318 1476 5386 comprehendi
1503 5332 1609 5372 non
1641 5333 1823 5388 posse,
1850 5327 1906 5372 et
1939 5319 2009 5374 ab

441 5405 588 5459 onmi
615 5418 814 5473 genere
846 5401 1195 5459 aﬂ‘ectionum
1227 5405 1528 5463 immunem
1563 5423 1686 5463 esse
1711 5409 2005 5477 cognosci-

443 5508 584 5549 mus.
614 5493 906 5564 Propterea
950 5497 1200 5550 eumdem
1230 5497 1348 5552 sine
1389 5498 1496 5551 ulla
1537 5497 1822 5555 all‘ectione
1852 5503 2004 5570 geni-

445 5589 616 5638 torem
653 5599 716 5639 ac
737 5596 1042 5644 creatorem
1086 5589 1404 5662 asserimus.
1465 5587 1675 5660 Quippe
1713 5592 1846 5645 nihil
1888 5608 2006 5646 om-

527 5733 540 5764 ¹
558 5735 682 5788 Cor.
714 5737 954 5790 δύναται.

2109 4600 2486 4670 διανοούμεθα,
2521 4601 2888 4672 γεγεννηκότα
2915 4601 3009 4668 τὸν
3049 4601 3300 4671 ἀληθινὸν
3347 4599 3467 4652 Υἱδν
3495 4591 3654 4662 ἀληθι-

2111 4689 2502 4760 νῶς,ἀνάρχως
2527 4692 2620 4744 καὶ
2643 4691 2886 4762 ἀχρόνως
2913 4691 3316 4761 ὁμολογοῦντες.
3343 4688 3431 4742 Διὸ
3452 4686 3541 4756 τὴν
3566 4679 3651 4750 φύ-

2114 4794 2200 4832 σιν
2227 4777 2392 4833 αὑτοῦ
2419 4779 2759 4850 γινώσκομεν
2789 4780 3170 4850 ἀκατάληπτον
3199 4776 3380 4842 οὖσαν,
3407 4777 3492 4830 καὶ
3514 4770 3650 4824 πάθει

2116 4867 2192 4939 μὴ
2224 4869 2605 4939 συνεχομένην.
2647 4871 2745 4924 Διὰ
2781 4871 2940 4924 τοῦτο
2987 4872 3355 4943 ὁμολογοῦμεν
3395 4866 3542 4922 αὑτὸν
3573 4858 3652 4912 καὶ

2117 4958 2300 5027 ἀπαθῆ
2329 4960 2665 5031 γεννήτορα,
2719 4962 2813 5015 καὶ
2858 4963 3083 5024 κτίστην
3129 4963 3335 5033 ἀπαθῆ.
3398 4956 3649 5025 Ἐγέννησ⁶

2114 5048 2224 5120 γὰρ
2267 5049 2359 5104 τὸν
2403 5051 2679 5122 Move-{svia
2729 5051 2802 5124 μὴ
2837 5054 3084 5123 πάσχων,
3137 5055 3232 5106 καὶ
3274 5045 3566 5106 ἀπέστειλεν
3601 5036 3648 5105 ἐξ

2114 5137 2281 5192 αὑτοῦ
2311 5137 2371 5192 τὸ
2404 5139 2558 5209 ἅγιον
2593 5141 2756 5196 αὐτοῦ
2807 5143 3051 5214 Πνεῦμα,
3095 5145 3266 5215 τομὴν
3307 5141 3377 5212 μὴ
3405 5130 3647 5191 ὑποστάς⁶

2115 5229 2208 5284 καὶ
2252 5230 2433 5286 ἔκτισε
2463 5232 2530 5286 τά
2579 5234 2891 5299 κτισθέντα,
2934 5236 3028 5290 καὶ
3067 5236 3354 5306 κτιςὸμενα
3383 5229 3452 5301 μὴ
3497 5217 3646 5288 κακῷο

2118 5322 2253 5392 μηδὲ
2289 5323 2449 5377 πάθει
2481 5325 2792 5396 συσχεθείς·
2818 5327 2914 5381 καὶ
2940 5331 3082 5381 ποιεῖ
3109 5328 3138 5380 ὃ
3161 5327 3401 5398 βούλεται
3433 5326 3647 5387 συμπρε’

2114 5413 2325 5478 πόντως
2351 5419 2418 5488 τῇ
2439 5418 2603 5471 αὑτοῦ
2633 5418 2877 5488 θεότητυ
2908 5421 2969 5472 οὐ
2996 5419 3211 5490 πρῶτον
3239 5413 3554 5488 βουλόμενοςν
3576 5401 3646 5454 ἵνα

2119 5505 2262 5579 μάθῃ
2295 5507 2693 5578 διανοούμενος,
2729 5512 2778 5563 εἰ
2811 5510 2918 5582 χρὴ
2957 5510 3207 5580 γενέσθαι
3235 5509 3295 5561 τὸ
3335 5494 3646 5562 ἐπιτελούμε-

2115 5600 2236 5651 νον’
2281 5599 2400 5652 οὑδὲ
2448 5601 2770 5672 βουλόμενος
2816 5603 3099 5673 πράττειν,
3147 5599 3341 5670 καὶμὴ
3388 5591 3643 5659 δυνάμενος
