3964 6398
273 367 374 422 581

887 323 1255 419 Ᾰονειιευε
1288 356 1631 415 "massas
1666 356 1796 413 LIB.
1839 357 1871 413 ιι

1976 355 2134 414 ΤΟΜ.
2169 356 2210 412 l.
2251 386 2314 397 —
2360 355 2628 411 l-UERES.
2678 355 2913 412 LXXVI.

3394 435 3399 441 ι
3433 357 3540 412 sse

281 483 629 556 ἐπιχορηγεῖν
673 479 751 551 τῷ
785 478 1084 552 βουλήματι
1122 476 1211 530 διὰ
1235 473 1407 536 πάθος
1437 472 1498 525 τὸ
1542 471 1854 542 τελειοὺμε-

1976 471 2090 525 ιίηο
2135 471 2352 541 patiens
2402 471 2622 524 unicum
2679 469 2877 525 Filium
2911 476 3119 541 genuit,
3154 476 3204 524 et
3235 485 3299 524 cx
3341 469 3543 540 seipse

274 594 386 631 νον.
422 575 575 643 Ἅμα
597 571 705 643 γὰρ
734 570 844 639 ἔχει
877 569 938 620 τὸ
963 567 1162 630 θελειν,
1189 566 1249 618 τὸ
1279 564 1564 634 πράττειν,
1591 561 1862 630 τδὟεγεν-

274 667 502 737 νηκέναι
531 664 621 718 τὸν
648 660 950 730 Μονογενῆ,
977 658 1036 711 τὸ
1062 657 1244 710 κτίσαι
1292 653 1362 708 τά
1393 653 1595 715 πάντα,
1626 652 1723 723 τῆς
1753 650 1862 704 Oci-

204 766 211 772 '
275 759 383 829 κῆς
437 756 652 828 φύσεως
713 752 808 806 καὶ
862 749 1174 818 ἀξιώματος
1230 744 1506 799 ἀνωτάτου
1565 741 1718 805 ὄντος
1768 741 1866 794 καὶ⁸

289 848 498 903 ’Δετίου
541 841 958 911 συλλογιπικῆς
997 837 1223 901 ἐννοίας,
1251 835 1344 888 καὶ
1375 834 1554 903 πάσης
1578 831 1858 902 ἀνθρωπό-

277 957 464 1011 τητος,
494 936 777 1008 ἀμείνονος
813 932 964 994 ὅντος
997 929 1093 982 τοῦ
1122 927 1256 980 Θεοῦ
1297 925 1476 996 πάσης
1509 921 1770 986 ἐπινοίας,
1797 921 1858 974 οὑ

280 1031 448 1084 πάθει
485 1029 742 1088 εἴκοντος,
793 1023 908 1077 ἀλλ’
961 1020 1239 1076 ἁνωτάτου
1293 1018 1446 1080 ὄντος
1494 1014 1711 1068 πάντων
1752 1013 1860 1066 τῶν

280 1123 493 1184 παθῶν,
522 1119 616 1172 καὶ
647 1118 825 1187 πάσης
856 1115 1130 1176 ὑπονοίας.

1965 569 2214 616 sanctum
2280 577 2438 615 sumn
2501 560 2762 630 Spiritum
2808 563 3011 623 emisit,
3070 563 3270 614 nullam
3317 564 3544 615 omnino

1965 651 2286 712 sectionem,
2319 658 2413 704 ant
2460 650 2810 720 partitionem
2863 659 3140 719 expertus.
3182 650 3324 705 Idem
3361 662 3544 703 creata

1965 743 2151 799 omnia
2194 742 2500 812 procreavit
2539 741 2674 795 citra
2710 741 3080 809 fatigationem
3110 755 3162 795 et
3199 741 3544 794 aﬂ'ectioncm

1967 834 2151 888 ullam.
2188 833 2328 886 Tum
2358 846 2489 886 vero
2523 830 2788 900 quidquid
2843 830 3081 892 libuerit,
3118 845 3215 898 pro
3245 847 3330 890 eo,
3368 844 3431 882 ac
3459 828 3547 881 di-

1966 922 2181 978 vinitati
2203 938 2316 976 suae
2343 936 2643 991 congruum
2663 929 2764 983 est,
2794 921 3015 974 molitur
3043 937 3056 970 :
3086 936 3190 973 non
3215 922 3358 989 qu‘od
3388 928 3547 972 antea

1966 1014 2128 1078 velit,
2175 1021 2235 1067 ut
2277 1013 2540 1066 attentius
2594 1019 2782 1081 postea
2832 1011 3082 1081 cogitans
3123 1010 3300 1064 discat.
3347 1009 3546 1079 ecquid

1966 1105 2151 1175 perﬁci
2178 1107 2321 1174 quod
2351 1103 2601 1172 designat
2659 1110 2928 1171 oporteat.
2966 1101 3152 1173 Neque
3201 1102 3274 1155 ita
3311 1103 3426 1154 vult
3454 1117 3549 1154 ex-

280 1217 461 1282 sequi,
514 1221 573 1264 ut
609 1209 682 1263 ob
731 1205 1075 1261 aﬂ'ectionem
1112 1201 1348 1270 aliquam
1396 1194 1664 1252 voluntati
1716 1209 1856 1263 opus
1887 1193 2065 1263 ipsum
2096 1202 2492 1262 repraesentare
2520 1198 2777 1261 nequeat.
2817 1189 2952 1244 Nam
2977 1191 3092 1245 haec
3131 1189 3316 1244 omnia
3382 1187 3549 1242 simul

279 1307 330 1360 ei
361 1280 681 1372 suppetunt,
702 1297 860 1363 velle,
879 1295 1079 1355 facere,
1106 1292 1330 1345 unicum
1357 1301 1622 1359 generare
1651 1282 1872 1351 Filium,
1904 1299 2195 1354 procreare
2227 1299 2317 1339 res
2350 1299 2561 1338 omnes.
2584 1280 3040 1352 Quandoquidem
3082 1280 3177 1335 Dei
3241 1291 3437 1335 natura
3495 1287 3551 1333 et

281 1371 546 1461 maiestas
565 1389 714 1444 omni
738 1394 823 1443 est
856 1386 996 1440 Aetii
1027 1380 1342 1453 disputandi
1369 1379 1674 1434 subtilitate
1703 1376 1867 1447 955
1899 1384 1952 1431 et
1983 1377 2218 1431 humana
2251 1377 2567 1432 conditione
2623 1375 2894 1444 superiori
2953 1373 3118 1439 Deus,
3155 1373 3416 1443 inquam,
3459 1371 3551 1424 in-

284 1482 647 1553 telligentiam
683 1493 901 1536 onmem
930 1482 1248 1548 exsuperat,
1295 1486 1399 1527 nec
1437 1469 1708 1525 allectioni
1742 1468 1884 1524 cedit
1913 1469 2032 1534 ulli,
2056 1468 2152 1524 sed
2183 1484 2351 1539 supra
2402 1466 2746 1523 adfectionem
2803 1479 3020 1520 omnem
3069 1477 3134 1518 ac
3183 1461 3553 1531 suspicionem

281 1575 520 1632 eminet;

675 1684 1074 1741 ΚΕΦᾹΛΔῙΟΝ
1107 1680 1362 1736 ΑΕἹἾΟΥ
1407 1678 1510 1734 IE'.

2463 1664 2650 1720 AETll
2681 1661 2912 1718 CAPUT
2939 1661 3054 1718 XV.

359 1780 423 1834 Ei
453 1780 515 1833 τὸ
539 1777 784 1846 γέννημα
837 1773 1104 1845 ἄτρεπτον
1137 1775 1252 1826 ἐστι
1301 1771 1399 1841 τὴν
1452 1769 1613 1838 φύσιν
1658 1767 1748 1822 διὰ
1777 1766 1865 1822 τὸν

2041 1760 2098 1816 Si
2127 1760 2306 1831 genita
2337 1759 2557 1814 soboles
2587 1766 2782 1811 natura
2813 1755 2884 1810 ob
2908 1762 3259 1825 generantem
3295 1755 3553 1811 immuta-

283 1874 629 1948 γεννὴσαντα
655 1871 747 1924 τὸν
777 1871 795 1901 ⁸
832 1869 1155 1940 ἀγέννητον,
1199 1865 1358 1919 οὐσία
1399 1865 1546 1917 ἐστὶν
1576 1862 1867 1935 ἄτρεπτος,

283 1967 347 2020 οὑ
378 1965 465 2020 διὰ
492 1962 737 2035 γνώμην,
769 1959 907 2016 ἀλλά
925 1958 1013 2013 διὰ
1038 1957 1100 2012 τὸ
1127 1959 1183 2010 έν
1205 1956 1365 2027 οὑσίᾳ
1397 1954 1636 2026 ἀξίωμα.

851 2151 1175 2222 Ἂνατροπὴ
1216 2154 1298 2205 1E
1318 2192 1333 2205 .

359 2248 508 2311 Ἐως
531 2246 662 2300 πότε
686 2244 811 2316 ἦκει
849 2242 1029 2314 φέρων
1067 2243 1198 2311 ἡμῖν
1228 2235 1381 2302 οὗτος
1406 2237 1468 2291 τὸ
1498 2237 1630 2292 αὑτὸ
1665 2236 1868 2304 λέγειν,

285 2339 388 2396 καὶ
427 2339 592 2410 μηδὲν
625 2335 974 2407 ὑπερϐαίνειν
1022 2333 1130 2386 τῶν
1173 2330 1536 2402 έγκειμένων;
1587 2329 1729 2381 Ὅσα
1762 2327 1872 2398 γὰρ

289 2433 396 2504 ἔφη
420 2429 674 2501 ἀπαρχῆς
735 2427 828 2480 καὶ
852 2427 978 2496 ἄχρι
1003 2424 1205 2492 τέλους,
1218 2423 1356 2475 αὑτά
1377 2438 1444 2472 πε
1454 2421 1506 2492 pi.
1529 2417 1638 2473 τῶν
1665 2417 1868 2484 αὐτῶν,

290 2525 388 2579 καὶ
414 2522 568 2576 οὑὺὲν
591 2520 776 2591 ἕτερον
804 2517 1122 2588 διηγήσατο,
1161 2516 1221 2568 οὑ
1260 2515 1533 2584 μυστήρια
1571 2513 1706 2582 ἡμῖν
1737 2509 1870 2563 ὑπο·

287 2615 501 2680 δείξας,
535 2613 594 2666 οὑ
625 2610 758 2664 Θεὸν
780 2649 796 2676 ,
825 2609 884 2662 ὃν
925 2606 1348 2676 ἐπαγγέλλεται,
1374 2605 1589 2671 διδάξας
1615 2644 1631 2672 ,
1680 2603 1740 2656 οὑ
1781 2603 1873 2656 πί-

291 2725 432 2769 στιν,
458 2706 524 2759 δι’
550 2700 618 2777 ἦς
652 2700 997 2772 ἐνεργοῦντες
1043 2696 1329 2751 ἀπόστολοι
1363 2695 1460 2766 τὴν
1486 2697 1586 2766 τῆς
1614 2693 1872 2766 ἀληθείας

288 2795 646 2868 όνομάζοντες
702 2791 928 2864 στερεὰν
974 2787 1302 2860 ὁμολογίαν,
1339 2787 1564 2859 νεκροὺς
1622 2787 1872 2858 ἤγειραν,

290 2892 389 2945 καὶ
417 2889 648 2959 λεπροὺς
678 2884 1035 2955 ἐκαθάρισαν,
1072 2882 1167 2935 καὶ
1195 2881 1361 2935 τᾶλλα
1394 2882 1571 2933 πάντα
1611 2879 1709 2950 τῆς
1738 2881 1876 2947 ἀγα-

293 2983 394 3052 θῆς
435 2977 753 3049 συμφωνίας
778 3015 792 3039 ,
828 2975 886 3042 ἐξ
937 2969 1012 3027 ὧν
1057 2972 1126 3024 τὰ
1175 2970 1545 3040 ὑπώείγματα
1579 2970 1874 3036 ὑπέφαινον

291 3074 393 3144 τῆς
429 3071 686 3142 ἀληθινῆς
712 3066 1020 3138 ἐνεργείας·
1055 3063 1191 3118 ἀλλὰ
1220 3065 1479 3133 ματαίους
1531 3061 1626 3113 καὶ
1651 3057 1875 3130 κομπὼ-
1901 3099 1943 3155 C

291 3165 405 3228 δεις
455 3158 847 3229 συλλογισμοὺς
885 3158 959 3227 μὴ
1013 3154 1437 3224 ὑπερϐαίνοντας
1473 3151 1571 3222 τὴν
1606 3151 1708 3220 τῆς
1752 3167 1873 3202 ταυ-

290 3253 544 3322 τολογίας
599 3247 915 3320 προφορὰν·
958 3244 1072 3298 ἀλλ’
1105 3243 1245 3297 αὑτά
1300 3243 1520 3302 ἐκεῖνα,
1575 3240 1670 3292 καὶ
1723 3238 1874 3292 οὐδὲν

290 3347 482 3416 ῑτιρον
518 3341 888 3413 διηγούμενος.
927 3337 1018 3389 Διὸ
1037 3331 1458 3405 παρακαλοῦμεν
1495 3332 1642 3392 ὅπως
1688 3328 1876 3399 μηδεὶς

292 3438 444 3508 ἡμᾶς
487 3432 869 3505 ἐπιμέμψηται
913 3430 1022 3484 τῶν
1061 3425 1493 3498 ἐντυγχανόντων
1517 3465 1533 3491 ,
1571 3424 1730 3492 εἴπερ
1783 3422 1878 3475 καὶ

293 3527 450 3580 αὑτοὶ
491 3525 634 3579 κατὰ
673 3523 782 3577 τῶν
833 3521 1013 3575 αὑτῶν
1046 3516 1354 3588 ὲνεχθῶμεν
1379 3555 1395 3578 ,
1443 3512 1874 3582 ἀναγκαζόμενοι

293 3622 475 3692 λέγειν
505 3617 641 3690 πρὸς
667 3617 767 3687 τὴν
790 3613 955 3668 αὑτοῦ
985 3609 1362 3678 ταυτολογιαν.
1396 3607 1470 3660 Τὸ
1490 3606 1738 3677 γέννημα
1765 3603 1876 3674 γὰρ

293 3714 564 3788 ἄτρεπτον
603 3713 751 3764 ἐστιν
775 3747 791 3772 ,
840 3707 964 3761 ὅσον
994 3705 1191 3776 πρέπει
1220 3701 1460 3772 Θεότητι·
1493 3699 1588 3752 καὶ
1626 3701 1654 3751 ὁ
1684 3697 1874 3768 γεννήο

295 3785 412 3878 τωρ
442 3802 713 3875 ἀτρεπτός
747 3802 926 3861 ἐστιν,
954 3797 1030 3859 ὡς
1073 3794 1274 3863 πρέπει
1303 3791 1581 3858 ἀναλόγως
1617 3791 1682 3860 τῇ
1713 3785 1876 3840 αὑτοῦ

295 3875 554 3965 ἀτρέπτῳ
611 3887 792 3960 φύσει.
843 3885 1004 3940 Μένει
1059 3883 1118 3937 δὲ
1168 3885 1198 3936 ὁ
1232 3882 1500 3951 γεννήσας
1536 3878 1625 3932 ἀεὶ
1672 3877 1765 3930 τὸν
1819 3875 1880 3941 ἐξ

295 3984 464 4041 αὑτοῦ
497 3984 638 4053 ἔχων
670 3976 1068 4049 γεγεννημένον
1089 4014 1103 4040 ,
1147 3973 1416 4046 μηδεμίαν
1463 3970 1718 4024 ὑπόνοιαν
1749 3984 1881 4036 συγ-

299 4075 495 4148 χωρῶν
526 4076 636 4137 τοῖς
659 4071 750 4126 ὑπ’
783 4067 948 4122 αὑτοῦ
977 4065 1384 4135 κεκτισμένοις,
1421 4061 1550 4115 ἀνευ
1590 4059 1720 4113 Υἱοὺ
1755 4058 1882 4112 εἰδέα

296 4185 388 4222 ναι
418 4167 674 4236 Πατέρα,
709 4163 805 4216 καὶ
836 4161 962 4216 ἀνευ
1001 4157 1214 4230 Πατρός
1247 4171 1378 4208 ποτε
1415 4152 1614 4206 εἰδέναι
1651 4150 1742 4204 τὸν
1783 4167 1879 4218 γε-

1971 1851 2098 1907 bilis
2127 1858 2247 1915 est;
2298 1847 2446 1919 quod
2498 1847 2802 1918 ingenitum
2833 1852 2917 1900 est
2958 1844 3266 1900 substantia
3303 1847 3550 1916 quaedam

1969 1940 2328 1995 immutabills
2355 1950 2460 2004 est,
2485 1953 2594 1992 non
2633 1936 2860 1991 arbitrio
2884 1935 3230 2007 cujusquam,
3264 1939 3361 1992 sed
3389 1939 3552 1992 insita

1971 2030 2205 2101 quadam
2235 2030 2556 2086 substantiae
2577 2027 2864 2098 dignitate.
2955 2037 2962 2040 ’

2527 2139 2834 2211 Confulatio
2875 2137 2924 2191 X
2941 2136 3003 2192 V.
3239 2201 3242 2205 ι

2041 2229 2340 2300 Quousque
2391 2212 2626 2284 tandem
2662 2230 2850 2284 eadem
2895 2230 3053 2285 nobis
3101 2228 3413 2291 inculcabit,
3455 2245 3554 2284 nec

1972 2322 2043 2376 ab
2075 2323 2140 2377 iis
2181 2338 2299 2392 qua:
2329 2331 2485 2374 antea
2518 2323 2798 2391 proposita
2832 2330 2981 2386 sunt,
3021 2320 3296 2375 diversum
3331 2323 3556 2376 all‘eret?

1970 2412 2106 2467 Nam
2151 2430 2273 2484 quae
2325 2413 2481 2465 initio
2524 2411 2999 2482 pronuntiaverat,
3049 2410 3240 2464 eadem
3280 2411 3346 2463 ad
3393 2412 3553 2464 linem

1981 2519 2154 2573 usque
2186 2502 2379 2556 iisdem
2413 2501 2480 2555 de
2531 2501 2714 2566 rebus,
2749 2517 2845 2554 nec
2879 2499 3024 2553 aliud
3061 2508 3318 2569 praeterea
3346 2507 3556 2564 narrat,

1973 2611 2083 2650 non
2110 2594 2368 2664 mysteria
2395 2593 2504 2646 ulla
2529 2593 2688 2646 nobis
2719 2592 2955 2662 aperuit,
2983 2608 3092 2645 non
3128 2589 3196 2645 de
3230 2591 3358 2652 Deo,
3392 2605 3555 2660 quem

1979 2684 2266 2757 professus
2309 2689 2445 2748 erat,
2502 2682 2712 2746 docuit,
2753 2699 2863 2735 non
2902 2683 3083 2746 tidem,
3119 2682 3276 2750 cujus
3302 2681 3556 2752 prmsidio

1973 2775 2112 2828 mira
2150 2773 2413 2828 facientes
2445 2771 2700 2840 apostoli,
2736 2786 2860 2825 cum
2902 2770 3131 2826 solidam
3160 2771 3406 2826 veritatis
3425 2787 3557 2824 cono

1975 2863 2274 2920 fessionem
2331 2861 2740 2930 concepissent,
2792 2869 3040 2916 mei-tuos
3087 2861 3419 2924 excitarunt,
3448 2862 3561 2918 ele-

1976 2957 2299 3026 pbantiacos
2322 2962 2642 3023 purgarunt,
2683 2954 2897 3022 aliaque
2936 2953 3193 3022 praeclare
3228 2951 3559 3006 cohzerentia
3595 3015 3601 3023 _

1979 3049 2349 3118 pra‘stilcrttnt
2386 3063 2398 3097 :
2430 3060 2552 3115 qua:
2619 3044 2839 3113 quidem
2880 3059 3025 3108 vere,
3057 3060 3165 3099 non
3204 3044 3318 3098 sola
3376 3047 3560 3112 specie

1977 3148 2210 3209 patrata,
2263 3138 2410 3192 velut
2458 3146 2782 3207 argumenta
2832 3145 3002 3205 atque
3060 3136 3264 3190 indicia
3315 3133 3561 3204 profere-

1978 3233 2156 3286 bant:
2197 3237 2252 3284 at
2300 3229 2391 3284 ille
2429 3239 2624 3283 contra
2675 3228 2812 3282 nihil
2861 3235 3059 3297 praeter
3101 3228 3434 3282 vanissimas
3505 3236 3562 3281 et

1976 3328 2235 3375 ventosas
2309 3318 2750 3390 syllogismorum
2812 3319 3145 3373 subtilitates
3215 3318 3270 3372 in
3319 3317 3559 3370 medium

1977 3407 2150 3472 εὕει-ι,
2180 3422 2320 3478 quas
2373 3407 2520 3478 ipsas
2569 3405 2868 3476 repetendo
2899 3406 3100 3475 sacpius
3136 3405 3204 3458 ad
3248 3405 3557 3459 satietatem

1977 3499 2215 3569 ingerit;
2273 3512 2376 3552 nec
2436 3496 2586 3550 aliud
2634 3503 2898 3566 praeterea
2957 3495 3234 3565 proponit.
3290 3493 3560 3560 Quocirca

1983 3591 2240 3646 lectorem
2289 3594 2537 3658 rogatum
2592 3587 2867 3650 volumus,
2910 3601 2980 3640 ne
3016 3585 3068 3640 id
3109 3584 3269 3639 nobis
3296 3584 3430 3638 vitio
3469 3583 3563 3638 tri-

1979 3681 2259 3737 huendum
2306 3678 2584 3735 existimet
2629 3678 2774 3747 quod
2804 3685 2857 3732 et
2888 3676 2992 3747 ipsi
3025 3675 3226 3745 saepius
3253 3673 3440 3729 eadem
3475 3688 3564 3729 re-

1978 3781 2233 3843 petamus
2269 3787 2284 3836 ;
2348 3769 2516 3841 quod,
2567 3777 2627 3824 ut
2659 3769 2734 3823 illi
2765 3767 3221 3838 respondeamus,
3257 3764 3436 3820 facere
3459 3766 3564 3820 hoc
3621 3779 3636 3792 ‘

1980 3865 2100 3920 loco
2133 3864 2401 3934 cogimur.
2433 3862 2599 3931 Igitur
2651 3861 2833 3930 genita
2874 3860 3112 3925 soboles,
3159 3873 3258 3927 pro
3287 3872 3352 3912 eo
3382 3871 3447 3910 ac
3479 3857 3565 3911 di-

1978 3957 2263 4012 vinitatem
2321 3956 2499 4015 decet,
2545 3952 2906 4008 immutabilis
2956 3960 3073 4014 est;
3105 3949 3201 4004 sed
3239 3960 3293 4003 et
3327 3953 3442 4018 ipse
3472 3963 3568 4016 ge-

1981 4049 2131 4103 nitor
2188 4045 2546 4101 immutabilis
2598 4051 2719 4108 est,
2773 4043 3235 4112 quemadmodum
3287 4039 3565 4094 constanti

1984 4139 2160 4210 ipsius
2195 4145 2404 4190 natura:
2457 4135 2738 4190 convenit.
2788 4133 3056 4188 Cancrum
3088 4132 3301 4202 genitor
3341 4131 3414 4184 ita
3447 4145 3564 4184 ma-

297 4220 777 4331 γεννημένον,’καὶ
813 4251 876 4306 τὸ
904 4220 1302 4304 τέλειονάὑτοῦ
1345 4243 1590 4314 Πνεῦμα,
1637 4242 1666 4296 ὃ
1694 4243 1758 4294 ἐκ
1785 4239 1871 4294 τοῦ

1983 4235 2096 4291 net,
2126 4234 2187 4282 ut
2228 4242 2390 4296 quem
2422 4241 2452 4281 e
2485 4225 2669 4294 seipse
2707 4226 2896 4294 genuit
2936 4231 3200 4293 perpetuo
3235 4236 3420 4276 secum
3463 4220 3564 4273 lia-

299 4310 517 4422 ίιᾎέέιίς
566 4310 926 4416 ἐκπορεύεται
951 4381 966 4406 ,
1024 4341 1119 4392 καὶ
1153 4337 1249 4391 τοῦ
1283 4335 1414 4389 Υἱοῦ
1451 4310 1734 4405 λαμίϐἀνει.
1772 4331 1871 4384 Καὶ

1983 4321 2145 4384 beat;
2202 4333 2303 4372 nec
2347 4317 2511 4370 ullam
2552 4315 2791 4370 conditis
2837 4331 2865 4367 a
2902 4330 2961 4369 se
3025 4315 3191 4368 rebus
3247 4310 3563 4379 suspicaudi

499 4401 733 4510 "rvpem;
785 4401 1290 4501 éo-clv‘dtﬁubpacoc
1343 4401 1536 4488 οὐσίας
1581 4423 1718 4476 Θεοῦ
1752 4463 1767 4485 ,
1821 4421 1871 4473 τὲ

1988 4410 2333 4465 occasionem
2391 4407 2613 4476 przebet,
2669 4414 2729 4458 ut
2786 4405 2866 4459 ve!
2915 4405 3034 4458 sine
3085 4403 3228 4456 Filio
3263 4401 3566 4468 intelligi-re

298 4491 760 4604 gigantas,
788 4526 864 4597 μὴ
888 4491 1186 4579 mina:
1223 4491 1366 4582 τινος
1394 4515 1738 4582 ἀξιώματος,
1764 4511 1871 4565 ἀλλ’

1987 4501 2224 4563 Patrem,
2259 4499 2344 4554 vel
2400 4499 2518 4553 sine
2550 4496 2711 4552 Patre
2736 4497 2978 4566 genitum
3023 4493 3242 4559 Filium,
3267 4501 3360 4546 aut
3382 4491 3566 4561 .pcrl'e-

299 4585 447 4694 ῐχέιν
471 4585 606 4675 αὐτὸ
631 4585 816 4680 ἀϊδίως
840 4585 899 4670 έν
929 4617 996 4686 τῇ
1032 4613 1136 4683 ἰδίᾳ
1173 4610 1482 4680 ταυτότητι.

1988 4604 2138 4650 ctum
2197 4591 2317 4660 ejus
2369 4588 2656 4660 Spiritum,
2694 4589 2788 4659 qui
2835 4603 2865 4641 ιι
2892 4586 3056 4642 Patre
3097 4585 3341 4657 procedit
3369 4585 3412 4649 ²,
3447 4591 3498 4637 et
3531 4597 3564 4636 a

303 4681 445 4772 Filio
467 4714 668 4782 accipit
696 4711 740 4775 ³,
783 4681 1211 4777 animo-possint
1245 4702 1554 4772 concipere.
1581 4700 1759 4768 Atque
1780 4695 1885 4748 hoc
1921 4697 2116 4745 natura
2156 4683 2248 4739 Dei
2292 4684 2516 4754 dignum
2561 4689 2668 4744 est,
2710 4681 3053 4750 maximeque
3105 4687 3559 4737 consentaneum,

305 4812 517 4867 nullam
561 4767 621 4862 uit.
654 4767 962 4875 splendoris
999 4767 1377 4854 accessionem
1410 4767 1776 4849 extrinsecus
1813 4784 2079 4855 requirat,
2139 4777 2234 4834 sed
2296 4786 2472 4832 totum
2519 4775 2653 4830 illud
2708 4780 2969 4845 perpetuo
2998 4771 3051 4826 in
3093 4771 3314 4842 propria
3369 4767 3567 4824 identi-

302 4914 418 4961 tate
449 4901 752 4959 contineat.

675 5009 1076 5070 ΚΕΦΑΛΑΙΟΝ
1105 5006 1358 5062 ΑΕΤῘΟΥ
1396 5006 1513 5072 ιςδ.

2361 4982 2528 5053 956
2557 4978 2737 5034 AETII
2771 4977 3002 5035 CAPUT
3044 4975 3184 5030 XVI.

375 5107 440 5161 Εἰ
473 5105 532 5160 τὺ
577 5066 873 5174 ἀγέννητον
901 5099 1089 5160 οὐσίας
1142 5097 1258 5150 ἐστὶ
1290 5066 1586 5166 δηλωτικὸν
1608 5130 1624 5155 ,
1659 5089 1871 5149 εἰκότως

2062 5077 2119 5132 Si
2150 5075 2378 5146 ingeniti
2413 5088 2514 5128 vox
2553 5071 2915 5127 substantiam
2963 5068 3242 5139 exprimit,
3277 5075 3473 5121 merito
3499 5066 3568 5122 ab

304 5199 442 5271 πρὸς
484 5197 582 5269 τὴν
627 5194 719 5248 τοῦ
765 5192 1100 5262 γεννήματος
1134 5187 1321 5241 οὑσίαν
1372 5180 1871 5238 ἀντιδιαστέλλεται.

1990 5169 2158 5240 geniti
2186 5165 2517 5231 substantia,
2544 5165 2692 5220 velut
2723 5163 3027 5218 membrum
3071 5161 3360 5216 divisionis
3398 5175 3571 5228 oppo-

393 5249 457 5338 si
499 5249 663 5356 μηδὲν
698 5249 953 5353 ang-mbae;
1001 5277 1064 5330 τὸ
1085 5249 1400 5346 τάγέννητον
1426 5313 1440 5337 ,
1475 5269 1651 5341 πολλῷ
1684 5268 1871 5340 μᾶλλοι

1991 5260 2180 5322 situm,
2220 5255 2575 5311 discernitur.
2617 5253 2714 5308 Sin
2761 5260 2944 5307 autem
2987 5252 3122 5306 nihil
3155 5249 3382 5305 omnino
3412 5263 3570 5300 vora-

301 5337 456 5431 ξὺδέν
488 5337 636 5445 δηλοῖ
669 5373 731 5425 τὸ
753 5337 1034 5440 ’γέννημι
1069 5367 1132 5420 Εἰ
1159 5337 1232 5417 ’δὲ
1266 5337 1458 5434 μηδὲν,
1491 5337 1871 5424 πῶς-ἀντιδια-

1987 5352 2176 5406 bulum
2217 5349 2350 5404 illud
2385 5347 2610 5418 ingeniti
2657 5345 2949 5417 signiﬁcat,
2988 5344 3158 5398 multo
3198 5343 3376 5396 minus
3401 5337 3567 5408 geniti

303 5430 563 5535 σταλείης
594 5464 656 5516 Εἰ
681 5463 738 5517 δὲ
847 5430 1140 5528 ἀγέννητος
1169 5430 1589 5526 προφοράπρὸς
1626 5449 1724 5522 τὴν
1753 5466 1871 5518 γεν-

1985 5462 2089 5500 vox
2124 5443 2330 5516 aliquid
2367 5440 2676 5511 exprimet;
2727 5455 2906 5510 neque
2941 5437 3238 5508 quidquam
3271 5430 3568 5501 supererit,

301 5559 471 5630 νητὴν
505 5555 785 5628 προφορὰν
827 5547 1344 5607 ἀντιδιαστέλλεται,
1379 5544 1588 5614 σιωπῆς
1614 5543 1712 5612 τὴν
1749 5557 1871 5612 προ-

1983 5539 2125 5610 quod
2160 5538 2214 5592 in
2252 5535 2522 5592 divisione
2557 5534 2715 5588 alteri
2753 5532 3098 5602 respondeat.
3146 5525 3351 5592 Quodsi
3413 5523 3570 5592 inge:-

377 5717 398 5751 ’
422 5717 551 5786 Leg.
583 5714 667 5769 τό.
741 5714 760 5742 ¹
788 5710 945 5766 Joan.
979 5723 1066 5774 xv,
1101 5705 1191 5758 ‘26.
1269 5703 1288 5734 ³
1323 5701 1478 5757 Joan.
1520 5717 1628 5764 xw,
1665 5699 1748 5762 t4,
1792 5698 1872 5751 l5.
