3964 6416
479 316 584 373 533

1912 319 1969 375 S.
2011 320 2355 378 EPIPIIAMI
3628 325 3712 381 581

479 434 583 489 niti
614 434 851 505 prolatio
906 433 1023 504 ipsa
1075 447 1105 487 a
1150 431 1318 502 geniti
1356 431 1684 502 prolatione,
1719 434 1865 488 velut
1892 450 2064 491 mem-

2171 438 2342 509 φορὰν
2368 435 2795 507 διαδεχομένης,
2830 436 3078 506 γίνεσθαι
3105 436 3397 509 συμϐαίνει
3434 439 3524 492 καὶ
3553 440 3716 507 ἀπογί-

477 524 639 581 brum
672 522 956 578 divisionis
991 522 1327 592 oppositum,
1361 522 1689 585 secernitur,
1709 538 1832 576 cum
1857 539 2058 579 secun-

478 618 606 673 dum
632 617 1134 688 pronuntiationem
1163 624 1396 682 tacetur,
1431 614 1869 689 Christianorum
1906 633 2059 689 spem

477 708 641 762 modo
687 707 976 770 exsistere,
1028 707 1190 761 modo
1238 707 1513 776 exstingui
1551 722 1777 762 necesse
1807 716 1912 773 est,
1941 723 2063 779 qua:

2178 530 2365 583 νεσθαι
2400 527 2499 598 τὴν
2524 527 2634 580 τῶν
2669 528 3013 599 Χριστιανῶν
3042 529 3251 593 ἐλπίδα,
3294 530 3352 582 ὲν
3381 530 3613 600 ύποφορᾷ
3633 548 3717 584 κει-

2179 620 2347 691 μένην
2370 656 2386 682 ,
2426 618 2542 671 ἀλλ’
2566 618 2665 672 οὐκ
2693 620 2751 671 έν
2785 618 3012 688 φύσεσιν
3030 659 3046 683 ,
3083 619 3253 684 οὕτως
3291 621 3536 693 ἐχούσαις
3560 661 3573 680 ,
3603 622 3666 686 ὡς

2171 710 2282 764 τῶν
2311 709 2594 780 ὀνομάτων
2633 710 2882 782 βούλεται
2926 711 3190 782 σημασία.

477 803 591 852 tota
632 797 686 851 in
742 798 1193 868 pronuntiatione
1244 797 1538 865 consistat,
1570 813 1680 852 non
1724 799 1780 852 in
1812 799 2054 867 naturis,
2094 816 2215 870 quae
2260 802 2336 857 ita
2383 817 2507 859 sese
2557 802 2819 867 habeant,
2881 810 2943 857 ut
2995 803 3387 858 vocabulorum
3432 804 3722 874 signiﬁcatio

475 890 596 962 ipsa
631 906 741 962 pra:
775 908 834 948 se
859 893 1001 947 ferre
1034 891 1273 948 videtur.
1304 914 1305 917 η

1007 1001 1316 1071 Confutatio
1367 999 1528 1055 XVI.

546 1094 836 1163 Quomodo
862 1111 984 1165 qua:
1013 1104 1207 1150 contra
1240 1110 1300 1151 se
1323 1096 1533 1149 faciunt
1572 1094 1885 1150 testimonia
1916 1096 2067 1165 prio-

475 1201 568 1242 res
592 1203 861 1257 usurpare
884 1188 1062 1241 solent
1082 1187 1119 1240 ii
1142 1187 1237 1255 qui
1267 1186 1551 1242 rudiorum
1570 1187 1768 1242 animis
1785 1198 2066 1258 stuporem

479 1278 709 1349 injicere
744 1279 1105 1335 didicerunt?
1155 1278 1370 1334 Etenim
1426 1279 1650 1343 Aetius,
1708 1283 1803 1349 qui
1848 1280 1904 1333 in
1947 1279 2066 1335 sola

477 1372 947 1442 pronuntiatione,
994 1385 1104 1424 non
1147 1369 1201 1423 in
1238 1370 1315 1425 rei
1343 1370 1592 1436 veritate,
1657 1384 1810 1440 spem
1848 1384 2066 1426 omnem

477 1463 789 1524 collocavit,
822 1460 970 1515 istud
1008 1460 1186 1527 ipsum
1217 1460 1379 1514 nobis
1418 1459 1660 1528 obiicere
1693 1459 1827 1512 nihil
1857 1469 1944 1516 est
1972 1475 2067 1515 ve-

478 1553 638 1618 ritus,
674 1568 798 1606 cum
836 1552 952 1621 ipse
988 1549 1080 1603 Dei
1117 1547 1312 1602 Filium
1378 1548 1658 1620 Deumque
1703 1548 1920 1605 Patrem
1951 1550 2069 1605 sola

475 1660 611 1700 voce
669 1643 917 1699 conﬁteri
965 1658 1073 1695 non
1123 1641 1445 1695 erubuerit:
1480 1656 1606 1696 nam
1659 1641 1806 1710 quod
1857 1641 1924 1694 ad
1961 1654 2064 1695 nos

476 1735 694 1798 attinet,
729 1733 1037 1788 naturalem
1061 1732 1117 1786 in
1140 1730 1334 1801 primis
1360 1745 1484 1787 esse
1499 1730 1715 1786 Patrem
1742 1731 2066 1799 asserimus,

2736 999 3062 1069 Ἀνατροπὴ
3093 993 3220 1059 1G".

2245 1091 2370 1155 Πῶς
2402 1090 2808 1163 προλαμϐάνειν
2841 1092 3063 1147 εἰώθασι
3091 1096 3191 1154 τὰς
3225 1091 3349 1145 καθ’
3379 1093 3578 1146 ἑαυτῶν
3602 1112 3723 1168 μαρ-

2169 1180 2360 1250 τυρίας
2403 1182 2453 1234 οί
2484 1179 2782 1251 ὲκθαμὸεῖν
2827 1182 2926 1252 τὴν
2971 1181 3209 1234 διάνοιαν
3238 1180 3348 1234 τῶν
3391 1183 3616 1256 suam
3651 1204 3726 1256 ps-

2175 1271 2483 1342 μαθηκότες
2506 1290 2522 1339 ;
2560 1272 2617 1325 '0
2645 1272 2754 1343 γὰρ
2781 1274 2841 1326 ὲν
2870 1273 3120 1343 προφορᾷ
3147 1273 3245 1343 τὴν
3266 1273 3456 1329 ἐλπίδα
3482 1276 3723 1346 κεκτημέ-

2173 1377 2264 1424 νος
2305 1361 2511 1423 ’Δέτιος
2559 1361 2719 1431 μόνος
2747 1362 2790 1426 ⁸,
2836 1364 2932 1416 καὶ
2962 1363 3062 1415 οὐκ
3094 1362 3324 1435 ἀληθείᾳ
3347 1404 3363 1428 ,
3395 1364 3586 1436 ταύτην
3612 1369 3723 1436 ἡμῖν

2174 1450 2529 1523 ἐπιφημίζειν
2559 1451 2849 1522 τολμηρῶς
2901 1451 3169 1522 προῆλθεν
3213 1453 3378 1517 αὐτὸς
3402 1493 3417 1517 ,
3453 1454 3574 1508 Υίὸν
3610 1456 3723 1509 Θεοῦ

2174 1542 2273 1595 καὶ⁵
2312 1542 2446 1596 Θεὸν
2472 1543 2693 1613 Πατέρα
2737 1541 2877 1613 ψιλῷ
2909 1542 3053 1613 λόγῳ
3104 1543 3179 1615 μὴ
3211 1545 3477 1608 αἰδεσθεὶς
3500 1547 3726 1618 ὁμολογῆ-

2175 1651 2303 1687 σαι·
2340 1633 2497 1704 ἡμῶν
2540 1634 2597 1687 δὲ
2625 1633 2863 1704 μάλιστα
2910 1633 3319 1704 ὁμολογούντων
3362 1638 3581 1705 φυσικὸν
3611 1635 3722 1692 εἶναι

2173 1725 2416 1797 Πατέρα,
2449 1726 2544 1779 καὶ
2572 1726 2798 1794 φυσικὸν
2858 1720 2999 1778 εἶναι
3040 1725 3209 1793 Ἰ⁸ίὸν,,
3236 1728 3332 1781 καὶ
3372 1730 3587 1799 φυσικὸν
3610 1724 3723 1784 εἶναι

474 1832 530 1879 et
571 1823 873 1879 naturalem
916 1818 1147 1882 Filium,
1191 1827 1246 1873 et
1274 1818 1580 1873 naturalem
1633 1818 1896 1889 Spiritum
1939 1836 2067 1876 san-

2174 1814 2330 1884 ἆγιον
2366 1815 2612 1888 Πνεῦμα.
2645 1817 2723 1888 Τῇ
2764 1817 2874 1888 γὰρ
2900 1817 3087 1888 Τριάδι
3121 1817 3272 1871 οὐδὲν
3308 1818 3435 1872 ἄλλο
3458 1821 3723 1894 συγκριθη-

477 1923 652 1969 ctum.
681 1912 828 1967 Nihil
867 1919 1051 1967 autem
1086 1909 1328 1965 conferri
1360 1924 1485 1963 cum
1531 1908 1805 1967 Trinitate
1846 1920 2063 1981 potest:

478 2007 550 2057 ob
583 2003 747 2073 idque
781 1999 1256 2056 consubstantiale
1316 2013 1508 2053 revera
1572 2008 1658 2055 est
1705 2000 1829 2056 ﬁdei
1859 2010 2066 2058 nostrae

478 2094 906 2155 ﬁrmamentum,
941 2107 1122 2162 neque
1164 2090 1282 2146 sola
1318 2091 1773 2160 pronuntiatione
1815 2101 2065 2161 constat;

477 2201 601 2256 qua:
631 2201 755 2240 cum
787 2184 949 2239 modo
979 2185 1072 2247 sit,
1099 2181 1263 2237 modo
1292 2182 1532 2247 desinat,
1569 2181 1625 2238 in
1657 2184 1888 2239 nihilum
1928 2185 2072 2241 redi-

478 2277 672 2347 gitur:
709 2276 836 2329 talis
866 2284 951 2330 est
993 2273 1063 2329 de
1108 2272 1295 2337 Patre,
1324 2270 1465 2327 Filio
1515 2288 1579 2328 ac
1621 2274 1832 2346 Spiritu
1873 2276 2068 2331 sancto

477 2368 617 2424 Aetii
642 2368 931 2424 sententia.
973 2365 1067 2421 Est
1100 2366 1248 2421 enim
1279 2381 1442 2422 verus
1467 2367 1656 2437 utique
1686 2362 1870 2431 Pater,
1902 2384 2070 2427 verus

480 2458 671 2523 Filius,
707 2475 869 2515 verus
896 2458 1137 2529 Spiritus
1171 2466 1429 2512 sanctus:
1454 2459 1806 2528 quantumvis
1826 2459 2069 2517 inﬁnitos

482 2552 574 2607 ille
600 2552 949 2623 syllogismos
1001 2548 1335 2619 eosdemque
1365 2549 1696 2606 vanissimos
1728 2566 1913 2608 serere
1938 2568 2071 2608 con-

481 2641 689 2696 tendat.
749 2641 826 2695 De
894 2638 1213 2709 bujusmodi
1279 2653 1412 2693 vero
1477 2638 1795 2696 hominibus
1850 2642 2069 2700 divinus

482 2747 665 2786 sermo
719 2732 800 2788 sic
847 2732 1126 2802 loquitur:
1160 2731 1493 2800 Sapientiam
1547 2732 1847 2800 sapientum
1889 2751 2072 2804 repro-

481 2821 618 2876 babo
652 2821 669 2853 ²
698 2821 861 2877 :itcm
898 2843 911 2878 :
944 2820 1105 2877 Novit
1132 2821 1397 2878 Dominus
1417 2825 1758 2896 cogitationes
1778 2825 2071 2897 hominum,

478 2915 732 2981 quoniam
763 2931 913 2969 uana:
941 2927 1066 2969 sunt
1111 2914 1153 2979 ³,
1186 2921 1295 2970 etc.

940 3025 1125 3082 AETll
1168 3026 1401 3083 CAPUT
1446 3026 1612 3083 XVII.

559 3112 616 3168 Si
651 3114 952 3186 ingenitum
987 3116 1124 3170 nihil
1154 3118 1222 3173 ad
1254 3118 1579 3173 substantia:
1604 3118 1920 3188 dignitatem
1954 3137 2072 3178 am-

481 3206 626 3276 plius
647 3207 883 3271 confert,
914 3222 1078 3278 quam
1117 3209 1395 3280 genitum;
1448 3208 1623 3266 Filius
1661 3212 1776 3266 sola
1816 3216 2067 3271 vocabuli

482 3299 931 3368 pronuntiatione
962 3309 1276 3370 superatus,
1337 3302 1748 3372 praestantiores
1790 3320 1850 3362 se
1889 3307 2071 3377 appel-

478 3390 656 3447 lantes
718 3392 867 3462 ipsos
925 3400 1205 3461 agnoscet,
1249 3408 1360 3449 non
1400 3386 1549 3461 eum,
1586 3396 1679 3466 qui
1717 3396 1890 3467 ipsius
1925 3398 2069 3457 Deus

476 3482 784 3553 appellatur
808 3490 862 3536 et
889 3479 1073 3537 Pater.

887 3593 1052 3664 957
1093 3594 1403 3664 Confutatio
1436 3595 1635 3651 XVII.

548 3685 813 3751 Quamvis
857 3685 1177 3741 innumeras
1220 3688 1381 3741 nobis
1418 3687 1610 3743 Aetius
1649 3692 1945 3761 tragoedias
1972 3708 2070 3747 ex-

484 3777 629 3841 :itet,
679 3777 827 3830 nulla
874 3777 1036 3831 nobis
1078 3791 1321 3846 unquam
1372 3792 1496 3832 eum
1548 3780 1749 3849 pietate
1773 3784 2068 3852 conjuncta

479 3869 623 3921 ratio
655 3866 993 3936 persuadere
1025 3867 1262 3936 poterit,
1307 3870 1717 3938 prmstantiorcs
1761 3872 1884 3927 illos
1921 3889 2067 3938 esse,

479 3959 575 4028 qui
625 3959 696 4012 ab
747 3972 835 4023 eo,
875 3958 969 4027 qui
1016 3965 1123 4021 est,
1175 3966 1236 4012 ut
1277 3968 1469 4014 essent
1514 3961 1895 4019 obtinuerunt.
1930 3963 2068 4019 Nam

481 4050 662 4121 ipsius
711 4048 978 4104 beneﬁcio
1028 4047 1150 4103 illos
1197 4049 1478 4105 exstitisse
1524 4051 1614 4106 ille
1660 4052 1777 4122 ipse
1810 4062 2067 4110 testatur.

479 4145 552 4197 At
571 4144 664 4212 qui
696 4141 964 4211 singulari
992 4139 1140 4196 illius
1169 4154 1397 4196 munere
1425 4140 1866 4199 Christianorum
1888 4145 2065 4217 digitio

481 4244 646 4289 tatem
671 4232 912 4289 assecuti
946 4239 1095 4295 sunt,
1127 4232 1368 4303 genitam
1391 4234 1633 4289 sobolem
1676 4250 1785 4290 non
1828 4239 1945 4292 sola
1974 4254 2071 4293 vo-

476 4324 563 4380 cis
590 4323 918 4394 prolatione,
960 4321 1054 4377 sed
1085 4335 1329 4376 verume
1350 4337 1481 4377 vero
1504 4324 1750 4393 genitum
1792 4326 2069 4395 appellare

477 4426 709 4482 norunt;
743 4430 811 4471 eo
844 4413 992 4485 quod
1023 4429 1149 4469 vere
1187 4413 1365 4484 ipsum
1398 4415 1729 4486 intelligunt,
1756 4424 1812 4471 et
1844 4431 1873 4469 a
1905 4415 2068 4472 Patre

2173 1925 2325 1961 σεται
2353 1925 2367 1939 '
2404 1909 2498 1961 καὶ
2553 1908 2642 1963 διὰ
2681 1908 2840 1961 τοῦτο
2878 1907 3152 1980 ἀληθινῶς
3207 1911 3495 1982 ὁμοούσιόν
3541 1915 3644 1966 ἐστι
3675 1914 3723 1966 τὸ

2169 2000 2271 2070 τῆς
2296 1999 2589 2071 ὁμολογίας
2641 1999 2798 2071 ἡμῶν
2832 1999 3098 2072 ἔρεισμα,
3132 2001 3233 2055 διαὶ
3273 2003 3335 2055 οὐ
3362 2003 3448 2057 διὰ
3480 2009 3723 2076 προφορᾶς

2168 2091 2269 2162 τῆς
2301 2090 2369 2145 δι’
2394 2092 2561 2146 αὐτοῦ
2589 2093 2608 2125 ⁷
2638 2090 2888 2160 γίνεσθαι
2926 2094 3018 2147 καί
3051 2093 3126 2165 μὴ
3150 2094 3399 2164 γίνεσθαι
3431 2097 3722 2168 ἀναιρουμέ-

2170 2200 2304 2254 νης·
2349 2184 2426 2248 ὡς
2457 2186 2491 2256 ὴ
2534 2184 2627 2238 τοῦ
2666 2185 2871 2239 Ἀετίου
2916 2187 3046 2258 περὶ
3070 2187 3287 2259 Πατρὸς
3336 2189 3463 2256 δόξα
3507 2191 3593 2243 καὶ
3617 2188 3722 2242 Υίοῦ

2170 2272 2267 2326 καὶ
2306 2273 2464 2344 ἁγίου
2494 2273 2832 2345 Πνεύματος.
2868 2276 3024 2329 Ἔστι
3064 2275 3174 2348 γὰρ
3207 2278 3378 2342 ὅντως
3414 2279 3591 2352 Πατὴρ
3615 2279 3721 2348 ἀλη.

2171 2360 2350 2427 θινὸς,
2382 2364 2477 2418 καὶ
2509 2362 2636 2428 Υἱὸς
2669 2363 2837 2427 ὅντως
2870 2365 3123 2436 ἀληθινὸς
3142 2406 3159 2431 ,
3188 2367 3287 2421 καὶ⁵
3329 2369 3547 2439 Πνεῦμα
3594 2367 3721 2436 ἅγιον

2172 2453 2426 2526 ἀληθινὸν
2448 2496 2464 2520 ,
2514 2456 2617 2511 κᾶν
2666 2473 2727 2509 τε
2776 2457 3003 2529 μυρίους
3062 2458 3459 2532 συλλογισμοὺς
3494 2461 3722 2532 ματαίους

2173 2545 2512 2622 ὑποσπείρῃ,
2543 2547 2620 2613 ῶς
2646 2565 2819 2619 φησιν
2850 2550 2879 2602 6
2907 2549 3049 2614 θεῖος
3081 2550 3241 2619 λόγος
3277 2555 3407 2624 περὶ
3448 2554 3550 2606 τῶν
3572 2549 3721 2605 τοιού-

2170 2655 2280 2693 των
2306 2638 2502 2708 λέγων,
2532 2640 2614 2693 ὅτι
2650 2641 2768 2709 Τὴν
2802 2642 3061 2696 σύνεσιν
3098 2641 3216 2697 τῶν
3240 2644 3517 2699 συνετῶν
3541 2641 3720 2711 ἀθετή-

2171 2745 2262 2783 σω
2283 2748 2299 2764 ο
2336 2730 2430 2785 καὶ
2457 2733 2540 2785 ὄτι
2581 2727 2717 2786 Οἵδε
2739 2733 2951 2802 Κύριος
2977 2734 3123 2802 τοὺς
3150 2739 3486 2808 λογισμοὺς
3507 2736 3614 2792 τῶν
3633 2738 3719 2791 ἀν-

2173 2820 2444 2891 θρώπων,
2480 2822 2571 2877 ὅτι
2608 2822 2730 2878 είσὶ
2759 2823 3025 2895 μάταιοι,
3055 2825 3247 2880 καὶτὰ
3277 2826 3425 2898 ἑξῆς.

2543 3019 2938 3079 ΚΕΦΑΛΔΙΟΝ
2978 3022 3236 3077 ΑΕΤίοΥ
3291 3024 3387 3076 lZ’.

2246 3113 2311 3165 El
2361 3113 2529 3185 μηδὲν
2582 3114 2742 3168 πλέον
2800 3114 2955 3186 νέμει
3011 3117 3092 3179 εἰς
3148 3116 3427 3189 ὑπεροχὴν
3463 3116 3632 3178 οὐσίας
3673 3114 3724 3167 τὺ

2172 3204 2469 3276 ἀγέννητον
2499 3205 2638 3278 πρὸς
2689 3205 2753 3260 τὸ
2779 3206 3037 3276 γεννητὸν
3061 3248 3077 3273 ,
3111 3210 3371 3280 προφορᾷ
3401 3209 3554 3279 μόνον
3581 3208 3720 3275 ὑπει-

2169 3299 2429 3370 εχόμενος
2475 3300 2504 3353 6
2558 3298 2687 3363 Υίὸς
2709 3338 2726 3365 ,
2786 3298 3032 3370 βελτίους
3082 3299 3283 3354 ἑαυτοῦ
3318 3300 3575 3371 γνώσεται
3618 3300 3721 3360 τοὺς

2170 3390 2721 3462 προσαγορεύσαντας
2746 3430 2763 3457 ,
2817 3392 2879 3445 οὐ
2922 3392 3016 3447 τὸν
3068 3393 3571 3466 προσαγορευθέντα
3613 3387 3719 3444 Θεὸν

2170 3481 2334 3536 αὐτοῦ
2368 3483 2461 3537 καὶ
2483 3483 2724 3555 Πατέρα.

2718 3595 3065 3665 Ἀνατροπὴ,
3108 3599 3223 3651 IZ'.

2239 3684 2431 3747 Οὐδεὶς
2464 3683 2694 3754 εὐσεϐὴς
2722 3685 2881 3753 λόγος
2911 3687 3308 3757 συγχωρήσειε,
3340 3687 3441 3742 κᾶν
3471 3702 3527 3738 τε
3576 3683 3714 3754 μυρία

2167 3776 2633 3849 δραματουργήσῃ
2677 3779 2809 3847 ἡμῖν
2874 3777 3099 3843 ’Δέτιος,
3133 3780 3392 3850 ἀμείνους
3435 3776 3567 3834 εῖναι
3615 3779 3715 3839 τοὺς

2169 3867 2229 3920 τὸ
2262 3861 2403 3920 εἶναι
2458 3868 2610 3939 παρὰ
2647 3869 2743 3922 τοῦ
2771 3868 2927 3933 ὄντος
2978 3871 3289 3941 εἰληφότας.
3328 3873 3406 3926 Δι’
3433 3871 3587 3927 αὐτοῦ
3627 3868 3729 3938 γὰρ

2168 3958 2263 4011 καὶ
2311 3957 2475 4021 αὐτὸς
2504 3958 2759 4029 ὁμολογεῖ
2800 3961 2929 4024 τοὺς
2972 3961 3172 4026 αὐτοὺς
3221 3963 3560 4034 γεγενῆσθαι.
3602 3959 3717 4042 υῇτε

2169 4047 2281 4119 γὰρ
2312 4047 2456 4102 κατὰ
2488 4048 2769 4121 προφορὰν
2794 4048 2951 4119 λόγον
2988 4050 3137 4105 ἴσασι
3176 4053 3241 4106 τὸ
3272 4053 3512 4125 γέννημα
3542 4048 3715 4110 καλεῖν,

2168 4139 2304 4192 ἀλλὰ
2333 4139 2585 4209 ἀληθινὸν
2636 4141 2695 4207 ἐξ
2739 4141 2997 4213 ἀληθινοῦ
3030 4147 3452 4217 γεγεννημένον,
3484 4147 3532 4199 οί
3560 4145 3612 4211 ἐξ
3640 4142 3718 4197 αὐ-

2168 4227 2264 4283 τοῦ
2316 4230 2770 4303 εὐεργετηθέντες
2814 4234 3219 4307 καταξιωθῆναι
3273 4239 3609 4309 Χριστιανοὶ,
3653 4231 3717 4302 τῷ

2170 4321 2369 4375 εἰδέναι
2414 4322 2577 4378 αὐτὸν
2616 4325 2674 4378 ἐν
2706 4324 2958 4397 ἀληθείᾳ,
3003 4329 3099 4381 καὶ
3140 4328 3477 4401 διδαχθέντες
3515 4329 3596 4383 διὰ
3627 4327 3719 4379 Πα-

2168 4413 2319 4483 τρὸς,
2375 4413 2470 4467 καὶ
2518 4415 2619 4468 οὐκ
2666 4415 2777 4471 ἀπὸ
2819 4419 3024 4488 σαρκὸς
3065 4418 3161 4472 καὶ
3207 4422 3458 4491 αἳματος.
3506 4421 3606 4474 Καὶ
3644 4415 3716 4469 διὰ

477 4516 628 4575 sunt,
657 4524 768 4563 non
813 4521 845 4560 a
881 4520 1070 4569 carne,
1112 4506 1198 4560 vel
1228 4507 1497 4577 sanguine
1528 4508 1834 4577 perdocti’.
1887 4508 2062 4574 Quam

2171 4505 2327 4559 τοῦτο
2363 4506 2590 4571 είκότως
2618 4509 3068 4582 μακαριζόμενοι,
3101 4511 3177 4576 ὡς
3204 4516 3234 4566 6
3267 4514 3407 4584 μετὰ
3437 4510 3716 4585 προσθήκης

477 4602 550 4658 ob
580 4614 803 4656 causam
828 4597 1018 4654 felices
1038 4597 1234 4653 merito
1264 4598 1659 4669 praedicantur,
1692 4609 1751 4653 ut
1780 4599 1925 4655 inter
1957 4613 2062 4655 cte-

2171 4595 2527 4661 τοῦ,ζῶντος,
2542 4597 2666 4653 Υἱὸν
2697 4598 2833 4653 Θεοῦ
2866 4601 3027 4657 αὐτὸν
3049 4603 3327 4672 ἐπιγνοὺς,
3361 4605 3460 4660 κᾶν
3494 4621 3550 4657 τε
3578 4615 3715 4654 πνευ-

475 4702 625 4748 teros
667 4689 948 4760 apostolus
990 4689 1102 4756 ille,
1146 4689 1244 4761 qui
1288 4689 1526 4745 viventis
1558 4690 1746 4746 addito
1793 4692 2063 4746 vocabulo

2173 4689 2419 4759 partita);
2467 4690 2887 4762 ἀνακρινόμενοι
2937 4693 3050 4764 (91)
3097 4694 3119 4726 ⁸
3156 4694 3208 4767 [6
3253 4696 3466 4767 πνεῦμα
3511 4693 3581 4747 ὣν
3640 4687 3717 4743 καὶ

477 4782 571 4839 Dei
610 4781 806 4837 Filium
848 4783 1002 4836 illum
1050 4782 1272 4852 agnovit
1292 4781 1334 4834 ‘.
1366 4782 1533 4838 Iidem
1576 4797 1742 4853 porro
1770 4783 2063 4837 animalem

2171 4780 2504 4852 Μονογενὴς]
2550 4782 2643 4836 τὸν
2675 4782 2907 4854 ψυχικὸν
2950 4786 3153 4841 ’Δέτιον
3203 4788 3279 4860 μὴ
3309 4787 3713 4860 παραδεχόμενον

477 4873 696 4928 Aetium
727 4872 1051 4943 spiritaliter
1069 4872 1397 4941 dijudicant,
1429 4873 1521 4943 qui
1553 4888 1616 4928 ea
1645 4888 1766 4943 quze
1799 4873 1867 4929 ad
1903 4874 2064 4943 spiri-

2171 4873 2238 4925 τὰ
2267 4871 2361 4925 τοῦ
2401 4870 2742 4941 ΙΙνεύματος,
2775 4874 2875 4928 κᾶν
2897 4891 2957 4927 τε
2988 4877 3130 4929 είποι
3150 4893 3165 4909 ·
3212 4879 3555 4947 Ἀπέρχομαι
3587 4869 3715 4947 πρῶς

480 4973 596 5020 tum
630 4965 902 5033 pertinent
934 4963 1209 5035 repudiat.
1244 4963 1326 5019 Ac
1355 4964 1484 5020 licet
1505 4966 1827 5035 unigenitus
1850 4965 1942 5020 Dei
1972 4964 2066 5018 Fi-

2171 4960 2277 5014 τὸν
2324 4961 2557 5029 Πατέρα
2595 4979 2718 5031 μου
2787 4964 2886 5017 καὶ
2940 4965 3173 5034 Πατέρα
3216 4943 3422 5038 ὑμῶνί
3451 4943 3540 5019 ναὶ
3590 4943 3712 5014 Θεόν

478 5056 613 5116 lius.
658 5071 724 5108 ac
768 5054 1010 5125 Spiritus
1056 5056 1132 5110 ita
1178 5056 1482 5127 loquatur:
1524 5054 1671 5110 Vada
1724 5058 1794 5111 ad
1851 5055 2067 5111 Patrem

2171 5068 2284 5120 μου
2322 5051 2421 5105 καὶ
2473 5050 2625 5106 Θεὸν
2651 5051 2819 5123 ὑμῶν
2843 5070 2857 5083 ⁸
2887 5055 2995 5107 τῶν
3036 5057 3360 5129 ἀμφοτέρων
3405 5055 3594 5109 τούτων
3616 5050 3712 5101 ὀνο·

480 5160 675 5207 meum,
707 5154 755 5199 et
785 5143 1000 5198 Patrem
1046 5156 1296 5211 vestrum,
1345 5145 1516 5201 Deum
1569 5162 1743 5199 meum
1801 5155 1850 5199 et
1900 5145 2067 5201 Deum

2179 5141 2389 5212 μασιῶν
2446 5143 2583 5214 πρὸς
2627 5144 2695 5197 τὰ
2728 5142 2989 5216 ἁλλογενῆ
3029 5146 3269 5217 ὀνόματα
3313 5148 3388 5219 μὴ
3434 5141 3710 5212 δυναμένων

480 5236 784 5304 uestrum";
825 5238 1000 5292 ambae
1045 5246 1226 5294 tamen
1270 5238 1667 5308 appellationes
1700 5238 1820 5295 istae
1849 5239 2063 5305 alienis,

2173 5232 2502 5301 ἐξισοῦσθαι,
2532 5235 2633 5306 τῆς
2665 5236 2922 5307 ἀληθείας
2948 5239 3036 5292 ἀεὶ
3071 5237 3357 5311 μενούσης,
3390 5237 3480 5290 καὶ
3505 5232 3709 5296 ἑκάστης

577 5391 591 5415 ⁶
638 5389 655 5443 l
694 5386 824 5450 Cor,
871 5404 912 5455 ι,
947 5386 1031 5443 l9.
1137 5387 1323 5444 'Psal.
1371 5405 1524 5454 xcm,
1590 5390 1679 5444 ll.
1782 5390 1803 5421 ³
1837 5389 2026 5443 Matth.

2182 5431 2195 5451 ν
2234 5388 2320 5442 ¹7-
2427 5389 2449 5421 ⁸
2480 5388 2612 5444 ibid.
2663 5388 2729 5445 16
2850 5388 3055 5446 ἓιῖοδιι,
3091 5389 3306 5455 χχηΓΙ,
3405 5389 3425 5420 ο
3458 5383 3518 5440 F,
3550 5378 3704 5451 μόνον.

479 5460 502 5493 '
532 5458 596 5515 F.
625 5460 715 5515 διὰ
745 5460 862 5513 τοῦ.
937 5459 960 5491 ⁸
983 5458 1195 5513 Luxata
1217 5460 1332 5513 haec
1363 5468 1465 5516 suo
1490 5461 1612 5516 loco
1635 5460 1906 5514 arbitror.
1944 5459 2080 5514 Vide
2103 5469 2286 5515 notas.

2427 5389 2449 5421 ⁸
2480 5388 2612 5444 ibid.
2663 5388 2729 5445 16
2850 5388 3055 5446 EJoan.
3091 5389 3306 5473 “"17.

549 5614 662 5684 (9|)
699 5615 826 5669 Κᾶν
858 5632 920 5669 τε
960 5611 1373 5683 πνευματικῶς
1413 5613 1887 5683 ἀνακρινόμενοι.
1932 5614 2064 5680 Quae

2174 5622 2323 5676 sunt,
2354 5623 2408 5667 et
2438 5615 2490 5668 in
2520 5616 2680 5669 tertio
2706 5632 2863 5669 versu
2897 5616 2962 5669 ad
2995 5616 3141 5669 hunc.
3164 5614 3383 5668 modum
3410 5598 3702 5681 reponenda:

483 5687 791 5754 parenthesi
825 5686 1027 5741 includi
1072 5685 1385 5757 jussimus,
1418 5699 1483 5739 ea
1535 5686 1656 5739 loco
1700 5700 1802 5740 suo
1853 5685 2058 5740 dimota

2171 5684 2272 5739 κᾶν
2303 5702 2361 5737 τε
2388 5686 2531 5739 εἴποι
2563 5689 2591 5738 6
2625 5688 2839 5756 πνεῦμα
2875 5688 2952 5741 ῶν
2997 5688 3089 5739 καὶ
3122 5684 3443 5754 Μονογενής.
