3964 6398
293 333 408 393 585

940 342 1312 402 ADVERSUS
1349 347 1691 407 IIERESES
1731 353 1849 408 LIB.

1955 356 1989 412 I.
2032 358 2194 415 TOM.
2228 359 2265 414 I.
2293 392 2359 401 —
2392 361 2664 421 IIAZRES.
2706 367 2939 422 LXXVI.

3470 382 3568 438 586

294 447 589 518 χρειὼδους
616 451 825 519 τάξεως
854 456 912 511 ὲν
943 457 1054 528 Υίῷ
1085 459 1221 513 Θεοῦ
1254 463 1314 516 ὲν
1347 463 1576 538 ἀληθείᾳ
1612 468 1675 521 τὸ
1715 468 1849 539 σαφὲ

1955 486 2054 534 .ac
2104 473 2339 534 diversis
2391 480 2709 539 nominibus
2761 484 3036 556 adaequari
3084 500 3392 561 nequeunt,
3440 508 3566 549 cum

289 540 675 614 διδασκούσης.
721 544 859 598 Οὑτε
905 546 1035 620 γὰρ,
1067 550 1299 621 Πατέρα
1323 574 1468 625 μου,
1503 559 1603 613 καὶ
1651 559 1849 630 Πατέρ

2894 540 2911 556 ι
2960 540 3035 542 νην
3085 540 3392 561 ---νι--“---Ἷ
3445 540 3566 549 """

1986 572 2254 636 perpetuo
2304 573 2509 628 veritas
2556 574 2677 644 ipsa
2719 586 3068 646 permaneat,
3115 595 3179 636 ac
3222 583 3567 654 singularum

289 630 480 700 ὑμῶν,
509 634 653 688 κατὰ
685 636 788 707 τὴν
816 638 997 709 σάρκα
1034 642 1114 705 είς
1145 645 1343 710 αὐτοὺς
1382 647 1727 720 πληρωτέονο
1765 652 1849 705 πῶ

1987 630 2007 633 -
2087 630 2108 636 -
2577 630 2594 644 .
2719 630 2779 646 ,κ
3116 630 3178 636 η-
3222 630 3567 654 -.πο-ων.-

1984 670 2181 712 vocum
2227 665 2487 734 preprius
2534 674 2589 721 et
2636 671 2983 726 necessarius
3033 673 3170 728 ordo
3216 674 3296 729 rei
3334 675 3388 730 in
3427 673 3568 731 Filio

286 723 405 795 γὰρ
435 724 619 798 πατὴρ
662 728 865 799 σαρκὸς
898 732 926 783 ό
966 731 1120 797 Θεὸς.
1166 737 1195 788 ὁ
1235 738 1416 809 σάρκα
1463 742 1537 814 μὴ
1576 744 1880 816 ἐνδυσάμε-

1981 745 2080 803 Dei
2121 750 2409 809 veritatem
2457 757 2606 814 clare
2634 773 2698 813 ac
2725 764 3015 832 perspicue
3047 765 3407 822 demonstret.
3455 766 3565 822 Ne-

286 829 419 921 vpc;
469 815 628 915 Οὑτε,
667 818 776 873 τὸν
825 823 976 877 tier
1015 842 1156 894 μου,
1189 828 1286 881 καὶ
1327 831 1476 886 Θεὸν
1516 833 1703 903 ὑμῶν.
1739 815 1849 890 κατι

1981 853 2089 910 que
2126 842 2274 897 enim
2312 845 2428 901 haec
2470 847 2612 918 ipsa,
2646 849 2866 907 Patrem
2899 871 3093 921 meum,
3129 866 3180 910 et
3218 856 3434 913 Patrem
3465 876 3562 914 ve-

283 901 389 994 τὴν
440 904 535 959 τοῦ
574 906 706 961 Υίοῦ
740 908 996 983 θεότητα,
1041 916 1138 968 καὶ
1171 919 1314 973 κατὰ
1342 921 1443 992 τὴν
1476 901 1735 994 μαθητῶν
1767 928 1878 980 υἱο-

285 993 479 1051 θεσίαν
532 998 881 1071 πληρωτέον·
936 1004 1094 1071 ἀλλὰ,
1155 1010 1306 1064 Θεόν
1352 1030 1509 1082 μου,
1568 993 1667 1070 καὶ
1729 1018 1879 1073 Θεὸν

285 1085 461 1118 {natm
528 1089 615 1118 λαὶ.
653 1091 751 1118 .Δ...
782 1094 1054 1118 .L.---1---,_
1105 1100 1137 1118 ιν
1231 1101 1256 1118 Λ
1317 1101 1331 1118 ο

281 1175 397 1270 δὼς
447 1179 801 1270 ό-ἀληθεύων
848 1188 909 1239 ὲν
945 1188 1119 1243 ἅπασι
1170 1194 1295 1258 τοὺς
1350 1175 1596 1267 μαθητὰς
1640 1175 1875 1270 ἠσφαλί-

283 1259 432 1363 Fero:
466 1265 699 1363 Πατέρα
749 1270 806 1325 δέ
832 1291 976 1342 μου,
1023 1278 1123 1331 καὶ
1164 1259 1401 1351 Πατέρα
1428 1259 1613 1354 ὑρῶκ,
1774 1292 1874 1363 τῆς

279 1354 421 1454 εμοῦ
470 1357 606 1429 πρὸς
649 1361 813 1454 αὑτὸν
854 1366 996 1420 κατὰ
1026 1369 1209 1439 φύσιν,
1262 1376 1356 1429 καὶ
1390 1378 1524 1447 ἐμοῦ
1558 1382 1694 1452 πρὸς
1728 1354 1872 1454 ὑμάς

278 1448 682 1542 επικοινωνίας,
717 1452 787 1528 ἦς
834 1459 947 1528 ἐγὼ
982 1462 1101 1532 μὲν,
1137 1464 1280 1521 κατὰ
1328 1448 1739 1542 φιλανθρωπίαν
1764 1448 1870 1528 *ὲνέ

276 1538 554 1637 δημήσας,
599 1545 776 1603 ἔδωκα
804 1549 934 1620 ὑμῖν
981 1553 1043 1606 τὸ
1082 1555 1098 1586 ¹
1129 1556 1383 1624 γενέσθαι
1407 1560 1495 1615 διὰ
1525 1538 1618 1617 τοῦ
1663 1566 1829 1637 ῥητοῦ
1850 1583 1865 1598 ο

279 1630 545 1724 Ἔδωκεν
566 1638 772 1704 αὐτοῖς
814 1641 1110 1705 ἐξουσίαν
1154 1648 1343 1705 τέκνα
1381 1653 1530 1709 Θεοῦ
1563 1630 1863 1724 γενέσθαι.

273 1721 478 1823 θιόπερ
500 1728 625 1823 ἐκαὶ
674 1731 858 1799 αὑτὸς,
890 1724 1021 1808 παρ’
1051 1739 1237 1805 αὑτοῖς
1279 1721 1592 1815 γενόμενος,
1652 1750 1865 1823 μορφὴν

1980 939 2172 999 atrum,
2207 935 2273 988 ad
2312 936 2485 1006 ipsius
2518 954 2739 997 carnem
2778 944 3063 1000 referenda
3093 955 3244 1004 sunt.
3275 948 3562 1015 Quomodo

1977 1021 2123 1077 enim
2157 1026 2342 1084 carnis
2383 1038 2542 1099 pater
2590 1031 2735 1089 Deus
2781 1051 2904 1092 esse
2950 1046 3154 1109 potest,
3199 1041 3291 1109 qui
3336 1057 3559 1096 carnem

1787 1129 1878 1164 ιω·
1948 1110 2257 1186 nunquam
2285 1118 2502 1176 induit?
2530 1122 2717 1195 Neque
2747 1126 2886 1194 haec,
2912 1129 3077 1185 Deum
3102 1148 3294 1197 meum,
3321 1144 3369 1186 et
3395 1134 3559 1187 Deum

1976 1215 2227 1273 vestrum,
2274 1210 2343 1266 de
2376 1212 2499 1268 Filii
2535 1215 2839 1286 divinitate,
2874 1221 2961 1275 vel
2990 1222 3285 1293 adoptione
3313 1224 3560 1295 discipu-

1974 1293 2152 1351 lorum
2180 1300 2501 1371 accipienda
2524 1313 2672 1361 sunt.
2704 1306 2811 1363 Sed
2833 1309 2948 1365 haec
2970 1312 3156 1378 verba,
3174 1313 3339 1368 Deum
3366 1293 3556 1379 meum,

1970 1394 2022 1439 et
2056 1385 2220 1442 Deum
2252 1403 2499 1459 vestrum,
2519 1397 2589 1451 ob
2618 1395 2913 1454 humanam
2943 1410 3213 1469 nostram,
3239 1423 3400 1475 quam
3431 1424 3556 1462 sns-

1969 1479 2137 1549 cepit,
2171 1492 2447 1552 naturam,
2471 1502 2582 1543 non
2601 1488 2720 1544 sine
2738 1492 2999 1560 mysterio
3017 1494 3264 1550 veritatis
3296 1497 3350 1550 in
3375 1500 3555 1552 οηιιιὶ-

1969 1570 2074 1627 bus
2133 1573 2662 1635 observantissimus
2717 1582 2786 1637 ad
2830 1584 3132 1655 discipulos
3184 1591 3555 1658 pranuunien-

1969 1662 2071 1718 dos
2098 1678 2365 1735 usurpare
2388 1669 2581 1724 voluit.
2613 1670 2833 1727 Patrem
2866 1689 2998 1729 vero
3027 1693 3221 1741 meum,
3248 1686 3298 1731 et
3333 1678 3552 1734 Patrem

1968 1762 2198 1808 vestrum
2224 1755 2383 1820 dixit,
2412 1765 2635 1829 propter
2664 1776 2839 1815 meam
2872 1756 3124 1818 cum'illo
3157 1773 3369 1822 natura:
3401 1782 3553 1823 com-

271 1814 465 1871 δούλου
497 1816 678 1885 ἔλασε,
706 1828 1038 1896 προσφάτως
1065 1833 1366 1906 προσφάτῳ
1407 1814 1849 1914 ὲπικοιειωνησας,

1966 1845 2306 1914 munionem,
2334 1863 2622 1920 meamque
2645 1851 2927 1908 vobiscum
2957 1873 2970 1909 :
3001 1854 3161 1925 cujus
3186 1872 3287 1927 ego
3309 1873 3408 1928 pro
3430 1875 3553 1914 mea

270 1909 385 1964 τῶν
424 1913 796 1984 ἀρχαῖζόντων
822 1919 1053 1975 ἐνόντων
1087 1925 1146 1977 ὲν
1173 1928 1486 2001 ταυτότητι,
1530 1933 1624 1985 καὶ
1676 1909 1752 2006 pi;
1781 1909 1861 2000 είς

271 2001 538 2075 σύγχυσιν
590 2008 1046 2079 μεταϐαινόντων,
1098 2016 1232 2071 υἱῶν
1278 2019 1378 2088 μὲν
1423 2001 1751 2092 ἀνθρώπων-
1772 2026 1861 2081 διὰ

266 2097 371 2168 τῆς
418 2099 655 2171 μετοχῆς
699 2103 780 2166 είς
829 2103 1140 2178 ἀφθαρσίαν
1195 2098 1705 2185 μεταϐαλλομένων,⁷
1741 2119 1858 2173 ἀλλ’

265 2190 371 2244 οὑκ
421 2193 504 2257 είς
552 2194 949 2268 όμοουσιότητα
1000 2202 1426 2274 συνενουμένων,
1480 2208 1574 2261 καὶ
1613 2209 1709 2263 τοῦ
1759 2212 1856 2283 τὴν

269 2285 488 2355 μορφὴν
531 2285 720 2340 δούλου
751 2287 1029 2355 λαὸόντος,
1074 2292 1161 2347 διὰ
1192 2293 1288 2348 τοῦ
1321 2297 1440 2366 μὲν,
1477 2299 1752 2370 λαϐόντος,
1797 2304 1857 2358 τὸ

265 2373 581 2443 πρόσφατον
625 2374 945 2453 δηλοῦντος,
997 2379 1087 2434 διὰ.
1144 2381 1203 2435 δὲ
1267 2385 1387 2448 τοῦ,
1417 2389 1473 2441 ὲν
1504 2395 1683 2464 μορφῇ
1719 2393 1853 2450 Θεοῦ

263 2464 725 2536 ὑπάρχοντος,είς
758 2470 968 2541 τροπὴν
1022 2471 1097 2544 μὴ
1148 2479 1584 2549 παρερχομένου.
1637 2485 1853 2541 Τούτων

258 2556 320 2610 δὲ
357 2557 531 2623 οὕτως
566 2558 756 2626 ὄντων,
802 2562 897 2616 καὶ
945 2564 1004 2616 ὲν
1031 2565 1214 2638 τελείᾳ
1256 2568 1457 2638 γνώσει
1486 2572 1656 2640 οὓτως
1701 2581 1854 2651 παρὰ

258 2650 376 2711 τοῖς
425 2647 783 2714 θεοδιδάκτοις
838 2652 1027 2722 σαφῶς
1069 2657 1545 2732 ὁμολογουμένων,
1595 2666 1717 2722 οὔτε
1767 2647 1846 2735 τὸ,

261 2739 410 2804 Θεός
437 2755 581 2807 μου,
627 2740 731 2795 καὶ
780 2742 925 2810 Θεὸς
968 2745 1157 2814 ὑμῶν,
1187 2748 1334 2816 οὔτε,
1389 2757 1422 2807 ό
1457 2756 1659 2827 Πατήρ
1703 2778 1846 2829 μου,

258 2830 359 2882 καὶ
409 2830 615 2898 Πατὴρ
660 2831 849 2902 ὑμῶν,
878 2835 987 2890 ἀπὸ
1033 2838 1135 2909 τῆς
1167 2841 1310 2895 κατὰ
1353 2843 1414 2896 τὸ
1458 2844 1679 2917 εὔλογον
1726 2852 1849 2905 ἐπι-

258 2922 548 2985 κοινωνίας
581 2924 670 2979 διὰ
706 2925 801 2980 τοῦ
832 2928 1124 3001 ὁμωνύμου
1158 2931 1345 2988 διοίσει
1380 2937 1480 3007 τῆς
1510 2940 1850 3013 ἀκραιφνοῦς

256 3013 470 3108 οὐσίας,
518 3017 627 3071 ἀπὸ
657 3019 759 3089 τῆς
803 3022 1078 3095 ὑπεροχῆς
1107 3026 1211 3097 τῆς
1259 3029 1397 3095 ἰδίας
1430 3032 1693 3108 ἰδιότητος
1742 3040 1848 3093 Πα-

1964 1935 2304 2008 benignitate
2332 1940 2422 1994 hic
2457 1941 2602 2010 apud
2632 1957 2732 1998 vos
2763 1945 2967 2014 degens
3003 1946 3304 2018 participes
3343 1958 3402 2003 ut
3428 1965 3551 2006 esse

1962 2026 2202 2096 possetis
2239 2027 2465 2083 indulsi.
2500 2028 2592 2084 Sic
2612 2030 2757 2085 enim
2796 2033 3062 2105 scriptum
3098 2044 3183 2093 cst
3209 2057 3222 2091 :
3251 2037 3409 2093 Dedit
3437 2040 3549 2093 illis

1957 2124 2269 2183 potestatem
2297 2118 2439 2187 ﬁlios
2470 2116 2570 2171 Dei
2595 2118 2716 2188 ﬁeri
2739 2121 2782 2176 '.
2818 2118 3114 2191 Propterea
3140 2139 3264 2180 cum
3292 2126 3383 2182 ille
3402 2128 3551 2197 apud

1959 2209 2111 2278 ipsos
2133 2211 2449 2273 exsisteret,
2477 2209 2706 2265 formam
2735 2217 2879 2267 servi
2908 2217 3173 2286 suscepit,
3204 2232 3330 2271 cum
3355 2234 3548 2275 recen-

1957 2301 2084 2356 tiori
2124 2317 2319 2359 recens
2351 2303 2797 2359 communionem
2829 2307 3162 2388 suscipiens,
3200 2311 3282 2365 sic
3313 2319 3371 2364 ut
3400 2312 3546 2367 intc-

1956 2394 2063 2449 rim
2083 2402 2268 2451 vetera
2292 2397 2556 2453 eodemin
2587 2406 2735 2454 statu
2756 2401 3183 2470 permanserint,
3211 2419 3388 2473 neque
3409 2419 3546 2458 con-

1955 2484 2226 2543 fusionem
2259 2489 2425 2544 ullam
2455 2505 2615 2561 passa
2639 2489 2865 2546 fuerint.
2892 2491 3188 2550 llominum
3216 2496 3416 2565 quippe
3445 2497 3543 2550 ﬁlii

1954 2579 2228 2652 ejusmodi
2292 2583 2713 2654 participatione
2770 2584 2838 2638 ad
2898 2584 3277 2655 incorruptum
3336 2596 3542 2641 statum

1954 2674 2206 2730 translati
2228 2683 2380 2740 sunt,
2423 2692 2532 2730 non
2571 2676 2762 2732 eadem
2799 2676 3107 2733 substantia
3136 2678 3438 2747 conjuncti.
3471 2682 3542 2733 At

1951 2783 2077 2824 cum
2120 2769 2266 2825 servi
2308 2770 2537 2825 formam
2568 2769 2742 2831 Filius
2785 2774 3068 2843 accepisse
3104 2773 3309 2828 dicitur
3334 2773 3379 2847 ξ.
3406 2773 3543 2840 illud

1949 2860 2258 2931 accipiendi
2303 2861 2629 2917 vocabulum
2680 2878 2881 2917 novum
2935 2864 3175 2936 aliquid,
3228 2879 3293 2919 ac
3349 2881 3542 2921 recens

1950 2949 2101 3006 istud
2140 2951 2420 3015 exstitisse
2463 2952 2824 3008 demonstrat.
2876 2951 3035 3020 Quod
3073 2962 3254 3010 autem
3295 2954 3543 3010 additum

1947 3051 2054 3107 est,
2092 3060 2216 3099 cum
2249 3042 2418 3115 953
2455 3044 2508 3098 in
2549 3043 2727 3099 forma
2761 3044 2850 3099 Dei
2922 3055 3074 3102 esset
3094 3047 3134 3115 ³,
3176 3047 3541 3101 mutationem

256 3105 386 3174 τρὸς
414 3108 552 3178 πρὸς
595 3108 744 3174 Υἱὸν,
785 3113 879 3165 καὶ
910 3114 1042 3167 Υίοῦ
1092 3117 1230 3185 πρὸς
1276 3120 1519 3193 Πατέρα,
1552 3105 1648 3179 καὶ
1685 3128 1843 3197 ἁγίου

1955 3128 2156 3191 nullam
2192 3137 2578 3193 intercessisse
2619 3137 2915 3209 signiﬁcat.
2946 3138 3080 3204 Qua:
3120 3155 3246 3194 cum
3298 3139 3372 3193 ita
3413 3155 3545 3194 sese

255 3196 574 3269 Πνεῦμα-,τος
600 3199 882 3267 ὡσαύτως.

1950 3228 2212 3292 habeant,
2243 3243 2309 3283 ac
2333 3243 2459 3285 cum
2493 3229 2739 3300 perfecta
2766 3229 2861 3285 Dei
2891 3231 3211 3299 cognitione
3239 3232 3565 3300 conjuncta,

255 3288 435 3356 palam
458 3289 528 3345 ab
555 3289 623 3346 iis
643 3302 984 3362 asserantur,
1015 3298 1108 3369 qui
1130 3298 1400 3359 divinitus
1459 3298 1701 3366 instituti
1761 3327 1912 3385 sunt,
1955 3334 2133 3390 neque
2163 3320 2279 3374 [nec
2319 3288 2512 3384 verba:
2538 3320 2679 3374 Deus
2709 3337 2874 3386 meus,
2903 3330 2953 3374 et
2980 3321 3121 3376 Deus
3151 3332 3335 3385 vester,
3361 3338 3539 3391 neque

253 3377 385 3444 ista,
426 3379 593 3435 Pater
621 3400 803 3452 meus,
837 3397 889 3442 et
927 3387 1093 3444 Pater
1124 3401 1320 3455 vester,
1356 3411 1548 3465 puram
1588 3400 1737 3459 illam
1774 3423 1838 3464 ac
1877 3413 2150 3466 sinceram
2220 3409 2315 3465 Dei
2374 3420 2628 3465 naturam
2664 3426 2695 3465 a
2727 3420 3121 3477 consentanea,
3151 3429 3252 3467 nec
3282 3413 3401 3482 ipso
3446 3412 3537 3467 in-

250 3473 421 3546 digna
454 3480 841 3537 communione
909 3494 1131 3555 propter
1192 3491 1341 3546 vocis
1404 3495 1814 3566 ambiguitatem
1885 3521 2144 3577 separare
2194 3514 2481 3575 poterunt,
2546 3515 2642 3559 aut
2706 3505 3004 3576 quidquam
3054 3507 3123 3562 de
3176 3507 3535 3576 preprietatis

248 3567 580 3626 excellentia
625 3572 936 3645 detrahent,
987 3597 1093 3651 qua
1157 3581 1323 3639 Pater
1378 3602 1503 3643 cum
1550 3590 1710 3662 Filio,
1746 3594 1915 3653 Filius
1944 3567 2077 3654 cum
2126 3567 2311 3665 Paitre,
2362 3614 2426 3654 ac
2469 3567 2990 3669 Spiritus-sanctus
3033 3600 3270 3672 denique
3309 3615 3536 3671 compa-

250 3666 468 3716 rantur.

622 3787 1018 3842 ΚΕΦΑΛΛΙΟΝ
1057 3788 1313 3847 ΛΕΤΙΟΥ
1350 3797 1455 3850 IH'.

324 3875 387 3929 EI
418 3877 450 3946 ή
481 3875 775 3950 ἀγέννητος
803 3880 959 3933 οὑσία
992 3882 1259 3953 κρείττων
1290 3886 1406 3940 ἐστὶ
1435 3890 1725 3958 γενέσεως,
1757 3896 1839 3948 οἵ·-

246 3968 411 4023 κοθεν
440 3968 640 4040 ἔχουσα
687 3970 748 4024 τὸ
782 3975 1049 4045 κρεῖττον,
1094 3976 1388 4032 αὑτοουσία
1408 3982 1556 4037 ἐστὶν
1607 3985 1839 4057 ἀγέννη-

246 4077 360 4124 τος.
423 4061 496 4114 Uti
560 4060 670 4133 γὰρ
708 4061 1052 4135 βουλόμενος,
1103 4068 1188 4121 ὅτι
1239 4067 1519 4138 βούλεται,
1568 4075 1839 4142 γενέσεώς

246 4155 367 4206 ἐστι
415 4142 697 4224 κρείττων,
749 4155 865 4210 ἀλλ’
898 4158 979 4211 ὅτι
1012 4159 1274 4228 πέφυκεν.
1324 4163 1466 4217 Αὐτὸ
1508 4161 1602 4219 οὖν
1654 4169 1835 4240 ὑπάρ-

247 4262 419 4316 χουσα
453 4246 611 4302 οὑσία
646 4248 940 4321 ἀγέννητος
969 4253 998 4305 ὁ
1025 4252 1178 4318 Θεὸς,
1214 4256 1391 4309 οὐδενὶ
1430 4257 1581 4328 λόγῳ.
1614 4262 1837 4334 ἐπιτρέ-

247 4355 339 4390 πει
401 4338 524 4392 καθ’
577 4340 777 4413 ἑαυτῆς
827 4344 1040 4412 γένεσιν
1092 4347 1410 4419 ἐπινοῆσαι,
1466 4350 1684 4406 ὠθοῦσα
1734 4355 1835 4424 φέ-

2403 3803 2586 3858 AETII
2625 3802 2855 3859 CAPUT
2895 3804 3081 3859 XVIII.

2014 3895 2072 3951 Si
2102 3896 2343 3967 ingenita
2378 3895 2691 3952 substantia
2720 3898 3066 3966 generationi
3109 3907 3351 3969 praestat,
3397 3903 3532 3959 insi-

1941 3996 2051 4042 tam
2106 3990 2160 4044 in
2197 4004 2322 4045 sese
2372 3988 2581 4044 habens
2633 3989 3035 4055 excellentiam,
3086 4002 3280 4061 suapte
3332 4004 3531 4050 natura

1940 4080 2181 4151 ingenita
2208 4088 2293 4135 est
2321 4081 2647 4136 substantia.
2682 4078 2870 4149 Neque
2889 4081 3035 4135 enim
3061 4082 3152 4135 cui
3181 4083 3397 4139 libitum
3420 4097 3525 4153 est,

1939 4184 2039 4240 pro
2069 4186 2135 4225 eo
2163 4169 2313 4241 quod
2345 4170 2562 4226 libitum
2584 4178 2690 4234 est,
2726 4172 3067 4241 generationi
3103 4177 3399 4243 antecellit,
3429 4180 3526 4233 sed

1937 4261 2086 4331 quod
2125 4262 2201 4316 ita
2252 4268 2449 4316 natura
2487 4268 2839 4330 comparatus
2873 4270 2977 4317 est.
3011 4263 3191 4329 Quare
3220 4279 3345 4319 cum
3381 4266 3525 4323 Deus

1938 4368 2035 4424 per
2080 4368 2202 4410 sese
2230 4352 2474 4423 ingenita
2510 4352 2583 4407 sit
2615 4352 2943 4415 substantia,
2977 4355 3178 4408 rationi
3221 4357 3354 4410 nulli
3401 4374 3525 4428 per-
3554 4376 3559 4383 ·

244 4428 440 4502 ρεσθαι
496 4430 637 4485 κατὰ
694 4432 803 4487 τῶν
859 4435 1134 4507 γεννητῶν
1188 4438 1370 4493 πᾶσαν
1432 4440 1680 4508 ἐξέτασιν
1741 4445 1834 4499 καὶ

1956 4443 2125 4510 nittit,
2173 4443 2278 4499 sibi
2308 4450 2367 4498 ut
2414 4442 2823 4514 generationem
2869 4442 3111 4515 attingat,
3158 4446 3254 4501 sed
3291 4448 3528 4518 inquisi-

242 4520 427 4575 πάντα
455 4519 737 4593 λογισμόν.

805 4725 1139 4796 Ἀνατροπὴ
1178 4729 1291 4786 ω’.

324 4810 446 4876 Τοῖς
489 4813 672 4877 αὑτοῖς
719 4817 866 4886 ἡμᾶς
916 4819 1178 4891 σκυλμοῖς
1226 4820 1550 4891 περιέϐαλεν
1606 4824 1832 4891 ’Δέτιος,

241 4905 592 4973 ταυτολογεῖν
643 4908 811 4978 ἡμᾶς,
860 4910 936 4974 ὡς
977 4910 1145 4983 ἔφην,
1198 4914 1295 4967 καὶ
1341 4914 1603 4979 πολλάκις
1659 4934 1835 4988 παρα-

242 4999 528 5080 σκευάζων
575 5000 664 5055 διὰ
707 5001 806 5073 τὴν
854 5002 913 5069 ἐξ
963 5004 1215 5075 ὑπαρχῆς
1265 5005 1394 5076 ἄχρι
1445 5007 1631 5071 τέλους
1666 5008 1833 5062 αὑτοῦ

240 5095 377 5165 περὶ
406 5094 515 5149 τῶν
556 5095 736 5149 αὑτῶν
777 5096 1150 5173 ταυτολογ-ίαν.
1184 5098 1260 5152 oo
1286 5100 1396 5170 γάρ
1422 5117 1554 5153 ποτε
1582 5102 1615 5171 ἡ
1650 5102 1833 5167 πίστις

238 5188 274 5256 ή
313 5186 492 5240 πάντα
537 5187 725 5240 πιστὸν
757 5186 1008 5253 σώζουσα
1034 5190 1100 5242 ἐκ
1133 5189 1545 5262 συλλογιπικῆς
1573 5192 1832 5257 ὑπονοίας

238 5276 548 5347 ἀνθρώπων
602 5262 953 5350 συνέστηκενῖ
1000 5279 1215 5352 Ἐπειδὴ
1245 5281 1353 5352 γὰρ
1398 5280 1716 5351 ἐπισφαλεῖς
1756 5284 1832 5335 εί-

240 5384 331 5422 σιν
375 5370 431 5422 αἱ
478 5368 586 5423 τῶν
632 5368 935 5441 ἀνθρώπων
973 5370 1225 5437 διάνοιαι,
1280 5372 1378 5425 καὶ
1421 5372 1484 5426 οὑ
1533 5372 1829 5443 δυνάμεναι

236 5457 383 5529 πρὸς
410 5458 471 5510 τὸ
499 5457 725 5530 ἄπειρον
751 5460 851 5531 τῆς
877 5459 970 5513 τοῦ
996 5459 1131 5513 Θεοῦ
1159 5460 1347 5525 οὑσίας
1377 5462 1786 5517 ὲπεκτείνεσθαι
1811 5479 1826 5493 ο

236 5551 337 5605 καὶ
370 5549 480 5621 γὰρ
517 5552 576 5604 τὸ
610 5553 717 5606 πᾶν
748 5552 848 5623 τῆς
887 5552 1157 5623 σωτηρίας
1187 5551 1345 5623 ἡμῶν
1396 5554 1633 5625 Χριστοῦ
1663 5554 1826 5619 ζωτι-

234 5641 337 5697 κὸν
366 5645 665 5713 μυστήριον
699 5642 1003 5710 Ἰουδαίοις
1020 5642 1137 5712 μὲν
1162 5642 1537 5710 σκάνδαλον,
1569 5646 1829 5714 Ἕλλησι

1941 4530 2145 4591 tionem
2185 4544 2406 4585 omnem
2456 4537 2512 4585 et
2551 4529 3025 4586 ratiocinationem
3066 4531 3135 4586 ad
3177 4546 3267 4587 res
3314 4536 3525 4605 genitas

1864 4664 1869 4667 .
1939 4620 2198 4677 amandat
2230 4635 2294 4675 ac
2322 4619 2521 4689 rejicit.

2430 4734 2744 4804 Confutatt’o
2782 4734 3012 4792 XVIII.

2007 4825 2064 4879 In
2112 4827 2330 4882 easdem
2368 4841 2470 4883 nos
2516 4828 2797 4883 molestias
2825 4829 2963 4882 Aetii
3005 4829 3394 4899 importunitas
3426 4832 3523 4886 im-

1936 4918 2106 4973 misit.
2151 4917 2255 4983 Qui
2298 4917 2428 4972 dum
2477 4918 2666 4973 cadent
2713 4919 2913 4987 saepius
2946 4919 3015 4973 ab
3046 4919 3205 4974 initio
3256 4922 3322 4975 ad
3360 4922 3520 4978 linem

1934 5023 2109 5079 usque
2137 5009 2355 5079 repetit,
2392 5008 2637 5080 ejusdem
2676 5009 2836 5065 nobis
2868 5009 3099 5066 faciendi
3135 5015 3519 5070 necessitatem
3562 5012 3571 5020 ’

1935 5098 2215 5168 imposuit.
2241 5097 2534 5155 Enimvero
2562 5098 2715 5163 fides,
2751 5114 2875 5171 qua:
2899 5100 3211 5158 Catholicos
3226 5119 3418 5161 omnes
3448 5107 3520 5163 ad

1935 5189 2165 5245 salutem
2188 5190 2461 5263 perducit,
2484 5190 2851 5246 humanorum
2869 5202 3315 5264 argumentorum
3347 5198 3522 5252 subti-
3568 5206 3571 5211 '

1937 5281 2090 5336 litate
2136 5296 2248 5337 non
2297 5288 2534 5338 constat.
2566 5283 3019 5355 Quandoquidem
3071 5286 3304 5351 lubrica,
3347 5298 3400 5343 et
3460 5290 3516 5343 in

1936 5387 2177 5427 errorem
2205 5386 2376 5442 prona
2410 5381 2538 5426 sunt
2571 5374 2856 5429 hominum
2898 5377 3140 5449 ingenia,
3184 5395 3361 5449 neque
3390 5394 3516 5435 cum

1937 5461 2148 5516 inﬁnita
2180 5459 2276 5516 Dei
2316 5462 2626 5517 substantia
2672 5463 2948 5535 adaquari
2990 5476 3243 5538 possunt.
3288 5470 3354 5523 Et
3385 5484 3514 5523 vero

1940 5564 2111 5610 totum
2153 5555 2287 5610 illud
2316 5556 2510 5612 salutis
2542 5565 2746 5613 nostrae
2774 5573 2805 5613 a
2824 5558 3043 5615 Christo
3066 5560 3510 5615 administratum

1936 5649 2288 5720 mysterium,
2323 5649 2469 5721 quod
2499 5650 2815 5710 hominibus
2844 5652 3012 5708 vitam
3046 5653 3265 5721 attulit,
3305 5652 3514 5707 Judwis

314 5777 337 5812 ⁸
369 5778 536 5836 Deest
565 5784 874 5848 κοινωνοὺς,
909 5794 1005 5838 aut
1036 5782 1167 5853 quid
1198 5783 1399 5839 simile.
1477 5785 1496 5815 ²
1525 5782 1683 5840 Joan.
1722 5801 1761 5854 ι,
1797 5785 1849 5840 IS

1959 5787 1978 5818 ³
2011 5785 2250 5861 Philipp.
2289 5804 2350 5859 ιι,
2391 5790 2442 5848 7.
2519 5790 2542 5824 ⁸
2568 5791 2701 5848 ibid.
2753 5789 2807 5848 6.

561 5879 836 5942 ΡΔτιιοι.
873 5880 992 5945 Gn.
1048 5881 1099 5943 Χ
1115 5881 1238 5942 LII.

3198 5880 3270 5936 ευ
