3964 6446
504 344 612 399 587

1955 337 2012 396 S.
2054 335 2396 393 EPIPHANII
3649 337 3731 393 583

506 461 819 516 scanaalum
855 462 978 531 fuit,
1023 460 1256 532 gentibus
1300 459 1570 514 stultitia:
1598 457 1747 512 nobis
1780 473 1898 510 vero
1945 472 2094 510 voca-

2197 452 2267 506 δὲ
2291 453 2505 520 μωρία,
2537 452 2682 522 ἡμῖν
2708 451 2777 506 δὲ
2802 451 2928 518 τοῖς
2954 451 3199 520 κλητοῖς
3239 451 3546 516 Ἰουδαίοις
3571 469 3628 507 τε
3654 457 3735 510 καί

509 554 578 607 tis
624 551 826 608 luditis
877 563 925 607 et
948 551 1190 624 gentibus
1234 549 1484 606 Christus
1534 549 1637 611 Dei
1668 550 1856 614 virtus,
1899 556 1948 601 et
1994 545 2090 600 Dei

509 646 790 715 sapientia.
823 643 1088 711 Quoniam
1113 643 1250 714 quod
1294 644 1515 698 stultum
1544 653 1621 697 est
1659 641 1754 696 Dei
1799 641 2091 710 sapientius

506 745 584 790 est
619 735 941 799 hominibus,
973 744 1022 791 et
1051 735 1190 805 quod
1226 737 1500 806 infirmum
1527 747 1606 790 est
1643 735 1736 790 Dei
1771 735 1965 800 fortius
2009 742 2092 788 est

504 826 863 882 hominibus'.
901 827 1038 895 Quis
1079 827 1246 899 igitur
1287 829 1502 883 Aetium
1535 843 1642 882 non
1682 827 1859 898 primo
1889 825 2093 882 Iudaeis

505 927 854 986 annumeret,
897 918 1043 990 quod
1079 919 1415 992 syllogismis
1461 920 1579 975 suis
1612 920 1735 975 aliis
1773 918 2094 976 oti‘ensionis

504 1024 732 1066 causam
779 1010 1054 1081 prebeat?
1099 1021 1214 1065 tum
1242 1025 1372 1066 vero
1401 1011 1654 1082 gentilem
1697 1025 1820 1067 esse
1843 1018 2092 1074 censeat,

504 1099 652 1170 quod
677 1114 794 1170 pm
819 1099 1070 1156 aﬂ'ectata
1108 1115 1209 1156 sua
1234 1100 1504 1172 sapientia
1532 1100 1775 1157 divinam
1805 1102 2090 1158 veritatem

505 1194 755 1249 stultitim
823 1194 1184 1249 condemnet?
1239 1193 1454 1249 Etenim
1502 1210 1646 1250 unus
1700 1194 1791 1250 ille
1841 1194 2096 1251 conditor

505 1286 778 1351 omnium,
824 1294 990 1357 atque
1027 1286 1224 1341 artifex
1271 1288 1419 1342 omni
1467 1295 1719 1342 creatura
1769 1286 2096 1358 opiﬁcioque

510 1375 880 1444 praestantior,
914 1389 1022 1428 non
1057 1385 1342 1445 propterea
1366 1374 1534 1447 959
1570 1374 1716 1445 quod
1745 1375 2030 1445 productis
2063 1391 2094 1428 a

507 1481 568 1521 sc
608 1465 863 1520 omnibus
897 1466 1194 1532 antecellit,
1229 1480 1338 1520 non
1367 1465 1559 1521 eadem
1619 1467 1722 1521 ista
1765 1467 1992 1523 molitur
2031 1482 2096 1522 ac

507 1564 777 1627 procreat.
805 1556 991 1627 Neque
1020 1557 1191 1623 enim,
1225 1572 1347 1628 quae
1380 1558 1529 1612 illius
1561 1565 1647 1614 est
1675 1557 1914 1620 bonitas,
1953 1558 2094 1614 invi-

505 1649 597 1703 dia
625 1647 885 1720 tangitur,
923 1647 1369 1720 quandoquidem
1414 1649 1589 1720 ipsam
1618 1648 1673 1704 in
1710 1665 1771 1704 se
1796 1649 2093 1706 bonitatem

504 1741 907 1812 complectitur,
931 1756 1052 1812 qua:
1078 1756 1169 1798 res
1194 1757 1303 1796 una
1323 1742 1536 1798 caeteris
1560 1750 1784 1813 praestat
1811 1742 2091 1800 omnibus.

2195 545 2458 612 ’Ἕλλησι
2492 545 2748 615 Χριστὸς
2783 544 2934 599 Θεοῦ
2969 544 3240 614 δύναμις,
3272 543 3373 596 καὶ
3398 543 3540 598 Θεοῦ
3564 547 3738 616 σοφία.

2195 636 2324 689 Ὅτι
2357 637 2425 689 τὸ
2451 636 2652 707 μωρὸν
2682 637 2790 690 τοῦ
2821 633 2973 690 Θεοῦ
3019 634 3362 705 σοφώτερον
3401 635 3517 690 τῶν
3556 638 3741 707 ἀνθρώ-

2193 742 2324 780 πων
2361 728 2517 792 ἐστι,
2549 729 2646 781 καὶ
2686 729 2752 781 τὸ
2787 728 3047 792 ἀσθενὲς
3072 729 3176 782 τοῦ
3211 728 3363 782 Θεοῦ
3398 730 3744 800 ἰσχυρότερον

2186 817 2313 875 τῶν
2347 818 2679 888 ἀνθρώπων
2703 820 2840 874 ἐστι
2864 837 2877 850 ·
2927 820 3046 883 πῶς
3074 815 3168 874 οὖν
3195 819 3301 873 οὐκ
3331 820 3398 874 ἄν
3428 837 3511 884 τις
3535 820 3618 874 τὸν
3650 823 3745 876 ’Δέ-

2193 925 2308 961 τιον
2339 909 2398 962 ὲν
2423 911 2537 973 τοῖς
2579 909 2855 973 Ἰουδαίοις
2892 910 2993 980 μὲν
3021 909 3110 965 διὰ
3134 909 3196 962 τὺ
3227 909 3522 963 σκάνδαλον
3546 910 3644 962 τῶν
3671 913 3746 964 αὑ-

2193 998 2286 1052 τοῦ
2319 999 2694 1071 συλλογισμῶν
2725 1001 3138 1071 καταστήσειεν,
3175 999 3416 1071 Ἕλληνα
3437 1001 3491 1055 δὲ
3514 1000 3598 1055 διὰ
3619 1003 3675 1056 τὸ
3695 1005 3745 1057 ὲκ

2193 1089 2294 1161 τῆς
2345 1091 2480 1155 ἰδίας
2537 1091 2889 1163 ὲθελοσοφίας
2952 1092 3166 1164 μωρίαν
3221 1093 3475 1163 ἡγεῖσθαι
3533 1095 3624 1166 τὴν
3671 1095 3746 1149 τοῦ

2195 1183 2332 1238 Θεοῦ
2363 1184 2660 1256 ἀλήθειαν;
2711 1187 2824 1241 Καὶ
2867 1185 2978 1258 γὰρ
3016 1180 3100 1247 εἷς
3149 1185 3247 1238 καὶ
3297 1186 3556 1258 κρείττων
3596 1188 3745 1259 πάσης

2195 1277 2430 1340 κτίσεως
2473 1277 2570 1332 καὶ
2604 1278 2970 1350 δημιουργίας
2993 1280 3026 1333 ὁ
3053 1278 3280 1348 κτίστης
3326 1278 3424 1332 καὶ
3459 1279 3748 1352 δημιουργὸς

2195 1368 2302 1422 τῶν
2351 1369 2610 1422 ἁπάντων
2627 1385 2640 1399 ·
2686 1369 2748 1423 οὐ
2795 1370 2947 1442 παρὰ
2982 1368 3164 1432 τοῦτο,
3213 1370 3299 1422 ὅτι
3349 1369 3470 1422 ἐστὶ
3517 1369 3746 1441 κρείττων

2195 1460 2303 1515 τῶν
2338 1462 2428 1514 ὑπ’
2460 1459 2627 1515 αὑτοῦ
2660 1461 3098 1532 γεγεννημένων,
3127 1461 3189 1514 οὐ
3219 1463 3370 1514 ποιεί
3401 1461 3495 1514 καὶ
3517 1461 3674 1525 κτίζει
3693 1462 3746 1514 τὰ

2197 1553 2286 1607 ὑπ’
2322 1552 2486 1606 αὑτοῦ
2533 1553 2815 1622 γεγονότα.
2847 1553 2980 1606 Οὐδὲ
3027 1551 3136 1624 γὰρ
3166 1551 3359 1622 φθονεῖ
3396 1555 3465 1624 τῇ
3509 1552 3608 1624 ἰδίᾳ
3637 1553 3745 1620 ἀγαο

2196 1643 2380 1716 θὸτητι
2401 1661 2414 1675 ·
2441 1644 2654 1700 οἴκοθεν
2679 1645 2790 1716 γὰρ
2829 1644 2943 1716 ἔχει
2973 1644 3035 1698 τὸ
3065 1644 3436 1714 αὑτοαγαθὸν,
3493 1645 3621 1716 ὅπερ
3650 1645 3747 1698 ἐστὶ

2197 1739 2422 1792 πάντων
2449 1739 2716 1810 κρεῖττον.
2749 1735 2892 1791 υῦτε
2918 1735 3027 1808 γὰρ
3058 1737 3192 1790 εἵσω
3223 1736 3414 1791 παθῶν
3454 1736 3744 1808 περιέχεται,

505 1806 694 1901 Neque
744 1806 1260 1900 perturbationibus
1291 1806 1578 1889 obnoxius
1597 1841 1703 1898 est,
1756 1834 1903 1890 velut
1952 1835 2093 1891 invi-

2197 1829 2230 1899 ἢ
2248 1829 2465 1898 φθόνου,
2552 1828 2870 1899 βασκανίας,
2892 1806 3012 1884 ’καί
3037 1829 3106 1883 τά
3122 1829 3252 1883 ὅντα
3283 1829 3344 1896 ἐξ
3366 1806 3635 1882 οὑκδντων
3650 1829 3744 1882 ἑτι·

506 1921 633 1984 diae.
657 1923 839 1988 livori,
865 1931 972 1980 etc.
999 1923 1179 1991 Quare
1199 1939 1540 1996 quaecunque
1560 1925 1779 1981 demum
1800 1925 2090 1992 exsistunt,

505 2028 540 2069 e
581 2013 756 2068 nihilo
793 2011 1045 2084 perfecit.
1081 2012 1218 2068 Nam
1253 2029 1376 2085 quas
1409 2014 1478 2070 ab
1521 2015 1642 2085 ipso
1682 2015 1902 2072 condita
1941 2023 2091 2082 sunt,

507 2121 740 2177 qumque
761 2105 1179 2178 incomparabili
1201 2105 1322 2178 ejus
1342 2106 1632 2164 divinitate
1653 2108 1810 2178 longe
1831 2108 2094 2164 inferiora

505 2203 661 2262 sunt,
696 2211 805 2254 non
852 2197 1120 2255 adversus
1159 2198 1339 2268 ipsum
1387 2199 1691 2272 excogitata
1729 2199 1972 2266 fuerunt,
1995 2201 2093 2256 sed

508 2289 574 2342 ad
629 2289 753 2359 ejus
781 2288 1048 2345 honorem
1080 2303 1145 2344 ac
1175 2289 1428 2361 gloriam,
1457 2298 1516 2344 ut
1545 2291 1887 2366 magnificam
1921 2303 1976 2348 et
2006 2308 2096 2348 in-

506 2380 667 2435 vidiae
715 2389 994 2451 expertem
1045 2381 1192 2438 illius
1245 2381 1587 2438 divinitatem
1644 2383 1910 2440 indicent.
1961 2383 2096 2452 Quae

507 2472 729 2544 quidem
776 2473 1007 2543 ipsumet
1059 2481 1142 2529 est
1196 2473 1444 2540 bonitas,
1481 2481 1535 2530 et
1584 2473 1923 2542 substantia,
1973 2492 2097 2548 qua:

506 2579 632 2618 cum
665 2563 731 2618 iis
769 2564 960 2629 rebus,
995 2580 1134 2636 quas
1174 2581 1206 2620 e
1249 2566 1424 2622 nihilo
1449 2567 1674 2630 creavit,
1717 2581 1817 2622 sua
1847 2581 2097 2622 commu-

507 2653 680 2718 nicat,
709 2654 1040 2726 easdemque
1061 2662 1116 2712 et
1141 2671 1262 2712 esse
1283 2657 1420 2721 vult,
1451 2664 1506 2714 et
1527 2673 1969 2729 unamquamque
1999 2674 2098 2730 pro

507 2749 722 2798 natura:
759 2758 872 2800 sua:
905 2745 1224 2802 conditione
1271 2762 1496 2803 suorum
1543 2748 1934 2805 beneficiorum
1975 2766 2098 2808 esse

507 2833 855 2906 participem.
886 2833 1042 2892 Unde
1064 2845 1119 2892 et
1149 2837 1423 2896 sideribus
1454 2839 1632 2895 lucem
1656 2841 1965 2914 impertitus
1989 2854 2096 2912 est,

507 2936 563 2979 et
595 2925 740 2980 caelo
791 2923 1177 2996 descriptionis
1225 2927 1548 3000 ordinisquc
1593 2928 2094 2999 pulchritudinem,

507 3014 564 3062 et
592 3014 772 3070 terrae,
802 3008 1146 3079 exterisque,
1178 3025 1279 3080 pro
1305 3025 1391 3076 eo,
1423 3025 1488 3065 ac
1523 3012 1716 3076 voluit,
1759 3019 1969 3084 partem
1997 3013 2098 3068 ali-

2195 1920 2603 1992 λεσιούργησεν.
2633 1921 2708 1976 Οὐ
2735 1921 2844 1992 γὰρ
2878 1921 2974 1976 ὑπ’
3015 1922 3183 1977 αὐτοῦ
3202 1922 3487 1991 γεγονότα,
3519 1921 3746 1990 ὑποϐεϐη-

2195 2013 2328 2068 κότα
2345 2012 2403 2066 δὲ
2420 2012 2518 2084 τὴν
2534 2012 2699 2068 αὐτοῦ
2721 2014 3051 2085 ἀσύγκριτον
3080 2013 3337 2085 θεόσητα,
3357 2014 3422 2067 οὐ
3450 2013 3568 2071 καθ’
3583 2013 3742 2067 ἑαυτοῦ

2191 2104 2464 2176 ἐπενοήθη
2495 2104 2566 2160 τὰ
2605 2105 2700 2159 ὑπ’
2720 2104 2886 2159 αὐτοῦ
2915 2106 3228 2170 κτισθέντα,
3253 2106 3370 2160 ἀλλ’
3404 2108 3484 2169 είς
3507 2105 3651 2171 δόξαν
3667 2107 3744 2160 αὑ-

2196 2197 2312 2263 τοῦ,
2344 2197 2484 2268 πρὸς
2541 2195 2601 2250 τὸ
2642 2191 2816 2262 δεῖξαι
2861 2198 2960 2268 τὴν
3014 2197 3247 2266 ἄφθονον
3305 2198 3473 2252 αὐτοῦ
3523 2197 3744 2267 θεότητα·

2196 2287 2603 2359 αὐτοαγαθότης
2653 2283 2788 2342 οὖσα
2847 2289 2942 2342 καὶ
3002 2289 3299 2344 αὐτοουσία
3365 2287 3746 2362 ἐπικοινωνοῦσα

2196 2381 2308 2444 τοῖς
2336 2380 2395 2446 ἐξ
2441 2379 2610 2433 αὑτοῦ
2645 2379 2702 2446 ἐξ
2733 2379 2835 2433 οὐκ
2879 2379 3050 2436 ὄντων
3081 2381 3375 2445 κτισθεῖσι,
3401 2380 3464 2434 τὸ
3491 2375 3617 2434 εἶναι
3638 2380 3747 2432 αὐτὰ

2199 2471 2450 2540 θελήσας,
2483 2471 2579 2526 καὶ
2600 2471 2851 2543 μετέχειν
2883 2473 2984 2544 τῆς
3011 2463 3180 2527 αὑτοῦ
3205 2473 3441 2527 ἕκαστον
3471 2473 3575 2527 τῶν
3601 2489 3745 2526 uxr:-

2201 2560 2415 2632 σμένων
2451 2561 2592 2616 κατὰ
2629 2561 2727 2632 τὴν
2753 2561 3046 2631 ἀναλογίαν
3075 2563 3289 2636 δωρεᾶς
3327 2563 3564 2634 ἑκάστης
3589 2561 3744 2616 ὕποθέ-

2199 2663 2338 2710 σεως
2357 2662 2370 2676 ·
2410 2649 2700 2720 φωστῆρσι
2739 2649 2841 2719 μὲν
2868 2650 2930 2703 τὸ
2961 2650 3077 2720 φῶς
3105 2651 3454 2725 κεχάρισται,
3493 2650 3682 2722 οὐρανῷ
3702 2651 3743 2704 δὲ

2198 2739 2265 2792 τὰ
2311 2739 2486 2811 κάλλη
2521 2741 2620 2812 τῆς
2663 2741 3100 2814 διακοσμήσεως.
3131 2746 3202 2816 γῇ
3237 2761 3301 2798 σε
3348 2747 3440 2800 καὶ
3470 2747 3577 2810 τοῖς
3603 2743 3744 2806 ἄλλοις

2198 2832 2342 2887 κατά
2404 2833 2466 2888 τὸ
2502 2833 2670 2888 αὐτοῦ
2726 2833 2974 2906 βούλημα
3027 2835 3166 2908 μέρη
3225 2836 3438 2909 ἀρετῆς
3478 2835 3742 2907 ἐχαρίσατο,

2198 2923 2451 2994 ἀγγέλοις
2474 2943 2535 2980 τε
2566 2926 2627 2979 τὸ
2652 2927 2837 2982 δοῦναι
2869 2927 3052 2992 αὐτοῖς
3091 2928 3424 3000 ἀφθαρσίαν,
3467 2930 3559 2984 καὶ
3593 2926 3744 2986 ἄλλαις

2200 3013 2385 3082 ἁγίαις
2438 3015 2764 3088 δυνάμεσιν,
2823 3017 3096 3090 ἀνθρώπῳ
3157 3037 3220 3072 τε
3286 3019 3352 3074 τὸ
3416 3020 3513 3091 τῆς
3577 3018 3745 3078 εἰκόνος

508 3107 675 3163 quam
707 3091 926 3148 virtutis
950 3094 1232 3162 attribuit;
1266 3105 1320 3151 et
1357 3095 1588 3168 angelis,
1623 3111 1688 3152 ac
1717 3096 1945 3167 reliquis
1975 3111 2094 3154 san-

514 3183 611 3204 ,.ε,
634 3180 908 3204 ..--.ει,,,,
931 3181 1389 3204 ,_._-_.-..._.___
2020 3203 2084 3204 κη

2199 3101 2438 3176 ἀξίωμα,
2481 3106 2576 3159 καὶ
2624 3106 2792 3179 ζωῆς,
2827 3107 2919 3161 καὶ
2956 3108 3232 3176 γνώσεως,
3286 3109 3384 3164 καὶ
3433 3107 3633 3179 λογικοῦ
3669 3123 3742 3177 χα-

507 3183 614 3238 ctis
634 3180 910 3239 mentibus
931 3181 1395 3240 immortalitatem
1417 3186 1724 3253 concessit;
1747 3195 1802 3243 et
1819 3187 2094 3244 hominem

2203 3194 2470 3267 ρίσματος
2515 3195 2709 3268 δῶρον.
2766 3198 2876 3252 Καὶ
2932 3198 3034 3252 οὐκ
3084 3199 3193 3256 ἀπὸ
3246 3199 3576 3273 βουλήματος
3618 3199 3745 3270 μόνον

509 3276 747 3347 denique
780 3275 1034 3348 imaginis
1061 3275 1351 3348 dignitate,
1383 3278 1514 3342 vita,
1546 3277 1801 3346 scientia,
1833 3293 1898 3335 ac
1923 3281 2096 3337 ratio-

508 3369 596 3424 nis
624 3367 846 3440 proprio
887 3382 1113 3424 munere
1145 3362 1390 3424 donavit.
1443 3369 1602 3436 Quod
1642 3369 1862 3442 quidem
1912 3372 2092 3444 ipsum

507 3479 618 3518 non
652 3463 798 3520 illius
827 3463 883 3518 in
915 3463 1031 3520 sola
1053 3463 1335 3518 voluntate
1363 3463 1602 3533 positum
1635 3464 1758 3534 fuit,
1788 3466 1944 3535 quasi
1965 3481 2096 3521 cun-

506 3556 727 3622 ctando,
772 3567 827 3612 et
870 3558 926 3613 in
977 3555 1223 3612 futurum
1265 3556 1643 3622 deliberando,
1694 3568 1752 3614 ut
1774 3559 1852 3613 ita
1891 3559 2094 3625 dicam,

510 3649 657 3720 apud
694 3665 754 3706 se
785 3659 1074 3711 tractaret:
1139 3649 1234 3708 sed
1292 3664 1393 3719 pro
1439 3652 1692 3720 ipsamet,
1723 3665 1846 3720 quae
1879 3651 1933 3705 in
1983 3651 2078 3706 illo
2135 3659 2243 3720 est,
2280 3653 2525 3711 bonitate
2592 3655 2822 3727 perfecit

2202 3284 2447 3357 ὑπῆρξεν
2471 3286 2623 3358 αὐτῷ
2658 3286 2838 3354 τοῦτο,
2861 3287 2943 3353 νὼς
2968 3288 3035 3343 ἂν
3073 3289 3215 3344 sine:
3241 3308 3330 3356 τις
3361 3291 3686 3363 μιλλητικῶς,
3716 3288 3741 3356 ἢ

2201 3376 2344 3430 κατά
2367 3377 2558 3448 μέλλον
2586 3381 2630 3446 ³,
2653 3378 2686 3451 ἢ
2714 3379 3172 3452 συμϐουλευτικὸν
3193 3382 3615 3455 λογισμὸν,ἀλλά
3635 3378 3743 3434 κατὰ

2197 3468 2261 3522 τὸ
2281 3468 2640 3539 αὐτοαγαθόν.
2660 3470 2878 3541 Πέφυκε
2895 3473 3006 3548 γάρ
3033 3474 3377 3544 αὑτοαγαθὸν
3398 3477 3420 3511 ³
3437 3471 3740 3546 συμπρεπόν-

2205 3577 2315 3625 τως
2330 3560 2482 3633 αὑτῷ
2498 3561 2568 3616 τά
2589 3562 2768 3618 πάντα
2785 3564 2945 3636 ἔχων,
2963 3566 3057 3620 καὶ
3072 3566 3265 3633 ποιῶν,
3289 3567 3387 3626 καὶ
3404 3565 3725 3640 ἐργαζόμενος

2881 3675 2896 3712 :
2945 3658 3101 3730 cujus
3172 3659 3277 3715 hoc
3336 3660 3599 3731 proprium
3649 3658 3739 3712 est.

509 3749 569 3795 ut
593 3750 961 3811 congruenter
1011 3740 1114 3796 sibi
1155 3740 1463 3803 contineat,
1509 3737 1708 3794 efﬁciat
1754 3753 1819 3793 ac
1844 3741 2101 3796 moliatur
2127 3740 2334 3797 omnia.

578 3831 1051 3900 Quemadmodum
1091 3831 1257 3902 igitur
1282 3830 1431 3901 quod
1465 3829 1673 3886 dictum
1706 3840 1814 3896 est,
1844 3832 1978 3887 nihil
2024 3835 2099 3890 in-

509 3923 734 3993 dignum
782 3930 879 3978 aut
935 3921 1199 3978 indecens
1249 3921 1479 3977 bonitati
1525 3921 1647 3992 ejus
1693 3925 1950 3992 aspersit,
2001 3926 2096 3980 sed

509 4014 764 4085 gloriam,
796 4029 865 4070 ac
892 4028 1020 4070 cum
1040 4011 1432 4084 pradicatione
1456 4013 1806 4084 conjunctam
1829 4017 2096 4087 largitatis

509 4119 626 4162 sua:
658 4103 906 4160 notitiam
943 4104 1174 4175 peperit,
1207 4102 1301 4159 ubi
1341 4101 1411 4158 ad
1448 4119 1641 4160 eorum
1681 4120 1823 4176 quos
1851 4106 2099 4162 condidit

509 4197 879 4272 cognitionem
921 4213 1256 4270 sensumque
1283 4199 1532 4271 pervenit
1560 4218 1574 4254 :
1604 4199 1680 4253 ita
1708 4208 1763 4256 et
1792 4216 2007 4256 summa
2037 4204 2094 4256 in

507 4305 576 4346 eo
621 4289 925 4346 divinitatis
960 4289 1134 4362 gloria
1170 4297 1274 4356 est,
1305 4305 1420 4346 non
1447 4289 1544 4345 illa
1569 4290 1790 4361 quidem
1813 4291 2096 4348 extrinse-

508 4394 610 4438 cus
643 4379 816 4437 ascita
853 4380 990 4448 (nec
1012 4380 1158 4437 enim
1189 4379 1434 4435 divinum
1479 4395 1683 4436 numen
1720 4381 2092 4438 accessionem

511 4474 677 4530 ullam
703 4473 934 4544 requirit
957 4491 970 4528 :
990 4473 1192 4544 quippe
1212 4487 1335 4527 cum
1363 4473 1594 4543 ipsamet
1613 4473 1788 4543 gloria
1807 4473 1901 4536 sit,
1921 4474 2096 4530 virtus

507 4564 649 4635 ipsa,
683 4562 1084 4619 admirabilitas
1109 4563 1249 4632 ipsa,
1297 4564 1415 4633 ipsa
1445 4563 1826 4633 praedicatio);
1853 4563 1982 4629 hoc,
2006 4564 2098 4620 in-

507 4670 699 4726 quam,
721 4655 774 4710 in
793 4654 941 4710 illius
958 4654 1187 4725 gloriam
1203 4654 1370 4718 cedit,
1392 4653 1538 4725 quod
1562 4653 1726 4711 Pater
1741 4655 1860 4725 ipse
1875 4663 2096 4726 generet

510 4764 542 4802 a
565 4749 716 4803 nullo
742 4748 980 4818 genitus,
1021 4753 1081 4799 ut
1115 4761 1180 4800 ex
1209 4746 1435 4816 perenni
1483 4745 1633 4802 fonte
1662 4745 1919 4816 perennis
1944 4761 2099 4816 aeque

510 4841 634 4894 lous
662 4847 898 4902 emanet,
928 4853 1052 4891 cum
1080 4836 1220 4907 ipso,
1243 4844 1297 4891 et
1321 4851 1389 4891 ex
1416 4836 1569 4906 ipso;
1601 4851 1633 4892 e
1659 4836 1828 4903 fonte,
1851 4837 2096 4907 inquam,

510 4931 636 4988 fons
663 4932 957 4996 exsistens,
983 4928 1127 4986 Deus
1153 4945 1221 4985 ex
1250 4927 1381 4994 Deo,
1420 4928 1603 4984 lumen
1632 4927 1700 4984 de
1733 4929 1975 4992 lumine;
2003 4929 2094 5000 qui

509 5025 630 5080 sine
662 5025 771 5080 nllo
800 5024 956 5080 initio
978 5038 1194 5095 semper
1224 5021 1346 5088 fuit,
1378 5037 1488 5077 non
1514 5021 1796 5093 subjectus
1823 5022 2054 5092 tempori
2080 5041 2094 5078 :

511 5115 650 5170 adeo
679 5125 740 5170 ut
766 5125 821 5172 et
860 5115 1078 5173 Patrem
1106 5114 1278 5172 Filius
1305 5115 1358 5170 in
1392 5129 1453 5170 se
1481 5129 1607 5170 vere
1637 5115 1709 5169 sit
1747 5115 2095 5184 complexus,

511 5217 566 5265 et
610 5205 775 5265 Pater
803 5206 1022 5274 Filium,
1057 5207 1152 5278 qui
1183 5223 1285 5264 nec
1315 5207 1409 5263 illo
1451 5206 1705 5278 indignus
1731 5213 1838 5272 est,
1880 5220 1982 5262 nec
2012 5207 2098 5262 in-

511 5299 866 5373 comparabili
923 5299 1044 5370 ejus
1097 5299 1433 5355 excellentia;
1491 5297 1789 5369 quidquam
1833 5297 2093 5354 detrahit.

513 5394 796 5466 Siquidem
837 5407 946 5448 non
997 5406 1262 5462 corporea
1307 5391 1474 5462 960
1510 5390 1760 5460 quaedam
1805 5388 2096 5446 distractio

512 5484 692 5541 locum
734 5484 848 5539 illic
876 5483 1059 5547 habet,
1090 5479 1188 5536 sed
1222 5478 1462 5536 Verbum
1512 5481 1846 5549 subsistens,
1883 5478 2029 5536 Deus
2064 5495 2096 5535 a

511 5575 672 5634 Patre
705 5577 1027 5648 procedens,
1062 5573 1288 5646 spiritus
1336 5589 1366 5627 a
1407 5573 1628 5644 spiritu,
1665 5573 1810 5631 Deus
1847 5590 1914 5632 ex
1961 5574 2094 5639 Deo,

2273 3836 2483 3908 Ὥσπερ
2503 3833 2597 3892 οὖν
2611 3839 2678 3909 τῇ
2697 3837 2862 3892 αὑτοῦ
2876 3839 3172 3912 ἀγαθότητι
3183 3839 3286 3894 οὐκ
3301 3840 3594 3913 ἀπρέπειαν
3619 3833 3739 3889 tofm

2199 3929 2645 3999 περιεποιήσατο,
2678 3928 2817 3984 ἀλλά
2837 3928 3129 3996 δόξαν,καὶ
3154 3929 3358 3999 γνῶσιν
3382 3929 3590 3984 ἐπαίνου
3608 3923 3738 3994 ἀφθο-

2199 4017 2316 4081 νίας
2335 4021 2453 4082 τοῖς
2485 4019 2578 4072 ὑπ’
2601 4019 2768 4074 αὐτοῦ
2781 4021 3082 4090 γεγονόσιν,
3101 4022 3180 4086 εἰς
3202 4022 3412 4096 εἴδησιν
3428 4022 3516 4077 καὶ
3531 4018 3736 4084 αἴσθησιν

2202 4109 2373 4163 ἐλθών
2397 4109 2420 4142 ⁸
2440 4126 2457 4142 ο
2481 4109 2631 4164 οὕτω
2661 4113 2756 4166 καὶ
2786 4111 2913 4178 δόξα
2960 4114 3129 4178 ἐστὶν,
3162 4114 3225 4168 οὐ
3278 4111 3637 4187 προσληπτικὴ
3661 4107 3736 4176 τῆς

2196 4199 2361 4253 αὐτοῦ
2415 4200 2665 4272 θεότητος
2701 4202 2782 4272 (οὐ
2811 4204 2921 4276 γάρ
2948 4219 3079 4258 ποτε
3099 4204 3334 4260 ἒνδεῖται
3356 4205 3417 4260 τδ
3443 4205 3584 4259 Θεῖον
3604 4213 3736 4271 προσ·

2203 4290 2378 4363 θήκης
2413 4291 2592 4364 δόξης,
2621 4293 2760 4348 ἀλλά
2780 4295 3057 4362 αὐτοδόξα,
3082 4297 3177 4351 καὶ
3215 4297 3533 4370 αὐτοαρετὴ,
3563 4293 3643 4348 καὶ
3663 4289 3735 4342 αὺ-

2200 4383 2470 4456 τοθαῦμα,
2511 4386 2607 4439 καὶ
2643 4387 3148 4460 αὐτοῦμνηγορία),
3174 4388 3237 4442 τὺ
3263 4389 3358 4444 τὸν
3403 4387 3604 4457 Πατέρα
3639 4395 3734 4450 γεν-

2198 4477 2381 4548 νῆσαι,
2417 4478 2466 4530 εἰ
2498 4478 2593 4531 καὶ
2635 4478 2797 4542 αὐτὸς
2835 4479 2897 4532 οὐ
2946 4479 3295 4550 γεγέννηται,
3350 4481 3435 4536 ἴνα
3479 4479 3540 4531 ἐκ
3587 4468 3733 4543 πηγῆς

2199 4569 2288 4622 ἀεὶ
2317 4567 2486 4640 οὔσης
2539 4569 2710 4634 ἀΐδιος
2755 4569 2906 4642 πηγὴ
2946 4572 3310 4643 συνυπάρχων
3349 4573 3406 4640 ἐξ
3453 4565 3602 4626 αὑτοῦ
3628 4559 3730 4617 οὖσα

2199 4658 2354 4732 πηγὴ
2384 4661 2449 4713 ἐκ
2479 4661 2685 4731 πηγῆς,
2722 4661 2818 4715 καὶ
2849 4661 2982 4726 Θεὸς
3012 4663 3078 4716 ἐκ
3112 4661 3272 4729 Θεοῦ,
3307 4665 3402 4719 καὶ
3424 4663 3531 4733 φῶς
3559 4660 3617 4712 ὲκ
3640 4670 3728 4722 φω·

2199 4749 2313 4814 τὸς,
2348 4750 2446 4803 οὐκ
2493 4749 2800 4821 ἀρξάμενος
2830 4751 2925 4806 τοῦ
2969 4746 3130 4817 εἶναι,
3159 4754 3219 4807 οὐ
3261 4757 3437 4828 χρόνῳ
3469 4743 3726 4807 ὑποπεσὼν,
3785 4777 3792 4822 ε

2201 4840 2316 4893 ἀλλ’
2351 4841 2468 4910 ἅμα
2501 4841 2724 4910 Πατέρα
2757 4842 2896 4912 ἔχων
2940 4842 3234 4914 ἀληθινῶς,
3269 4847 3365 4900 καὶ
3392 4846 3500 4916 ἅμα
3536 4841 3616 4894 τὸν
3640 4835 3725 4890 Πα-

2198 4933 2334 5003 τέρα
2368 4932 2496 4986 Υίὸν
2526 4931 2720 5002 ἔχοντα
2751 4933 3039 5004 ἀληθινῶς,
3067 4935 3168 4989 οὐκ
3207 4932 3607 5010 ἀποπρεποῦντα
3639 4926 3726 4979 Πα-

2197 5025 2306 5094 τρὶ,
2332 5024 2394 5076 οὐ
2422 5024 2484 5076 τὸ
2507 5023 2841 5096 ἀσύγκριτον
2863 5026 3213 5096 ἀφανίζοντα.
3238 5029 3314 5083 Οὐ
3333 5029 3437 5100 γάρ
3460 5028 3562 5080 ἐστι
3584 5030 3726 5087 σανίδια·

2198 5113 2324 5184 τική
2354 5130 2440 5178 τις
2465 5113 2740 5186 διαστολὴ,
2769 5115 2907 5170 ἀλλά
2947 5115 3119 5185 Λόγος
3148 5118 3519 5181 ἑνυπόστατος,
3545 5109 3656 5170 Θεὸς
3675 5105 3724 5155 ἐκ

2200 5205 2412 5276 Πατρδς
2437 5205 2534 5272 ὢν,
2561 5205 2780 5278 πνεῦμα
2805 5208 2872 5260 ἐκ
2895 5207 3224 5279 πνεύματος,
3257 5211 3350 5265 καὶ
3370 5209 3494 5271 Θεὸς
3517 5207 3573 5258 ὲκ
3595 5193 3722 5254 Θεοῦ,

2200 5297 2507 5353 ἀποκλείων
2540 5301 2720 5354 πᾶσαν
2753 5299 3166 5373 συλλογιστικὴν
3207 5303 3474 5366 ὑπόνοιαν,
3506 5296 3577 5358 εἰς
3608 5285 3721 5355 ζωὴν

2201 5389 2278 5444 ὢν
2306 5393 2538 5456 πιστοῖς,
2574 5394 2669 5447 καὶ
2697 5394 2841 5458 ὅλοις
2865 5397 2978 5458 τοῖς
3003 5393 3110 5448 ὑπὸ
3132 5394 3227 5448 τοῦ
3257 5394 3460 5467 Πατρδς
3503 5387 3567 5474 διξ
3588 5374 3717 5474 αὑτοῧ

2202 5483 2298 5537 καὶ
2329 5483 2428 5537 ἀπ’
2457 5484 2624 5539 αὐτοῦ
2653 5487 2926 5556 γεγονόσι,
2958 5490 3070 5551 τοῖς
3120 5489 3445 5552 πιστεύουσι,
3474 5469 3566 5537 καῖ’
3590 5469 3717 5544 γινὼ⁴

2203 5593 2414 5642 σκουσι,
2455 5577 2549 5630 xatl.
2581 5577 2656 5648 μὴ
2693 5579 2907 5651 μωρίαν
2940 5579 3266 5650 ἡγουμένοις
3310 5577 3438 5633 Θεοῦ
3479 5572 3565 5644 τὴν
3589 5562 3715 5620 δάνει’

585 5731 601 5764 ³
629 5731 652 5786 Ι
682 5731 810 5789 Cor.
844 5747 879 5798 ι,
902 5732 973 5788 25
994 5747 1116 5804 sqq.
1190 5733 1212 5764 ¹
1242 5748 1332 5802 γρ.
1364 5727 1694 5798 κατάμελον.
1771 5730 1792 5763 ³
1822 5727 1884 5784 F.
1918 5729 2094 5783 αὐτοα

2200 5731 2279 5794 ός.
2358 5732 2379 5764 ⁸
2408 5731 2467 5784 F.
2497 5731 2671 5787 ἐλθόν.
