3964 6398
298 317 406 374 589

934 312 1310 371 ADVERSUS
1349 311 1692 370 HASRESES
1729 311 1856 368 LIB.
1896 311 1983 368 Ill.
2020 313 2183 372 TOM.
2223 315 2266 370 Ι.
2297 349 2365 358 -
2390 316 2664 376 HA‘IRES.
2707 317 2934 376 LXXVI.

3478 323 3540 378 59
3551 329 3584 378 (l

301 451 420 506 μιν.
453 432 546 488 καὶ
568 431 710 488 Θεοῦ
731 433 830 506 τὴν
853 435 1068 504 σοφίαν,
1090 433 1190 506 τὴν
1216 433 1654 506 ὑπερϐαίνουσαν
1680 435 1883 502 συνεξέ-

1996 453 2188 495 omnes
2219 440 2662 511 syliogismorum
2691 444 2934 513 argutias
2960 443 3283 508 excludens,
3313 460 3378 500 ac
3405 445 3582 500 fideli-

296 541 460 580 τασιν
490 525 508 556 ⁸
538 526 634 580 καὶ
672 525 851 582 πάντα
891 525 1175 595 λογισμὸν,
1224 525 1463 598 μάλιστα
1509 526 1768 598 φθαρτῶν
1795 529 1890 584 ἀν-

297 615 556 688 θρώπων,
585 615 663 682 ὡς
683 617 782 672 καὶ
804 617 969 682 αὐτὸς
1002 617 1209 682 Ἀέτιος
1232 619 1382 675 ἄκων
1409 619 1781 691 ὡμολόγησεν.

1999 530 2104 587 bus
2133 531 2298 586 vitam
2330 533 2655 598 concilians,
2695 535 3096 607 universisque,
3131 552 3272 608 quos
3296 533 3461 592 Pater
3486 551 3587 607 per

1993 625 2196 696 ipsum,
2231 634 2286 682 et
2326 629 2395 683 ab
2423 628 2544 698 ipso
2578 629 2857 700 produxit,
2887 629 2991 686 fide
3028 631 3285 687 nimirum
3326 638 3382 687 et
3403 630 3590 702 cogni-

297 707 452 762 tione
507 708 770 777 praeditis,
823 708 920 778 qui
980 707 1075 764 Dei
1133 709 1246 764 vim
1304 725 1370 766 ac
1409 711 1764 781 sapientiam,
1786 729 1908 785 quae
1936 715 2350 787 inquisitionem
2413 735 2630 776 onmem
2688 735 2753 775 ac
2813 719 3080 777 rationem
3140 721 3584 794 corruptibilium

293 801 600 868 praesertim
628 800 910 858 hominum
933 811 1174 874 superat,
1208 817 1265 859 ut
1292 804 1376 860 vel
1404 805 1610 862 invitus
1632 807 1748 876 ipse
1766 809 2061 868 conﬁtetur
2091 813 2305 880 Aetius,
2341 816 2587 872 stultitia:
2615 833 2726 872 non
2760 817 3064 873 ascribunt.

677 960 1077 1015 ΚΕΦΑΛΑΙΟΝ
1113 959 1369 1015 ΑΕΤΙΟΥ
1406 961 1508 1017 ΙΘ¹.

371 1075 437 1129 Εἰ
467 1074 774 1146 στερήσεώς
801 1075 917 1128 ἐστι
950 1074 1248 1146 δηλωτικὸν
1281 1075 1373 1128 ἐπὶ
1404 1074 1539 1129 Θεοῦ
1565 1077 1626 1130 τὸ
1649 1077 1883 1146 ἀγέννη-

299 1182 412 1230 τον,
461 1166 625 1236 μηδὲν
673 1166 733 1220 δὲ
783 1165 869 1238 εἴη
917 1165 979 1220 τὸ
1039 1165 1338 1237 ἀγέννητον
1363 1183 1376 1198 ·
1410 1170 1562 1231 ποῖος
1609 1167 1768 1236 λόγος
1818 1168 1886 1222 ἀν

293 1259 623 1330 ἀφαιρήσειε
642 1257 738 1312 τοῦ
759 1257 844 1330 μὴ,
861 1256 1016 1323 ὄντος
1043 1257 1105 1312 τὸ
1131 1258 1330 1330 μηδέν;
1357 1259 1420 1312 Ei
1437 1259 1494 1313 δὲ
1518 1259 1578 1314 ὃν
1607 1261 1883 1331 σημαίνει,

298 1349 384 1414 τίς
404 1349 470 1405 ἃν
503 1351 704 1422 ὀρίσειε
762 1350 922 1415 ὄντος
943 1349 1082 1404 Θεοῦ
1111 1351 1251 1423 ὅπερ
1282 1352 1432 1406 ἐστὶν
1463 1352 1626 1417 αὐτὸς
1650 1353 1879 1420 έαυτοῦ;

855 1597 1181 1671 Ἇνατροπὴ
1213 1600 1328 1656 10’.

2477 968 2663 1024 ΑΕΤΠ
2699 969 2935 1026 CAPUT
2976 969 3116 1024 XIX.

2066 1084 2122 1140 Si
2171 1084 2397 1156 ingeniti
2445 1099 2548 1139 vox
2599 1085 2962 1155 privationem
3004 1086 3064 1140 in
3116 1085 3227 1142 Deo
3279 1086 3580 1159 significat,

1992 1180 2237 1251 nihilque
2267 1181 2426 1250 plane
2453 1179 2525 1235 sit
2555 1180 2884 1250 ingenitum,
2933 1195 3184 1250 quaenam
3222 1181 3364 1236 ratio
3393 1181 3463 1237 ab
3492 1199 3579 1246 eo,

1991 1271 2138 1342 quod
2172 1286 2281 1326 non
2328 1277 2434 1336 est,
2479 1269 2616 1324 nihil
2653 1271 2826 1340 possit
2871 1269 3127 1327 auferre?
3159 1270 3256 1326 Sin
3306 1273 3581 1330 exsistens

1990 1363 2268 1436 quidpiam
2299 1372 2480 1428 sonat,
2513 1361 2639 1433 quis
2668 1362 2738 1416 ab
2761 1376 2827 1417 eo
2856 1362 3001 1431 quod
3035 1370 3141 1426 est,
3171 1362 3410 1433 idipsum
3431 1364 3582 1436 quod

1990 1472 2099 1520 esr,
2125 1457 2231 1511 hoc
2263 1462 2351 1511 est
2376 1454 2576 1525 ipsum,
2597 1471 2627 1510 a
2647 1453 2943 1524 semetipso
2977 1455 3262 1512 secernat?

2522 1588 2842 1659 Confutatio
2883 1587 3045 1652 x11.

365 1709 447 1763 A'.
463 1708 545 1764 τὰ
561 1709 703 1766 κατά
727 1709 986 1783 στέρησιν
1008 1711 1282 1784 λεγόμενα
1318 1709 1472 1784 παρὰ
1495 1714 1609 1776 τοῖς
1630 1710 1736 1778 ἔξω
1767 1713 1880 1767 δια-

2059 1706 2100 1761 1.
2139 1705 2276 1772 Quae
2300 1704 2566 1774 privantia
2594 1720 2626 1759 a
2657 1704 2908 1761 dialectis
2945 1705 3336 1768 nominantur,
3373 1707 3427 1761 in
3459 1721 3578 1762 me-

290 1798 574 1865 λεκτικοῖς
605 1801 763 1872 φέρει
787 1803 919 1873 ἡμῖν
963 1801 1185 1867 ’Δέτιος,
1217 1802 1293 1867 ὠς
1323 1802 1420 1855 ἐπὶ
1453 1801 1594 1856 Θεοῦ
1622 1803 1884 1874 είδήσεως

1986 1799 2138 1854 dium
2171 1797 2332 1853 nobis
2366 1796 2521 1853 aﬂ‘ert
2540 1796 2752 1862 Aetius,
2782 1805 2838 1852 et
2867 1797 2936 1852 ad
2969 1797 3066 1854 Dei
3093 1799 3385 1854 scientiam
3410 1809 3577 1871 atque

297 1891 398 1945 καὶ
422 1890 691 1961 ὠφελείας
711 1892 867 1946 τοῦτο
883 1892 1266 1965 διαλαμβάνων
1282 1911 1295 1924 ·
1321 1892 1590 1964 πρότερον
1611 1893 1883 1965 ἀγνοήσας

1989 1888 2363 1960 intelligentiae
2402 1887 2644 1944 fructum
2691 1890 2927 1962 aliquem
2976 1889 3275 1946 transferre
3294 1899 3570 1946 conatur-z

292 1983 392 2035 hri
425 1983 532 2037 τίσι
563 1984 716 2055 παρά
751 1985 866 2048 τοῖς
899 1984 1006 2050 ἔξω
1048 1985 1112 2038 τὸ
1155 1984 1477 2056 στερητικὸν
1520 1983 1880 2056 λαμϐάνεται.

292 2073 372 2126 Οὐ
404 2073 513 2145 γὰρ
542 2073 692 2146 παρά
715 2075 881 2128 πᾶσιν
910 2073 1218 2146 ἐνδέχεσθαι
1245 2074 1309 2128 τὸ
1333 2073 1476 2128 κατὰ
1505 2073 1766 2147 στέρησιν
1793 2073 1885 2128 λέ-

294 2166 492 2234 γεσθαι
531 2166 807 2236 βούλονται
831 2168 884 2220 οἱ
920 2165 1031 2220 τῶν
1069 2165 1427 2221 διαλεκτικῶν
1455 2165 1624 2235 λόγοι,
1659 2165 1776 2219 ἀλλ’
1807 2165 1884 2229 ὡς

291 2260 394 2312 ἐπὶ
416 2262 528 2322 τοῖς
555 2259 696 2313 κατά
719 2258 885 2328 φύσιν
904 2277 958 2313 τι
983 2257 1364 2330 κεκτημένοις.
1397 2257 1621 2322 Τούτοις
1649 2256 1760 2330 γάρ
1785 2257 1885 2312 ἐπὶ

299 2350 556 2404 τάναντία
586 2351 975 2423 ἐνδεχομένως,
1006 2350 1256 2405 ἵστασθαι
1279 2349 1390 2404 τῶν
1419 2349 1561 2407 κατά
1591 2348 1753 2420 φύσιν
1781 2349 1880 2403 αὺ-

293 2445 412 2507 τοῐς
444 2443 815 2514 ὑπαρχόντων,
851 2443 914 2497 τὸ
945 2443 1085 2500 κατά
1117 2443 1374 2515 στέρησιν
1406 2442 1656 2511 λέγεται·
1695 2441 1792 2495 ἐπὶ
1823 2441 1882 2494 δὲ

294 2533 408 2586 τῶν
439 2533 514 2604 μὴ
542 2532 907 2605 ἐνδεχομένων
933 2533 1138 2593 οὐκέτι.
1176 2527 1303 2587 Οἷον
1334 2531 1397 2585 τὸ
1436 2531 1639 2601 τυφλὸς
1663 2530 1760 2585 ἐπὶ
1785 2529 1882 2585 τοῦ

293 2623 446 2678 λίθου
470 2626 570 2679 οὐκ
591 2624 660 2679 ἀν
701 2626 851 2680 εἴποι
878 2641 985 2689 τις.
1025 2625 1084 2678 Ὀ
1121 2624 1232 2696 γὰρ
1273 2623 1536 2694 πεφυκὼς
1572 2623 1726 2695 όρᾷν,
1761 2617 1884 2676 εἶτα

291 2712 587 2768 ἀποϐαλὼν
617 2713 679 2767 τὺ
705 2715 862 2786 όρᾷν,
891 2712 1092 2783 τυφλὸς
1132 2713 1320 2768 ἀκούει
1347 2731 1360 2745 ·
1395 2713 1446 2766 εί
1482 2712 1731 2783 μέντοιγε
1780 2729 1884 2766 -πε-

300 2800 499 2863 τεινὸν,
551 2800 586 2872 ἢ
627 2800 936 2874 ἄνθρωπος,
971 2801 1004 2873 ἢ
1050 2802 1269 2873 κτῆνος,
1300 2801 1330 2857 ὃ
1353 2817 1407 2855 τι
1442 2801 1687 2872 πεφυκὸς
1725 2801 1881 2876 ὄρᾷν,

295 2893 392 2946 ὅτε
441 2891 751 2965 ἐστέρηται,
798 2893 1000 2965 τυφλὸν
1047 2893 1388 2966 «στερητικῶς
1431 2893 1677 2963 λέγεται·
1703 2892 1885 2958 οὕτως

293 2985 392 3038 καὶ
413 2985 474 3039 τὸ
503 2986 773 3058 ἀόργητον
797 2987 896 3040 οὐκ
930 2987 996 3042 ἂν
1020 2987 1267 3058 εἴποιμεν
1286 2986 1379 3040 τὸν
1406 2986 1573 3052 λίθον,
1599 2987 1634 3058 ἢ
1660 2985 1722 3040 τὸ
1749 2987 1886 3042 ἄκα-

1985 1978 2080 2034 sed
2111 1976 2246 2034 illud
2281 1977 2337 2031 in
2355 1976 2548 2047 primis
2571 1976 2809 2048 ignorat,
2843 1977 3044 2047 quibus
3072 1977 3236 2038 rebus
3268 1976 3578 2048 significan-

1984 2069 2070 2126 dis
2097 2067 2422 2140 privationis
2451 2069 2780 2124 vocabulum
2821 2083 2853 2123 a
2887 2068 3232 2139 philosophis
3255 2069 3574 2140 impositum

1986 2161 2078 2217 sit.
2117 2157 2306 2230 Neque
2335 2158 2486 2213 eni
2529 2157 2833 2229 privatione
2879 2157 3073 2214 affecta
3107 2160 3419 2230 promiscue
3461 2160 3572 2215 dici

1985 2251 2170 2305 omnia
2201 2248 2614 2306 dialecticorum
2656 2251 2858 2322 regulae
2891 2251 3211 2321 patiuntur,
3251 2251 3346 2308 sed
3383 2268 3445 2308 ea
3478 2267 3573 2307 so-

1989 2343 2122 2408 lum,
2169 2357 2295 2414 quae
2322 2349 2519 2398 natura
2557 2356 2659 2397 sua
2687 2341 2870 2412 aliqua
2897 2357 2958 2398 re
2985 2342 3213 2413 praedita
3242 2352 3394 2399 sunt.
3445 2342 3572 2398 Haec

1983 2436 2131 2492 enim
2175 2451 2300 2491 cum
2347 2442 2558 2491 naturae
2588 2450 2701 2493 suae
2729 2435 3066 2491 contrarium
3118 2437 3174 2492 in
3216 2445 3418 2492 statum
3471 2439 3572 2492 ali-

1984 2525 2206 2596 quando
2237 2525 2580 2597 redigantur,
2630 2533 2747 2580 tum
2791 2524 3009 2581 demum
3035 2527 3240 2597 privari
3272 2527 3568 2583 dicuntur:

1986 2631 2222 2687 quorum
2250 2630 2382 2671 vero
2411 2615 2684 2671 naturalis
2715 2614 2806 2669 illa
2834 2614 3080 2670 conditio
3111 2615 3314 2670 mutari
3341 2632 3448 2670 non
3475 2631 3570 2687 po-

1986 2717 2116 2772 test,
2149 2707 2220 2763 ad
2249 2721 2316 2764 ea
2342 2722 2450 2762 vox
2479 2706 2586 2764 ista
2631 2721 2980 2778 nequaquam
3012 2709 3292 2765 convenit.
3329 2707 3408 2762 Ita
3441 2709 3572 2780 lapi-

1985 2797 2110 2854 dem
2140 2812 2303 2853 nemo
2333 2811 2541 2853 caecum
2573 2799 2945 2870 appellaverit.
2984 2795 3100 2856 Hoc
3141 2800 3288 2856 enim
3333 2803 3574 2856 vocabu-

1985 2891 2099 2946 lum
2138 2891 2190 2948 ei
2225 2891 2330 2946 soli
2368 2891 2652 2956 tribuitur,
2695 2891 2788 2961 qui
2821 2905 2982 2962 quem
3024 2908 3056 2946 a
3099 2899 3294 2948 natura
3342 2894 3572 2948 sortitus

1983 2991 2072 3039 est
2117 2982 2335 3039 videndi
2374 2999 2600 3041 sensum
2647 2983 2919 3051 amiserit,
2959 2983 3038 3039 uti
3069 2981 3344 3049 volucres,
3391 2984 3572 3038 homi-

295 3091 415 3140 πως,
444 3075 480 3147 ἢ
525 3075 589 3130 τὸ
638 3076 889 3145 ἄφθονος.
921 3077 997 3130 οὐ
1054 3077 1164 3149 γὰρ
1211 3075 1478 3146 πέφυκεν.
1523 3077 1647 3129 Ἐπὶ
1691 3076 1880 3146 μέντοι

1989 3089 2108 3138 nes,
2159 3071 2440 3144 pecudes;
2487 3087 2613 3144 quae
2641 3072 2787 3134 visu,
2827 3087 2989 3143 quem
3027 3071 3231 3128 habent
3269 3087 3300 3126 a
3347 3079 3569 3132 natura.

292 3167 587 3239 ἀνθρώπου
632 3170 727 3224 καὶ
763 3169 994 3240 κτήνους
1041 3168 1137 3222 τοῦ
1182 3168 1486 3238 πεφυκότος
1528 3165 1877 3240 ὀργίζεσθαι,

291 3262 388 3314 ὅτε
421 3261 495 3331 μὴ
524 3259 817 3331 ὀργίζοιτο,
848 3262 992 3315 εἴποι
1018 3262 1084 3316 ἄν
1107 3278 1190 3324 τις
1216 3259 1358 3314 κατά
1381 3260 1668 3332 στέρησινο
1695 3257 1792 3311 ἐπὶ
1822 3258 1881 3311 δὲ

290 3351 406 3405 τῶν
438 3352 512 3424 μὴ
543 3353 906 3426 ἐνδεχομένων
930 3354 1032 3408 οὐκ
1054 3352 1120 3412 ἂν
1148 3351 1249 3407 ἔτι.

1985 3163 2534 3235 spoiiata,privativa
2580 3175 2718 3218 voce
2763 3175 2908 3217 caeca
2957 3162 3336 3217 nominantur.
3382 3161 3475 3218 Sic
3518 3171 3572 3216 et

1986 3255 2308 3320 iracundiae,
2348 3254 2437 3312 vel
2482 3254 2728 3320 malitiae,
2767 3255 2853 3311 vel
2894 3254 3112 3312 invidia
3142 3256 3379 3326 lapidem
3409 3271 3571 3311 nemo

1987 3346 2136 3402 dicat
2181 3353 2482 3417 expertem,
2529 3345 2792 3414 quoniam
2833 3345 2903 3400 ad
2943 3345 3060 3409 hac
3099 3354 3297 3401 natura
3347 3347 3573 3400 minime

285 3453 652 3516 comparatus
684 3452 791 3502 est.
826 3444 907 3500 Ad
944 3443 1220 3501 hominem
1254 3457 1404 3508 vero,
1436 3441 1555 3504 sive
1594 3439 1880 3512 pecudem,
1921 3455 2043 3511 qua:
2071 3437 2368 3494 iracundiae
2388 3437 2613 3508 capacia
2645 3447 2793 3502 sunt,
2827 3451 2954 3494 cum
2987 3452 3056 3492 ea
3119 3437 3409 3503 carebunt,
3471 3439 3572 3507 pri-

296 3537 486 3593 vantia
522 3536 619 3592 illa
657 3535 885 3593 nomina
915 3535 1204 3594 transferri
1247 3542 1524 3604 poterunt,
1567 3533 1636 3589 ad
1685 3540 1884 3590 caetera
1913 3549 2020 3588 non
2055 3533 2204 3588 item.

370 3627 447 3683 B’.
478 3628 635 3684 Οὕτω
664 3628 756 3684 καὶ
783 3628 878 3683 ἐπὶ
919 3627 1015 3682 τοῦ
1043 3626 1178 3683 Θεοῦ
1217 3626 1474 3698 ληπτέον,
1505 3626 1587 3689 ὡς
1611 3625 1755 3698 πρὸς
1783 3624 1882 3680 τὸν

307 3723 514 3778 Ἀέτιον
535 3721 956 3799 ἀποτεινομένου
983 3720 1078 3776 τοῦ
1115 3719 1301 3789 λόγου,
1333 3718 1432 3776 καὶ
1483 3717 1766 3791 ἐρωτικῶς
1786 3717 1881 3786 ἐξ·

293 3819 602 3883 ετάζοντος·
651 3817 793 3885 Δέγε
834 3816 988 3890 ημῖν,
1029 3807 1078 3873 ὦ
1115 3812 1311 3882 Ἀέτιε,
1365 3807 1512 3874 οἶδας
1551 3809 1882 3882 ἀσύγκριτον

293 3911 438 3982 πρὸς
480 3912 605 3976 τοὺς
647 3909 858 3972 πάντας
886 3908 1011 3970 τοὺς
1041 3906 1118 3978 μὴ
1159 3904 1318 3968 ὄντας
1343 3904 1411 3960 ὲκ
1446 3902 1548 3973 τῆς
1589 3901 1758 3974 αὐτῆς
1787 3901 1882 3956 οὐ-

295 4003 445 4067 σίας,
473 4002 508 4073 ἢ
537 4001 632 4056 καὶ
677 3999 841 4054 αὐτὸν
871 3998 967 4053 σὺν
1007 3999 1119 4061 τοῖς
1151 3995 1357 4054 ἅπασιν
1400 3993 1654 4070 ἀριθμεῖν
1677 3993 1883 4067 τολμῄ-

296 4112 485 4160 σειας;
529 4094 642 4148 Καὶ
679 4095 728 4148 εί
751 4093 860 4164 μὲν
899 4093 1019 4156 τοῖς
1046 4093 1066 4123 ¹
1095 4089 1232 4143 πᾶσι
1263 4085 1454 4142 τοῦτον
1494 4085 1883 4160 ἀριθμήσενας,

292 4190 412 4250 τοῖς
437 4185 519 4258 μὴ
549 4187 618 4240 ὲκ
644 4188 744 4257 τῆς
779 4182 970 4247 οὐσίας
1007 4180 1178 4237 αὐτοῦ
1209 4177 1386 4244 οὖσιν,
1417 4177 1538 4233 ,ἀλλ’
1571 4177 1631 4250 ιξ
1660 4175 1762 4231 οὐκ
1792 4176 1884 4232 ὄνο

291 4294 409 4331 των
440 4277 532 4332 ὑπ’
555 4277 727 4332 αὑτοῦ
771 4277 861 4332 διὰ
894 4273 988 4329 τοῦ
1035 4274 1188 4338 ὄντος
1231 4271 1291 4339 ἑξ
1327 4268 1494 4325 αὑτοῦ
1546 4268 1666 4324 κατ’
1692 4268 1884 4323 οὐσίαν

2060 3623 2124 3678 11.
2165 3623 2373 3682 Eodem
2415 3621 2583 3686 modo
2631 3633 2686 3680 et
2731 3623 2786 3678 in
2832 3623 2944 3681 Deo
2984 3627 3138 3682 istud
3187 3626 3570 3695 accipiendum

1985 3727 2092 3775 est.
2125 3718 2304 3788 Atque
2333 3723 2394 3774 ut
2427 3717 2495 3772 ad
2533 3717 2751 3773 Aetium
2777 3725 2969 3776 nostra
2993 3727 3346 3778 convertatur
3365 3722 3571 3787 oratio,

1983 3809 2122 3869 libet
2149 3808 2297 3863 hunc
2329 3807 2386 3863 iu
2412 3807 2640 3869 modum
2666 3807 3175 3880 intenrogarezbic,
3207 3809 3389 3874 sodes,
3424 3810 3570 3873 Acti.

1989 3909 2302 3964 utrumnam
2335 3900 2490 3958 illum
2530 3915 2656 3956 cum
2685 3901 2900 3960 emeris
2932 3901 3212 3972 omnibus,
3256 3903 3348 3974 qui
3374 3904 3569 3958 eadem

1983 3993 2145 4064 961
2178 4009 2210 4050 e
2225 3993 2541 4052 substantia
2565 4007 2677 4050 non
2699 3999 2848 4060 sunt,
2873 3994 3181 4064 comparari
3203 4002 3364 4063 putas
3387 4009 3569 4065 posse,

1985 4101 2056 4140 an
2085 4100 2210 4140 cum
2238 4085 2307 4142 iis
2330 4099 2701 4141 anuutneme
2730 4099 2842 4140 non
2873 4082 3132 4141 dubites?
3157 4083 3221 4140 Si
3251 4085 3309 4140 in
3337 4086 3570 4140 aliorum

1986 4185 2190 4234 cretum
2221 4190 2624 4247 numerumque
2661 4175 2940 4240 retuleris,
2982 4176 3084 4246 .qui
3118 4191 3230 4230 non
3275 4191 3342 4230 ex
3396 4157 3570 4246 ipsius

1987 4267 2298 4331 substantia
2327 4276 2481 4332 sunt,
2513 4266 2612 4323 sed
2635 4281 2668 4322 e
2691 4266 2866 4325 nibiio
2887 4281 2989 4338 per
3011 4282 3159 4332 eum,
3201 4268 3294 4338 qui
3322 4268 3392 4325 ab
3415 4270 3570 4339 ipso-

291 4369 737 4440 γεγεννημένοις,
768 4366 946 4440 παρὲξ
979 4366 1152 4438 μόνου
1185 4362 1354 4418 αὑτοῦ
1384 4363 1478 4417 καὶ
1502 4363 1597 4417 τοῦ
1627 4360 1879 4432 Πνεῦμα-

1989 4367 2097 4413 met
2127 4356 2434 4421 secundum
2467 4356 2834 4414 substantiam
2873 4366 3028 4412 ortus
3066 4365 3172 4423 est,
3213 4357 3283 4422 ab
3317 4357 3414 4414 illo
3443 4374 3568 4430 pro-

294 4480 391 4525 τος
428 4461 522 4515 τοῦ
568 4460 747 4530 ἁγίου,
776 4459 870 4515 τοῦ
907 4461 974 4514 ἐκ
1019 4459 1119 4530 τῆς
1166 4457 1358 4521 οὐσίας
1410 4453 1507 4509 τοῦ
1543 4453 1879 4526 ἀσυγκρίτου

294 4551 512 4624 ﬂat-:92};
535 4551 744 4607 καὶτοῦ
771 4549 1090 4623 μονογενοῦς
1117 4547 1249 4603 Υίοῦ
1273 4546 1436 4602 αὐτοῦ
1463 4546 1615 4610 ὄντος
1631 4563 1644 4577 ·
1673 4547 1882 4599 ἀτοπω-

291 4645 437 4714 τάτη
459 4643 526 4698 ἂν
558 4645 645 4715 εῐη
673 4659 772 4703 σου
791 4645 827 4714 ἡ
846 4641 1130 4713 ¹ιλμολογία.
1164 4638 1288 4704 Πῶς
1316 4637 1426 4711 γὰρ
1456 4636 1536 4690 ἐτι
1565 4631 1646 4701 εἷς
1673 4638 1740 4691 ὲκ
1769 4635 1880 4694 τῶν

293 4736 539 4800 πάντων,
569 4734 629 4801 ἐξ
653 4726 714 4787 οὗ
748 4733 926 4788 πάντα
951 4731 1008 4799 ἐξ
1043 4732 1142 4786 οὐκ
1163 4730 1331 4784 ὄντων
1355 4728 1682 4799 γεγένηταις
1726 4725 1879 4779 Ἀδύ-

293 4843 462 4882 νατον
503 4827 614 4899 γὰρ
643 4826 834 4890 τοῦτο,
869 4826 964 4880 καὶ
995 4824 1103 4880 οὐδ’
1131 4823 1296 4886 αὐτὸς
1322 4817 1480 4877 τοῦτο
1522 4820 1752 4886 λέξειας.
1788 4817 1881 4890 Μὴ

285 4917 649 4989 ,ἐνδεχομένου
679 4916 738 4972 δὲ
757 4915 860 4971 τοῦ
885 4915 1049 4976 αὐτὸν
1077 4909 1222 4969 εἶναι
1256 4913 1444 4985 ὅμοιον
1472 4910 1507 4982 ἢ
1530 4911 1650 4966 ῐσον
1676 4911 1790 4974 τοῖς
1821 4909 1879 4976 ιε

293 5007 465 5062 αὐτοῦ
512 5007 573 5076 ἐξ
596 5007 708 5061 ,οὐκ
749 5005 917 5062 ὄντων
950 5004 1250 5074 γεγονόσιν,
1295 4998 1614 5056 ἀνένδεκτόν
1659 4999 1778 5053 ἐστι
1809 4998 1879 5052 τὰ

294 5099 461 5169 ὃμοια
486 5097 650 5154 αὐτὸν
667 5098 902 5168 πάσχειν
921 5099 1033 5166 τοῖς
1056 5093 1330 5166 ἀνομοίοις
1351 5091 1524 5162 αὐτῷ,
1549 5084 1630 5154 οἷς
1650 5092 1713 5143 τὸ
1737 5085 1878 5144 εἶναι

287 5192 439 5246 αὺτά
479 5191 543 5256 ἐξ
570 5189 738 5246 αὑτοῦ
771 5190 833 5258 ἐξ
863 5190 970 5244 οὐκ
1007 5187 1201 5252 ὄντων,
1232 5185 1326 5240 καὶ
1358 5183 1540 5240 πάντα
1588 5181 1659 5236 τὰ
1689 5182 1749 5234 ὲν
1787 5182 1888 5236 αὺ-

292 5281 432 5343 τοῖς,
461 5274 544 5346 οἷς
568 5277 858 5351 συμϐαίνει
891 5277 1033 5332 κατά
1075 5277 1333 5348 στέρησιν
1361 5269 1502 5328 εἶναι
1527 5273 1590 5326 τὸ
1613 5259 1915 5326 ὲναντίον.’

293 5373 382 5426 Τά
419 5373 526 5443 ,μὲν
555 5373 666 5446 γάρ
709 5373 863 5426 ἐστιν
907 5370 1120 5442 ὁρῶντα
1144 5369 1165 5402 ³
1190 5368 1298 5428 ,οὐκ
1344 5365 1711 5436 ἀφ’ὲαυτῶν·
1757 5363 1882 5418 οὔτε

292 5461 410 5534 γὰρ
442 5463 536 5517 καὶ
565 5463 626 5515 τὸ
669 5458 810 5518 εἶναι
837 5462 939 5531 ἀφ’
965 5459 1174 5516 ἑαυτῶν
1205 5459 1526 5532 ἐσχήκασιν,
1562 5454 1698 5510 ἀλλά
1739 5455 1881 5511 κατά

292 5554 517 5628 δοτικὴν
545 5555 705 5630 χάριν
741 5554 836 5610 τοῦ
863 5552 1262 5626 δεδωρημένου,
1297 5551 1356 5613 ὲν
1388 5545 1470 5614 οἷς
1501 5547 1788 5620 συμὸαίνει
1815 5547 1880 5601 τὸ

376 5735 396 5768 ⁸
423 5733 552 5792 Cor.
582 5737 762 5792 πᾶσαν
790 5736 926 5804 ἐξέτ.
1003 5739 1024 5770 ²
1045 5735 1173 5791 Cor.
1202 5735 1261 5788 ὲν
1284 5733 1413 5796 τοῖς.
1490 5730 1511 5762 ³
1546 5727 1609 5782 F.
1643 5727 1792 5784 ὄντα.

1984 4450 2157 4506 creati
2197 4457 2363 4517 sunt;
2402 4463 2432 4506 a
2461 4448 2662 4520 quibus
2705 4449 2857 4505 solus
2901 4448 3223 4505 eximendus
3249 4461 3331 4504 est
3371 4448 3568 4514 Filius,

1985 4559 2112 4602 cum
2151 4540 2357 4613 Spiritu
2385 4547 2610 4601 saneto.
2647 4541 2742 4612 qui
2777 4556 2849 4596 ex
2881 4541 3322 4611 incoctam-sibilis
3366 4541 3567 4605 Patris,

1985 4643 2042 4692 et
2067 4635 2332 4706 unigeniti
2375 4633 2496 4704 ejus
2537 4631 2661 4688 Filii
2703 4634 3012 4689 substantia
3065 4635 3356 4705 processit,
3407 4635 3455 4691 si
3499 4636 3568 4690 ad

1987 4735 2337 4787 cancrorum,
2374 4724 2619 4794 inquam,
2668 4723 3038 4778 conditionem
3085 4724 3383 4795 abjeceris,
3431 4727 3568 4782 nihil

1988 4815 2110 4870 ﬁdei
2157 4813 2497 4886 professione
2538 4820 2632 4874 tua
2679 4829 2806 4870 esse
2855 4823 3032 4885 potest
3091 4815 3407 4873 absurdius.
3461 4817 3567 4884 Qui

1983 4907 2130 4968 etum
2173 4921 2320 4970 unus
2350 4921 2416 4968 ex
2453 4905 2718 4964 omnibus
2753 4905 2888 4970 .erit,
2931 4920 2962 4959 a
2998 4920 3114 4976 quo
3135 4915 3268 4963 sunt
3311 4922 3344 4964 e
3391 4907 3569 4964 nihilo

1984 5007 2182 5055 cuncta
2223 4999 2535 5070 producta?
2577 4997 2724 5059 Fieri
2749 4999 2882 5054 illud
2936 5000 3128 5071 utique
3179 5016 3288 5056 non
3343 5012 3566 5073 pateat,

1984 5108 2162 5163 neque
2187 5100 2304 5149 tute
2332 5107 2574 5163 unquam
2620 5092 2724 5147 hoc
2755 5093 3081 5150 asserueris.
3103 5092 3296 5161 Quae
3324 5110 3451 5150 cum
3495 5095 3568 5152 iis

1985 5200 2108 5257 qua:
2132 5186 2442 5256 procreavit
2457 5199 2496 5240 .e
2524 5184 2722 5249 nihilo,
2765 5184 2962 5242 similis
2979 5195 3033 5240 et
3056 5186 3287 5257 aequa-lis
3317 5201 3440 5242 esse
3467 5203 3567 5242 ne-

1983 5277 2386 5348 queat,eadeut
2435 5292 2560 5336 cum
2590 5277 2679 5334 sui
2715 5277 3080 5334 dissimilibus
3126 5280 3234 5349 pati
3277 5281 3427 5334 nulla
3475 5295 3566 5332 ra-

1984 5372 2134 5425 tione
2163 5371 2381 5439 poterit,
2412 5369 2619 5440 quibus
2650 5371 2755 5425 hoe
2774 5371 3062 5437 convenit,
3094 5379 3155 5426 ut
3189 5372 3415 5426 enibiio
3449 5379 3561 5426 tam

1984 5456 2053 5510 ab
2081 5456 2176 5510 illo
2201 5455 2321 5526 ipsa
2345 5454 2617 5524 producta
2646 5455 2780 5522 siut,
2807 5471 2974 5526 quam
3024 5471 3148 5526 quae
3178 5455 3314 5525 ipsis
3346 5455 3561 5520 insunt,

1982 5547 2188 5620 quibus
2221 5561 2320 5620 per
2370 5547 2731 5620 privationem
2777 5548 3032 5606 accidunt
3076 5548 3373 5604 contraria.
3429 5544 3558 5606 Haec
