3964 6396
576 292 673 350 521

1974 292 2031 345 S.
2078 289 2419 348 EPIPHANH

3676 304 3759 360 59?.

568 412 716 466 enim
767 410 951 465 omnia
1004 410 1228 464 minimc
1259 424 1288 462 a
1334 407 1535 478 scipsis
1580 405 1879 473 exsistunt,
1937 406 2033 463 sed
2090 422 2150 461 ex

2261 406 2435 472 πάθος
2461 408 2602 463 κατά
2631 411 2890 482 στέρησιν
2914 408 3024 463 τῶν
3049 410 3106 463 ὲν
3127 408 3311 474 αὐτοῖς
3336 408 3762 482 ύπαρξάνιωνκατὰ

572 502 806 571 benigna
835 500 1018 555 dantis
1051 499 1343 571 largitione
1373 518 1387 554 :
1414 498 1618 569 quibus
1670 499 1839 553 etiam
1892 505 2080 568 utpote
2126 515 2157 551 e

570 592 742 647 nihilo
770 592 1050 663 productis
1080 591 1190 663 pati
1214 590 1418 661 aliquid
1443 590 1733 658 contingit,
1764 605 1892 644 cum
1931 591 1999 645 iis
2023 590 2157 659 ipsis

569 685 735 740 rebus
760 684 1067 755 privantur,
1100 699 1224 754 quae
1251 698 1282 737 a
1315 682 1574 753 largitore
1607 682 1701 736 illo
1740 683 2157 737 communicatae

569 775 947 846 fueranttqui
980 789 1161 845 neque
1190 774 1304 845 pati
1356 773 1562 844 aliquid
1605 783 1806 843 potest,
1839 779 1893 827 et
1934 788 1965 826 a
2008 772 2158 829 nullo

568 866 677 920 alio
702 866 889 931 habet,
920 875 982 921 ut
1006 867 1099 932 sit,
1136 881 1315 937 neque
1349 866 1549 936 privari
1581 865 1695 919 ullo
1726 865 1888 920 modo
1924 873 2123 936 potest.

636 959 984 1030 Quapropter
1009 972 1136 1015 cum
1180 959 1413 1029 aequalis
1459 958 1568 1014 illis
1605 973 1713 1012 non
1759 958 1830 1013 sit
1862 956 2054 1021 Filius,
2081 958 2161 1012 uti

567 1064 749 1120 neque
776 1048 959 1113 Pater,
993 1062 1170 1118 neque
1222 1046 1461 1118 Spiritus
1516 1054 1763 1109 sanctus,
1800 1062 1865 1101 ac
1908 1047 2161 1103 diversus

568 1139 644 1194 sit
680 1139 752 1195 ab
782 1138 905 1194 istis
938 1136 1113 1194 Filius
1134 1180 1149 1205 ,
1184 1136 1509 1208 quibuscum
1579 1137 1767 1192 eadem
1801 1137 2162 1208 appellatione

567 1231 797 1285 minime
832 1229 1145 1285 continetur
1167 1272 1183 1298 ,
1214 1212 1326 1285 sed
1360 1229 1618 1285 eximium
1658 1244 1858 1284 nomen
1899 1230 2063 1286 habet
2107 1238 2163 1286 et

565 1320 860 1384 excellens,
891 1326 950 1373 ut
992 1319 1284 1390 ipsumtuet
1322 1318 1522 1372 bonum
1547 1318 1619 1373 ab
1644 1333 1711 1374 eo
1739 1317 1832 1389 qui
1864 1320 2162 1392 ipsummet

564 1410 791 1480 perinde
843 1410 1049 1465 bonum
1098 1416 1208 1472 est,
1260 1407 1565 1478 profectum
1623 1408 1861 1473 dicatur,
1910 1425 2160 1482 quaenam

563 1515 689 1556 esse
724 1507 904 1571 potest
929 1514 1052 1555 cum
1088 1498 1157 1555 iis
1185 1514 1308 1569 quae
1336 1498 1646 1570 oppositam
1677 1515 1744 1555 ex
1786 1500 2018 1556 adverso
2049 1503 2163 1571 pri-

560 1592 835 1648 vationem
880 1591 1104 1656 habent,
1150 1590 1503 1646 commistio?
1536 1589 1955 1661 Supervacanea
1997 1593 2163 1663 igitur

561 1691 650 1738 est
676 1682 816 1739 Aetii
855 1683 1224 1754 privationem
1259 1680 1422 1736 nobis
1447 1681 1757 1738 invebentis
1783 1682 1961 1737 oratio
1988 1700 2001 1735 :
2034 1698 2161 1737 nam

2204 551 2220 563 ,
2259 499 2360 569 τὴν
2392 500 2541 555 δόσιν
2589 501 2685 556 τοῦ
2720 501 3121 574 δεδωρημένου,
3170 501 3266 559 τοῦ
3310 503 3550 569 ἀπαθοῦς,
3590 507 3665 563 καὶ
3689 508 3763 561 οὐκ

2262 589 2328 643 ἐκ
2352 608 2494 655 τινος
2540 591 2757 663 ἔχοντος
2789 592 2851 646 τὸ
2888 586 3054 656 εἶναι,
3088 591 3212 646 οὐδὲ
3239 591 3521 666 δυναμένου
3548 596 3765 666 στερίσκε-

2264 683 2409 751 σθαι,
2440 685 2553 748 τοῖς
2577 682 2639 748 ἐξ
2669 685 2773 739 οὐκ
2801 684 2971 738 ὄντων
3003 683 3329 756 ὖπάρξασιν.

2332 953 2397 1006 Εἰ
2439 947 2532 1005 οὖν
2582 952 2682 1005 οὐκ
2731 953 2844 1015 (eo;
2875 953 3083 1015 ἐκεῖνος
3115 952 3144 1005 δ
3178 951 3328 1014 Υἱὸς,
3363 951 3395 1022 ἢ
3425 950 3653 1022 ὁΠατὴρ,
3680 952 3770 1023 ἦτδ

2264 1045 2419 1114 ἅγιον
2450 1044 2679 1116 Πνεῦμα
2715 1045 2952 1110 τούτοις,
2985 1044 3148 1110 ἄλλος
3195 1044 3255 1098 δέ
3298 1045 3441 1097 ἐστιν
3469 1046 3497 1098 ὁ
3525 1044 3635 1108 Υίδς
3662 1046 3772 1115 παρὰ

2261 1141 2507 1203 τούτους,
2536 1139 2598 1192 οὐ
2638 1140 2706 1210 τῇ
2743 1136 2835 1212 ἴσῃ
2865 1138 3134 1210 ὀνομασίᾳ
3159 1137 3590 1208 κικλησκόμενος.
3612 1136 3771 1210 ἐξαίρε-

2262 1247 2354 1284 τον
2392 1229 2450 1284 δὲ
2478 1230 2574 1283 καὶ
2615 1229 2950 1299 ἀσύγκριτον
2989 1228 3161 1303 ὄνομα
3186 1228 3346 1298 ἔχων,
3377 1228 3674 1297 αὐτοαγαθὺν
3697 1229 3774 1299 ἀπὸ

2261 1319 2357 1374 τοῦ
2400 1319 2741 1390 αὐτοαγαθοῦ
2782 1321 2959 1385 ὄντος,
2995 1321 3080 1385 τίς
3114 1319 3182 1375 ἂν
3222 1321 3257 1390 ἠ
3304 1319 3573 1391 συμπλοκὴ
3604 1320 3713 1397 πρὸς
3731 1320 3774 1373 τὸ

2265 1412 2584 1484 στερητικὸν
2608 1412 2841 1485 ἐχούσης
2863 1411 3142 1467 ἀντίθετον
3162 1428 3177 1477 ;
3208 1411 3344 1483 Περί
3375 1429 3433 1465 τε
3451 1413 3467 1443 ¹
3490 1411 3587 1483 γὰρ
3605 1412 3629 1463 ὁ
3645 1409 3717 1464 τοῦ
3734 1410 3775 1463 τὸ

2265 1503 2584 1573 στερητικὸν
2633 1502 3045 1572 εἰσενέγκαντος
3085 1503 3217 1573 ἡμῖν
3256 1501 3458 1554 Ἀετίου
3500 1500 3667 1570 λόγος,
3706 1500 3773 1553 τοῦ

2263 1596 2561 1666 ἀγεννήτου
2607 1594 2744 1649 Θεοῦ
2776 1595 2873 1649 καὶ
2904 1594 3168 1666 γεννητοῦ
3212 1592 3345 1649 Υίοῦ
3383 1594 3443 1649 οὐ
3480 1593 3608 1648 κατὰ
3640 1593 3776 1663 στέρη-

2229 1744 2234 1750 ,
2267 1703 2352 1740 σιν
2380 1686 2482 1757 τὴν
2512 1685 2621 1740 τῶν
2647 1686 2967 1758 κτισμάτων
2992 1685 3209 1758 ἔχοντος
3237 1686 3300 1740 τὸ
3323 1685 3557 1757 ὑπάρχον
3591 1682 3774 1753 ἀξίωμα,

563 1773 839 1846 ingenitus
876 1773 1042 1838 Deus,
1080 1786 1147 1827 ac
1182 1772 1399 1843 genitus
1450 1770 1628 1829 Filius
1676 1787 1785 1827 non
1841 1788 1908 1828 ex
1950 1781 2150 1829 creata-

2262 1779 2399 1834 ἀλλά
2437 1778 2585 1833 κατὰ
2613 1778 2676 1833 τὸ
2708 1779 3037 1851 αὐτομάτως
3065 1781 3160 1834 καί⁵
3186 1779 3494 1845 ἰδιαζόντως
3523 1776 3630 1832 καθ’
3657 1774 3775 1831 ἑαυτὸ

562 1881 685 1921 rum
736 1879 920 1921 rerum
961 1860 1271 1933 privatione
1309 1863 1629 1935 dignitatem
1681 1863 1928 1920 obtinent
1960 1879 2115 1922 suam
2141 1905 2158 1931 ,

563 1958 663 2015 sed
703 1972 773 2014 ex
803 1970 870 2013 eo
897 1955 1042 2028 quod
1065 1963 1263 2026 sponte
1291 1970 1412 2019 sua,
1445 1955 1801 2026 peculiariter
1826 1971 1888 2011 ac
1917 1971 2014 2027 per
2038 1971 2160 2011 sese

562 2043 885 2100 substantia:
949 2057 1065 2098 suae
1125 2041 1512 2113 divinitatique
1573 2044 1846 2115 congruit.
1894 2043 1973 2100 lta
2027 2060 2153 2100 cuin

560 2149 766 2206 expers
791 2133 886 2189 ira:
909 2133 1114 2189 dicitur
1146 2132 1311 2202 Deus,
1350 2149 1459 2190 non
1484 2133 1537 2190 id
1580 2135 1649 2190 ab
1681 2136 1761 2190 ira
1784 2136 1903 2207 ipsa
1934 2136 2158 2207 petitur,

561 2228 657 2284 sed
683 2241 748 2282 ex
788 2241 855 2281 eo
882 2225 1029 2297 quod
1058 2225 1140 2280 ira
1172 2241 1269 2297 per
1296 2241 1419 2283 sese
1444 2234 1624 2280 vacat.
1669 2225 1761 2283 Sic
1797 2229 1961 2283 etiam
1998 2230 2152 2298 inge-

559 2319 709 2375 nitus
749 2319 1076 2389 appellatur,
1125 2319 1269 2389 quod
1316 2318 1549 2375 exsistat
1585 2334 1616 2373 a
1667 2320 1871 2391 seipso.
1916 2321 2041 2377 licet
2084 2322 2153 2377 ab

557 2407 749 2463 eodem
781 2407 1024 2478 ingenito
1048 2405 1223 2464 Filius
1267 2407 1339 2462 sit
1378 2408 1495 2475 ipse
1530 2410 1766 2481 genitus.
1801 2412 1993 2482 Itaque
2038 2411 2153 2467 fru~

559 2510 672 2554 stra
701 2508 787 2555 est
816 2499 1064 2570 apposita
1089 2500 1181 2554 illa
1215 2500 1482 2556 vocabulo
1508 2502 1747 2572 negatio,
1777 2517 1900 2557 cum
1929 2505 1995 2558 ad
2023 2520 2149 2561 cum

557 2590 913 2656 transfertur,
968 2592 1063 2662 qui
1111 2606 1236 2651 cum
1284 2592 1496 2649 caeteris
1549 2594 1633 2648 vel
1685 2610 1753 2649 ex
1799 2594 2010 2666 ipsius,
2056 2599 2147 2667 qui

558 2678 890 2734 mentionem
939 2679 1103 2749 hujus
1161 2679 1325 2748 fecit,
1375 2681 1635 2752 opinione
1688 2687 1996 2755 comparari
2049 2704 2159 2744 non

559 2778 761 2840 potest.
794 2770 913 2827 Non
936 2772 1080 2827 enim
1112 2781 1306 2828 caetera
1338 2772 1614 2844 adzequari
1655 2791 1780 2830 cum
1812 2778 2000 2848 genito
2032 2794 2162 2850 pos-

559 2873 711 2929 sunt,
741 2879 843 2919 nec
890 2865 1163 2936 ingenitus
1194 2880 1350 2922 suam
1400 2881 1525 2920 cum
1574 2868 1776 2922 creatis
1823 2869 1985 2927 rebus
2025 2872 2159 2928 sub-

558 2955 817 3010 stantiam
862 2957 1257 3013 communicat.
1295 2958 1459 3029 962
1503 2959 1662 3025 Quod
1708 2975 1818 3016 non
1876 2963 1984 3017 ulla
2020 2980 2158 3035 prae-

2262 1871 2589 1944 συμπρέπον
2620 1873 2688 1944 τῇ
2734 1870 2931 1925 ἑαυτοῦ
2962 1872 3124 1944 οὐσίᾳ
3163 1888 3222 1925 τε
3266 1871 3363 1926 καὶ
3389 1868 3690 1940 (ledentem
3709 1866 3776 1921 ἐπὶ

2260 1959 2355 2015 τοῦ
2383 1953 2677 2031 ἀόργητος,
2720 1959 2782 2013 οὐ
2811 1960 2898 2015 διά
2929 1961 2991 2014 τὸ
3020 1959 3366 2033 ὀργίζεσθαι,
3391 1958 3522 2015 ἀλλά
3545 1957 3622 2013 διὰ
3646 1956 3695 2011 τδ
3715 1956 3777 2010 αὐ-

2259 2051 2615 2123 τοαόργητον,
2644 2051 2740 2105 καὶ
2765 2050 2826 2107 τὺ
2853 2050 3149 2120 ἀγέννητος
3176 2048 3265 2103 διὰ
3302 2048 3367 2102 τὸ
3391 2046 3775 2118 αὐτογέννητονί,

2263 2144 2366 2199 κᾶν
2393 2160 2453 2197 τε
2478 2145 2508 2197 ὁ
2535 2143 2663 2207 Υίὸς
2689 2143 2951 2213 γεννητὸς
2974 2143 3061 2213 εἴη
3087 2142 3195 2197 ἀπὸ
3240 2139 3338 2195 τοῦ
3381 2141 3675 2212 ἀγεννήτου·
3708 2136 3777 2206 τῆς

2261 2232 2404 2288 κατά
2468 2233 2727 2306 στέρησιν
2774 2233 2976 2299 λέξεως
3028 2232 3278 2304 ματαίως
3325 2232 3576 2316 κειμένης
3611 2230 3689 2284 ἐπὶ
3724 2226 3779 2298 τῷ

2259 2325 2574 2397 ἀσυγκρίτῳ
2618 2326 2756 2399 πρὸς
2784 2328 2912 2390 τοὺς
2957 2326 3174 2394 ἄλλους,
3204 2324 3351 2383 κατὰ
3377 2325 3464 2380 τὸν
3493 2323 3605 2378 νοῦν
3631 2319 3776 2375 τούτου

2256 2415 2353 2471 τοῦ
2384 2418 2800 2484 ὑποϐάλλοντος.
2838 2419 2976 2473 Οὔτε
3008 2418 3119 2491 γὰρ
3145 2418 3215 2474 τὰ
3240 2418 3380 2475 ἄλλα
3412 2418 3488 2490 τῷ
3514 2411 3780 2488 γεγεννημέ-

2257 2527 2333 2581 νῳ
2379 2509 2643 2575 ὶσάζεται,
2684 2510 2809 2566 οὔτε
2836 2512 2865 2566 ὁ
2899 2512 3193 2585 ἀγέννητος
3230 2516 3348 2578 τοῖς
3367 2511 3706 2583 κεκτισμένοις
3735 2504 3780 2559 τδ

2260 2603 2547 2673 δμοούσιον
2595 2605 2981 2676 μεταδίδωσινο
3032 2607 3135 2661 οὐκ
3175 2607 3442 2662 ἀδυνάτου
3481 2603 3571 2659 τοῦ
3606 2597 3779 2655 δυνατοῦ

2262 2697 2762 2768 κατηγορουμένου,
2798 2698 2937 2753 ἀλλά
2974 2699 3087 2754 τῶν
3121 2699 3403 2754 ἀδυνάτων
3436 2695 3564 2769 πρὸς
3588 2694 3777 2748 12.5m-

2258 2785 2352 2841 τὸν
2398 2787 2473 2858 μὴ
2515 2788 3000 2861 ἐπεκτεινομένων,
3030 2789 3119 2845 διὰ
3163 2790 3225 2844 τὸ
3272 2790 3549 2863 ἐξαίρετον
3586 2784 3668 2839 τοῦ
3697 2781 3779 2842 ὲνὺς

2260 2876 2397 2931 Θεοῦ
2426 2877 2522 2933 καὶ
2550 2876 2646 2931 τοῦ
2671 2878 2732 2944 ἐξ
2755 2878 2924 2933 αὑτοῦ
2957 2878 3282 2952 μονογενοῦς
3307 2877 3443 2934 Υίοῦ
3473 2878 3563 2932 σὺν
3586 2871 3653 2946 τῷ
3681 2867 3781 2937 ﬁt“?

2261 2970 2559 3042 Πνεύματι.

556 3048 798 3117 potentis
828 3048 1201 3105 imbecillitate
1229 3049 1343 3104 fieri
1379 3051 1678 3125 putandum
1711 3061 1818 3113 est,
1856 3054 1950 3110 sed
1980 3072 2044 3112 eo
2073 3058 2343 3128 videlicet,
2371 3064 2523 3134 quod
2587 3062 2861 3121 imbecilla
2920 3075 3116 3120 caetera
3184 3065 3251 3120 ad
3294 3067 3657 3136 praepotentem
3711 3064 3781 3105 us-

556 3155 666 3211 que
712 3140 938 3209 provebi
1010 3150 1305 3212 nequeant,
1374 3144 1446 3199 ob
1500 3145 1664 3202 tutius
1718 3144 1833 3213 Dei,
1882 3158 1939 3205 et
1985 3151 2053 3205 ab
2098 3153 2220 3225 ipso
2257 3157 2604 3228 procedentis
2651 3159 2919 3230 unigeniti
2971 3157 3119 3226 Filii,
3177 3175 3306 3216 cum
3362 3158 3561 3231 Spiritu
3614 3156 3777 3209 κλεισίον

555 3233 892 3304 singularem
921 3235 1261 3306 majestatem
1300 3252 1364 3292 ac
1398 3240 1791 3308 praestantiam.

1048 3348 1232 3405 ΑΕΤΙΙ
1272 3350 1504 3408 CAPUT
1544 3353 1662 3411 XX.

629 3440 766 3498 Cum
787 3441 1123 3512 privationes
1148 3444 1449 3500 ablationes
1477 3446 1587 3502 sint
1613 3448 1988 3518 affectionum,
2007 3454 2153 3523 quod

555 3531 614 3588 in
642 3528 755 3589 Deo
800 3541 886 3589 est
927 3534 1255 3605 ingenitum,
1291 3537 1375 3591 vel
1417 3536 1725 3596 affectionis
1772 3543 2004 3611 privatio
2042 3553 2149 3614 est,

552 3624 643 3678 vel
670 3623 885 3680 affectio
911 3624 1205 3695 privationi
1231 3629 1533 3684 contraria.
1563 3628 1753 3700 Igitur“
1773 3632 1821 3688 si
1849 3633 2152 3693 aﬂectiunis

554 3715 792 3786 privatio
818 3722 924 3779 est,
958 3716 1234 3786 quomodo
1284 3718 1337 3774 id
1384 3720 1530 3789 quod
1558 3735 1669 3776 non
1712 3722 1855 3779 inest
1870 3723 2003 3789 Deo,
2025 3734 2150 3782 tan-

528 3816 723 3874 quam
746 3804 882 3859 insit
909 3805 1203 3861 tribuitur?
1231 3806 1301 3860 At
1337 3809 1385 3864 si
1431 3808 1647 3865 affectio
1675 3811 1921 3880 quaedam
1949 3823 2036 3871 est
2065 3817 2143 3872 in-

556 3895 826 3966 genitum,
870 3896 1112 3967 genitam
1163 3896 1527 3955 substantiam
1573 3902 1841 3958 exsistere
1887 3915 2032 3970 ante,
2083 3922 2149 3964 ac

554 3985 707 4041 velut
735 3985 1012 4042 substerni
1040 4000 1269 4043 necesse
1292 3997 1397 4052 est,
1424 3996 1484 4043 ut
1502 3989 1793 4047 affectione
1819 3992 1909 4047 illa
1933 3994 2001 4050 ad
2025 4011 2145 4051 eam

555 4076 870 4143 accedente,
904 4077 1145 4149 ingenita
1184 4078 1515 4137 nominetur.
1545 4080 1601 4136 Si
1639 4098 1769 4138 vero
1796 4085 1973 4152 genita
2013 4089 2147 4143 sub-

554 4169 760 4224 stantia
801 4169 1060 4240 ingenita:
1101 4169 1378 4241 particeps
1426 4170 1550 4236 fuit,
1586 4171 1890 4231 affectionis
1933 4177 2149 4246 jactura

555 4257 722 4328 facta,
748 4260 1119 4317 conditionem
1142 4261 1330 4318 amisit
1351 4262 1599 4334 ingeniti.
1632 4264 1814 4333 Quare
1834 4270 2144 4325 substantia

551 4352 775 4423 quidem
829 4353 1012 4424 genita
1059 4352 1255 4422 fuerit,
1307 4353 1607 4426 ingenitum
1666 4368 1847 4414 autem
1907 4360 2141 4417 aﬂ'ectio.

551 4441 711 4508 Quod
756 4443 802 4499 si
833 4442 1014 4513 genita
1057 4444 1277 4500 soboles
1320 4446 1612 4503 transitum
1650 4450 1941 4518 quemdam
1973 4454 2145 4524 signi-

554 4533 701 4598 ficat,
728 4548 836 4589 non
867 4534 1094 4590 dubium
1128 4542 1215 4590 est
1254 4534 1597 4593 affectionem
1641 4539 1887 4597 indicare
1913 4552 2140 4607 certam,

552 4626 669 4681 sive
712 4625 948 4695 quadam
998 4639 1032 4681 e
1085 4625 1396 4682 substantia
1446 4628 1753 4685 mutatione
1803 4630 2149 4691 conformata

550 4717 774 4773 dicitur.

1109 4808 1420 4881 Confutatio
1454 4812 1583 4869 ΧΧ.
1928 4862 1933 4867 .

621 4899 663 4955 l.
692 4900 1022 4959 Iamdudum
1063 4903 1134 4958 de
1178 4904 1281 4959 hoc
1331 4905 1657 4975 privationis
1691 4910 1928 4978 negotio,
1968 4915 2138 4969 multa

549 5007 676 5048 eum
706 4993 774 5049 iis
806 4996 899 5065 qui
957 5010 987 5050 a
1036 5004 1186 5051 recta
1235 4995 1341 5052 fide
1380 4999 1544 5053 alieni
1591 5007 1740 5063 sunt,
1772 5011 2139 5074 consentanee

551 5084 691 5140 dixit
710 5087 922 5153 Aetius,
951 5090 1253 5160 eodemque
1275 5107 1400 5147 cum
1434 5093 1544 5149 illis
1576 5095 1762 5151 studio
1786 5100 2135 5169 oppugnandi

550 5174 802 5230 catholici
833 5177 1101 5247 dogmatis
1130 5182 1308 5239 elatus
1332 5194 1438 5249 est,
1466 5184 1606 5240 adeo
1630 5187 1875 5257 quidem,
1906 5190 2040 5245 nihil
2075 5199 2135 5246 ut

547 5285 581 5324 e
624 5268 853 5324 sincera:
907 5269 1029 5324 fidei
1078 5275 1393 5345 praescripto
1442 5278 1787 5347 pronuntiet,
1843 5293 1943 5335 nec
1983 5281 2131 5338 illius

546 5360 834 5416 sententia
862 5360 1191 5427 meminerit,
1218 5381 1341 5435 quae
1380 5366 1646 5424 adversus
1679 5385 1774 5425 eos
1801 5378 2132 5442 contorque-

549 5460 655 5519 tur,
691 5453 787 5523 qui
814 5468 880 5507 ex
917 5453 1133 5522 ingenio
1157 5469 1260 5510 suo
1280 5457 1539 5528 pleraque
1582 5459 1822 5517 inaniter
1852 5460 2129 5528 effutiunt,

548 5558 722 5616 neque
756 5543 825 5599 ad
871 5544 991 5599 fidei
1028 5548 1354 5618 principium
1397 5551 1799 5613 adhaerescunt.
1832 5555 1983 5624 Quos
2009 5558 2134 5629 qui-

618 5700 633 5730 ¹
671 5696 736 5754 F.
777 5705 1047 5773 περιττός.
1126 5709 1147 5740 ³
1176 5707 1239 5762 F.
1268 5706 1719 5776 αὐτοαγέννητον.

2181 3364 2233 3432 C
2644 3367 3042 3422 ΚΕΦΔΛΑΙΟΝ
3078 3366 3338 3421 ΑΕΤΙΟΥ
3375 3366 3458 3421 K'.

2329 3455 2394 3510 El
2428 3458 2485 3510 αί
2519 3460 2804 3530 στερήσεις
2844 3458 2955 3513 τῶν
2997 3459 3164 3525 ἕξεων
3209 3459 3396 3514 αὐτῶν
3429 3461 3561 3513 εἰσιν
3600 3453 3777 3526 ἀφαιρέ-

2260 3560 2395 3615 σεις,
2435 3549 2497 3603 τὸ
2548 3550 2642 3604 ἐπὶ
2690 3549 2827 3605 Θεοῦ
2878 3550 3175 3623 ἀγέννητον
3224 3552 3348 3622 ἦτοι
3396 3549 3638 3623 στέρησίς
3671 3549 3777 3600 ἐστιν

2257 3639 2442 3706 ἕξεως,
2471 3641 2505 3713 ἢ
2538 3640 2653 3709 ἕξις
2684 3644 3014 3715 στερήσεως.
3033 3642 3172 3696 Ἀλλ’
3206 3645 3255 3697 εί
3286 3644 3390 3714 μὲν
3419 3639 3653 3714 στέρησίς
3670 3639 3778 3691 ἔστιν

2255 3731 2440 3799 ἒξειως,
2472 3734 2592 3798 πῶς
2621 3734 2687 3790 ἂν
2713 3734 2775 3788 τὺ
2809 3736 2883 3808 μὴ
2914 3735 3114 3807 προσὸν
3136 3734 3212 3800 ὡς
3241 3735 3446 3809 προσὸν
3468 3733 3544 3805 τῷ
3571 3731 3673 3802 Θεῷ
3689 3744 3778 3782 συν-

2256 3824 2728 3897 αριθμηθήσεταις
2755 3826 2805 3879 εί
2823 3825 2881 3880 δὲ
2909 3825 3023 3893 ἕξις
3051 3826 3169 3880 ἐστὶ
3186 3826 3249 3880 τὸ
3276 3826 3591 3898 ἀγέννητον,
3610 3820 3777 3887 ἀνάγκη

2255 3916 2661 3987 προῦποθέσθαι
2693 3918 2960 3989 γεννητὴν
2990 3918 3196 3983 οὐσίαν,
3226 3918 3295 3970 ἵν’
3316 3916 3509 3981 οὕτως,
3529 3914 3631 3981 ἕξιν
3647 3925 3775 3977 προσ-

2254 4006 2515 4072 λαϐοῦσα,
2551 4002 2847 4082 ἀγέννητος
2866 4011 3218 4082 ὀνομάζηται.
3243 4012 3309 4065 Et
3343 4011 3400 4065 δὲ
3431 4007 3645 4080 γεννητὴ
3665 4005 3780 4072 ἄγεθ’

2254 4100 2415 4169 νήτου
2443 4101 2632 4166 οὐσίας
2670 4103 2948 4173 μετέσχεν,
2979 4103 3147 4170 ἕξεως
3179 4104 3521 4175 ὑπομείνασα
3539 4094 3775 4162 ἀποϐολὴν.

2255 4190 2583 4264 ἀγεννησίας
2603 4193 2912 4265 ἐπέρηται.
2933 4193 3033 4265 Εῐη
3062 4194 3130 4249 ἂν
3157 4190 3252 4248 οὖν
3272 4194 3429 4249 οὐσία
3453 4194 3549 4266 μὲν
3571 4184 3772 4260 γεννητὴν

2249 4281 2313 4334 τὸ
2343 4281 2400 4337 δὲ
2428 4284 2722 4355 ἀγέννητον
2748 4286 2881 4352 ἕξις.
2909 4285 2970 4341 El
2998 4285 3054 4340 δὲ
3083 4286 3144 4339 τὺ
3168 4287 3417 4356 γέννημα
3444 4282 3660 4355 παρόδου
3688 4270 3776 4328 ἐστὶ

2248 4372 2566 4443 δηλωτικὸν,
2606 4376 2849 4448 δηλονότι
2893 4376 3060 4444 ἕξεως
3100 4380 3221 4431 ἐστι
3272 4375 3617 4450 σημαντικὸν,
3643 4370 3697 4425 ἂν
3729 4378 3773 4416 τε

2252 4465 2697 4533 μεταπέπλασται
2740 4468 2799 4534 ἐξ
2839 4469 3027 4534 οὐσίας
3059 4469 3224 4536 τινὸς,
3257 4470 3325 4525 ἄν
3356 4487 3417 4524 τε
3445 4466 3594 4522 τοῦτό
3615 4453 3773 4516 ἐστινό

2248 4550 2462 4621 λέγεται
2490 4556 2755 4629 γέννημα.

2223 4643 2317 4710 sit,
2350 4646 2467 4702 sive
2513 4647 2617 4704 hoc
2642 4649 2822 4720 ipsum
2865 4658 2949 4707 est
2994 4651 3176 4722 genita
3210 4651 3450 4717 soboles,
3507 4644 3640 4719 quod
3679 4649 3769 4695 esse

2816 4823 3139 4900 Ἁνατροπὴ
3163 4834 3247 4885 κν.

2306 4916 2385 4970 A’.
2432 4918 2568 4989 Ἤδη
2618 4919 2718 4990 μὲν
2774 4915 2870 4974 οὖν
2932 4923 3062 4993 περὶ
3121 4922 3455 4994 στερητικῆς
3507 4918 3767 4977 ὑποθέσεως

2235 5007 2406 5064 πολλά
2445 5011 2943 5083 συμμαχεσάμενος
2982 5015 3011 5066 ὁ
3044 5013 3250 5078 Ἀέτιος
3289 5019 3407 5080 τοῖς
3447 5013 3550 5068 ἀπὸ
3584 5007 3669 5081 τῆς
3703 5005 3765 5059 πί·

2235 5117 2406 5166 στεως
2447 5102 2769 5176 ἀλλοτρίοις,
2796 5105 2891 5159 καὶ
2937 5105 3101 5170 αὐτὸς
3149 5108 3243 5161 ῐσα
3283 5106 3510 5160 ἐκείνων
3540 5102 3665 5158 κατὰ
3690 5097 3765 5164 τῆς

2192 5254 2205 5269 ³
2235 5193 2473 5259 πίστεως
2509 5194 2861 5262 ὲξωπλίσατο,
2889 5197 3041 5251 οὐδὲν
3069 5197 3178 5252 ἀπὸ
3219 5199 3452 5263 πίστεως
3475 5196 3650 5264 λέγων,
3669 5185 3763 5241 οῐῖκτῖὲ

2238 5286 2582 5357 μεμνημένος
2602 5286 2696 5340 τοῦ
2726 5286 2894 5361 ῥητοῦ
2923 5288 3062 5362 πρὸς
3090 5290 3220 5354 τοὺς
3242 5289 3338 5359 ἀφ’
3365 5287 3568 5343 ἑαυτῶν
3592 5277 3763 5338 κενολό-

2233 5391 2366 5444 γους
2399 5376 2726 5446 φωνοῦντας,
2760 5379 2854 5432 καὶ
2896 5378 2959 5433 οὐ
3008 5380 3344 5452 κρατοῦντας
3377 5380 3475 5453 τὴν
3512 5375 3667 5450 ἀρχὴν
3683 5368 3761 5436 τῆς

2234 5468 2490 5532 πίστεως,
2522 5470 2600 5534 ὡς
2626 5471 2763 5542 πρὸς
2792 5472 2993 5536 αὐτοὺς
3019 5473 3406 5542 διελεγκτικῶς
3439 5474 3469 5526 ὁ
3511 5471 3653 5537 λόγος
3681 5455 3762 5531 φηλ

2235 5557 2320 5611 σίν
2339 5575 2352 5591 ·
2387 5554 2578 5615 Εἶπον
2606 5561 2722 5631 ἐγὼ
2751 5562 2822 5617 ἐν
2852 5562 2928 5633 τῇ
2956 5564 3379 5637 ἐκστάσειμσυ
3399 5582 3414 5600 ⁸
3440 5562 3561 5632 Πᾶς
3581 5558 3764 5628 ἀνθρν
