3964 6398
201 426 305 487 593
805 428 1175 487 ADVERSUS
1212 431 1555 490 IIA‘IRESES
1598 431 1729 525 LIB.
1767 435 1769 489 ί

1899 433 2066 492 ron.
2102 435 2219 491 1.-
2258 434 2536 492 uanas.
2550 390 2559 408 ⁷³
2577 432 2814 491 LXXVI.
3380 436 3483 494 594

200 566 312 617 πος
337 551 635 620 ψεύστης.
654 550 807 605 Μετὰ
831 553 925 608 καὶ
944 551 1058 621 τοῦ,
1075 554 1505 625 Ἐ’ταπεινώθην
1523 556 1769 626 σφόδρα.

1887 557 2019 613 dem
2040 557 2128 614 his
2171 557 2356 614 verbis
2395 555 2681 628 Scriptura
2726 557 3095 615 condemnat:
3128 558 3238 632 Ego
3278 560 3391 614 dixi
3425 563 3480 617 in

199 641 313 697 Νῦν
335 643 394 697 δὲ
408 638 572 707 αὖθις
593 645 706 708 τοῖς
733 645 919 709 αὐτοῖς
944 646 1425 719 κατατριϐόμενος,
1455 650 1765 721 στερήσεως

1889 660 2108 704 exacuit
2146 666 2258 704 meo
2280 666 2299 704 :
2330 649 2517 705 Omnis
2551 650 2711 704 homo
2726 646 2966 706 mendax
2994 651 3037 708 ⁸.
3070 652 3201 708 Item
3235 672 3250 707 :
3291 653 3486 709 llumi~

198 734 492 805 ὀνομασίας
511 752 572 789 τε
595 735 688 789 καὶ
708 735 895 803 ἕξεως,
925 738 1021 791 καὶ
1038 738 1416 810 συλλογισμῶν
1437 739 1769 811 ἀνθρωπίνης

1891 743 2052 798 tiatur
2081 759 2202 798 sum
2227 743 2387 798 uiuu's
2419 745 2460 798 ".
2488 742 2647 799 Nunc
2673 752 2856 814 auten]
2888 745 2941 800 in
2976 744 3171 802 iisdem
3203 761 3328 802 sese
3355 762 3467 801 ver-

201 824 474 895 σφαλερᾶς
499 824 776 891 ὑπονοίας,
801 826 1000 897 φόρτον
1027 827 1489 899 προϐαλλόμενος,
1511 828 1607 883 καὶ
1630 845 1769 881 πνευι

1888 848 2039 897 satis,
2073 834 2397 902 privationis
2443 832 2860 906 adectionisque
2896 852 3115 899 vocum,
3146 845 3202 892 ct
3230 836 3482 893 humana:

202 914 447 984 ματικῶς
489 914 913 986 ἀνακρινόμενος
956 917 1151 972 ἑαυτοῦ
1203 919 1446 988 φείδεται
1468 919 1486 950 ⁸
1514 917 1769 989 ἀνακόψα]

1886 939 1952 981 ac
1974 925 2197 980 lubrica
2234 925 2513 996 opinionis
2540 934 2988 998 argumentorum
3020 942 3161 983 onus
3213 936 3269 983 et
3304 929 3500 983 mole?

198 1002 261 1094 τὸ
305 1003 436 1059 [διον
476 1005 705 1076 ὅρμημα
737 1007 839 1077 τῆς
863 1003 924 1070 ἐξ
951 1004 1302 1078 ἀνθρωπίνης
1327 1006 1664 1078 πανουργίας
1689 1007 1767 1073 ἀφ

1886 1014 2048 1069 stiam
2066 1013 2384 1094 praeferens,
2406 1031 2470 1071 ac
2491 1015 2812 1086 spiritaliter
2833 1016 3167 1088 dijudicatus
3196 1019 3481 1088 proprium

196 1089 297 1167 ἦς’
352 1095 478 1167 περὶ¹
518 1096 669 1149 Θεοῦ
702 1096 882 1166 λέγειν
914 1096 952 1151 ἃ
980 1098 1432 1169 βούλεται.Ἀλλά
1473 1099 1567 1152 καὶ
1612 1098 1769 1170 ήμςῖιςε

1885 1105 2052 1160 animi
2107 1089 2367 1176 impetum
2418 1108 2490 1162 ab
2544 1108 2783 1163 humana
2830 1108 3128 1166 calliditate
3175 1109 3480 1180 profectum

198 1186 403 1258 καίπερ
430 1186 596 1241 πολλὰ
613 1189 742 1257 περὶ
764 1188 1103 1259 στερητικῶν
1125 1189 1525 1260 διαλεχθέντας,
1546 1188 1769 1256 όιναγκά⁴

1886 1195 2120 1252 inhiberi
2167 1212 2274 1252 non
2313 1198 2539 1267 patitur,
2579 1199 2761 1270 eique,
2804 1206 2866 1253 ut
2903 1201 2972 1255 de
3018 1197 3130 1255 Deo
3176 1214 3299 1270 quae
3348 1199 3479 1254 velit

195 1279 276 1343 ζει
305 1278 464 1333 πάλιν
489 1280 599 1341 τοῖς
630 1279 815 1342 αὐτοῖς
847 1280 1130 1350 ἐμμένειν,
1154 1281 1248 1334 καὶ
1282 1283 1342 1333 ὲν
1370 1282 1490 1344 ταῖς
1520 1280 1656 1350 πρὸς
1682 1281 1769 1334 αὐ-

1883 1288 2193 1357 eloqnatur,
2249 1290 2391 1345 lavis
2451 1290 2681 1346 habenis
2738 1290 3022 1360 permittit.
3076 1289 3217 1358 Quin
3264 1298 3319 1345 et
3372 1305 3475 1345 nos

191 1370 284 1423 τὸν
316 1371 651 1441 ἀνατροπαίς
685 1370 1133 1439 κατατρίϐεσθαι.
1171 1372 1282 1425 Ka‘t
1313 1367 1382 1442 ἦν
1418 1370 1519 1443 μὲν
1556 1370 1714 1441 ἱκανὴ
1743 1373 1769 1440 ἦ

1882 1392 2100 1446 quoque
2138 1385 2262 1447 post
2318 1378 2489 1431 multa
2540 1378 2605 1433 de
2663 1378 3064 1448 privationibus
3116 1378 3284 1433 verba
3340 1375 3484 1432 facta

191 1460 299 1532 πρὸ
325 1460 527 1532 ταύτης
553 1460 835 1532 ἀνατροπὴ
865 1460 1140 1534 δυναμένη
1165 1459 1257 1516 διά
1281 1463 1342 1516 τὸ
1360 1461 1668 1533 ὁμόῤῥοπον
1689 1462 1769 1515 καΊ

1884 1464 1955 1518 ad
2014 1464 2165 1521 idem
2219 1464 2633 1521 retractandum
2690 1480 2756 1522 ac
2818 1466 3167 1524 refutandum
3228 1467 3477 1538 impellit.

189 1551 480 1624 ὁμώνυμον
511 1552 605 1607 τοῦ
636 1553 1046 1622 συλλογιστικοῦ
1088 1553 1256 1608 αὐτοῦ
1299 1554 1459 1622 λόγου
1495 1552 1637 1607 κατά
1671 1552 1769 1608 τῶν

1880 1553 2045 1625 963
2085 1553 2345 1613 Sullicere
2379 1555 2602 1626 quidem
2648 1564 2882 1628 poterat,
2918 1562 3066 1629 quod
3104 1558 3173 1613 ad
3220 1573 3346 1614 eum
3379 1573 3467 1613 re-

188 1644 516 1715 ἀμφοτέρων
546 1643 827 1715 φέρεσθαι.
846 1642 986 1697 Ἀλλ’
1016 1644 1240 1715 ἐπειδὴ³
1273 1645 1409 1715 μήτε
1445 1643 1610 1698 ἵππον
1635 1643 1769 1715 σιδη-

1882 1645 2176 1701 halendum
2208 1646 2262 1701 in
2300 1636 2572 1718 superiori
2606 1648 2981 1705 confutatione
3016 1649 3294 1717 diximus;
3323 1650 3475 1721 quod

191 1735 452 1806 ρόστομον
496 1734 830 1806 ἀχαλίνωτον
879 1735 996 1806 ὲᾷν,
1043 1736 1146 1791 κάν
1195 1753 1257 1790 τε
1300 1734 1441 1789 κατά
1492 1734 1769 1808 βαράθρων

1882 1746 2104 1809 propter
2129 1738 2376 1795 eamdem
2420 1748 2869 1810 argumentorum
2908 1742 3017 1797 vim
3060 1757 3124 1797 ac
3166 1742 3481 1799 similitudi-

189 1828 445 1900 φέρηται,
474 1829 575 1882 κᾶν
602 1844 660 1881 τε
688 1827 798 1881 ἀπὸ
824 1826 918 1880 τοῦ
941 1829 1264 1898 όρμήματος
1286 1827 1388 1899 ἤδη
1413 1825 1769 1898 ἀνεκρούσθη,

1882 1844 2006 1884 nem
2058 1829 2328 1886 ambobus
2385 1842 2775 1902 opponeretur.
2829 1830 2935 1889 Sed
2987 1834 3248 1904 quoniam
3305 1850 3485 1907 neque

185 1918 310 1973 οὕτε
341 1917 499 1989 ἀνδρὶ
522 1917 665 1972 κατά
691 1918 792 1989 τῆς
820 1918 1058 1981 πίστεως
1081 1917 1153 1972 τὰ
1175 1917 1317 1972 αὐτά
1334 1918 1545 1987 λέγοντι
1569 1934 1769 1988 συγχω-

1880 1923 2227 1978 contumacis
2256 1924 2371 1980 oris
2423 1939 2626 1994 equum
2677 1922 3010 1981 iul‘renatum
3047 1928 3356 1998 relinquere
3387 1943 3486 1999 par

162 2014 323 2083 ‘pst,
355 2012 451 2065 καὶ
480 2010 555 2081 μὴ
584 2011 721 2082 πρὸς
753 2010 916 2064 αὐτὸν
950 2011 1160 2080 λέγειν’
1198 2006 1355 2075 αὖθις
1384 2010 1639 2083 ἐροῦμεν,
1675 2011 1769 2072 ὅτι,

1880 2021 1985 2078 εει,
2037 2015 2150 2068 sive
2200 2030 2296 2085 per
2338 2016 2638 2086 praecipitia
2692 2014 2925 2081 feratur,
2976 2017 3093 2073 sive
3147 2018 3484 2073 concitatum

188 2099 253 2152 Εἰ
272 2101 372 2172 μὲν
414 2104 471 2157 αἱ
519 2104 805 2175 στερήσεις
847 2103 1017 2171 ἓξεών
1058 2105 1197 2159 εἰσιν
1230 2103 1570 2176 ἀφαιρέσεις,
1605 2101 1666 2156 τὸ
1688 2102 1769 2156 ἐ.πῖ

1882 2120 2108 2161 cursum
2165 2107 2528 2176 represserit;
2571 2122 2749 2178 neque
2801 2107 2850 2163 ei
2898 2109 3126 2178 homini,
3165 2110 3259 2180 qui
3292 2111 3483 2167 eadem

181 2193 319 2249 Θεοῦ
370 2194 668 2266 ἀγέννητον
716 2195 836 2267 ἦτοι
890 2197 1148 2270 στέρησίς
1178 2198 1327 2251 ὲστιν
1371 2194 1625 2266 ἓξεως,ἥ
1668 2194 1769 2260 ἕξις

1885 2197 2147 2254 adversus
2190 2197 2350 2254 ﬁdem
2386 2199 2650 2264 inculcat,
2685 2200 2883 2256 cedere
2924 2210 3158 2272 oportet,
3177 2210 3247 2282 ἰιι
3290 2218 3397 2258 non
3431 2203 3484 2259 ei

182 2288 516 2359 στερήσεως.
556 2289 668 2342 Καὶ
706 2288 893 2357 πάλιν,
926 2288 1111 2359 Είμὲν
1141 2288 1400 2361 στέρησίς
1423 2289 1572 2342 ἐστιν
1591 2285 1781 2354 ἕξεως,

181 2379 301 2442 πῶς
330 2378 397 2435 ἂν
424 2377 487 2431 τὸ
518 2377 593 2451 μὴ
626 2377 829 2450 προσὸν
858 2378 936 2444 ὡς
963 2378 1267 2451 προσὸντῷ
1290 2377 1412 2449 Θεῴ
1434 2376 1773 2450 συναριθμη-

179 2473 407 2542 θήσεται
424 2487 443 2537 ;

1881 2289 2315 2353 contradicatur,
2342 2291 2492 2346 hunc
2541 2292 2596 2345 in
2646 2291 2865 2347 modum
2928 2294 3135 2350 idcirco
3180 2294 3485 2365 disputabi-

1882 2395 2046 2436 mus:
2075 2378 2134 2435 Si
2171 2383 2508 2452 privationes
2560 2382 2782 2453 quidem
2837 2383 3187 2442 all'cctionum
3230 2386 3482 2457 quaedam

1788 2516 1789 2519 η
1880 2471 2186 2528 ablationes
2221 2476 2355 2540 sint,
2390 2473 2714 2546 ingenitum,
2747 2475 2895 2546 quod
2934 2476 3042 2531 Deo
3086 2477 3366 2543 tribuitur,
3394 2476 3483 2534 vel

179 2566 487 2623 affectionis
529 2568 777 2638 quaedam
833 2565 1069 2638 privatio
1122 2576 1241 2633 est,
1311 2566 1395 2621 vel
1469 2564 1685 2621 aﬂectio
1726 2563 2019 2634 privationi
2075 2566 2347 2636 opposita.
2399 2566 2531 2623 Item
2571 2587 2587 2624 :
2627 2565 2686 2625 Si
2744 2570 2976 2639 privatio
3018 2569 3326 2628 all‘ectionis
3374 2577 3483 2643 est,

182 2675 419 2731 quonam
473 2667 635 2729 pacto
697 2658 750 2715 id
799 2658 945 2730 quod
993 2673 1104 2713 non
1158 2658 1302 2713 inest
1356 2658 1486 2721 Deo,
1525 2666 1786 2726 tanquam
1824 2656 1979 2721 insit,
2011 2656 2315 2712 tribuitur?

253 2752 327 2807 B'.
368 2751 482 2805 Καὶ
519 2751 554 2823 ἢ
594 2750 850 2815 τοιούτως
883 2750 918 2821 ἢ
944 2748 1204 2814 τοιούτως
1235 2750 1365 2821 περὶ
1392 2748 1529 2803 Θεοῦ
1564 2765 1624 2802 σε
1654 2747 1762 2800 δια-

179 2843 437 2907 νοεῖσθαι,
462 2836 508 2896 ὦ
548 2842 744 2906 Ἀέτιε,
772 2842 867 2895 καὶ
889 2841 1032 2906 ἕξεις
1062 2842 1192 2912 περὶ
1219 2840 1309 2894 τὸν
1331 2839 1464 2894 Θεὸν
1490 2840 1772 2905 τοπάζειν,

178 2935 331 2988 ἔσται
367 2950 450 2987 σοι
487 2934 586 3005 μὲν
612 2935 645 3005 ἡ
676 2934 885 2989 διάνοια
933 2931 1328 3005 στερισκομένη
1344 2931 1536 2986 ⁸.”Οσα
1572 2932 1682 3002 γὰρ
1708 2930 1775 2984 ἂν

1950 2744 2015 2803 ll.
2046 2746 2128 2803 Ad
2162 2749 2309 2803 hunc
2335 2748 2522 2821 igitur,
2547 2749 2635 2806 vel
2669 2749 2738 2807 ad
2779 2751 2945 2807 istum
2988 2752 3208 2809 modum
3240 2755 3483 2827 cogitare

1875 2846 2054 2908 potes,
2080 2838 2221 2903 Aeti,
2248 2854 2313 2895 ac
2359 2840 2428 2896 de
2448 2840 2559 2898 Deo
2582 2842 2958 2913 conjecturam
2980 2859 3211 2915 capere;
3239 2855 3330 2901 tua
3356 2863 3485 2903 vero

1881 2929 2242 2986 nihilominus
2272 2931 2328 2986 in
2364 2931 2673 3001 privatione
2711 2950 2866 2990 mens
2893 2935 3226 2992 versabitur.
3264 2935 3480 2993 Etenim

177 3023 428 3096 ἑπαναῦῇ
457 3025 492 3095 ἡ
521 3024 722 3097 καρδία
748 3041 841 3077 σου
877 3024 1014 3096 πρὸς
1056 3022 1188 3110 Θεὸν
1221 3021 1602 3083 ἀποτίθεσθαι.
1632 3022 1769 3091 πλὴν

1878 3024 2173 3093 quantavis
2216 3039 2278 3079 se
2338 3025 2689 3082 contentione
2743 3026 2963 3083 animus
3015 3034 3145 3085 tuus
3197 3027 3266 3082 ad
3311 3028 3481 3087 Deum

181 3118 347 3186 μόνου
366 3113 463 3171 τοῦ
488 3115 793 3179 πιστεύειν,
816 3115 912 3170 καὶ
938 3113 1409 3187 ὑπερθαυμάζειν,
1439 3113 1534 3167 καὶ
1562 3112 1620 3180 ἐξ
1642 3113 1769 3185 ὅλης

1878 3115 2071 3185 erigat,
2100 3115 2144 3169 si
2178 3116 2353 3170 solam
2385 3115 2569 3184 ﬁdem,
2604 3125 2661 3174 et
2704 3117 3149 3184 admirationem,
3173 3128 3226 3175 et
3263 3121 3481 3177 enixam

176 3205 419 3270 διανοίας
441 3205 705 3270 δοξάζειν,
738 3205 1044 3277 ὲλεγχθήσῃ
1071 3204 1205 3258 Θεὸν
1239 3203 1338 3274 μὲν
1367 3204 1442 3274 μὴ
1475 3203 1769 3274 δυνάμενος

1879 3220 1941 3261 ex
1975 3214 2090 3260 toto
2122 3215 2342 3277 pectore
2367 3208 2815 3277 pmdicationem
2852 3210 3118 3281 excipias,
3150 3226 3217 3267 eo
3258 3211 3482 3268 tandem

179 3295 612 3367 συλλογίζεσθαι,
653 3299 790 3369 μήτε
831 3298 925 3352 τὸν
954 3296 1122 3351 αὐτοῦ
1152 3295 1303 3358 Υίὸν,
1341 3298 1480 3367 μήτε
1513 3295 1574 3349 τὸ
1617 3296 1772 3365 ἅγιον

175 3388 345 3442 αὐτοῦ
372 3387 615 3459 Πνεῦμα,
648 3388 738 3441 ἵνα
768 3389 841 3459 μή
872 3404 932 3441 σε
952 3388 983 3441 ό
1004 3386 1136 3452 Θεὸς
1159 3386 1378 3460 ἐλέγξῃ,
1409 3386 1505 3440 καὶ
1533 3386 1775 3457 ψεύστης

174 3478 333 3550 γένῃ,
368 3477 509 3532 κατά
535 3477 596 3531 τὸ
621 3477 1031 3548 γεγραμμένον.
1051 3476 1141 3530 Ἐν
1170 3478 1305 3549 ἡμῖν
1338 3475 1446 3548 γάρ
1477 3476 1572 3530 καὶ
1607 3476 1769 3541 ἕξεις,

174 3572 274 3627 καὶ
315 3571 386 3625 τὰ
413 3569 715 3642 θελήματα,
748 3571 842 3624 καὶ
886 3571 942 3623 αἱ
984 3568 1215 3624 διάνοιαι
1259 3568 1557 3641 σφαλεραί’
1586 3567 1772 3640 ἐπειδὴ

173 3662 394 3735 φύσεώς
427 3664 596 3735 ἐσμεν
645 3661 741 3716 καὶ
781 3662 972 3725 οὐσίας
1004 3660 1280 3733 τοιαύτης.
1298 3661 1463 3725 Φύσις
1510 3659 1568 3714 δὲ
1619 3659 1774 3730 λέγε-

170 3770 267 3807 ται
315 3754 413 3806 καὶ
461 3751 619 3807 οὐσία
656 3750 812 3805 Θεοῦ.
849 3750 963 3804 Καὶ
997 3750 1060 3805 ού
1092 3750 1244 3821 παρά
1276 3749 1339 3803 τὸ
1372 3749 1534 3819 φύσιν
1557 3748 1652 3803 καὶ
1673 3749 1774 3820 φύ-

172 3861 262 3898 σιν
302 3845 456 3915 ἡμᾶς
494 3844 736 3907 ἀκούειν,
770 3843 865 3897 καὶ
911 3842 1100 3896 οὐσίαν
1150 3843 1248 3896 καὶ
1299 3841 1504 3904 οὐσίαν,
1537 3841 1643 3914 χρὴ
1681 3843 1772 3896 τὸν

171 3935 510 4007 ἀσύγκριτον
581 3935 715 3989 Θεὸν
781 3938 849 4005 τῇ
907 3935 1155 4008 ἡμετέρᾳ
1215 3934 1530 4008 συγκρίνειν
1587 3935 1770 4004 φύσει.

173 4026 366 4090 Οὖτως
405 4026 501 4081 καὶ
544 4027 638 4081 ὲπὶ
696 4028 896 4094 πᾶσιν,
949 4023 1030 4092 οἷς
1076 4027 1173 4082 ἐὰν
1210 4028 1370 4100 εἴπῃς
1403 4025 1535 4100 περὶ⁸
1586 4026 1722 4083 Θεοῦ
1755 4068 1770 4094 ,

170 4119 221 4173 ὧ
256 4119 451 4185 ’Δέτιε,
487 4119 620 4174 αὐτὸ
653 4120 775 4173 ὅλον
824 4121 973 4175 ἐστὶν
1005 4119 1379 4192 ἀσύμπλοκον,
1412 4120 1770 4192 ἀσύγκριτον,

171 4213 381 4265 τέλειον
459 4213 516 4266 ὲν
568 4212 749 4285 ἐαυτῷ
773 4251 788 4276 ,
851 4212 926 4285 μὴ
983 4214 1331 4285 ὲπιδεόμενόν
1375 4230 1543 4279 τινος.
1599 4214 1773 4267 Αὐτο-

177 4305 436 4377 αίσθησις
480 4306 590 4378 γάρ
632 4307 748 4360 ἐστι
794 4307 890 4361 ttat
926 4306 1292 4379 αὑτοθέλημα.
1323 4306 1415 4361 Διὸ
1439 4306 1772 4378 ἀσύγκριτον

171 4396 446 4467 μονογενῆ
476 4397 605 4451 Υίὸν
635 4397 982 4471 ἀσυγκρίτως
1020 4399 1310 4470 γεννήσας,
1341 4395 1467 4452 οὔτε
1497 4397 1601 4469 τῆς
1638 4399 1768 4451 ἑαυ-

164 4486 268 4541 τοῦ
301 4487 594 4560 ἐπέρηται
626 4487 835 4555 οὐσίας,
862 4487 987 4543 οὔτε
1035 4489 1135 4560 τῆς
1170 4488 1404 4543 ἑαυτοῦί⁵
1434 4486 1771 4559 γεγεννημὲ-

1878 3297 2164 3369 redigeris,
2189 3306 2252 3352 ut
2276 3308 2537 3370 appareat
2564 3301 2733 3359 Deum
2762 3309 2815 3357 te
2847 3302 3364 3359 ratiocinationibus
3398 3320 3482 3359 as-

1876 3388 2028 3460 sequi
2062 3389 2288 3446 minime
2326 3391 2594 3460 potuisse,
2627 3407 2728 3447 uec
2755 3392 2932 3463 ipsius
2960 3391 3184 3450 Filium.
3222 3407 3324 3448 nec
3357 3392 3483 3462 Spi-

1877 3481 2040 3536 ritum
2077 3488 2353 3546 sanctum,
2383 3497 2453 3538 ne
2503 3491 2558 3539 te
2595 3485 2886 3541 convincat
2934 3483 3100 3551 Deus,
3140 3499 3206 3539 ac
3256 3485 3482 3540 menda-

1873 3573 1944 3628 cii
1974 3577 2293 3644 redarguat,
2324 3582 2384 3629 ut
2418 3574 2692 3646 scriptum
2740 3584 2847 3633 est.
2894 3577 3040 3648 Ergo
3078 3583 3133 3633 et
3165 3574 3483 3633 all’ectiones

1875 3667 1931 3719 in
1972 3665 2153 3731 nobis,
2184 3672 2242 3720 et
2281 3666 2618 3735 voluntates,
2650 3674 2705 3724 et
2742 3667 3105 3741 cegitationes
3146 3668 3392 3733 lubricae,
3424 3680 3483 3725 et

1873 3758 1929 3813 in
1959 3774 2201 3815 errorem
2231 3774 2421 3830 pronae
2471 3770 2622 3829 sunt,
2655 3761 3098 3832 quandoquidem
3148 3777 3213 3817 ea
3272 3770 3482 3818 natura:

1872 3849 2186 3906 conditione
2224 3866 2438 3906 sumus.
2484 3849 2689 3906 Natura
2721 3866 2882 3921 porro
2929 3850 3031 3908 De'r
3073 3860 3130 3908 et
3171 3852 3480 3909 substantia

1872 3941 2095 3997 dicitur.
2140 3939 2296 4008 Quod
2330 3950 2514 3999 autem
2556 3952 2811 3998 naturam
2845 3958 2912 4000 ac
2947 3952 3226 4011 naturam,
3259 3953 3314 3999 et
3349 3945 3481 3999 sub-

1873 4033 2130 4089 stantiam
2164 4040 2329 4104 atque
2360 4033 2724 4091 substantiam
2752 4034 3047 4108 audimus,
3091 4051 3202 4091 non
3240 4035 3362 4092 ideo
3395 4037 3479 4090 in-

1872 4123 2297 4194 comparabilem
2353 4134 2572 4196 oportet
2619 4124 2790 4181 Deum
2848 4141 2976 4182 cum
3035 4139 3233 4182 natura
3288 4135 3478 4184 nostra

1872 4214 2142 4270 conferre.
2183 4214 2386 4270 Eadem
2428 4224 2484 4270 ct
2537 4216 2741 4288 ubique
2779 4218 2923 4271 ratio
2970 4224 3076 4284 est,
3106 4217 3370 4288 quidquid
3407 4219 3477 4273 de

1876 4304 1986 4360 Deo
2024 4303 2298 4362 aﬂirmare
2323 4305 2583 4362 volueris.
2621 4307 2720 4363 Est
2749 4307 2896 4363 enim
2930 4307 3226 4377 ejusmodi,
3254 4315 3315 4361 ut
3346 4322 3473 4361 cum

1875 4395 2024 4450 nullo
2068 4396 2177 4451 alio
2219 4396 2574 4453 commisceri
2626 4406 2723 4453 aut
2774 4399 3082 4469 comparari
3117 4399 3313 4468 possit,
3354 4414 3477 4469 per-

1875 4487 2079 4545 lectum
2112 4489 2167 4544 in
2200 4504 2344 4552 sese,
2379 4504 2445 4544 ac
2493 4491 2571 4547 rei
2628 4491 2835 4548 nullius
2878 4491 3150 4563 indigens.
3203 4491 3301 4549 Est
3326 4492 3474 4549 enim

175 4587 287 4638 δον,
318 4577 479 4648 μόνον
501 4580 568 4633 ὲκ
603 4579 787 4649 μόνου,
826 4579 921 4633 καὶ
947 4578 1009 4632 τὸ
1040 4579 1195 4647 ἅγιον
1219 4578 1386 4632 αὑτοῦ
1416 4577 1665 4649 Πνεῦμα,
1691 4576 1767 4650 μὴ

1875 4598 1968 4652 per
1998 4597 2059 4639 se
2084 4582 2204 4653 ipse
2236 4597 2435 4638 sensus
2464 4591 2521 4639 et
2552 4598 2648 4653 per
2678 4598 2740 4639 se
2771 4583 3044 4639 voluntas.
3085 4581 3243 4640 Unde
3264 4585 3478 4640 incom.

166 4666 371 4738 ἔχοντα
392 4669 531 4741 πρὸς
547 4669 617 4722 τά
642 4668 778 4723 ἀλλα
803 4669 1025 4741 ἰσότητα
1050 4670 1083 4742 ἦ
1113 4668 1446 4740 ἀξιώματος,
1468 4670 1502 4741 ἢ
1527 4669 1765 4739 φύσεως,

164 4760 204 4832 ἢ
242 4760 437 4832 ἐτέρας
466 4760 613 4825 τινὸς
634 4760 968 4827 ὑποθέσεως,
993 4764 1093 4834 οὐχ
1115 4761 1280 4819 ἑαυτὸ
1308 4762 1626 4834 ἐπέρησεν,
1642 4759 1769 4815 οὔτε

166 4852 320 4908 κατά
361 4851 492 4919 ἕξιν,
520 4853 647 4907 οὔτε
680 4854 823 4909 κατά
850 4854 1040 4909 οὐσίαν
1086 4857 1187 4927 τῆς
1231 4854 1569 4926 ἀσυγκρίτου
1599 4853 1766 4910 αὑτοῦ

164 4946 449 5021 θεότητος,
481 4947 606 5003 οὔτε
628 4947 691 5001 τὸ
723 4948 785 5014 ἐξ
822 4949 1011 5014 αὐτοῦ,
1039 4949 1116 5013 ὡς
1148 4949 1305 5021 ἔφην,
1331 4948 1583 5020 γέννημα
1613 4947 1767 5001 ἐστέ-

164 5058 341 5113 ρηται
368 5040 469 5111 τῆς
496 5039 592 5094 τοῦ
625 5041 841 5112 Πατρὸς
872 5040 1034 5108 ἀξίας
1067 5040 1164 5096 καὶ
1198 5040 1463 5117 ἰσότητος,
1495 5040 1759 5112 ἀσύγκρι-

162 5150 266 5185 τον
294 5130 378 5193 ὃν,
408 5132 504 5184 καὶ
534 5131 595 5186 τὸ
621 5130 775 5200 ἀγιον
803 5130 970 5186 αὐτοῦ
995 5130 1221 5203 Πνεῦμα
1253 5112 1391 5203 πρὸξ
1423 5132 1534 5184 πᾶν
1564 5130 1762 5209 ότιοῦν·

160 5224 312 5294 ὅπερ
343 5224 459 5277 ἐστὶ
490 5224 663 5295 Τριάς
700 5224 902 5288 τελεία,
931 5224 1136 5289 τέ-λειος
1180 5226 1209 5278 ό
1255 5225 1467 5298 Πατὴρ,
1509 5224 1712 5288 τέλειος
1740 5226 1769 5277 ό

166 5315 329 5379 Υἱὸς,
358 5314 562 5370 τέλειον
588 5317 648 5369 τὸ
672 5317 828 5386 ἅγιον
862 5317 1109 5389 Πνεῦμα,
1142 5318 1205 5371 οὺ
1237 5317 1532 5388 συναλοιφή
1558 5334 1645 5381 τις
1674 5314 1767 5371 οὗ·

164 5420 267 5466 σα,
296 5404 435 5459 οὐδὲ
456 5406 595 5478 πρὸς
622 5406 822 5479 ἑαυτὴν
848 5408 1247 5482 διαφυρομένη,
1277 5408 1400 5462 οὐδέ
1428 5426 1480 5462 τι
1512 5410 1569 5462 ἑν
1598 5409 1765 5479 ἑαυτῇ

163 5496 378 5567 ἔχουσα
406 5498 773 5571 ύποὸεόηκὸς,
799 5499 887 5554 ἵνα
913 5500 1071 5572 μὴτὸ
1094 5500 1505 5572 διακρινόμενον
1526 5499 1765 5572 ἀφανίζῃ

160 5588 235 5641 τὸ
270 5587 626 5660 ἀσύγκριτον,
655 5591 751 5644 καὶ
781 5590 845 5644 τὸ
876 5590 1239 5662 ἠλλοιωμένον
1275 5588 1531 5664 στέρησιν
1562 5591 1656 5644 τοῦ
1684 5585 1767 5644 εῖ-

160 5696 267 5732 ναι
308 5680 638 5751 ἐργάσηται,
667 5681 781 5749 ἔξει
812 5682 973 5752 μόνον
997 5682 1312 5754 λεγόμενον,
1354 5682 1449 5736 καὶ
1488 5681 1591 5736 ούκ
1634 5682 1767 5755 ἀλη-

232 5796 301 5876 ..'.
330 5790 490 5876 ξ’·ἒρ
519 5795 659 5871 φείῆι
782 5799 803 5835 ⁸
838 5796 896 5853 F-
928 5798 1108 5867 ἀφείςο
1245 5798 1265 5830 ³
1287 5797 1414 5854 Car.
1438 5799 1560 5852 ἐπεὶ
1586 5799 1687 5857 δεῖ.

165 5863 192 5898 '
230 5863 372 5923 ibid.
406 5864 494 5921 10.

1831 5797 1856 5831 ⁵
1879 5816 1967 5870 rp.
2003 5798 2479 5873 περικεκομμένη,

1869 4676 2169 4747 parabilem
2192 4676 2527 4747 unicumque
2556 4676 2755 4732 Filium
2782 4677 2903 4735 sine
2930 4678 3040 4733 ulla
3066 4677 3477 4745 comparatione

1868 4769 2118 4838 gignens,
2157 4782 2257 4823 nec
2301 4767 2612 4825 substantia
2646 4768 2766 4840 ipse
2812 4783 2914 4824 sua
2958 4768 3205 4839 privatus
3233 4776 3337 4834 est,
3373 4784 3492 4831 nec,

1870 4860 1981 4925 ille,
2003 4875 2167 4930 quem
2192 4875 2260 4915 ex
2299 4875 2424 4917 sese
2446 4860 2626 4916 solum
2657 4875 2725 4917 ex
2747 4861 2866 4916 solo
2892 4860 3102 4932 genuit,
3135 4875 3315 4932 neque
3347 4859 3473 4932 Spiv

1868 4950 2010 5005 ritus
2038 4959 2284 5006 sanctus.
2315 4948 2421 5017 Qui
2451 4949 2615 5004 ambo
2644 4948 2852 5006 nullam
2890 4965 3017 5006 cum
3060 4951 3279 5013 caeteris
3308 4952 3475 5013 rebus
3542 4972 3557 4977 ·

1867 5041 2154 5112 dignitatis
2187 5051 2417 5105 natum,
2449 5040 2533 5098 vel
2564 5041 2793 5097 alterius
2840 5041 2920 5098 rei
2963 5043 3333 5114 aequalitatem
3375 5043 3475 5097 ha-

1868 5136 2017 5192 bent.
2071 5134 2260 5206 Neque
2307 5149 2438 5191 vero
2486 5134 2846 5204 semetipsum
2895 5135 3151 5206 privavit,
3187 5137 3302 5195 sive
3341 5135 3475 5193 all‘e-

1870 5228 2131 5293 ctionem,
2161 5227 2277 5284 sive
2304 5227 2758 5298 incomparabilis
2787 5227 2965 5299 ipsius
2998 5226 3306 5284 divinitatis
3339 5230 3473 5291 sub,-

1870 5318 2127 5375 stantiam
2172 5325 2422 5388 spectes;
2477 5332 2581 5374 nec
2637 5317 2828 5383 illius,
2885 5320 2967 5375 uti
3018 5319 3170 5386 dixi,
3250 5318 3472 5377 soboles

1870 5416 2075 5465 aeterne
2116 5407 2410 5480 splendore
2452 5418 2539 5464 est
2592 5417 2647 5464 et
2692 5409 3008 5479 aequalitate
3050 5409 3306 5480 privata:
3350 5421 3472 5477 qua:

1873 5499 2099 5569 perinde
2127 5514 2196 5557 ac
2222 5497 2717 5570 Spiritussauctus
2746 5514 2872 5555 cum
2912 5499 3064 5555 nullo
3092 5500 3201 5553 alio
3233 5500 3287 5553 in
3316 5514 3470 5553 com.-

1872 5592 2215 5661 parationem
2245 5590 2442 5648 deduci
2478 5589 2646 5662 964
2675 5599 2895 5660 potest:
2926 5606 3053 5661 qua:
3097 5596 3183 5646 est
3229 5590 3471 5659 perlecta

1873 5683 2137 5751 Trinitas,
2183 5684 2493 5756 perfectus,
2546 5685 2792 5753 inquam,
2826 5682 3012 5747 Pater,
3053 5680 3331 5752 perfectus
3377 5677 3471 5741 Fi:

2573 5797 2592 5827 ⁵
2622 5796 2784 5861 Deest
2819 5795 2896 5848 τό.
3000 5794 3020 5825 ⁸
3044 5789 3190 5856 Bsal.
3227 5804 3353 5860 ειν,
3380 5789 3468 5849 Η,
