3964 6404
276 359 377 418 597

875 373 1246 434 ADVERSUS
1285 379 1630 442 IUERESES
1661 388 1790 447 LIB.
1831 393 1840 448 Ι

1961 394 2128 455 TOII.
2168 397 2210 456 Ι.
2248 429 2318 440 ο-
2352 398 2626 458 ΙΙᾹΕΚΕΞ.
2668 400 2897 461 LXXVI.

3431 410 3533 468 598

273 478 471 593 :ptfrra,
499 481 533 553 ἢ
576 481 811 593 δεύτερα
845 487 971 542 οὐτε
1003 488 1162 562 θέμις
1203 492 1402 564 λέγειν.
1446 482 1596 571 ’Ᾱμα
1633 502 1743 574 γὰρ
1792 505 1840 560 ἐι

1957 511 2282 581 posteriora.
2327 514 2494 586 Atqui
2533 514 2715 587 priora
2766 517 2876 573 ulla
2920 518 2978 573 in
3027 519 3160 587 Deo,
3205 522 3291 578 vel
3349 535 3532 593 poste-

274 569 392 662 Θεῷ
416 571 485 626 τὰ
521 574 703 630 πάντα
735 577 1027 650 πρόσεστι,
1073 583 1169 637 καὶ
1197 569 1532 662 προσθήκης
1560 593 1622 647 οὐ
1647 569 1849 651 δέεται.

274 661 362 714 Διὸ
395 664 489 718 καὶ
529 665 592 718 τὺ
625 667 874 740 γέννημα
911 671 1012 730 οὐκ
1058 673 1168 728 ἀπὸ
1203 677 1395 748 χρόνου
1424 661 1662 738 νοεῖσθαι
1696 687 1852 740 εὐσε-

273 751 372 846 ϐὴς
421 757 591 826 χωρεῖ
644 757 820 828 λόγος.
872 761 993 835 Θεῷ
1041 767 1150 838 γὰρ
1189 767 1400 842 Πατρὶ,
1450 775 1545 828 καὶ
1576 775 1723 846 Υίῷ,
1759 779 1852 833 καὶ

273 843 414 938 ἀγίιρ
437 846 713 920 Πνεύματι
735 891 751 915 ,
785 853 1032 910 τουτέστι
1059 859 1126 930 τῇ
1179 859 1369 930 Τριάδι
1393 865 1458 934 τῇ
1490 862 1627 938 οὔσῃ
1657 843 1794 938 ὅπερ
1824 870 1854 922 ό

271 935 348 1032 t‘ov
375 937 505 1005 Θεὸς
523 979 538 1004 ,
566 942 808 1000 καλεῖται
844 947 1034 1021 Πατὴρ
1063 951 1091 1004 ό
1132 949 1209 1006 ὢν
1229 993 1244 1018 ,
1270 953 1364 1009 καὶ
1395 955 1524 1022 Υἱὸς
1550 960 1581 1013 ὀ
1598 935 1688 1014 -ὣν
1716 935 1851 1032 πρὸς

270 1030 362 1124 τὸν
388 1031 516 1124 ὄντα
550 1034 660 1102 ὢν,
694 1041 1094 1112 γεγεννημένος
1129 1044 1381 1117 ἀνάρχως
1434 1048 1530 1105 καὶ
1559 1030 1804 1124 ἀχρόνώς
1833 1071 1847 1086 ⁵

272 1119 353 1184 ὡς
380 1121 475 1188 τδ,
509 1124 675 1194 Παρά
706 1129 805 1182 σοὶ
835 1131 999 1201 πηγὴ
1028 1132 1213 1204 ζωῆς’
1242 1137 1443 1204 καὶτὸ,
1483 1141 1580 1194 Ἐν
1598 1119 1683 1208 Ek;
1703 1145 1854 1213 φωτί

268 1226 387 1266 σου
418 1213 684 1284 ὀψόμεθα
718 1218 846 1288 φῶς
868 1237 882 1252 ·
924 1223 1018 1276 καὶ
1048 1225 1128 1291 τὸ,
1169 1226 1222 1280 'O
1254 1227 1340 1281 ὢν
1373 1231 1459 1297 εις
1485 1232 1591 1286 τὸν
1619 1235 1852 1290 κόλπον

267 1303 377 1357 τοῦ
413 1308 639 1375 Πατρός
661 1324 676 1338 ·
706 1313 801 1366 καὶ
828 1313 908 1378 τὸ,
949 1315 1045 1369 Ἐν
1072 1317 1232 1388 ἀρχῇ
1259 1315 1339 1391 ἦν
1382 1323 1416 1376 ό
1440 1323 1652 1394 Λόγος,
1683 1327 1781 1380 καί
1816 1329 1852 1382 ό

267 1396 461 1486 Λόγος
489 1394 568 1468 ἦν
596 1401 746 1470 πρὸς
786 1406 889 1458 τόν
919 1406 1100 1472 Θεὸν,
1133 1411 1228 1464 καί
1261 1411 1406 1480 Θεὸς
1431 1409 1512 1485 ἦν
1542 1417 1577 1469 ό
1612 1417 1803 1486 Λόγος
1831 1437 1845 1452 ο

266 1485 364 1537 καὶ
396 1487 520 1558 περὶ
543 1487 634 1542 τοῦ
665 1491 817 1559 ἁγίου
845 1494 1158 1567 Πνεύματος
1186 1501 1446 1567 ὡσαύτως
1463 1520 1479 1534 ’
1515 1505 1585 1560 Τὸ
1607 1485 1852 1578 Πνεῦμὰ

257 1593 384 1669 μου
413 1579 749 1650 ἐφέστηκεν
778 1586 849 1638 ἐν
883 1587 1055 1657 μέσῳ
1083 1591 1271 1662 ὑμῶν.
1313 1595 1424 1649 Καὶ
1461 1598 1626 1669 ὁρᾶς,
1654 1600 1736 1652 ὅτι
1766 1601 1850 1654 οὐ·

261 1668 353 1762 δέν
378 1673 686 1743 πρόσφατον
711 1676 769 1730 ὲν
797 1681 863 1750 τῇ
886 1680 1101 1752 Τριάδι;
1119 1684 1209 1738 Διὸ
1233 1684 1357 1740 οὔτε
1381 1668 1502 1753 ἕξις
1521 1690 1628 1762 πρὸ
1657 1690 1845 1759 ἕξεως,

261 1759 390 1854 οὒτε
415 1761 526 1828 ἕξις
561 1764 666 1836 πρὸ
697 1767 902 1832 οὐσίας.
925 1769 1076 1838 Ἕξιν
1104 1773 1162 1828 δὲ
1184 1774 1245 1828 οὐ
1279 1777 1420 1831 κατά
1441 1778 1541 1843 τάς
1568 1759 1847 1854 σφαλεράς

1955 604 2104 658 riora
2144 603 2480 662 constituere
2545 621 2615 662 ne
2657 621 2912 666 sermone
2954 611 3174 682 quidem
3239 612 3384 669 licet.
3435 613 3532 668 Et-

1953 693 2100 750 enim
2150 696 2315 752 simul
2366 698 2423 752 in
2473 696 2585 754 Deo
2631 699 2822 756 insunt
2872 703 3145 769 universa,
3187 719 3290 761 nec
3342 718 3531 761 acces-

1954 784 2166 842 sionem
2195 787 2433 858 aliquam
2482 787 2781 845 desiderat.
2828 791 3098 859 Quocirca
3136 808 3262 850 cum
3286 796 3525 867 genitam

1953 877 2198 933 sobolem
2229 879 2488 945 dicimus,
2521 880 2658 937 nihil
2679 883 2905 939 omnino
2932 886 3324 957 temporarium
3351 887 3526 959 pietas

1954 965 2214 1022 admittit.
2273 967 2408 1024 Nam
2450 971 2507 1026 in
2557 972 2909 1030 sanctissima
2955 974 3245 1042 Trinitate,
3291 978 3397 1034 hoc
3441 987 3527 1035 est

1954 1054 2066 1112 Deo
2113 1057 2296 1126 Patre,
2342 1057 2480 1116 Filio
2507 1069 2562 1117 et
2618 1061 2823 1134 Spiritu
2867 1073 3080 1130 sancto,
3128 1066 3222 1137 qui
3261 1077 3347 1123 est
3380 1067 3525 1123 Deus

1950 1149 2225 1205 exsistens
2246 1189 2262 1213 ,
2316 1148 2480 1206 Pater
2504 1153 2781 1211 exsistens
2829 1163 3080 1222 vocatur,
3121 1170 3333 1213 necnon
3353 1165 3407 1213 et
3431 1172 3528 1212 ex-

1950 1236 2155 1293 sistens
2199 1237 2372 1297 Filius
2421 1256 2547 1296 cum
2593 1244 2891 1301 exsistente
2939 1256 3309 1319 comparatus,
3343 1248 3410 1303 ab
3439 1261 3527 1303 eo-

1949 1343 2056 1397 que
2084 1329 2223 1385 citra
2260 1331 2475 1387 initium
2519 1334 2690 1388 ullum
2741 1344 3063 1409 tempusque
3103 1341 3341 1410 genitus,
3374 1349 3432 1395 ttt
3457 1356 3524 1396 ex

1949 1420 2017 1474 iis
2067 1418 2362 1490 Scriptura:
2407 1421 2546 1478 locis
2589 1424 2984 1498 intelligimus:
3017 1429 3172 1498 Apud
3205 1440 3254 1484 te
3289 1441 3368 1484 est
3403 1430 3523 1500 fons

1949 1511 2068 1566 vita:
2087 1509 2129 1565 ⁸.
2171 1511 2338 1568 Item:
2373 1511 2674 1570 InJumine
2699 1525 2788 1570 tuo
2823 1517 3111 1574 videbimus
3149 1521 3400 1589 lumen';
3431 1530 3520 1577 et:

1949 1601 2056 1667 Qui
2101 1611 2179 1657 est
2219 1603 2276 1657 in
2313 1604 2435 1658 sinu
2486 1603 2731 1661 Patris‘.
2800 1606 2932 1664 Item
2964 1626 2978 1663 :
3009 1609 3078 1664 In
3107 1612 3364 1680 principio
3405 1619 3521 1666 erat

1959 1688 2204 1757 Verbum,
2259 1701 2310 1747 et
2347 1692 2574 1748 Verbum
2613 1704 2730 1749 erat
2765 1697 2906 1764 apud
2945 1696 3137 1766 Deum,
3170 1710 3220 1754 et
3241 1699 3381 1755 Deus
3407 1709 3522 1754 erat

1956 1777 2181 1834 Verbum
2205 1782 2250 1836 '.
2287 1781 2551 1838 Similiter
2574 1790 2630 1838 et
2665 1784 2732 1840 de
2764 1783 2972 1855 Spiritu
3011 1797 3206 1845 sancto
3239 1805 3252 1843 :
3281 1787 3520 1859 Spiritus

261 1851 569 1951 λεγομένας.
776 1899 790 1923 ,
830 1861 1036 1934 τροπὴν
1082 1864 1311 1934 ἐχούσας
1363 1870 1422 1922 ὲν
1475 1869 1690 1942 ἑκάστῳ
1731 1851 1840 1926 τῶν

1943 1889 2086 1928 meus
2127 1875 2371 1930 consistit
2416 1875 2473 1930 in
2518 1877 2691 1933 medio
2728 1851 2888 1934 ves-tri
2915 1877 2960 1934 ⁸.
2997 1875 3168 1935 Vides
3191 1851 3356 1951 quam
3383 1880 3522 1936 nihil

259 1941 363 2033 τὰς
396 1944 613 2010 Θετικάς
661 1948 802 2014 ἕξεις
835 1953 1069 2022 ἐχόντων
1105 1972 1122 1988 ·
1155 1957 1204 2010 εί
1255 1959 1350 2014 καὶ
1389 1959 1503 2026 ἕξιν
1550 1941 1678 2033 περῖ
1705 1963 1840 2017 Θεοῦ

259 2032 444 2103 λέγειν
471 2037 802 2106 ἀναγκάσεις
841 2043 986 2114 ἡμᾶς
1008 2086 1025 2112 ,
1055 2038 1285 2101 ὧἈέτιε
1309 2090 1326 2117 ,
1387 2051 1482 2104 καὶ
1527 2032 1651 2106 οὐτε
1687 2070 1741 2108 τι
1782 2055 1842 2108 ὲν

258 2125 384 2196 Θεῷ
413 2129 834 2202 προτιμότερον,
868 2133 992 2187 οὔτε
1051 2139 1508 2213 μεταγενέστερον
1537 2181 1553 2208 ,
1592 2142 1708 2197 ἀλλ’
1740 2145 1842 2202 ὅσα

257 2219 464 2289 πρέπει
503 2220 581 2290 τῷ
628 2221 900 2294 ἀξιώματι
949 2229 1085 2298 πρὸς
1112 2229 1457 2299 δοξολογίαν,
1486 2235 1553 2305 τῇ
1595 2235 1695 2306 μὲν
1743 2239 1841 2308 μιᾷ

257 2308 476 2382 θεότητι
502 2313 595 2365 καὶ
617 2311 714 2383 μία
737 2315 1035 2386 δοξολογία,
1059 2321 1154 2373 καὶ
1183 2320 1282 2392 μία
1309 2323 1465 2395 τιμὴ,
1501 2326 1605 2381 ἵνα
1630 2327 1840 2396 τιμῶσι

256 2404 369 2457 τὸν
401 2403 566 2470 Υίὸν,
595 2405 796 2475 ὥσπερ
829 2408 1038 2478 τιμῶσι
1069 2412 1176 2466 τὸν
1213 2413 1447 2481 Πατέρα
1466 2430 1480 2445 ·
1519 2415 1614 2470 καὶ
1644 2417 1731 2470 ἵνα
1763 2417 1838 2489 μὴ

257 2495 620 2569 βλασφημῶσι
650 2501 710 2554 τὸ
737 2502 962 2573 Πνεῦμα
1001 2502 1090 2557 διὰ
1115 2503 1208 2557 τὸν
1242 2505 1343 2576 τῆς
1395 2505 1626 2579 ἀπειλῆς
1659 2507 1835 2575 λόγον,

251 2591 350 2644 τὸν
384 2593 457 2664 μὴ
486 2593 582 2665 τὴν
613 2594 886 2666 ἁμαρτίαν
910 2596 1093 2662 αὐτοῖς
1142 2599 1530 2671 συγχωροῦντα
1565 2593 1698 2667 ὧδε,
1744 2602 1840 2656 καὶ

253 2685 315 2738 ὲν
355 2683 432 2756 τῷ
483 2685 731 2756 μέλλοντι
761 2688 952 2742 αίῶνιο
979 2688 1056 2752 ὡς
1091 2691 1413 2760 πρεπόντως
1457 2689 1650 2764 [ἐστὶν]
1683 2692 1839 2747 οὐδὲν

253 2773 661 2849 διηλλαγμένως
686 2781 802 2834 ἐστὶ
827 2782 954 2852 περὶ
974 2781 1074 2854 τὴν
1096 2782 1302 2852 Τριάδα
1323 2786 1485 2850 νοεῖν,
1508 2785 1540 2856 ἢ
1570 2786 1836 2852 εὐσεϐεῖν,

253 2870 287 2940 ἢ
316 2870 580 2936 δοξάζειν.
623 2873 710 2926 Ἐν
757 2874 932 2944 Πατρὶ
973 2874 1033 2927 δὲ
1061 2874 1122 2928 τὸ
1153 2875 1376 2946 Πατὴρ,
1424 2876 1484 2931 ὲν
1524 2876 1641 2948 Υίῷ
1686 2878 1744 2932 δὲ
1777 2879 1840 2933 τὸ

268 2962 429 3028 Υἱὸς,
456 2965 513 3017 ὲν
540 2964 679 3036 ἀγίῳ
707 2965 985 3036 Πνεύματι
1006 2966 1068 3019 τὸ
1099 2966 1116 2998 ¹
1149 2967 1322 3032 οὕτως
1358 2967 1538 3037 λέγειν
1557 3011 1572 3037 ,
1603 2971 1698 3024 καὶ
1743 2970 1838 3025 οὔ-

250 3071 363 3117 τως
395 3055 451 3108 ὲν
482 3054 710 3126 ἀληθείᾳ
757 3056 1034 3124 δοξάζειν,
1083 3058 1221 3130 ὅπερ
1262 3059 1582 3130 πρεπόντως
1628 3063 1694 3133 τῇ
1739 3062 1838 3133 μιᾷ

251 3147 448 3218 Τριάδι
482 3149 870 3220 προσκυνητῶς
897 3149 959 3202 τὸ
987 3148 1150 3213 σέϐας
1179 3151 1394 3222 νέμειν,
1424 3153 1458 3222 ἠ
1485 3151 1714 3224 ἀληθινὴ
1747 3154 1833 3207 πί-

1943 1964 2001 2020 in
2028 1962 2302 2022 Trinitate
2342 1967 2416 2024 sit
2452 1969 2691 2024 recens?
2730 1967 2887 2026 Unde
2916 1983 3020 2025 nec
3049 1969 3358 2026 substantia
3389 1967 3524 2025 aiio-

1941 2053 2202 2119 ctionem,
2232 2070 2336 2111 nec
2373 2057 2742 2112 substantiam
2787 2056 3064 2114 antecedit
3112 2057 3352 2114 al'ectio.
3405 2057 3525 2114 Ce-

1941 2154 2118 2200 terum
2157 2145 2501 2202 all'ectionem
2546 2162 2670 2202 cum
2721 2147 2981 2217 dicimus,
3027 2147 3344 2204 nonvlluxas
3372 2147 3520 2217 illas,

1940 2243 1996 2292 et
2028 2235 2264 2292 caducas
2297 2237 2683 2308 intelligimus,
2721 2253 2844 2309 qua:
2874 2239 2932 2295 in
2964 2253 3294 2310 unaquaque
3323 2252 3517 2293 earum

1939 2341 2148 2389 rerum,
2197 2343 2319 2398 quae
2365 2329 2682 2385 adventitiis
2735 2331 2901 2386 rebus
2960 2328 3312 2394 afﬁciuntur,
3367 2329 3518 2385 vires

1940 2430 2070 2472 suas
2125 2431 2191 2471 ac
2236 2418 2571 2474 mutationes
2604 2427 2929 2484 exerceant;
2961 2426 3239 2490 utcunque
3272 2433 3375 2474 nos
3403 2432 3435 2472 a
3465 2427 3519 2473 te

1939 2505 2114 2561 coacti
2161 2505 2468 2563 aﬂ‘ectionis
2506 2509 2833 2564 vocabulum
2883 2509 2952 2565 ad
2988 2509 3178 2566 divina
3218 2507 3514 2566 transieri-

1939 2610 2082 2650 mus.
2118 2595 2263 2652 Nihil
2293 2610 2378 2653 est
2410 2599 2579 2670 igitur
2621 2600 2677 2654 in
2728 2598 2842 2655 Deo
2886 2601 2972 2656 vel
3017 2601 3371 2666 antecellens,
3428 2598 3518 2655 vel

1938 2697 2098 2745 aetate
2151 2693 2470 2761 posterius;
2534 2693 2631 2750 sed
2687 2710 2752 2750 ea
2805 2693 3072 2750 duntaxat
3134 2695 3346 2760 insunt,
3397 2709 3519 2765 quae

1939 2785 2192 2857 dignitati
2236 2787 2385 2844 illius
2422 2789 2487 2844 ad
2537 2788 2753 2845 laudem
2801 2789 3349 2859 praedicationemque
3379 2802 3516 2842 con-

1939 2887 2162 2947 gruunt.
2205 2876 2476 2934 Nimirum
2518 2880 2614 2935 uni
2655 2893 2721 2936 ac
2769 2879 3036 2952 singulari
3069 2878 3367 2944 divinitati,
3409 2891 3517 2932 una

1939 2966 2082 3035 laus,
2115 2976 2170 3023 et
2202 2970 2500 3040 singularis
2524 2968 2703 3026 honor
2735 2971 3121 3026 attribuendus
3151 2979 3264 3034 est,
3325 2967 3392 3022 Iit
3419 2969 3517 3023 Ito-

1939 3071 2123 3112 norent
2158 3055 2380 3126 Filium,
2426 3061 2564 3113 sicut
2609 3060 2876 3115 honorant
2927 3058 3140 3116 Patren
3166 3059 3223 3126 ’;
3275 3067 3331 3113 et
3363 3068 3422 3113 ut
3448 3073 3519 3114 ne

1939 3151 2398 3204 contumeliosum
2477 3150 2740 3220 quiddam
2808 3153 2864 3206 in
2953 3151 3220 3222 Spiritum
3287 3149 3517 3220 iaciant;

251 3215 395 3306 στις,
435 3215 611 3294 καὶντδ
638 3215 858 3312 ἀξίωμα
888 3239 1200 3310 γινώσκειν.
1244 3215 1510 3298 ⁷ιιὶσλοίίτε
1558 3215 1620 3298 τὸ
1669 3215 1833 3314 ἀγέν-

1943 3241 2103 3312 966
2145 3215 2645 3298 interminationem
2670 3243 2818 3298 illam
2853 3215 3037 3308 veriti,
3065 3257 3175 3314 qua
3203 3215 3517 3298 istiusmodi

247 3347 415 3400 νητον
443 3329 536 3384 τοῦ
570 3331 831 3404 γεννητοῦ
877 3333 1054 3387 δέεται
1081 3375 1096 3399 ,
1139 3335 1219 3398 είς
1271 3333 1332 3387 τὸ
1385 3335 1835 3406 συνεισφέρεσθαι

1943 3337 2135 3398 scelus,
2173 3339 2248 3387 uti
2278 3348 2376 3404 par
2401 3344 2508 3398 est,
2549 3348 2652 3390 nec
2677 3334 2733 3389 in
2757 3335 3017 3406 praesenti
3065 3334 3287 3398 saeculo,
3338 3348 3440 3390 nec
3461 3333 3518 3390 in

248 3423 433 3493 ἐαυτῷ
468 3427 534 3495 τῇ
580 3423 739 3497 οὐσίᾳ
766 3465 782 3490 ,
841 3426 929 3480 ἵνα
967 3426 1138 3480 αίτιον
1190 3426 1377 3491 οὐσίας
1420 3427 1572 3497 αὐτῷ
1611 3427 1838 3499 γένηται

1943 3425 2124 3482 futuro
2176 3425 2600 3482 condonandum
2635 3411 2968 3483 edicitur".
3025 3426 3208 3494 Quare
3266 3427 3403 3480 nihil
3461 3426 3517 3481 in

246 3515 548 3585 δηλωτικὸν
576 3516 636 3570 τὺ
665 3517 948 3590 γέννημα·
980 3517 1103 3572 οὔτε
1137 3517 1251 3584 ’ἐξις
1288 3519 1387 3589 τῆς
1414 3519 1706 3590 ἀγεννήτω
1737 3519 1839 3588 φύ-

1943 3515 2213 3573 Trinitate
2251 3517 2496 3588 cogitare
2532 3518 2845 3583 diversum,
2893 3533 3072 3588 neque
3121 3518 3272 3574 salva
3318 3513 3518 3589 pietate

249 3625 394 3670 σεως
420 3608 452 3679 ὴ
484 3607 640 3662 οὐσία
681 3608 775 3661 τοῦ
803 3610 1204 3681 γεγεννημένου
1229 3611 1398 3674 ἐστὶν,
1435 3610 1469 3681 ἢ
1500 3609 1738 3679 λέγεται.

1943 3613 2167 3677 sentire,
2207 3622 2300 3666 aut
2329 3613 2546 3682 Opinari
2578 3613 2728 3668 licet.
2768 3612 2969 3669 Verum
3003 3618 3062 3668 et
3103 3612 3158 3668 in
3199 3609 3362 3666 Patre
3407 3610 3516 3666 Pa-

247 3709 412 3764 trem,
478 3705 532 3754 et
589 3701 642 3755 in
675 3697 813 3754 Filio
846 3699 1067 3768 Filium,
1139 3709 1195 3758 et
1242 3701 1300 3758 in
1357 3700 1565 3772 Spiritu
1605 3709 1795 3759 saneto
1847 3702 2109 3775 Spiritum
2162 3714 2413 3761 sanctum
2462 3720 2760 3775 agnoscere
2817 3721 2919 3760 nos
2967 3713 3204 3777 oportet.
3257 3703 3415 3760 Hunc
3459 3704 3516 3759 in

247 3794 476 3847 modum
532 3793 796 3863 proﬁteri,
831 3801 884 3847 et
918 3795 992 3848 ita
1048 3811 1114 3850 ex
1167 3795 1244 3850 rei
1305 3793 1538 3850 veritate
1594 3795 1841 3864 judicare
1875 3811 2100 3853 necesse
2129 3807 2250 3862 est;
2287 3812 2386 3866 pro
2415 3812 2481 3852 eo
2522 3811 2586 3851 ac
2612 3807 3040 3853 consentaneum
3075 3807 3181 3863 est,
3209 3797 3302 3852 uni
3337 3794 3518 3852 Trini-

246 3886 350 3940 tati
381 3885 718 3942 adorationis
771 3887 1014 3956 priebere
1061 3893 1296 3955 cultum,
1363 3895 1420 3940 et
1456 3885 1606 3942 illius
1666 3886 2006 3956 majestatem
2060 3902 2380 3959 agnoscere.
2433 3889 2620 3958 Itaque
2668 3903 2769 3944 nec
2816 3889 3118 3959 ingenitum
3171 3903 3313 3962 opus
3355 3889 3519 3945 habet

246 3981 458 4054 genito,
512 3986 571 4034 ut
623 3979 827 4050 aliquid
872 3972 1242 4037 naturze'suze
1277 3979 1564 4047 conferat;
1602 3979 2002 4050 ejusque,dum
2033 3979 2206 4051 ipsam
2237 3979 2504 4048 declarat,
2527 3979 2938 4051 quodammodo
2969 3995 3136 4038 causa
3201 3989 3516 4049 censeatur;

245 4093 429 4146 neque
457 4078 622 4148 geniti
645 4079 956 4134 substantia
984 4079 1241 4150 ingenita:
1267 4087 1480 4134 natura:
1502 4085 1608 4143 est,
1638 4086 1732 4133 aut
1752 4078 1955 4134 dicitur
1983 4075 2221 4132 affectio.

323 4169 399 4224 ιιι.
423 4171 648 4235 Οὐδενὸς
677 4171 786 4244 γὰρ
825 4173 858 4242 ὴ
901 4171 1071 4243 Τριάς
1106 4172 1276 4225 δεῖται
1303 4211 1317 4236 ,
1351 4170 1475 4225 οὐτε
1515 4171 1835 4242 προσθήκην

2010 4165 2075 4223 II.
2117 4166 2330 4239 Quippe
2381 4166 2624 4222 Trinitas
2668 4168 2746 4221 rei
2799 4167 3006 4222 nullius
3036 4167 3261 4238 indiget,
3300 4182 3401 4222 nec
3429 4169 3516 4224 ul-

240 4261 395 4326 τινὸς
429 4261 716 4334 λαμϐάνει.
766 4261 904 4317 οὐτε
952 4263 1060 4334 γὰρ
1091 4263 1278 4334 ἐπειδὴ
1307 4262 1446 4334 αὐτὴ
1495 4264 1528 4334 ἡ
1559 4263 1729 4334 Τριάς
1763 4258 1833 4334 ἦν

1943 4254 2056 4314 Iius'
2086 4259 2468 4315 accessionem
2519 4259 2780 4329 postulat.
2823 4258 2962 4312 Cum
2997 4259 3142 4312 enim
3175 4257 3417 4314 Trinitas
3446 4259 3516 4315 ab

241 4358 341 4412 ἀεὶ
367 4396 382 4420 ,
417 4358 509 4411 καὶ
553 4358 706 4411 οὐδὲν
750 4351 820 4429 ἦν
865 4358 975 4412 τῶν
1025 4356 1400 4426 κεκτισμένων
1426 4393 1442 4418 ,
1477 4353 1628 4426 παρά
1673 4354 1832 4408 τοῦτο

1943 4361 2140 4407 materno
2187 4351 2374 4419 fuerit,
2412 4366 2536 4406 cum
2573 4351 2705 4404 nihil
2739 4349 2922 4404 adhuc
2963 4357 3278 4404 creatarum
3331 4365 3515 4408 rerum

241 4448 688 4522 ἀποκληρώσεως
736 4449 922 4504 ἕνεκεν
944 4491 960 4517 ,
999 4447 1032 4521 ἢ
1073 4447 1486 4520 προσληπτικῆς
1523 4465 1668 4512 τινος
1715 4447 1833 4501 ὀνο-

1943 4447 2257 4512 exsisteret,
2306 4461 2416 4500 non
2461 4443 2668 4498 idcirco
2717 4451 2932 4506 tamen,
2984 4457 3092 4512 quo
3142 4443 3288 4498 velut
3320 4443 3516 4498 sortito

246 4541 488 4613 μασίας,
522 4542 555 4613 ἢ
587 4541 904 4613 προσθήκης
942 4539 1018 4612 τῷ
1049 4540 1324 4610 ἀξιώματι
1385 4539 1563 4611 ἑαυτῷ
1596 4540 1825 4610 ἐπενόη-

1943 4537 2038 4591 sibi
2073 4533 2278 4605 aliquid
2307 4533 2548 4598 cederet,
2596 4544 2690 4588 aut
2738 4549 2894 4588 novre
2927 4532 3161 4601 alicujus
3191 4533 3512 4603 appellatio-

243 4651 345 4686 σεν
369 4634 398 4685 ό
428 4633 616 4706 Πατὴρ
643 4673 658 4699 ,
689 4633 754 4687 δι’
787 4625 848 4686 οὗ
895 4634 918 4664 ⁸
954 4633 1052 4704 μὲν
1093 4633 1284 4698 κτίσας
1321 4633 1550 4706 οὐρανὸν
1576 4632 1670 4688 καὶ
1702 4633 1827 4704 γῆν,

241 4725 349 4779 καὶ
375 4727 550 4781 πάντα
579 4725 754 4798 ὁρατά
784 4743 844 4778 τε
895 4725 990 4780 καὶ
1027 4725 1266 4798 ἀόρατα,
1301 4727 1397 4779 καὶ
1441 4724 1521 4797 τῷ
1552 4725 1831 4796 Πνεύματι

240 4815 415 4871 αὐτοῦ
451 4817 751 4889 ὲστερέωσε
783 4819 964 4871 πᾶσαν
994 4816 1091 4888 τὴν
1123 4817 1350 4888 δύναμιν
1384 4816 1565 4871 αὐτῶν
1593 4817 1703 4873 τῶν
1735 4817 1829 4871 ὐπ’

239 4908 414 4964 αὐτοῦ
446 4909 840 4982 κεκτισμένων,
872 4909 960 4964 ἵνα
989 4912 1052 4964 ἐκ
1098 4910 1192 4964 τοῦ
1221 4909 1506 4965 κεκτίσθαι
1551 4910 1620 4963 τὰ
1649 4927 1831 4964 κεκτι-

242 4998 424 5069 σμένα
452 5041 467 5063 ,
519 4999 614 5052 καὶ
668 4999 1138 5072 δημιουργηθῆναι
1191 4999 1260 5054 τά
1307 4999 1570 5070 γεγονότα
1603 5002 1832 5054 ὲπισυν-

239 5088 476 5159 εισφορά
523 5089 750 5160 γένηται
800 5087 879 5160 τῷ
921 5089 1114 5164 κτίστῃ
1142 5089 1423 5155 ἀκούοντι,
1453 5091 1549 5144 καὶ
1577 5090 1831 5163 δημιουρ-

238 5179 331 5250 γῷ
361 5181 534 5252 Πατρὶ
564 5180 983 5252 προσληπτικῶς
1031 5182 1052 5214 ³
1093 5182 1310 5254 νοηθείη
1342 5181 1421 5253 τῷ
1466 5182 1630 5253 Υίῷ,¹
1669 5182 1736 5236 δι’
1765 5173 1828 5234 οὗ

239 5271 344 5328 καὶ
376 5273 470 5342 ἀφ’
521 5268 582 5329 οὗ
639 5273 706 5326 τά
731 5273 1060 5344 κεκτισμένα
1101 5275 1432 5344 γεγένηται,
1487 5273 1521 5344 ἢ
1575 5272 1654 5345 τῷ
1687 5273 1828 5345 ἁγίῳ

237 5365 558 5436 Πνεῦματι,
593 5367 650 5420 ἐν
695 5359 741 5434 ᾧ
793 5365 862 5419 τά
909 5366 1284 5438 ὲστερεωμένα
1334 5367 1680 5438 ὲστερέωται.
1716 5365 1828 5422 Καὶ

235 5457 359 5528 γὰρ
391 5457 452 5511 οὐ
473 5455 702 5525 τραπεὶς
727 5455 836 5509 ἀπὸ
872 5455 1035 5523 ἕξεως
1060 5457 1139 5521 είς
1179 5455 1292 5524 ἕξιν
1320 5457 1470 5522 Θεὸς,
1501 5458 1596 5511 καὶ
1623 5459 1689 5528 τῇ
1727 5457 1828 5526 φύν

1935 4629 2046 4692 nis,
2093 4627 2177 4682 vel
2223 4627 2292 4682 ad
2339 4627 2659 4698 dignitatem
2712 4641 2870 4681 suam
2928 4627 3262 4681 accessionis
3290 4641 3516 4695 compos

1940 4722 2112 4787 ﬁeret,
2163 4737 2348 4776 rerum
2397 4721 2642 4775 omnium
2691 4720 3123 4790 procreationem
3168 4721 3222 4773 in
3269 4721 3514 4773 animum

1938 4814 2151 4869 induxit
2209 4813 2582 4868 Pater:ade0
2628 4821 2690 4868 ut
2745 4813 2988 4876 calum,
3042 4819 3392 4882 terramque,
3458 4819 3514 4867 et

1939 4904 2296 4976 aspectabilia
2330 4905 2535 4966 omnia,
2565 4917 2744 4973 eaque
2775 4916 2900 4972 quae
2923 4903 3099 4958 visum
3142 4901 3380 4973 fugiunt,
3417 4915 3516 4974 per

1936 4997 2135 5052 Filium
2184 5002 2417 5062 crearet,
2469 4996 2762 5065 omniaque
2789 5009 2912 5064 quze
2944 4993 3269 5049 condiderat
3296 4991 3514 5063 Spiritu

1936 5100 2039 5143 suo
2089 5087 2494 5152 corroboraret,
2546 5100 2656 5155 quo
2703 5099 2769 5140 ex
2813 5085 2906 5140 illa
2945 5083 3292 5140 conditarum
3327 5099 3517 5139 rerum

1935 5179 2234 5244 creatione,
2281 5192 2618 5248 operumque
2663 5176 3024 5234 fabricatione
3073 5175 3278 5246 aliquid
3313 5177 3368 5230 in
3411 5174 3516 5230 Pa-

1933 5271 2039 5326 tris
2085 5271 2372 5325 utilitatem
2418 5268 2773 5331 redundaret,
2820 5267 2916 5337 qui
2961 5275 3181 5322 creator
3222 5275 3280 5323 et
3315 5267 3517 5322 artifex

1935 5362 2351 5426 nominaretur;
2405 5361 2488 5417 vel
2538 5360 2846 5416 accessisse
2899 5359 3298 5429 intelligeretur
3325 5358 3390 5410 ad
3419 5355 3512 5410 Fi-

1936 5453 2103 5522 lium;
2155 5471 2250 5525 per
2275 5469 2461 5525 quem,
2513 5461 2569 5509 et
2616 5467 2646 5506 a
2692 5467 2804 5523 quo
2845 5459 3048 5508 creata:
3096 5465 3186 5506 res
3232 5449 3512 5519 producte

237 5566 334 5605 σει
373 5549 468 5603 καὶ
495 5551 563 5620 τῇ
599 5547 758 5618 οὐσίᾳ
789 5545 1103 5614 ἀλλοιωθεὶς
1123 5589 1137 5614 ,
1189 5547 1265 5612 ὡς
1317 5549 1437 5602 κατ’
1479 5548 1684 5604 ἔννοιαν
1733 5549 1828 5602 καὶ

1943 5555 2091 5616 sunt;
2123 5547 2208 5603 vel
2237 5545 2473 5618 denique
2502 5546 2570 5600 ad
2602 5544 2867 5616 Spiritum
2899 5551 3174 5608 sanetum,
3198 5540 3294 5613 qui
3317 5539 3527 5599 eadem.

325 5719 342 5795 ξ
384 5717 538 5775 Deest
571 5719 792 5795 Πνεῦμα
817 5720 1090 5795 λέγειν.)
1113 5719 1344 5795 ῐ⁴“.-υἱ9ῦ.
1393 5721 1424 5795 *³
1459 5720 1771 5795 Deestfortc

1968 5720 2112 5779 Psal.
2147 5738 2308 5790 xxxv,
2342 5722 2425 5777 '10.
2504 5723 2525 5753 '
2560 5722 2689 5777 ibid.
2770 5722 2788 5752 ⁸
2815 5718 2973 5775 loan.
3005 5733 3048 5783 ι,
3079 5717 3162 5772 18.
3238 5716 3260 5748 ⁷
3294 5713 3523 5781 ibid..l,,

243 5789 272 5823 ε
315 5789 450 5862 Agg.
479 5806 538 5857 ll,
574 5793 627 5846 6.
705 5790 726 5822 ’
749 5789 906 5846 .Ioan.
937 5807 990 5859 ν,
1014 5793 1106 5847 25.
1185 5791 1229 5823 ¹⁰
1259 5789 1450 5897 Μυρίι.
1491 5807 1590 5859 xu,
1617 5791 1710 5847 52.
