3964 6406
517 337 619 392 599

1928 341 1986 399 S.
2032 342 2374 398 EPIPIIANH
3628 354 3711 407 θθθ

518 451 610 505 illa
663 451 1024 508 conﬁrmavit.
1082 452 1200 512 Non
1249 455 1393 511 enim
1442 458 1512 514 ab
1558 457 1846 525 aﬁ‘ectjone
1901 462 2086 533 aliqua

2195 462 2487 534 μετάὸολον
2524 462 2545 495 ³
2574 462 2868 535 εἰργάσατο
2894 463 2963 518 τά
3001 464 3356 536 εἰργασμένα.
3400 461 3519 537 Εἶχε
3547 467 3640 539 γάρ
3666 471 3712 522 ὲν

517 557 816 625 conversus
846 546 901 599 in
936 547 1159 602 alteram
1204 547 1370 616 Deus,
1419 559 1475 605 et
1505 558 1722 619 natura,
1756 553 2093 610 substantia-

517 651 625 706 que
666 645 908 692 mutatus
954 638 1104 694 velut
1153 641 1596 712 cogitabundus,
1657 652 1752 699 aut
1798 645 1865 700 ad
1926 647 2089 701 aliam

518 729 844 784 sententiam
896 730 1206 797 traductus,
1263 749 1386 803 qua
1432 737 1656 792 molitus
1719 744 1803 792 est
1862 737 2089 794 ct‘fccit:

517 820 717 889 quippe
763 820 857 890 qui
909 821 966 877 in
1010 839 1135 881 sese
1185 812 1491 880 fabricandi
1527 827 1633 881 vim
1664 828 1917 884 habuerit
1950 845 2094 884 sem-

518 922 635 977 per,
662 924 889 980 eamque
906 913 1240 999 perfectam,
1279 932 1379 971 nec
1407 917 1534 987 uUis
1568 917 1752 988 gloria
1785 919 2092 973 incremen-

520 999 592 1055 tis
646 1003 975 1073 augendam.
1034 1006 1302 1073 Quocirca
1356 1007 1841 1078 quemadmodum,
1872 1025 1996 1064 cum
2027 1010 2094 1065 de

521 1097 721 1152 creatis
752 1098 914 1154 rebus
945 1100 1180 1169 agimus,
1214 1102 1322 1157 tale
1357 1102 1615 1172 quiddam
1658 1103 1726 1157 de
1768 1102 1879 1159 Deo
1910 1106 2093 1174 suspi-

519 1188 635 1240 cari
666 1187 845 1254 nefas,
893 1191 1054 1259 quasi
1093 1191 1291 1249 divina
1341 1194 1594 1248 essentia
1635 1195 1929 1264 gloriaque
1978 1211 2095 1250 ma-

515 1277 692 1345 jestas
720 1279 841 1348 ejus
869 1280 1173 1337 aﬁ'ectionis
1204 1282 1597 1353 dignitatisque
1627 1284 1858 1353 sit,qua
1889 1284 2094 1354 aliquid

520 1368 865 1424 extrinsecus
910 1369 1192 1426 vindicare
1235 1373 1338 1428 sibi
1389 1374 1600 1443 possit:
1638 1374 1715 1428 ita
1756 1382 1811 1429 et
1845 1374 2096 1431 refellen-

519 1457 623 1514 dus
650 1459 753 1514 erit
781 1461 991 1527 Aetius,
1022 1463 1115 1533 qui
1143 1463 1656 1521 ratiocinationibus
1706 1468 1824 1522 suis
1855 1465 2094 1522 divinam

519 1554 771 1602 naturam
818 1551 1283 1619 comprehendere
1329 1553 1590 1623 cupiens,
1644 1554 1910 1625 ingeniti,
1950 1557 2098 1626 geni-

518 1635 666 1705 tiquc
696 1639 1125 1709 proprietatibus
1154 1642 1401 1696 abutitur
1428 1657 1492 1719 ea
1516 1641 1909 1713 disputatione,
1932 1661 2095 1716 quam

516 1726 585 1780 de
633 1728 959 1813 aﬁectione,
1005 1739 1060 1786 et
1105 1732 1413 1787 substantia
1452 1733 1613 1788 nobis
1662 1734 1906 1790 obtrudit
1933 1752 1945 1786 :
1972 1752 2095 1791 cum

2192 553 2370 624 ἑαυτῷ
2418 554 2479 606 τὸ
2516 554 2602 608 ἀεὶ
2633 553 3023 626 δημιουργικὸν
3056 559 3151 610 καὶ
3180 556 3379 611 τέλειον
3402 597 3418 621 ,
3459 559 3543 611 καὶ
3584 560 3710 629 μηδε-

2196 647 2323 715 μιᾶς
2349 645 2697 716 ἐπιδεόμενον
2726 646 3081 717 προσλήψεως
3108 647 3282 719 δόξης.
3328 648 3435 702 Καὶ
3461 648 3627 719 ὥσπερ
3643 649 3717 701 ἐπὶ

2191 734 2298 788 τῶν
2350 735 2668 808 κτισμάτων
2708 736 2771 788 οὐ
2799 736 2878 789 δεῖ
2904 734 3278 807 διανοούμενόν
3311 754 3429 790 τινα
3470 738 3584 808 περὶ
3609 735 3717 791 Θεοῦ

2192 802 2607 893 προσληπτικῆξ
2658 822 2859 891 ἕξεως,
2915 824 3011 878 καὶ
3049 802 3208 892 άξξας
3254 821 3390 880 εἶναι
3440 827 3500 879 τὸ
3537 802 3720 895 dgiwpa

2191 913 2288 981 τῆς
2314 913 2500 977 οὐσίας
2524 952 2539 977 ,
2568 914 2663 968 καὶ
2692 914 2849 985 δόξης
2879 914 3014 969 Θεοῦ
3034 932 3050 946 ο
3074 915 3247 980 οὕτως
3271 915 3720 988 ἀνακρουσθήσεται

2206 1004 2407 1068 Ἀέτιος
2437 1044 2453 1070 ,
2492 1005 2812 1077 βουλόμενος
2862 1006 2995 1060 Θεὸν
3054 1005 3455 1075 συλλογίζεσθαι
3499 1006 3624 1059 κατὰ
3674 1005 3721 1057 τὸ

2194 1096 2509 1167 ἀγέννητον,
2538 1098 2631 1151 καὶ
2657 1097 2937 1170 γεννητὸν,
2981 1097 3122 1150 κατὰ
3148 1098 3238 1150 τὸν
3267 1096 3429 1162 ἕξεως
3457 1097 3546 1150 καὶ
3568 1096 3722 1159 οὐσίας

2195 1188 2360 1243 αὐτοῦ
2417 1189 2809 1261 ἐπιφερόμενον
2864 1192 2997 1260 ἡμῖν
3037 1190 3215 1258 λόγον.
3296 1186 3724 1259 ὐμολογουμένων

2196 1281 2413 1334 πάντων
2463 1282 2571 1334 τῶν
2608 1280 2979 1349 κεκτισμένων
3027 1274 3166 1333 εἶναι
3213 1278 3425 1351 ἀληθῶς
3449 1295 3463 1317 ν
3521 1277 3607 1330 καὶ
3645 1275 3724 1346 οὐχ

2195 1373 2380 1426 ἕνεκεν
2418 1372 2774 1444 προσλήψεως
2807 1373 2964 1444 δόξης
3011 1371 3130 1442 Θεῷ
3162 1370 3240 1442 τῷ
3271 1369 3501 1424 άνενδεεῖ
3541 1371 3724 1438 ἐπινοη-

2198 1465 2397 1519 θέντων
2421 1481 2435 1496 ο
2470 1464 2658 1537 ὥσπερ
2701 1466 2794 1520 καὶ
2819 1465 2910 1518 ἐπὶ
2942 1462 3035 1517 τοῦ
3059 1460 3396 1531 Μονογενοῦς
3424 1461 3514 1515 καὶ
3540 1460 3623 1512 ἐπὶ
3651 1456 3726 1511 τοῦ

2198 1556 2353 1626 ἁγίου
2401 1556 2566 1611 αὑτοῦ
2600 1556 2916 1629 Πνεύματος
2952 1558 3013 1613 οὐ
3046 1556 3107 1611 τὸ
3138 1556 3250 1610 ἴσον
3284 1554 3399 1609 ἐστι
3443 1553 3605 1622 λέγειν
3640 1550 3726 1604 τῶν

2199 1648 2432 1701 κτιστῶν
2456 1665 2469 1678 ·
2498 1649 2813 1704 άνένδεκτον
2850 1649 2959 1721 γάρ
2986 1647 3146 1702 τοῦτο
3172 1646 3373 1717 λέγειν.
3416 1644 3549 1697 Ἀλλ’
3574 1640 3725 1712 ἐπειδὴ

2201 1739 2590 1810 συλλογισμοὺς
2626 1740 2751 1811 ἥκει
2807 1740 2989 1811 φέρων
3034 1740 3164 1810 ἡμῖν
3233 1736 3435 1800 Ἀέτιος
3482 1748 3727 1806 μεταρσιο-

517 1820 652 1874 illud
695 1820 751 1875 in
795 1808 1054 1901 confesso
1093 1822 1187 1891 sit,
1219 1832 1435 1880 creatas
1470 1841 1559 1881 res
1598 1841 1792 1883 omnes
1844 1842 1967 1884 eSSe
2015 1844 2091 1884 re-

2197 1832 2401 1886 λεκτῶν
2426 1806 2564 1897 ,οιαὶ
2592 1806 2728 1904 πρὸς
2764 1806 2833 1886 τά
3017 1806 3306 1902 τολμηρῶς
3336 1827 3728 1895 ἀποτεινόμενος,

517 1927 678 1978 vera;
723 1928 902 1983 neque
946 1925 1126 1970 tamen
1158 1915 1228 1971 ob
1258 1917 1427 1971 ullum
1475 1918 1823 1974 commodum
1872 1927 1968 1976 aut
2014 1921 2093 1975 in-

518 2010 856 2058 crementum
879 2003 1044 2076 967
1072 2005 1261 2076 gloria
1289 2022 1319 2059 a
1359 2004 1491 2079 Deo,
1543 2009 1638 2078 qui
1680 2010 1831 2064 nulla
1868 2026 1927 2067 re
1954 2026 2094 2081 opus

519 2092 702 2156 habet,
734 2097 1263 2179 excogitatas'fuisse
1287 2116 1302 2165 ;
1331 2114 1442 2154 non
1467 2115 1628 2175 secus
1660 2109 1823 2173 atque
1849 2102 1902 2157 in
1930 2104 2094 2159 unico

520 2180 615 2237 Dei
647 2183 808 2252 Filio,
849 2187 1079 2259 ejusque
1126 2197 1322 2265 sancto
1373 2188 1581 2261 Spiritu
1632 2192 1787 2249 nefas
1834 2201 1920 2249 est
1963 2210 2093 2250 cum

516 2284 825 2331 creatarum
885 2294 1085 2351 rerum
1119 2281 1433 2337 conditione
1461 2284 1586 2339 illos
1616 2283 1925 2355 adaequare.
1972 2287 2091 2342 Dici

513 2362 659 2417 enim
702 2365 849 2421 istud
891 2368 1047 2424 nullo
1077 2371 1238 2425 modo
1272 2380 1471 2441 potest.
1504 2372 1575 2426 At
1603 2390 1730 2430 vero
1761 2376 2090 2441 rationibus,

513 2454 957 2527 syliogismisque
987 2460 1104 2514 suis
1137 2475 1239 2516 nos
1281 2462 1599 2532 aggreditur
1630 2463 1844 2529 Aetius,
1880 2464 1949 2519 de
1976 2480 2092 2520 ca-

511 2543 740 2621 lestibtis
781 2548 945 2606 rebus
982 2551 1254 2623 garriens,
1301 2563 1356 2607 et
1402 2553 1662 2609 audacter
1690 2555 1759 2609 ad
1806 2558 2091 2627 superiora

512 2636 878 2700 contendens,
911 2648 1075 2710 atque
1110 2642 1179 2697 ab
1212 2641 1566 2698 inferioribus
1601 2647 1869 2700 creaturis
1903 2647 2087 2715 petitis

513 2729 851 2794 argumentis
894 2746 997 2786 nos
1035 2748 1380 2803 oppugnaris,
1430 2748 1556 2788 cum
1599 2744 1780 2790 tamen
1817 2736 1931 2791 suis
1981 2736 2089 2793 illis

513 2816 903 2887 disputationis
937 2824 1166 2894 argutiis
1192 2823 1325 2879 nihil
1350 2825 1575 2882 omnino
1602 2808 1935 2897 promoveat.
1988 2827 2092 2885 Ho-

512 2910 723 2964 minum
767 2914 968 2985 quippe
1009 2917 1276 2988 sapientia
1338 2920 1579 2989 praterit
1629 2939 1645 2977 :

2198 1924 2307 1978 ἀπὸ
2362 1923 2421 1976 δὲ
2471 1924 2579 1978 τῶν
2615 1925 2766 1978 κάτω
2823 1922 3392 1991 ἀντισυλλογιζόμενος
3440 1916 3728 1987 κτισμάτων,

2198 2013 2293 2068 καὶ
2323 2013 2485 2077 αὐτὸς
2516 2013 2681 2085 μηδὲν
2717 2013 3103 2085 εὑρισκόμενος
3142 2011 3284 2067 κατὰ
3314 2009 3407 2064 τὸν
3437 2007 3728 2076 συλλογιστι-

2197 2104 2292 2158 κὸν
2315 2103 2478 2158 αὐτοῦ
2508 2104 2686 2173 λόγον.
2717 2104 2787 2158 Ἥ
2815 2122 2875 2158 τε
2900 2104 3008 2175 γάρ
3040 2104 3199 2174 σοφία
3225 2099 3526 2173 ἀνθρώπων
3556 2095 3728 2167 ειταρέρ⁴

2195 2210 2380 2262 χεται.
2410 2194 2445 2265 ἦ
2484 2212 2543 2248 τε
2578 2193 2954 2265 συλλογιστικὴ
2984 2194 3129 2259 λέξις
3162 2191 3466 2263 ἀνθρώπων
3489 2188 3727 2243 θάπτεται.

2208 2288 2622 2352 Ἐξελεύσεται
2665 2288 2774 2360 γὰρ
2812 2286 2882 2342 τὸ
2920 2287 3165 2357 Πνεῦμα
3210 2284 3401 2340 αὑτοῦ
3427 2323 3442 2348 ,
3502 2281 3592 2336 καὶ
3637 2280 3732 2333 ἐπι·

2196 2378 2444 2447 στρέψει
2471 2380 2561 2445 εὶς
2586 2379 2696 2433 τόν
2719 2377 2874 2448 χοῦν
2897 2377 3106 2433 αὐτοῦ.
3140 2378 3221 2432 Τὰ
3248 2377 3362 2448 γάρ
3395 2368 3732 2441 συλλογιστικά

2199 2470 2376 2524 πάντα
2406 2469 2517 2522 τῶν
2552 2470 2853 2541 ἀνθρώπων
2879 2469 3211 2541 παρέρχεται
3238 2505 3253 2532 ,
3292 2466 3390 2521 καὶ
3426 2468 3473 2519 οἱ
3501 2463 3731 2532 ἅνθρωποι

2200 2561 2339 2633 μετὰ
2380 2562 2473 2616 καὶ
2499 2562 2598 2633 τῆς
2646 2561 3081 2633 συλλογιπικῆς.
3098 2559 3306 2614 Ἀετίου
3331 2600 3346 2623 ,
3377 2558 3470 2613 καὶ
3500 2554 3626 2610 κατὰ
3659 2550 3729 2603 πί-

2199 2670 2366 2718 στεως
2392 2654 2647 2725 τεχνικῆς
2673 2654 3091 2722 ἐπιτηδεύσεως.
3118 2653 3287 2708 Μένει
3327 2651 3384 2705 δὲ
3418 2651 3451 2721 ἠ
3488 2650 3571 2703 ὑπ’
3601 2638 3729 2700 αὐτοῦ

2197 2743 2573 2815 συλλογιστικὴ
2597 2744 2619 2776 ⁸
2661 2744 2845 2808 πίστις
2870 2782 2885 2807 ,
2916 2743 3012 2797 καὶ
3034 2741 3212 2806 ἐλπὶς,
3254 2739 3354 2794 καὶ
3385 2737 3595 2808 ἀγάπη,
3622 2728 3731 2787 κατά

2198 2834 2258 2887 τὸ
2285 2835 2693 2906 γεγραμμένον.

1705 2921 1943 2978 humana
2001 2925 2365 2985 ratiocinandi
2418 2932 2506 2987 vis
2561 2946 2627 2987 ac
2676 2930 2954 2987 subtilitas
2996 2929 3322 3000 consepulta
3371 2926 3518 2998 jacet
3574 2907 3733 2976 εΕέί·

513 3000 611 3064 θεῖ.
657 3000 855 3071 inquit,
890 3004 1108 3072 spiritus
1155 3006 1290 3075 ejus,
1331 3019 1379 3063 et
1438 3019 1723 3066 revertetur
1768 3014 1823 3067 in
1856 3016 2119 3082 pulverem
2178 3036 2332 3074 suum
2359 3023 2400 3077 ⁸.
2458 3020 2939 3093 Syllogismorum,
3003 3021 3251 3092 inquam,
3298 3019 3548 3076 acumina
3581 3006 3733 3067 omnia

511 3090 794 3148 hominum
854 3095 1088 3168 ingeniis
1142 3101 1448 3171 excogitata
1477 3109 1830 3172 praetereunt,
1864 3106 2222 3179 hominesque
2266 3090 2516 3182 pariter;
2550 3090 2674 3166 cum
2708 3111 2799 3166 illa
2833 3111 2974 3167 Aetii
3008 3090 3450 3174 ratiocinatione,
3522 3111 3572 3160 et
3625 3098 3731 3153 aﬂ‘e-

512 3191 664 3239 ctato
716 3196 906 3243 contra
969 3189 1128 3245 ﬁdem
1176 3192 1490 3248 calliditatis
1532 3193 1789 3249 artiﬁcio.
1858 3194 2040 3253 Manet
2104 3206 2286 3254 autem
2348 3214 2433 3267 ea,
2475 3216 2640 3272 quam
2711 3199 3045 3273 syllogismis
3087 3200 3206 3256 suis
3246 3194 3629 3254 circumvenire
3658 3199 3729 3243 co-

512 3287 694 3344 natur,
720 3279 874 3345 ﬁdes,
912 3296 1041 3352 spes
1075 3290 1128 3337 et
1156 3283 1417 3350 charitas,
1456 3285 1531 3340 uti
1564 3285 1828 3356 scriptum
1851 3288 1996 3343 est’.

971 3395 1159 3455 AETII
1196 3397 1425 3455 CAPUT
1463 3399 1632 3457 XXII.

583 3486 640 3540 Si
689 3488 1002 3543 substantia
1045 3488 1229 3547 omnis
1257 3489 1500 3560 ingenita
1538 3492 1630 3554 sit,
1662 3489 1975 3560 cujusmodi
2006 3498 2091 3546 est

509 3581 903 3648 otnnipotentis
947 3581 1067 3644 Dei.
1117 3581 1253 3652 quid
1294 3583 1489 3637 attinet
1527 3582 1671 3638 hanc
1707 3583 1928 3653 quidem
1963 3596 2093 3654 pas-

511 3671 763 3726 sionibns
807 3672 1126 3737 obnoxiam,
1169 3672 1319 3727 illam
1376 3687 1506 3728 vero
1543 3682 1821 3745 expertem
1872 3687 2092 3730 asseve-

511 3764 680 3818 rare?
724 3761 881 3829 Quod
930 3763 977 3818 si
1016 3763 1376 3818 attributione
1418 3762 1655 3833 quadam
1705 3765 1959 3836 ingenita
1990 3778 2092 3819 na-

511 3863 690 3920 tura,
754 3855 928 3910 altera
976 3854 1313 3924 quantitate,
1364 3855 1670 3924 qualitate,
1731 3864 1898 3926 atque
1940 3857 2091 3912 omni

512 3963 743 4018 prorsus
771 3956 956 4003 manet
999 3947 1305 4003 mutatione
1338 3947 1620 4018 superior;
1649 3948 1822 4004 altera
1849 3947 2091 4003 aﬂ'ectio—

511 4041 676 4094 nibus
707 4039 971 4103 obnoxia,
1032 4052 1154 4108 qua
1210 4046 1394 4093 tamen
1450 4038 1590 4109 ipsa,
1648 4044 1707 4093 ut
1764 4037 2093 4095 immutabili

510 4125 836 4182 substantia
865 4127 1183 4182 conditione
1218 4126 1312 4192 sit,
1359 4126 1632 4183 beneﬁcio
1672 4127 1909 4198 quodam
1958 4130 2094 4185 alte-

511 4218 628 4273 rius
683 4217 757 4272 sit
809 4217 1025 4288 adepta.
1082 4216 1139 4272 Si
1172 4216 1308 4280 hac,
1354 4217 1601 4288 inquam.
1638 4220 1712 4273 ita
1742 4234 1802 4275 se
1831 4218 2090 4285 habeant,

511 4317 608 4365 aut
669 4324 845 4375 casu,
902 4324 968 4364 ac
1020 4308 1247 4365 fortuito
1307 4309 1361 4364 id
1428 4309 1730 4381 contigisse
1796 4310 2090 4368 dicendum

2554 3396 2953 3454 ΚΕΦΔΔΑΙΟΝ
2990 3397 3247 3452 ΔΕΤΙΟΥ
3286 3397 3422 3453 ΚΒ⁹.

2268 3491 2328 3544 Ei
2360 3491 2511 3545 πᾶσα
2539 3491 2697 3545 οὐσία
2727 3491 2874 3545 ἐστὶν
2912 3489 3205 3561 ἀγέννητος
3227 3528 3244 3554 ,
3277 3485 3372 3543 οἷα
3414 3489 3450 3559 η
3479 3484 3603 3540 Θεοῦ
3626 3496 3732 3536 παν-

2191 3582 2520 3654 τοκράτορος
2544 3623 2559 3647 ,
2603 3581 2720 3647 πῶς
2743 3581 2811 3636 ἂν
2842 3581 2940 3653 τὴν
2972 3583 3072 3654 μὲν
3101 3578 3357 3652 παθητὴν
3389 3580 3502 3651 ἐρεῖ
3523 3593 3631 3640 τις,
3655 3571 3732 3643 τὴν

2192 3674 2249 3727 δὲ
2278 3675 2463 3745 ἀπαθῆ
2488 3692 2502 3740 ;
2532 3674 2597 3728 Εἰ
2627 3674 2687 3729 δέ
2719 3673 2934 3743 φύσεως
2966 3671 3361 3743 ἀποκληρώσει
3381 3662 3733 3740 ἀγεννήτου,ή

2195 3769 2294 3840 μὲν
2319 3766 2564 3838 διαμένει
2596 3766 2895 3837 ποσότητος
2938 3765 3037 3820 καὶ
3073 3764 3393 3837 ποιότητος,
3432 3761 3556 3827 καὶ,
3584 3752 3733 3815 ἁπλῶς

2194 3859 2369 3913 εἰπεῖν
2400 3899 2414 3924 ,
2453 3858 2637 3930 πάσης
2688 3855 2993 3928 μεταϐολῆς
3040 3856 3278 3926 ἀμείνων
3303 3893 3322 3919 ,
3384 3855 3418 3927 ἡ
3474 3852 3529 3907 δὲ
3578 3841 3731 3902 παθῶν

2196 3949 2492 4014 ὑπεύθυνός
2522 3952 2660 4014 ἐστι,
2717 3946 3133 4019 συγχωρηθεῖσα
3165 3946 3254 3999 διὰ
3293 3946 3360 3999 τὸ
3392 3946 3413 3977 ⁵
3464 3935 3732 4011 ἀπαράλλα·

2191 4057 2319 4095 κτον
2369 4034 2448 4104 εἶς
2491 4039 2677 4092 οὐσίαν
2714 4037 2880 4110 ἔχειν,
2932 4036 3010 4109 τῷ
3043 4036 3341 4107 αὐτομάτῳ
3374 4030 3643 4105 ἐπιτρέψαι
3660 4023 3733 4077 τὸν

2194 4132 2453 4202 φιλοῦντα
2489 4131 2633 4184 κατὰ
2659 4129 2730 4184 τὰ
2763 4129 3169 4201 προειρημέναι
3198 4126 3314 4199 ἢτό
3351 4128 3403 4196 γ’
3434 4121 3525 4179 οὖν
3551 4116 3734 4176 ἀκόλου-

2195 4225 2311 4284 θον,
2335 4222 2432 4295 τὴν
2473 4222 2573 4295 μὲν
2613 4221 2874 4277 ποιοῦσαν
2925 4220 3218 4293 ἀγέννητον
3264 4220 3443 4274 εἰπεῖν
3460 4258 3476 4284 ,
3507 4206 3732 4286 γεννητὴν

2194 4310 2251 4364 δὲ
2284 4310 2382 4383 τὴν
2410 4309 2907 4384 μεταϐαλλομένην.

416 4456 437 4475 ,η
511 4413 628 4471 est;
664 4414 759 4461 aut
797 4406 931 4463 illud
980 4421 1324 4478 consequens
1384 4413 1491 4471 est,
1535 4413 1595 4462 ut
1629 4415 1683 4461 et
1716 4421 1781 4461 ea
1818 4421 1941 4478 qua
1981 4407 2113 4491 agit,
2155 4408 2419 4479 ingenita,
2488 4415 2543 4463 ct
2578 4422 2700 4477 qua
2727 4406 3088 4462 mutationem
3139 4405 3372 4477 patitur,
3413 4402 3585 4476 genita
3626 4406 3732 4452 oen-

508 4509 715 4556 scatur.

1036 4595 1343 4667 Confutatt'o
1362 4594 1555 4651 XXII.

576 4691 620 4745 1.
676 4688 865 4761 Neque
916 4691 1284 4747 substantiam
1335 4706 1557 4746 onmem
1614 4691 1911 4763 ingenitam
1964 4704 2088 4747 esse

2743 4591 3062 4662 Ἅνατροπὴ
3100 4594 3232 4648 KB'.

2267 4688 2345 4741 Ν.
2379 4687 2453 4741 Οὐ
2508 4687 2686 4742 πᾶσαν
2738 4685 2928 4740 οὐσίαν
2978 4680 3118 4738 εῖναι
3172 4683 3429 4757 λέγομεν.
3456 4680 3728 4749 ἀγέννητον,

508 4784 782 4851 dicimus;
824 4798 926 4840 nec
953 4798 1172 4863 omnem
1199 4798 1229 4837 a
1260 4781 1372 4839 Deo
1398 4782 1637 4853 genitam
1664 4822 1679 4848 ,
1711 4783 1970 4853 quoniam
1993 4783 2087 4855 qui

2195 4779 2314 4833 οὐδὲ
2354 4781 2534 4832 πᾶσαν
2569 4780 2633 4831 ἐκ
2669 4776 2804 4833 Θεοῦ
2837 4777 3103 4848 γεννητήν
3128 4791 3142 4806 ·
3185 4776 3267 4829 ὅτι
3320 4778 3350 4829 ὁ
3390 4763 3729 4866 γεννήσας-τὸν

506 4874 705 4930 Filium
741 4890 901 4930 suum
946 4876 1158 4945 genuit,
1207 4883 1263 4930 et
1293 4891 1324 4930 a
1372 4890 1433 4931 se
1459 4876 1580 4946 ipso
1633 4874 1897 4945 Spiritum
1954 4890 2086 4931 san-

508 4975 658 5019 ctum
700 4968 905 5032 emisit,
950 4968 1128 5031 illum,
1163 4968 1410 5038 inquam,
1439 4968 1729 5039 Spiritum,
1764 4968 1858 5039 qui
1892 4983 2085 5025 eorum

507 5072 630 5127 qua
684 5058 808 5112 Filii
855 5067 1003 5125 sunt,
1062 5061 1335 5131 particeps
1381 5059 1504 5125 fuit,
1559 5075 1668 5116 non
1721 5075 1934 5124 omnes,
1987 5059 2086 5116 sed

510 5161 679 5200 unum
708 5146 975 5201 duntaxat
1003 5150 1190 5219 genuit
1220 5169 1233 5204 :
1267 5149 1412 5206 unde
1447 5157 1504 5206 et
1541 5151 1856 5222 unigenitus
1881 5157 1997 5218 est;
2032 5159 2087 5207 et

508 5253 679 5292 unum
735 5237 972 5293 emisita
1013 5254 1077 5295 se
1138 5240 1292 5309 ipso;
1355 5243 1499 5298 unde
1552 5241 1792 5312 Spiritus
1837 5250 2082 5299 sanctus.

507 5328 612 5386 Per
665 5344 832 5385 unum
859 5343 1021 5398 porro
1072 5332 1297 5396 creavit,
1350 5340 1403 5387 et
1456 5333 1511 5386 in
1576 5349 1687 5387 uno
1744 5333 2090 5389 conﬁrmavit

508 5436 719 5480 omnes.
773 5435 1006 5490 quorum
1059 5420 1152 5473 alii
1183 5422 1477 5491 generandi
1505 5424 1613 5478 vim
1636 5423 1858 5489 habent,
1883 5434 1937 5479 et
1965 5433 2091 5495 post

2196 4871 2256 4936 ἐξ
2280 4868 2443 4924 αὑτοῦ
2473 4869 2885 4940 γεγεννημένον,
2923 4868 3018 4923 καὶ
3063 4866 3388 4930 ἀποστείλας
3432 4863 3489 4929 ἐξ
3512 4855 3656 4916 αὑτοῦ
3677 4852 3724 4905 τὸ

2195 4964 2349 5033 ἅγιον
2388 4961 2614 5033 Πνεῦμα
2653 4959 2840 5020 αὐτοῦ,
2874 4959 3098 5030 Πνεῦμα
3125 4958 3234 5011 τῶν
3263 4955 3393 5011 Υἱοῦ
3428 4952 3650 5027 μετέχον,
3672 4942 3720 4996 οὗ

2195 5060 2400 5123 πάντας
2428 5058 2718 5129 ἐγέννησεν
2736 5098 2751 5122 ,
2781 5055 2895 5110 ἀλλ’
2924 5055 3023 5110 ἕνα
3040 5071 3053 5084 ·
3084 5054 3165 5108 διὸ
3193 5051 3498 5122 Μονογενής
3521 5043 3648 5099 ”καὶ

2193 5151 2251 5218 ἐξ
2284 5150 2447 5206 αὐτοῦ
2476 5127 2797 5204 ἀπέστειλεν
2821 5165 2835 5179 ⁸
2858 5147 2939 5202 διὸ
2971 5147 3124 5215 ἆγιον
3163 5144 3405 5216 Πνεῦμα.
3448 5142 3646 5195 Ἔκτισε
3677 5127 3723 5181 δὲ

2188 5244 2278 5299 διὰ
2306 5242 2401 5296 τοῦ
2435 5242 2588 5309 ἐνὸς,
2634 5241 2729 5296 καὶ
2771 5239 3100 5312 ἐστερέωσεν
3150 5240 3209 5292 ἐν
3240 5235 3318 5308 τῷ
3346 5234 3426 5289 ἐνὶ
3461 5230 3576 5292 τοὺς
3602 5221 3723 5277 ’πάν-

2188 5352 2318 5400 τας’
2351 5336 2478 5399 τοὺς
2508 5334 2609 5405 μέν
2629 5332 2934 5403 γεννῶντας
2956 5372 2971 5396 ,
3002 5330 3099 5384 καὶ
3134 5329 3275 5401 μετὰ
3302 5328 3475 5383 κτίσιν
3503 5329 3723 5393 γεγεννη’

2195 5427 2389 5499 μένους
2413 5465 2431 5489 .
2459 5426 2586 5489 τοὺς
2618 5425 2676 5479 δὲ
2719 5424 3067 5487 κτισθέντας,
3104 5423 3243 5493 μήτε
3269 5418 3585 5490 γεννῶντας,
3614 5408 3723 5499 μήξε

508 5516 740 5581 primam
785 5512 1117 5569 creationem
1157 5512 1416 5582 deinceps
1456 5524 1819 5585 generantur;
1874 5516 1967 5570 alii
2011 5517 2091 5572 sic

2195 5495 2643 5590 γεγεννημένους.
2683 5517 2827 5571 Πολὺ
2877 5517 2933 5570 δὲ
2975 5515 3281 5585 ἀφέστηκεν
3317 5514 3351 5584 ἡ
3389 5511 3620 5566 άκτιστος

510 5605 679 5658 creati
712 5610 873 5667 sunt,
922 5612 981 5658 ut
1027 5620 1205 5676 neque
1258 5605 1501 5676 gignant,
1548 5624 1727 5679 neque
1775 5608 2092 5680 gignantur.

580 5717 595 5747 ⁸
621 5714 768 5770 Psal.
803 5729 959 5781 (xcv,
988 5719 1038 5775 4.
1116 5723 1136 5754 ²
1169 5720 1185 5775 Ι
1220 5721 1350 5777 Cor.
1386 5736 1504 5789 XIII,
1544 5724 1624 5781 13.

1715 5725 1736 5756 ³
1775 5721 1835 5779 F.
1870 5724 2191 5796 μεταϐολήν.
2271 5726 2290 5757 ⁸
2325 5723 2383 5781 F.
2423 5721 2896 5797 συλλελογισμένη.

2193 5583 2606 5683 Τρνιάδοςρύσία
2624 5606 2733 5662 τῶν
2765 5607 2873 5661 ἀπὸ
2901 5606 3000 5678 τῆς
3026 5583 3255 5678 Τριάόος
3287 5601 3592 5660 κτισθέντων
3612 5630 3626 5658 ,
3645 5583 3719 5642 κειὶ

2974 5723 2995 5754 ⁸
3021 5719 3082 5775 F.
3111 5720 3193 5774 δεῖ
3210 5720 3288 5776 τό.
