3964 6416
449 381 557 438 605

1881 374 2043 436 S.El

2145 377 2318 438 iIANlI
3598 382 3682 438 θοι

449 516 593 559 εωιο
621 517 756 560 voce
792 517 1120 575 personans,
1147 516 1311 573 quam
1353 501 1604 560 homines
1627 501 1890 560 exaudire
1921 519 2042 575 pos-

2145 504 2273 576 θὴς,
2299 505 2394 559 καὶ
2425 505 2486 559 τὸ
2511 503 2735 576 Πνεῦμα
2761 503 2989 568 ἀπαθῶς
3015 504 3294 576 προελθὸν.
3319 503 3440 558 Τῶν
3464 504 3518 558 δὲ
3539 505 3687 559 ἀλλων

452 607 621 652 sent:
663 593 765 650 llic
805 604 887 651 est
931 594 1107 648 Itilius
1142 607 1308 660 ments,
1357 596 1531 664 ipsum
1579 595 1818 652 audite’.
1859 596 2042 662 Quare

452 689 589 744 nihil
621 707 651 743 a
682 685 846 744 Patre
897 685 1153 743 diversus
1182 695 1266 743 est
1297 685 1491 742 Filius.
1527 685 1591 740 Et
1615 688 1834 758 quidem
1882 685 2042 742 Pater

453 778 728 850 ingenitus
756 787 863 844 est,
899 777 1073 835 Filius
1105 780 1345 850 genitus,
1375 794 1478 834 nec
1503 779 1616 834 ullo
1648 781 1810 836 modo
1843 780 2042 851 patibi-

452 871 558 940 lis;
610 869 855 941 Spiritus
904 884 1038 927 vero
1091 879 1319 927 sanctus
1349 870 1486 926 citra
1521 871 1833 941 passionem
1875 872 2040 926 ullam

450 965 764 1035 processit;
816 973 1018 1020 caetera
1063 965 1250 1020 omnia
1284 964 1564 1020 creatione
1592 965 1860 1035 producta
1889 969 2039 1028 sunt,

451 1068 518 1108 ac
548 1053 795 1125 perfecta
833 1054 952 1126 ipsa
990 1052 1233 1111 Trinitas
1278 1055 1333 1110 in
1381 1055 1685 1126 quantitate
1711 1069 1833 1120 sua,
1864 1063 1920 1111 et
1954 1057 2041 1110 in-

452 1154 639 1201 creata
663 1145 1034 1218 appeilatione
1063 1155 1354 1203 remanet:
1385 1147 1468 1204 sic
1502 1155 1562 1202 ut
1591 1159 1768 1219 neque
1796 1159 2045 1204 commu-

454 1243 602 1292 tctur
649 1237 798 1308 quod
855 1237 1052 1294 melius
1085 1245 1193 1302 est,
1242 1249 1422 1308 neque
1466 1235 1614 1309 quod
1662 1238 1901 1311 gignitur
1933 1238 2042 1293 ulla

453 1330 694 1400 patiendi
741 1331 860 1402 lege
902 1335 1243 1386 coerceatur.
1279 1328 1380 1384 Cui
1414 1328 1634 1401 quidem
1678 1343 1860 1400 neque
1889 1331 2031 1402 geni-

453 1431 542 1478 tor
574 1423 847 1479 obnoxius
896 1422 1019 1478 fuit.
1066 1420 1186 1477 Non
1228 1421 1378 1477 enim
1421 1433 1750 1492 corporeum
1777 1430 1864 1478 est
1890 1421 2043 1492 geni-

454 1524 568 1570 tum
595 1514 745 1580 illud,
773 1513 868 1570 sed
903 1512 1143 1584 Spiritus
1171 1528 1202 1569 e
1231 1511 1462 1583 Spiritu,
1487 1522 1542 1569 et
1565 1528 1633 1569 ex
1655 1511 1818 1569 Patre
1847 1511 2039 1570 Filius.

2145 598 2382 652 κτιστῶν
2409 598 2602 662 ὄντων,
2631 599 2730 670 τῆς
2758 597 2974 660 τελείας
3002 596 3233 668 Τριάδος
3263 596 3608 668 διαμενούσης
3643 599 3690 651 ὲν

2141 689 2209 763 τῇ
2247 696 2510 764 ποσότητι
2551 691 2648 744 καὶ
2679 688 2921 762 ἀκτίστῳ
2974 689 3266 762 ὀνομασίᾳ,
3295 689 3418 743 οὔτε
3441 689 3534 743 τοῦ
3553 689 3690 760 ἀμει-

2143 794 2294 846 νονος
2326 781 2800 853 μεταῦαλλομένου
2821 821 2837 845 ,
2881 779 3005 834 οῦτε
3035 781 3096 834 τὸ
3122 781 3378 852 γεννηθὲν
3413 780 3568 836 πάθει
3592 795 3690 836 ων-

2143 872 2404 943 εχόμενόν
2439 874 2606 929 ἐστιν.
2659 869 2796 925 Οὔτε
2830 871 2942 944 γὰρ
2977 872 3008 925 ὁ
3054 873 3322 944 γεννήσας
3383 872 3539 927 πάθει
3587 889 3692 925 συν-

2144 962 2363 1036 εσχέθη.
2410 965 2486 1019 Οὐ
2529 963 2643 1036 γὰρ
2689 963 3001 1036 σωματικὸν
3028 964 3091 1018 τὸ
3111 964 3375 1035 γέννημα,
3402 963 3532 1018 ἀλλὰ
3557 964 3698 1018 Πνεῦ-

2147 1069 2225 1123 μα
2255 1053 2321 1107 tat
2350 1053 2690 1126 Πνεύματος,
2745 1054 2842 1108 καὶ
2893 1055 3025 1120 Υἱὸς
3067 1056 3134 1109 ἐκ
3178 1054 3408 1127 Πατρός.
3453 1055 3699 1119 Ὡσαύτως

2143 1143 2240 1197 καὶ
2297 1143 2360 1197 τὸ
2393 1144 2552 1213 ἀγιον
2603 1141 2830 1216 Πνεῦμα
2879 1143 2942 1212 ἐξ
2975 1145 3144 1199 αὑτοῦ
3169 1185 3185 1211 ,
3239 1145 3462 1217 Πνεῦμα
3490 1145 3696 1218 Πατρὺς,

2145 1233 2370 1306 Πνεῦμα
2396 1235 2636 1308 Χριστοῦ
2659 1277 2675 1303 ,
2709 1233 2771 1288 οὐ
2823 1237 3044 1290 κτιστδν
3061 1277 3078 1302 ,
3109 1236 3174 1290 οῦ
3199 1237 3486 1307 γεννητὸν.
3515 1237 3574 1290 οὐ
3595 1235 3700 1290 σνν-

2145 1327 2394 1396 ἀδελφον,
2438 1328 2502 1382 οὐ
2529 1327 2875 1401 προπάτορον
2892 1369 2908 1395 ,
2939 1329 3042 1384 οῦκ
3070 1329 3311 1399 έγγονον,
3338 1329 3439 1400 τῆς
3463 1328 3698 1398 ἀσυγκρι-

2143 1437 2236 1473 του
2269 1419 2456 1484 οὐσίας
2488 1419 2724 1492 Πατρὸς,
2754 1420 2850 1475 καὶ
2873 1419 3030 1487 Υεοῦ,
3063 1419 3160 1477 καὶ
3203 1421 3359 1490 ἀγιον
3389 1419 3700 1490 Πνεῦματος,

2145 1511 2582 1584 ὑπερϐαινούσης
2633 1514 2818 1566 πᾶσαν
2853 1511 3065 1566 ἔννοιαν
3092 1513 3190 1566 καὶ
3241 1513 3422 1568 πάντα
3467 1512 3617 1576 νοῦν,
3646 1513 3701 1566 οὐ

456 1603 534 1658 Ita
568 1603 732 1658 etiam
766 1610 822 1659 et
855 1602 1094 1673 Spiritus
1146 1607 1376 1658 sanctus
1427 1601 1499 1656 ab
1540 1602 1662 1672 ipso
1712 1617 2043 1674 progressus

2147 1602 2307 1673 μόνον
2353 1602 2567 1674 εἴποιμι
2620 1603 2965 1676 ἀνθρώπων,
3020 1603 3160 1658 ἀλλά
3195 1604 3290 1660 καὶ
3348 1603 3605 1673 ἀγγέλων.
3640 1604 3702 1656 υύ

452 1703 556 1762 est,
587 1692 824 1766 Spiritus
849 1692 1054 1759 Patris,
1095 1691 1338 1766 Spiritus
1379 1693 1609 1759 Christi,
1643 1707 1756 1748 non
1797 1703 2040 1762 creatus,

2145 1691 2254 1763 γὰρ
2287 1691 2591 1764 μεταϐολὴν
2622 1693 2914 1762 ἐπεδέξατο
2957 1695 2987 1748 6
3015 1695 3330 1767 Μονογενὴς
3353 1735 3370 1762 ,
3417 1694 3534 1748 οὐδὲ
3573 1697 3600 1748 ὁ
3624 1694 3704 1748 a6-

452 1801 565 1841 tton
610 1785 850 1858 genitus,
876 1798 988 1840 non
1025 1797 1322 1855 germanus
1354 1783 1542 1848 frater,
1590 1797 1700 1838 non
1730 1797 1887 1848 avus,
1930 1797 2038 1839 non

2145 1784 2241 1838 τοῦ
2270 1785 2462 1857 Πατὴρ
2484 1826 2499 1851 ,
2541 1786 2666 1840 οὐδὲ
2694 1787 2757 1840 τδ
2802 1787 2959 1852 ἀγιον
2991 1787 3159 1842 αὑτοῦ
3193 1787 3422 1860 Πνεῦμα
3443 1832 3456 1853 ,
3508 1787 3568 1840 τὸ
3593 1787 3704 1840 τόν³

453 1856 629 1949 nepos
663 1896 677 1944 ;
741 1877 1017 1950 siquidem
1053 1877 1498 1949 incomparaliilis
1542 1875 1749 1941 Patris,
1799 1874 1921 1932 Filii
1981 1893 2043 1935 ac

2148 1856 2429 1948 Μονογενῆ
2461 1877 2648 1951 ἀπαθῆ
2670 1877 2802 1931 ὄντα
2827 1879 2888 1931 έν
2917 1879 3080 1950 σαρκὶ
3109 1880 3307 1934 παθεῖν
3327 1856 3356 1912 ο-
3373 1880 3467 1933 καὶ
3490 1878 3549 1932 τι
3577 1879 3706 1944 ἅγιον

455 1971 697 2040 Spiritus
757 1970 937 2025 sancti
999 1977 1197 2026 natura
1255 1969 1644 2040 cogitationem
1708 1983 1925 2025 omnem
1978 1984 2043 2026 ac

2150 1965 2317 2021 αὑτοῦ
2350 1967 2574 2040 Πνεῦμα
2615 1972 2674 2023 έν
2709 1970 2840 2023 εἴδει
2871 1972 3210 2042 περιστερᾶς
3233 2013 3248 2036 ,
3285 1969 3382 2024 καὶ
3424 1970 3488 2022 τὸ
3510 1969 3593 2023 τὸν
3615 1969 3707 2021 Ila-

455 2071 692 2117 mentem
722 2071 984 2133 supcrat,
1044 2076 1154 2116 non
1209 2055 1494 2116 hominum
1550 2061 1729 2116 solum
1785 2061 2040 2127 dixerim,

2149 2059 2284 2132 τέρα
2324 2058 2571 2132 φθογγὴν
2611 2063 2693 2126 είς
2740 2062 2912 2134 ἀκοὴν
2937 2061 3242 2135 ἀνθρώπων
3266 2060 3571 2132 ἀπορρῆξαι
3591 2058 3708 2113 ἀνω-

453 2168 648 2210 verum
700 2154 862 2210 etiam
918 2155 1258 2226 angelorum.
1314 2150 1432 2207 Non
1481 2152 1628 2209 enim
1683 2155 2041 2210 mutationem

2149 2151 2243 2206 θεν
2276 2151 2524 2217 ἀπαθῶς·
2556 2153 2748 2226 ὥσπερ
2774 2155 2836 2207 οὐ
2868 2154 3191 2227 μεταόολὴν,
3228 2153 3328 2207 καὶ
3386 2153 3551 2216 πάθος
3579 2165 3707 2222 περι-

453 2243 622 2300 ullam
657 2247 853 2302 unicus
882 2245 976 2302 Dei
1017 2245 1191 2303 Filius
1221 2242 1465 2313 admisit,
1511 2261 1612 2301 nec
1651 2243 1822 2317 Ipsius
1858 2240 2041 2313 Pater,

2150 2245 2480 2316 εποιήσαντο
2501 2245 2551 2300 oi
2575 2245 2888 2312 κτισθέντες
2916 2246 3157 2316 ἄγγελοι,
3187 2247 3282 2301 καὶ
3307 2247 3544 2319 οὐρανοὶ,
3576 2245 3655 2298 καὶ
3677 2246 3704 2315 ἠ

451 2353 631 2412 neque
677 2346 902 2395 sanctus
947 2337 1069 2408 ejus
1119 2337 1381 2408 Spiritus,
1422 2351 1490 2392 eo
1524 2336 1669 2407 quod
1719 2335 2042 2410 Unigenitus

2147 2337 2254 2408 γῆ,
2288 2339 2384 2391 καὶ
2439 2337 2509 2392 τά
2553 2337 2733 2392 πάντα
2785 2338 2866 2409 τῷ
2896 2339 3036 2394 αὐτὰ
3087 2340 3434 2412 πεποιηκότι.
3492 2334 3708 2391 ama

453 2445 550 2501 per
603 2445 727 2487 sese
765 2429 1042 2501 passionis
1099 2443 1297 2500 expers
1357 2429 1413 2483 in
1467 2441 1636 2485 carne
1686 2429 1759 2484 sit
1809 2445 2039 2501 passus;

2146 2428 2261 2482 πᾶν
2290 2430 2440 2482 ἐστιν
2466 2429 2774 2503 ἔκπληκτον
2805 2431 3128 2504 μυστήριον,
3165 2431 3400 2486 κατάτὸ
3427 2428 3705 2501 εἰρημένον·

454 2521 692 2592 Spiritus
726 2533 856 2577 vero
885 2529 1114 2578 sanctus
1142 2520 1412 2575 columba:
1441 2535 1500 2574 se
1533 2521 1719 2592 specie
1743 2522 2038 2578 videndum

2145 2513 2214 2572 Ὦ
2252 2517 2450 2586 βάθος
2499 2519 2770 2574 πλούτου
2789 2559 2806 2587 ,
2864 2517 2963 2574 καὶ
3003 2521 3264 2590 σοφίας,
3315 2513 3417 2574 καὶ
3448 2517 3553 2587 τῆς
3582 2513 3707 2587 Trit-

452 2609 752 2679 objccerit;
789 2621 853 2664 ac
897 2617 1177 2680 postremo
1228 2604 1389 2663 Pater
1437 2608 1554 2677 ipse
1602 2620 1736 2664 voce
1782 2609 1850 2665 de
1900 2612 2042 2666 coelo
2144 2625 2301 2679 σεως
2333 2613 2534 2667 Θεοῦέ

452 2699 622 2755 missa
685 2701 824 2755 citra
891 2700 1202 2770 passionem
1253 2699 1420 2754 ullam
1476 2699 1761 2755 hominum
1816 2703 2042 2758 auribus
2083 2703 2408 2760 insonuerit.
2444 2706 2564 2761 Non
2599 2719 2762 2762 secus
2789 2712 2956 2776 atque
2978 2704 3179 2776 angeli,
3239 2704 3496 2758 caelestes
3551 2700 3706 2762 orbes,

452 2799 619 2855 terra,
655 2800 981 2862 cmteraque,
1030 2803 1154 2863 quae
1234 2790 1377 2848 Deus
1442 2791 1714 2857 condidit,
1760 2793 1946 2848 omnia
2011 2795 2216 2850 nullam
2266 2794 2480 2852 auctori
2547 2813 2650 2852 suo
2724 2797 3086 2852 mutationem
3126 2796 3576 2865 allirctitmemque
3623 2792 3707 2845 tri-

452 2881 710 2938 buerunt.
773 2881 879 2937 Sed
944 2884 1058 2938 haec
1125 2882 1309 2937 omnia
1378 2882 1710 2952 stupendum
1801 2884 2076 2954 quoddam
2153 2895 2324 2952 sunt,
2388 2889 2837 2961 horrendumque
2901 2890 3263 2960 mysterium,
3329 2890 3409 2943 uti
3475 2887 3707 2959 scriptum

451 2985 577 3033 est:
611 2977 656 3034 0
703 2977 934 3033 altitudo
983 2976 1324 3041 divitiarum,
1389 2977 1660 3048 ςαρίεηιὶιε
1697 2989 1748 3034 et
1795 2981 2032 3037 scientia:

913 3090 1096 3150 AE'I‘II
1134 3090 1366 3152 CAPUT
1404 3090 1592 3150 XXIII.

2521 3103 2920 3159 ΚΕΦΛΛΛΙΟΝ
2949 3101 3206 3158 ΑΕἸΊΟΥ
3235 3101 3368 3158 KI“.

525 3179 584 3235 Si
619 3179 817 3253 genitae
846 3181 1171 3237 substantia:
1205 3195 1374 3236 causa
1406 3179 1482 3236 sit
1521 3180 1764 3253 ingenita
1785 3221 1799 3247 ,
1833 3183 2044 3255 ingenio

454 3285 570 3329 tum
619 3289 752 3328 vero
777 3314 791 3338 ,
841 3271 989 3344 quod
1027 3269 1361 3346 principium
1391 3273 1619 3342 dicitur,
1654 3274 1790 3330 nihil
1821 3278 2047 3334 omnino

452 3361 835 3435 sit,quomodo
866 3370 1042 3432 potest
1067 3362 1118 3416 id
1135 3361 1280 3433 quod
1298 3355 1551 3432 nillilest,
1573 3363 1712 3437 ejus,
1741 3366 1888 3438 quod
1911 3384 2042 3439 pro-

452 3453 678 3512 ductum
709 3463 816 3522 est,
852 3471 975 3511 esse
1000 3453 1369 3525 principium?

845 3568 1014 3640 970
1052 3567 1363 3638 Confutatt'o
1401 3566 1634 3625 XXIII.

524 3659 769 3733 lngeuita
815 3661 1125 3717 substantia
1175 3675 1286 3716 non
1331 3659 1561 3724 eodem,
1597 3675 1708 3731 quo
1737 3662 1806 3717 ad
1841 3674 2048 3724 caetera

452 3754 638 3807 omnia
677 3760 997 3822 comparata
1044 3751 1242 3816 modo,
1291 3751 1388 3806 sed
1437 3751 1548 3806 alio
1593 3751 1833 3824 quodam
1877 3769 2045 3810 sensu

454 3845 680 3910 dicitur,
727 3860 853 3899 eum
895 3843 964 3898 ad
1015 3845 1231 3898 unicam
1279 3843 1523 3898 sobolem
1568 3843 1826 3912 refertur,
1864 3848 1945 3901 vel
1978 3847 2047 3902 ad

457 3936 724 4006 Spiritum
756 3944 1035 4004 sanctum,
1067 3937 1164 4009 qui
1189 3937 1259 3990 ab
1289 3936 1408 4005 ipsa
1439 3938 1830 4008 progreditur;
1865 3957 2048 4011 neque

453 4043 589 4083 vero
616 4029 947 4101 principium
979 4038 1065 4087 est
1092 4031 1388 4101 ejusmodi,
1419 4036 1582 4100 quale
1617 4042 1704 4089 est
1729 4035 1877 4106 quod
1899 4036 2049 4092 exsi—

455 4120 554 4176 stit
594 4135 720 4175 cum
778 4119 1026 4178 nondum
1060 4123 1364 4180 exsistente
1392 4131 1800 4197 comparatum.
1834 4125 2049 4196 Quippe

2221 3197 2286 3252 Et
2318 3197 2417 3269 τῆς
2448 3199 2745 3269 γενομένης
2775 3199 2808 3268 η
2847 3197 3140 3269 ἀγέννητος
3173 3197 3340 3268 φύσις
3378 3199 3524 3253 ἐστὶν
3562 3197 3706 3259 αἰτία,

2146 3288 2210 3344 τὸ
2239 3289 2296 3344 δὲ
2326 3289 2620 3360 ἀγέννητον
2672 3289 2838 3362 μηδὲν
2885 3290 2992 3360 εἰη,
3035 3290 3150 3352 πῶς
3205 3289 3272 3343 ἀν
3324 3291 3410 3363 εἴη
3460 3291 3617 3346 αἴτιον
3658 3285 3709 3342 τὺ

2151 3381 2318 3454 μηδὲν
2347 3381 2440 3435 τοῦ
2475 3382 2758 3451 γεγονότος
2773 3399 2788 3450 ;

2705 3583 3024 3652 Arat-poni;
3053 3587 3190 3640 Kl".

2227 3675 2382 3728 Ἔστι
2417 3675 2516 3747 μὲν
2547 3671 2642 3731 οῦν
2669 3677 2793 3730 καθ’
2831 3676 3027 3749 έτέραν
3069 3677 3334 3744 διάνοιαν,
3368 3679 3484 3735 ἀλλ’
3507 3679 3564 3733 οὐ
3591 3675 3710 3732 κατά

2148 3768 2252 3840 τὴν
2284 3769 2406 3840 ἴσην
2433 3771 2567 3841 πρὸς
2622 3771 2802 3825 πάντα
2854 3771 2890 3841 ἠ
2939 3769 3233 3841 ἀγέννητος
3279 3772 3468 3842 φύσις,
3508 3771 3632 3842 πρὸς
3661 3767 3712 3819 τὸ

2153 3861 2441 3932 μονογενὲς
2489 3864 2766 3936 γέννημα,
2817 3862 2912 3918 καὶ
2958 3863 3096 3936 πρὸς
3136 3863 3200 3917 τδ
3251 3861 3316 3931 ἐξ
3363 3864 3533 3936 αὐτῆς
3581 3862 3710 3930 ἅγιον

2149 3951 2407 4022 Πνεῦμα·
2446 3953 2547 4006 οὐκ
2579 3954 2750 4007 αἴτιον
2781 3952 2862 4018 δὲ,
2897 3952 2974 4017 ὡς
3015 3952 3077 4007 τὺ
3121 3953 3372 4024 ὑπάρχον
3407 3954 3538 4025 πρὸς
3569 3952 3623 4005 τὺ
3648 3948 3711 4021 μὴ

2148 4041 2229 4096 ῦν.
2263 4043 2420 4095 Ἔστι
2449 4041 2560 4115 γὰρ
2601 4043 2702 4096 οὑκ
2740 4043 2800 4108 ἐξ
2839 4044 2940 4098 οὐκ
2980 4043 3149 4097 ὀντων
3197 4044 3227 4096 ὁ
3267 4043 3568 4115 γεννηθεὶς,
3609 4039 3710 4094 οὐδὲ

2153 4134 2228 4205 μὴ
2262 4132 2338 4187 ὢν
2375 4131 2524 4187 ἔστιν
2575 4135 2605 4187 ὁ
2648 4135 2936 4206 γεννήσας,
2986 4135 3110 4190 οὐδὲ
3155 4135 3216 4190 τὸ
3263 4134 3328 4201 ἐξ
3377 4133 3539 4189 αὐτοῦ
3583 4132 3709 4200 ἀγιον

454 4229 567 4269 non
599 4229 668 4270 ex
702 4212 877 4269 nihilo
909 4213 1125 4284 genitus
1154 4222 1241 4271 est
1282 4214 1457 4273 Filius
1478 4258 1494 4285 ,
1544 4232 1726 4287 neque
1757 4232 1866 4273 non
1895 4217 2043 4273 exsi-

2149 4224 2404 4296 Πνεῦμα·
2444 4225 2554 4280 τῶν
2582 4225 2639 4279 δὲ
2676 4226 2853 4280 ἄλλων
2890 4227 3039 4281 ἐστὶν
3085 4229 3257 4282 αῐτιον
3286 4228 3352 4281 τὸ
3377 4227 3457 4282 ὃν.
3501 4225 3584 4280 Διὸ
3603 4222 3708 4277 σύν·

454 4313 608 4363 stens
640 4313 744 4372 est,
781 4305 873 4377 qui
905 4305 1119 4378 genuit,
1153 4307 1239 4363 vel
1264 4309 1358 4380 qui
1386 4310 1456 4366 ab
1491 4311 1610 4381 ipso
1639 4309 1893 4380 procedit
1921 4307 2043 4379 Spi-

2149 4334 2265 4370 εστι
2317 4319 2385 4390 τῇ
2420 4317 2525 4390 ἰδίᾳ
2548 4319 2634 4372 ἀεὶ
2665 4318 2791 4390 δόξῃ
2828 4321 2861 4389 ἡ
2891 4319 3024 4388 ἁγία
3067 4318 3262 4392 Τριὰς,
3297 4320 3391 4374 ἀεὶ
3439 4315 3567 4374 οὖσα
3601 4316 3709 4368 ἀνα·

453 4399 596 4454 ritus
630 4411 891 4467 sanctus;
925 4406 1249 4455 ceterorum
1282 4415 1413 4456 vero
1445 4415 1617 4458 causa
1651 4409 1738 4456 est
1771 4402 2043 4456 exsistens

2148 4409 2324 4478 λόγως
2353 4410 2570 4482 ἑκάστῳ
2601 4409 2826 4482 ὀνόματι
2853 4411 2948 4465 τοῦ
2975 4412 3145 4484 αὐτῆς
3171 4411 3500 4484 ἀξιώματος.
3523 4409 3595 4464 Δι’
3623 4405 3706 4460 aii-

453 4489 657 4559 ipsum.
719 4489 1063 4562 Quapropter
1120 4501 1313 4563 suapte
1372 4493 1547 4565 gloria
1613 4507 1680 4547 ac
1752 4491 2043 4564 splendore

2148 4500 2249 4570 τῆς
2271 4499 2402 4572 γάρ,
2440 4502 2536 4555 καὶ
2578 4503 2679 4556 οὐκ
2720 4502 2899 4570 ὲκτδς,
2926 4503 2996 4556 τὰ
3026 4505 3288 4573 γεγονότα
3322 4505 3596 4575 γεγόνασιν
3627 4496 3707 4549 οὐκ

453 4583 680 4653 praedita
725 4600 942 4654 semper
969 4592 1056 4640 est
1090 4595 1448 4642 sacrosancta
1487 4585 1754 4649 Trinitas,
1810 4601 1934 4655 quae
1964 4587 2043 4641 di-

2151 4592 2297 4646 ῦντα.
2328 4592 2528 4665 Διόπερ
2554 4593 2676 4647 οὐδὲ
2719 4594 2846 4648 καθἰ
2880 4595 3072 4650 ἑαυτὸν
3115 4597 3143 4649 ὁ
3195 4596 3386 4668 Πατὴρ
3417 4595 3577 4656 αἴτιος
3618 4587 3706 4641 τῶν

455 4675 682 4750 gnitatis
722 4691 836 4731 sua)
870 4676 1224 4746 appellationi
1267 4677 1467 4748 cuique
1503 4685 1875 4734 consentanee
1902 4692 2043 4734 sem-

2152 4686 2453 4755 γεγονότων
2480 4686 2650 4754 ἐστὶν,
2698 4687 2835 4741 ἀλλά
2881 4689 3091 4760 Πατὴρ,
3123 4688 3219 4742 καὶ
3273 4689 3424 4754 Υἱὸς,
3459 4687 3547 4740 καὶ
3575 4683 3706 4750 ἅγιον

455 4782 555 4836 per
582 4768 822 4825 exsistit.
852 4768 985 4823 Nam
1014 4784 1111 4840 per
1143 4770 1344 4840 ipsam,
1375 4777 1429 4826 et
1450 4786 1562 4826 nou
1590 4780 1770 4838 extra,
1805 4785 1933 4842 quae
1964 4772 2043 4824 fa-

2154 4776 2387 4848 Ηνεῦμα
2432 4777 2658 4848 ἐποίησε
2711 4782 2780 4833 τὰ
2821 4779 3019 4834 πάντα.
3073 4781 3137 4834 Ei
3181 4779 3240 4833 δὲ
3286 4775 3360 4852 ἦν
3400 4768 3707 4847 ἀλλότριοςὁ

454 4870 544 4914 cta
579 4871 728 4924 sunt,
758 4879 882 4918 cum
918 4879 1027 4919 non
1065 4871 1274 4928 essent,
1307 4865 1578 4936 producta
1605 4874 1755 4920 sunt.
1791 4863 1920 4921 Ideo
1947 4879 2043 4919 ne-

2155 4871 2305 4935 Υἱὸς,
2330 4867 2406 4934 ὡς
2433 4870 2542 4924 ἀπὸ
2563 4871 2734 4925 αἰτίου
2765 4873 2866 4926 οὐκ
2896 4873 2995 4938 ὢν,
3029 4871 3308 4942 προελθὼν
3339 4873 3405 4927 ἂν
3439 4870 3567 4944 μετά
3593 4865 3704 4919 πρὶν⁶

457 4965 566 5020 que
621 4952 773 5007 solus
811 4969 906 5022 per
951 4969 1074 5011 sese
1123 4953 1282 5013 Pater
1331 4970 1500 5010 causa
1553 4963 1638 5011 est
1695 4954 2043 5009 conditarum

2151 4980 2286 5026 των,
2314 4963 2408 5017 καὶ
2436 4964 2596 5028 αὐτὸς
2635 4963 2748 5028 ἴσος
2785 4965 3023 5033 ἐγένετο.
3076 4965 3189 5019 Καὶ
3233 4965 3406 5029 αττιος
3435 4960 3500 5036 ἦν
3532 4962 3560 5015 ὁ
3596 4955 3705 5014 θεὸς

457 5055 678 5107 rerum,
734 5043 831 5099 sed
865 5044 1062 5111 Pater,
1091 5053 1145 5101 et
1188 5045 1363 5105 Filius
1388 5086 1404 5112 ,
1439 5055 1496 5102 et
1547 5045 1789 5118 Spiritus
1818 5053 2043 5101 sanctus

2150 5055 2336 5110 οὐκέτι
2376 5055 2712 5127 γεννητικῶς
2763 5055 3042 5126 ἀχθέντος,
3092 5056 3230 5111 ἀλλὰ
3282 5052 3592 5114 κτιστικῶς·
3628 5047 3706 5099 καὶ

458 5133 767 5202 procreavit
794 5135 998 5190 omnia.
1030 5135 1188 5202 Quod
1217 5137 1265 5194 si
1305 5140 1520 5196 alienus
1545 5145 1694 5195 esset
1727 5135 1924 5201 Filius,
1961 5146 2043 5190 at-

2150 5146 2332 5200 οὑκέτι
2391 5147 2665 5218 ἐνεδέχετο
2715 5146 2808 5200 τὸν
2863 5147 2958 5200 ἕνα
3016 5146 3274 5216 λέγεσθαι
3337 5147 3569 5217 γέννημα
3591 5178 3605 5203 ,
3649 5133 3704 5188 τὰ

459 5238 570 5294 que
615 5238 646 5277 a
694 5223 965 5294 principio
999 5242 1100 5283 suo
1143 5228 1386 5285 nondum
1447 5230 1724 5286 exsistens
1776 5228 2043 5299 originem

2153 5238 2196 5292 δ’
2225 5238 2363 5292 ἀλλα
2399 5240 2694 5312 κτίσματα,
2728 5239 2842 5294 ἀλλ’
2875 5239 2908 5310 ἢ
2936 5241 3006 5294 τά
3035 5241 3217 5294 πάντα
3245 5242 3342 5296 σὺν
3373 5237 3517 5308 αὑτῷ
3538 5228 3702 5303 γεννή·

461 5315 782 5382 habuisset,
830 5332 955 5372 cum
987 5321 1204 5375 caeteris
1251 5323 1510 5379 omnibus
1550 5323 1620 5378 ab
1647 5338 1713 5378 eo
1762 5321 2043 5393 proiectus

2159 5347 2305 5400 ματα
2331 5329 2607 5399 λέγεσθαι,
2638 5330 2672 5402 ἢ
2697 5330 2861 5384 αὑτὸν
2886 5332 2982 5384 σὺν
3009 5332 3146 5385 πᾶσι
3181 5331 3385 5403 κτίσμα
3411 5327 3597 5400 ὁμοίως
3624 5335 3704 5374 κε’

459 5411 686 5481 aequalis
727 5419 876 5466 esset
919 5410 1218 5468 omnibus:
1250 5414 1398 5470 unde
1441 5425 1497 5471 et
1539 5414 1684 5470 Deus
1729 5430 1838 5469 non
1883 5429 2043 5486 gene-

2155 5420 2393 5474 λεῖσθαι·
2437 5423 2532 5478 καὶ
2575 5423 2728 5477 οὐδὲν
2771 5419 2842 5494 ἦν
2895 5422 3194 5495 ἐξαίρετον,
3251 5420 3584 5492 ὲξισουμένου
3623 5405 3701 5464 τοῦ

459 5499 657 5569 rando,
689 5500 787 5558 sed
815 5504 1157 5573 procreando
1191 5505 1524 5576 principium
1563 5505 1876 5570 haberetur,
1903 5504 2043 5560 ﬁeri.

2156 5512 2276 5576 ἑνὸς·
2301 5514 2412 5578 τοῖς
2452 5516 2590 5568 πᾶσι
2632 5515 2777 5570 κατὰ
2803 5515 2867 5569 τὸ
2901 5516 3067 5588 μέρος
3109 5515 3172 5569 τὺ
3214 5515 3276 5580 ἐξ
3313 5515 3411 5569 οὐκ
3440 5512 3619 5566 ὄντων·
3650 5499 3700 5555 οὗ

460 5608 568 5664 que
596 5612 704 5652 non
739 5605 925 5654 nosset
953 5598 1210 5670 amplius,
1242 5606 1304 5654 ut
1327 5614 1472 5655 unus
1495 5600 1734 5672 genitus,
1760 5615 1828 5655 ac
1853 5597 2043 5666 Filius,

2158 5603 2321 5674 μόνον
2340 5605 2550 5676 εἴποιμι
2572 5606 2862 5676 ἀγγέλους,
2896 5605 2974 5678 τῷ
3001 5605 3180 5661 αὐτῶν
3203 5606 3261 5660 δὲ
3287 5606 3473 5676 ποιητῇ
3499 5599 3582 5654 καὶ
3605 5589 3700 5648 κτί-

458 5693 655 5770 cautem
681 5702 814 5742 vero
846 5701 1114 5748 creatura:
1138 5691 1482 5758 dicerentur;
1503 5693 1600 5750 sed
1629 5694 1712 5750 vel
1739 5693 1928 5748 omnia
1951 5707 2043 5762 ge-

2159 5710 2262 5767 στῃ
2293 5698 2593 5767 μονογενεῆ
2623 5698 2761 5753 ἀλλά
2794 5700 2889 5754 καὶ
2919 5696 3266 5771 ἀνθρώπους,
3293 5699 3385 5753 καὶ
3425 5695 3599 5765 κτήνη,
3621 5680 3698 5738 καὶ

561 5795 796 5853 'Mattlt.
835 5819 962 5868 sum,
997 5805 1079 5881 5._
1121 5807 1140 5837 ²
1177 5805 1335 5860 Itoni).
1367 5819 1445 5871 xl,
1479 5806 1570 5864 55.
1640 5806 1662 5840 ⁸
1715 5803 1774 5861 F.
1804 5804 1881 5876 τῷ
1902 5805 2015 5860 τόν.
