3964 6400
432 425 541 480 605

1037 422 1411 482 ADVERSUS
1441 423 1786 483 [UERESES
1822 419 1953 484 ιιΒ.
1995 426 2084 485 Ill.
2125 427 2292 488 TOM.
2333 429 2756 490 l.--IIASRES.
2799 431 3033 488 LXXVI.

3601 424 3708 482 606

431 544 532 596 ὃσα
565 541 1010 614 ἀπειρομεγὲοως
1060 542 1279 598 ἀποδέει
1307 541 1408 615 τῆς
1435 544 1646 599 ἐκείνου
1675 543 1892 614 φύσεως
1927 543 2007 598 καπ

2128 548 2229 604 niti
2269 549 2493 606 nomine
2532 550 2969 614 continerentur,
3013 547 3098 604 vel
3133 543 3306 602 Filius
3338 544 3456 615 ipse
3481 542 3710 614 perinde

429 632 763 705 ἀξιώματος.
794 635 982 689 Ἔστιν
1007 636 1035 690 ό
1066 633 1143 689 ὣν
1169 635 1268 690 σὺν
1302 635 1380 706 τῷ
1405 635 1520 690 ὄντι
1563 635 1623 701 ἐξ
1660 635 1824 690 αὑτοῦ
1853 636 2022 709 ἀχρό-

427 743 536 791 νως
557 727 730 792 ὅντως
752 729 1168 800 γεγεννημένος,
1199 727 1301 783 οὐκ
1345 729 1405 796 ἐξ
1445 730 1545 783 οὐκ
1583 729 1775 795 όντων,
1808 729 1926 783 ἀλλ’
1963 729 2025 796 ἑξ

2123 653 2187 693 ac
2219 646 2417 695 caetera
2451 647 2700 694 creatura
2743 639 3021 694 diceretur
3049 653 3063 690 :
3101 652 3280 708 neque
3312 633 3612 706 quidquam
3650 633 3710 689 in

2119 746 2187 788 eo
2205 737 2353 788 esset
2372 731 2655 798 eximium,
2677 745 2804 784 cum
2842 731 2945 785 hac
2985 745 3050 785 ex
3081 736 3258 800 parte,
3275 726 3422 798 quod
3444 740 3510 782 ex
3536 723 3711 780 nihilo

429 817 598 873 αὐτοῦ
618 835 633 850 ο
663 820 756 873 καὶ
782 819 983 874 ἔστιτὸ
1006 819 1163 890 ἀγιον
1192 820 1360 875 αὑτοῦ
1386 821 1636 894 Πνεῦμα,
1665 821 1726 876 τὸ
1745 821 1847 876 οὐκ
1870 822 2007 877 ἀλλό

2122 824 2427 895 productus
2464 821 2604 877 foret
2629 863 2646 888 ,
2680 837 2824 876 unus
2864 821 2955 876 ille
2983 836 3108 876 cum
3140 819 3354 875 exteris
3386 817 3711 886 adaequare-

426 923 584 982 τρισν
610 909 710 982 τῆς
734 910 900 966 αὑτοῦ
943 912 1151 977 οὐσίας,
1193 912 1317 966 οὐδὲ
1349 911 1427 976 ὡς
1457 913 1553 966 ἐπὶ
1595 910 1840 985 βοηθείᾳ,
1879 912 2024 967 κατά

426 1001 520 1056 τὸν
556 1003 762 1058 Ἀετίου
785 1003 964 1073 λόγον,
987 1003 1108 1076 Θεῷ
1139 1003 1710 1077 προσπεπορισμένον.

2123 921 2213 965 tur
2239 909 2497 965 omnibus
2527 924 2540 961 :
2575 909 2713 964 adeo
2743 915 2801 963 ut
2837 923 2947 962 non
2972 908 3136 963 modo
3162 908 3488 978 angelicum
3517 903 3710 960 condi-

2124 1007 2244 1056 tore
2281 1013 2347 1054 ac
2384 1005 2637 1053 creatore
2674 1011 2780 1054 suo
2813 997 2977 1054 unico
3005 996 3098 1053 Dei
3133 995 3297 1061 Filio,
3323 997 3420 1054 sed
3444 1005 3500 1053 et
3530 995 3711 1050 homi-

427 1114 528 1155 nes
558 1109 612 1155 et
642 1099 879 1170 pecudes
925 1099 1306 1172 adatquentur,
1337 1115 1404 1156 ac
1436 1108 1635 1156 caetera
1659 1139 1676 1165 ,
1710 1114 1834 1171 qua
1896 1098 1966 1154 ab
2032 1095 2182 1152 illius
2225 1102 2422 1149 natura
2467 1107 2532 1147 ac
2560 1092 2826 1162 dignitate
2874 1090 3088 1147 inﬁnito
3127 1091 3414 1147 intervallo
3477 1089 3708 1145 distant.

427 1187 596 1259 Igitur
617 1189 790 1245 Filius
813 1188 1088 1247 exsistens
1119 1206 1246 1246 cum
1310 1192 1613 1248 exsistente
1669 1189 1830 1247 Patre
1851 1198 2093 1246 αξιοι-ειυς
2132 1195 2220 1241 est
2242 1227 2258 1254 ,
2299 1186 2367 1240 ab
2393 1199 2568 1256 coque
2602 1185 2722 1239 sine
2760 1191 3042 1254 tempore,
3073 1196 3184 1238 non
3215 1198 3246 1239 e
3271 1181 3471 1246 nihilo,
3517 1178 3614 1236 sed
3639 1193 3710 1234 ex

428 1284 550 1354 ipso
595 1298 782 1340 revera
817 1285 1052 1356 genitus,
1104 1293 1297 1358 estque
1336 1286 1576 1357 Spiritus
1622 1287 1744 1356 ejus
1783 1293 2010 1343 sanctus
2085 1284 2155 1339 ab
2204 1282 2352 1339 illius
2404 1289 2604 1337 natura
2653 1295 2762 1336 non
2808 1279 3057 1347 alienus;
3109 1293 3289 1351 neque
3335 1278 3486 1336 velut
3546 1274 3707 1346 adju-

426 1375 596 1433 menti
650 1377 848 1450 gratia,
905 1386 967 1434 ut
1013 1378 1208 1437 Aetius
1259 1379 1577 1448 existimat,
1621 1393 1654 1437 a'
1701 1379 1814 1438 Deo
1872 1385 2249 1452 comparatus.

785 1491 1190 1550 ΚΕΦΛΛᾹΙΟΝ
1230 1495 1490 1552 ΑΕΤῙΟΥ
1524 1498 1652 1552 KA'.

496 1583 563 1637 El
602 1583 664 1638 τὸ
711 1583 1006 1658 ἀγέννητον
1044 1585 1320 1660 στέρησις,
1368 1589 1402 1662 ὴ
1449 1587 1508 1644 δὲ
1548 1590 1806 1663 στέρησις
1852 1589 2020 1658 ἕξεως

425 1667 667 1748 ἀποϐολή
700 1671 869 1743 ἐστιν,
895 1679 930 1751 ἡ
963 1676 1020 1733 δὲ
1048 1679 1288 1752 ἀποϐολὴ
1320 1679 1601 1748 παντελῶς
1637 1682 1953 1749 ἀπόλλυται,
1981 1684 2014 1754 ἢ

427 1764 749 1835 μεθίσταται
796 1767 883 1839 ἐφ’
930 1767 1150 1842 ἕτερον’
1189 1770 1308 1836 πῶς
1354 1761 1467 1825 οἷόν
1506 1789 1566 1826 τε
1604 1771 1716 1838 ἕξει
1756 1773 2015 1844 μεθιστα-

2573 1483 2758 1541 ΑΕΤΙΙ
2795 1477 3032 1546 CAPUT
3066 1477 3260 1540 XXIV.

2193 1577 2251 1635 Si
2299 1575 2600 1651 ingenitum
2636 1577 2871 1650 privatio
2907 1577 3164 1648 quaedam
3203 1581 3288 1634 est
3335 1590 3350 1629 :
3401 1583 3487 1632 est
3524 1581 3706 1630 autem

2120 1671 2354 1742 privatio
2396 1671 2704 1727 allectionis
2735 1672 2962 1729 amissio
2987 1688 3003 1736 ;
3040 1670 3268 1727 amissio
3295 1680 3461 1741 porro
3491 1668 3710 1738 penitus

2118 1780 2150 1819 e
2187 1763 2367 1819 medio
2400 1763 2629 1826 tollitur,
2662 1774 2757 1817 aut
2787 1763 2844 1818 in
2881 1759 3111 1820 alterum
3145 1769 3540 1827 commutatur,
3569 1773 3710 1830 quo-

427 1856 566 1931 μένῃ
611 1858 645 1929 ἢ
672 1857 1040 1934 ἀπολλυμένῃ,
1075 1862 1543 1934 κατονομάζεσθαι
1573 1864 1672 1938 τὴν
1703 1865 1894 1921 οὐσίαν
1920 1863 2007 1920 τοῦ

2119 1871 2245 1910 nam
2295 1863 2456 1928 pacto
2487 1855 2776 1914 all'cclione
2814 1857 2905 1912 illa
2946 1866 3266 1913 transeunte
3299 1864 3392 1910 aut
3421 1859 3706 1925 pereunte,

422 1948 558 2004 Θεοῦ
581 1951 864 2026 ἀγεννήτῳ
886 1953 1230 2028 προσηγορίᾳ
1250 1972 1265 2023 i

979 2153 1307 2224 Ἆνατροπὴ
1334 2158 1464 2211 KA’.

490 2240 556 2294 Εί
601 2240 711 2295 ἀπὸ
760 2243 856 2298 σοῦ
901 2239 997 2298 καί
1046 2244 1230 2318 δεῦρο,
1261 2242 1456 2313 Ἇέτιε,
1487 2249 1523 2320 ἡ
1567 2247 1697 2320 περὶ
1722 2247 1859 2303 Θεοῦ
1885 2248 2014 2315 δόξα

417 2333 528 2388 ἀπὸ
553 2334 663 2388 τῶν
693 2335 802 2389 σῶν
831 2336 1207 2408 συλλογισμῶν
1231 2339 1309 2402 είς
1335 2339 1492 2406 δόξαν
1517 2339 1638 2412 Θεῷ
1662 2341 2011 2413 πεπόρισται,

418 2427 564 2481 κατά
586 2427 713 2492 τοὺς
737 2429 999 2484 ἀνωτάτω
1032 2429 1139 2483 ὑπὸ
1191 2430 1287 2485 σοῦ
1328 2431 1623 2502 λεχθέντας
1669 2433 1884 2503 λόγους,
1917 2435 2013 2489 καὶ

416 2518 580 2584 αὐτὸς
629 2520 767 2591 πρὸς
821 2520 884 2574 ei
948 2521 1366 2594 ἀποτεινόμενος
1385 2563 1402 2590 ,
1458 2525 1869 2598 συγχωροῦντος
1915 2527 2010 2581 τοῦ

413 2609 575 2676 Θεοῦ,
605 2611 676 2665 τά
706 2611 796 2665 ίσα
826 2629 910 2666 σοι
939 2613 1034 2667 κα)⁵
1077 2613 1241 2678 αὐτὸς
1281 2615 1759 2688 προσφθέγξομαι⁹
1795 2619 1878 2672 ὃτι
1908 2637 2011 2691 μη-

411 2703 561 2768 δενὸς
585 2703 696 2757 τῶν
723 2704 967 2759 παλαιῶν
995 2705 1054 2760 ἐν
1089 2724 1150 2760 τε
1189 2709 1257 2779 τῇ
1303 2709 1520 2782 Παλαιᾷ
1557 2709 1806 2784 Διαοήκῃ
1832 2712 1927 2768 καὶ
1952 2715 2010 2767 ὲν

411 2799 482 2868 τῇ
520 2798 696 2870 Καινῇ
745 2799 916 2868 ἁγίων
949 2800 1265 2856 ἀποστόλων
1313 2801 1348 2874 ἢ
1380 2803 1679 2875 προφητῶν
1709 2804 1870 2860 τοῦτο
1908 2824 2030 2860 πε-.

412 2889 784 2960 φρονηκότων,
817 2889 1082 2961 ἀμείνονά
1112 2908 1172 2944 σε
1220 2891 1385 2946 αὑτὸν
1421 2893 1687 2965 καθιστᾷς
1721 2896 1816 2948 καὶ
1842 2895 2010 2950 αὺτοῦ

409 2978 507 3034 τοῦ
541 2979 678 3034 Θεοῦ
709 2981 805 3034 καὶ
826 2981 1066 3053 ἀσφαλῆ.
1097 2981 1234 3036 ’Δπὸ
1263 2982 1372 3055 γὰρ
1397 2984 1492 3038 σοῦ
1535 2986 1630 3039 καὶ
1655 2983 1814 3058 δεῦρο
1838 3004 2010 3058 προσ-

407 3072 574 3127 έλαϐε
601 3072 664 3126 τὸ
685 3071 859 3138 Θεῖον,
883 3072 960 3137 ὡς
985 3073 1129 3128 κατὰ
1149 3073 1242 3128 τὸν
1281 3074 1374 3129 σὺν
1410 3074 1588 3145 λόγον,
1617 3078 1695 3141 εἰς
1717 3079 1816 3149 τὴν
1845 3079 2011 3133 αὐτοῦ

408 3164 596 3220 πίστιν
638 3164 736 3237 τὴν
787 3165 1202 3237 συλλογιστικὴν
1256 3165 1460 3238 ταύτην
1510 3185 1604 3222 σου
1630 3168 1728 3240 τὴν
1765 3171 2012 3241 τεχνολο-

2118 1947 2222 2004 hoc
2249 1957 2336 2006 est
2370 1949 2598 2019 ingeniti
2632 1949 3021 2022 appellatione,
3047 1947 3144 2007 Dei
3170 1948 3485 2007 substantia
3512 1960 3712 2018 cogno-

2117 2037 2420 2095 minabltur
2433 2040 2459 2093 ἲ

2517 2152 2680 2224 97],
2722 2152 3038 2221 Confutatio
3077 2144 3295 2210 XXIV.

2189 2241 2248 2298 Si
2283 2258 2431 2300 nunc
2465 2245 2701 2315 primum
2727 2263 2759 2302 a
2789 2255 2844 2304 te
2871 2257 2929 2303 et
2955 2263 2986 2302 a
3018 2247 3155 2309 tuis,
3189 2246 3334 2313 Acti,
3365 2245 3708 2318 temporibus

2116 2345 2262 2391 certa
2313 2335 2384 2392 de
2427 2329 2541 2393 Deo
2594 2339 2784 2408 opinio
2845 2339 2958 2396 tuis
2994 2354 3064 2394 ex
3116 2338 3456 2410 syllogismis
3501 2345 3588 2393 est
3637 2337 3708 2392 ad

2115 2426 2359 2498 ejusdem
2399 2428 2628 2499 gloriam
2662 2430 3038 2502 honoremque
3067 2431 3413 2500 deprompta,
3442 2427 3709 2500 quemad-

2117 2520 2338 2576 modum
2367 2529 2525 2578 antea
2558 2524 2846 2593 prol'cssus
2876 2539 2962 2589 es,
2993 2539 3095 2596 ego
3126 2539 3278 2590 vero,
3302 2522 3396 2594 qui
3439 2523 3708 2578 adversus

2115 2622 2190 2679 te,
2237 2613 2349 2670 Deo
2377 2615 2704 2684 opitulante,
2749 2615 2997 2686 disputo,
3033 2616 3247 2684 eadem,
3280 2631 3404 2687 quae
3450 2625 3507 2669 tu
3541 2613 3706 2678 dicis,

2113 2722 2386 2777 usurpare
2427 2715 2665 2777 potero:
2713 2725 2840 2765 cum
2891 2709 3246 2781 antiquorum
3292 2723 3456 2764 nemo
3488 2716 3598 2762 tam
3649 2707 3708 2762 in

2117 2799 2342 2868 Vetere;
2359 2815 2525 2870 quam
2551 2801 2606 2856 in
2637 2801 2790 2858 Novo
2825 2801 3203 2867 Testamento,
3241 2801 3357 2858 sive
3387 2816 3455 2856 ex
3483 2808 3708 2872 aposto-

2113 2889 2204 2953 lis,
2233 2889 2351 2946 sive
2377 2906 2443 2946 ex
2467 2893 2752 2964 prophetis
2780 2894 2856 2949 ita
2889 2895 3151 2962 senserit,
3176 2902 3273 2950 tuo
3301 2901 3356 2949 te
3381 2892 3595 2964 judicio
3622 2893 3708 2946 vel

2114 2981 2235 3053 ipso
2280 2981 2392 3039 Deo
2435 2987 2873 3055 praestantiorem
2915 3003 3070 3054 esse,
3115 2995 3171 3044 et
3218 2987 3290 3042 ab
3331 3001 3523 3042 errore
3554 2985 3705 3041 onmi

2115 3083 2408 3131 remotum.
2461 3075 2676 3133 Etenim
2705 3079 2806 3136 abs
2837 3087 2890 3135 te
2927 3082 3198 3151 primum,
3247 3089 3302 3136 et
3329 3095 3395 3135 ex
3441 3079 3545 3136 hoc
3577 3086 3710 3133 tem-

2114 3180 2248 3237 pore
2272 3165 2515 3232 Deus,ut
2543 3183 2795 3225 asserere
2809 3169 3037 3238 videris,
3058 3177 3215 3226 tuum
3244 3169 3378 3226 illud
3405 3169 3710 3226 dialecticae

407 3256 557 3326 γίαν,
602 3255 665 3310 τὸ
712 3255 843 3328 περὶ
882 3255 1182 3326 ἀγεννήτου
1215 3255 1395 3324 λέγειν
1440 3258 1771 3328 στερήσεως,
1803 3261 1899 3315 καὶ
1944 3261 2007 3314 τὸ

2114 3258 2434 3314 subtilitatis
2466 3261 2783 3328 artilieium,
2815 3262 2966 3318 velut
2991 3262 3286 3334 quamdam
3319 3262 3442 3318 ﬁdei
3473 3277 3588 3318 sua:
3617 3277 3707 3317 ac-

405 3348 696 3422 γεννητοῦ,
730 3350 826 3403 καὶ
865 3349 1147 3413 παντελῶς
1184 3349 1458 3422 ἀποϐολῆς
1487 3350 1654 3418 ἕξεως
1698 3353 1794 3406 καὶ
1841 3372 2009 3426 μετα-

405 3441 592 3515 ϐολῆς,
625 3441 719 3496 καὶ
761 3444 892 3513 περὶ
934 3441 1067 3496 Θεὸν
1109 3442 1513 3514 κατονομασίας
1550 3444 1611 3497 ὲν
1635 3447 1702 3517 τῇ
1737 3445 1882 3500 κατά
1914 3446 2007 3502 τὸν

405 3535 541 3590 Θεόν
572 3535 762 3599 οὐσίας
800 3533 1164 3608 προσηγορίᾳ.
1192 3533 1330 3588 Οῦτε
1361 3535 1472 3608 γὰρ
1501 3535 1590 3590 διά
1633 3537 1694 3592 τὸ
1736 3537 1828 3591 τὸν
1873 3539 2006 3594 Θεὸν

404 3624 796 3684 εἶναιπάντων
823 3628 1049 3698 κτίστην
1094 3627 1207 3682 τῶν
1258 3628 1398 3701 μετά
1442 3629 1533 3683 τὸν
1575 3630 1856 3704 Μονογενῆ
1907 3633 2008 3688 αὐ-

404 3719 502 3774 τοῦ
518 3720 613 3772 καὶ
636 3718 698 3772 τὺ
720 3719 876 3788 ἅγιον
890 3718 1054 3773 αὐτοῦ
1085 3718 1334 3790 Πνεῦμα,
1355 3719 1443 3774 διὰ
1467 3719 1568 3792 τῆς
1587 3720 1696 3776 τῶν
1723 3723 2007 3796 κεκτισμέ-

404 3828 514 3866 νων
535 3810 850 3875 συστάσεως
875 3810 937 3864 τὸ
965 3811 1288 3882 στερητικὸν
1310 3811 1584 3883 ὲφευρέθη
1611 3812 1722 3867 τῶν
1741 3814 1804 3867 οὐ
1836 3830 2006 3886 προσ-

401 3902 574 3957 όντων
601 3901 742 3974 Θεῷ,
767 3903 802 3975 ἢ
832 3901 894 3956 τὸ
915 3903 1306 3975 ὀμολογητικδν
1332 3903 1440 3958 τῶν
1468 3903 1638 3959 όντων
1663 3906 1813 3978 αὐτῷ
1843 3925 2008 3979 προσ-

403 3993 680 4067 είληπται,
725 3993 813 4048 ἵνα
859 3992 923 4047 τὸ
969 3994 1266 4065 μετέπειτα
1295 3995 1515 4050 κτισθὲν
1543 3995 1606 4050 τὸ
1633 3997 1858 4069 ἄμεινον
1885 3998 2005 4072 Θεῷ

403 4086 718 4158 προσφέρῃ,
770 4085 866 4140 καὶ
895 4087 1220 4158 ἀκραιφνὲς,
1247 4087 1336 4141 διὰ
1370 4087 1467 4142 τοῦ
1497 4089 1594 4143 ἀπ’
1619 4089 1832 4144 ἐκείνου
1867 4091 2006 4163 πρὸς

402 4177 578 4234 ταῦτα
606 4177 930 4252 στερητικοῦ
965 4179 1061 4233 καὶ
1088 4179 1468 4251 ἀμεταϐλήτου
1490 4181 1761 4236 ἐπινοοῖτο
1791 4185 1830 4239 ⁸.
1861 4183 2004 4237 Ἀλλ’

403 4269 490 4324 ὅτι
521 4269 666 4322 ἐστὶν
711 4269 800 4322 ἀεὶ
837 4267 970 4322 αὐτὸ
1013 4268 1074 4323 ὃν
1115 4269 1237 4324 ὅλον
1282 4270 1431 4338 δόξα,
1461 4272 1557 4326 καὶ
1588 4271 1709 4326 ὅλον
1739 4273 2005 4346 ἀπερίληιο

405 4374 541 4412 πτον
573 4357 678 4412 ὑπὸ
710 4358 926 4412 πάντων
947 4357 1057 4412 τῶν
1107 4359 1200 4412 ὑπ’
1229 4359 1396 4413 αὑτοῦ
1429 4362 1824 4433 κεκτισμένων,
1861 4365 2005 4420 κατά

400 4448 466 4504 τὸ
499 4450 698 4522 μέτρον
725 4449 838 4504 τῶν
867 4451 1002 4524 πρὸς
1031 4450 1132 4523 τὴν
1169 4450 1480 4520 δοξολογίαν
1511 4454 1999 4526 ὲπεκτεινομένων,

398 4541 848 4614 δοξολογούμενον
873 4543 1004 4613 παρ’
1028 4542 1283 4612 ἀγγέλοις
1311 4543 1411 4613 μὲν
1441 4545 1584 4599 κατὰ
1615 4546 1712 4616 τὴν
1749 4547 2001 4616 ἀγγέλων

399 4634 673 4702 γλῶσσαν,
701 4635 800 4707 τὴν
846 4635 999 4708 παρά
1041 4634 1120 4707 τῷ
1163 4636 1470 4708 ’Λποστόλῳ
1515 4640 1848 4710 προκριτέαν
1889 4639 2001 4694 τῶν

395 4726 703 4798 ἀνθρώπων
733 4725 1299 4798 καταγγελλομένην¹,
1326 4728 1465 4781 κατά
1506 4729 1605 4801 τὴν
1647 4729 1757 4784 τῶν
1791 4728 2000 4804 ἀνθρώ-

396 4835 517 4872 πων
564 4817 818 4887 γλῶσσαν
846 4819 946 4891 τὴν
1000 4817 1406 4889 ὑποϐεϐηκυῖαν
1428 4818 1504 4891 τῷ
1537 4819 1722 4892 μέτρῳ
1741 4821 1835 4873 καὶ
1861 4821 2001 4874 κατὰ

394 4910 497 4982 τὴν
520 4910 630 4978 τῶν
659 4911 739 4965 ἔτι
779 4910 1203 4982 ὑποϐεϐηκότων
1246 4911 1495 4983 δύναμιν.
1553 4913 1665 4966 Καὶ
1691 4911 1752 4966 οὐ
1780 4913 2000 4977 πάντως

393 5005 457 5058 ὲν
483 5004 699 5076 ἑκάστῳ
723 5004 983 5075 κτίσματι
1024 5003 1305 5072 ἀναλόγως
1343 5004 1690 5077 ὑποϐέϐηκεν
1720 5006 1754 5077 ἡ
1782 5003 1998 5071 δοξολο-

393 5094 513 5168 γία,
546 5097 582 5168 ἢ
615 5096 1015 5170 μεταϐέϐληται
1034 5112 1049 5129 ⁸
1077 5097 1196 5152 ἀλλ’
1219 5096 1335 5151 ἔστι
1372 5097 1474 5169 μὲν
1507 5099 1566 5151 ἐν
1591 5099 1758 5170 ἑαυτῇ
1791 5099 2000 5170 ἀμετά-

392 5190 614 5262 ϐλητος,
649 5189 1043 5262 περισχομένη
1066 5190 1088 5222 ³
1115 5191 1296 5262 πάσης
1327 5189 1560 5254 κτίσεως
1587 5191 1724 5263 πρὸς
1755 5190 1816 5244 τὸ
1841 5190 1999 5245 ἀπει-

2109 3351 2416 3407 cessionem
2452 3351 2674 3420 adjecit,
2726 3359 2919 3422 utputa
2957 3361 3132 3409 totam
3184 3354 3335 3407 illam
3368 3352 3702 3421 disputatio-

2108 3454 2234 3496 nem
2261 3439 2328 3494 de
2354 3439 2577 3510 ingeniti
2613 3441 2940 3512 privatione,
2968 3441 3148 3513 deque
3175 3445 3382 3514 genito,
3440 3459 3506 3497 ac
3529 3443 3597 3498 de
3627 3442 3706 3496 af-

2108 3531 2365 3589 fectionis
2391 3533 2689 3589 amissione
2715 3534 2981 3606 perlecta,
3013 3535 3131 3591 sive
3151 3535 3589 3591 commutatione
3635 3550 3703 3589 ac

2107 3622 2176 3679 de
2206 3625 2572 3695 appellatione
2605 3624 2721 3692 Dei,
2753 3641 2876 3697 qua:
2903 3626 3227 3683 substantia!
3274 3627 3451 3698 ipsius
3503 3627 3704 3683 tribui-

2107 3725 2218 3771 tur.
2252 3717 2461 3773 Etenim
2492 3735 2602 3774 non
2635 3720 2860 3786 idcirco,
2892 3720 3042 3790 quod
3092 3719 3238 3778 Deus
3266 3721 3514 3777 omnium
3579 3729 3706 3790 post

2110 3809 2332 3864 unicum
2384 3807 2582 3864 Filium
2649 3825 2715 3866 ac
2765 3808 3031 3880 Spiritum
3103 3822 3354 3867 sanctum
3388 3817 3706 3882 procreator

2108 3898 2202 3965 sit,
2239 3914 2304 3954 ex
2341 3899 2691 3956 conditarum
2718 3916 2906 3956 rerum
2930 3901 3351 3970 constitutione,
3386 3909 3484 3958 aut
3508 3917 3702 3958 eorum

2108 4005 2230 4059 quae
2255 3990 2457 4046 absunt
2485 4006 2516 4045 a
2543 3991 2672 4057 Deo,
2709 3992 2966 4062 privatio,
2995 4002 3094 4048 aut
3120 4009 3340 4062 eorum,
3360 4009 3499 4066 qua.
3515 3994 3706 4050 insunt

2107 4084 2399 4140 aﬁirmatio
2449 4085 2552 4140 fuit
2585 4086 2870 4156 adjuncta,
2899 4088 3060 4158 quasi
3095 4087 3244 4156 quod
3281 4095 3474 4159 postea
3513 4084 3706 4143 condi-

2106 4183 2222 4229 tum
2266 4185 2354 4232 est
2401 4179 2754 4247 prmstantius
2799 4177 2912 4234 Deo
2957 4179 3262 4251 quidquam
3309 4178 3605 4242 conciliet,
3648 4184 3706 4233 et

2107 4280 2304 4334 purum
2354 4266 2634 4336 quidpiam
2699 4281 2764 4321 ac
2827 4265 3107 4322 sincerum
3146 4281 3215 4322 ex
3243 4280 3433 4321 earum
3475 4278 3701 4328 rerum,

2107 4357 2437 4428 quibuscum
2494 4356 2800 4423 confertur,
2870 4358 3202 4429 privatione,
3251 4367 3308 4412 et
3372 4354 3703 4412 immutabili

2107 4462 2251 4509 statu
2299 4452 2668 4523 excogitatum
2721 4451 2904 4506 fuerit.
2946 4450 3054 4506 Sed
3101 4451 3362 4505 nimirum
3408 4449 3463 4504 id
3508 4464 3574 4505 ex
3635 4463 3703 4504 eo

2108 4545 2378 4610 manavit,
2434 4543 2581 4614 quod
2611 4544 2890 4600 exsistens
2929 4544 3049 4615 ipse
3081 4551 3231 4598 totus
3260 4540 3435 4614 gloria
3480 4548 3588 4602 est,
3636 4554 3702 4595 ac

2105 4645 2254 4693 totus
2280 4635 2576 4707 ejusmodi,
2607 4643 2666 4690 ut
2695 4635 2764 4691 ab
2808 4635 3013 4691 creatis
3046 4635 3216 4690 rebus
3252 4632 3517 4688 omnibus
3554 4645 3700 4686 com-

2105 4729 2369 4802 prehendi
2404 4737 2679 4800 nequeat,
2713 4743 2835 4798 quae
2864 4741 2966 4796 pro
2998 4725 3223 4782 modulo
3253 4738 3358 4782 suo
3383 4722 3454 4777 ad
3483 4722 3608 4792 ejus
3638 4736 3700 4777 se

2108 4824 2548 4896 prtedicationem
2573 4820 2887 4876 intendunt.
2909 4817 3015 4884 Qui
3040 4817 3260 4888 quidem
3293 4827 3354 4871 ut
3382 4815 3453 4869 ab
3479 4814 3691 4885 angelis

2105 4916 2328 4987 propria
2361 4915 2606 4984 ipsorum
2658 4911 2865 4982 lingua,
2894 4923 3063 4980 quam
3093 4907 3393 4978 Apostolus
3416 4906 3699 4962 hominum

2104 5006 2310 5078 linguis
2335 5001 2677 5075 anteponit‘,
2703 5002 3019 5057 celebratur
3063 5015 3127 5056 ac
3152 4999 3410 5055 laudibus
3428 4997 3656 5056 eﬁ'ertur
3683 5011 3697 5050 :

2106 5099 2179 5154 ita
2210 5106 2266 5154 et
2300 5098 2540 5152 humana
2586 5095 2771 5164 lingua
2797 5092 3020 5160 colitur,
3048 5107 3172 5164 qua:
3199 5090 3481 5148 inferioris
3519 5091 3702 5162 digni-

2107 5193 2239 5248 tatis
2285 5197 2393 5253 est,
2440 5203 2505 5243 ac
2539 5187 2778 5258 denique
2827 5187 2994 5242 etiam
3032 5187 3101 5240 ab
3141 5185 3346 5240 inﬁmis
3392 5183 3702 5256 quibusque

395 5297 490 5352 ρον
521 5280 931 5337 ἑπεκτείνεσθαι
975 5283 1034 5336 ὲν
1081 5281 1378 5354 δοξολογίᾳ,
1425 5281 1864 5354 ὑπερϐαινούσης
1896 5283 1987 5337 ἀεὶ

2114 5285 2264 5340 'ebus
2297 5297 2398 5354 pro
2426 5280 2637 5336 viribus
2657 5280 2930 5350 cujusque
2956 5277 3313 5348 praedicatur.
3355 5274 3541 5345 Neque
3569 5288 3700 5329 vero

391 5372 572 5427 πάντα
603 5373 728 5428 νοῦν
753 5372 853 5444 τῆς
883 5373 1144 5428 ἀνωτάτω
1173 5375 1382 5439 οὐσίας,
1416 5375 1476 5428 οὐ
1505 5373 1594 5429 διὰ
1621 5373 1732 5427 τῶν
1759 5371 1991 5446 λεγομέ-

391 5482 501 5521 νων
525 5465 632 5520 ὑπό
669 5465 887 5520 πάντων
925 5466 1125 5532 ἐξεῖναι
1167 5464 1390 5538 αὑτῇ,ἧ
1431 5466 1720 5539 τροπὴν,ἢ
1761 5466 1993 5538 μεταϐο-

391 5556 516 5630 λὴν,
546 5557 580 5628 ἦ
615 5556 897 5628 προκοπὴν
930 5556 1408 5630 περιποιουμένης.
1456 5558 1520 5610 Ἥ
1549 5557 1659 5630 γὰρ
1697 5557 1835 5628 αὐτὴ
1874 5556 1990 5610 θεό·

390 5666 493 5719 της
550 5649 788 5720 ἀμείνων
843 5650 998 5716 ἐστὶ,
1055 5649 1150 5702 καὶ
1202 5649 1572 5720 ἀσύγκριτος,
1631 5650 1727 5704 καὶ
1776 5645 1990 5716 δεδοξα-

393 5760 426 5796 σ
437 5743 592 5814 μένη.

463 5898 482 5932 ⁸
516 5894 579 5956 Γ.
617 5897 1018 5968 ἑπινοουμὲνου.
1095 5900 1114 5931 ³
1143 5895 1305 5954 Deest
1341 5894 1490 5968 παρὰ
1510 5897 1567 5951 δὲ
1597 5896 1701 5951 τῶν
1727 5895 2052 5970 ἀνθρώπων.
2128 5898 2146 5928 ³
2184 5897 2303 5954 Vet.
2332 5896 2771 5970 περ;εσκωμένη.

2103 5377 2164 5432 in
2220 5373 2454 5446 singulis
2507 5372 2782 5428 creaturis
2841 5371 3199 5443 proportione
3260 5367 3496 5439 quadam
3550 5365 3698 5420 illius

2107 5465 2281 5537 gloria
2351 5463 2780 5535 prmdicatioque
2823 5462 3114 5525 minuitur,
3169 5465 3264 5514 aut
3335 5457 3694 5512 mutationem

2100 5559 2327 5629 patitur,
2370 5554 2466 5611 sed
2518 5553 2878 5610 immutabilis
2909 5553 3076 5609 estin
3118 5565 3262 5614 sese,
3296 5546 3463 5618 idque
3489 5547 3694 5604 creatis

2098 5657 2184 5705 est
2219 5649 2382 5705 rebus
2402 5649 2660 5704 omnibus
2692 5646 3046 5718 denegatum,
3083 5651 3144 5699 ut
3176 5643 3243 5698 ad
3272 5640 3423 5697 illius
3453 5638 3695 5695 infinita-

2099 5749 2206 5796 tem
2237 5741 2585 5813 praedicando
2611 5739 2830 5811 possint
2870 5735 3118 5803 extendi,
3154 5748 3283 5791 cum
3311 5746 3570 5806 suprema
3602 5733 3694 5789 illa

2853 5896 2914 5953 ‘l
2941 5895 3070 5954 Cor.
3098 5911 3216 5964 xm,
3243 5895 3294 5951 l.
