3964 6444
376 398 481 451 607

1817 410 1872 468 S.
1924 410 2265 471 EPIPHANII

3530 412 3620 471 608

378 514 686 572 substantia
759 531 992 579 mentem
1050 540 1267 581 onmem
1323 525 1844 599 intelligentiamque
1911 539 2151 602 superet.
2196 533 2329 600 Quae
2359 533 2431 591 ob
2459 549 2523 589 ea
2565 549 2687 606 quae
2731 533 2800 590 ah
2828 534 3090 591 omnibus
3126 534 3176 591 ei
3212 536 3539 604 tribuuntur,
3575 553 3623 599 et

380 606 561 662 inesse
598 612 879 682 dicuntur,
930 618 1136 671 nullam
1174 626 1462 689 propterea
1511 623 1949 688 conversionem,
1992 625 2355 682 mutationem
2405 638 2499 682 aut
2528 627 2930 683 incrementum
2973 627 3271 698 experitur.
3343 630 3438 688 Est
3493 632 3629 688 enim

378 704 636 763 divinitas
662 709 777 779 ipsa
808 711 967 781 longe
990 714 1249 769 omnibus
1266 716 1637 783 praestantior,
1667 725 1722 773 et
1750 719 2221 790 incomparabilis,
2250 724 2549 795 gloriaeque
2580 724 2921 793 plenissima.

738 821 906 895 972
945 826 1128 881 ΑΕΤΙΙ
1170 828 1400 883 CAPUT
1438 828 1607 885 XXV.

446 912 503 966 Si
546 914 845 982 ingenitum
890 916 1275 985 privationem,
1317 935 1439 989 quae
1486 919 1597 974 Deo
1640 937 1749 975 non
1797 923 1962 988 inest,

375 1002 681 1073 signiﬁcat,
722 1020 824 1059 cur
869 1006 1173 1076 ingenitum
1199 1023 1364 1073 esse,
1408 1009 1650 1080 genitum
1683 1025 1817 1066 vero
1854 1027 1966 1068 non

375 1109 499 1151 esse
529 1096 807 1151 dicimus?

910 1187 1224 1258 Confutatio
1259 1191 1359 1245 XX
1380 1191 1442 1248 V.

448 1276 777 1346 lngenitum,
814 1280 919 1353 etsi
971 1277 1082 1335 Deo
1115 1298 1305 1338 revera
1338 1286 1651 1353 conveniat,
1687 1302 1964 1357 nusquam

378 1376 563 1422 tamen
600 1385 922 1438 expressum
975 1379 1093 1438 est;
1151 1389 1253 1429 nec
1302 1390 1331 1429 a
1375 1379 1638 1447 propheta
1684 1381 1836 1443 ullo,
1877 1382 1964 1437 vel

377 1459 647 1527 apostolo,
684 1460 766 1513 vel
808 1463 1147 1540 evangelista
1206 1480 1724 1524 commemoratum.
1776 1469 1967 1540 Neque

377 1567 505 1610 vero
537 1538 886 1629 mirumcSSe
921 1538 1186 1622 deberet,
1224 1558 1269 1614 si
1301 1558 1369 1614 de
1401 1558 1514 1615 Deo
1546 1561 1876 1617 aliirmatum
1908 1563 1969 1615 il-

376 1642 466 1697 lud
496 1653 661 1699 esset.
695 1643 978 1715 Siquidem
1019 1648 1145 1718 pius
1172 1649 1241 1704 de
1278 1649 1391 1706 Deo
1421 1667 1621 1710 sensus
1647 1654 1779 1709 olim
1805 1654 1955 1710 istud

374 1733 553 1804 ipsum
591 1749 620 1788 e
660 1737 899 1791 naturali
934 1740 1173 1809 quadam
1223 1741 1343 1813 lege
1376 1743 1658 1800 hauserat.
1688 1744 1772 1801 Tu
1809 1762 1964 1811 vero,

373 1825 490 1885 Acti
517 1864 532 1887 ,
565 1827 892 1881 vocabulum
938 1827 1085 1883 istud
1135 1831 1318 1885 studio
1352 1833 1614 1890 novitatis
1653 1835 1962 1903 inculcans,

375 1917 520 1969 velut
549 1916 840 1973 miriﬁcum
859 1919 1146 1988 quiddam,
1176 1932 1230 1976 et
1258 1921 1588 1980 inusitatum
1610 1928 1967 1997 proposuisse

374 2018 426 2061 te
457 2016 637 2065 putas.
664 2009 805 2074 Quin
836 2010 1001 2064 etiam
1034 2013 1503 2083 religiosissimam
1529 2026 1742 2074 natura:
1768 2019 1964 2091 legem,

374 2115 587 2153 net-nou
628 2108 683 2154 et
729 2101 888 2166 ﬁdei,
934 2118 1097 2172 quam
1145 2106 1211 2158 ad
1251 2107 1508 2163 meliores
1555 2108 1805 2166 homines
1843 2111 1967 2166 red-

374 2189 584 2247 dendos
611 2190 795 2247 divina
824 2195 1042 2250 bonitas
1072 2194 1325 2262 indulsit,
1352 2199 1691 2268 permiscere
1733 2218 1798 2257 ac
1827 2220 1964 2259 con—
1995 2180 2038 2240 Β

376 2279 601 2338 fundere
633 2292 866 2341 conatus
912 2301 1008 2353 es,
1046 2286 1177 2341 dum
1221 2289 1467 2360 ingenito
1511 2292 1755 2362 genitum
1796 2295 1967 2366 maje-

374 2381 513 2428 state
559 2374 937 2447 dignitateque
971 2393 1064 2446 par
1099 2390 1450 2436 commentus
1480 2397 1563 2446 es,
1606 2392 1666 2437 ut
1696 2385 1788 2439 ille
1827 2386 1964 2456 ipse,

372 2481 533 2534 quem
586 2467 913 2524 dissimilem
972 2470 1196 2535 adoras,
1242 2472 1529 2543 inaequalis
1581 2474 1631 2530 ei
1688 2474 1962 2542 videatur,

371 2572 533 2625 quem
554 2550 910 2614 dissimiliter
941 2560 1230 2631 praedicas.
1268 2561 1388 2617 Jam
1416 2580 1583 2628 vero,
1636 2566 1681 2622 si
1732 2569 1968 2639 appella-

373 2648 522 2702 tione
557 2647 674 2702 sola
706 2646 923 2704 Patrem
981 2651 1216 2718 adoras,
1261 2654 1486 2709 nonnisi
1528 2671 1626 2726 per
1659 2657 1967 2715 simulatio—

372 2745 593 2797 nem,et
616 2737 929 2794 illusionem
957 2740 1223 2795 honorem
1254 2741 1401 2797 hunc
1435 2744 1515 2798 illi
1549 2744 1770 2802 defers:
1811 2748 1963 2816 item,

373 2828 420 2882 si
458 2827 691 2895 Filium,
742 2844 906 2899 quem
940 2830 1091 2885 Patri
1139 2833 1464 2889 dissimilem
1514 2839 1792 2907 agnoscis,
1829 2839 1965 2895 ado-

373 2919 606 2973 randum
646 2934 907 2986 censeas,
939 2938 1211 2979 summam
1244 2925 1569 2984 adoratione
1598 2929 1687 2982 illa
1721 2938 1814 2985 tua
1844 2947 1967 3001 per-

374 3009 745 3065 turbationem
788 3012 1029 3076 inducis,
1075 3029 1202 3069 cum
1254 3016 1577 3074 dissimilem
1609 3020 1801 3075 eodem
1839 3037 1965 3076 cum

371 3114 462 3163 eo,
514 3101 675 3170 cujus
718 3112 804 3159 est
859 3103 1172 3171 dissimilis,
1225 3107 1437 3164 honore
1494 3110 1683 3166 aﬁlcis.
1734 3111 1962 3179 Quodsi,

373 3207 498 3262 qua:
530 3194 607 3248 tui
639 3195 911 3266 dogmatis
943 3197 1173 3267 perﬁdia
1209 3208 1331 3263 est,
1382 3199 1580 3256 Filium
1635 3203 1869 3260 adorare
1910 3212 1965 3260 te

374 3300 563 3355 neges,
601 3287 788 3340 statim
820 3294 876 3342 te
907 3302 1099 3346 omnes
1132 3291 1484 3362 redarguerit,
1541 3301 1600 3348 ut
1638 3295 1731 3365 qui
1766 3311 1967 3367 nequa-

373 3392 537 3446 quam
590 3377 741 3432 illum
790 3393 1084 3449 agnoscas,
1133 3398 1298 3453 quem
1361 3384 1595 3440 adorare
1663 3401 1858 3444 omnes
1910 3397 1964 3442 et

373 3471 636 3539 aequalem
682 3470 929 3526 conﬁteri
981 3472 1203 3531 debent.
1258 3475 1586 3532 Adorahunt
1643 3479 1789 3533 enim
1837 3495 1961 3536 eum

373 3574 568 3615 omnes
599 3563 778 3633 angeli
827 3561 978 3619 Dei‘.
1011 3563 1276 3620 Eumdem
1326 3566 1521 3633 Maria,
1554 3584 1679 3623 cum
1710 3572 1766 3625 in
1799 3587 1965 3628 carne

376 3652 821 3721 splendidissime
851 3656 1252 3711 resurrexisset
1271 3661 1315 3723 ',
1362 3672 1427 3712 ac
1478 3668 1758 3726 postremo
1795 3662 1965 3718 disci-

378 3744 489 3813 puli
516 3758 707 3799 omnes
739 3746 1062 3801 adorarunt.
1094 3745 1239 3802 Huic
1267 3749 1415 3804 enim
1446 3750 1574 3804 facti
1608 3753 1850 3808 creative
1877 3768 1967 3823 ap-

379 3836 727 3906 pellationem
765 3839 990 3893 minime
1025 3842 1341 3905 convenire,
1377 3850 1565 3911 utpote
1612 3858 1639 3899 a
1681 3842 1843 3900 Patre
1876 3861 1969 3915 ge-

381 3929 530 3992 nito,
583 3942 691 3983 non
742 3927 1021 3998 ignorant.
1053 3915 1263 4001 'ltaque
1300 3932 1654 3988 exsistentem
1707 3935 1775 3987 ah
1822 3936 1969 3992 exsi-

381 4025 560 4075 stente
591 4027 812 4084 natum,
870 4034 1086 4076 necnon
1132 4029 1186 4077 et
1232 4021 1501 4092 Spiritum
1537 4036 1791 4079 sanctum
1867 4027 1968 4082 ad-

384 4113 570 4164 orant.
600 4105 813 4162 Norunt
843 4111 988 4164 enim
1014 4111 1164 4165 illum
1189 4111 1257 4166 ab
1274 4111 1621 4167 conditarum
1657 4129 1840 4170 rerum
1873 4132 1973 4171 na—

381 4203 506 4250 tura
535 4193 869 4266 discrepare.
902 4196 1117 4267 Quippe
1164 4213 1274 4254 non
1325 4199 1504 4256 factus
1551 4213 1655 4268 est,
1692 4212 1787 4258 aut
1819 4221 1973 4261 crea-

383 4296 492 4347 tus,
533 4285 628 4341 sed
658 4302 688 4340 a
719 4285 879 4344 Patre
934 4289 1165 4359 genitus.
1226 4291 1593 4356 Quamobrem
1636 4288 1763 4349 cum
1808 4297 1975 4366 pluri-

382 4388 532 4428 mum
561 4376 902 4442 aestuaveris,
949 4391 1016 4433 ac
1050 4380 1281 4434 multum
1317 4380 1584 4450 temporis
1613 4397 1976 4456 consumpse-

1990 839 2041 896 Α

2420 839 2825 892 ΚΕΦᾹΛΛΙΟΝ
2876 839 3135 893 ΑΕΤΙΟΥ
3179 838 3306 896 κε’.

2141 931 2204 983 Εἰ
2230 929 2293 984 τὸ
2310 929 2606 1001 ἀγέννητον
2626 928 2777 999 δηλοῖ
2799 928 3054 1000 στέρησιν
3080 927 3157 1000 μὴ
3177 929 3479 1002 προσοῦσαν
3506 931 3632 1005 Θεῷ,

2070 1019 2188 1085 πῶς
2217 1019 2511 1090 ἀγέννητον
2538 1014 2679 1073 εἶναι
2717 1016 2966 1089 λέγομεν,
2992 1019 3249 1089 γεννητὸν
3279 1019 3338 1073 δὲ
3372 1021 3445 1092 μὴ
3473 1018 3634 1090 εἷναι;

2618 1195 2945 1265 Ἀνατροπὴ
2979 1190 3112 1251 KE'.
3640 1250 3641 1255 η

2139 1290 2460 1363 Ἀγέννητόν
2478 1292 2593 1344 ἐστι
2612 1290 2710 1361 μὲν
2732 1285 2847 1353 οῦν,
2868 1289 3069 1360 ἐρρέθη
3084 1289 3143 1342 δὲ
3157 1289 3523 1359 οὐδαμοῦ,οὑκ
3542 1289 3639 1345 ἀπὸ

2066 1380 2163 1436 τοῦ
2194 1382 2494 1453 προφήτου,
2520 1380 2621 1433 οὑκ
2666 1378 2774 1434 ἀπὸ
2810 1378 3129 1443 ἀποστόλου,
3174 1378 3275 1432 οὐκ
3288 1379 3398 1434 ἀπὸ
3423 1379 3639 1449 εὐαγγε-

2067 1472 2272 1527 λιστοῦ.
2322 1470 2515 1542 Θαῦμα
2547 1468 2656 1542 γὰρ
2685 1468 2807 1522 οὑδὲ
2837 1469 2894 1521 ἓν
2922 1467 3086 1523 τοῦτο
3123 1464 3192 1539 ἦν
3230 1469 3361 1539 περὶ
3402 1468 3533 1523 Θεοῦ
3558 1469 3637 1523 λέ-

2067 1583 2207 1635 γειν.
2255 1565 2471 1636 Προσῆν
2530 1562 2640 1634 γὰρ
2689 1560 2766 1632 τῷ
2810 1561 3026 1614 εὐσεϐεῖ
3069 1560 3331 1632 λογισμῷ,
3363 1561 3455 1615 ὑπ’
3491 1560 3638 1615 αὑτοῦ

2065 1654 2161 1710 τοῦ
2202 1654 2341 1710 κατά
2379 1656 2479 1725 τὴν
2507 1653 2668 1723 φύσιν
2695 1653 2884 1724 νόμου.
2915 1653 2986 1706 Σὺ
3019 1652 3101 1714 δὲ,
3120 1652 3317 1718 Ἀέτιε,
3343 1652 3499 1706 τοῦτο
3525 1653 3641 1725 ἡμῖν

2067 1746 2489 1817 καινοτομήσας,
2516 1744 2717 1813 λέγειν,
2766 1744 2841 1808 ὡς
2894 1743 3079 1817 θαῦμα
3118 1745 3533 1818 προσεισφέρειν
3558 1761 3633 1797 σε·

2065 1837 2215 1908 αυτῴ
2244 1837 2504 1909 νομίζεις.
2546 1835 2857 1907 Συνέφυρας
2884 1835 2942 1888 δὲ
2997 1836 3093 1890 καί⁸
3137 1834 3429 1907 συνέμιξας
3460 1833 3534 1906 τῷ
3556 1835 3637 1888 εὑ-

2068 1929 2215 1981 σεὸεἰ
2235 1927 2332 1999 τῆς
2356 1927 2568 1996 φύσεως
2605 1927 2774 1998 νόμῳ.
2813 1927 2909 1980 καὶ
2940 1924 3017 1997 τῷ
3042 1927 3141 1998 τῆς
3180 1926 3419 1990 πίστεως
3449 1923 3636 1996 θεσμῷ,

2064 2017 2142 2089 τῷ
2169 2018 2261 2070 ἐπὶ
2294 2014 2579 2087 προσθήκῃ
2612 2014 2947 2086 βελτιώσεως
2976 2015 3041 2066 ὲκ
3074 2013 3210 2067 Θεοῦ
3253 2012 3639 2084 κεχαρισμένῳ,

2067 2109 2127 2162 τὸ
2168 2108 2245 2179 τῷ
2300 2108 2580 2177 ἀγεννήτῳ
2629 2105 2886 2176 γεννητὸν
2941 2105 3223 2176 ἐπινοῆσαι
3270 2103 3598 2171 ὲξισούμενος
3621 2098 3640 2129 ⁸

2065 2200 2143 2272 τῷ
2170 2199 2463 2270 ἀξιώματι,
2522 2199 2608 2251 ἵνα
2649 2199 2678 2250 ό
2730 2195 2883 2267 παρά
2928 2195 3012 2248 σοὶ
3054 2195 3524 2268 προσκυνούμενος
3561 2195 3642 2247 ἀν-

2065 2291 2250 2362 όμοιος
2279 2288 2391 2352 ίσος
2417 2286 2665 2358 εὑρεθείη
2708 2284 2785 2355 τῷ
2833 2285 2973 2338 κατά
3018 2282 3079 2336 σὲ
3101 2283 3371 2353 ἀνομοίως
3401 2294 3643 2350 κηρυττο-

2070 2382 2232 2452 μένῳ.
2276 2381 2339 2434 El
2387 2379 2483 2450 μὲν
2527 2373 2620 2431 οὖν
2663 2375 3103 2447 προσκυνήσειας
3150 2372 3244 2425 τὸν
3284 2370 3504 2442 Πατέρα
3528 2366 3641 2438 ψιλῇ

2065 2471 2348 2542 ὀνομασίᾳ,
2377 2468 2631 2541 εἰρωνείᾳ
2680 2467 2781 2537 τὴν
2812 2465 2980 2536 τιμὴν
3009 2465 3396 2534 προσήνεγκας
3417 2476 3430 2489 ·
3479 2459 3567 2513 καὶ
3603 2455 3645 2511 ει

2065 2563 2158 2618 τὸν
2203 2562 2331 2616 Υἱὸν
2376 2562 2831 2632 προσκυνήσειας,
2884 2556 3139 2627 ἀνόμοιον
3189 2553 3370 2623 Πατρὶ
3413 2548 3645 2619 ἐπιγινώ-

2066 2673 2235 2717 σκων,
2279 2654 2545 2725 σύγχυσιν
2614 2652 2856 2724 εἰργάσω
2901 2651 2961 2704 ἐν
3020 2649 3086 2719 τῇ
3138 2646 3526 2740 προσκυνήσει,
3566 2643 3645 2740 div:

2067 2749 2253 2819 όμοιον
2303 2744 2558 2817 ἀνομοίου
2594 2744 2724 2807 ἴσως
2769 2742 3035 2813 τιμήσας
3089 2741 3138 2793 εί
3183 2739 3241 2792 δὲ
3288 2737 3377 2791 διὰ
3420 2735 3644 2834 ᾓνῃσοῦ

2065 2838 2334 2910 πρόληψιν
2391 2837 2490 2907 τῆς
2544 2834 2800 2897 ἀπιστίας
2858 2833 3084 2903 ἀρνήσει
3142 2830 3468 2901 προσκυνεῖν
3518 2825 3639 2893 Υἱῷ,

2064 2931 2368 3002 ἐλεγχθήσῃ
2398 2929 2502 2983 ὑπὸ
2538 2928 2778 2989 πάντων,
2820 2925 2922 2978 οὑκ
2965 2923 3219 2992 ἐπιγνοὺς
3257 2921 3352 2974 τὸν
3384 2914 3645 2988 ὀφειλομέο

2063 3038 2170 3084 νως
2211 3020 2317 3072 ὑπὸ
2361 3019 2578 3073 πάντων
2618 3014 2922 3087 προσκυνοὺ
2931 3029 3086 3085 μενον
3117 3011 3212 3064 καὶ
3244 3008 3384 3061 ἴσον·
3426 3020 3647 3076 προσκυ-

2064 3115 2288 3184 νήσουσι
2318 3111 2427 3183 γὰρ
2470 3108 2621 3181 αὑτῷ
2663 3108 2865 3170 πάντες
2895 3105 3116 3175 ἄγγελοι
3144 3101 3307 3157 Θεοῦ.
3347 3099 3462 3156 Καὶ
3501 3111 3647 3168 προσ·

2064 3208 2326 3276 εκύνησεν
2368 3202 2517 3273 αὑτῷ
2556 3201 2742 3272 Μαρία
2782 3197 3009 3262 ἐνδόξως
3043 3192 3340 3249 ἀναστάντι
3380 3192 3437 3244 ὲν
3479 3185 3643 3257 σαρκὶ.

2064 3297 2158 3351 καὶ
2178 3297 2379 3359 πάντες
2404 3296 2453 3347 οἱ
2491 3293 2658 3348 αὑτοῦ
2696 3289 2954 3364 μαθηταί.
3003 3288 3081 3342 Οὐ
3122 3287 3232 3357 γάρ
3264 3284 3380 3355 ἔχει
3414 3283 3434 3313 ⁶
3468 3294 3645 3349 γεννη-

2062 3388 2157 3442 τοῦ
2189 3385 2518 3457 ὀνομασίαν,
2557 3383 2681 3438 οὔτε
2718 3379 2962 3442 κτιστοῦ,
2995 3380 3060 3432 ὲκ
3344 3364 3647 3469 vers-mpi-

2065 3495 2176 3541 νον,
2202 3453 2371 3542 ἴσα-σι,
2395 3477 2489 3530 καὶ
2512 3472 2912 3546 προσκυνοῦσιν
2936 3470 3064 3524 ὄντα
3104 3466 3163 3533 ἐξ
3192 3465 3367 3528 ὄντος,
3405 3461 3496 3515 καὶ
3518 3457 3575 3511 τὸ
3596 3453 3649 3520 ἐξ

2072 3569 2236 3625 αὑτοῦ
2285 3570 2442 3638 ἆγιον
2490 3564 2736 3637 Πνεῦμα.
2787 3563 2972 3618 Οῐδασι
3017 3559 3127 3630 γὰρ
3175 3557 3345 3612 αὑτὸν
3387 3551 3649 3638 ἀλλότριον

2071 3665 2139 3734 τῇ
2173 3635 2345 3733 οὐσίᾳ-
2361 3660 2470 3714 ἀπὸ
2509 3659 2619 3711 τῶν
2644 3635 2972 3725 γεγονότων.
3005 3651 3080 3705 Οὐ
3110 3650 3218 3721 γάρ
3253 3649 3374 3701 εστι
3411 3635 3646 3713 γεννητὸς

2076 3733 2119 3824 ἢν
2140 3753 2377 3816 κτιστὸς.
2403 3750 2538 3805 ἀλλὰ
2558 3746 2817 3819 γεννητὸς
2842 3748 2907 3799 ἐκ
2939 3742 3172 3813 Πατρός.
3206 3738 3300 3792 Διὸ
3328 3736 3457 3809 περὶ
3485 3733 3649 3824 πάντα

2076 3817 2294 3915 καμὼν.
2328 3842 2422 3895 καὶ
2456 3817 2684 3903 πολλοὺς
2716 3837 2942 3909 χρόνους
2970 3831 3302 3897 ,ἀναλώσας
3339 3826 3545 3921 ’Δέτιεὶ
3564 3817 3646 3921 κμὶ

2075 3912 2268 4004 λόγους
2322 3933 2506 4001 ξένους
2555 3927 2988 4001 παρεισενέγκας
3039 3921 3444 4023 προσκιμνήσεις
3491 3912 3642 4023 “'5‘?-

2075 4029 2168 4080 Δεῖ
2197 4026 2307 4097 γὰρ
2339 4025 2550 4088 πάντας
2586 4022 2778 4091 στῆναι
2807 4017 3039 4072 ἐνώπιον
3075 4014 3174 4068 τοῦ
3207 4012 3453 4083 βήματος
3476 4012 3648 4100 autat),-

2075 4119 2171 4173 xal.
2197 4119 2346 4171 πᾶσα
2369 4115 2593 4186 γλῶσσα
2621 4111 3097 4184 ἐξομολογήσεται,
3127 4107 3210 4160 ὅτι
3233 4103 3438 4177 Κύριος
3462 4099 3645 4186 Ἰησοὺς

2076 4208 2334 4280 Χριστὸς,
2364 4184 2393 4258 ό
2425 4207 2527 4260 οὐκ
2565 4203 2845 4273 ἀλλότριος
2889 4196 3027 4253 Θεοῦ
3057 4196 3154 4261 ὢν,
3201 4193 3345 4250 ἀλλά
3390 4191 3469 4252 εἰς
3508 4184 3645 4248 δόξαν

2079 4297 2216 4353 Θεοῦ
2240 4296 2477 4367 Πατρὸς,
2517 4293 2661 4349 κατά
2701 4291 2763 4345 τὸ
2805 4285 3192 4360 γεγραμμένον
3238 4280 3339 4338 καὶ
3378 4287 3643 4331 πεπιστευ-

2087 4390 2269 4461 μένον.

382 4468 482 4532 ris,
516 4468 666 4533 Aeli,
693 4485 758 4525 ac
787 4473 1127 4544 peregrinas,
1159 4482 1214 4530 et
1246 4474 1522 4532 inauditas
1550 4492 1717 4535 voces
1742 4480 2043 4550 invexeris,
2069 4486 2224 4539 illum
2250 4491 2436 4537 tamen
2497 4481 2582 4537 vel
2616 4478 2825 4533 invitus
2892 4473 3172 4530 adorabis.
3243 4467 3465 4540 Oportet
3517 4469 3643 4556 etut"

382 4574 576 4615 omnes
611 4575 796 4646 coram
827 4564 973 4621 illius
999 4566 1261 4621 tribunali
1296 4567 1420 4622 sisti
1436 4568 1479 4622 ⁸.
1523 4569 1602 4624 Ac
1632 4578 1748 4625 tum
1779 4575 1961 4630 omnis
2000 4578 2188 4649 lingua
2220 4574 2597 4639 conﬁtebitur,
2665 4569 2929 4641 quoniam
2984 4566 3249 4622 Dominus
3288 4559 3450 4617 Iesus
3505 4551 3643 4649 αξη-

386 4659 506 4707 stus
536 4668 645 4708 non
672 4640 886 4711 alienus
915 4664 1000 4712 est
1041 4673 1070 4712 a
1105 4656 1237 4725 Deo,
1289 4661 1385 4716 sed
1418 4660 1476 4716 in
1514 4662 1688 4731 gloria
1749 4665 1844 4721 Dei
1882 4665 2063 4727 Patris
2082 4640 2125 4738 ἶ,
2195 4666 2658 4742 quemadmodum
2688 4640 2834 4718 itam
2885 4660 3198 4732 Scriptura,
3255 4670 3419 4728 quam
3475 4643 3643 4703 σεωυ-

387 4744 491 4797 lica
526 4741 661 4799 ﬁdes
695 4746 881 4802 habet.
2214 4741 2226 4742 ί
3641 4774 3646 4780 λ

735 4856 900 4930 973
940 4859 1121 4914 AETll
1158 4860 1391 4917 CAPUT
1427 4859 1618 4918 XXVI.

2441 4855 2848 4915 ΚΕΦΔΛΑΙΟΝ
2880 4853 3136 4909 Αετιογ
3166 4854 3314 4920 κεῖν.

460 4948 519 5003 Si
571 4948 1065 5020 ingenitum'nuda
1116 4953 1170 5008 in
1211 4953 1321 5010 Deo
1356 4963 1441 5013 est
1488 4955 1806 5026 appellatio,
1847 4958 1967 5012 adet

479 5056 642 5072 ριιηιιιι
666 5050 972 5072 ηνηηΙι-ιιιιιννι
996 5061 1176 5072 mnu...“
1205 5048 1444 5072 Α.ιι..ξ....υ.
1472 5048 1840 5072 ιιι-.-.Δειεη--.μ
1871 5050 1967 5072 Δ,1.

2159 4957 2221 5009 Εἰ
2247 4952 2403 5025 ψιλὸν
2427 4952 2602 5024 ὄνομα
2640 4952 2791 5072 teat:
2815 4947 2909 5000 ἐπὶ
2940 4944 3089 5048 Θεοῦ.
3113 4944 3175 5072 :2
3205 4942 3506 5072 ἀγξννηῖτον,
3520 4928 3643 5072 :11

2089 5047 2217 5072 J-H—
2256 5045 2506 5072 —--..--.\.
2542 5044 2642 5072 ..ξω
2670 5060 2679 5072 .
2707 5059 2743 5072 .,
2781 5056 2970 5072 -..ηηηη
2996 5055 3091 5072 θη,
3166 5053 3256 5072 Mn
3317 5051 3388 5072 ,νη
3418 5047 3491 5072 Ml
3592 5056 3607 5072 ν

390 5049 450 5097 ιιι
479 5056 645 5110 supra
666 5050 973 5098 ereatarum
996 5061 1178 5102 rerum
1203 5048 1447 5103 omnium
1469 5048 1844 5104 conditionem
1870 5050 1967 5107 sol:

2088 5047 2220 5119 ψιλὴ
2255 5045 2508 5117 προφορά
2542 5044 2642 5114 τὴν
2670 5040 2970 5094 ὑπόστασιν
2996 5036 3091 5090 τοῦ
3119 5036 3256 5133 Θεοῦ
3288 5033 3491 5133 ἐπαίρει

391 5129 768 5201 pronuntiatio
817 5131 1057 5188 divinam
1093 5135 1456 5192 substantiam
1492 5138 1740 5203 extollat,
1795 5153 1967 5194 conse

2093 5141 2312 5196 πάντων
2344 5135 2620 5206 γεννητῶν
2637 5148 2651 5163 ·
2682 5130 2986 5203 τιμιωτέρα
3012 5127 3121 5201 ἄρα
3147 5126 3296 5220 ἐστὶν
3316 5120 3642 5220 ήιὶνθράηξξιξξί

390 5239 565 5293 quens
597 5233 683 5276 est
719 5222 1000 5278 hominum
1038 5230 1538 5295 pronuntiationem
1590 5230 1967 5300 omnipotenti:

2088 5229 2341 5303 προερορά
2361 5227 2455 5282 τοῦ
2487 5222 2950 5294 παντοκράτορος,
2979 5218 3331 5279 ὑποστάσεως
3352 5213 3638 5277 ἀσυγκρίτιι)

390 5313 485 5371 Dei
521 5314 831 5371 substantia
880 5317 1311 5383 praestantiorem
1355 5321 1557 5387 videri;
1593 5336 1716 5392 quae
1761 5320 1967 5393 quiden

2093 5321 2332 5391 ὑπεροχῇ
2360 5316 2754 5373 καλλωπίσασα
2776 5312 2909 5367 Θεὸν
2939 5309 3032 5364 τὸν
3066 5307 3489 5379 παντοκράτορα.

383 5407 567 5479 ‘ipsam
589 5407 1034 5480 iucomparabilis
1074 5411 1395 5468 excellentia
1418 5413 1701 5485 dignitatis
1725 5424 1982 5470 exornet.

906 5520 1218 5592 Confutatio
1253 5522 1471 5581 XXVI.

469 5610 653 5684 Neque
687 5614 896 5669 nudum
937 5613 994 5670 in
1034 5613 1144 5670 Deo
1181 5630 1377 5670 nomen
1414 5623 1496 5671 est
1529 5615 1852 5690 ingenitum,
1895 5632 1991 5672 ne-

2634 5512 2960 5584 Ἁνατροπὴ
3002 5511 3144 5577 KG".

2160 5610 2299 5667 Οὑτε
2325 5609 2477 5681 ψιλὸν
2498 5609 2671 5679 ὄνομα
2692 5578 3089 5660 ἐπὶΨΘεοῦῆὲστι
3117 5599 3180 5654 τὸ
3208 5595 3506 5663 ἀγέννητον,
3528 5578 3632 5633 οὔτε

3235 5755 3255 5788 ³
3279 5751 3321 5806 ιι
3341 5748 3458 5805 Cor.
3492 5724 3629 5805 1,109

470 5761 676 5816 'Dmt.
723 5779 896 5831 xxxii,
945 5767 1181 5831 dﬁjuxt.
1240 5765 1414 5831 LXX;
1458 5765 1597 5824 l‘sal.
1646 5786 1792 5831 xcvi,
1840 5769 1910 5832 7;
1962 5768 1967 5821 1

2072 5784 2126 5823 .r.
2165 5786 2204 5833 ι,
2238 5767 2291 5822 6.
2407 5767 2427 5797 ‘
2458 5762 2651 5819 \latth.
2682 5778 2878 5830 xxvm,
2910 5761 2934 5815 l
2990 5774 3112 5830 sqq.

399 5827 419 5857 ⁸
441 5828 671 5902 Philipp.
722 5846 781 5896 ll,
825 5827 911 5891 ll.
994 5840 1014 5869 ⁵
1039 5827 1103 5894 1⁸.
1135 5827 1507 5908 ἐξισούμενον.
1582 5842 1602 5873 ⁸
1629 5839 1688 5895 F.
1723 5827 1870 5910 ἔχειν
1897 5827 2169 5911 γεννητοῦ.
