3964 6408
290 330 399 386 609

944 324 1315 382 ADVERSUS
1352 322 1698 382 IIAZRESES
1737 323 1865 380 LIB.
1910 322 1997 380 ΙΙΙ.
2027 322 2207 380 .TOM.
2249 325 2291 380 l.
2333 357 2402 367 —
2438 324 2715 384 HIERES.
2747 328 2982 386 LXXVI.

3478 335 3588 393 διο

291 448 403 511 τοῖς
457 445 697 507 κτιστοῖς
749 443 894 498 κατὰ
935 443 1035 515 τὴν
1081 443 1272 497 οὐσίαν
1322 442 1733 498 ἐπικοινωνοῦν.
1789 440 1881 495 Διὸ

1998 458 2087 512 [ue
2112 457 2237 498 cum
2256 444 2460 499 creatis
2481 445 2648 502 rebus
2674 458 2887 503 naturae
2915 448 3362 504 communionem
3396 450 3584 509 habet.

289 537 417 593 οὔτε
447 536 517 590 τὰ
542 536 817 607 κτίσματα
840 534 1000 605 ψιλῆς
1034 534 1329 607 ὀνομασίας
1378 536 1498 589 ἐστί
1546 534 1878 606 σημαντικά.

288 631 473 685 Μέσον
499 629 556 682 δὲ
577 628 879 698 ἀγεννήτου
1035 627 1255 681 κτιστοῦ
1283 628 1444 682 ἄλλου
1472 628 1734 698 ὀνόματος
1762 630 1884 681 ἑπι-

289 722 647 795 ζητουμένου,
672 723 810 794 ὅπερ
836 722 986 775 ἐστὶν
1016 721 1169 786 Υἱὸς,
1197 722 1294 775 καὶ
1324 722 1387 775 ού
1411 720 1649 785 κτιττὺς,
1682 720 1791 774 τίνι
1815 720 1882 775 ἂν

288 816 356 869 τὸ
380 813 656 885 ἐξαίρετον
681 813 972 868 ἀποδοτέον
993 830 1009 878 ;
1030 814 1142 866 Καὶ
1169 814 1219 866 εί
1249 814 1347 884 μὲν
1363 816 1478 876 τοῖς
1505 812 1884 882 κεκτισμὲνοις

288 903 354 956 τὸ
376 900 765 957 ὲπικοινωνοῦν
797 901 1001 973 δῶμεν,
1043 901 1401 973 ούδοποτὲρου
1434 900 1544 954 τῶν
1574 900 1884 972 λεγομένων

287 995 455 1067 ψιλῆς
477 994 773 1065 ὀνομασίας
801 992 1230 1064 ὀνομαζομένου,
1247 993 1323 1057 ὼς
1342 994 1437 1046 ἐπὶ
1464 992 1560 1048 τοῦ
1586 994 1882 1063 ἀγεννήτου

290 1087 393 1142 καί
419 1087 721 1152 κτίζοντος,
753 1087 849 1140 καὶ
898 1085 1137 1140 κτιστῶν
1180 1086 1508 1155 γεγονότων,
1559 1088 1638 1149 ὼς
1686 1085 1749 1138 ού
1793 1084 1886 1154 ψι-

291 1179 395 1251 λῆς
451 1178 813 1250 ἐνδεχομένης
862 1178 1165 1250 ὀνομασίας
1203 1196 1217 1209 ·
1267 1177 1443 1242 οὕτως
1499 1177 1594 1232 ἐπὶ
1634 1176 1727 1231 τοῦ
1762 1193 1886 1244 γεν-

290 1270 461 1343 νητοῦ
494 1271 590 1324 καὶ
624 1269 777 1336 Υἰοῦ,
818 1269 895 1342 μὴ
939 1270 1101 1341 ψιλῆς
1154 1269 1513 1342 ἐνδεχομένης
1565 1268 1883 1340 ὀνομασίας,

289 1363 357 1415 τὸ
386 1360 565 1433 μάτην
614 1359 1121 1432 συκοφαντούμενον
1169 1362 1435 1432 σύγχυσιν
1472 1359 1708 1432 δηλώσει
1736 1359 1887 1430 παρά

290 1452 373 1524 τῷ
417 1453 607 1524 Ἀετίῳ
631 1452 1103 1525 συλλογιζόμενον,
1137 1453 1227 1508 διά
1251 1454 1312 1508 τὸ
1338 1454 1414 1526 μὴ
1477 1452 1885 1519 συνεξισοῦσθαι

289 1545 375 1618 τῷ
406 1544 533 1601 Υίοῦ
564 1545 814 1617 ὀνόματι,
838 1544 940 1616 τῆς
966 1544 1193 1616 κτιστῆς
1216 1546 1274 1599 ὲν
1299 1544 1534 1618 ἀληθείᾳ
1558 1545 1770 1610 οὐσίας,
1794 1545 1886 1600 καί

290 1644 360 1697 οὐ
401 1641 565 1713 ψιλῆς
600 1641 919 1714 ὀνομασίας·
957 1641 1259 1713 ἐπειδήπερ
1286 1642 1349 1696 οὐ
1379 1640 1541 1713 ψιλὴν
1572 1641 1883 1713 ἐπιδέχεται

292 1736 393 1790 καὶ
430 1733 593 1798 αὐτὸς
618 1734 648 1786 ὀ
681 1732 808 1797 Υίὸς
835 1732 934 1804 τὴν
968 1732 1098 1803 περὶ
1132 1730 1263 1785 Υἱοῦ
1300 1731 1619 1803 ὀνομασίαν.
1645 1732 1760 1786 Οὐκ
1799 1731 1887 1786 ὅν-

1990 530 2174 598 Quare
2206 547 2386 603 neque
2418 544 2627 589 natura:
2677 536 2880 591 nudam
2921 538 3343 608 appellationem
3378 540 3589 613 signiti-

1989 628 2139 677 cant.
2198 619 2318 677 Jam
2378 638 2508 678 vero
2581 638 2704 678 cum
2765 625 2908 681 inter
2959 628 3259 698 ingenitum
3313 644 3380 685 ac
3428 646 3587 687 crea-

1991 722 2108 769 tum
2146 715 2388 770 medium
2425 715 2648 786 aliquod
2681 718 3007 773 vocabulum
3035 730 3336 790 quaeratur,
3370 721 3475 776 hoc
3501 731 3589 778 est

1990 804 2186 871 Filius,
2233 806 2567 877 minimeque
2603 814 2846 870 creatus,
2882 809 3101 864 cuinam
3144 812 3410 866 eximium
3452 813 3587 869 illud

1992 898 2340 970 potissimum
2374 898 2727 957 tribuendum
2756 901 2882 956 est?
2932 902 3012 958 Ac
3041 902 3089 957 si
3117 903 3339 972 quidem
3367 913 3588 961 creatu-

1990 991 2071 1047 ris
2116 1006 2411 1048 commune
2465 1006 2590 1046 cum
2639 991 2780 1047 Filio
2824 993 2960 1049 illud
3005 995 3387 1062 ascribamus,
3462 1010 3586 1051 cum

1991 1090 2247 1139 neutrum
2300 1083 2636 1138 vocabulum
2710 1085 2827 1141 sola
2900 1100 2965 1140 ac
3019 1087 3164 1141 nuda
3224 1088 3590 1157 appellatione

1991 1182 2249 1243 constet;
2295 1182 2352 1231 et
2383 1176 2851 1246 quemadmodum
2899 1177 3197 1249 ingenitus,
3254 1187 3311 1234 et
3345 1192 3585 1242 creator,

1991 1277 2039 1324 el
2074 1279 2343 1324 creatura:
2392 1285 2503 1325 non
2556 1286 2719 1326 voces
2768 1286 2932 1326 literae
2977 1280 3129 1335 sunt,
3164 1272 3240 1325 ita
3269 1272 3505 1342 genitus,
3533 1279 3590 1326 et

1991 1358 2164 1416 Filius
2193 1360 2399 1431 aliquid
2430 1370 2630 1431 praeter
2656 1377 2857 1418 nomen
2884 1363 3109 1428 habeat,
3146 1364 3409 1418 nimirum
3444 1363 3591 1435 quod

1991 1466 2090 1522 per
2105 1466 2376 1507 summam
2393 1452 2727 1506 calumniam
2744 1452 3129 1507 ratiocinando
3151 1454 3361 1525 colligit
3374 1454 3588 1524 Aetius,

1992 1542 2286 1598 miriﬁcam
2336 1542 2805 1613 perturbationem
2858 1550 2914 1600 et
2959 1544 3341 1602 confusionem
3389 1548 3589 1616 pariet,

1993 1620 2594 1704 quandoquidem'cum
2628 1634 2752 1690 Filii
2786 1635 3010 1696 nomine
3042 1646 3330 1704 creaturae,
3353 1654 3478 1709 quae
3502 1655 3593 1697 re-

1996 1741 2144 1795 vera,
2191 1742 2300 1782 non
2341 1728 2711 1799 appellatione
2751 1736 2913 1786 tenus
2950 1729 3217 1799 ejusmodi
3247 1746 3370 1787 esse
3397 1733 3593 1789 dicun-

290 1846 390 1892 τος
423 1828 481 1882 δὲ
501 1828 876 1899 ἀνυπάρκτου,
912 1824 1036 1879 οὔτε
1058 1824 1198 1879 κατὰ
1221 1822 1383 1896 ψιλὴν
1407 1823 1708 1895 ὀνομασίαν
1732 1823 1885 1892 λεγο-

1998 1823 2102 1882 tur,
2129 1817 2409 1887 aquuari
2436 1819 2664 1873 minime
2694 1826 2928 1889 possunt
2956 1837 2973 1886 ;
3009 1834 3133 1875 nam
3163 1829 3218 1876 et
3248 1820 3423 1879 Filius
3451 1825 3589 1894 ipse,

296 1919 465 1992 μένου
488 1917 584 1972 τοῦ
612 1916 743 1971 Υίοῦ
778 1916 1121 1989 μονογενοῦς,
1167 1916 1264 1969 καί
1290 1914 1386 1969 τοῦ
1423 1915 1580 1985 ἁγίου
1634 1915 1890 1988 Πνεύμα-

291 2029 410 2075 τος,
431 2013 501 2082 τῇ
522 2009 617 2064 τοῦ
639 2008 855 2081 Πατρὸς
883 2008 1151 2078 συνῆπται
1170 2005 1320 2077 δόξῃ,
1345 2005 1439 2059 καὶ
1465 2006 1527 2058 οὐ
1560 2004 1890 2076 συγκέχυται

291 2106 365 2174 τῇ
411 2102 520 2156 τῶν
566 2100 883 2172 κτισμάτων
924 2098 1211 2170 ὀνομασίᾳ.
1260 2095 1400 2150 Οὔτε
1447 2097 1560 2169 γὰρ
1600 2097 1890 2169 ὲπάρσεως

291 2193 471 2247 δεῖται
506 2195 539 2264 ή
590 2191 783 2263 θεότης
821 2190 898 2254 ὼς
934 2189 1011 2261 μὴ
1049 2185 1214 2252 οὖσα,
1249 2185 1375 2241 οὔτε
1409 2186 1577 2257 ὕψους
1612 2188 1762 2241 ἐστὶν
1803 2189 1890 2241 ὲν·

294 2283 551 2355 δεομένη,
576 2282 680 2338 κᾶν
709 2300 770 2337 τε
798 2282 950 2354 παρά
981 2297 1144 2335 τινων
1172 2278 1282 2332 τῶν
1305 2281 1364 2332 ὲν
1390 2277 1584 2350 ἀγνοίᾳ
1607 2277 1778 2332 ὄντων
1814 2277 1889 2349 μὴ

294 2376 507 2446 ὑψοίτο.
536 2374 663 2429 οὔτε
701 2374 791 2428 διὰ
814 2374 917 2444 τῆς
946 2390 1110 2427 τινων
1134 2371 1417 2443 προφορᾶς
1446 2371 1480 2439 ἡ
1513 2370 1766 2441 θεότητος
1794 2369 1888 2422 ού-

297 2466 394 2520 σία
418 2466 756 2519 συνίσταται.
790 2462 930 2517 Οὔτε
961 2462 1071 2533 γὰρ
1095 2461 1435 2532 καυχήσεται
1462 2462 1496 2531 ἡ
1530 2460 1640 2514 τῶν
1672 2458 1887 2534 ἀνθρώ-

295 2574 420 2611 πων
452 2556 485 2626 ἦ
518 2555 691 2610 ἄλλων
734 2556 1010 2626 προφορὰ,
1045 2553 1122 2616 ὼς
1162 2550 1282 2621 Θεῷ
1315 2550 1486 2603 ὲνδεεῖ
1529 2548 1687 2617 δόξαν
1728 2567 1891 2622 περι-

294 2648 631 2718 ποιουμένη,
695 2647 729 2718 ἢ
788 2644 1210 2709 καλλωπίζουσα
1254 2643 1389 2698 Θεὸν
1440 2643 1883 2713 παντοκράτορα,

294 2740 435 2793 Θεὸν
472 2738 868 2811 προσκυνητὸν,
916 2737 1052 2790 Θεὸν
1097 2736 1387 2789 ἐπίσταται
1427 2736 1468 2803 ¹,
1506 2736 1601 2789 καὶ
1641 2734 1888 2805 κτίστην,

294 2832 397 2885 καὶ
425 2830 756 2902 δημιουργὸν
780 2830 932 2884 ἴδιον.
958 2828 1097 2883 Οὔτε
1129 2826 1238 2899 γὰρ
1280 2827 1481 2899 ἑαυτὴν
1534 2824 1889 2898 ὐπερένδοξον

296 2924 538 2994 ἡγεῖται,
559 2922 654 2975 καὶ
678 2922 1024 2993 κοσμήτριαν
1054 2918 1151 2974 τοῦ
1183 2918 1313 2972 ἰδίου
1338 2919 1508 2989 αὐτῆς
1531 2917 1890 2990 δημιουργοῦ·

297 3016 426 3068 ἐπεὶ
454 3014 520 3068 ἂν
552 3013 749 3085 ἑαυτὴν
771 3013 1154 3086 προσκυνητὴν
1181 3013 1466 3084 ἡγήσαιτο,
1498 3010 1558 3063 οὐ
1594 3009 1700 3082 μὴν
1727 3027 1895 3081 προσ-

295 3106 542 3162 κυνοῦσα
565 3108 658 3161 τὸν
708 3105 1204 3179 προσκυνούμενον.
1238 3106 1350 3157 Καὶ
1379 3104 1558 3175 μάτην
1588 3102 1731 3157 κατά
1760 3103 1892 3158 πάν-

297 3214 411 3251 των
442 3197 599 3266 λόγον
627 3200 769 3250 κινεῖ
791 3199 820 3251 ό
851 3196 942 3260 σὸς
979 3195 1161 3264 λόγος,
1199 3194 1394 3249 Ἀἐτιε.

1992 1923 2118 1963 cum
2152 1907 2326 1966 Filius
2351 1909 2576 1974 dicitur,
2609 1925 2721 1965 non
2746 1926 2955 1966 meram
2987 1911 3064 1976 id,
3095 1927 3159 1967 ac
3189 1914 3364 1969 solam
3396 1917 3589 1986 appel-

1991 1999 2252 2056 lationem
2288 2016 2399 2072 prae
2430 2017 2491 2058 se
2522 2001 2666 2058 ferre
2689 2002 2996 2072 putandum
3028 2012 3134 2060 est.
3164 2003 3437 2071 Quocirca
3466 2022 3590 2063 cum

1990 2090 2190 2147 unicus
2243 2091 2340 2148 Dei
2387 2092 2581 2160 Filius,
2630 2102 2691 2150 ut
2736 2104 2790 2151 et
2841 2094 3081 2165 Spiritus
3125 2106 3377 2160 sanctus.
3412 2114 3591 2172 neque

1990 2200 2184 2256 reapse
2216 2201 2326 2241 non
2355 2187 2611 2252 exsiStat,
2646 2202 2824 2259 neque
2855 2186 3003 2242 nuda
3032 2188 3395 2259 appellatione
3424 2190 3579 2247 dica-

1991 2284 2105 2341 tur,
2141 2291 2267 2331 cunt
2297 2277 2478 2334 Patris
2519 2280 2691 2349 gloria
2735 2279 3070 2347 conjunctus
3119 2288 3224 2345 est,
3262 2296 3438 2352 neque
3463 2298 3590 2338 cum

1992 2378 2305 2423 creatarum
2339 2383 2523 2424 rerum
2560 2372 2929 2442 appellatione
2960 2373 3245 2430 confusus.
3284 2372 3421 2427 Nam
3453 2373 3593 2429 divi-

1991 2457 2140 2513 nitas
2172 2474 2351 2529 neqne
2380 2459 2563 2515 efferri
2592 2476 2715 2517 sese
2742 2464 3002 2533 postulat,
3034 2464 3196 2535 quasi
3230 2479 3341 2519 non
3366 2463 3461 2527 sit,
3493 2480 3591 2519 ne-

1993 2566 2100 2621 que
2130 2551 2520 2607 sublimitatem
2561 2554 2814 2625 requirit,
2850 2555 2977 2611 licet
3009 2556 3078 2611 ab
3110 2556 3319 2627 ignaris
3352 2556 3585 2626 quibus-

1993 2640 2117 2695 dam
2143 2643 2494 2713 prazdicando
2520 2659 2631 2699 non
2665 2646 2982 2710 attollatur;
3014 2661 3191 2715 neque
3217 2646 3382 2700 ullius
3411 2646 3590 2699 homia

1993 2733 2083 2788 nis
2137 2734 2584 2804 pronuntiatione
2631 2735 2937 2793 divinitatis
2991 2737 3299 2793 substantia
3344 2746 3582 2793 constat.

1993 2823 2115 2879 Non
2150 2825 2300 2879 enim
2340 2826 2622 2882 hominum
2663 2838 3057 2884 caeterorumt’e
3105 2828 3337 2899 prolatio
3363 2828 3589 2897 gloriari

1993 2918 2193 2987 poterit
2228 2915 2339 2973 Deo
2390 2934 2472 2984 se,
2521 2919 2668 2975 velut
2711 2920 2999 2991 indigenti,
3049 2921 3274 2992 gloriam
3316 2918 3595 2988 decusque

1998 3009 2282 3068 tribuisse.
2317 3017 2412 3065 aut
2444 3011 2621 3067 eidem
2657 3015 3041 3084 omnipotenti,
3071 3012 3460 3083 adorandoque
3488 3010 3596 3065 Deo

2000 3112 2309 3158 ornamenti
2350 3103 2555 3174 aliquid
2592 3106 2879 3161 attulisse:
2943 3120 3105 3176 quem
3146 3104 3366 3175 quidem
3398 3104 3594 3170 Deum,

1923 3186 1969 3245 C
2001 3201 2057 3249 et
2106 3204 2405 3250 creatorem
2453 3188 2908 3267 conditoremque
2957 3211 3115 3251 suum
3152 3194 3420 3266 agnoscit.
3474 3193 3596 3249 Non

296 3293 469 3360 enim,
503 3293 721 3363 opinor,
745 3299 857 3347 tam
896 3291 1171 3361 exquisito
1203 3305 1261 3346 se
1292 3288 1585 3361 splendore
1609 3287 1891 3358 praeditam
1932 3289 2233 3353 existimat,
2272 3298 2330 3343 ut
2353 3290 2517 3344 etiam
2575 3292 2916 3345 conditorem
2970 3306 3129 3345 suum
3173 3304 3440 3343 exornare
3471 3302 3599 3357 pos-

298 3386 391 3441 sit.
444 3386 660 3457 Alioqui
696 3386 1045 3456 semetipsam
1079 3383 1413 3438 adorandam
1456 3396 1580 3437 esse
1611 3380 1881 3447 crederet,
1924 3398 2033 3437 non
2083 3398 2230 3451 eum,
2298 3400 2460 3455 quem
2531 3384 2739 3454 adorat,
2776 3398 3150 3445 veneraretur.
3184 3389 3364 3457 Quare
3394 3390 3598 3445 frustra

299 3479 567 3537 adversus
598 3495 789 3535 omnes
815 3487 933 3543 tua,
965 3493 998 3533 ο
1030 3479 1172 3542 Acti,
1206 3475 1489 3533 contendit
1517 3476 1715 3531 oratio.

669 3588 1071 3644 ΚΕΦΑΛΑΙΟΝ
1100 3588 1359 3641 ΑΕΤΙΟΥ
1393 3587 1523 3642 KZ'.

375 3683 439 3737 Εἰ
482 3682 649 3737 παντὶ
678 3680 922 3752 γεννητῷ
950 3680 1103 3733 αἰτία
1139 3678 1607 3751 συγκεκλήρωται,
1653 3678 1895 3743 ἀναίτιος

298 3775 363 3830 δὲ
394 3775 430 3847 ὴ
460 3773 758 3846 ἀγέννητος
772 3773 956 3843 φύσις·
975 3774 1077 3827 οὐκ
1103 3772 1286 3826 αἰτίαν
1307 3771 1457 3843 δηλοῖ
1477 3772 1536 3826 τὸ
1563 3772 1883 3843 ἀγέννητον,

299 3866 444 3924 ἀλλά
469 3866 770 3922 ὑπόστασιν
809 3866 1088 3937 σημαίνει.

865 4063 1200 4132 Ἀνατροπὴ
1238 4065 1366 4119 KZ'.

378 4159 490 4212 Καὶ
524 4157 689 4211 παντί
722 4156 969 4229 γεννητῷ
995 4154 1145 4209 αἰτία
1175 4153 1647 4225 συγκεκλήρωται,
1671 4152 1766 4207 καί
1795 4153 1894 4225 οὐχ

300 4249 679 4321 ὁμολογοῦμεν
703 4248 886 4315 τοῦτο,
917 4248 994 4312 ὡς
1024 4246 1131 4303 ἀπὸ
1155 4246 1250 4299 σοῦ
1282 4244 1684 4317 μεμαθηκότες.
1746 4246 1894 4316 Προο

302 4342 413 4414 ορᾷ
435 4343 545 4413 γὰρ
574 4342 607 4411 ἠ
641 4340 827 4405 πίστις
857 4339 957 4411 τῆς
983 4338 1240 4410 ἀληθείας
1265 4337 1445 4400 τοῦτο,
1480 4339 1574 4392 καί
1597 4338 1896 4409 προομολο-

301 4435 417 4503 γεί,
457 4438 553 4487 καὶ
581 4432 848 4499 διδάσκει,
879 4431 961 4485 ὅτι
1005 4429 1136 4494 Θεός
1179 4430 1329 4483 ἐστιν
1365 4431 1394 4482 ό
1433 4429 1673 4493 ἀναίτιος
1714 4431 1897 4501 πάσης

303 4522 508 4588 αἰτίας,
525 4524 621 4577 καί
642 4523 871 4594 ἀμιγὴς,
890 4521 984 4575 καὶ
1010 4518 1377 4582 ἀνυπεύθυνος
1404 4520 1587 4591 πάσης
1628 4520 1896 4591 ἰσότητος.

304 4617 408 4671 Διὰ
425 4615 587 4670 τοῦτο
605 4613 715 4687 γὰρ
739 4608 1017 4668 καὶκαύτοὶ
1040 4614 1100 4666 οὐ
1130 4610 1542 4683 προσκυνοῦμεν
1565 4613 1673 4665 πᾶν
1690 4611 1753 4664 τὸ
1776 4612 1904 4666 ὑπο-

307 4706 546 4777 ϐεϐηκὺς
561 4706 661 4778 τὴν
680 4704 847 4761 αὑτοῦ
871 4704 966 4759 τοῦ
995 4703 1130 4758 Θεοῦ
1154 4703 1365 4768 οὐσίαν,
1385 4702 1474 4758 διὰ
1504 4703 1567 4757 τὸ
1600 4703 1744 4776 μόνῳ
1774 4704 1902 4777 πρέ-

309 4816 435 4853 πειν
450 4796 528 4870 τῷ
560 4796 916 4867 ἀνυπευθύνῳ
934 4796 994 4851 τὸ
1016 4796 1182 4859 σέϐας
1208 4796 1415 4865 νέμειν,
1443 4794 1620 4868 Πατρί
1647 4795 1725 4866 τῷ
1747 4796 1902 4864 ἀγεν-

300 4892 479 4963 νήτῳ,
494 4887 708 4961 καὶΥἰῷ
725 4888 804 4961 τῷ
822 4886 881 4954 ἐξ
903 4886 1090 4953 αὐτοῦ,
1111 4887 1205 4941 καί¹
1221 4886 1364 4958 ἁγίῳ
1387 4885 1779 4958 Πνεύματι,τῷ
1801 4886 1898 4941 ἀπ’

316 4981 477 5035 αύτοῦ
511 4982 607 5036 καὶ
635 4980 726 5034 διὰ
756 4979 851 5034 τοῦ
893 4978 1255 5048 Μονογενοῦς.
1311 4977 1530 5049 Ἐπειδὴ
1567 4978 1719 5031 οὐδὲν
1753 4980 1809 5031 ὲν
1830 4980 1898 5050 τῇ

315 5071 504 5142 Τριάδι
524 5072 762 5135 κτιστὸν,
776 5070 870 5123 καί
897 5069 1001 5123 ὑπὸ
1021 5070 1202 5122 αἰτίαν
1219 5069 1493 5139 ἐμπίπτον
1514 5068 1680 5121 ἐστίν.
1696 5069 1771 5120 Οὐ
1792 5068 1900 5141 γὰρ

297 5167 362 5229 ἐξ
395 5165 497 5216 οὐκ
531 5164 700 5217 ὄντων
728 5162 781 5215 τί
818 5164 966 5215 ἐστιν
1010 5162 1066 5214 ὲν
1101 5162 1167 5232 τῇ
1197 5158 1411 5233 Τριάδι,
1443 5157 1518 5223 ὡς
1543 5158 1639 5212 καί
1661 5158 1729 5213 τά
1763 5158 1898 5212 ἄλλα

297 5248 375 5302 τὰ
405 5256 510 5309 ὑπὸ
535 5255 715 5311 αἰτίαν
751 5253 1101 5319 πεπτωκότα,
1139 5252 1237 5307 καί
1266 5252 1447 5306 αἰτίαν
1477 5249 1894 5323 κεκληρωμὲνα.

308 5346 405 5401 Διὸ
433 5346 651 5403 ἀναιτία
678 5341 815 5400 οὖσα
842 5345 943 5418 τῆς
972 5343 1232 5417 τοιαύτης
1272 5343 1453 5407 αἰτίας
1480 5344 1515 5415 ἡ
1554 5342 1747 5415 Τριάς,
1799 5344 1897 5414 μό⁴

300 5459 411 5512 νην
437 5442 637 5515 ἑαυτὴν
667 5438 926 5504 ἀπλανῶς
969 5435 1176 5504 ἐδίδαξε
1221 5436 1677 5510 προσκυνεῖσθαι·
1707 5435 1895 5505 ἐπειδὴ

316 5535 453 5607 μόνη
496 5533 640 5605 αὕτη
681 5532 923 5596 ἀναίτιός
964 5533 1115 5585 ι-’ἱστι⁸
1163 5529 1233 5584 τὰ
1268 5529 1325 5583 δὲ
1364 5529 1543 5584 πάντα
1582 5528 1687 5583 ὑπὸ
1717 5528 1896 5583 αἰτίαν

312 5625 723 5699 περιπέπτωκε.
763 5626 807 5679 Τ
810 5625 845 5679 ά
877 5622 976 5697 μὲν
1003 5623 1110 5695 γάρ
1136 5623 1252 5676 ἐστι
1286 5621 1550 5692 γεγονότα
1587 5620 1683 5677 καί
1712 5637 1896 5675 κεκτι-

392 5785 410 5816 ¹
441 5781 503 5838 F.
529 5784 851 5855 ἐπιστάτην.

2363 3584 2531 3658 974
2557 3583 2741 3639 ᾹΕΤΙΙ
2765 3582 2997 3643 ΟᾹΡΗΤ
3022 3587 3236 3644 XXVII.

2076 3670 2131 3726 Si
2169 3688 2295 3728 cum
2334 3690 2401 3731 eo
2431 3675 2579 3730 omni
2625 3678 2771 3748 quod
2804 3680 3048 3749 genitum
3086 3692 3188 3746 est,
3223 3680 3499 3750 implicata
3529 3700 3597 3743 ex

1997 3762 2289 3832 conjuncta
2313 3778 2493 3820 causae
2511 3766 2663 3820 notio
2685 3774 2786 3832 est,
2813 3768 3053 3839 ingenita
3075 3786 3201 3824 vero
3222 3779 3416 3825 natura
3429 3788 3597 3829 causa

1999 3859 2169 3917 caret,
2186 3870 2307 3909 cum
2333 3854 2637 3927 ingenitum
2661 3857 2922 3925 dicimus,
2944 3876 3053 3915 non
3081 3876 3305 3917 causam
3334 3864 3595 3935 aliquam,

2001 3946 2096 4000 sed
2128 3947 2490 4004 substantiam
2519 3951 2897 4020 exprimimus.

2498 4058 2809 4130 Canfutatio
2836 4061 3091 4120 XXVII.

2072 4150 2228 4218 Quod
2275 4168 2401 4209 cum
2445 4158 2595 4210 omni
2642 4157 2827 4227 genito
2874 4157 3214 4228 implicatam
3248 4173 3375 4215 esse
3414 4176 3598 4219 causa

1987 4245 2280 4319 notionem
2322 4248 2550 4312 asscris,
2586 4249 2935 4304 verissimum
2964 4250 3184 4320 quidem
3213 4261 3318 4317 est,
3355 4252 3449 4308 sed
3485 4270 3595 4310 non

1999 4334 2166 4402 istud,
2227 4340 2384 4407 quasi
2444 4354 2475 4395 a
2528 4348 2581 4395 te
2634 4340 3013 4408 didicerimus,
3062 4343 3405 4413 proﬁtemur.
3481 4344 3598 4402 Hoc

2001 4428 2148 4482 enim
2196 4445 2323 4484 vera
2380 4432 2496 4501 ipsa
2546 4432 2680 4487 lides
2724 4430 3049 4501 jamdudum
3105 4444 3496 4505 praesenserat,
3543 4448 3596 4493 et

2006 4517 2253 4588 professa
2313 4518 2524 4587 fuerat,
2593 4538 2659 4578 ac
2705 4522 2968 4579 docuerat
3017 4521 3187 4580 Deum
3240 4540 3420 4581 causa:
3471 4542 3597 4583 esse

2004 4610 2183 4664 omnis
2207 4621 2505 4678 expertem,
2538 4627 2638 4666 nec
2672 4611 2781 4666 ulla
2820 4629 2877 4667 re
2909 4614 3251 4682 permistum,
3282 4630 3383 4671 nec
3412 4615 3480 4671 ad
3512 4618 3597 4673 ul-

2002 4701 2111 4757 lius
2141 4700 2218 4757 rei
2251 4702 2621 4772 tequalitatem
2653 4720 2816 4777 posse
2844 4703 3078 4761 demitti.
3133 4704 3270 4761 Nam
3305 4716 3597 4778 propterea

2003 4794 2139 4848 nihil
2161 4795 2502 4851 adorandum
2535 4806 2813 4867 putamus,
2841 4798 2987 4869 quod
3022 4800 3210 4855 divina
3243 4802 3365 4869 ipsa
3396 4812 3596 4859 natura

2001 4884 2075 4942 sit
2103 4885 2370 4943 inferius:
2404 4890 2610 4960 quippe
2633 4904 2757 4945 cum
2788 4891 2837 4946 ei
2866 4891 2991 4958 soli,
3017 4891 3112 4962 qui
3138 4893 3271 4948 nulli
3305 4894 3596 4964 subjectus

1999 4986 2106 5044 est,
2141 4978 2213 5034 sit
2244 4979 2333 5034 ille
2363 4981 2546 5035 cultus
2576 4980 2939 5046 adhibendus,
2969 4981 3122 5036 Patri
3155 4984 3413 5040 videlicet
3444 4988 3597 5060 in‘geo

2004 5071 2141 5138 aito,
2177 5078 2231 5125 et
2260 5069 2422 5137 Filio,
2465 5074 2556 5143 qui
2597 5073 2667 5127 ab
2714 5074 2834 5143 ipso
2863 5075 3079 5145 genitus
3118 5084 3227 5143 est,
3273 5087 3329 5133 et
3365 5076 3593 5149 Spiritui

2003 5170 2216 5228 sancw,
2264 5166 2356 5235 qui
2403 5165 2473 5219 ab
2520 5165 2713 5220 eodem
2757 5181 2853 5235 per
2898 5164 3249 5238 Uuigenitum
3292 5173 3595 5241 productus

2001 5262 2107 5309 est.
2133 5255 2585 5327 Quandoquidem
2612 5259 2748 5313 nihil
2777 5260 2832 5313 in
2860 5257 3131 5318 Trinitate
3160 5274 3431 5330 creatum,
3457 5265 3592 5320 nihil

2000 5360 2179 5401 causae
2210 5346 2304 5400 ulli
2334 5356 2419 5404 est
2465 5349 2800 5419 obnoxium;
2846 5367 2957 5407 non
2986 5354 3380 5424 enim'aliquid
3412 5355 3468 5409 in
3500 5356 3591 5410 illa

2000 5447 2082 5501 est
2114 5453 2145 5493 e
2176 5439 2351 5494 nihilo
2386 5441 2739 5509 productum,"
2767 5446 2919 5501 velut
2963 5455 3179 5509 caetera,
3220 5462 3340 5516 quae
3367 5461 3590 5504 causam

2002 5530 2241 5601 aliquam
2278 5534 2491 5602 sortita,
2526 5550 2817 5608 causaeque
2849 5539 3095 5609 subjecta
3128 5548 3275 5593 sunt.
3319 5541 3589 5605 Quocirca

2001 5636 2127 5678 cum
2161 5623 2434 5693 ejusmodi
2468 5642 2693 5686 causam
2726 5630 2934 5686 nullam
2971 5629 3211 5685 Trinitas
3246 5630 3462 5700 habeat,
3499 5647 3588 5687 se-
