3964 6410
464 315 565 374 6H

1817 315 1876 374 S.
1920 314 2259 373 EPIPHANII
3602 319 3687 377 θη

465 436 753 506 metipsam
784 435 956 492 solam
981 436 1099 492 sine
1124 437 1236 493 ullo
1261 454 1453 497 errore
1475 439 1813 499 adorandam
1838 440 2047 505 docuit,

2157 440 2352 511 σμένα,
2390 438 2581 511 Πατὴρ
2607 438 2664 493 δὲ
2702 439 2961 505 ἄκτιστος
2985 481 2999 506 ,
3034 437 3168 499 ru»
3192 438 3329 511 ἔχων
3356 438 3416 505 ἐξ
3451 440 3595 495 αὑτοῦ
3617 460 3691 511 γε.

464 528 724 599 quoniam
755 528 872 584 sola
901 542 1087 584 causae
1113 531 1295 588 omnis
1322 540 1408 588 est
1432 548 1654 605 expers,
1686 534 1895 604 reliqua
1924 548 2053 589 vero

465 621 652 678 omnia
674 635 704 675 a
723 629 872 677 certa
892 637 1062 679 causa
1094 623 1556 694 proﬁciscuntur;
1590 627 1704 682 haec
1730 626 1875 681 enim
1906 624 2053 680 facta

464 722 859 786 procreataque
893 726 1043 781 sunt,
1078 715 1240 773 Pater
1276 719 1573 785 incrcatus,
1611 718 1807 775 Filium
1843 717 2053 773 habens

465 821 498 862 a
525 822 587 863 se
613 808 877 878 genitum,
918 823 1029 863 non
1063 818 1331 876 creatum,
1361 817 1417 866 et
1443 820 1692 866 sanetum
1723 810 1988 882 Spiritum
2022 825 2052 864 a

466 914 527 955 se
556 900 966 970 procedentem,
992 916 1102 955 non
1126 900 1353 956 factum.
1393 902 1527 968 Qua:
1548 918 1671 957 cum
1698 903 1772 956 ita
1805 916 1928 957 sese
1956 902 2055 956 ha-

464 990 652 1055 beant,
675 1006 852 1062 neque
879 991 1095 1047 aﬂ‘ectio
1120 993 1230 1047 uila
1261 993 1315 1047 in
1346 993 1685 1049 adorandum
1718 991 1940 1056 Filium,
1969 993 2053 1048 vel

452 1070 739 1153 'Spiritum
774 1091 1028 1139 sanctum
1064 1084 1334 1141 redundet
1363 1099 1395 1139 a
1428 1101 1618 1153 causa,
1657 1086 1871 1141 etiamsi
1904 1086 2056 1157 geni-

465 1179 642 1229 torem
681 1171 857 1230 Filius
901 1174 1098 1231 habeat
1131 1174 1372 1242 Patrem,
1402 1192 1582 1249 neque
1611 1186 1811 1233 creatae
1844 1186 2056 1233 caetera:

464 1282 556 1323 res
595 1266 902 1325 electionis
931 1276 1185 1339 expertes
1220 1277 1369 1337 sunt,
1414 1287 1538 1341 qua:
1581 1287 1648 1327 ex
1678 1286 1860 1328 causae
1888 1271 2054 1327 sorti-

462 1359 615 1416 tione
632 1360 831 1426 oritur,
849 1375 973 1416 cum
996 1362 1109 1417 sint
1129 1377 1159 1416 a
1182 1360 1364 1427 Patre,
1383 1362 1522 1419 Filio
1553 1372 1608 1418 et
1630 1362 1834 1434 Spiritu
1862 1370 2055 1418 saneto

464 1458 783 1519 procreatae.
829 1449 902 1505 At
924 1450 1251 1521 Unigenitus
1284 1452 1506 1508 nihilex
1538 1452 1852 1509 istiusmodi
1873 1466 2055 1507 causa

464 1542 823 1598 attributione
848 1543 1077 1613 patitur,
1110 1559 1289 1615 neque
1315 1544 1557 1617 Spiritus
1583 1553 1831 1609 sanctus,
1862 1559 2056 1616 quem—

460 1632 759 1688 admodum
789 1649 970 1705 neque
996 1634 1159 1691 Pater
1186 1637 1341 1707 ipse;
1376 1645 1668 1708 propterea
1703 1634 1852 1706 quod
1882 1634 2054 1690 Filius

458 1724 643 1794 genita
679 1724 899 1781 soboles
938 1732 1045 1792 est,
1078 1740 1186 1779 non
1222 1732 1496 1780 creatura.
1531 1723 1714 1790 Quare
1750 1721 1955 1776 nullam
1986 1736 2052 1775 ex

2154 530 2508 602 γεννημένον,
2555 531 2672 585 ἀλλ’
2708 532 2769 586 οὐ
2810 530 3051 596 κτιστὸν,
3096 532 3190 586 καὶ
3229 531 3383 600 ἀγιον
3419 531 3621 603 Πνεῦμα
3646 535 3693 601 ἐξ

2155 620 2323 678 αὑτοῦ
2378 621 2815 694 ἐκπορευόμενον
2839 661 2855 685 ,
2904 624 3002 677 καὶ⁹
3058 622 3121 675 οὐ
3182 622 3692 694 δεδημιουργημένον.

2154 713 2375 767 Τούτων
2418 713 2478 769 δὲ
2521 712 2699 778 οὕτως
2740 714 2999 785 ἑχόντων,
3035 714 3162 769 οὔτε
3191 715 3361 780 πάθος
3392 715 3697 787 κεκλήρωται

2155 807 2330 861 αίτίου
2361 808 2391 860 ὀ
2414 807 2901 880 προσκυνούμενος
2926 808 3078 874 Υἱὸς,
3108 808 3285 862 καὶτὸ
3310 809 3459 877 ἅγιον
3486 808 3696 879 Πνεῦμα,

2155 899 2259 955 κᾶν
2293 900 2515 970 Πατέρα
2544 900 2656 972 ἔχοι
2690 901 2786 955 τὸν
2810 901 3134 973 γεννήτορα,
3165 901 3290 955 οὔτε
3318 901 3389 955 τά
3424 900 3576 954 λοιπά
3605 903 3698 953 κτί-

2156 1010 2339 1065 σματα
2364 992 2492 1047 ἄνευ
2519 994 2727 1058 πάθους
2757 995 2842 1065 εἴη
2882 993 3214 1067 κληρώσεως
3238 994 3390 1048 αῑτία
3408 995 3452 1059 ⁴,
3482 993 3581 1047 ἀπὺ
3604 993 3696 1047 [Ias

2153 1087 2302 1159 τρὸς,
2352 1086 2446 1140 καὶ
2486 1086 2650 1151 Υίοῦ,
2704 1087 2799 1140 καὶ
2835 1087 2993 1154 ἀγίου
3034 1086 3348 1157 Πνεύματος
3385 1085 3695 1155 κεκτισμένα.

2156 1177 2351 1246 Σαφῶς
2387 1176 2444 1229 δὲ
2478 1177 2606 1232 ἄνευ
2636 1175 2841 1241 πάθους
2877 1177 2963 1248 εἴη
2995 1179 3025 1231 ὁ
3057 1176 3368 1249 Μονογενῂς
3408 1174 3699 1247 κληρώσεως

2154 1268 2355 1334 αἰτίας,
2381 1268 2476 1323 καὶ
2502 1268 2565 1321 τὸ
2594 1269 2748 1336 ἀγιον
2775 1268 2942 1322 αὐτοῦ
2966 1268 3212 1341 Πνεῦμα,
3240 1268 3318 1332 ὡς
3347 1269 3441 1322 καὶ
3462 1269 3490 1320 ὁ
3518 1266 3698 1337 Πατὴρ,

2154 1360 2237 1415 ὅτι
2264 1359 2391 1423 mg
2412 1360 2531 1417 ἐστι
2554 1360 2827 1431 γέννημα.
2853 1360 2947 1413 καὶ
2971 1360 3034 1413 οὐ
3074 1360 3302 1429 κτίσμα.
3348 1358 3455 1414 Καὶ
3486 1356 3579 1411 οὐκ
3613 1357 3702 1411 ἀπὸ

2153 1451 2249 1505 τοῦ
2305 1452 2664 1523 γεγεννῆσθαι
2718 1453 2868 1507 αἰτία
2918 1454 2939 1484 ¹
2978 1452 3187 1516 πάθους
3244 1450 3640 1523 κληρωθήσεται
3678 1451 3701 1501 ὁ

2157 1544 2286 1608 Υἱός
2305 1560 2318 1579 ο
2345 1545 2471 1598 οὐδὲ
2501 1543 2564 1598 τδ
2584 1544 2833 1615 Πνεῦμα,
2876 1543 3065 1617 ἐπειδὴ
3094 1546 3159 1603 ὲκ
3188 1543 3407 1614 Πατρὸς
3440 1540 3703 1612 ἐκπορεύε-

2153 1655 2268 1702 ται,
2314 1636 2438 1691 οὕτε
2482 1637 2594 1708 γὰρ
2627 1638 2657 1695 ὁ
2703 1636 2918 1709 Πατὴρ,
2962 1635 3152 1708 ιπειδὴ
3194 1636 3475 1706 ἐγέννησε,
3527 1633 3613 1686 καὶ
3657 1632 3703 1697 ἐξ

2156 1729 2351 1785 ἑαυτοῦ
2380 1730 2641 1802 ἐξήγαγε,
2666 1729 2740 1784 τὰ
2778 1730 2825 1784 δ’
2847 1730 2983 1784 ἄλλα
3019 1729 3160 1801 μετά
3186 1727 3315 1786 Υἰὺν
3361 1727 3456 1781 καὶ
3510 1723 3703 1793 Πνεῦμα

456 1830 526 1872 eo
581 1817 728 1886 quod
786 1819 1007 1888 genitus
1056 1827 1163 1884 est,
1214 1818 1562 1873 affectionem
1594 1830 1778 1871 causa:
1824 1814 2051 1871 sortitur

2156 1823 2389 1888 ἔκτισεν,
2415 1822 2522 1875 ὑπὸ
2552 1821 2723 1886 πάθος
2747 1822 2929 1885 αἰτίας
2953 1821 3293 1892 εὑρίσκεται,
3330 1817 3505 1875 καίτοι
3532 1832 3591 1883 γε
3616 1814 3704 1869 τῶν

460 1902 673 1973 Filius;
723 1923 825 1963 nec
867 1907 1105 1980 Spiritus
1150 1918 1397 1976 sanctus,
1435 1925 1561 1965 cum
1602 1924 1634 1964 a
1662 1907 1825 1964 Patre
1858 1923 2050 1979 proce—

458 1996 574 2054 dat.
605 1999 817 2056 Etenim
845 2000 1008 2057 Pater
1038 2017 1104 2058 ex
1137 2018 1224 2070 eo,
1248 2002 1398 2074 quod
1426 2002 1637 2073 genuit,
1679 2008 1774 2056 aut
1801 2000 1988 2055 emisit
2018 2016 2049 2055 e

456 2105 523 2147 se
552 2091 693 2161 ipso,
728 2103 924 2148 cetera
965 2109 1095 2149 vero
1128 2102 1251 2165 post
1275 2092 1474 2148 Filium
1515 2108 1580 2149 ac
1619 2092 1885 2163 Spiritum
1920 2107 2049 2147 san-

2155 1911 2331 1967 ἄλλων
2355 1912 2573 1965 πάντων
2600 1914 2658 1965 ἐν
2679 1911 2759 1982 τῷ
2786 1908 2991 1976 κτίζειν
3026 1910 3060 1982 ἢ
3086 1910 3288 1981 γεννᾷν
3323 1907 3485 1963 πάθει
3520 1921 3703 1975 συνεχο-

2157 2002 2355 2072 μένων.
2387 2001 2652 2065 Ἀναίτιος
2688 1999 2821 2068 γοῦν
2852 2001 2881 2052 ὁ
2918 1998 3132 2069 Πατὴρ,
3190 1998 3288 2050 καὶ
3315 1999 3347 2051 ὁ
3377 1995 3524 2058 Υἱὸς,
3554 1988 3707 2047 καὶτὸ

2158 2090 2315 2161 ἅγιον
2364 2091 2626 2162 Πνεῦμασ
2666 2090 2816 2144 αἰτία
2848 2090 2906 2143 δέ
2941 2091 3091 2143 ἐστιν
3129 2091 3162 2162 ὴ
3204 2088 3379 2158 Τριὰς
3415 2087 3520 2145 τῶν
3559 2082 3707 2138 ἀπάν-

459 2192 606 2239 ctum
639 2186 865 2253 creavit,
906 2186 1180 2242 ali‘ectioni
1226 2187 1325 2241 illi
1355 2181 1546 2243 causai
1575 2186 1861 2256 subjectus
1883 2184 2049 2255 975

2157 2201 2286 2247 των,
2334 2184 2721 2253 συγκτίζουσα,
2765 2185 2862 2239 καὶ
2905 2184 3436 2255 συνδημιουργοῦσα,
3473 2180 3622 2253 μηδὲν
3654 2180 3702 2233 ἐν

454 2280 565 2338 est,
615 2290 927 2348 quanquam
963 2278 1070 2332 alia
1099 2277 1285 2332 omnia
1316 2278 1371 2333 in
1398 2277 1641 2333 creando
1672 2275 2051 2349 generandove

2156 2276 2296 2347 αὐτῇ
2319 2276 2536 2331 κτιστὸν
2557 2276 2592 2348 ἢ
2625 2277 2990 2349 δεδημιουργη
2999 2276 3157 2348 μένον
3179 2275 3543 2345 γινώσκουσα.

459 2372 740 2442 patiantur
770 2370 997 2444 aliquid.
1032 2370 1378 2443 Quapropter
1410 2370 1591 2437 Pater,
1623 2368 1794 2425 Filius
1828 2378 1884 2424 et
1931 2366 2172 2439 Spiritus
2203 2376 2431 2426 sanctus
2458 2384 2685 2425 causam
2744 2369 2947 2423 habent
3004 2368 3237 2422 nullam.
3304 2365 3555 2422 Omnium
3604 2374 3709 2417 vero

460 2477 626 2519 causa
654 2464 876 2535 estipsa
901 2462 1165 2531 Trinitas,
1186 2482 1309 2538 qua:
1331 2466 1517 2522 omnia
1544 2465 1654 2522 ista
1680 2462 1845 2522 simul
1874 2471 2046 2532 creat,
2090 2478 2155 2520 ac
2183 2465 2431 2533 molitur,
2465 2465 2713 2537 nihilque
2763 2464 2822 2520 in
2878 2479 3002 2522 sese
3062 2470 3315 2519 creatum
3384 2470 3479 2515 aut
3510 2458 3710 2514 fabrica-

458 2564 577 2611 tum
604 2556 880 2627 agnoscit.

886 2670 1073 2726 ΔΕΤΙΙ
1101 2669 1334 2729 CAPUT
1365 2670 1610 2728 XXVIII.

2521 2663 2776 2719 ΑΕΤΙΟΥ
2813 2663 3210 2717 ΚΕΦΑΛΔΙΟΝ
3246 2664 3384 2719 KH’.

532 2760 595 2817 Si
626 2759 895 2833 quidquid
928 2763 1257 2839 productum
1286 2772 1390 2829 est,
1414 2765 1484 2820 ab
1516 2764 1691 2819 altero
1720 2762 2049 2835 productum

2229 2758 2293 2813 Εἰ
2332 2758 2443 2811 πᾶν
2475 2758 2536 2811 τὸ
2560 2756 2783 2826 γεγονὸς
2810 2757 2900 2825 ὑφ’
2935 2756 3125 2827 ἑτέρου
3161 2756 3412 2825 γέγονεν,
3444 2758 3478 2827 ἡ
3504 2755 3557 2810 δὲ
3578 2754 3711 2825 ἀγέν-

459 2859 569 2918 est,
599 2852 839 2925 ingenita
874 2869 1005 2910 vero
1036 2855 1351 2930 hypostasis
1380 2871 1481 2912 nec
1514 2871 1545 2910 a
1573 2871 1634 2912 se
1672 2856 1811 2927 ipsa,
1847 2871 1950 2911 nec
1980 2855 2049 2911 ab

2156 2868 2316 2923 νητος
2354 2851 2655 2913 ὑπόστασις
2690 2849 2815 2903 οῦτε
2864 2848 2954 2918 ὑφ’
3001 2849 3219 2921 ἑαυτῆς,
3256 2849 3384 2904 οὔτε
3429 2851 3514 2920 ὑφ’
3549 2848 3710 2919 ἑτέρας

461 2944 571 3000 alia
606 2944 870 3017 producta
893 2953 1001 3012 est,
1033 2946 1263 3022 ingeniti
1292 2948 1563 3006 vocabulo
1590 2948 1902 3006 substantia
1931 2948 2049 3026 ipsa

2157 2944 2380 3014 γέγονεν
2399 2961 2412 2974 ·
2443 2945 2659 3017 ἀνάγκη
2681 2946 2869 3002 οὐσίαν
2896 2944 3091 3018 δηλοῦν
3117 2947 3178 2999 τὸ
3200 2946 3515 3017 ἀγέννητον.

460 3039 801 3113 signiﬁcetur
831 3047 1069 3114 oportet.
2077 3110 2121 3170 C

950 3153 1263 3224 Confutatio
1296 3152 1405 3213 xx
1419 3151 1582 3209 VIII.

527 3245 773 3305 Rursum
806 3247 967 3305 nobis
993 3246 1141 3305 istud
1173 3247 1388 3310 Aetius,
1421 3256 1685 3319 tanquam
1719 3260 1925 3303 novum
1947 3244 2050 3300 ali-

456 3341 592 3411 quid
622 3348 677 3397 et
706 3340 1038 3407 inauditum,
1070 3340 1280 3411 objicit,
1310 3350 1371 3397 ut
1394 3340 1696 3397 dialectica:
1723 3340 1886 3395 istius
1915 3339 2050 3395 suh-

455 3435 668 3491 tilitatis
701 3442 893 3491 auctor
924 3449 1049 3491 esse
1098 3434 1369 3491 videatur.
1426 3433 1609 3501 Quare
1642 3447 2052 3506 supervacanee

455 3525 590 3580 illu’d
614 3540 783 3580 unum
814 3524 1075 3593 inculcat.
1103 3524 1250 3595 quod
1276 3525 1331 3579 in
1357 3524 1791 3583 controversiam
1828 3523 2051 3579 minime

454 3628 785 3685 revocatur;
819 3632 998 3688 neque
1020 3617 1235 3673 veritati
1263 3626 1552 3688 repugnat,
1575 3629 1631 3673 et
1658 3625 1917 3689 perpetua
1948 3614 2051 3672 Ec-

453 3711 639 3767 clesia:
659 3710 960 3767 catholicae
976 3709 1322 3781 professione
1346 3717 1584 3766 tenetur.
1616 3708 1892 3780 Quidquid
1919 3723 2050 3781 ergo

452 3798 660 3854 factum
687 3809 795 3868 est,
841 3800 910 3854 ab
941 3801 1117 3855 altero
1147 3798 1353 3854 factum
1387 3800 1461 3855 sit
1495 3807 1746 3870 oportet;
1801 3806 1857 3853 at
1894 3800 2049 3869 inge-

458 3891 571 3945 nita
622 3890 939 3963 hypostasis
982 3905 1162 3960 neque
1199 3904 1231 3943 a
1282 3890 1465 3961 seipsa
1492 3929 1509 3956 ,
1588 3905 1766 3961 neque
1805 3890 1874 3945 ab
1918 3891 2047 3955 alia,

454 3982 708 4055 quamvis
768 3981 997 4053 ingeniti
1049 3981 1273 4036 nomine
1328 3981 1694 4038 substantiam
1747 3981 2046 4053 signiﬁcari

457 4088 689 4129 necesse
717 4072 810 4129 sit.
842 4070 989 4139 Quid
1020 4070 1168 4128 enim
1203 4071 1377 4141 magis
1400 4072 1495 4127 illo
1522 4072 1898 4128 necessarium
1924 4088 2051 4129 esse

2702 3150 3028 3220 Ἀνατροπὴ
3075 3154 3210 3213 KII'.

2226 3241 2337 3297 Καὶ
2383 3241 2543 3296 τοῦτο
2586 3242 2750 3297 πάλιν
2801 3243 3005 3309 ’Δέτιος
3052 3245 3175 3313 ἥκει
3221 3245 3408 3315 φέρων
3453 3246 3603 3315 ἡμῖν,
3649 3240 3709 3306 ὡς

2153 3334 2340 3389 καινόν
2369 3353 2422 3388 τι
2445 3336 2539 3389 καὶ
2564 3337 2878 3408 πρόσφατον
2908 3336 3309 3407 ὑφηγούμενος,
3347 3337 3436 3392 ἵνα
3467 3339 3596 3408 φανῇ
3618 3335 3704 3387 δια·

2152 3428 2408 3501 λεκτικῆς
2436 3431 2737 3502 ὲφευρετὴς
2780 3426 2921 3484 εἶναι
2953 3431 3334 3499 συλλογιστίας
3365 3434 3430 3485 ἐκ
3462 3427 3705 3503 περισσοῦ,

2157 3522 2268 3595 [οὐ]
2304 3522 2468 3594 μόνον
2489 3523 2510 3554 ⁸
2546 3522 2679 3576 αὐτὸ
2708 3522 2866 3575 τοῦτο
2901 3522 3098 3594 δηλῶν,
3148 3523 3289 3595 ὅπερ
3316 3523 3436 3576 οὐδὲ
3471 3519 3707 3593 ἀμφιϐάλ-

2151 3614 2327 3679 λεται,
2363 3612 2489 3667 οῦτε
2523 3614 2664 3668 κατά
2684 3614 2786 3685 τῆς
2813 3614 3093 3686 ἀληθείας,
3126 3614 3187 3668 τὸ
3216 3616 3307 3669 ἀεὶ
3336 3617 3395 3668 ὲν
3424 3613 3566 3685 αὐτῷ
3587 3612 3704 3680 ὲντῇ

2151 3706 2415 3779 καθολικῇ
2455 3705 2751 3778 Ἐκκλησία
2780 3705 3215 3777 ὁμολογούμενον
3245 3707 3559 3779 ἐνυπάρχει.
3614 3704 3707 3757 Πᾶν

2150 3798 2261 3871 γὰρ
2288 3799 2349 3852 τὸ
2373 3798 2596 3867 γεγονὸς
2636 3799 2727 3867 ὑφ’
2774 3798 2964 3870 ἑτέρου
2996 3799 3226 3868 γίνεται.
3272 3801 3338 3853 Ἦ
3365 3800 3421 3854 δὲ
3451 3800 3706 3869 ἀγέννητος

2152 3889 2450 3953 ὑπόστασις
2498 3888 2624 3942 οὔτε
2652 3889 2743 3959 ὑφ’
2768 3888 2987 3959 ἑαυτῆς,
3010 3888 3137 3943 οὔτε
3158 3891 3250 3959 ὑφ’
3272 3890 3468 3963 ἑτέρας
3485 3889 3702 3959 γέγονεν·

2149 3983 2199 4036 εἰ
2243 3981 2340 4037 καὶ
2379 3981 2595 4053 ἀνάγκη
2631 3982 2821 4037 οὐσίαν
2852 3981 3048 4053 δηλοῦν
3084 3983 3147 4034 τὸ
3191 3983 3507 4056 ἀγέννητον.
3550 3974 3706 4034 Xalt!

2148 4073 2341 4128 τούτου
2374 4074 2831 4147 ἀναγκαιότερονς
2880 4075 3059 4148 Ὅπερ
3100 4075 3212 4146 γὰρ
3254 4076 3345 4130 ἀεὶ
3399 4075 3526 4146 παρ’
3553 4070 3706 4132 αὐτοῖς

2148 4167 2261 4229 τοῖς
2281 4183 2342 4219 τε
2385 4166 2702 4237 Ἀνομοιίοις,
2734 4167 2831 4220 καὶ
2866 4167 3162 4238 ’Δρειανοῖς
3193 4168 3256 4220 τῦ
3286 4169 3388 4239 τῆς
3409 4167 3585 4228 οὐσίας
3606 4163 3705 4215 ὅνο-

2152 4275 2232 4329 μα
2258 4258 2609 4329 παλιμϐόλως
2638 4258 2927 4325 ἐξελάσετο
2963 4262 3189 4325 ’Δέτιος,
3224 4262 3416 4331 σαφῶς
3441 4252 3705 4327 ἀναγκαζέ-

455 4166 672 4238 potest?
695 4164 831 4221 Nsm
863 4165 970 4221 hoc
997 4164 1321 4220 substantia:
1338 4166 1698 4241 .vocahulum,
1727 4166 1872 4236 quod
1899 4166 2049 4221 Ano-

454 4259 585 4315 mmi
612 4267 667 4315 et
706 4258 902 4314 Ariani
928 4258 984 4314 in
1014 4273 1112 4314 ore
1139 4272 1355 4329 semper
1382 4259 1605 4326 habent,
1633 4258 1832 4314 callide
1860 4273 1925 4315 ac
1953 4275 2047 4315 ve-

456 4351 718 4408 teratorie
752 4350 1040 4423 usurpavit
1068 4351 1285 4417 Aetius,
1314 4360 1371 4407 et
1399 4350 1470 4406 ab
1504 4350 1623 4421 ipsa
1649 4358 1875 4407 coactus
1905 4351 2047 4407 veri-

2152 4367 2313 4421 μενος
2345 4352 2451 4406 ὑπὸ
2486 4353 2587 4424 τῆς
2620 4352 2880 4423 ἀληθείας
2908 4353 3282 4427 ὡμολόγησεν.
3333 4356 3529 4418 Οὐσίας
3553 4351 3704 4404 τοίνυν

456 4450 568 4499 tate
600 4443 893 4501 confessus
934 4451 1040 4499 est.
1097 4442 1285 4515 itaque
1325 4457 1452 4498 cum
1492 4441 1719 4513 ingeniti
1759 4443 1899 4497 ratio
1929 4442 2046 4512 ipsa

2152 4444 2318 4517 οῦσης
2346 4446 2447 4522 τῆς
2488 4446 2837 4518 ἀγεννησίας.
2875 4444 2935 4513 ἐξ
2975 4448 3144 4519 αὐτῆς
3171 4448 3250 4512 δὲ,
3290 4449 3391 4502 καὶ
3415 4448 3512 4501 οὐκ
3547 4443 3601 4507 ἐξ
3623 4440 3703 4493 οὐκ

456 4534 765 4591 substantia
794 4536 888 4599 sit,
907 4533 1211 4605 eademque
1236 4549 1267 4590 e
1294 4534 1496 4603 seipsa,
1514 4550 1625 4589 non
1648 4548 1680 4589 e
1706 4532 1901 4597 nihilo,
1929 4533 2050 4588 sine

2152 4536 2316 4591 ὅντων
2349 4538 2637 4610 ἀχράντως
2674 4539 2771 4593 καὶ
2804 4538 3034 4604 ἀπαθῶς
3078 4539 3423 4611 γεννησάσης
3447 4537 3534 4591 τὸν
3561 4534 3703 4590 Μονο-

455 4624 569 4679 υΙνΙε
594 4624 976 4697 inquinatione
1004 4639 1069 4680 ac
1096 4625 1354 4696 passione
1389 4623 1742 4696 Unigenitum
1776 4624 2049 4695 genuerit,

454 4716 609 4772 nulio
653 4732 832 4789 neque
874 4725 1142 4789 tempore,
1198 4732 1300 4774 nec
1362 4718 1541 4783 initio,
1598 4716 1865 4789 Spiritum
1917 4733 2051 4774 vero

457 4816 708 4866 sanctum
733 4809 984 4866 emiserit
1005 4825 1038 4865 e
1065 4809 1270 4881 seipsa,
1296 4824 1407 4865 non
1436 4826 1468 4865 e
1490 4810 1669 4865 nihilo
1690 4809 2040 4881 produxerit:

454 4901 807 4958 manifestum
836 4909 923 4959 est
948 4903 1005 4957 in
1034 4910 1225 4958 sancta
1253 4917 1318 4957 ac
1344 4902 1615 4958 catholica
1645 4901 1893 4959 Ecclesia
1916 4918 2044 4959 con-

454 4992 875 5049 substantialem
906 4991 1233 5048 Trinitatem
1266 4993 1370 5049 rite
1396 4992 1708 5065 praedicari.
1759 4990 1885 5059 Quo
1916 4994 2042 5065 qui-

454 5085 581 5141 dem
625 5084 851 5139 nomine
889 5094 1074 5141 creata
1110 5088 1259 5143 nulla
1292 5102 1384 5144 res
1421 5086 1809 5159 comprehendi
1841 5093 2041 5158 potest,

453 5192 521 5233 eo
549 5174 699 5247 quod
727 5190 905 5245 neque
935 5183 1154 5242 natura,
1182 5194 1361 5250 neque
1389 5178 1563 5244 cultu,
1600 5192 1667 5233 ac
1689 5178 2045 5234 veneratione

454 5276 638 5343 potest
679 5268 888 5339 aliquid
934 5267 1250 5341 Unigenito,
1292 5282 1388 5327 aut
1426 5271 1659 5343 Spiritui
1697 5280 1894 5329 sancto
1921 5285 2044 5327 esse

454 5363 654 5421 simile.
685 5362 897 5419 Caetera
922 5363 1068 5419 enim
1098 5379 1129 5420 e
1160 5366 1332 5421 nihilo
1354 5374 1562 5430 creata,
1593 5380 1695 5422 nec
1716 5364 2043 5421 adoratione

453 5455 838 5528 prosequenda
873 5464 1041 5524 sunt;
1082 5455 1331 5514 Trinitas
1364 5474 1493 5514 vero
1528 5458 1883 5530 sempiterna.
1934 5456 2039 5512 Pa-

2147 4631 2283 4705 γενῆ
2323 4631 2571 4705 ἀχρόνως
2605 4631 2700 4684 καὶ
2736 4632 3008 4704 ἀνάρχως,
3037 4634 3133 4687 καὶ
3159 4632 3219 4703 ἐξ
3244 4633 3415 4704 αὐτῆς
3437 4623 3700 4698 ἐξαγαγοῦ-

2150 4739 2252 4794 σης
2280 4722 2341 4776 τὸ
2372 4724 2528 4792 ἅγιον
2563 4722 2810 4794 Πνεῦμα,
2844 4725 2937 4778 καὶ
2981 4726 3084 4779 οῦκ
3120 4724 3181 4792 ἐξ
3209 4727 3310 4780 οὐκ
3338 4727 3521 4790 ὅντων,
3548 4718 3699 4790 σαφῶς

2150 4817 2208 4869 ὲν
2240 4817 2308 4887 τῇ
2334 4815 2469 4887 ἁγίᾳ
2498 4815 2761 4890 καθολικῇ
2808 4816 3109 4892 Ἐκκλησία
3134 4818 3430 4892 ὁρθοδόξως
3454 4815 3699 4889 ὀμοούσιος

2149 4908 2184 4978 ἡ
2206 4906 2253 4960 Τ
2256 4906 2377 4979 ριάς
2392 4906 2743 4978 κηρύττεται,
2767 4910 2996 4981 μηδενὸς
3026 4911 3135 4966 τῶν
3164 4913 3534 4984 κεκτισμένων
3566 4907 3697 4960 δυνα-

2154 4998 2318 5069 μένου
2340 4998 2419 5070 τῷ
2440 5000 2667 5072 ὀνόματι
2689 5001 2864 5074 τούτῳ
2885 5003 3192 5072 καλεῖσθαι,
3224 5004 3315 5059 διὰ
3343 5004 3404 5057 τὸ
3433 5000 3557 5075 μηδὲ
3582 4994 3697 5051 κατὰ

2151 5096 2317 5168 φύσιν
2363 5095 2502 5153 εἶναι
2546 5116 2603 5152 τι
2647 5099 2833 5172 ὅμοιον
2877 5100 2956 5172 τῷ
2993 5102 3290 5170 Μονογενεῖ
3337 5101 3431 5155 καὶ
3470 5096 3543 5168 τῷ
3581 5090 3696 5159 ἁγίῳ

2151 5187 2452 5260 Πνεύματι,
2498 5191 2637 5263 μήτε
2688 5191 2827 5251 κατά
2866 5193 2928 5246 τὸ
2967 5192 3151 5257 σέὄας.
3192 5192 3273 5246 Τὰ
3320 5192 3418 5264 μὲν
3448 5190 3549 5259 γάρ
3573 5188 3695 5238 ἐστιν

2149 5279 2210 5346 ἐξ
2242 5282 2343 5334 οὐκ
2382 5281 2553 5337 ὄντων
2592 5285 2946 5356 κεκτισμένα,
2982 5285 3078 5339 καὶ⁹
3100 5287 3161 5339 οὐ
3196 5281 3536 5358 προσκυνητά
3556 5278 3620 5344 ’ἡ
3648 5271 3693 5325 δὲ

2148 5370 2322 5443 Τριάς
2354 5373 2442 5427 ἀεὶ
2468 5374 2616 5429 ἔστιν
2633 5392 2647 5407 ⁸
2679 5378 2707 5430 ὁ
2740 5378 2930 5451 Πατὴρ
2958 5376 3148 5451 Πατὴρ
3176 5378 3396 5443 τέλειος,
3433 5372 3566 5428 καὶὸ
3591 5366 3691 5424 Υἱὸς

2149 5463 2279 5528 Υἱὸς
2298 5465 2507 5531 τέλειος
2540 5469 2606 5522 ὲκ
2635 5470 2850 5541 Πατρδς
2878 5470 3179 5543 γεννηθεὶς,
3209 5471 3303 5525 καὶ
3324 5470 3384 5523 τὸ
3418 5464 3620 5535 Πνεῦμα
3644 5454 3689 5505 τὸ

454 5552 540 5601 ter
574 5548 873 5618 perfectus,
918 5547 1083 5604 Pater
1113 5556 1234 5617 est;
1267 5546 1439 5604 Filius
1471 5549 1777 5621 perfectus,
1809 5547 1981 5606 Filius
2007 5564 2039 5605 a

2152 5555 2302 5625 ἅγιον
2322 5558 2549 5631 Πνεῦμα
2573 5562 2778 5617 τέλειον
2808 5564 2876 5618 ἐκ
2896 5564 3127 5633 Πατρός
3163 5562 3453 5633 προελθὸν
3486 5558 3573 5611 καὶ
3600 5546 3685 5603 τιῦ

458 5634 613 5693 Patre
643 5638 896 5710 genitus;
933 5638 1175 5712 Spiritus
1208 5648 1467 5708 sanctus,
1496 5638 1734 5711 Spiritus
1762 5639 2037 5710 perfectus

2152 5646 2281 5702 Ποῦ
2330 5650 2657 5718 λαμϐάνον.
2716 5654 2827 5709 Καὶ
2858 5655 3035 5711 πάντα
3077 5657 3210 5727 ἡμῖν
3251 5654 3479 5724 φωτεινά
3513 5647 3572 5702 τὰ
3605 5643 3684 5710 τῆς

528 5752 547 5784 ⁸
574 5750 637 5807 F.
668 5752 867 5817 αἰτίας.
933 5758 955 5790 ³
987 5756 1049 5814 F.
1084 5759 1283 5816 αἰτίαν.
1361 5756 1381 5790 ⁸
1402 5755 1643 5841 Ιιθςοιὲκ
1660 5755 1930 5828 περισσοῦ
1957 5757 2139 5830 μόνον.
