3964 6430
474 329 580 381 ms
1905 326 1962 382 S.
2007 327 2353 383 EPIPIIANII
3613 337 3698 393 διε

471 447 585 509 ipso
608 447 650 498 ¹.
702 443 818 500 Non
851 443 1023 498 dixit:
1077 443 1181 510 Qui
1213 459 1325 499 non
1367 445 1603 500 honorat
1637 447 1882 516 angelos,
1916 447 2035 502 sicu

2165 449 2498 520 ἀφεθήσεται
2530 447 2609 518 τῷ
2650 450 2728 512 εἰς
2783 449 2842 502 τὸ
2877 448 3100 521 Πνεῦμα
3147 449 3570 522 βλασφημοῦντι,
3602 456 3699 510 οὔτε

427 543 431 547 ’
472 537 705 592 honorat
732 536 979 604 Patrem;
1035 553 1135 592 nec
1163 537 1236 591 ita
1265 539 1520 593 concedit
1573 556 1587 592 :
1620 539 1722 605 Qui
1754 540 1992 594 non-etin

2163 535 2286 608 ὦδε,
2325 540 2448 594 οὔτε
2482 542 2540 593 ὲν
2583 540 2656 612 τῷ
2700 541 2947 612 μέλλοντι
2984 542 3174 596 αἰῶνι·
3226 544 3311 596 ἵνα
3368 551 3591 618 σημαίνῃ
3626 548 3702 617 τῆς

469 628 670 683 Filium
705 630 978 694 honorat;
1031 629 1127 684 sed
1153 628 1352 684 Filium
1389 630 1548 690 dixit.
1597 631 1824 701 perinde
1853 646 1916 685 ac
1953 630 2026 686 Pa

2163 633 2395 703 Τριάδος
2441 633 2505 686 τὸ
2538 634 2831 704 ἀπρόσιτον
2861 633 2956 687 καὶ
2991 634 3318 707 ἀσύγκριτον
3349 637 3405 689 ἐν
3434 637 3612 710 Πατρὶ,
3630 642 3704 694 καὶ

469 732 624 774 trem.
678 719 938 774 Similiter
983 721 1054 785 ei,
1103 721 1199 790 qui
1256 721 1312 774 in
1345 719 1612 791 Spiritum
1661 721 2034 791 blasphemia"

1363 719 1612 791 Spiritum
1661 721 2056 791 blasphemiam
2164 725 2301 794 Υἱῷ,
2337 727 2432 778 καὶ
2457 726 2603 796 ἁγίῳ
2633 726 2928 796 Πνεύματι.

467 810 690 871 dixerit,
723 826 832 863 non
870 810 1162 865 remissum
1216 810 1283 864 iri
1316 811 1497 874 docet,
1534 828 1714 883 neque
1742 814 1853 875 hic,
1885 829 2063 883 neque
2103 815 2156 870 in
2193 817 2380 872 futuro
2404 819 2666 872 saeculo”.
2703 816 2771 872 Ut
2797 818 3050 873 videlicet
3077 817 3400 873 Trinitatem
3456 821 3507 874 in
3558 820 3706 893 Patre,

469 900 606 958 Filio
665 911 720 958 et
761 901 974 974 Spiritu
1004 912 1200 958 sancto
1219 919 1341 959 esse
1372 906 1564 960 doceat
1592 907 1929 976 hujusmodi,
1963 913 2023 961 ut
2053 907 2122 962 ad
2156 909 2306 965 illam
2333 911 2467 965 nihil
2502 911 2784 974 accedere,
2814 912 3195 982 compararive
3226 914 3419 983 possit.

927 1017 1111 1073 AETII
1149 1018 1378 1074 CAPUT
1419 1020 1589 1074 XXX.

2553 1027 2952 1081 ΚΕΦΑΛΑΙΟΝ
2990 1027 3247 1082 ΑΕΤῘΟΥ
3285 1032 3363 1084 Λ’.

541 1108 601 1165 Si
650 1110 998 1178 omnipotens
1050 1109 1197 1164 Deus
1247 1119 1498 1164 naturam
1547 1126 1764 1165 omnem
1807 1112 2052 1176 excellit,

2232 1115 2296 1167 El
2331 1114 2598 1187 ὑπεράγει
2641 1117 2822 1187 πάσης
2863 1117 3078 1184 φύσεως
3113 1119 3141 1170 6
3186 1118 3597 1190 παντοκράτωρ.
3638 1120 3709 1174 διὰ

470 1218 535 1258 eo
566 1204 688 1272 ipso
717 1203 860 1272 quod
900 1202 1178 1272 ingenitus
1208 1210 1291 1254 est
1325 1201 1564 1256 excellit.
1586 1200 1719 1266 Qum
1749 1203 2035 1272 propriela:

2165 1207 2226 1260 τὸ
2253 1207 2544 1278 ἀγέννητον
2572 1208 2859 1278 ὑπεράγει,
2885 1209 3020 1280 ὅπερ
3048 1208 3194 1261 ἐστὶν
3222 1209 3392 1261 αἴτιον
3422 1213 3528 1273 τοῖς
3551 1229 3707 1282 γεννη-

471 1310 640 1348 causa
686 1302 771 1348 est
817 1293 1018 1362 genitis
1066 1291 1325 1346 omnibus
1380 1291 1737 1346 stabilitatem
1792 1299 2036 1346 constan-

2166 1301 2276 1362 τοῖς
2313 1298 2592 1369 διαμονῆς.
2643 1301 2704 1352 Εἰ
2729 1299 2786 1352 δὲ
2823 1299 2898 1371 μή
2939 1301 3086 1353 ἐστιν
3123 1299 3310 1364 οὐσίας
3357 1301 3632 1372 δηλωτικὸν
3663 1304 3709 1356 τὸ

472 1386 713 1454 tiamque
737 1385 1010 1438 tribuens.
1034 1382 1130 1436 Sin
1157 1392 1338 1437 autem
1363 1384 1665 1453 ingenitum
1693 1383 2037 1438 substantian

2166 1389 2480 1460 ἀγέννητον,
2513 1390 2677 1444 πόθεν
2707 1391 2774 1445 ἂν
2809 1393 2842 1462 ἠ
2879 1391 2988 1445 τῶν
3022 1393 3293 1464 γεννητῶν
3337 1394 3494 1464 φύσις
3539 1395 3636 1460 ἕξει
3661 1397 3708 1449 τὸ

470 1491 579 1530 ιιοιι
614 1476 892 1546 exprimit,
925 1490 955 1528 a
993 1491 1104 1546 quo
1137 1476 1355 1532 tandem
1389 1477 1701 1548 genitarum
1743 1491 1926 1532 rerum
1956 1491 2035 1531 na

993 1491 1104 1546 quo
1137 1476 1355 1532 tandem
1389 1477 1701 1548 genitarum
1743 1491 1926 1532 rerum
1956 1491 2060 1531 na-
2165 1479 2555 1547 διασώζεσθαις

471 1577 590 1622 tura
629 1569 868 1636 seipsam
909 1574 970 1621 ut
1007 1575 1301 1623 conservet
1329 1568 1565 1639 accipit?

991 1678 1304 1749 Confutatio
1344 1679 1530 1734 XXX.
2088 1746 2118 1749 _

2088 1746 2118 1749 _
2730 1675 3055 1745 Ἀνατροπὴ
3099 1680 3183 1733 Λ⁹.

537 1770 674 1826 Illud
709 1772 937 1826 omnino
980 1746 1274 1828 dicendum
1307 1788 1372 1828 ac
1404 1771 1686 1829 fatendum
1733 1781 1840 1840 est,
1874 1774 2056 1845 itaque
2088 1746 2102 1801 1

2230 1764 2436 1836 Πρέπει
2477 1763 2659 1834 λέγειν
2693 1767 2788 1821 καὶ⁵
2817 1768 3120 1839 ὁμολογεῖν,
3153 1768 3249 1822 καὶ
3272 1767 3448 1834 οὕτως
3473 1769 3707 1840 κατέχειν,

468 1862 810 1918 tenendum:
865 1863 1298 1933 omnipotentem
1341 1862 1510 1919 Deum
1551 1873 1804 1919 naturam
1838 1880 2033 1923 omnen

2156 1855 2238 1908 ὅτι
2270 1857 2450 1927 πάσης
2471 1856 2685 1926 φύσεως
2711 1858 2965 1930 ὑπερέχει
2994 1860 3022 1912 6
3045 1861 3470 1933 Παντοκράτωρ,
3497 1862 3551 1928 ἐξ
3571 1858 3711 1934 οὗπερ

467 1957 774 2021 excellere,
828 1970 861 2010 a
915 1971 1027 2027 quo
1079 1956 1399 2026 unigenitus
1433 1956 1613 2024 Deus,
1664 1971 1729 2012 ac
1781 1956 2018 2013 Verbum

2157 1950 2288 2019 ἡμῖν
2311 1950 2338 2001 6
2361 1950 2674 2022 Μονογενὴς
2705 1951 3113 2024 ἀνεκδιηγήτως
3142 1953 3412 2024 προῆλθεν
3441 1956 3467 2007 6
3493 1954 3614 2017 Θεὸς
3633 1953 3711 2007 Λό-

466 2049 700 2119 ejusque
735 2046 975 2119 Spiritus
1003 2058 1229 2104 sanctus
1279 2048 1540 2104 ineﬂ‘abili
1569 2047 1806 2120 quadam
1845 2051 2031 2105 rationi

2155 2059 2271 2110 γος,
2304 2044 2395 2095 καὶ
2427 2042 2484 2096 τὸ
2508 2044 2660 2112 ἅγιον
2691 2043 2854 2097 αὑτοῦ
2877 2045 3117 2115 Πνεῦμα.
3146 2047 3256 2100 Καὶ
3286 2045 3377 2099 διὰ
3397 2045 3548 2098 τοῦτο
3570 2047 3711 2113 ἀσφα-

468 2139 759 2210 processit.
792 2139 967 2204 Quam
999 2139 1071 2193 ob
1105 2153 1326 2195 causam
1364 2147 1527 2195 caute
1561 2155 1626 2195 ac
1655 2141 2033 2212 circumspecti

2157 2133 2264 2198 λῶς
2305 2135 2364 2186 οὐ
2412 2134 2587 2188 κτίσιν
2635 2134 3029 2206 Θεολογοῦμεν,
3075 2137 3162 2190 ἵνα
3209 2137 3286 2208 μὴ
3338 2136 3707 2208 μωρανΘῶμεν·

465 2239 732 2287 creatura:
799 2231 1045 2286 divinum
1092 2220 1356 2287 benorem
1403 2247 1511 2288 non
1565 2234 1930 2299 ascribimus,
1988 2249 2030 2288 ιιι

2156 2228 2254 2297 τὴν
2292 2227 2348 2280 δὲ
2381 2226 2820 2299 ὑπερδαίνουσαν
2852 2229 3034 2281 πᾶσαν
3072 2227 3234 2297 φύσιν
3279 2229 3492 2300 Τριάδα
3535 2229 3711 2294 60.5.010-

466 2323 778 2378 stultissimi
810 2323 1126 2388 reddamur,
1162 2323 1258 2378 sed
1281 2322 1605 2380 Trinitatem
1649 2341 1770 2396 qua:
1801 2335 2031 2380 naturan

2156 2318 2254 2387 τοῦ
2263 2337 2383 2389 μεν,
2402 2319 2530 2372 Υἱὸν
2555 2319 2651 2372 σὺν
2678 2319 2873 2391 Πατρὶ,
2893 2320 2987 2374 καὶ
3013 2319 3074 2373 τὸ
3103 2319 3255 2388 ἅγιον
3280 2319 3452 2373 αὑτοῦ
3487 2318 3707 2388 Πνεῦμα·

464 2430 681 2469 omuem
725 2425 984 2484 superat,
1020 2415 1406 2484 pradicamus,
1462 2415 1664 2470 Filium
1699 2432 1826 2472 cum
1871 2415 2029 2472 Patre

2154 2411 2289 2464 διότι
2317 2412 2610 2482 ἀγέννητον
2643 2412 2738 2466 καὶ
2771 2411 3046 2466 ἆκτιστον.
3092 2410 3316 2482 Ἐπειδὴ
3347 2411 3455 2483 γὰρ
3487 2410 3600 2464 οὔτε
3636 2410 3711 2463 ἄλ-

464 2515 521 2562 et
554 2507 728 2577 ipsius
767 2515 1021 2563 sanctum
1052 2505 1341 2576 Spiritum,
1365 2523 1430 2562 eo
1461 2510 1606 2578 quod
1638 2524 1666 2563 a
1696 2509 1848 2563 nullo
1878 2507 2023 2568 factu

2155 2504 2254 2574 λης
2283 2504 2498 2572 φύσεως
2519 2506 2547 2556 6
2579 2503 2911 2575 Μονογενὴς,
2947 2503 3041 2557 καὶ
3068 2503 3129 2556 τὸ
3160 2502 3314 2572 ἅγιον
3344 2503 3582 2573 Πνεῦμα,
3602 2501 3710 2555 ἀλλὰ

466 2605 562 2648 aut
600 2605 820 2651 creatus
843 2597 937 2651 sit.
968 2594 1180 2649 Etenim
1204 2611 1549 2664 nequaquam
1582 2597 1812 2651 diversa:
1844 2605 2031 2650 natura

2155 2596 2287 2660 Θεὸς
2318 2598 2380 2649 ὲκ
2407 2596 2566 2664 Θεοῦ,
2600 2599 2694 2650 καὶ
2731 2597 2845 2667 φῶς
2875 2598 2938 2650 ὲκ
2966 2595 3165 2664 φωτὸς,
3196 2597 3293 2649 σὺν
3327 2594 3408 2665 τῷ
3439 2593 3709 2663 παντοκρά-

468 2687 792 2757 Unigenitus
833 2695 939 2746 est,
979 2695 1074 2740 aut
1111 2694 1336 2740 sanctus
1374 2686 1634 2756 Spiritus,
1679 2688 1774 2741 sed
1808 2687 1952 2742 Deus
1985 2702 2033 2741 ει

2154 2701 2272 2755 τορι
2327 2685 2505 2757 Πατρὶ
2555 2688 2650 2740 καὶ
2693 2686 2854 2750 αὐτὸς
2901 2688 2930 2739 6
2983 2687 3295 2758 Μονογενὴς
3353 2684 3709 2755 παντοκράτωρ

465 2779 600 2843 Deo,
637 2781 818 2834 lumen
844 2779 912 2834 de
944 2779 1170 2834 lumine.
1194 2778 1507 2845 Quinetiam
1540 2793 1668 2833 cum
1691 2779 2030 2848 omnipotent

2154 2777 2391 2842 ἀκούσας
2418 2819 2431 2842 ,
2462 2779 2536 2844 ὼς
2567 2781 2660 2833 καὶ
2694 2779 2880 2848 σαφῶς
2906 2778 3017 2850 ἔχει
3049 2781 3081 2849 ὴ
3111 2780 3228 2832 Θεία
3275 2780 3490 2850 Γραφή.
3521 2779 3589 2831 Οὐ
3625 2776 3709 2846 γὰρ

466 2870 629 2926 Patre
677 2870 997 2940 unigenitus
1051 2870 1169 2940 ipse
1211 2870 1529 2924 nominatur
1569 2871 1954 2940 omnipotens,
1993 2889 2026 2926 ιι

2154 2868 2365 2934 ἀλλοῖός
2400 2872 2514 2924 ὲστι
2547 2872 2697 2941 παρὰ
2729 2871 2790 2924 τὸ
2816 2871 2911 2925 τοῦ
2943 2871 3156 2942 Πατρὸς
3197 2868 3418 2942 ἀξίωμα
3447 2871 3473 2922 6
3505 2871 3709 2935 Μονογε-

465 2960 674 3016 diserte
719 2958 1004 3030 Scriptura
1052 2975 1209 3014 sacra
1243 2959 1507 3014 declarat.
1547 2959 1876 3030 Unigenitus
1905 2961 2030 3016 enin

2155 2961 2272 3031 νὴς,
2321 2960 2662 3032 συμπρέπων
2705 2961 2761 3014 δὲ
2817 2961 2894 3033 τῷ
2934 2961 3027 3014 τοῦ
3080 2962 3292 3033 Πατρὸς
3327 2961 3615 3031 ἀξίωματισ
3651 2957 3711 3018 ὡς

467 3054 606 3108 nihil
633 3070 664 3107 a
691 3052 872 3108 Patris
902 3053 1188 3122 majestate
1213 3052 1513 3122 discrepat,
1541 3052 1636 3107 sed
1661 3053 1891 3107 omnino
1921 3067 2024 3108 con

2157 3051 2453 3124 διαρρήδην
2485 3055 2749 3124 μαρτυρεῖ
2776 3071 2866 3124 μοι
2896 3055 2924 3106 6
2954 3052 3109 3121 ἅγιος
3143 3053 3470 3116 Ἀπόστολος
3493 3055 3546 3105 ὲν
3569 3047 3710 3103 Ilvati-

468 3146 636 3218 gruit.
670 3144 826 3211 Quod
851 3145 1130 3214 expressis
1155 3144 1338 3199 verbis
1360 3150 1596 3198 testatur
1612 3143 1932 3213 Apostolus,
1960 3161 2032 3214 qu

2152 3161 2291 3216 ,ματι
2318 3144 2458 3215 ἁγίῳ
2489 3145 2667 3215 φήσας
2702 3145 2966 3214 περὶτῶν
3007 3145 3140 3198 υἱῶν
3181 3145 3428 3216 Ἰσραήλ·
3463 3138 3588 3205 Ὧν,
3625 3158 3709 3210 φη-

469 3238 676 3309 Spiritu
698 3245 890 3293 sancto
908 3236 1045 3290 alllal
1058 3253 1122 3292 us
1140 3236 1207 3292 de
1224 3236 1490 3292 lsraelitis
1513 3236 1585 3290 ita
1606 3235 1850 3306 loquitur
1871 3255 1884 3292 :
1913 3237 2029 3302 Quo

2160 3239 2243 3291 σιν
2262 3279 2274 3302 ,
2302 3237 2342 3304 ἡ
2371 3237 2636 3305 λατρεία,
2674 3236 2772 3288 καὶ
2811 3238 2870 3288 αὶ
2905 3235 3218 3304 διαθῆκαι,
3245 3236 3348 3288 καὶ
3372 3230 3460 3290 ὧν
3485 3237 3535 3289 οἱ
3559 3229 3708 3286 πατέ-

465 3347 606 3393 rum,
640 3330 838 3400 inquit,
870 3329 1040 3400 978
1069 3328 1264 3392 cultus,
1293 3337 1342 3382 et
1375 3337 1712 3390 testamenta,
1758 3337 1806 3382 et
1835 3338 2012 3397 patres

2149 3348 2258 3399 ρες
2280 3347 2295 3360 ο
2330 3329 2400 3394 ἐξ
2434 3323 2522 3384 ὦν
2566 3333 2598 3383 ό
2634 3328 2890 3396 Χριστὸς
2917 3327 2986 3381 τὸ
3027 3328 3178 3382 κατὰ
3207 3327 3432 3397 σάρκα,
3469 3332 3499 3382 ὀ
3527 3326 3604 3379 ὢν
3630 3323 3707 3378 ἐπὶ

463 3437 528 3476 ea:
555 3421 746 3491 quibus
780 3419 1026 3475 Christus
1053 3419 1338 3474 secundum
1378 3435 1614 3482 carnem,
1645 3419 1737 3489 qui
1775 3429 1854 3472 est
1899 3435 2026 3487 supr

2156 3423 2400 3477 πάντων
2432 3421 2576 3489 Θεὸς
2603 3421 2935 3491 εὐλογητὸς
2971 3423 3059 3487 εἰς
3092 3422 3232 3488 τοὺς
3256 3421 3499 3488 αἰῶνας.
3542 3418 3705 3488 Ἀμήν.

465 3515 644 3567 omnia
668 3513 811 3568 Deus
846 3512 1146 3580 benedictus
1182 3512 1237 3564 in
1269 3511 1489 3566 amula.
1527 3511 1697 3564 Amen
1723 3510 1766 3565 ³.
1793 3509 1874 3564 01)
1909 3511 1962 3566 id
2001 3526 2030 3565 e

2156 3516 2254 3568 Διά
2292 3514 2450 3567 τοῦτο
2485 3514 2591 3585 γὰρ
2642 3514 2735 3566 καὶ
2769 3513 3144 3584 προσκυνητὸς
3189 3515 3216 3566 6
3281 3513 3573 3583 μονογενὴς
3595 3551 3607 3573 ,
3635 3508 3708 3561 καὶ

463 3606 781 3662 adorandus
811 3606 1010 3660 uuicus
1036 3603 1132 3660 Dei
1187 3604 1360 3660 Filius
1388 3615 1493 3668 eat,
1533 3611 1589 3657 et
1623 3603 1767 3658 idem
1801 3601 1966 3667 Deus,
2001 3619 2028 3658 e

2155 3602 2287 3666 Θεὸς
2347 3605 2376 3656 ὁ
2427 3604 2771 3673 Μονογενὴς,
2824 3603 2918 3656 καὶ
2981 3602 3123 3654 θεῖον
3176 3602 3440 3672 Πνεῦμα,
3488 3602 3544 3654 τὸ
3583 3599 3707 3665 ἅγιον

461 3695 682 3750 divinus
741 3693 981 3765 Spiritus
1027 3703 1146 3758 est,
1217 3703 1446 3749 sanctus
1507 3690 1782 3760 Spiritus,
1827 3699 1883 3746 et
1930 3708 2026 3760 pos

2157 3693 2412 3764 Πνεῦμα’
2455 3695 2550 3747 κα)⁸
2582 3694 2719 3764 μετὰ
2751 3694 2850 3764 τὴν
2886 3694 3047 3761 ἁγίαν
3075 3693 3283 3764 Τριάδα
3315 3694 3418 3746 οὐκ
3450 3693 3587 3744 ἔστιν
3616 3691 3709 3740 ἓτε-

463 3796 881 3842 sacrosanctam
925 3784 1251 3839 Trinitatem
1307 3785 1491 3838 nullus
1554 3784 1696 3839 alius
1759 3782 1905 3838 Deus
1947 3795 2028 3839 est

2156 3802 2250 3857 ρος
2281 3785 2434 3848 Θεός.
2475 3785 2538 3838 '0
2571 3785 2629 3837 δὲ
2658 3784 2850 3856 Πατὴρ
2879 3783 3296 3855 παντοκράτωρ,
3328 3785 3424 3837 καὶ⁴
3449 3786 3475 3837 6
3505 3784 3709 3847 Μονογε-

464 3875 635 3946 Igitur
666 3873 1017 3942 omnipotens
1073 3871 1278 3938 Pater,
1313 3883 1368 3928 et
1414 3875 1614 3928 unicus
1661 3873 1834 3942 ipsius
1882 3871 2029 3928 Filiu:

2153 3877 2251 3948 νὴς
2283 3875 2449 3929 αὑτοῦ
2485 3879 2614 3938 παῖς
2655 3873 2866 3946 Ἰησοῦς
2899 3874 3135 3944 Χριστὸς
3167 3875 3507 3945 συμπρέπων
3536 3870 3606 3940 τῷ
3632 3865 3707 3920 τοῦ

462 3971 709 4034 paterna
737 3960 993 4031 dignitati
1029 3975 1365 4031 congruens,
1396 3962 1491 4034 qui
1524 3961 1696 4016 futuri
1725 3961 1914 4016 saeculi
1945 3959 2027 4015 Pa-

2153 3967 2368 4038 Πατρὸς
2408 3966 2719 4037 ἀξιώματι,
2757 3966 2851 4019 καὶ
2892 3963 3082 4036 Πατὴρ
3113 3964 3451 4035 καλούμενος
3482 3961 3570 4016 τοῦ

463 4063 548 4109 ter
581 4053 888 4123 appellatur
915 4052 957 4119 ⁸,
988 4052 1192 4124 quique
1232 4069 1358 4108 cum
1389 4061 1583 4110 sancto
1631 4053 1843 4123 Spiritu
1885 4055 2028 4108 nulla

2151 4059 2334 4122 λοντος
2373 4057 2604 4124 αἰῶνος,
2663 4056 3006 4128 συμπρέπων
3038 4073 3098 4108 τε
3145 4057 3240 4110 καὶ
3285 4058 3366 4129 τῷ
3398 4057 3536 4127 ἁγίῳ
3571 4048 3705 4106 αὑτοῦ

463 4144 868 4200 interveniente
899 4145 1185 4200 creatione
1215 4146 1496 4224 convenit,
1521 4144 1766 4201 Trinitas
1790 4154 1873 4201 cst
1901 4157 2028 4216 pate

2152 4152 2432 4223 Πνεύματι
2464 4151 2757 4214 ἁκτίστως,
2792 4149 2880 4204 ἀεὶ
2925 4152 2958 4221 ἠ
2992 4150 3162 4220 Τριάς
3199 4150 3593 4223 φανερουμένη,
3629 4143 3706 4196 καὶ

462 4235 606 4292 facta
631 4235 912 4303 omnibus,
937 4245 992 4291 et
1021 4237 1264 4308 cognita,
1292 4252 1323 4291 a
1353 4253 1462 4308 qua
1489 4245 1689 4292 creata:
1715 4253 1804 4292 res
1833 4251 2024 4293 omnes

2150 4244 2548 4316 γινωσκομένη,
2597 4242 2658 4308 ἐξ
2699 4238 2767 4314 ἧς
2815 4243 3045 4314 Τριάδος
3089 4246 3201 4306 τοῖς
3231 4245 3369 4296 πᾶσι
3401 4240 3632 4311 γεγονόσι
3657 4233 3705 4286 τὸ

461 4336 722 4400 tanquam
753 4343 785 4384 a
833 4343 1034 4393 causa,
1084 4328 1344 4400 profecta:
1387 4339 1556 4397 sunt,
1589 4330 1664 4384 ita
1708 4330 1956 4400 quidem,
1987 4346 2022 4384 u

2150 4337 2323 4390 αἴτιον
2351 4337 2583 4399 ἔνεστιν,
2617 4337 2813 4408 εἴπερ⁸
2861 4338 3010 4391 ἐστὶν
3038 4337 3225 4400 οὐσίας
3269 4331 3602 4407 ἀκραιφνοῦς
3629 4326 3704 4380 καὶ

461 4422 755 4492 appellatio
779 4423 898 4494 ipsa
929 4439 1113 4498 causa:
1141 4423 1416 4479 sinceram
1467 4431 1521 4479 et
1553 4422 2026 4495 incomparabilen

2148 4429 2479 4500 ἀσυγκρίτου
2523 4427 2841 4498 δηλωτικὸν,
2894 4427 3086 4500 Πατὴρ
3119 4429 3177 4480 ὲν
3215 4426 3345 4497 Υἱῷ,
3378 4427 3503 4488 Υἱὸς
3533 4426 3585 4476 ὲν
3621 4421 3707 4471 Πα-

459 4514 823 4567 substantiam
887 4514 1193 4585 signiticet;
1250 4513 1561 4583 cujusmodi
1625 4521 1710 4570 est
1768 4513 1935 4570 Pater
1985 4514 2024 4567 ir

2148 4520 2260 4589 τρὶ,
2297 4519 2393 4572 σὺν
2425 4519 2563 4588 ἁγίῳ
2601 4520 2904 4591 Πνεύματι,
2933 4521 3022 4574 ἀεὶ⁴
3053 4519 3152 4590 τῆς
3185 4519 3446 4587 διαμονῆς
3471 4515 3528 4567 τὸ
3560 4511 3699 4564 ἀΐδιον

460 4603 622 4670 Filio,
660 4602 836 4660 Filius
889 4606 945 4660 in
1009 4605 1195 4685 Patre,
1229 4621 1355 4659 cum
1390 4605 1598 4675 Spiritu
1656 4615 1884 4671 sancto,
1916 4621 2025 4676 per-

2149 4609 2208 4661 ὲν
2246 4610 2411 4680 ἑαυτῇ
2442 4609 2705 4681 ἐχούσης·
2751 4609 2812 4675 ἐξ
2854 4605 2921 4681 ἦς
2950 4610 3178 4682 Τριάδος
3219 4612 3332 4672 τοῖς
3376 4605 3612 4678 γεγονόσι
3651 4596 3699 4649 τὸ

460 4697 672 4750 mansio
722 4696 839 4767 ipsa
881 4697 936 4751 in
983 4713 1106 4752 sese
1151 4697 1510 4752 aeternitatem
1549 4698 1839 4753 includat:
1881 4698 2025 4770 cujus

1294 4697 1510 4752 nitatem
1549 4698 1839 4753 includat:
1881 4698 2042 4770 cujus
2149 4700 2510 4764 διασώζεσθαι
2550 4703 2859 4773 πρόσεστιν.

459 4784 749 4844 Trinitatis
779 4790 1050 4846 beneﬁcio
1078 4789 1303 4844 condita
1330 4790 1516 4845 omnia
1550 4798 1862 4846 servantur.

903 4903 1090 4958 AETll
1129 4901 1360 4959 CAPUT
1401 4901 1597 4956 XXXI.

2505 4896 2905 4951 ΚΕΦΑΛΑΙΟΝ
2943 4896 3201 4952 ΑΕΤΙΟΥ
3240 4897 3363 4949 ΛΑ’.

531 4991 588 5046 Si
623 4994 760 5047 nihil
791 5010 982 5050 eorum
1016 5013 1140 5067 qua:
1186 4997 1368 5052 visum
1417 4996 1706 5065 eﬂ‘ugiunt,
1748 4996 2044 5066 semetipso

2217 4990 2280 5042 Εἰ
2314 4990 2464 5042 οὐδὲν
2493 4990 2600 5043 τῶν
2641 4990 2889 5060 ἀοράτων
2932 4989 3064 5042 αὐτὸ
3109 4988 3304 5042 ἑαυτοῦ
3337 4977 3693 5060 σπερματικῶς

459 5085 510 5139 vi
541 5085 777 5154 quadam
815 5088 990 5141 sativa
1023 5089 1177 5157 prius
1207 5097 1316 5153 est,
1347 5097 1515 5158 atque
1547 5088 1772 5143 delinita
1803 5087 2024 5158 quadan

2148 5081 2512 5153 προῦπάρχει,
2540 5083 2785 5152 διαμένει
2817 5081 2874 5134 δὲ
2915 5083 2973 5136 ὲν
3005 5080 3163 5152 φύσει
3189 5074 3691 5149 ἀποκεκληρωμένῃ·

460 5185 672 5232 naturae
702 5184 852 5231 sorte
885 5181 1223 5246 continetur,
1257 5181 1352 5252 qui
1398 5181 1516 5236 ﬁeri
1547 5187 1750 5252 potest,
1782 5189 1844 5235 ut
1886 5181 2025 5251 inge

2147 5170 2268 5234 πῶς
2297 5174 2326 5224 ὁ
2355 5172 2648 5242 ἀγέννητος
2675 5172 2828 5237 Θεὸς,
2848 5171 3132 5243 ἐλεύθερος
3162 5168 3582 5241 ἀποκληρώσεως
3609 5162 3691 5212 ὑπ-

457 5270 608 5324 nitus
663 5267 809 5322 Deus
863 5270 934 5324 ab
971 5273 1123 5326 omni
1168 5274 1458 5330 sortitione
1490 5273 1628 5328 liber
1663 5287 1820 5329 suam
1862 5273 2022 5343 ipsiu:

2145 5263 2350 5334 ἅρχων,
2390 5264 2484 5316 νῦν
2521 5265 2620 5335 μὲν
2655 5264 2754 5335 τὴν
2789 5264 2984 5318 ἑαυτοῦ
3017 5265 3206 5318 οὐσίαν
3239 5263 3492 5333 δευτέραν
3515 5261 3566 5310 ὲν
3587 5270 3689 5322 τίν’

457 5361 825 5417 substantiam
854 5363 1017 5418 modo
1041 5356 1286 5434 ingenita
1310 5367 1500 5422 sobole
1533 5365 1814 5420 inferioris
1844 5365 2022 5433 cujus-

2143 5364 2345 5426 νήματι
2389 5358 2526 5427 ὁρᾷ,
2571 5356 2666 5410 νῦν
2716 5357 2774 5410 δὲ
2827 5356 3102 5428 προτέραν
3150 5358 3208 5410 ὲν
3258 5355 3528 5426 ἀγεννὴτῳ
3570 5343 3686 5400 κατᾶ

455 5451 579 5507 dam
629 5467 702 5507 ac
753 5456 1010 5512 secundae
1063 5457 1430 5524 conditionis,
1479 5457 1644 5513 modo
1689 5457 1747 5512 in
1797 5458 2020 5527 ingeniti

1689 5457 1747 5512 in
1797 5458 2036 5527 ingenito
2141 5449 2240 5518 τὴν
2277 5447 2370 5500 τοῦ
2403 5447 2619 5518 πρώτου
2648 5447 2742 5504 καὶ
2765 5448 3019 5519 δευτέρου
3043 5447 3225 5514 τάξινς

451 5542 727 5608 primario
752 5557 876 5602 esse
907 5547 1108 5618 videat,
1144 5549 1218 5604 ita
1251 5556 1311 5604 ut
1346 5549 1546 5619 prioris
1576 5549 1732 5618 insit,
1767 5564 1830 5605 ac
1852 5558 2037 5619 poste-

442 5627 603 5685 rioris
633 5629 825 5686 ordo?

501 5737 518 5768 ‘
544 5739 732 5798 Joan.
767 5757 820 5807 ν,
847 5746 951 5817 9.3;
983 5769 1064 5820 ιιι,
1089 5753 1175 5810 36,
1246 5754 1267 5784 ²
1299 5747 1496 5808 Matth.
1525 5766 1623 5818 xu,
1651 5752 1745 5808 32.
1819 5751 1838 5783 ³
1868 5749 2026 5805 Rom.
2062 5766 2066 5801 ι

1567 5767 1623 5818 ιι,
1651 5752 1745 5808 32.
1819 5751 1838 5783 ³
1868 5749 2026 5805 Rom.
2062 5765 2137 5816 Ix,
2171 5748 2224 5816 Il,
2263 5749 2314 5803 5.
2393 5749 2408 5779 "
2440 5747 2542 5804 lsa.
2577 5767 2651 5821 ix,
2687 5750 2740 5806 0.
2821 5752 2840 5782 ⁸
2870 5750 2930 5805 F.
2967 5751 3132 5822 ἤπερ.
