3964 6452
820 478 1206 535 »ΑῡνΕιῖδὲδ
1248 476 1593 533 ΙΙιΕΙὶΕδΕΞ
1632 474 1762 530 LIB.
1804 474 1840 527 ll

1945 473 2098 528 TUM.
2143 472 2183 527 1.
2230 505 2285 514 --
2324 471 2595 528 ILEI’tES.
2644 475 2872 529 LXXVI.

787 599 1113 668 Ἄνατροπὴ
1155 603 1289 653 AA’.

2442 589 2751 659 Coufulutio
2790 591 3005 645 XXXI.

312 693 389 747 A’.
434 692 582 745 Ἔδει
621 691 708 744 τὸν
750 690 953 752 Ἀέτιον
981 692 1113 761 ἡμῖν
1144 690 1562 761 προσημαίνειν,
1592 689 1688 742 καὶ
1732 704 1827 740 σα-

2002 687 2042 745 ι.
2088 685 2293 744 Vellem
2325 687 2602 757 equidem,
2635 687 2779 757 quod
2811 695 2865 742 et
2906 686 3108 741 factum
3150 674 3431 754 oportuit,
3457 696 3514 741 et

246 786 361 853 (psic;
392 784 492 847 τὰς
526 779 690 837 αὑτοῦ
725 781 949 845 πεύσεις
974 780 1318 852 προϐάλλειν,
1351 781 1588 851 μάλιστα
1621 779 1827 850 ταύτην

1945 779 2126 834 Actius
2156 784 2393 833 mentem
2438 789 2593 831 suam
2627 775 2787 830 nobis
2826 774 3148 844 aperuisset,
3190 781 3247 827 et
3278 773 3511 828 interro-

243 873 418 944 ἥνπερ
436 873 584 938 λέξιν
603 876 618 905 ί
643 872 993 945 ἐπιλήψιμον,
1012 873 1109 927 καὶ
1135 873 1257 945 μηδ’
1280 872 1418 936 ὅλως
1442 871 1671 943 ἔχουσαν
1700 889 1829 941 συγ-

1945 871 2185 939 ga‘tiones
2226 884 2358 923 suas
2390 868 2674 938 aliquanto
2719 867 2923 921 clarius
2963 867 3365 937 pr0posuissct,
3410 878 3515 935 po-

243 964 457 1033 γένειαν
487 965 597 1018 τῶν
629 964 1020 1035 ὁμοιωμάτων,
1057 964 1177 1018 οὐδὲ
1208 964 1434 1034 θάτερον
1461 963 1570 1016 τῶν
1605 965 1696 1016 ὑπ’
1731 964 1829 1017 αὐ-

1945 964 2044 1016 bills
2071 976 2235 1031 quam
2289 976 2353 1015 ea
2384 960 2629 1015 dictione
2674 966 2823 1014 esset
2872 972 3027 1022 usus,
3056 963 3178 1028 quae
3219 957 3273 1011 in
3321 971 3514 1027 repre-

242 1056 335 1111 τοῦ
372 1057 777 1128 ὠνομασμένων
812 1056 1027 1128 θατέρῳ
1057 1056 1465 1121 σνδνεξισοῦσθαι
1505 1055 1824 1126 δυνάμενον.

1950 1057 2252 1112 tensionem
2287 1056 2555 1120 incurrit;
2594 1070 2696 1109 nec
2716 1054 2887 1119 ullam
2924 1053 2978 1107 in
3002 1052 3087 1108 his
3116 1052 3281 1107 rebus
3314 1051 3518 1122 quibus

244 1148 461 1203 Πολλῶν
507 1148 616 1221 γὰρ
653 1150 900 1220 ἀοράτων
934 1149 1059 1220 ἣκει
1104 1150 1286 1217 φέρων
1320 1151 1452 1221 ἡμῖν
1488 1148 1588 1213 τὰς
1626 1151 1827 1220 ὀνομα-

1945 1155 2108 1208 utitur
2150 1151 2566 1207 similitudinem
2600 1152 2785 1216 habet,
2838 1166 2962 1205 cum
3024 1157 3278 1205 neutrum
3323 1164 3514 1204 eorum

244 1242 382 1305 σίας,
415 1241 572 1295 Ἐστι
620 1241 730 1313 γὰρ
770 1242 866 1297 καὶ
909 1242 1118 1314 ἀόρατα
1160 1241 1276 1308 ζῶα
1326 1242 1397 1296 τὰ
1443 1242 1826 1314 πνευματικὰ,

1945 1261 2051 1315 tua:
2083 1244 2152 1298 ab
2200 1259 2266 1299 eo
2301 1252 2730 1299 commemorata
2776 1249 2938 1306 sunt,
2982 1256 3107 1295 eum
3163 1232 3334 1294 alteio
3363 1255 3517 1327 eom-

241 1334 385 1404 φημὶ
416 1332 471 1386 δὲ
502 1334 748 1405 σεραφὶμ
787 1333 883 1387 καί
924 1334 1222 1406 χερουϐὶμ,
1259 1333 1398 1388 ἀλλὰ
1444 1335 1540 1389 καὶ
1580 1335 1825 1404 ἄγγελοι,

1945 1337 2114 1405 parari
2149 1344 2200 1391 et
2241 1334 2518 1406 exmquari
2568 1335 2786 1404 possit:
2829 1333 3103 1403 siquidem
3151 1332 3515 1402 plurimorum

241 1422 531 1493 πνεύματά
555 1441 616 1476 τε
645 1423 740 1477 καὶ
777 1421 913 1477 ἄλλα
939 1423 1064 1477 τινά
1082 1441 1094 1454 ·
1128 1424 1186 1478 ἐν
1228 1419 1310 1488 οἷς
1338 1423 1556 1496 ἀληθῶς
1586 1423 1829 1496 πληροῦ-

1945 1443 2051 1497 ιιιειι
2079 1427 2259 1483 visum
2290 1425 2556 1496 eﬂ'ugiuni
2597 1425 2995 1495 appellationes
3038 1423 3274 1478 adducit
3311 1427 3369 1477 in
3403 1437 3519 1479 nte-

239 1534 330 1570 ται
371 1517 432 1569 τὸ
473 1517 609 1588 μήτε
658 1515 906 1588 ὑπάρχον
952 1518 1011 1570 ὲν
1059 1517 1273 1580 ἑαυτοῖς
1319 1516 1712 1588 σπερματικῶς
1750 1535 1824 1571 τι.

1945 1518 2103 1572 lium.
2126 1515 2259 1571 Nam
2284 1523 2339 1570 et
2365 1517 2540 1571 visunt
2568 1514 2786 1585 fugiunt
2817 1506 3074 1567 animalia
3102 1512 3197 1565 illa
3224 1508 3514 1581 spiritalia,

240 1606 380 1660 Οὔτε
408 1607 516 1679 γὰρ
552 1607 783 1678 σώματα
815 1607 951 1678 φαίη
986 1608 1052 1662 ἄν
1084 1626 1169 1674 τις
1196 1608 1265 1662 τά
1299 1608 1511 1679 ἀόρατα
1532 1625 1545 1638 ·
1591 1609 1687 1662 καὶ
1719 1608 1828 1680 γὰρ

1945 1626 2037 1665 mc
2063 1618 2149 1666 est
2185 1610 2491 1681 seraphim,
2523 1608 2839 1673 cherubim,
2867 1606 3075 1677 angeli,
3099 1605 3329 1675 spiritus
3357 1603 3517 1660 deni-

237 1699 362 1754 οὔτε
396 1699 682 1769 γεννῶσιν,
719 1699 845 1754 οὔτε
881 1699 1212 1770 γεννῶνται·
1246 1699 1578 1771 ἐκτίσθησαν
1604 1701 1659 1753 δὲ
1687 1700 1829 1754 κατὰ

1945 1720 2042 1775 lue
2073 1722 2087 1758 :
2120 1705 2177 1757 in
2221 1703 2425 1774 quibus
2477 1717 2666 1756 verum
2720 1699 2853 1755 illud
2889 1714 3015 1757 esse
3058 1698 3325 1758 cernitur,
3370 1694 3518 1764 quod

238 1791 488 1865 βούλημα
528 1791 629 1862 τῆς
654 1791 823 1862 οὔσης
852 1794 939 1847 ἀεὶ
965 1791 1220 1865 θεότητος
1250 1793 1466 1862 σαφῶς,
1506 1792 1601 1846 καὶ
1637 1792 1829 1861 λέιλογ-

1945 1790 2127 1851 Ᾱριίιιε
2158 1803 2371 1856 narrat,
2409 1792 2546 1847 nihil
2579 1801 2638 1845 ιιι
2664 1792 2722 1846 in
2757 1791 2955 1862 scipsis
2989 1790 3040 1843 vi
3073 1790 3308 1859 quadam
3345 1788 3519 1845 sativa

237 1902 333 1957 χεν
359 1883 590 1938 ἕκαστον
615 1883 725 1938 τῶν
751 1884 1142 1956 κεκτισμένων,
1167 1884 1304 1957 ὅπερ
1322 1887 1351 1939 ὁ
1368 1885 1445 1939 ὣν
1465 1882 1614 1956 αὐτῴ
1635 1884 1829 1938 διένει-

1945 1886 2277 1942 contineant.
2305 1885 2491 1955 Neque
2521 1885 2668 1939 enim
2699 1898 2933 1950 corpora
2960 1897 3024 1937 ea
3055 1897 3178 1951 quae
3209 1896 3318 1935 non
3358 1892 3519 1947 aspe-

239 1950 341 2050 μεν
372 1977 573 2050 ἀρετῆς
605 1977 663 2031 ὲν
702 1978 767 2049 τῇ
801 1950 1076 2048 ὑπερϐολῇ
1106 1975 1206 2047 τῆς
1234 1950 1401 2030 atros
1432 1950 1667 2046 ἀφθόνου
1701 1974 1826 2045 φιλ-

1945 1980 2158 2034 stabilia
2203 1986 2335 2034 sunt
2380 1978 2583 2033 dixerit
2615 1977 2840 2046 aliquis,
2888 1991 3014 2030 Ctltn
3059 1990 3237 2043 neque
3268 1975 3520 2042 gignant,

237 2066 702 2139 ανθρωπίας.Κα“ι
732 2064 1103 2138 ἀπεκληρὼοη
1134 2064 1367 2119 ἕκαστον
1390 2066 1529 2136 ὅπερ
1552 2064 1827 2136 κεκλήρω-

1945 2087 2117 2143 neque
2148 2072 2470 2144 gignantur,
2505 2070 2600 2127 sed
2635 2069 2702 2125 de
2725 2070 3071 2138 sempiternae
3096 2065 3404 2121 divinitatis
3434 2077 3523 2119 vo-

234 2178 348 2225 ται,
377 2160 472 2213 καὶ
505 2161 562 2212 ἐν
596 2159 773 2231 τούτῳ
806 2159 989 2231 μένει.⁹
1020 2157 1115 2213 καί
1144 2157 1428 2231 ἐλεύθερός
1467 2159 1616 2211 ἐστιν
1637 2158 1666 2211 ὁ
1693 2157 1827 2221 Θεὸς

1945 2162 2148 2218 luntate
2185 2163 2348 2233 plane
2368 2159 2588 2216 condita
2629 2159 2761 2222 sint,
2800 2173 2858 2213 ac
2888 2157 3229 2213 tan'umdem
3261 2169 3522 2223 unaquae-

236 2255 421 2324 πάσης
450 2251 650 2316 αἰτῖας,
684 2252 742 2307 ἐν
766 2250 948 2323 ἑαυτῷ
974 2251 1112 2324 ἔχων
1132 2249 1206 2325 ,τὸ
1229 2252 1361 2316 πᾶν,
1395 2251 1456 2304 οὐ
1486 2249 1826 2322 μελλητικῶς

1945 2271 2042 2326 que
2074 2261 2384 2310 creatarum
2409 2269 2589 2311 rerum
2611 2252 2829 2314 Virtutis
2844 2248 3012 2320 979
3050 2247 3232 2310 habet,
3256 2255 3521 2316 quantum

237 2343 357 2398 οὐδὲ
388 2344 852 2416 μεταμελημένως
884 2345 977 2399 τὸν
1006 2343 1135 2398 Υἱδν
1162 2342 1304 2415 μετὰ
1337 2343 1563 2415 χρόνους
1600 2342 1763 2414 ἔχων,
1790 2343 1823 2413 ἢ

1945 2363 2037 2420 pro
2071 2346 2283 2402 inﬁnita
2310 2362 2413 2405 sua
2449 2347 2787 2417 benignitate
2836 2351 2891 2398 et
2920 2342 3262 2397 humanitate
3291 2338 3522 2408 largitus

234 2436 299 2489 τὺ
327 2435 480 2506 ἅγιον
506 2434 733 2508 Πνεῦμα
758 2435 926 2491 αὐτοῦ
942 2478 957 2503 ,
980 2436 1119 2490 ἀλλὰ
1151 2435 1585 2509 συμπρεπόντως
1614 2435 1675 2489 τὸ
1701 2436 1788 2495 ἀεὶ
1808 2439 1828 2468 ⁸

1945 2449 2026 2496 est
2056 2439 2225 2497 Deus.
2256 2439 2446 2510 Itaque
2473 2438 2733 2509 quaelibet
2763 2435 2913 2507 quod
2941 2434 3048 2489 sibi
3080 2433 3406 2488 attributum
3438 2436 3525 2485 est

235 2527 385 2598 ἔχειν
418 2528 546 2582 Υίδν
574 2529 975 2601 γεγεννημένον
1010 2528 1168 2583 Υἶόν·
1205 2526 1345 2599 ἔχων
1388 2529 1484 2582 καὶ
1511 2527 1700 2582 τοῦτον
1736 2546 1834 2599 μο-

1945 2531 2199 2598 obtinuit,
2247 2532 2303 2586 in
2336 2546 2515 2602 eoque
2550 2537 2834 2601 permanet
2872 2549 2886 2585 :
2928 2526 3072 2582 Deus
3101 2541 3232 2581 vero
3270 2525 3341 2580 ab
3372 2523 3525 2587 omni

237 2617 475 2688 νογενῆ,
519 2619 610 2673 ἀεὶ
656 2618 798 2689 ἔχων
843 2619 1066 2690 Πατέρα
1106 2620 1163 2673 έν
1197 2618 1379 2689 ἑαυτῷ
1404 2662 1418 2685 ,
1469 2619 1585 2691 ἔχει
1637 2620 1733 2674 καὶ
1773 2619 1834 2673 τὸ

1945 2637 2107 2679 causa
2154 2623 2450 2680 absolutus
2490 2630 2603 2689 cst,
2639 2622 2931 2676 continens
2982 2619 3040 2674 in
3098 2625 3273 2674 semet
3317 2616 3524 2670 omnia.

236 2708 395 2778 ιγιον
430 2710 656 2783 Πνεῦμα
682 2714 751 2766 ἐκ
778 2712 993 2785 Πατρὸς
1019 2710 1081 2766 ὃν
1099 2752 1114 2777 ,
1147 2712 1243 2766 καὶ
1272 2711 1365 2765 τοῦ
1395 2710 1528 2765 Υίοῦ
1558 2710 1834 2785 λαμϐάνον

1945 2715 2091 2774 Idem
2136 2717 2258 2773 sine
2306 2718 2417 2772 ulla
2457 2716 2813 2772 cunctatione
2866 2711 3237 2767 mutationeve
3278 2708 3525 2773 consilii,

238 2802 329 2855 ἀεὶ
365 2801 508 2874 ἕχον.
1937 2823 2118 2880 neque
2179 2806 2381 2864 Filium
2425 2808 2592 2880 longo
2644 2806 2967 2869 intervallo,
3025 2819 3205 2875 neque
3257 2800 3528 2873 Spiritum

238 2907 496 2957 sanctum
537 2915 698 2955 suum
745 2900 949 2955 habere
982 2899 1171 2970 erepit.
1224 2898 1332 2956 Sed
1362 2915 1465 2971 pro
1499 2916 1568 2957 eo
1609 2916 1675 2957 ac
1706 2904 2047 2961 conveniens
2085 2913 2188 2972 est,
2218 2903 2420 2961 Filium
2445 2904 2609 2960 habet
2648 2903 2718 2958 ab
2771 2910 3000 2966 aeterno,
3072 2914 3237 2972 quem
3300 2896 3530 2951 unicum

226 2990 475 3060 genuit:
514 2988 692 3046 Filius
730 3006 864 3047 vero
914 2990 1135 3047 Patrem
1163 2992 1375 3049 habens
1420 2994 1478 3049 in
1507 2995 1692 3067 seipse
1730 3009 2019 3068 perpetuo,
2051 3013 2163 3053 una
2205 3006 2263 3054 et
2293 2997 2560 3069 Spiritum
2586 3003 2837 3053 sanctum
2873 2995 3083 3050 habet:
3140 2991 3233 3063 qui
3268 3006 3298 3045 a
3369 2988 3531 3043 Patre

241 3086 605 3158 procedens',
636 3100 666 3140 a
702 3085 841 3142 Filio
868 3102 1086 3159 semper
1115 3088 1364 3159 accipit‘.
2046 3106 2081 3118 η.
3035 3091 3039 3095 .

314 3177 391 3229 B'.
432 3177 544 3230 Καὶ
568 3176 689 3248 -γὰρ
713 3175 840 3231 οὔτε
886 3178 980 3231 ἐπὶ
1019 3178 1227 3250 ἀδοξίᾳ,
1261 3177 1514 3233 οὖτεέπὶ
1543 3180 1829 3253 προσθήκῃ

2008 3179 2077 3235 11.
2121 3179 2339 3234 Etenim
2381 3194 2562 3251 neque
2623 3181 2679 3235 in
2713 3180 3081 3244 obscuritate,
3135 3194 3239 3235 nec
3290 3180 3349 3234 in
3396 3181 3533 3236 uhe-

235 3267 400 3339 δόξης
431 3269 464 3339 ἡ
503 3268 795 3339 περιουσία
824 3269 927 3340 τῆς
952 3270 1206 3339 θεότητος
1232 3271 1321 3324 ἀεὶ
1355 3269 1522 3341 οὔσης
1542 3289 1558 3302 ο
1603 3272 1830 3342 μηδενὸς

1945 3271 2074 3326 riori
2130 3272 2428 3343 Splendore
2477 3288 2542 3328 ac
2594 3273 2771 3345 gloria
2818 3274 3168 3344 sempiterna:
3216 3264 3528 3329 divinitatis

235 3359 298 3412 δὲ
333 3360 421 3413 ἀεὶ
453 3358 607 3422 ὄντος
641 3359 753 3412 τῶν
785 3360 1180 3433 κεκτισμένων,
1223 3361 1355 3414 πότε
1387 3361 1532 3435 ἑώρα
1566 3364 1766 3434 ἑαυτὴν
1799 3365 1833 3435 ἡ

1945 3363 2265 3419 excellentia
2297 3373 2575 3419 versatur.
2611 3365 2748 3420 Cum
2781 3374 2962 3420 autem
3000 3352 3310 3420 creatarum
3344 3382 3530 3421 rerum

246 484 344 542 617
820 479 1206 535 ρΑῡγΕιιδΕδ
1248 479 1593 533 ΙΙᾸΞΚΕΞΕΞ
1632 479 1762 530 LIB.
1804 479 1892 528 III.
1933 479 2098 528 TUM.
2145 479 2183 527 1.
2230 505 2285 514 --
2326 479 2595 528 ILEI’ti'IS.
2644 479 2872 529 LXXVI.
3404 479 3508 533 6:3

239 3450 417 3522 Τριὰς
444 3452 502 3505 ὲν
520 3450 710 3522 ἧσσονι
740 3454 1062 3525 περιουσίας
1087 3455 1198 3508 Καὶ
1228 3454 1324 3508 νῦν
1353 3457 1450 3525 μὲν
1478 3455 1638 3509 τοῦτο
1663 3456 1833 3526 ἑώρα,

239 3544 342 3599 νῦν
368 3544 427 3598 δὲ
452 3546 512 3598 ὲν
541 3546 834 3617 προσθέσει
863 3548 1071 3613 οὐσίας,
1094 3548 1173 3612 ὡς
1196 3548 1381 3620 ἐνδεὴς
1407 3548 1549 3620 μετὰ
1573 3550 1636 3604 τὸ
1655 3566 1837 3604 κεκτι-

239 3635 400 3691 κέναι
424 3636 494 3690 τὰ
516 3638 872 3709 κεκτισμένα,
904 3641 962 3691 ὲν
989 3639 1353 3713 περισσοτέρᾳ
1373 3639 1660 3713 προσθήκῃ
1677 3640 1837 3712 δόξης

239 3727 275 3799 ἦ
315 3729 636 3800 περιουσίας
667 3729 764 3784 νῦν
789 3731 989 3802 ἑαυτὴν
1013 3731 1231 3804 ὁρῶσα;
1268 3730 1374 3785 Καὶ
1409 3733 1473 3785 ὲκ
1498 3731 1836 3803 πανταχόθεν

232 3818 403 3872 οὐδὲν
435 3820 699 3891 ὲνσκήψέι
734 3821 843 3875 τῶν
877 3822 1222 3893 βουλομένων
1265 3822 1409 3879 κατὰ
1443 3823 1546 3894 τῆς
1577 3823 1837 3894 ἀληθείας

237 3910 347 3974 τὰς
369 3912 787 3980 συλλογιστικὰς
817 3913 1166 3985 ἀνθρωπίνας
1191 3915 1448 3979 ὑπονοίας
1469 3916 1836 3988 παραφέρειν,

232 4001 345 4055 καὶ
377 4004 454 4066 είς
503 4004 668 4074 μέσον
696 4005 884 4077 φέρειν
904 4047 918 4071 ,
959 4004 1397 4078 ὑπερϐαινούσης
1430 4005 1531 4076 τῆς
1574 4004 1669 4059 τοῦ
1701 4003 1839 4058 Θεοῦ

239 4091 441 4159 ἀξίας,
488 4095 733 4167 Πατρὸς,
778 4097 875 4150 καὶ
924 4096 1056 4150 Υίοῢ
1078 4137 1092 4158 ,
1136 4097 1231 4151 καὶ
1272 4097 1428 4166 ἁγίου
1483 4096 1837 4169 Πνεύματος,

240 4183 430 4238 πάντα
462 4185 588 4239 νοῦν
609 4186 880 4256 ἀγγέλων,
910 4187 1006 4241 καὶ⁵
1029 4187 1287 4242 ἐπέκεινα
1307 4203 1324 4220 ⁸
1357 4187 1510 4258 πόσῳ
1538 4204 1602 4256 γε
1638 4186 1841 4257 μᾶλλον

234 4273 602 4348 ἀνθρωπίνης
629 4277 882 4347 φύσεωςς
927 4278 1146 4350 Ἐπειδὴ
1194 4279 1304 4350 γὰρ
1337 4277 1588 4351 λογισμοὶ
1625 4279 1840 4351 ἀνθρὼ-

242 4384 372 4421 πων
393 4366 592 4433 δειλοὶ,
623 4367 864 4439 φθαρταὶ
900 4368 959 4422 δὲ
997 4370 1054 4425 αἱ
1080 4368 1289 4423 τούτων
1320 4370 1572 4434 διάνοιαι,
1599 4372 1681 4435 είς
1710 4370 1840 4424 συλ-

237 4458 548 4530 λογισμοὺς
571 4460 670 4514 καὶ
692 4461 1019 4532 συζητήσεις
1040 4461 1238 4526 ἑαυτὰς
1270 4462 1693 4534 περιπείρουσαι
1712 4479 1725 4494 '
1764 4464 1840 4528 ὡς

234 4549 402 4605 ἄλλοι
439 4550 535 4619 ἀφ’
566 4551 777 4605 ἑαυτῶν
811 4551 1190 4624 συλλογισμῶν
1233 4554 1656 4625 ἀνακρινόμενοι
1699 4553 1843 4607 κατὰ

1934 3454 2092 3508 nulla
2133 3450 2314 3508 adhuc
2336 3461 2506 3519 esset,
2538 3462 2856 3509 utrumnam
2891 3455 3112 3509 tandem
3138 3442 3398 3510 divinitas
3429 3458 3534 3508 mi-

1940 3560 2076 3600 nore
2110 3545 2346 3615 seipsam
2379 3542 2660 3616 epulentia
2685 3542 2969 3616 praeditam
3013 3543 3152 3600 vidit
3193 3545 3531 3614 aliquando?

1938 3645 2037 3691 aut
2073 3646 2188 3691 tum
2220 3637 2445 3708 quidem
2480 3637 2757 3707 ejusmodi
2799 3653 2922 3694 sese
2954 3637 3111 3701 vidit,
3144 3653 3292 3692 nunc
3325 3644 3529 3705 autem,

1943 3729 2087 3785 facta
2116 3729 2183 3784 ad
2225 3730 2596 3788 substantiam
2645 3729 2985 3810 accessione,
3032 3729 3190 3800 quasi
3222 3729 3531 3799 cujuspiam

1942 3823 2018 3877 rei
2047 3822 2304 3894 indigens
2336 3838 2460 3879 esse
2484 3830 2693 3892 posset,
2738 3831 3095 3893 posteaquam
3132 3830 3315 3876 creata
3344 3822 3530 3876 omnia

1942 3915 2232 3986 produxit,
2269 3915 2539 3985 ampliore
2571 3913 2809 3985 quadam
2841 3914 3013 3984 gloria
3046 3914 3356 3985 opibusque
3406 3928 3533 3969 sese

1943 4005 2226 4076 praeditam
2253 4005 2683 4060 animadvertit?
2705 4004 2901 4061 Nullus
2923 4004 3109 4075 itaque
3133 4004 3535 4076 tergiversandi

1943 4095 2189 4150 locusiis
2211 4095 2439 4151 relictus
2470 4102 2576 4160 est,
2612 4095 2708 4167 qui
2745 4096 3013 4152 adversus
3045 4096 3332 4152 veritatem
3366 4097 3536 4167 syllo-

1940 4185 2246 4255 gismorum
2283 4185 2531 4255 argutias
2574 4184 2864 4241 hominum
2911 4186 3250 4257 excogitatas
3299 4185 3535 4256 ingeniis

1942 4290 2220 4348 Opponere
2259 4277 2514 4331 nit‘untur
2550 4283 2602 4333 et
2630 4277 2686 4332 in
2720 4277 3175 4333 mediumal‘ferrc
3211 4297 3224 4332 :
3260 4278 3533 4349 siquidem

1942 4370 2128 4426 divina
2159 4369 2443 4438 maiestas,
2482 4368 2687 4435 Patris,
2728 4371 2980 4441 inquam,
3025 4378 3081 4425 et
3129 4368 3281 4436 Filii,
3317 4386 3382 4425 ac
3409 4368 3534 4442 Spi-

1941 4461 2086 4517 ritus
2116 4462 2319 4528 sancti,
2355 4463 2675 4534 angelorum
2703 4471 2916 4519 mentes
2951 4478 3143 4518 omnes
3175 4463 3338 4535 longo
3367 4462 3537 4517 inter-

1945 4554 2090 4609 vaIlo
2118 4563 2366 4618 superat,
2415 4554 2617 4610 nedum
2669 4554 2988 4621 hominum;
3042 4571 3277 4626 quorum
3328 4555 3536 4609 timida:

242 4642 576 4712 σοῳιστικήν
623 4658 745 4696 τινα
789 4643 1075 4710 ὑπόνοιαν,
1122 4646 1174 4697 οί
1211 4645 1310 4716 μὲν
1350 4645 1480 4717 περὶ
1519 4644 1614 4699 τοῦ
1667 4644 1840 4700 κακοῦ

1948 4646 2314 4714 cogitationes
2336 4647 2384 4714 ⁸,
2419 4647 2586 4702 animi
2632 4661 2835 4703 sensus
2887 4647 3158 4703 intereunt
3195 4648 3249 4701 in
3298 4648 3533 4701 nihilum

237 4731 335 4784 ὅτι
365 4731 532 4786 πόθεν
550 4733 776 4805 ἡρξατο,
801 4735 951 4789 ἄλλοι
977 4736 1035 4790 δὲ
1063 4738 1148 4791 ὃτι
1172 4737 1338 4791 πόθεν
1358 4739 1387 4792 ὁ
1411 4737 1729 4811 διάϐολος,ἣ
1752 4738 1842 4793 διὰ

236 4821 302 4875 τί
337 4823 561 4891 γέγονεν
579 4841 594 4855 ’
626 4824 805 4897 ἕτεροι
843 4826 902 4880 δὲ
933 4827 1027 4881 τὸν
1070 4827 1333 4899 μέλλοντα
1374 4828 1715 4899 ἁμαρτάνειν
1746 4828 1844 4882 ἄν·

241 4912 495 4983 θρωπον,
520 4916 605 4968 ὃτι
635 4915 727 4969 διὰ
756 4916 810 4969 τί
832 4918 865 4970 ὁ
887 4917 1022 4981 Θεὸς
1043 4917 1217 4982 υιτως
1249 4917 1413 4971 αὑτὸν
1442 4917 1658 4971 ἔκτισεν
1681 4934 1693 4948 ο
1722 4916 1841 4980 ἁδὲ,

240 5004 495 5059 τοιοῦτον
516 5007 680 5062 αὐτὸν
699 5010 1077 5081 ἐργασάμενος
1103 5010 1197 5064 διὰ
1230 5011 1284 5063 τί
1310 5010 1537 5083 ὕστερον
1571 5009 1734 5064 αὐτὸν
1756 5009 1844 5063 αί-

242 5093 437 5146 τιᾶται
459 5111 474 5126 ο
508 5096 602 5162 ἵν’,
637 5097 769 5152 ἄταν
794 5099 1018 5167 πάντες,
1056 5101 1522 5173 περικρούσαντες
1552 5102 1684 5165 τοὺς
1714 5102 1844 5153 ἑαυα-

236 5182 367 5236 πῶν
419 5183 716 5256 λογισμοὺς
736 5231 752 5254 ,
806 5182 1198 5265 καταμάθωσιν
1242 5194 1472 5258 ἑαυτοὺς
1534 5191 1844 5265 φθαρτοὺς,

239 5273 581 5332 ἀποδώσωσι
612 5278 690 5348 τῷ
720 5282 917 5354 Πατρὶ,
944 5285 1039 5338 καὶ
1064 5283 1200 5355 Υίῷ,
1233 5284 1329 5338 καὶ
1364 5284 1510 5355 ἁγίῳ
1541 5283 1843 5355 Πνεῦματι,

239 5366 503 5421 τουτέστι
536 5371 601 5440 τῇ
638 5371 738 5442 μιᾷ
768 5371 955 5442 Τριάδι
978 5414 994 5439 ,
1041 5376 1104 5428 τὸ
1138 5375 1302 5440 σέϐας
1338 5377 1435 5430 καὶ
1468 5375 1567 5448 τὴν
1596 5374 1798 5445 γνῶσιν
1822 5391 1837 5406 ·

238 5455 391 5527 παρ’
422 5458 587 5512 αὑτοῦ
618 5460 676 5514 δὲ
708 5461 1019 5533 αἰτούμενοι
1052 5466 1153 5537 τῆς
1181 5466 1443 5538 ἀληθινῆς
1477 5466 1718 5530 πίστεως
1742 5466 1843 5537 τὴν

238 5547 481 5639 γνῶσιν,
523 5553 620 5606 καὶ
659 5554 1049 5625 πορισάμενοι,
1081 5558 1170 5612 ἵνα
1204 5558 1280 5631 μὴ
1325 5560 1677 5633 ὑπερϐαίνειν
1723 5578 1846 5614 πειο

242 5639 466 5713 ρῶνται
504 5643 568 5696 τὸ
623 5643 754 5699 ἴδιον
803 5647 1032 5718 μέτρον,
1077 5648 1215 5703 ἀλλὰ
1264 5649 1510 5720 μάθωσιν
1546 5651 1844 5723 ἡσυχάζειν

238 5731 372 5787 ἀπὸ
407 5733 828 5806 τετυφλωμένης
868 5738 1112 5805 ἑννοίας,
1158 5743 1256 5796 καὶ
1296 5742 1373 5815 μὴ
1406 5743 1723 5812 σοφίζεσθαι
1752 5742 1842 5797 διὰ

589 6012 863 6076 Parnm.
914 6016 1032 6080 (in.
1085 6011 1273 6081 XLII.

1948 4740 2177 4803 redacti,
2211 4754 2276 4794 ac
2317 4755 2441 4796 sese
2480 4741 2670 4797 varias
2711 4742 2766 4809 ip
2811 4742 3267 4797 ratiocinationes
3305 4749 3358 4797 et
3386 4756 3537 4812 qure-

1948 4831 2160 4887 stioncs
2191 4831 2448 4886 induunt.
2482 4830 2957 4898 Quemadmodum
2999 4834 3054 4885 in
3090 4831 3368 4900 plerisque
3400 4846 3530 4886 usu-

1949 4924 2141 4981 venire
2190 4923 2496 4988 cernimus,
2542 4923 2636 4994 qui
2688 4924 2993 4994 sophistica
3033 4922 3271 4993 quadam
3319 4923 3536 4978 ratione

1949 5014 2192 5070 inventis
2226 5030 2257 5069 a
2287 5030 2348 5071 se
2374 5015 2710 5088 syllogismis
2741 5016 3089 5071 diversarum
3116 5030 3300 5070 rerum
3338 5030 3537 5071 causas

1952 5107 2234 5177 inquirere
2260 5115 2315 5164 et
2342 5107 2678 5178 investigare
2717 5106 2962 5163 student.
3018 5105 3197 5163 Veluti
3228 5107 3357 5161 mali
3387 5107 3534 5179 quod

1951 5198 2284 5269 principium
2318 5196 2506 5254 fuerit.
2547 5198 2650 5252 Alii
2683 5198 2978 5263 undenam,
3018 5206 3073 5253 et
3113 5199 3277 5269 cujus
3307 5199 3385 5254 rei
3415 5216 3539 5271 gra-

1951 5290 2027 5344 tia
2059 5289 2315 5346 diabolus
2345 5290 2637 5347 exstiterit.
2679 5290 2916 5358 Quidam
2956 5290 3025 5348 de
3075 5292 3299 5348 homine
3342 5307 3538 5361 pecca-

1951 5388 2075 5434 turo
2102 5389 2378 5450 quaerunt,
2406 5396 2508 5436 cur
2553 5381 2703 5436 hunc
2744 5381 2890 5438 Deus
2935 5397 2999 5438 ea
3049 5383 3366 5439 conditione
3404 5395 3536 5449 pro-

1953 5471 2246 5536 creaverit,
2290 5479 2385 5526 aut
2423 5473 2517 5543 qui
2565 5474 2730 5528 talem
2776 5473 3101 5539 fabricaret;
3140 5470 3538 5537 eurincusarit

1954 5572 2145 5632 postea
2172 5581 2192 5618 ι
2227 5572 2289 5618 ut
2328 5579 2454 5619 cum
2499 5567 2683 5621 varias
2717 5567 2770 5620 in
2811 5574 2997 5638 partes
3039 5567 3255 5620 animus
3296 5578 3427 5618 suos
3471 5554 3537 5616 ac

1953 5644 2315 5725 cogitationes
2354 5656 2728 5723 intendet-int,
2767 5674 2831 5712 ac
2881 5657 3221 5727 corr’uptioni
3269 5670 3329 5710 se
3355 5654 3537 5709 obno-

1952 5744 2072 5800 xios
2094 5744 2483 5814 intellexerint,
2502 5746 2675 5815 Patri,
2704 5763 2768 5802 ac
2797 5746 2956 5812 Filio,
2980 5757 3034 5802 et
3058 5745 3288 5817 Spiritui
3319 5751 3535 5810 sancto,

329 5846 527 5972 ιᾶπερ
549 5848 708 5915 λέξιν.
804 5849 823 5878 ²
846 5849 907 5905 F.
961 5850 1040 5924 τῷ
1068 5853 1303 5921 ἀεί,εοι1
1325 5857 1557 5915 mutilus
1588 5857 1677 5913 hic
1707 5858 1840 5913 locu:

1947 5865 1986 5913 ι.
2066 5859 2087 5892 ³
2117 5858 2279 5919 Joan.
2316 5879 2412 5929 xv,
2444 5864 2536 5920 26.
2595 5864 2637 5923 ,⁸
2692 5861 2851 5918 Joan.
2894 5879 3006 5930 xiv,
3070 5861 3273 5929 15,16.
3344 5860 3364 5891 ⁸
3394 5857 3529 5924 Sap-

3129 6022 3208 6080 29
