3964 6422
578 488 685 543 osa
1487 498 1490 500 ν
1959 492 2017 550 s.
2054 492 2400 548 EPIPIIA‘NII
2537 503 2550 516 ε·
3339 469 3342 472 ’
3677 485 3747 539 εει

576 601 974 673 complectens,
1013 603 1108 680 sed
1149 619 1487 674 procreans;
1537 619 1680 669 una,
1726 620 1833 660 non
1879 607 2082 676 plures.
2117 609 2141 660 Α

2192 617 2233 669 Α
2266 604 2720 676 ἀποκεκλήρωται
2767 604 2930 673 ἑτέρᾳ.
2959 600 3131 670 φύσει
3173 600 3467 669 κοινότητος
3500 597 3586 668 τῆς
3619 597 3751 660 οὐσίας

575 709 683 765 qua
715 694 957 764 profecta
988 703 1119 751 sunt
1147 697 1331 751 omnia
1360 736 1375 761 ,
1415 711 1536 766 quae
1563 703 1617 750 et
1651 698 1970 768 multiplicia
2003 707 2140 754 sunt

2262 697 2363 766 τῆς
2409 694 2764 766 ἀσυγκρίτου.
2801 695 2899 746 Διά
2946 691 3106 745 τοῦτο
3143 691 3255 764 γὰρ
3291 690 3349 743 οὐ
3376 690 3549 759 κτιστή
3567 705 3636 751 τις
3661 683 3755 742 οὖσι

575 803 752 858 neque
799 803 924 842 cum
953 804 1018 843 ea
1052 797 1432 843 numerantur.
1471 787 1653 855 Quare
1704 805 1879 859 neque
1906 805 2140 844 commu-

2263 788 2322 839 ἐν
2350 791 2416 857 τῇ
2456 787 2552 838 τοῦ
2585 784 2720 837 Θεοῦ
2751 783 2906 854 οὐσίᾳ
2936 783 3097 851 φύσις
3117 823 3132 847 ,
3167 781 3300 834 ἀλλὰ
3340 779 3662 852 δημιουργικὴ
3682 779 3757 842 τῶν

573 897 696 936 nem
727 880 1018 953 quamdam
1059 889 1311 934 naturam
1340 896 1464 936 cum
1507 882 1919 952 incomparabili
1970 899 2138 938 essen.

2265 877 2482 930 πάντων
2540 876 2648 928 τῶν
2694 876 2756 927 οὑ
2796 875 3112 945 δυναμένων
3139 875 3206 944 τῇ
3249 871 3546 942 ἀσυγκρίτῳ
3574 873 3652 924 καὶ
3693 873 3760 940 μιᾷ

572 973 644 1025 tia
678 971 1005 1042 participare
1032 969 1324 1035 dicuntur;
1351 985 1528 1040 neque
1551 980 1733 1025 creata
1760 971 2024 1040 quaepiam
2061 977 2137 1038 na;

2263 967 2420 1037 οὐσίᾳ
2440 967 2674 1037 Πατρὸς,
2693 968 2787 1020 καὶ
2817 965 2968 1030 Υἱοῦ,
3000 965 3094 1018 καὶ
3133 964 3288 1032 ἀγίου
3318 962 3603 1032 Πνεύματος
3622 964 3761 1030 ὁμων-

569 1071 691 1116 tura
717 1062 773 1116 in
799 1061 983 1115 divina
1008 1060 1098 1114 illa
1122 1061 1620 1130 comprehenditur.
1641 1058 1748 1114 Sed
1775 1060 1888 1114 haec
1908 1060 2134 1114 omniuu

2266 1063 2474 1133 σιότητι
2493 1061 2917 1132 ἐπικοινωνῆσαι
2937 1078 2949 1090 ·
2982 1061 3059 1122 ὡς
3087 1060 3265 1129 σαφής
3293 1060 3407 1112 ἐστι
3426 1056 3498 1127 τῷ
3513 1056 3600 1126 τὴν
3616 1054 3763 1122 γνῶσιν

567 1155 754 1225 opifex
809 1163 934 1219 est,
976 1169 1099 1224 quae
1133 1168 1256 1208 cum
1304 1153 1718 1224 incomparabili
1783 1167 1847 1206 ac
1892 1152 2132 1223 singular

2262 1156 2360 1226 τῆς
2411 1155 2672 1225 ἀληθείας
2735 1155 2983 1226 εἰληφότι
3043 1152 3513 1213 ἀποκαλύπτουσα,
3569 1150 3638 1202 ὅτι
3666 1146 3764 1217 αὑτὴ

567 1245 751 1302 l’atris
779 1288 794 1312 ,
830 1245 954 1302 Filii
1012 1246 1363 1317 Spir-ilusque
1393 1246 1564 1302 sancti
1597 1255 1792 1298 natura
1823 1245 1878 1298 in
1909 1245 2132 1314 ejusden

2267 1250 2402 1320 μόνη
2440 1252 2846 1320 προσκυνεῖται,
2886 1249 2978 1306 καὶ
3016 1249 3078 1301 οὐ
3113 1248 3181 1301 τὰ
3209 1247 3384 1300 πάντα
3405 1261 3419 1278 ³
3452 1245 3522 1307 ὡς
3559 1244 3638 1296 καὶ
3670 1241 3764 1308 αὑτὴ

569 1338 892 1394 substantiae
919 1341 1358 1393 communionem
1402 1337 1589 1392 venire
1622 1345 1917 1406 nequeunt.
1954 1335 2128 1402 Quem

2090 1352 2156 1390 ιι-
2267 1342 2404 1412 μόνη
2443 1343 2522 1406 είς
2545 1343 2717 1413 ὄνομα
2749 1343 2945 1413 ἑαυτῆς
2971 1340 3246 1411 βαπτίζει,
3276 1342 3369 1393 καὶ
3387 1339 3445 1391 οὐ
3473 1338 3535 1390 τά
3558 1337 3655 1389 ὅλα.

567 1432 858 1487 admodum
886 1433 934 1488 ei
973 1432 1217 1503 quidem,
1250 1434 1337 1487 cui
1369 1431 1442 1487 sit
1470 1431 1718 1486 veritatis
1778 1432 1962 1486 oblata
1998 1433 2260 1504 cognitio,
2318 1440 2601 1508 perspicue
2657 1440 2776 1509 ipsa
2813 1437 3390 1492 declaratzaiimirum
3428 1435 3584 1490 solam
3640 1431 3766 1499 ipsam

566 1524 899 1580 adorandam
929 1540 1082 1591 esse,
1138 1540 1248 1580 non
1275 1535 1597 1580 ceterarum
1625 1540 1811 1581 rerum
1849 1525 2152 1598 quidpiam,
2187 1545 2310 1584 cum
2337 1540 2392 1586 et
2415 1533 2533 1604 ipsa
2557 1533 2674 1588 sola
2707 1548 2810 1588 suo
2833 1533 2888 1586 in
2948 1547 3172 1587 nomine
3209 1530 3464 1602 baptizet,
3514 1531 3767 1580 εωίθῐοτιιω

566 1627 746 1674 autem
777 1620 831 1675 id
863 1619 1075 1674 nullum
1101 1617 1287 1673 faciat.

989 1753 1174 1809 AETll
1214 1753 1447 1812 CAPUT
1476 1753 1721 1810 XXXIV.

2632 1748 3030 1806 ΚΕΦΑΛΑΙΟΝ
3069 1745 3327 1801 ΑΕΤῙΟΥ
3346 1748 3460 1799 ΛΔθ.

637 1867 696 1922 Si
735 1866 1042 1924 substantia
1062 1870 1243 1925 omnis
1271 1870 1512 1940 ingenita
1535 1879 1652 1935 est,
1695 1870 1834 1926 nihil
1861 1884 1891 1924 a
1921 1886 1980 1927 se
2017 1871 2156 1926 invi-

2334 1863 2400 1917 Εἰ
2423 1864 2574 1917 πᾶσα
2609 1861 2764 1916 οὐσία
2790 1861 2938 1914 ἐστὶν
2961 1859 3278 1929 ἀγέννητος,
3307 1853 3617 1925 ουδοποτέρα
3635 1851 3770 1905 διοίσει

564 1971 685 2018 cem
725 1958 830 2014 hac
853 1973 920 2014 ex
970 1969 1124 2030 parte
1153 1959 1407 2016 diﬂ‘erent
1431 2001 1445 2023 .
1483 1961 1627 2032 quod
1682 1970 1873 2017 neutra
1912 1962 2129 2017 domina

2207 1954 2232 2008 3
2261 1956 2361 2026 τῆς
2412 1956 2578 2026 ἄλλης
2605 1955 2749 2008 κατὰ
2790 1953 2851 2007 τὸ
2876 1952 3194 2007 ἀδέσποτον.
3223 1950 3350 2012 Πῶς
3377 1943 3467 2002 οὖν
3498 1946 3556 2000 ἄν
3586 1963 3656 2010 τις
3678 1942 3772 2012 φαίη

565 2051 700 2106 tioei
741 2051 988 2122 subjecta
1017 2052 1090 2107 sit
1133 2052 1384 2107 alterius.
1423 2052 1606 2118 Quare
1629 2053 1855 2124 quinam
1903 2053 2130 2108 allirmar

2260 2050 2360 2119 τὴν
2396 2049 2496 2119 μὲν
2541 2046 2994 2120 μεταϐάλλεσθαι,
3054 2044 3154 2115 τὴν
3207 2043 3266 2096 δὲ
3323 2040 3670 2113 μεταϐάλλειν,
3705 2037 3772 2088 οὐκ

523 2179 530 2190 ν
566 2149 776 2212 potest,
832 2145 1032 2198 mutari
1085 2160 1252 2200 unam
1277 2185 1292 2210 ,
1324 2145 1551 2200 alteram
1606 2153 1848 2212 mutare,
1888 2160 2014 2200 cum
2049 2145 2088 2199 Ι]

2261 2140 2666 2211 ἐπιτρεπόντων
2693 2138 2770 2210 τῷ
2797 2137 2917 2208 Θεῷ
2950 2135 3239 2206 ὑφιστάναι
3273 2136 3339 2188 ὲκ
3373 2134 3445 2190 υιὴ
3478 2129 3773 2202 ὑποκειμένης

565 2235 790 2289 minime
838 2235 1178 2304 permittant,
1218 2242 1277 2289 ut
1311 2249 1377 2290 ex
1417 2235 1569 2290 nulla
1604 2235 1854 2306 subjecta
1902 2236 2161 2292 substan-
2260 2232 2483 2300 οὐσίας;

561 2327 639 2380 tia
663 2327 1041 2396 producatur?
2086 2313 2123 2331 Α

1051 2437 1365 2508 Confutatio
1397 2423 1592 2492 XXXI
1610 2437 1671 2492 V.

2800 2441 3134 2510 Ἀνατροπὴ
3181 2444 3306 2496 ΛΔν.

635 2549 901 2620 Quisquis
929 2551 1215 2606 veritatem
1257 2551 1593 2623 oppugnavit
1625 2550 1919 2622 aliquando
1941 2593 1957 2618 ,
1992 2565 2160 2608 vocu-

2326 2557 2443 2621 Πᾶς
2479 2575 2563 2621 τις
2585 2556 2694 2610 τῶν
2734 2556 3244 2609 ἀντικαταστάντων
3282 2558 3352 2625 τῇ
3383 2552 3617 2625 ἀληθείᾳ,
3650 2566 3771 2605 κατα·

560 2639 630 2694 lis
657 2642 988 2710 quibusdam
1027 2642 1094 2696 ad
1154 2643 1504 2713 injiciendam
1567 2642 1982 2698 admirationem
2045 2645 2125 2699 col

2254 2650 2573 2721 πληκτικῶς
2621 2649 2952 2715 ἐπισυνάξας
3011 2647 3190 2718 ἑαυτῷ
3231 2647 3466 2716 λογίδια,
3516 2644 3644 2710 ἔδοξέ
3673 2657 3772 2694 τισιν

560 2730 748 2794 lectis,
780 2732 848 2785 ad
899 2733 1192 2787 evertenda
1247 2748 1404 2788 sacra
1434 2733 1686 2804 dogmata
1735 2733 2125 2804 impressioner

2251 2742 2665 2814 ἀνατρεπτικῶς
2713 2743 3095 2813 ἐπισκήπτειν,
3153 2741 3249 2795 καὶ
3305 2740 3418 2794 ἀπὸ
3466 2741 3563 2808 τῆς
3597 2733 3772 2800 ζωτικῆς

561 2820 744 2878 facere
784 2825 936 2879 visus
977 2832 1096 2888 est,
1123 2823 1294 2894 983
1325 2833 1490 2894 atque
1520 2840 1550 2878 a
1581 2826 1708 2879 vitae
1738 2826 1957 2879 tramite
1986 2825 2126 2880 dedu

2251 2835 2373 2888 ὀδοῦ
2406 2833 2737 2906 μεταφέρειν
2783 2833 2879 2888 καὶ
2902 2832 3290 2904 λυμαίνεσθαι·
3315 2831 3396 2894 ὡς
3411 2823 3558 2892 οὗτος
3575 2829 3600 2881 ό
3625 2823 3774 2880 ’Δέτιος

559 2929 704 2979 cere,
743 2929 807 2968 ac
836 2915 1132 2986 perniciem
1163 2915 1376 2970 afferre.
1402 2914 1560 2982 Quod
1596 2917 1782 2972 Aetius
1813 2916 1975 2971 modo
2004 2916 2124 2972 facil

2251 2927 2347 2980 νῦν
2375 2927 2472 2998 μὲν
2495 2927 2653 2996 φύσει
2693 2926 2751 2978 ὲν
2779 2925 2855 2996 τῷ
2894 2926 3044 2998 ρητῷ
3081 2924 3256 2996 τούτῳ
3281 2921 3450 2994 μηδὲν
3474 2921 3632 2988 λέγων
3655 2931 3775 2970 κατα·

559 3005 653 3075 qui
683 3021 807 3058 cum
840 3005 943 3059 hoc
974 3005 1030 3059 in
1056 3007 1236 3076 capite
1266 3005 1400 3060 nihil
1437 3007 1665 3060 omnino
1694 3005 1842 3059 dicat
1870 3047 1885 3072 ,
1917 3005 2124 3060 rudiori

2251 3019 2510 3089 πλήττειν
2555 3018 2704 3072 δοκεῖ
2737 3018 2864 3081 τοὺς
2895 3016 3210 3088 ἀκεραίους,
3254 3015 3318 3068 ὲκ
3354 3010 3599 3084 περιττοῦ
3633 3007 3690 3061 τὰ
3715 3004 3775 3056 ὑπ’

558 3097 662 3151 bus
685 3105 865 3151 tamen
912 3093 1096 3150 fucum
1126 3096 1307 3151 facere
1360 3111 1425 3151 ac
1456 3105 1663 3152 terrere
1692 3097 1926 3164 videtur,
1964 3096 2123 3153 eadcr

2250 3108 2415 3163 αὐτοῦ
2437 3109 2703 3180 λεγόμενα
2735 3109 2931 3176 λέγων,
2962 3107 3205 3178 ὀνόματι,
3237 3105 3311 3169 ὡς
3340 3103 3530 3158 εἴωθεν
3559 3102 3616 3154 ὲκ
3642 3111 3776 3167 περιτ-

559 3186 627 3241 ad
653 3187 933 3242 fastidium
968 3202 1141 3257 usque
1180 3194 1468 3258 repetens,
1510 3203 1573 3242 ac
1622 3189 1966 3243 vocabulum,
1993 3187 2124 3244 illud

2248 3207 2344 3261 τοῦ
2388 3206 2706 3277 προφέρειν,
2749 3205 2844 3258 καὶ
2878 3205 2936 3257 ὲν
2981 3202 3060 3274 τῷ
3091 3201 3322 3272 παρόντι
3353 3198 3530 3269 καιρῷ
3565 3189 3777 3265 κεχρημέ-

556 3277 704 3348 quod
737 3276 1030 3334 identidem
1065 3293 1499 3335 commemorare
1535 3281 1710 3345 solet,
1743 3281 1846 3336 hoc
1868 3281 1990 3336 loco
2025 3296 2121 3352 pe;

2212 3307 2222 3360 ι
2249 3316 2358 3362 νος.
2389 3276 2464 3350 Ub
2500 3296 2610 3368 γὰρ
2646 3296 2797 3348 πᾶσα
2835 3295 2995 3347 οὐσία
3027 3291 3323 3362 ἀγέννητος
3358 3292 3489 3360 παρ’
3520 3288 3679 3347 αὐτοῖς
3700 3283 3777 3339 τοῖς

557 3383 744 3441 peram
777 3385 1073 3440 usurpans.
1126 3369 1294 3441 igitur
1331 3385 1440 3425 non
1486 3371 1794 3426 substantia
1828 3372 2008 3427 omnis
2061 3385 2122 3427 sa

2249 3389 2492 3451 συνετοῖς
2538 3386 2882 3458 ὁμολογεῖται
2908 3401 2922 3416 ο
2973 3385 3096 3438 ἐπεὶ
3146 3384 3295 3436 πᾶσα
3367 3383 3435 3436 ἂν
3487 3375 3773 3443 ὲθεολογεῖτο.

555 3461 805 3532 picatum
861 3461 1072 3531 judicio
1104 3469 1369 3518 censetur
1424 3463 1664 3533 ingenita
1690 3503 1706 3528 ,
1761 3463 1965 3533 alloqui
1999 3462 2120 3518 null

2247 3480 2322 3534 Οὐ
2345 3477 2536 3532 πασῶν
2566 3478 2624 3532 δὲ
2657 3476 3090 3546 θεολογουμένων
3144 3472 3252 3527 τῶν
3280 3473 3342 3526 οὐ
3353 3472 3504 3540 σιῶν,
3531 3466 3652 3523 ἀλλά
3689 3462 3777 3534 μιᾶς

554 3569 664 3608 non
689 3553 875 3608 divina
906 3561 1262 3609 statueretur.
1290 3555 1429 3611 ουω
1469 3571 1600 3626 ergo
1632 3572 1740 3610 non
1772 3555 2029 3610 omnibus
2062 3554 2116 3609 di

2246 3555 2400 3642 παρά
2447 3570 2648 3633 πάσας,
2711 3570 2834 3639 ἣτις
2863 3568 2982 3620 ἐστὶ
3010 3566 3201 3635 Θεότης
3249 3565 3350 3635 μία
3391 3567 3448 3618 ὲν
3477 3560 3669 3634 Τριάδι,
3697 3553 3776 3612 tuis

553 3645 757 3700 vinitas
791 3641 1088 3708 tribuatur,
1125 3646 1220 3700 sed
1253 3645 1346 3698 uni
1375 3661 1486 3713 prre
1512 3646 1748 3708 caeteris,
1773 3660 1894 3715 qua:
1925 3656 2009 3700 est
2040 3660 2118 3699 una

2246 3641 2341 3720 ἔτι
2384 3664 2844 3734 ὑπολειφθήσεται
2887 3660 2966 3731 τῷ
3003 3659 3234 3729 γεννάδα
3261 3657 3442 3727 τούτῳ
3466 3657 3525 3710 τὸ
3557 3649 3777 3714 καταπλη-

555 3735 612 3789 in
647 3734 919 3790 Triuitate
955 3735 1396 3805 «livinitaszquid
1430 3737 1651 3790 tandem
1681 3736 1902 3806 egregio
1944 3735 2021 3789 illi
2059 3750 2120 3791 re

2246 3757 2434 3812 κτικὸν
2487 3754 2651 3810 αὐτοῦ
2685 3755 2884 3824 χωρεῖν
2921 3752 3013 3804 ἐπὶ
3041 3751 3167 3814 τοὺς
3219 3751 3372 3813 υἱοὺς
3413 3749 3513 3818 τῆς
3549 3741 3774 3815 ἀληθείαςς

555 3825 836 3895 linquetur
857 3865 873 3889 ,
929 3841 1040 3895 quo
1071 3825 1315 3881 veritatis
1370 3825 1499 3881 liliis
1534 3834 1798 3881 terrorem
1828 3827 2118 3882 admiratio

2247 3851 2446 3904 Διοίσει
2474 3849 2530 3903 δὲ
2561 3847 2657 3902 καὶ
2683 3845 2922 3917 ὁποτέρα
2935 3844 3034 3914 τῆς
3049 3842 3315 3913 ὁποτέρας
3334 3857 3348 3870 ⁸
3383 3842 3467 3896 ὅτι
3497 3841 3530 3910 ἡ
3557 3827 3776 3908 μὲνΤριᾶς

555 3931 789 3985 nemque
840 3917 1013 3986 possit
1061 3916 1351 3970 incutere?
1401 3916 1505 3972 Sed
1548 3926 1602 3972 et
1635 3918 1806 3972 altera
1853 3917 1924 3973 ab
1979 3919 2120 3973 alter.

2246 3941 2442 4004 κτίζει,
2483 3940 2550 3994 τά
2580 3939 2638 3992 δὲ
2669 3916 2971 3991 πάνταάτε
3007 3933 3178 4003 αὐτῆς
3208 3933 3520 3986 κέκτισται.
3541 3928 3684 3992 Kal?)
3713 3918 3778 3990 μὲν

553 4004 929 4075 discrepabit,
987 4019 1054 4060 eo
1098 4007 1242 4074 quod
1287 4005 1531 4061 Trinitas
1563 4013 1746 4072 creat,
1789 4014 1984 4061 caetera
2022 4023 2118 4062 veri

2249 4031 2400 4086 ἐστιν
2447 4030 2757 4094 ἀδέσποτος,
2800 4027 2868 4082 τά
2914 4026 2972 4080 δὲ
3005 4026 3096 4079 ὑπ’
3133 4025 3306 4094 αὐτῆς
3345 4023 3610 4093 γενόμενα
3639 4009 3779 4070 δεσπό-

553 4094 625 4149 ab
681 4095 797 4163 ipsa
859 4103 1122 4150 creantur
1164 4096 1368 4149 omnia.
1431 4095 1524 4149 Illa
1582 4095 1786 4152 nullius
1843 4095 2118 4152 dominatu

2247 4129 2417 4190 ζεται.
2455 4125 2565 4178 Καὶ
2609 4127 2642 4196 ὴ
2705 4122 2806 4194 μὲν
2854 4116 3271 4191 μεταϐάλλεται,
3312 4116 3347 4187 ἡ
3386 4115 3445 4169 δὲ
3491 4107 3780 4182 ἀπαράϐατσν

552 4186 803 4258 subjecta
837 4193 942 4254 est;
987 4187 1101 4242 haec
1130 4187 1277 4242 illius
1308 4187 1565 4258 potestati
1604 4194 1735 4243 sunt
1785 4187 2030 4244 subdita.
2066 4189 2117 4242 At

2245 4215 2358 4287 ἔχει
2385 4215 2484 4287 τὴν
2503 4214 2684 4284 φύσιν,
2719 4209 3132 4282 μεταϐάλλουσα
3150 4207 3238 4261 ἀεὶ
3263 4207 3334 4261 τὰ
3365 4207 3459 4260 ὑπ’
3485 4202 3641 4272 αὐτῆς
3662 4209 3777 4268 μετα-

551 4281 668 4336 haec
721 4280 826 4335 ista
872 4279 1272 4335 mutationibus
1305 4279 1544 4334 obnoxia
1594 4288 1762 4345 sunt,
1821 4280 1911 4335 illa
1955 4290 2112 4352 suapt

2244 4305 2569 4376 ϐαλλόμενα,
2592 4304 2686 4358 καὶ⁸
2712 4302 2884 4368 ὲξοῦκ
2911 4301 3080 4353 ὄντων
3106 4298 3206 4361 τὰς
3235 4297 3427 4361 οὐσίας
3453 4297 3545 4350 καὶ
3569 4292 3657 4355 τὰς
3683 4289 3776 4341 ὑπο·

552 4384 750 4428 natura
811 4371 1166 4426 immutabilis
1199 4379 1319 4438 est,
1370 4377 1425 4425 et
1471 4371 1732 4426 inferiora
1769 4373 1956 4426 omnia
1997 4388 2117 4427 com

2246 4371 2466 4463 στάσεις
2504 4398 2734 4468 ὑφιστᾷν
2767 4394 3066 4465 δυναμένη.
3105 4390 3278 4444 Τοῦτο
3313 4391 3424 4461 γάρ
3453 4392 3564 4442 ἐστι
3589 4375 3777 4468 συμπρέξ

553 4470 751 4525 mutat,
784 4477 1016 4532 quorum
1043 4469 1272 4517 naturas
1298 4472 1352 4516 et
1383 4463 1725 4518 substantias
1753 4478 1784 4518 e
1816 4463 1991 4517 nihilo
2020 4478 2118 4533 pro

2246 4510 2348 4546 πον
2391 4490 2532 4560 Θεῷ.
2577 4491 2641 4543 ἐκ
2677 4489 2754 4560 μὴ
2799 4486 3177 4556 ὑποκειμένων
3205 4484 3300 4537 καὶ
3329 4483 3390 4550 ἐξ
3420 4483 3520 4536 οὐκ
3549 4480 3694 4534 ὄντων
3715 4467 3777 4523 ὑπ’

551 4559 753 4608 ducere
783 4560 981 4622 potest.
1013 4551 1129 4607 Hoc
1156 4553 1301 4607 enim
1339 4551 1452 4609 Deo
1486 4554 1762 4623 congruit,
1813 4561 1872 4607 ut
1902 4570 1966 4610 ex
1997 4554 2116 4608 null

2254 4543 2312 4546 "'
2331 4543 2338 4545 ‘
2408 4543 2420 4545 “
2445 4543 2454 4544 ί
2483 4543 2496 4561 ι
2519 4543 2531 4552 ν
2677 4543 2690 4560 ι
2742 4543 2754 4559 ι
3000 4543 3012 4556 1
3370 4543 3389 4550 -

2251 4585 2416 4640 αὐτοῦ
2445 4583 2860 4654 γεγεννημένων
2907 4583 2999 4635 καὶ
3038 4579 3392 4634 ὑποστάντων
3425 4575 3567 4632 κατά
3587 4572 3670 4643 τὴν
3695 4567 3776 4620 δισ-

551 4642 830 4698 substrata
858 4642 1081 4695 materia
1109 4682 1125 4706 ,
1176 4649 1229 4696 ct
1263 4657 1328 4697 ex
1365 4644 1536 4697 nihilo
1581 4645 1973 4712 productarum
2027 4660 2058 4698 a
2090 4660 2116 4699 s

1846 4659 1973 4746 Tum
2027 4660 2058 4698 ³
2090 4660 2149 4699 se
2181 4649 2227 4708 ί)
2251 4677 2520 4748 κόσμησιν
2552 4658 2980 4746 μετασκευάζειν
3018 4673 3094 4734 ὡς
3138 4669 3411 4741 βούλεται.

553 4750 738 4788 rerum
774 4748 839 4788 ac
887 4733 1305 4790 subsistentium
1334 4735 1584 4789 ordinem
1615 4735 2142 4807 dispositionemque

553 4842 652 4896 pro
687 4843 787 4882 sua
825 4827 1101 4882 voluntate
1128 4833 1326 4882 mutet.

976 4962 1163 5018 AETII
1213 4962 1446 5019 CAPUT
1486 4961 1711 5020 XXXV.

2623 4941 3019 4998 ΚΕΦΑΛΑΙΟΝ
3047 4937 3305 4994 ΑΕΤῙΟΥ
3336 4941 3464 4996 ΛΕ’.

632 5070 691 5125 Si
711 5074 1020 5129 substantia
1040 5053 1231 5132 omnis
1253 5077 1495 5148 ingenita
1522 5084 1607 5132 est
1631 5115 1646 5140 ,
1675 5073 1899 5145 perinde
1919 5081 1976 5131 et
1999 5075 2149 5129 nulla

2250 5095 2258 5100 ι
2324 5058 2390 5111 Εἰ
2415 5059 2563 5112 πᾶσα
2583 5058 2742 5112 οὐσία
2785 5056 2934 5110 ἐστὶν
2969 5053 3282 5122 ἀγέννητος.
3333 5049 3488 5109 πᾶσά
3501 5047 3776 5148 ὲστινξπαίν

557 5162 837 5217 variabilis
883 5173 988 5220 est.
1033 5165 1191 5230 Quod
1225 5168 1270 5223 si
1313 5138 1521 5223 variari
1563 5138 1869 5222 substantia
1905 5181 2015 5220 non
2045 5181 2116 5236 po

2260 5154 2546 5216 ἀλλακτος.
2613 5150 2726 5218 Τῆς
2759 5147 2948 5210 οὐσίας
2997 5145 3058 5198 τὸ
3109 5143 3529 5215 ἀπαράλλακτον
3575 5138 3775 5236 ὲζούσςηςι

554 5259 680 5317 test,
717 5265 880 5322 agere
917 5263 971 5306 et
1023 5227 1131 5323 pati
1184 5256 1250 5310 ad
1277 5255 1562 5312 fortuitum
1596 5255 1886 5326 quemdam
1945 5227 2119 5311 casun

2246 5241 2309 5294 τὸ
2331 5243 2503 5296 ποιεῖν
2527 5257 2588 5294 τε
2618 5240 2713 5293 καὶ
2738 5240 2800 5292 τὸ
2824 5239 3056 5308 πάσχειν
3091 5232 3487 5307 αὐτοματισμῷ
3524 5227 3775 5283 ἀναθετέῡνι

554 5344 842 5401 referenda
890 5355 1036 5400 sunt.
1095 5345 1250 5411 Quod
1297 5351 1341 5403 si
1397 5350 1569 5404 multa
1615 5349 1747 5405 sunt
1799 5347 2040 5418 ingenita
2090 5362 2119 5401 e

2249 5331 2468 5386 Πολλῶν
2520 5331 2576 5384 δὲ
2615 5331 2786 5384 ὄντων
2849 5329 3164 5399 ἀγεννήτων
3217 5325 3312 5380 καὶ
3355 5319 3776 5418 (impollutam:

553 5437 897 5494 invariabilia
924 5480 938 5504 ,
976 5439 1126 5494 nullo
1160 5441 1377 5493 certova‘
1401 5456 1461 5495 se
1494 5441 1726 5496 invicem
1751 5455 1984 5495 numero
2014 5439 2118 5493 dis-

2248 5422 2635 5494 ἀναριθμήτως
2687 5421 2976 5474 διοίσουσιν
3021 5418 3287 5488 ἀλλήλων.
3335 5417 3410 5469 Οὐ
3475 5413 3579 5504 γὰρ
3631 5407 3686 5459 ἂν
3717 5407 3777 5504 εἰη

553 5528 875 5598 crepabunt.
917 5524 1104 5597 Neque
1137 5526 1282 5580 enim
1337 5527 1729 5596 comprehendi
1761 5539 1993 5580 numero
2048 5537 2116 5592 po

2247 5486 2530 5587 dptépq'rdt‘
2569 5513 2637 5569 τὰ
2687 5507 2972 5574 διεστῶτα,
3022 5510 3056 5580 ἢ
3086 5486 3337 5573 καθόλου,
3367 5507 3402 5577 ἢ
3433 5502 3571 5598 καῖά
3598 5486 3780 5598 τι..τῇ

554 5581 760 5682 terunt,
789 5633 910 5687 qua:
939 5581 1032 5675 vei
1070 5617 1357 5682 absolute,
1399 5581 1482 5671 vel
1515 5618 1699 5686 aliqua
1736 5633 1806 5673 ex
1847 5624 2004 5689 parte
2039 5581 2119 5670 dif

2251 5625 2352 5679 σης
2375 5606 2708 5670 διαστάσεως
2725 5601 3110 5674 ἁποκλήρωσίν
3128 5618 3252 5654 τινα
3273 5596 3631 5671 ἐμφαινούσης
3647 5581 3779 5641 αἰτέω

557 5710 775 5772 lerunt,
820 5725 942 5767 cum
995 5710 1305 5767 dill'erentia
1333 5709 1514 5764 omnis
1551 5709 1929 5764 determinatam:
1961 5720 2122 5762 causa

1726 5709 1929 5764 ninatae
1961 5719 2145 5762 causae
2250 5698 2698 5770 ἀποτεταγμένης
2724 5697 3024 5766 ἀγεννήτου
3055 5693 3291 5762 φύσεως.

550 5800 607 5853 in
664 5798 901 5865 ingenita
959 5813 1154 5861 natura
1213 5802 1361 5860 velut
1415 5803 1734 5859 attributam
1793 5808 1997 5857 sortem
2063 5799 2142 5856 si-

547 5885 796 5959 gniﬁcet.
