3964 6424
211 358 326 413 625
342 414 347 417 .

759 493 816 549 Ἀ
824 497 1090 565 νατροπὶὴ
1146 497 1265 552 A'E'.

291 582 368 636 οὐ
414 583 565 636 πᾶσα
601 581 758 639 οὐσία
798 588 1093 658 ἀγέννητος
1118 604 1132 617 ’
1183 589 1390 658 ἠλίθιον
1439 606 1549 660 γαρ
1583 592 1677 643 καὶ
1734 589 1795 642 τὸ

218 667 564 739 διανοεῖσθαι,
605 673 698 729 καὶ
731 675 1050 749 Ἑλληνικῆς
1096 679 1369 748 ἀγνωσίας
1414 675 1567 744 οὗτος
1596 683 1625 734 ὁ
1648 680 1793 749 λογι-

220 763 383 833 σμὸς,
414 765 507 817 καὶ
538 764 600 819 τὸ
631 756 985 836 ἀπόφθεγμα,
1019 768 1121 823 κᾶν
1156 786 1216 822 τε
1258 768 1661 838 ἀπφαντικῶς,
1697 768 1796 824 κᾶν

218 868 284 906 τε
311 854 653 926 ἐρωτητικῶς
681 857 757 928 τῷ
790 860 978 930 Ἀετίῳ
1002 860 1238 933 εἴρηται.
1264 861 1430 932 Δῆλον
1452 861 1510 915 δὲ
1553 862 1634 916 ὅτι
1659 862 1799 932 ἐρωη

219 944 481 1014 τητικῶς.
528 946 793 1019 Ἑλλήνων
834 950 1015 1004 τοίνυν
1059 953 1257 1016 παῖδας
1304 952 1463 1006 τοῦτο
1503 951 1792 1023 ἐρωτάτω·

220 1039 466 1092 κάκεῖνοι
482 1035 538 1093 δὲ
567 1040 717 1111 αὐτῷ
735 1040 1165 1097 συντιθέσθωσαν
1189 1042 1347 1098 τοῦτο
1363 1043 1507 1115 ἔχειν
1525 1045 1591 1097 ὲκ
1618 1041 1799 1096 συλλο-

220 1129 439 1201 γισμῶν
485 1130 547 1184 τὸ
596 1130 878 1203 ἐρώτημα,
930 1132 1063 1206 ὓλην
1103 1134 1227 1189 τινὰ
1253 1135 1546 1206 σύγχρονον
1575 1134 1653 1206 τῷ
1679 1133 1799 1204 Θεῷ

222 1219 647 1289 ἐπιφημίζοντες
670 1237 686 1254 ⁶
734 1221 1040 1281 ἁλισκέσθω
1073 1223 1131 1277 δὲ
1176 1223 1293 1295 ἅμα
1318 1224 1567 1290 ἐκείνοις,
1596 1228 1645 1279 εἰ
1672 1242 1798 1280 συν-

221 1310 445 1374 τιθοῖτο,
481 1311 709 1384 ἐχούσης
735 1313 836 1383 τῆς
867 1313 1126 1385 ἀληθείας
1161 1315 1219 1368 ἓν
1250 1312 1389 1370 εἶναι
1419 1315 1480 1369 τὸ
1504 1315 1711 1383 ποιοῦν,
1742 1319 1800 1371 ὲν

226 1402 331 1472 μιᾷ
375 1401 531 1473 οὐσίᾳ
560 1403 789 1475 Τριάδος
816 1405 1051 1472 τελείας,
1076 1406 1173 1461 καὶ
1203 1406 1265 1459 οὐ
1306 1405 1450 1461 κατά
1476 1408 1803 1479 συναλοιφὴν

222 1490 650 1562 ἀριθμουμένης.
686 1492 767 1545 Τά
807 1492 850 1545 δ’
891 1492 1027 1546 ἄλλα
1059 1492 1237 1547 πάντα
1260 1495 1514 1565 γεννητὰ,
1559 1497 1654 1549 καὶ
1683 1513 1802 1549 κτι-

225 1580 350 1645 στά,
388 1581 482 1635 καὶ
526 1583 626 1636 οὐκ
668 1583 957 1655 ἀγέννητα.
985 1584 1097 1655 Τῆς
1151 1583 1209 1639 δὲ
1248 1585 1501 1655 θεότητος
1545 1586 1801 1640 ἁκτίστου

222 1671 414 1744 οὔσης,
471 1674 686 1746 Πατρὸς
736 1674 837 1745 μὲν
884 1674 1201 1744 γεννῶντος,
1256 1677 1386 1731 Υἱοῦ
1431 1678 1486 1731 δὲ
1519 1677 1801 1747 γεννητοῦ,

224 1762 540 1834 Πνεύματος
568 1764 623 1818 δὲ
649 1764 805 1834 ἁγίου
827 1765 886 1831 ἐξ
929 1764 1094 1819 αὑτοῦ
1125 1766 1537 1838 ἀπεσταλμένον
1560 1766 1653 1819 τοῦ
1690 1767 1802 1819 Πα-

222 1832 493 1927 {plagae}.
508 1856 614 1912 τῶν
624 1832 718 1911 τοΰ
738 1855 867 1910 Υἱοῦ
884 1856 1272 1927 λαμϐάνοντος,
1300 1832 1516 1913 πάντων
1544 1857 1601 1910 δὲ
1635 1856 1802 1910 ὄντων
1833 1832 1881 1889 Β

225 1947 621 2018 κεκτισμένων,
652 1947 744 2002 τοῦ
784 1950 841 2004 δὲ
872 1950 1292 2021 ἀπαραλλάκτου
1349 1951 1416 2020 τῇ
1445 1948 1672 2018 δυνάμει
1709 1947 1805 2018 μέ-

226 2055 432 2103 νοντος,
461 2039 874 2112 συμπρέποντος
900 2045 963 2096 ὲν
994 2044 1061 2113 τῇ
1097 2040 1307 2113 Τριάδι,
1343 2040 1523 2110 πάσης
1554 2038 1806 2110 θεότητος

224 2131 326 2186 ἐπὶ
345 2131 435 2187 τὸν
485 2132 707 2202 Πατέρα
759 2133 1192 2205 ἀναφερομένης.
1221 2131 1309 2186 διά
1352 2132 1414 2185 τὸ
1449 2129 1667 2198 εὔλογον
1712 2130 1806 2184 καὶ

223 2210 474 2276 ἄπτωτον
504 2222 605 2292 τῆς
648 2223 893 2293 μονάδος,
934 2225 1028 2277 καὶ
1053 2223 1113 2276 τὸ
1137 2222 1482 2294 ἀναιρετικὸν
1512 2222 1610 2290 τῆς
1642 2221 1805 2274 πολυ-

226 2314 400 2376 (istac,
442 2313 504 2366 τὸ
543 2314 641 2384 μὲν
669 2313 1086 2386 ἀπαράλλακτον
1130 2314 1279 2386 μένει
1303 2316 1368 2385 τῇ
1395 2314 1645 2385 δυνάμει,
1668 2312 1729 2366 τὸ
1748 2312 1807 2365 δὲ

224 2406 450 2474 εὔλογον
486 2408 914 2477 συμπρεπόντως
956 2407 1299 2476 ἀναλογεῖται
1332 2404 1464 2459 Υἱοῦ
1508 2405 1646 2476 πρὸς
1680 2406 1807 2457 Πα-

224 2504 383 2568 τέρα.
433 2496 527 2549 καὶ
573 2497 727 2564 ἁγίου
784 2496 1123 2566 Πνεύματος.
1160 2497 1359 2551 ,Τοίνυν
1402 2496 1607 2551 τούτων
1634 2495 1807 2559 οὓτως

225 2588 481 2657 ἑχόντων,
537 2586 597 2652 ἐξ
639 2580 903 2657 ὑπαρχῆς
947 2588 1191 2639 πεσεῖται
1232 2585 1335 2655 τῆς
1370 2583 1667 2655 ἐπιϐουλῆς
1709 2582 1806 2637 τοῦ

225 2682 584 2750 ἐρωτήματος
636 2678 670 2748 ὴ
719 2677 951 2731 ἐπίνοια.
993 2678 1067 2731 Οὐ
1115 2677 1224 2748 γὰρ
1267 2676 1436 2731 πολλά
1468 2676 1537 2730 τά
1560 2675 1809 2746 ἀπαράλ-

225 2770 425 2825 λακτα.
462 2768 597 2822 ἀλλά
631 2770 664 2838 ἡ
705 2770 805 2839 μία
837 2769 1008 2840 Τριὰς
1040 2769 1097 2822 ἐν
1129 2768 1337 2838 μονάδι,
1363 2769 1457 2821 καὶ
1490 2768 1585 2838 μία
1619 2767 1808 2839 θεότης

226 2862 287 2916 ἑν
315 2860 524 2931 Τριάδι.
544 2859 623 2913 Τὰ
656 2860 699 2912 δ’
726 2859 864 2914 ἄλλα
918 2860 1096 2913 πάντα
1129 2858 1459 2931 ἀφέστηκεν,
1492 2858 1615 2913 οὔτε
1647 2860 1807 2912 αὑτο-

230 2960 492 3023 ματισμῷ
514 2951 703 3022 ἔχοντα
722 2950 783 3003 τὸ
814 2952 1126 3022 πάσχειν,οῆ
1150 2954 1342 3014 ποιεῖν,
1368 2951 1493 3006 οὔτε
1524 2952 1623 3023 τῆς
1649 2951 1809 3021 ἁγίας

228 3044 484 3114 Τριάδος,
514 3046 571 3097 ὲν
601 3044 679 3115 τῷ
729 3062 784 3098 τι
835 3047 1026 3108 ποιεῖν,
1059 3042 1363 3115 δυναμένης
1420 3043 1669 3114 πάσχειν.
1708 3043 1809 3112 τῆς

859 379 1222 439 ADVERSUS
1256 380 1596 439 HIERESES
1632 380 1762 437 LIB.
1803 378 1895 450 lli,
1936 381 2101 439 TUM.
2144 385 2255 440 l.-—
2298 384 2571 441 HASRES.
2611 384 2844 442 LXXVI.

3356 381 3464 440 636

2391 500 2697 570 Confulntio
2737 500 2896 556 XXX
2912 498 2971 557 ν.

1967 588 2085 645 Νοη
2112 590 2291 645 omnis
2312 592 2618 646 substantia
2651 592 2887 662 ingenita
2941 591 3048 647 dici
3081 599 3284 663 potest,
3322 594 3467 664 quod

1895 683 1980 738 vel
2006 683 2189 737 animo
2217 683 2506 754 concipere
2554 683 2811 739 stolidum
2845 691 2959 748 est,
2988 692 3159 755 atque.
3195 685 3265 741 ab
3292 685 3467 756 genti-

1896 777 2028 831 lium
2062 778 2369 848 ignorantia
2395 792 2460 833 ca
2491 778 2575 833 vel
2606 779 2867 849 cogitatio
2918 781 3003 834 vel
3045 782 3312 837 sententia
3342 797 3472 852 pro-

1895 867 2180 949 ﬁciscitur,
2207 869 2325 925 sive
2348 868 2692 933 allirmando,
2721 869 2839 924 sive
2878 870 3264 941 interrogando
3290 873 3468 928 solum

1895 959 2086 1015 Aetius
2148 960 2265 1035 ista,
2326 961 2634 1031 protulerit.
2702 958 3026 1031 Quanquam
3084 962 3471 1034 interrogando

1900 1051 2044 1106 istud
2085 1052 2302 1120 quidem
2334 1068 2633 1123 usurpasse
2676 1053 2911 1108 videtur.
2940 1053 3122 1120 Quare
3146 1054 3214 1109 de
3252 1054 3470 1125 gentili-

1900 1143 2003 1197 bus
2035 1143 2135 1198 ista
2173 1144 2503 1210 sciscitetur,
2533 1152 2698 1214 atque
2740 1145 2809 1199 ab
2847 1145 2956 1200 illis
2980 1145 3085 1201 hoc
3115 1145 3262 1215 quod
3307 1146 3362 1199 iu
3388 1145 3469 1199 ἰη-

1900 1233 2262 1303 terrogatione
2303 1247 2401 1289 sua
2441 1248 2506 1287 ex
2558 1233 3069 1289 ratiocinationibus
3109 1234 3336 1290 collecta
3375 1248 3472 1304 po-

1900 1322 2030 1386 suit,
2059 1322 2392 1391 concedatur
2420 1323 2595 1378 ultro:
2629 1325 2912 1378 materiam
2942 1340 3063 1380 esse
3087 1323 3469 1396 Mquama

1900 1413 2025 1467 dam
2052 1454 2068 1479 ,
2101 1429 2222 1485 quae
2274 1422 2517 1485 tempore
2566 1429 2692 1468 cum
2724 1412 2832 1469 Deo
2869 1414 2941 1469 sit
2992 1416 3219 1485 aqualis
3244 1456 3258 1478 ,
3297 1414 3391 1471 sed
3422 1421 3478 1471 et

1902 1518 2008 1557 una
2033 1518 2157 1558 cum
2184 1504 2312 1568 illis,
2341 1505 2529 1561 eadem
2554 1505 2602 1560 si
2630 1505 2853 1570 sentiat,
2884 1505 3241 1560 convincatur
3266 1504 3474 1562 Aetius.

1901 1593 2036 1648 Nam
2074 1595 2274 1651 veritas
2303 1595 2523 1665 quidem
2556 1595 2674 1666 ipsa
2702 1610 2867 1649 unam
2894 1609 3017 1651 esse
3037 1602 3226 1651 censet
3249 1594 3487 1651 eﬂicien—

1904 1693 2012 1741 tem
2043 1700 2287 1748 causam,
2314 1685 2460 1756 quod
2505 1686 2561 1740 in
2591 1701 2702 1741 una
2731 1694 2785 1741 et
2807 1685 2996 1742 eadem
3021 1685 3327 1742 substantia
3358 1700 3472 1756 per-

1907 1774 2047 1830 fecta
2092 1772 2377 1838 Trinitas,
2427 1773 2547 1829 sine
2597 1774 2709 1830 ulla
2768 1773 3093 1830 confusione
3140 1782 3478 1830 numeretur.

1907 1864 2133 1935 Reliqua
2171 1879 2303 1920 vero
2352 1866 2536 1921 omnia
2569 1866 2710 1921 facta
2752 1880 2817 1920 ac
2848 1872 3131 1936 procreata
3173 1874 3300 1923 sunt
3324 1850 3347 1930 ,’
3371 1881 3480 1921 non

1906 1955 2165 2027 ingenita.
2200 1942 2467 2012 Divinitas
2502 1971 2632 2011 vero
2661 1970 2693 2010 a
2724 1956 2887 2011 nullo.
2907 1964 3127 2011 creatur
3151 1995 3167 2020 ,
3193 1955 3484 2033 sed_Pater

1906 2047 2096 2118 gignit,
2134 2045 2303 2101 Filius
2330 2047 2547 2116 genitus
2571 2054 2690 2111 est;
2724 2046 2962 2117 Spiritus
2996 2056 3225 2103 sanctus
3262 2061 3292 2101 a
3323 2046 3486 2104 Patro

1907 2138 2111 2194 missus
2141 2144 2248 2201 est,
2286 2147 2340 2193 et
2366 2152 2395 2191 a
2433 2135 2572 2193 Filio
2599 2137 2837 2207 accipit;
2881 2146 3079 2195 caetera
3125 2152 3257 2194 vero
3301 2136 3484 2194 creata

1906 2234 2056 2293 sunt,
2087 2235 2251 2299 atque
2288 2227 2405 2298 ipse
2450 2226 2594 2284 Deus
2647 2228 3005 2284 immutabilis
3027 2228 3229 2284 virtute
3261 2244 3479 2299 perma-

1907 2331 2044 2371 nens
2090 2324 2457 2388 congruenter
2503 2316 2557 2372 in
2591 2316 2864 2373 Trinitate
2913 2318 3187 2373 consistit.
3215 2317 3492 2379 Caeterum

1906 2404 2166 2461 divinitas
2198 2405 2376 2462 omnis
2410 2405 2478 2460 ad
2506 2404 2722 2461 Patrem
2770 2403 3008 2460 refertur
3030 2444 3046 2465 ,
3076 2404 3223 2475 quod
3246 2405 3327 2477 ita
3353 2419 3484 2459 con~

1908 2505 2229 2573 sentaneum
2258 2495 2351 2562 sit,
2386 2494 2550 2565 idque
2591 2504 2644 2551 et
2694 2494 2764 2549 ad
2802 2496 3070 2551 unitatem
3118 2495 3493 2560 retinendam,

1907 2596 1961 2645 et
1987 2587 2367 2659 multiplicium
2404 2588 2631 2644 deorum
2662 2586 2954 2643 vanitatem
2984 2586 3338 2643 refellendam
3365 2602 3486 2658 perc

1910 2680 2098 2737 liueat.
2127 2679 2219 2736 Sic
2242 2680 2388 2735 enim
2412 2676 2881 2735 immutabilis'est
2917 2686 3128 2735 natura:
3155 2678 3354 2733 divinae
3376 2680 3489 2733 vir-

1909 2778 2035 2834 tus,
2088 2779 2149 2825 ut
2193 2776 2561 2841 congruenter
2594 2765 2719 2823 Filii
2755 2765 2822 2823 ad
2852 2765 3068 2823 Patrem
3092 2805 3108 2833 ,
3144 2765 3495 2839 Spiritusque

1911 2861 2087 2918 sancti
2116 2867 2487 2917 consentanea
2547 2859 2687 2914 ratio
2734 2860 3182 2929 comparatioque
3222 2865 3488 2914 servetur.

1913 2952 2043 3021 Quae
2089 2968 2212 3008 cum
2244 2952 2317 3006 ita
2346 2966 2469 3007 sese
2493 2949 2751 3014 habeant,
2776 2948 3033 3021 captiosae
3075 2948 3224 3004 illius
3260 2948 3491 3003 interro-

1911 3043 2148 3115 gationis
2207 3048 2574 3098 commentum
2642 3040 2862 3111 penitus
2917 3036 3218 3096 intercidit.
3279 3038 3495 3095 Etenim

226 3136 361 3206 ὅλης
392 3135 633 3199 ἀπαθοῦς
660 3135 825 3207 οὔσης
851 3136 944 3188 καὶ
982 3135 1366 3207 προσκυνητῆς
1384 3150 1398 3165 ’
1429 3135 1572 3205 φημὶ
1596 3134 1659 3206 δὴ
1693 3136 1806 3187 Πα-

1918 3151 2025 3189 ιιοη
2056 3134 2227 3188 multa
2276 3140 2406 3189 sunt
2434 3131 2777 3187 invariabilia
2804 3148 2820 3195 ;
2867 3130 2962 3187 sed
2998 3146 3107 3186 una
3138 3131 3408 3186 duntaxat
3439 3130 3498 3187 in

226 3226 381 3295 τρὸς,
412 3228 506 3280 καὶ
535 3225 699 3290 Tim},-
723 3226 817 3279 καὶ
863 3225 1017 3294 ἁγίου
1054 3223 1390 3292 Πνεύματος.
1428 3223 1679 3293 Ἐποίησε
1706 3222 1808 3294 γὰρ

1922 3223 2302 3292 singularitate
2324 3221 2584 3282 Trinitas.
2612 3230 2667 3277 et
2700 3237 2809 3277 una
2841 3223 2896 3277 in
2920 3222 3188 3278 Trinitate
3216 3222 3498 3288 divinitas,

230 3317 416 3371 πάντα
464 3319 493 3370 ὁ
531 3316 663 3381 Θεὸς
708 3316 775 3370 δι’
817 3315 972 3379 Υἱοῦ,
1013 3315 1129 3369 ἀλλ’
1167 3315 1288 3386 οὐχὶ
1316 3313 1406 3367 τὸν
1429 3313 1555 3367 Υἰόν
1579 3330 1593 3342 ·
1620 3315 1680 3367 οὐ
1707 3315 1816 3386 γάρ

229 3410 354 3463 ἐστι
413 3407 509 3461 σὺν
561 3409 731 3460 πᾶσιο
800 3406 1165 3475 συνυπουργεῖ
1212 3402 1323 3475 γὰρ
1364 3402 1444 3475 τῷ
1499 3405 1691 3475 Πατρὶ,
1724 3405 1817 3458 καὶ

232 3499 768 3569 συμπροσκυνεῖται’
830 3494 956 3549 οὔτε
1005 3494 1069 3548 τὸ
1109 3494 1263 3562 ἆγιον
1308 3492 1562 3564 Πνεῦμαο
1593 3495 1652 3546 οὐ
1708 3495 1817 3566 γὰρ

220 3587 547 3659 ,ἀριθμεῖται
578 3587 686 3640 ἀπὺ
716 3587 952 3650 πάντων,
1000 3586 1210 3657 στερεοῖ
1238 3584 1295 3637 δὲ
1329 3583 1427 3655 τὴν
1458 3583 1684 3656 δύναμιν
1710 3584 1818 3638 τῶν

218 3680 493 3734 ,ἁπάντων
528 3679 621 3732 καὶ
669 3679 1192 3749 συμπροσκυνεῖται.
1229 3675 1351 3729 Τῶν
1375 3675 1432 3735 δὲ
1468 3677 1683 3730 πάντων
1715 3676 1820 3730 ὑπὸ

231 3772 338 3839 τὴν
395 3769 489 3829 τοῦ
544 3768 662 3832 ἑνὸς
711 3767 1038 3838 προνοησίαν
1081 3766 1561 3837 ἐπιτεταγμένων,
1613 3768 1818 3821 ἕκαστα

233 3860 464 3931 φέρεταί
498 3877 581 3919 τε.
621 3860 713 3915 καὶ
750 3859 1000 3931 πράττει,
1031 3857 1230 3930 πάσχει
1276 3858 1334 3912 δὲ
1372 3858 1466 3911 καὶ
1501 3853 1603 3912 ὅσα
1632 3859 1815 3929 ἕτερα.

234 3950 334 4004 Διὸ
365 3951 398 4020 ἡ
434 3950 533 4019 μία
578 3948 746 4018 Τριάς
792 3949 928 4020 πρὸς
957 3948 1153 4020 ἑαυτὴν
1191 3947 1631 4019 ἀπαράλλακτος,
1672 3949 1741 4002 τά
1763 3949 1821 4003 δὲ

235 4040 376 4099 ἄλλα
406 4040 466 4106 ἐξ
512 4041 685 4111 αὐτῆς
736 4039 1192 4113 παρηλλαγμένασ
1241 4038 1366 4093 οὔτε
1390 4038 1499 4112 γάρ
1533 4040 1651 4093 ἐστι
1691 4041 1824 4109 σύγο

238 4149 433 4205 χρονα,
457 4132 579 4186 οὔτε
629 4133 895 4187 συναϊδια.
923 4132 1079 4202 Μόνη
1112 4130 1169 4183 δὲ
1192 4127 1385 4196 ἀίδιος,
1421 4131 1515 4185 καὶ
1546 4130 1820 4196 ἀκτιστος,

239 4229 341 4282 καὶ
381 4226 703 4295 ἀγέννητος,
730 4224 863 4278 Υίοῦ
895 4223 993 4294 μὲν
1022 4224 1693 4297 γεγεννημένουάχρόνως
1729 4228 1825 4280 καὶ

235 4317 514 4389 ἀνάρχως,
556 4318 645 4371 ἀεὶ
690 4315 747 4370 δὲ
790 4316 962 4381 ὄντος,
990 4317 1086 4370 καὶ
1143 4313 1413 4386 μηδέποτε
1453 4314 1823 4381 διαλείποντος

235 4408 336 4464 τοῦ
379 4406 536 4463 εἶναι.
572 4407 736 4477 "005v
764 4405 1180 4477 ἡσφαλισμένως
1208 4404 1486 4474 κεφαλὴν
1519 4407 1559 4469 ¹,
1595 4406 1691 4459 καὶ
1721 4407 1821 4459 οὐκ

1919 3336 1949 3374 a
1982 3334 2089 3389 qua
2121 3318 2333 3388 reliqua
2359 3317 2541 3372 omnia
2570 3316 2760 3386 procul
2786 3316 3014 3392 distant.
3042 3313 3231 3387 Neque
3280 3330 3411 3370 vero
3437 3322 3500 3370 ut

1919 3410 2231 3483 patiantur,
2270 3416 2366 3463 aut
2421 3416 2621 3478 agant,
2654 3406 2880 3462 fortuito
2930 3407 3167 3477 quodam
3195 3422 3328 3463 casu
3365 3422 3499 3461 con-

1918 3508 2105 3556 secuta
2140 3506 2289 3564 sunt;
2317 3512 2493 3567 neque
2523 3506 2876 3551 sacrosancta
2902 3496 3168 3562 Trinitas,
3200 3497 3330 3551 dum
3364 3495 3501 3565 agit,

1919 3590 2030 3661 pati
2061 3589 2338 3661 quidpiam
2371 3595 2571 3659 potest,
2603 3603 2726 3643 cum
2773 3596 2884 3641 tota
2929 3585 3167 3657 patiendi
3219 3600 3416 3655 expers
3445 3591 3502 3641 et

1919 3680 2198 3736 adoranda
2230 3681 2332 3736 sit:
2373 3680 2477 3736 hoc
2503 3687 2610 3745 est,
2650 3679 2830 3744 Pater,
2866 3687 2920 3735 et
2950 3676 3143 3745 Filius,
3177 3686 3232 3733 et
3262 3676 3503 3748 Spiritus

1921 3780 2166 3828 sanctus.
2197 3770 2577 3841 QuippeDeus
2601 3762 2695 3842 per
2716 3769 2914 3824 Filium
2941 3768 3199 3825 universa
3230 3766 3500 3831 condidit,

1920 3860 2118 3917 Filium
2146 3877 2277 3918 vero
2316 3877 2425 3916 non
2455 3862 2602 3926 fecit,
2635 3869 2693 3916 ut
2718 3861 2958 3931 quicum
2990 3860 3246 3915 omnibus
3276 3858 3505 3920 minime

1918 3952 2276 4010 numeretur:
2310 3953 2578 4023 siquidem
2614 3954 2670 4007 in
2702 3953 2883 4024 operis
2909 3951 3349 4007 communionem
3376 3965 3506 4005 cum

1921 4042 2083 4098 Patre
2114 4043 2263 4097 venit
2284 4083 2298 4107 ,
2329 4052 2381 4097 et
2404 4057 2529 4096 cum
2560 4040 2749 4095 eodem
2782 4040 3071 4107 adoratur;
3095 4054 3272 4110 neque
3300 4044 3506 4109 postre-

1923 4150 2014 4190 mo
2059 4133 2318 4204 Spiritum
2365 4141 2615 4188 sanctum
2654 4131 2880 4196 creavit,
2916 4131 3009 4205 qui
3039 4146 3108 4187 ne
3140 4131 3258 4200 ipse
3282 4129 3508 4200 quidem

1926 4224 2067 4278 inter
2121 4222 2303 4276 omnia
2341 4227 2677 4276 numeratur.
2713 4219 2891 4289 Hujus
2937 4220 3081 4301 enim
3114 4219 3393 4295 proprium
3422 4227 3507 4273 est

1925 4315 2307 4369 universorum
2339 4313 2699 4368 corroborare
2728 4314 3016 4368 virtutem:
3072 4313 3218 4367 unde
3252 4319 3308 4367 et
3353 4326 3505 4366 eom-

1925 4407 2161 4461 muniter
2234 4404 2512 4460 adoratur.
2563 4405 2736 4459 Porro
2792 4419 2917 4458 cum
2958 4404 3141 4458 omnia
3199 4403 3303 4457 sub
3340 4401 3505 4457 unius

210 4501 442 4570 ,ἀρχὴν
472 4501 563 4554 τὸν
598 4501 817 4572 Πατέρα
847 4500 940 4554 τοῦ
974 4499 1107 4554 Υίοῢ
1144 4498 1383 4564 ἐδίδαξεν
1414 4501 1443 4553 ὁ
1468 4499 1608 4565 θεῖος
1636 4500 1808 4569 λόγος,

1929 4496 2319 4570 providentiam
2373 4495 3013 4566 administrationemque
3059 4494 3305 4563 subjecta
3369 4494 3504 4557 sint,

236 4593 332 4647 διὰ
363 4594 423 4646 τὸ
473 4592 776 4664 ὁμοούσιον,
820 4591 915 4645 καὶ
967 4591 1153 4654 ἀϊδίως
1197 4590 1349 4655 ὄντος
1371 4590 1467 4644 τοῦ
1499 4592 1818 4662 Πνεύματος

238 4687 337 4741 τοῦ
364 4687 543 4754 ἁγίου,
574 4685 668 4738 καὶ
696 4686 763 4738 ὲκ
803 4684 1015 4754 Πατρὸς
1044 4681 1477 4753 ἀπεσταλμένου,
1513 4683 1600 4735 ἀεὶ
1632 4683 1691 4737 δὲ
1722 4684 1821 4737 σὺν

242 4778 423 4848 Πατρὶ
450 4776 805 4848 ὑπάρχοντος,
829 4774 923 4828 καὶ
946 4773 1020 4844 μὴ
1051 4771 1158 4825 ἀπὸ
1172 4772 1367 4844 χρόνου
1396 4771 1735 4843 ἀρξαμένου.

1928 4591 2178 4646 kruntur
2205 4627 2221 4653 ,
2262 4595 2539 4658 aguntque
2596 4587 2811 4658 singula
2839 4626 2854 4651 ,
2890 4596 2945 4643 et
2992 4601 3114 4656 quae
3154 4602 3184 4640 a
3233 4586 3344 4641 Deo
3378 4593 3509 4642 sunt

1929 4683 2105 4738 aliena
2145 4680 2445 4750 patiuntur.
2496 4679 2766 4745 Quocirca
2820 4696 2929 4734 una
2983 4694 3013 4732 a
3058 4681 3237 4749 seipsa
3266 4678 3510 4733 Trinitas

1931 4771 2269 4829 invariabilis
2295 4779 2402 4836 est,
2448 4770 2679 4841 reliqua,
2712 4784 2834 4839 quae
2863 4769 2933 4824 ab
2958 4770 3073 4839 ipsa
3104 4769 3504 4840 producuntur,

242 4865 434 4922 omnia
456 4867 775 4932 variantur;
816 4880 937 4934 qua:
974 4879 1073 4918 nec
1101 4870 1364 4932 tempore,
1397 4878 1497 4917 nec
1516 4865 1822 4921 aeternitate
1859 4880 1983 4921 cum
2022 4863 2112 4917 illa
2156 4861 2318 4917 simul
2373 4860 2665 4914 exsistunt.
2728 4858 2855 4913 Sola
2906 4857 3091 4927 itaque
3151 4858 3504 4928 sempiterna,

244 4963 489 5018 increata
518 4973 574 5017 et
627 4960 865 5032 ingenita
893 4967 997 5016 est.
1021 4959 1100 5013 Ac
1119 4956 1291 5014 Filius
1316 4958 1533 5028 quidem
1565 4959 1686 5016 sine
1709 4960 1821 5016 ullo
1862 4967 2106 5029 tempore
2169 4956 2398 5012 initiove
2451 4954 2666 5025 genitus
2716 4952 2857 5008 idem
2888 4951 2958 5006 ab
3006 4960 3211 5005 aeterno
3238 4960 3356 5017 est;
3408 4963 3509 5006 nec

242 5072 487 5126 unquam
516 5072 641 5115 esse
665 5055 888 5113 desinit.
912 5053 1285 5121 Quamobrem
1316 5061 1475 5109 caute
1517 5053 1812 5110 admodum
1851 5061 2040 5125 caput,
2074 5069 2187 5107 non
2220 5051 2437 5104 initium
2471 5048 2593 5102 Filii
2623 5046 2839 5102 Patrem
2866 5061 2988 5101 esse
3046 5059 3227 5100 sermo
3287 5044 3510 5105 divinus

239 5151 468 5208 edocuit
499 5154 560 5206 ἐ
618 5151 783 5220 idque
838 5157 1060 5221 propter
1096 5148 1340 5206 eamdem
1389 5150 1679 5221 utriusque
1742 5151 2126 5207 substantiam.
2186 5147 2426 5219 Spiritus
2492 5144 2658 5216 985
2709 5158 2841 5198 vero
2873 5149 3100 5199 sanctus
3148 5142 3514 5221 sempiternus

240 5256 358 5309 est,
403 5252 459 5300 et
494 5259 525 5298 a
551 5243 717 5299 Patre
754 5244 988 5309 missus,
1031 5258 1154 5298 cum
1186 5257 1296 5313 quo
1328 5257 1544 5313 semper
1588 5245 1824 5311 exsistit,
1863 5259 1967 5300 nec
1996 5242 2066 5298 ab
2088 5243 2272 5312 aliquo
2305 5250 2548 5310 tempore
2578 5253 2699 5293 esse
2728 5236 2915 5305 coepit.

601 5358 996 5413 ΚΕΦΑΛΑΙΟΝ
1041 5357 1293 5411 ΑΕΤΙΟΥ
1329 5358 1468 5423 Λίτῖν.

322 5451 455 5505 Εἰτὸ
479 5445 777 5516 animum;
795 5444 891 5500 καὶ
920 5446 984 5501 τὸ
1009 5442 1145 5509 Θεὸς
1174 5454 1239 5505 ἐκ
1254 5451 1598 5523 παραλλήλου
1613 5451 1674 5505 τι
1695 5451 1825 5505 αὐτὸ

243 5540 421 5611 animi,
437 5541 466 5592 ὁ
491 5539 783 5609 ἀγέννητος
816 5538 1110 5608 ἀγέννητον
1136 5539 1444 5609 ἐγέννησεν.
1464 5539 1528 5592 Εἰ
1552 5538 1609 5593 δὲ
1640 5539 1825 5610 ἕτερόν

200 5660 215 5679 ί
242 5630 468 5703 “aulai
489 5627 875 5700 τοὰγέννητον,
890 5629 977 5684 ἒτε
983 5646 1076 5700 ρον
1092 5629 1150 5687 δὲ
1167 5628 1227 5685 τὸ
1242 5628 1408 5696 Θεὸς,
1422 5629 1537 5685 οὐχ’
1545 5629 1744 5685 ἄτοπον
1765 5630 1825 5693 δὲ

312 5787 350 5849 γ’
374 5803 467 5859 τι).
503 5786 814 5857 κεφάλαιον.
892 5789 912 5818 ²
945 5784 1118 5840 lCor.
1150 5770 1227 5852 ιι,
1254 5784 1308 5839 3.

2353 5352 2539 5410 ΑΕΤΙΙ
2576 5348 2806 5408 CAPUT
2844 5346 3086 5407 XXXV].

2006 5446 2061 5502 Si
2095 5446 2371 5518 ingenitus
2397 5452 2454 5500 et
2483 5443 2631 5499 Deus
2680 5457 2780 5513 pro
2809 5456 2918 5496 uno
2947 5439 3246 5518 eodemque
3290 5447 3509 5493 sumant

1933 5545 2044 5605 tur,
2067 5513 2344 5608 ingenitus
2370 5535 2674 5607 ingenitum
2692 5532 2900 5604 genuit.
2929 5513 3025 5590 Sin
3049 5527 3325 5585 diversum
3339 5522 3503 5593 quid:

1931 5630 2059 5691 dam
2102 5628 2333 5701 ingeniti
2388 5641 2454 5684 ac
2500 5625 2594 5690 Dei
2661 5619 2929 5685 vocabula
2960 5619 3264 5684 declarant,
3300 5631 3502 5688 nequa-
