3964 6400
231 366 348 427 633

936 370 1307 431 ADVERSUS
1340 376 1686 434 ll/ERESES
1724 379 1837 435 LIB

1943 380 1979 438 I.
2020 380 2189 437 τΟΙ.
2229 382 2273 436 1.
2316 379 2591 437 11ᾸΞΒΕ8.
2636 382 2871 438 LXXVI.

3418 380 3524 435 63$

233 483 587 553 ἀποστόλων,
645 486 706 540 οὔ
734 504 877 552 τινος
941 489 1050 544 τῶν
1100 494 1459 566 πατριαρχῶν
1522 497 1830 570 μαρτυρίαν

1943 497 2268 570 Evangeliis,
2314 499 2455 555 nihil
2497 516 2563 555 ex
2615 500 2904 571 apostolis,
2946 501 3082 556 nihil
3122 515 3155 557 e
3191 500 3526 571 patriarcha-

233 578 614 650 παρενέγκαι,
649 579 762 634 οὔτ’
817 582 981 636 αὐτοῦ
1018 583 1115 637 τοῦ
1172 586 1454 657 Σωτῆρος,
1508 589 1570 641 οὐ
1615 590 1832 662 [ἰατρὸς

235 668 497 735 πώποτε,
536 671 637 742 οὐχ
693 672 853 741 ἁγίου
911 674 1230 746 Πνεύματος
1287 678 1439 749 ῥῆμα
1486 680 1553 734 δι’
1601 681 1832 735 ἀποστό-

233 762 348 816 λων
400 763 728 832 εἰρημένον,
789 765 822 835 ἢ
875 765 963 849 διά
1013 768 1346 839 προφητῶν·
1410 771 1498 825 ἵνα
1554 772 1834 835 παντελῶς

234 851 628 924 αὐτοφώρατος
656 853 887 927 γένηται
924 859 1038 922 τοῖς
1080 859 1257 928 φίλοις
1298 863 1398 933 τῆς
1438 861 1717 933 ἀληθείας,
1750 863 1834 916 ὅτι

235 943 590 997 παντάπασιν
614 943 893 1016 ἀλλότριος
933 947 1193 1018 τυγχάνει
1239 949 1376 1004 Θεοῦ
1404 951 1498 1004 καὶ
1525 952 1625 1022 τῆς
1667 950 1834 1005 αὐτοῦ

236 1032 499 1097 πίστεως.
546 1035 774 1106 Νομίζω
815 1037 874 1090 δὲ
932 1040 1028 1092 καὶ
1087 1041 1287 1106 ἱκανῶς
1335 1044 1486 1113 ἡμᾶς
1534 1042 1674 1115 πρὸς
1734 1044 1836 1108 τὰς

236 1123 410 1177 αὐτοῦ
456 1127 750 1196 προτάσεις
798 1129 944 1182 κατά
981 1130 1043 1184 τὸ
1096 1130 1316 1185 δυνατὸν
1363 1133 1617 1204 ἰδιωτικῷ
1668 1133 1833 1205 λόγῳ,

239 1216 504 1269 συστάσει
535 1215 594 1268 δὲ
636 1217 745 1270 τῶν
774 1218 884 1272 ἀπὸ
907 1218 1017 1273 τῶν
1062 1220 1223 1276 θείων
1249 1222 1506 1295 Γραφῶν,
1533 1225 1629 1279 καὶ
1671 1224 1835 1279 αὐτοῦ

232 1306 337 1360 τοῦ
360 1306 616 1372 εὐσεϐοῦς
642 1308 906 1381 λογισμοῦ
947 1311 1085 1383 πρὸς
1108 1314 1272 1369 αὐτὸν
1297 1317 1695 1387 ἀπηντηκέναι.
1726 1317 1838 1371 Καὶ

234 1400 432 1472 ἐπειδὴ
463 1401 664 1467 ίκανῶς
698 1405 759 1457 ὲν
790 1407 913 1470 ταῖς
946 1407 1083 1479 πρὸς
1117 1408 1284 1463 αὐτὸν
1321 1410 1658 1482 ἀνατροπαῑς
1708 1410 1837 1483 περὶ

235 1490 479 1556 πίστεως
502 1494 688 1564 σαφῶς
714 1496 1088 1569 διελέχθημεν,
1113 1501 1365 1573 ἀρκετῶς
1395 1504 1680 1577 ἡγούμεθα
1698 1523 1712 1538 °
1748 1506 1836 1561 ἴνα

239 1585 323 1657 μὴ
368 1586 701 1657 προσθέντες
729 1588 1052 1661 δυσχέρειάν
1084 1609 1209 1647 τινα
1236 1596 1368 1668 περὶ
1397 1596 1498 1667 τὴν
1526 1597 1837 1666 ἀνάγνωσιν

237 1682 645 1754 περισσοτέραν
698 1685 1087 1758 ἐργασώμεθά.
1140 1688 1328 1759 Ὀλίγα
1354 1690 1413 1744 δὲ
1450 1692 1614 1745 πάλιν
1660 1693 1719 1759 ἐξ
1759 1689 1837 1746 ὢν

220 1772 407 1835 -αὐτὸς
429 1773 618 1845 ἀρθεὶς
649 1777 749 1848 τὴν
775 1777 1012 1833 διάνοιαν
1041 1781 1181 1852 μετά
1210 1782 1308 1855 τήν
1343 1782 1635 1838 ἀλλόκοτον
1664 1783 1832 1838 αὐτοῦ

235 1865 458 1929 πίστιν,
512 1868 607 1921 καὶ
657 1871 739 1933 εἰς
791 1871 1064 1940 Χριστὸν,
1119 1875 1216 1928 καὶ
1244 1877 1324 1939 είς
1381 1876 1443 1930 τὸ
1485 1877 1640 1945 ἆγιον
1671 1874 1835 1931 αὐτοῦ

235 1953 469 2027 Πνεῦμα
501 1956 818 2027 ἀπέχθειαν,
852 1960 954 2013 δσα
1002 1962 1271 2033 ἐτόλμησε
1306 1964 1369 2018 τὸ
1425 1966 1591 2019 αὐτοῦ
1632 1966 1836 2036 στόμα,

237 2046 340 2100 καὶ
381 2047 491 2101 τῶν
525 2048 616 2101 ὑπ’
647 2049 814 2104 αὐτοῦ
847 2051 1384 2125 μεμαθητευμένων,
1420 2058 1516 2110 καὶ
1553 2058 1611 2110 ὲν
1649 2057 1839 2129 θράσει

235 2138 323 2200 εἰς
369 2136 502 2208 i'itjao;
537 2134 670 2211 ἆραι
712 2141 813 2211 τὴν
839 2140 1101 2207 διάνοιαν,
1138 2145 1231 2198 καὶ
1274 2146 1563 2219 ὑπέρογκα
1596 2147 1839 2218 βλασφη-

238 2229 434 2301 μῆσαι,
470 2226 630 2296 αὖθις
659 2232 1053 2307 ἐπιλαϐόμενος
1083 2236 1364 2307 συντόμως
1391 2237 1547 2305 λέξω.

1935 606 2058 645 rum
2108 591 2448 647 testimoniis
2484 592 2540 645 in
2589 591 2833 648 medium
2889 592 3151 658 adduxit;
3196 607 3307 647 non
3350 592 3526 662 ipsius

1940 680 2241 741 Salvatoris
2284 681 2614 736 sententiam
2650 682 2840 746 ullam,
2871 698 2985 738 non
3017 681 3220 747 Patris,
3254 680 3525 752 Spiritus-

1934 785 2041 840 que
2076 771 2257 825 sancti
2295 771 2506 825 dictum
2559 770 2782 839 aliquod
2822 770 2891 826 ab
2938 772 3227 842 apostolis,
3268 771 3355 825 vel
3394 786 3525 841 pro-

1936 861 2119 931 phetis
2158 870 2652 918 commemoratum
2692 862 2988 932 proposuit
3016 880 3031 916 :
3056 875 3167 932 quo
3199 861 3334 916 illud
3381 863 3527 917 veri-

1936 954 2065 1010 tatis
2112 960 2364 1009 amantes
2403 953 2735 1025 intelligant,
2769 955 2932 1024 plane
2966 954 3117 1008 illum
3165 969 3197 1008 a
3251 954 3362 1009 Deo
3401 970 3527 1011 esse

1936 1058 1990 1103 et
2026 1062 2057 1101 a
2094 1046 2199 1102 lide
2230 1047 2404 1117 ipsius
2436 1048 2703 1102 alienum.
2731 1046 2940 1103 Contra
2974 1046 3090 1102 haec
3131 1046 3280 1103 illius
3304 1047 3525 1102 decreta

1936 1138 2157 1195 abunde
2200 1154 2231 1192 α
2268 1140 2432 1194 nobis
2473 1140 2744 1193 hactenus
2786 1153 2889 1209 pro
2935 1138 3147 1193 viribus
3186 1138 3526 1207 disputatum

1938 1232 2196 1293 arbitror.
2220 1245 2284 1285 ac
2308 1230 2429 1285 rudi
2473 1230 2695 1300 quidem
2721 1238 2777 1284 et
2799 1229 3041 1300 simplici
3066 1229 3340 1283 orationis
3363 1228 3527 1298 stylo,

1938 1326 2034 1380 sed
2065 1324 2250 1379 allatis
2291 1338 2576 1379 sacrarum
2614 1322 2948 1378 Litterarum
2990 1322 3435 1381 auctoritatibus.
3465 1334 3530 1375 ac

1939 1413 2278 1485 depromptis
2316 1428 2383 1467 ex
2417 1413 2674 1482 religioso
2698 1412 2871 1465 animi
2917 1426 3082 1466 sensu
3125 1412 3434 1466 rationibus
3472 1409 3529 1464 il-

1939 1505 2048 1559 lius
2091 1505 2326 1573 impetus
2359 1519 2484 1560 esse
2516 1504 2825 1559 discussos.
2872 1504 3062 1573 Itaque
3101 1519 3225 1558 cmn
3276 1505 3331 1558 in
3380 1504 3530 1557 illius

1938 1594 2410 1650 confutationibus
2436 1595 2505 1651 de
2535 1595 2639 1650 fide
2672 1595 2810 1651 satis
2848 1603 3037 1665 aperte
3074 1594 3524 1658 disseruerimus,

1939 1684 2189 1741 subicere
2213 1685 2360 1740 istud
2379 1688 2737 1748 arbitramur,
2766 1701 2835 1740 ne
2867 1686 2914 1740 si
2943 1687 3181 1757 amplius
3204 1685 3412 1755 aliquid
3434 1684 3525 1739 ad-

1939 1779 2159 1842 damus,
2195 1779 2561 1833 molestiorem
2583 1780 2769 1849 operis
2809 1777 2973 1847 hujus
3007 1779 3296 1833 lectionem
3341 1794 3534 1850 super-

1938 1886 2179 1926 vacanea
2227 1870 2571 1941 longitudine
2606 1871 2893 1926 faciamus.
2939 1868 3046 1926 Sed
3076 1886 3249 1942 pauca
3278 1870 3528 1941 quaedam

1938 1964 2303 2018 nihilominus
2357 1960 2704 2016 retractanda
2775 1977 2842 2016 ac
2918 1961 3162 2017 breviter
3208 1962 3530 2031 exponenda

1938 2062 2069 2111 sunt
2113 2069 2181 2109 ex
2224 2054 2293 2108 iis
2338 2070 2480 2123 quae,
2537 2060 2662 2123 post
2701 2054 3015 2123 importuna
3065 2054 3153 2107 illa
3184 2053 3533 2124 absurdaque

1937 2144 2193 2214 dogmata
2238 2143 2574 2198 insolentius
2614 2143 2795 2197 elatus
2846 2143 2901 2196 in
2965 2143 3251 2199 Christum
3297 2146 3530 2215 ejusque

1941 2235 2205 2306 Spiritum
2236 2248 2515 2298 sanctum,
2549 2249 2661 2304 pra:
2690 2235 2981 2305 utriusque
3011 2237 3138 2290 odio
3166 2237 3373 2292 nefarie
3398 2252 3533 2291 con-

237 2323 399 2388 tulit;
427 2336 657 2394 quaeque
692 2306 762 2380 ab
800 2325 1104 2395 impudenti
1138 2306 1285 2385 illius
1339 2344 1403 2383 ac
1434 2330 1833 2401 discipulorum
1876 2331 2053 2402 ipsius
2078 2343 2174 2384 ore
2202 2327 2446 2399 profecta
2476 2336 2530 2382 et
2553 2327 2803 2382 inaudito
2852 2329 3090 2400 quodam
3153 2330 3321 2383 animi
3386 2329 3530 2386 fastu

234 2417 667 2487 arrogantisque
732 2419 789 2473 in
842 2419 1015 2475 Deum
1075 2424 1637 2480 contumeliosissime
1705 2436 1837 2482 sunt
1870 2425 2142 2495 conjecta.

306 2511 386 2587 ,ΔΖ
437 2504 609 2574 Οὗτος
641 2511 752 2586 γὰρ
790 2514 1125 2587 ὲφαντάσθη,
1158 2518 1253 2569 καὶ
1275 2518 1323 2570 οἱ
1347 2518 1445 2572 ἀπ’
1472 2518 1660 2584 αὐτοῦ,
1693 2521 1833 2593 ὑπὲρ

234 2602 419 2656 πάντα
446 2601 757 2673 ἄνθρωπον,
796 2606 895 2659 οὐκ
932 2607 1025 2659 ἐπὶ
1057 2607 1137 2678 τῷ
1167 2610 1365 2663 εἰδέναι
1395 2611 1486 2664 τὸν
1519 2612 1654 2665 Θεὸν
1694 2615 1836 2666 κατά

235 2695 444 2760 πίστιν,
471 2694 608 2749 άλλά
646 2697 807 2766 φύσει
857 2698 1000 2752 κατά
1040 2701 1266 2771 εἴδησιν.
1335 2703 1423 2767 Ὦς
1456 2704 1552 2758 καὶ
1592 2704 1707 2760 ἀνω
1732 2722 1836 2759 που

236 2785 533 2859 ὑπέμνησα
577 2791 901 2859 φασκόντων
928 2793 1110 2848 αὐτῶν
1151 2796 1251 2865 οὐχ
1281 2795 1469 2859 ἁπλῶς
1512 2797 1710 2851 ειδέναι
1746 2798 1839 2851 τὸν

235 2877 375 2932 Θεὸν
418 2880 478 2933 ὲν
514 2880 714 2949 γνώσει
761 2883 1021 2950 πίστεως,
1069 2884 1185 2939 ἀλλ’
1235 2887 1310 2951 ὡς
1350 2888 1446 2940 ἐὰν
1479 2889 1724 2962 γινώσκῃ
1754 2906 1837 2954 τις

238 2971 355 3024 πᾶν
382 2972 599 3042 ὁρατὸν,
646 2975 742 3027 καὶ
774 2977 964 3048 χερσὶν
994 2977 1161 3031 αὐτοῦ
1195 2977 1599 3050 ψηλαφώμενον
1625 2998 1640 3012 ·
1682 2981 1757 3044 ὡς
1786 2981 1843 3034 εἴ

236 3079 329 3125 τις
355 3062 508 3117 λάϐοι
546 3066 685 3134 μετὰ
728 3070 920 3138 χεῖρας
952 3068 1122 3137 λίθον,
1159 3070 1191 3140 ἦ
1228 3071 1405 3137 ξύλον,
1437 3072 1662 3144 ἢάλλης
1691 3072 1838 3135 τινὸς

238 3158 377 3230 ὕλης
401 3160 685 3231 ἐργαλεῖον
706 3177 722 3193 ο
749 3161 922 3227 οὕτως
947 3163 1048 3237 ἔφη
1112 3164 1209 3219 καὶ
1232 3158 1388 3230 οὗτος
1410 3168 1438 3220 ὁ
1456 3167 1738 3235 γεννάδας,
1757 3168 1840 3221 ὅτι
1867 3146 1910 3200 C

238 3251 435 3317 Οὕτως
455 3248 572 3306 οἶδα
592 3254 684 3307 τὸν
710 3254 863 3320 Θεὸν,
880 3254 1071 3327 ὥσπερ
1094 3257 1352 3328 ἐμαυτὸν,
1382 3257 1479 3311 καὶ
1500 3257 1562 3311 οὗ
1586 3255 1842 3311 τοσοῦτον

241 3341 365 3397 οἶδα
387 3344 643 3413 ἐμαυτὸν,
654 3344 730 3408 ὡς
740 3345 833 3399 τὸν
845 3346 998 3400 Θεόν.
1014 3347 1216 3401 Λοιπὸν
1224 3348 1280 3401 δὲ
1292 3349 1362 3402 τά
1380 3348 1542 3421 μωρὰ
1554 3350 1733 3419 λέγειν
1747 3351 1843 3403 καὶ

243 3433 471 3489 ἀκούειν
486 3434 699 3499 πολλοῖς
724 3436 824 3507 μὲν
850 3437 1001 3491 ἐστιν
1019 3441 1101 3503 είς
1120 3439 1360 3510 ἀπάτην,
1381 3443 1495 3504 τοῖς
1513 3440 1572 3494 δὲ
1602 3443 1843 3506 συνετοῖς

240 3528 560 3599 εὲςχλεύην.
587 3528 684 3594 Τίς
703 3530 811 3601 γάρ
830 3530 936 3584 τῶν
952 3532 1377 3604 φρενοϐλάϐειαν
1400 3533 1612 3608 ἑαυτοῖς
1639 3552 1843 3605 κεκτη-

244 3620 429 3691 μένων
456 3622 549 3675 καὶ
580 3624 906 3693 μεμηνότων
938 3625 1000 3678 οὺ
1033 3624 1257 3681 δύναται
1287 3627 1382 3680 καὶ
1415 3626 1612 3691 ἄλλους
1642 3626 1842 3699 ἐκμαί-

241 3727 383 3776 νειν,
414 3714 509 3766 καὶ
549 3714 784 3784 μάλιστα
814 3716 941 3780 τοὺς
970 3718 1375 3789 συνεπομένους
1419 3720 1515 3773 καῖ⁹
1542 3718 1844 3773 ὑπακούον-

238 3821 380 3870 ταςς
402 3806 465 3858 El
492 3807 601 3878 γάρ
629 3824 713 3871 τις
741 3808 1028 3880 ἠρώτησεν
1052 3811 1215 3865 αὐτὸν
1242 3812 1337 3865 καὶ
1363 3812 1493 3876 τοὺς
1520 3813 1614 3866 ἀπ’
1641 3811 1807 3866 αὐτοῦ
1824 3828 1839 3844 ’

242 3897 337 3969 Μή
383 3914 473 3969 μοι
512 3898 773 3971 διήγησαι
820 3900 955 3955 Θεὸν
997 3902 1199 3957 εἰδέναι
1240 3904 1333 3957 τὸν
1381 3905 1711 3977 ἀσύγκριτον
1750 3905 1844 3959 καὶ

242 3990 656 4063 ἀκατάληπτον,
687 3991 780 4045 τὸν
812 3992 955 4046 κατὰ
982 3994 1043 4047 τὸ
1081 3990 1221 4058 εἶδος
1249 3994 1350 4066 μὲν
1384 3996 1460 4069 μὴ
1484 3997 1845 4069 καταλαμϐα-

242 4082 495 4152 νόμενον,
518 4082 700 4136 πίστει
734 4083 791 4137 δὲ
821 4085 1225 4156 γινωσκόμενον
1258 4090 1372 4151 τοῖς
1404 4088 1575 4142 αὑτοῦ
1600 4088 1805 4153 δούλοις
1825 4106 1839 4120 ·

241 4170 388 4225 ἀλλά
424 4171 684 4243 διήγησαι
736 4189 827 4244 μοι
868 4173 998 4237 τοὺς
1040 4175 1322 4246 πυθμένας
1360 4177 1462 4248 τῆς
1502 4178 1627 4248 γῆς,
1651 4178 1720 4231 τά
1748 4194 1845 4231 τα-

246 4266 407 4336 μιεῖα
430 4262 531 4336 τῆς
566 4265 830 4332 ἀϐύσσου,
866 4267 965 4330 τάς
1008 4267 1217 4338 φλέϐας
1242 4272 1343 4343 τῆς
1378 4272 1679 4345 θαλάσσης,
1711 4270 1842 4343 ᾅδου

242 4356 342 4409 τὸν
374 4356 561 4421 τόπον,
595 4357 757 4429 ἀέρος
788 4357 856 4411 τὰ
890 4361 1092 4431 μέτρα,
1111 4362 1358 4433 οὐρανῶν
1388 4363 1452 4414 τὸ
1478 4358 1619 4425 εἶδος
1647 4363 1742 4416 καὶ
1774 4361 1845 4416 τά

242 4445 423 4516 πάχη,
471 4447 525 4499 τί
546 4448 608 4501 τὸ
638 4447 807 4518 ἄκρον
837 4450 947 4503 τῶν
978 4450 1111 4509 ἅνω,
1144 4451 1198 4503 τί
1231 4451 1291 4505 τὸ
1317 4451 1501 4524 τέρμα
1527 4452 1636 4507 τῶν
1667 4452 1838 4521 κάτω,

240 4538 303 4592 τί
339 4541 397 4592 ὲν
426 4538 595 4609 δεξιᾷ,
616 4539 671 4592 τί
696 4541 753 4594 ὲν
782 4539 1116 4612 εὐωνύμοιςο
1136 4540 1236 4611 τῆς
1268 4541 1842 4612 κτίσεως,τῆςὲαυτοῢ

246 4630 505 4696 πλάσεως
534 4632 594 4685 τὸ
619 4632 886 4705 διήγημα,
916 4632 1025 4687 τῶν
1048 4635 1138 4687 ὲπὶ
1172 4634 1271 4706 τῆς
1296 4637 1398 4706 γῆς
1426 4633 1726 4707 ἀμυθήτων
1752 4637 1847 4690 τὸν

242 4724 484 4797 ἀριθμὸν
518 4726 612 4779 καὶ
643 4724 712 4780 τὰ
747 4726 920 4798 μέτρα
945 4744 959 4757 ·
997 4725 1185 4781 λοιπὸν
1218 4726 1394 4781 ταῦτα
1419 4728 1660 4798 ἥκουσαν
1685 4730 1724 4795 ⁸,
1770 4729 1848 4794 ὡς

243 4814 568 4887 ἠκούσαμεν
598 4815 743 4887 παρά
765 4816 876 4870 τῶν
904 4816 997 4870 ὑπ’
1030 4815 1197 4871 αὑτοῦ
1220 4818 1618 4889 ἠπατημένων,
1651 4822 1731 4883 εἰς
1760 4838 1865 4874 σο·-

245 4906 509 4973 φιστικάς
524 4906 828 4978 προφάσεις
849 4906 1319 4978 παρεκκλίναντες
1348 4910 1626 4981 εἰρωνείᾳ,
1659 4910 1846 4965 λοιπὸν

242 4999 503 5067 λέγουσιν
532 5000 627 5053 ἀπ’
651 4999 863 5053 ἐκείνου
905 4999 1308 5072 μεμαθηκότες,
1330 5001 1411 5055 ὅτι
1452 5003 1638 5058 Πάντα
1671 5003 1846 5059 ταῦτα

243 5091 321 5145 τὰ
346 5092 633 5163 σωματικά
652 5093 791 5156 ἐστι,
822 5093 917 5146 καὶ
943 5092 1005 5146 οὐ
1025 5092 1302 5163 δυνάμεθα
1330 5092 1550 5149 εἰδέναι.
1582 5094 1688 5149 Τὸν
1711 5094 1845 5151 Θεὸν

241 5182 311 5239 δὲ
368 5182 460 5236 τὸν
508 5182 647 5237 αὐτά
690 5184 1030 5254 πεποιηκότα
1087 5183 1313 5255 οἴδαμεν
1365 5183 1553 5254 σαφῶς
1599 5186 1844 5252 ποταπός

242 5275 536 5340 ἔστινκαὶ
585 5273 702 5338 πῶς
752 5276 899 5339 ἐστι,
941 5276 1037 5329 καὶ
1067 5270 1180 5339 οἷός
1213 5277 1360 5339 ἐστι,
1409 5277 1505 5330 καὶ
1551 5277 1637 5341 τίς
1705 5280 1840 5333 ἐστι.

245 5368 353 5433 Τίς
379 5367 436 5421 δὲ
475 5367 717 5431 ἀκούσας
742 5365 917 5420 ταῦτα
945 5368 1045 5421 οὐκ
1090 5367 1157 5422 ἂν
1195 5367 1620 5438 καταγελάσειεν
1648 5368 1840 5436 εὐθύς;

244 5457 462 5530 Εῦηθες
493 5459 603 5531 γάρ
630 5460 749 5511 ἔστι
776 5457 838 5512 τὸ
866 5458 1008 5522 ὅλον,
1030 5458 1114 5512 ὄτι
1140 5458 1230 5512 τὸν
1264 5461 1534 5532 τεχνίτην,
1561 5460 1654 5513 καὶ
1680 5460 1844 5530 ἀσύγ-

242 5566 461 5621 κριτον,
499 5552 595 5605 καὶ
628 5549 1021 5621 άνεκδιήγητον
1050 5548 1201 5617 λέγει
1227 5548 1446 5616 ειδέναι,
1475 5553 1571 5605 καὶ
1601 5552 1844 5625 ἠκριϐω·

244 5641 430 5701 κέναι*
455 5646 582 5716 (καὶ
628 5643 740 5697 εἴθε
762 5641 917 5711 ἔλεγε
942 5643 1009 5714 τῇ
1038 5641 1220 5695 πίστει
1248 5641 1445 5696 εἰδέναι
1474 5643 1567 5697 καὶ
1598 5645 1840 5718 ἠκριϐω-

351 5800 368 5833 ’
397 5798 531 5871 Reg.
556 5802 811 5869 ἤκουσας.
843 5798 885 5855 F
889 5810 1008 5855 orte
1041 5798 1115 5863 ὡς
1130 5798 1302 5854 ταῦτα
1331 5801 1590 5874 ήκουσαν.
1640 5858 1645 5863 ,

2010 2517 2101 2573 Π.
2141 2514 2242 2571 Hic
2281 2515 2427 2571 enim
2484 2514 2601 2584 ipse
2651 2530 2775 2568 cum
2832 2516 2949 2570 suis
3000 2515 3053 2568 in
3098 2529 3216 2571 eam
3257 2514 3517 2570 vanitatis

1940 2608 2235 2664 amentiam
2290 2605 2504 2678 incidit,
2542 2612 2601 2658 ut
2639 2619 2805 2675 Supra
2852 2606 3113 2659 mortales
3141 2620 3333 2659 omnes
3365 2603 3531 2656 Deum

1942 2714 2002 2754 se
2033 2714 2138 2753 nou
2177 2697 2279 2751 lide
2308 2696 2449 2759 sola,
2479 2695 2574 2750 sed
2607 2695 2829 2765 propria
2849 2696 3083 2766 quadam
3112 2696 3342 2750 scientia
3379 2709 3534 2748 eom-

1944 2791 2287 2864 prehendere
2330 2791 2588 2862 jartaret.
2658 2789 3135 2856 Quemadmodum
3190 2791 3353 2861 paulo
3408 2798 3537 2846 ante

1945 2885 2167 2939 memini
2225 2883 2327 2938 hoc
2380 2882 2451 2937 ab
2505 2883 2614 2937 illis
2657 2882 2914 2954 usurpari
2970 2884 3190 2939 solitum
3227 2895 3241 2934 :
3272 2878 3438 2939 Deum
3477 2899 3537 2939 se

1942 2992 2053 3030 non
2099 2976 2220 3030 ﬁdei
2283 2974 2446 3030 modo
2498 2974 2897 3045 intelligentia,
2952 2974 3046 3030 sed
3097 2975 3321 3045 perinde
3353 2974 3537 3028 animo

1942 3069 2231 3137 concipere
2277 3083 2341 3122 ac
2392 3067 2621 3139 quilibet
2707 3067 3063 3136 aspectabilia
3120 3068 3223 3122 ista
3305 3083 3368 3122 ac
3417 3075 3536 3121 tra.

1945 3161 2167 3215 ctabilia
2214 3163 2502 3233 cognoscit
2539 3182 2551 3218 :
2587 3170 2780 3234 utputa
2848 3163 2892 3219 si
2952 3163 3077 3234 quis
3135 3161 3391 3233 lapidem,
3442 3170 3538 3218 aut

1945 3253 2187 3323 lignum,
2248 3253 2331 3306 vel
2403 3253 2630 3308 alterius
2676 3255 2919 3309 materia:
2958 3255 3383 3309 instrumentum
3443 3271 3537 3310 ca-

1944 3347 2053 3413 piat
2094 3345 2209 3399 :ita
2277 3344 2495 3413 quidem
2556 3345 2734 3400 audax
2789 3347 2878 3401 ille
2943 3361 3006 3400 ac
3073 3347 3400 3404 temerarius
3456 3348 3538 3403 lo-

1943 3430 2343 3505 quiturzTam
2403 3434 2571 3490 Deum
2642 3437 2926 3507 intelligo,
2991 3453 3154 3507 quam
3204 3455 3289 3494 me
3322 3439 3534 3510 ipsum;

1943 3525 2074 3589 imo,
2111 3530 2221 3577 tam
2254 3541 2336 3578 me
2369 3526 2547 3594 ipsum
2598 3542 2707 3579 non
2755 3528 2923 3592 novi,
2972 3542 3137 3597 quam
3193 3525 3383 3581 Deum.
3436 3529 3538 3586 Ve-

1943 3631 2065 3670 rum
2130 3630 2307 3685 nugas
2356 3615 2495 3670 istas
2570 3616 2714 3671 ultra
2789 3618 3056 3674 discendo
3118 3619 3412 3688 persequi,
3451 3618 3536 3675 Vel

1944 3707 2154 3770 audire,
2211 3707 2286 3761 uti
2357 3708 2611 3778 pluribus
2682 3708 2926 3763 fraudem
2974 3725 3035 3763 ac
3082 3709 3400 3778 perniciem,
3461 3708 3537 3766 ita

1945 3801 2285 3870 sapientibus
2315 3800 2487 3855 risum
2531 3816 2594 3855 ac
2629 3800 2924 3855 ludibrium
2977 3804 3304 3858 conseiscet.
3336 3803 3539 3873 Ecquis

1944 3894 2090 3948 enim
2127 3895 2327 3949 mentis
2380 3894 2633 3949 vecordia
2706 3909 2773 3949 ac
2820 3894 3005 3950 furore
3039 3897 3283 3966 percitus
3311 3897 3448 3951 alios
3481 3897 3536 3950 iu

1945 3985 2195 4039 eamdem
2232 3985 2505 4040 insaniam
2547 3986 2788 4052 trahere,
2829 3988 3136 4056 praesertim
3169 3988 3540 4058 obsequentes

1945 4077 2049 4131 sibi
2078 4092 2142 4132 ac
2178 4077 2327 4132 dicto
2377 4078 2695 4142 audientes,
2731 4094 2841 4133 non
2881 4078 3097 4148 possit?
3137 4078 3291 4145 Quod
3327 4081 3384 4135 si-
3413 4079 3539 4149 quis

1947 4170 2122 4232 illum,
2170 4171 2254 4224 vel
2293 4168 2462 4241 990
2508 4168 2813 4241 discipulos
2867 4178 3126 4241 rogaret:
3166 4169 3244 4227 Ne
3286 4178 3344 4226 tu
3405 4171 3537 4225 mihi

1947 4260 2393 4331 incomparabilis
2415 4270 2469 4316 et
2491 4262 3072 4333 incomprehensibilis
3125 4260 3216 4316 Dei
3250 4261 3537 4316 scientiam

1941 4353 2184 4424 jactites,
2228 4353 2391 4422 cujus
2459 4352 2694 4408 formam
2743 4353 2964 4425 quidem
3000 4368 3064 4408 ac
3096 4364 3349 4408 naturam
3389 4367 3539 4407 asse-

1947 4445 2038 4516 qui
2070 4460 2230 4499 nemo
2262 4452 2463 4515 potest,
2499 4445 2604 4500 fide
2636 4461 2767 4500 vero
2793 4445 2862 4500 ab
2906 4444 3085 4515 ipsius
3124 4445 3300 4501 servis
3349 4452 3543 4499 utcun-

1947 4554 2052 4606 que
2067 4538 2323 4609 cognosci
2357 4545 2540 4609 potest
2561 4556 2575 4605 ;
2596 4537 2691 4594 sed
2716 4539 2820 4593 hoc
2847 4539 3009 4594 velim
3036 4538 3195 4594 nobis
3226 4539 3534 4594 cdisscras:

1943 4628 2300 4685 fundamenta
2331 4638 2495 4686 terra:
2534 4647 2656 4701 quae
2708 4631 2843 4696 sint,
2894 4647 3126 4703 qumque
3159 4632 3340 4703 abyssi
3381 4631 3540 4701 peni-

1944 4722 2085 4778 tiora
2124 4723 2502 4794 receptacula;
2540 4725 2710 4781 maris
2735 4740 2933 4792 venas,
2969 4725 3274 4781 inferorum
3303 4723 3538 4779 domici-

1944 4813 2076 4868 lium
2106 4854 2122 4879 ,
2170 4813 2313 4868 aeris
2349 4829 2665 4878 mensuras,
2707 4817 3015 4872 etelestium
3049 4815 3265 4871 orbium
3306 4816 3538 4870 formam

1943 4921 2009 4961 ac
2038 4907 2507 4976 crassitudinem;
2541 4908 2819 4978 quodnam
2870 4925 3145 4964 summum
3180 4924 3345 4980 supra
3388 4908 3536 4979 quod

1947 4997 2090 5053 infra
2123 5001 2195 5057 sit
2264 5001 2534 5066 infimum,
2568 5000 2701 5073 quid
2736 5002 2804 5057 ad
2828 5002 3107 5057 dexteram
3156 5003 3246 5064 sit,
3282 5001 3415 5075 quid
3467 4999 3537 5056 ad

1945 5092 2250 5148 sinistram.
2283 5092 2367 5150 Ad
2417 5094 2533 5149 haec
2552 5102 2867 5149 creatarum
2903 5110 3085 5149 rerum
3120 5102 3398 5160 naturam,
3429 5096 3567 5150 tui-.

1946 5200 2054 5254 que
2092 5186 2229 5242 adeo
2261 5186 2602 5242 molitionem
2630 5187 2897 5257 explices,
2934 5194 3050 5242 tum
3072 5202 3265 5243 eorum
3286 5187 3532 5242 omnium

1946 5292 2236 5332 numerum
2272 5276 2595 5348 modosque,
2636 5292 2760 5349 quae
2807 5279 2972 5336 terris
3003 5278 3215 5334 inﬁnita
3245 5278 3534 5334 contineri--

1944 5377 2053 5423 tur.
2095 5367 2221 5425 lliec
2260 5384 2385 5424 cum
2431 5369 2541 5426 illis
2576 5369 2939 5441 objiciuntur,
2973 5379 3033 5426 ut
3063 5372 3133 5426 ab
3156 5370 3305 5424 illius
3357 5376 3535 5425 secta—

1944 5461 2156 5541 toribus
2178 5461 2370 5518 audire
2397 5461 2645 5527 memini,
2680 5461 2753 5539 ad
2773 5462 3075 5534 sophistica
3106 5461 3353 5532 quaedam
3387 5473 3533 5515 com-

1943 5561 2126 5611 menta
2178 5542 2669 5626 cavillatidnesque
2724 5568 2849 5611 sese
2920 5557 3290 5617 convertunt,
3359 5558 3413 5606 et
3463 5566 3532 5606 ex

1943 5646 2091 5702 illius
2123 5646 2445 5719 prrescripto
2485 5646 2560 5701 ita
2604 5645 2938 5717 respondent
2971 5663 2984 5699 :
3018 5642 3143 5699 llazc
3176 5643 3358 5697 omnia
3401 5656 3529 5697 cor-
