3964 6450
280 473 395 547 641

926 477 1298 536 ADVERSUS
1331 477 1674 535 HA‘JRESES
1714 477 1840 535 LIB.
1886 479 1970 537 ιιι.
2007 479 2174 536 TOU.
2206 480 2270 536 li.
2313 511 2379 525 —-
2415 482 2692 540 llERES.
2736 485 2997 545 LXXVII.

3472 490 3581 545 (τη

832 865 1221 955 ΤΟΜΟΣ
1261 864 1829 956 ΔΕΥΤΕΡΟΣ
1866 870 2096 959 ΤΟΥ
2130 873 2537 961 ΤΡΙΤΟΥ
2575 870 3049 960 ΒΙΒΛΙΟΥ.

1143 1198 1661 1314 θθδιιΒιιι
1740 1224 1885 1312 III
1961 1219 2369 1315 TOMUS
2440 1220 2575 1309 Il.

753 1549 941 1603 ΚΑΤΑ
980 1551 1382 1606 ΔΙΜΟΙΡΙΤΩΝ
1398 1591 1413 1618 ,

278 1658 412 1714 Τῶν
438 1659 575 1737 ὐίτά
592 1676 771 1737 τινων
790 1662 1169 1737 μυηθέντων,
1211 1664 1298 1735 μὴ
1336 1666 1576 1721 τελείαν
1601 1667 1719 1735 τὴν
1749 1670 1880 1737 Χρι-

352 1730 512 1806 ατοῦ
534 1730 1031 1806 ,ἐχανθρώᾳτησινᾲ
1047 1730 1504 1806 ὁμολογούντων
1522 1776 1536 1797 ,
1581 1730 1878 1806 πεντηὶο-

352 1798 475 1868 στὴ
521 1798 764 1871 ἐϐδόμή,
797 1803 836 1871 ἠ
879 1798 980 1858 atat
1006 1798 1353 1874 ἐπὶακοὸντή
1393 1805 1635 1877 ἑϐδόμη.

270 1934 307 1963 ο.
357 1914 436 1967 A'.
476 1914 730 1987 Καθεξῆς
781 1914 840 1969 δὲ
882 1915 1098 1981 τούτοις
1138 1916 1300 1971 πάλιν
1347 1919 1606 1984 ἐπίπονος
1654 1921 1786 1993 ἡμῖν
1820 1924 1879 1976 ὲν

278 1999 559 2073 προλήψει
590 2001 670 2074 τῷ
722 2002 821 2083 βίῳ
861 2004 1035 2077 ἐρρύη
1068 2022 1154 2070 τις
1202 2006 1461 2079 ἀλλοτρία
1501 2010 1602 2080 τῆς
1643 2011 1878 2076 πίστεως

275 2092 430 2160 λέξις
448 2111 462 2125 ·
491 2097 556 2148 ὲκ
601 2094 764 2158 ποίας
796 2095 977 2160 αἰτίας
1004 2098 1104 2150 οὐκ
1146 2096 1255 2169 ἔχω
1281 2098 1463 2167 λέγειν
1487 2116 1504 2132 ⁶
1534 2101 1650 2154 ἀλλ’
1685 2101 1771 2156 ἵνα
1801 2102 1876 2174 μὴ

276 2187 425 2257 ἐάσῃ
472 2185 504 2241 ὁ
547 2186 637 2240 ἀεὶ
686 2186 977 2261 ταράσσων
1017 2187 1119 2260 τὴν
1168 2188 1517 2262 ἀνθρωπείαν
1566 2192 1747 2262 φύσιν,
1784 2194 1877 2248 καὶ

274 2277 559 2348 πολεμῶν,
612 2277 688 2341 ὡς
740 2280 941 2344 εἰπεῖν,
991 2278 1262 2347 διάϐολος,
1304 2282 1586 2352 ἐμϐάλλων
1617 2285 1780 2339 αὐτοῦ
1808 2285 1877 2340 τὰ

273 2369 458 2441 πικρὰ
490 2368 793 2442 δηλητήρια
837 2370 896 2425 ὲν
938 2372 1054 2436 τοῖς
1100 2370 1422 2445 θαυμασίοις
1456 2375 1738 2448 ἐδέσμασι,
1780 2379 1875 2432 καὶ

276 2456 362 2521 ὡς
390 2459 450 2510 ὲν
496 2455 673 2526 μέλιτι
704 2456 1066 2529 παραϐάλλων
1091 2458 1190 2531 τὴν
1220 2461 1470 2532 πικρίαν,
1507 2464 1649 2518 οὕτω
1678 2465 1768 2519 διά
1797 2485 1872 2521 τι·

277 2564 393 2602 νων
446 2546 556 2600 τῶν
613 2549 703 2601 ἐπ’
759 2549 929 2619 ἄκρον
980 2549 1094 2621 βίου
1149 2546 1613 2625 θαυμαζομένων,
1666 2558 1762 2612 καὶ
1815 2559 1873 2612 ὲν

275 2638 530 2701 ἐπαίνοις
579 2638 890 2709 ὀρθοδοξίας
932 2640 1018 2694 ἀεὶ
1047 2643 1589 2717 καταγγελλομένων.
1627 2648 1737 2701 Καὶ
1764 2650 1874 2721 γὰρ

271 2728 439 2783 τοῦτό
469 2730 586 2782 ἐστι
616 2729 679 2782 τὸ
710 2729 872 2800 ἔργον
913 2730 1101 2796 αὑτοῦ,
1142 2732 1239 2787 τοῦ
1273 2734 1640 2806 φθονήσαντος
1691 2739 1873 2811 ἀπαρ-

274 2819 384 2889 χῆς
424 2817 501 2889 τῷ
562 2818 726 2891 πατρὶ
756 2818 914 2889 ἡμῶν
955 2818 1149 2890 Ἀδὰμ,
1203 2821 1299 2874 καὶ
1349 2824 1516 2876 πᾶσιν
1562 2822 1873 2895 ἀνθρώποις

2391 1544 2674 1601 CONTRA
2716 1544 3153 1610 DIMG‘JRITAS,

1990 1661 2058 1717 Ut
2093 1660 2338 1716 nonnulli
2354 1669 2562 1720 vocant,
2594 1660 2999 1730 quipperfectqmr
3020 1659 3226 1730 Christi
3248 1661 3567 1718 incarnatio-

2019 1749 2135 1787 nem
2155 1732 2435 1801 abnegant,
2452 1745 2570 1800 qua:
2585 1728 2662 1784 est
2678 1728 2893 1784 hwresis
2908 1728 2952 1782 L
2969 1728 3071 1783 VII
3082 1773 3095 1793 ,
3115 1731 3220 1785 sive
3237 1730 3388 1784 LXX
3404 1732 3508 1787 VI!
3518 1776 3531 1788 .

2054 1908 2095 1965 Ι.
2123 1909 2256 1966 Post
2297 1909 2614 1980 superiores
2642 1907 2769 1964 illos
2801 1921 2943 1962 nova
2973 1906 3222 1978 quaedam
3262 1922 3331 1985 at;
3376 1906 3569 1963 dillici-

1981 2002 2049 2057 lis
2102 2009 2159 2056 et
2198 2016 2228 2055 a
2262 2006 2412 2055 recta
2443 1998 2547 2055 ﬁde
2573 1997 2877 2054 abhorrens
2905 1997 3132 2053 haeresis
3170 2013 3236 2053 ex
3273 1996 3569 2067 anticipata

1968 2095 2342 2163 quorumdam
2385 2090 2644 2161 opinion‘e
2682 2090 2735 2143 in
2768 2090 3067 2143 humanum
3106 2103 3279 2158 genus
3314 2088 3517 2159 prodiit
3551 2103 3566 2142 :

1980 2197 2157 2253 neque
2190 2195 2414 2236 causam
2448 2195 2548 2236 cur
2571 2180 2648 2234 ita
2677 2178 2972 2250 contigerit
2997 2177 3134 2234 satis
3163 2177 3428 2248 intelligo,
3457 2178 3560 2232 nisi

1979 2274 2123 2344 quod
2148 2271 2200 2327 id
2234 2287 2402 2326 unum
2426 2269 2680 2325 humanae
2693 2279 2904 2325 natura:
2921 2270 3271 2341 perturbator
3297 2279 3353 2327 et
3393 2270 3568 2326 hosﬁs

1976 2364 2229 2420 diabolus
2245 2362 2450 2427 studet,
2483 2377 2765 2432 nunquam
2800 2368 2860 2416 ut
2882 2362 2949 2415 ab
2976 2359 3305 2417 infestandis
3330 2362 3568 2416 homini-

1977 2453 2081 2510 bus
2114 2463 2326 2518 cesset;
2356 2452 2450 2521 qul
2483 2449 2830 2505 amarissimo
2871 2463 2973 2503 suo
3008 2462 3221 2503 veneno
3263 2447 3566 2518 exquisitos

1978 2546 2130 2601 cibos
2179 2543 2375 2607 inlicit,
2407 2557 2473 2596 ac
2519 2541 2662 2596 melli
2699 2539 2771 2594 fel
2817 2539 3113 2603 admiscet;
3148 2537 3313 2608 idque
3341 2539 3567 2609 potissi-

1976 2654 2123 2693 mum
2147 2637 2365 2691 illorum
2390 2650 2562 2706 opera
2594 2634 2840 2699 molitur,
2867 2632 2961 2705 qui
2993 2633 3304 2688 admirabili
3331 2635 3455 2689 vita:
3484 2636 3568 2688 iu-

1976 2731 2171 2785 stituto
2192 2729 2566 2791 celebrantur,
2581 2733 2636 2782 et
2662 2734 2886 2797 prOpter
2910 2726 3140 2780 sincerae
3159 2723 3282 2780 ﬁdei
3324 2726 3565 2780 studium

1975 2822 2338 2891 ardoremque
2368 2818 2845 2874 commendantur.
2886 2816 3001 2872 Hoc
3034 2817 3179 2872 enim
3224 2819 3445 2873 unicum
3494 2816 3567 2872 il-

272 2909 687 2981 ἑχθραίνοντος⁹
734 2910 812 2975 ὡς
862 2910 957 2965 καί
999 2927 1102 2964 που
1147 2914 1310 2967 τινῶν
1349 2914 1365 2945 ⁸
1396 2914 1576 2985 σοφῶν
1633 2892 1866 2988 είρηται,

1974 2912 2079 2968 lius
2117 2927 2256 2984 opus
2295 2921 2402 2981 est,
2444 2913 2538 2984 qui
2573 2921 2628 2969 et
2668 2914 2932 2970 adversus
2979 2924 3261 2986 parentem
3310 2928 3566 2972 nostrum

272 3001 362 3055 ὅτι
394 3002 624 3067 Φθόνος
661 3001 780 3056 dei.
808 3001 941 3070 ταῖς
974 2989 1267 3073 iterantur;
1317 3007 1666 3077 εὐπραγίαις
1707 3009 1872 3063 ἀντί-

272 3095 497 3158 παλος.
562 3092 721 3147 υῦτω
764 3094 877 3149 ικαὶ
931 3094 1019 3150 διά
1076 3096 1186 3150 τῶν
1247 3097 1510 3168 μειζόνων
1563 3100 1871 3171 προσώπων

273 3182 442 3236 ἔϐαλέ
472 3201 624 3247 τινας
649 3186 974 3257 προφάσεις,
1006 3187 1096 3241 ἵνα
1120 3190 1270 3260 ἡμᾶς
1313 3190 1409 3242 καὶ
1439 3189 1538 3261 τὴν
1572 3188 1732 3261 ἁγίαν
1776 3192 1869 3247 τοῦ

274 3274 415 3329 Θεοῦ
455 3275 784 3347 Ἐκκλησίαν
814 3276 1034 3331 νάλυπον
1065 3278 1140 3349 μὴ
1193 3280 1353 3351 ἐάσῃ,
1389 3280 1528 3334 ἀλλὰ
1567 3282 1655 3335 ἀεὶ
1705 3283 1867 3357 θορυ-

268 3366 551 3438 ϐουμένην
594 3384 654 3421 τε
716 3368 813 3421 καὶ
878 3369 1312 3441 πολεμουμένην.
1351 3372 1540 3439 Ἔδοξε
1594 3373 1699 3447 γάρ
1757 3392 1869 3430 τισι

274 3458 375 3513 καὶ
402 3457 601 3524 τοῖςὲξ
640 3458 801 3530 ἡμῶν
836 3461 1199 3532 ὁρμωμένοις,
1246 3462 1341 3516 καὶ
1395 3464 1467 3517 ὲν
1503 3465 1716 3539 μεγάλῃ
1753 3466 1869 3520 δια-

272 3547 427 3602 θέσει
449 3549 805 3620 ὑπάρχουσιν,
835 3550 899 3604 ὲν
925 3551 1171 3614 ἐπαίνοις
1221 3550 1279 3604 δὲ
1307 3553 1393 3605 ἀεὶ
1430 3554 1561 3624 παρ’
1600 3556 1731 3626 ἡμῖν
1774 3556 1868 3610 καὶ

276 3638 435 3711 παρὰ
465 3641 631 3693 πᾶσιν
655 3639 959 3712 ὀρθοδόξοις
984 3642 1440 3714 ὲκθειαζομένοις,
1466 3647 1867 3718 παρεκϐάλλειν

271 3731 369 3785 τὸν
402 3730 529 3785 νοῦν
559 3731 669 3786 ἀπὸ
700 3732 803 3805 τῆς
832 3732 929 3787 τοῦ
969 3734 1208 3806 Χριστοῦ
1241 3736 1509 3808 ὲνσάρκου
1538 3741 1864 3811 παρουσίας,

276 3824 377 3876 καὶ
427 3821 629 3892 λέγειν,
684 3825 767 3877 ὅτι
816 3812 996 3897 σάρδια
1041 3826 1235 3881 ἐλαϐεν
1277 3829 1310 3881 ὁ
1358 3829 1592 3901 Χριστὸς
1623 3831 1793 3886 ἐλθὼν
1839 3835 1867 3886 ὁ

274 3912 485 3986 Κύριος
508 3915 688 3984 ἡμῶν,
722 3916 818 3970 καὶ
851 3914 1054 3987 ψυχὴν,
1092 3916 1218 3971 νοῦν
1254 3917 1323 3970 ’δὲ
1348 3919 1450 3973 οὐκ
1489 3919 1668 3989 ἔλαϐε,
1706 3937 1865 3977 τουτ-

273 4002 395 4057 έστι
436 4002 640 4058 τέλειον
669 4004 954 4075 ἄνθρωπον
976 4022 990 4036 ·
1043 4006 1096 4059 τί
1130 4010 1195 4061 ἐκ
1243 4005 1436 4060 τούτου
1474 4008 1554 4080 τῷ
1596 4009 1696 4082 βίῳ
1738 4029 1866 4065 συνφ

273 4095 721 4166 εισενεγκάμενοι
748 4096 932 4165 άγνοῶ
954 4096 1166 4166 λέγειν,
1195 4098 1229 4170 ἢ
1262 4100 1410 4172 παρὰ
1436 4100 1598 4157 τίνων
1621 4102 1730 4157 τῶν
1759 4105 1867 4177 πρὸ

1972 3003 2243 3059 Adamum
2294 3005 2500 3059 invidia
2549 3004 2812 3075 primum,
2868 3012 2922 3061 et
2962 3006 3228 3063 adversus
3264 3006 3565 3064 humanum

1976 3110 2138 3151 onme
2171 3112 2345 3168 genus
2396 3095 2539 3150 odiis
2583 3095 2858 3152 efferbuit.
2910 3095 3083 3163 Quam
3121 3099 3188 3152 ad
3234 3099 3562 3154 sententiam

1972 3184 2235 3253 praeclare
2254 3183 2474 3254 sapiens
2496 3184 2718 3254 quidam
2747 3183 2906 3251 dixit,
2930 3184 3194 3240 Invidiam
3218 3189 3421 3259 magnis
3445 3178 3565 3258 per;

1969 3283 2122 3342 petua
2143 3274 2650 3346 996wccessibus
2687 3276 2981 3331 adversari.
3015 3275 3107 3331 Sic
3128 3278 3296 3349 igitur
3325 3293 3533 3349 pernm

1970 3383 2108 3437 gnos
2137 3382 2384 3438 quosque
2399 3368 2549 3424 viros
2565 3383 2785 3423 errores
2810 3368 3135 3435 introduxit,
3153 3370 3227 3425 uti
3254 3385 3355 3425 nos
3389 3378 3555 3440 atque

1971 3457 2217 3515 Ecclesia
2246 3460 2341 3514 Dei
2363 3461 2643 3530 perpetuis
2684 3460 2953 3516 molestiis
3013 3475 3076 3514 ac
3103 3462 3427 3517 tumultibus
3448 3464 3563 3516 bet-

1969 3553 2149 3623 lisque
2202 3551 2604 3607 conﬂictemur.
2641 3548 2860 3607 Etenim
2917 3553 3202 3609 nonnullis
3243 3560 3559 3608 nostrorum

1969 3643 2197 3715 placuit,
2225 3650 2279 3698 et
2309 3642 2530 3714 quidem
2565 3642 2865 3714 primariis,
2919 3652 3084 3713 atque
3132 3658 3161 3697 a
3209 3643 3368 3698 nobis
3410 3651 3465 3698 et
3488 3645 3561 3698 ab

1968 3735 2226 3790 omnibus
2259 3734 2586 3790 ortbodoxis
2630 3734 2833 3790 divinis
2889 3735 3287 3805 propemodum
3334 3733 3559 3790 honori-

1968 3826 2073 3883 bus
2097 3826 2331 3891 a'ﬂ'ectis,
2366 3835 2607 3882 mentem
2646 3827 2713 3880 ab
2743 3824 2950 3883 Christi
2977 3826 3358 3882 incarnatione
3380 3825 3560 3880 dimo-

1966 3934 2114 3985 vere,
2141 3919 2507 3988 eumdemque
2541 3934 2763 3974 carnem
2789 3933 2916 3973 cum
2947 3918 3130 3973 anima
3146 3917 3414 3973 duntaxat
3434 3931 3559 3972 sus-

1967 4008 2198 4077 cepisse,
2234 4014 2469 4062 mentem
2509 4023 2640 4062 vero
2708 4021 3081 4079 nequaquam,
3117 4021 3367 4063 asserere
3401 4021 3416 4059 :
3455 4005 3559 4060 hoc

1966 4103 2052 4153 est
2081 4111 2193 4151 non
2223 4095 2532 4166 perfectum
2563 4096 2840 4155 hominem
2870 4096 3145 4152 induisse.
3179 4094 3371 4166 Neque
3397 4095 3558 4151 video

270 4186 455 4241 αὐτῶν
495 4187 895 4260 μεμαθηκότες,
940 4189 975 4260 ἢ
1006 4189 1059 4242 τί
1097 4189 1373 4264 ὠφέλιμον
1404 4195 1471 4248 ἐκ
1512 4193 1703 4249 τούτου
1737 4214 1862 4268 κερσ

1970 4185 2098 4256 quid
2127 4185 2232 4241 hac
2266 4185 2529 4256 opinione
2569 4186 2815 4241 humano
2838 4186 3022 4257 generi
3063 4186 3421 4253 contulerint,
3460 4196 3557 4241 aut

268 4278 555 4348 δήσαντες,
589 4278 622 4350 ἣ
665 4277 1028 4350 χαρισάμενοι
1063 4281 1200 4351 ἡμῖν
1221 4299 1282 4335 τε
1320 4286 1415 4338 καὶ
1445 4286 1557 4349 τοῖς
1581 4285 1862 4351 ἀκούουσι,

270 4368 371 4431 καὶ
398 4371 464 4440 τῇ
496 4368 628 4441 ἁγίᾳ
654 4370 749 4423 τοῦ
791 4370 926 4425 Θεοῦ
973 4371 1307 4445 Ἐκκλησία·
1341 4374 1494 4429 οὐδὲν
1526 4376 1666 4449 πλὴν
1693 4377 1727 4447 ἢ
1765 4394 1864 4431 τας

270 4459 445 4533 ραχὴν
476 4461 572 4515 καὶ
600 4461 864 4533 διαίρεσιν
906 4463 988 4526 είς
1028 4464 1179 4535 ἡμᾶς
1215 4466 1603 4538 ἐργασάμενοι,
1633 4468 1728 4522 καὶ
1768 4468 1864 4523 λύ-

270 4567 406 4621 πην,
439 4551 536 4604 καὶ
583 4545 785 4623 ζημίαν
832 4553 933 4623 τῆς
961 4555 1059 4608 ἀπ’
1109 4554 1356 4627 ἀλλήλων
1386 4556 1724 4630 γλυκύτητος
1766 4560 1860 4614 καὶ

269 4642 517 4713 ἀγάπης.
567 4636 679 4713 Τὴν
723 4643 834 4714 γὰρ
879 4646 990 4700 τῶν
1036 4645 1213 4702 θείωνί
1242 4648 1475 4720 Γραφῶν
1514 4650 1856 4722 ἀκολουθίαν,

269 4733 367 4787 καὶ
408 4732 701 4805 εὐθύτητα,
726 4736 848 4805 ,καὶ
881 4737 1119 4802 ἅκακίας
1149 4740 1463 4811 ὁμολογίαν,
1509 4745 1856 4816 προφητικήν

266 4839 333 4876 τε
366 4823 463 4878 καὶ
488 4825 870 4898 εὐαγγελικὴν,
911 4828 1008 4883 καὶ
1043 4830 1414 4902 ἁποστολικὴν
1437 4832 1622 4887 πίστιν
1650 4834 1855 4905 παρέν·

267 4927 385 4977 τις,
427 4913 745 4981 σοφιστικὴν
774 4914 907 4989 ἡμῖν
950 4915 1093 4982 λέξιν
1118 4918 1212 4973 καὶ
1243 4919 1462 4993 μυθώδη
1513 4924 1855 4994 παρεισήγα-

266 5018 387 5073 γον,
425 5003 541 5073 μεθ’
573 4996 643 5076 ἧς
674 5005 770 5059 καὶ
824 5006 1033 5062 πολλῶν
1077 5010 1268 5065 δεινῶν
1316 5012 1661 5081 ἀκολουθίαν,
1712 5015 1853 5088 πλη-

268 5091 494 5164 ροῦντες
524 5095 582 5147 ἐν
610 5095 826 5160 ἑαυτοῖς
870 5096 931 5151 τὸ
964 5099 1272 5171 εἰρημένον,
1307 5101 1390 5156 ὅτι
1442 5104 1854 5172 Ἀποστήσονο

263 5184 368 5240 ταί
400 5202 559 5252 τινες
602 5186 713 5258 τῆς
761 5191 1149 5260 ὑγιαινούσης
1197 5191 1619 5264 διδασκαλίας,
1661 5212 1851 5266 προσ-

261 5274 511 5346 έχοντες
538 5280 753 5347 μύθοις
782 5281 882 5335 καὶ
909 5286 1326 5353 magnam-late.

1965 4286 1996 4335 a
2021 4272 2356 4343 quibusnam
2390 4272 2705 4331 istiusmodi
2737 4275 2936 4345 dogma
2982 4274 3280 4330 didicerint
3313 4292 3329 4330 :
3356 4276 3556 4346 quidve

1965 4375 2062 4419 aut
2103 4379 2172 4418 ex
2200 4379 2265 4420 ea
2298 4381 2360 4420 re
2396 4367 2752 4422 emolumenti
2786 4366 2892 4436 ipsi
2938 4366 3206 4437 ceperint,
3255 4375 3353 4421 aut
3392 4368 3503 4422 nob
3527 4385 3554 4424 s

1964 4456 2131 4526 ipsis,
2161 4466 2325 4527 atque
2351 4457 2703 4514 auditoribus
2731 4458 3013 4521 omnibus,
3057 4459 3308 4529 adeoque
3344 4469 3552 4516 sant-tau

1963 4545 2060 4613 Dei
2087 4547 2349 4613 Ecclesia:
2376 4547 2595 4606 fructus
2615 4550 2918 4616 attulerint,
2951 4550 3057 4606 nisi
3083 4558 3142 4605 ut
3166 4550 3436 4606 tumultus
3485 4566 3551 4606 ac

1962 4638 2272 4696 simultates
2303 4647 2359 4696 et
2415 4641 2638 4697 dolores
2670 4642 2817 4698 inter
2843 4656 2946 4697 nos
2973 4641 3289 4706 excitarint,
3322 4650 3553 4698 mutuae-

1960 4746 2065 4800 que
2098 4731 2407 4803 concordia:
2422 4733 2821 4804 cbaritatisque
2846 4733 3172 4789 suavitatem
3196 4735 3549 4790 extorserint.

1959 4821 2172 4892 Quippe
2215 4821 2527 4878 divinarum
2558 4821 2971 4895 Scripturarum
2992 4824 3428 4881 consentientem
3484 4840 3549 4880 ac

1958 4920 2173 4969 rectum
2217 4913 2491 4981 ordinem,
2530 4924 2588 4971 et
2641 4917 2971 4973 innocentia-
3016 4915 3440 4986 professionem.
3485 4932 3549 4974 ac

1957 5004 2367 5074 propltcticam,
2411 5007 2784 5078 evangelium
2846 5015 2904 5065 et
2949 5007 3309 5079 apostolicam
3384 5007 3548 5064 {idem

1955 5095 2314 5166 negligentes,
2344 5097 2679 5168 sopbisticas
2712 5098 2877 5155 nobis
2932 5099 3180 5170 argutias
3218 5114 3286 5154 ac
3331 5099 3545 5159 fabulas

1953 5187 2342 5253 obtruserunt;
2403 5188 2606 5258 quibus
2672 5189 2916 5246 inﬁnitas
2977 5190 3139 5246 nobis
3203 5192 3543 5248 calamitates

1952 5280 2274 5343 attulerunt,
2308 5288 2475 5351 atque
2518 5281 2577 5334 in
2622 5282 2823 5352 seipsis
2862 5282 3112 5353 Apostoli
3157 5282 3367 5338 dictum
3410 5281 3543 5338 illud

1950 5371 2323 5439 impleverunt
2358 5390 2372 5426 :
2402 5370 2663 5441 Deﬁcient
2686 5375 2905 5443 quidam
2931 5392 2966 5429 a
3004 5392 3138 5430 sana
3161 5374 3426 5440 doctrina,
3458 5384 3542 5428 at-

1951 5457 2214 5531 tendentes
2237 5458 2437 5528 fabulis
2474 5468 2527 5514 et
2558 5461 2803 5531 inanibus
2834 5465 2988 5534 nugis
3020 5466 3061 5519 '.

336 5533 413 5590 B'.
440 5534 499 5589 '0
516 5536 826 5607 πρεσϐύτης
845 5539 940 5592 καὶ
973 5530 1378 5615 σεμνοπρεπὴς,
1396 5546 1425 5598 ὁ
1440 5545 1526 5598 ἀεὶ
1551 5547 1684 5617 ἡμῖν
1711 5550 1851 5617 ἁγα-

2030 5546 2090 5601 ll.
2118 5548 2384 5620 Egregius
2434 5552 2525 5606 ille
2556 5568 2621 5606 ac
2646 5555 2976 5609 venerabilis
2997 5568 3185 5617 senex,
3218 5569 3379 5623 quem
3414 5569 3536 5617 nos,

261 5625 457 5698 πητδς,
490 5626 582 5681 καὶ
610 5625 692 5696 τῷ
727 5629 1005 5702 μακαρίτῃ
1040 5631 1200 5703 πάπᾳ
1245 5634 1567 5709 ῗΑθανασίῳ,
1610 5641 1707 5694 καὶ
1741 5642 1850 5694 πᾶ·-

262 5731 351 5769 σιν
405 5713 768 5784 ὀρθοδόξοις,.
797 5716 1203 5792 ’Δπολλινάριος
1250 5723 1279 5776 ὁ
1335 5725 1440 5781 ἀπὸ
1499 5727 1844 5795 Λαοδικείας,

339 5870 357 5903 ι
386 5868 444 5926 r.
483 5869 589 5926 ὑπό
605 5890 787 5955 τινευν.
864 5873 886 5904 ί
920 5872 962 5927 ιι
993 5871 1136 5929 'l‘im.‘
1178 5888 1251 5930 ιν.
1292 5874 1345 5932 5.

1952 5649 2005 5694 et
2037 5641 2522 5701 beatamemoriae
2553 5659 2691 5713 papa
2734 5642 3092 5706 Athanasius,
3127 5644 3238 5697 imo
3258 5644 3396 5698 'vero
3427 5643 3535 5697 Ca-

1955 5730 2143 5787 tholica
2183 5747 2373 5791 omnes
2412 5734 2571 5791 unice
2600 5735 2915 5803 dileximus,
2952 5733 3288 5806 Apollinaris
3333 5732 3536 5789 Laodi-
