3964 6438
526 437 584 489 Ν
597 435 628 488 7
1935 425 1993 482 S.
2037 421 2380 480 EPIPIIANN
3671 425 3746 477 πει

521 559 630 615 est,
666 563 772 604 non
804 563 927 604 esse
968 544 1287 610 Dominum,
1331 557 1396 598 ac
1435 543 1806 602 salvatorem.
1837 551 1893 596 et
1925 541 2118 602 Deum,

2242 538 2380 601 ι’ἱὸν,
2407 539 2503 590 τὸν
2538 537 2646 608 πρὸ
2672 535 2894 606 Μαρίας
2923 532 3020 590 καὶ
3054 534 3160 606 πρὸ
3186 532 3394 588 αἰώνων
3417 533 3538 586 Ii?»
3562 532 3752 588 ὅνταυῶ

522 637 812 708 Patrisque
836 637 1076 692 Filium?
1105 637 1358 703 Quonam
1385 642 1546 705 pacto
1566 633 1915 689 Christianos
1935 634 2118 702 appel-

2242 634 2479 704 Πατρόςς
2516 634 2585 685 Ἢ
2627 631 2746 694 πῶς
2788 629 3109 700 Χριστιανοὶ
3142 625 3278 682 εἶναι
3303 630 3354 681 οὶ
3385 627 3615 696 λέγοντες
3639 628 3755 682 ἄλλον

523 727 626 781 lari
655 742 715 783 se
743 727 955 790 volunt,
995 725 1092 795 qui
1133 725 1190 778 in
1233 735 1486 779 sanctum
1538 723 1840 786 hominem,
1892 724 2118 791 perinde

2242 717 2330 780 τὸν
2343 727 2476 780 Θεὸν
2507 721 2670 788 εἶναι,
2700 725 2796 778 καὶ
2825 724 2985 778 ἄλλον
3009 718 3150 776 εἶναι
3179 722 3268 775 τὸν
3295 721 3391 774 τοῦ
3423 719 3552 774 Θεοῦ
3572 721 3732 788 Λόγος

524 815 586 878 ut
624 839 678 876 tn
713 823 951 892 aliquem
981 822 1049 876 de
1079 819 1475 891 prophetarum
1525 833 1779 882 numero,
1826 818 2115 888 delapsum
2157 836 2281 878 esse
2313 821 2575 889 Verbum,
2624 835 2735 876 non
2771 820 3071 889 ipsummet
3113 817 3393 871 hominem
3446 813 3632 869 factum
3670 829 3760 871 esse

523 914 881 985 profitentur,
929 928 1054 968 cum
1097 927 1161 966 ex
1209 911 1383 966 Maria
1432 925 1638 980 corpus
1685 909 1982 972 induisset,
2049 913 2146 966 sed
2206 916 2440 971 alterum
2491 929 2618 970 esse
2671 913 2977 976 Christum,
3024 911 3258 967 alterum
3301 907 3397 964 Dei
3451 907 3653 970 Filium,
3695 910 3760 976 qui

524 1015 653 1061 ante
685 1006 938 1070 Mariam,
971 1013 1027 1060 et
1056 1014 1185 1059 ante
1210 1005 1411 1058 saecula
1441 1002 1628 1057 omnia
1690 1001 1864 1056 Filius
1915 1020 1980 1056 ex
2034 1002 2200 1060 Patre
2237 1007 2542 1077 prodierit?
2589 1011 2673 1060 An
2703 1019 2856 1060 'vero
2896 1001 3206 1059 Christiani
3251 1017 3376 1058 esse
3430 1009 3658 1073 possunt,
3696 999 3760 1070 qui

525 1098 694 1152 alium
731 1111 856 1151 esse
896 1094 1091 1158 Deum,
1145 1094 1291 1148 aliud
1342 1100 1399 1147 et
1451 1094 1522 1147 ab
1569 1093 1663 1146 illo
1703 1091 1981 1148 diversum
2025 1093 2120 1149 Dei
2165 1097 2398 1154 Verbum
2431 1097 2774 1168 praedicant?

602 1189 662 1244 V.
711 1187 836 1242 llaec
870 1189 925 1242 in
961 1188 1070 1242 illis
1103 1187 1518 1240 commentariis
1542 1188 1970 1242 continebantur
2001 1203 2129 1258 pro-

527 1282 784 1337 nuntiata
823 1282 1062 1345 diverse,
1100 1280 1195 1335 sed
1233 1295 1468 1350 quorum
1493 1294 1602 1333 una
1632 1280 1940 1350 eademque
1973 1296 2128 1336 mens

527 1385 676 1431 esset
715 1390 841 1429 cum
884 1374 1167 1444 impietate
1207 1373 1526 1442 conjuncta.
1554 1371 1855 1444 PrOpterea
1892 1373 2128 1429 disside-

531 1469 666 1524 bant
698 1483 728 1520 a
759 1483 818 1522 se
846 1467 1102 1532 invicem,
1137 1481 1201 1520 ac
1229 1467 1548 1537 pugnabant
1573 1467 1606 1519 ii
1631 1467 1726 1537 qui
1759 1482 1818 1522 se
1852 1467 1973 1522 fidei
2001 1482 2130 1537 pro-

533 1559 774 1615 fessione
808 1575 838 1612 a
877 1557 1141 1613 Patribus
1172 1558 1228 1611 in
1263 1557 1481 1612 Nictena
1518 1559 1732 1628 synodo
1761 1561 1981 1628 prodita
2013 1561 2132 1630 glo-

529 1653 768 1706 riantur.
799 1650 911 1722 Ego
949 1665 1081 1704 vero
1115 1652 1373 1720 pietatem
1415 1658 1566 1705 tuam
1601 1666 1934 1722 magnopere
1956 1653 2131 1708 demi-

528 1753 685 1799 ratus
730 1761 878 1808 sum,
930 1743 1077 1813 quod
1121 1743 1260 1798 istos
1303 1745 1556 1798 homines
1589 1746 1827 1800 tolerare
1865 1747 2125 1815 poluerit,

2307 1193 2382 1245 E'.
2417 1190 2606 1245 Ταῦτα
2634 1186 2705 1261 ἦν
2728 1191 2787 1242 ἐν
2809 1191 2924 1252 τοῖς
2957 1187 3350 1258 ὑπομνήμασιν
3376 1183 3667 1254 διαφόρως¹
3695 1183 3762 1255 μὲν

2235 1284 2521 1355 εἰρημένα,
2559 1283 2688 1354 μίαν
2715 1281 2776 1334 δὲ
2795 1281 2896 1355 τὴν
2917 1281 3158 1334 διάνοιαν
3189 1280 3282 1332 καὶ
3306 1278 3407 1349 τὴν
3438 1277 3598 1346 αὐτὴν
3622 1277 3764 1336 ἒγοντσι

2237 1378 2377 1448 πρὸς
2399 1376 2657 1430 ἀσέϐειαν
2683 1375 3012 1446 βλέπουσαν.
3043 1371 3144 1425 Διὰ
3163 1371 3337 1424 ταῦτα
3357 1370 3680 1440 διεκρίνοντο,
3700 1371 3762 1422 καὶ

2236 1470 2559 1541 διεμάχοντο
2587 1468 2724 1540 πρὸς
2758 1466 3024 1537 ἀλλήλους
3062 1467 3113 1517 οι
3157 1462 3457 1533 αὐχοῦντες
3483 1461 3571 1514 ἐπὶ
3597 1464 3654 1530 τῇ
3675 1463 3765 1530 ὀμο-

2237 1563 2398 1634 λογεα
2441 1562 2550 1616 τῶν
2579 1561 2842 1632 Πατέρων
2871 1559 2981 1612 τῶν
3013 1560 3072 1611 ὲν
3106 1558 3313 1628 Νικαέᾳ
3342 1555 3617 1628 γενομένῃ.
3667 1553 3765 1621 Ἐγὼ

2237 1657 2295 1710 δὲ
2334 1656 2433 1727 τὴν
2469 1654 2567 1726 σὴν
2607 1653 2900 1726 ἐθαύμασα
2946 1651 3261 1706 θεοσέϐειαν
3299 1649 3674 1720 ὰνασχομένην,
3704 1650 3766 1698 ιιςὶ

2238 1749 2320 1802 ὅτι
2363 1748 2438 1820 μὴ
2475 1747 2700 1810 τούτους
2741 1745 2843 1817 μὲν
2887 1745 3094 1798 ἔπαυσε
3126 1743 3301 1797 ταῦτα
3334 1742 3602 1810 λέγοντας,
3628 1739 3767 1810 τὴνόὲ

535 1851 715 1907 neque
769 1835 901 1888 talia
957 1835 1301 1904 jactantibus
1352 1837 1636 1891 silentium
1677 1838 2027 1905 imposuerit,
2070 1852 2133 1892 ac

2242 1841 2440 1913 εὐσεϐῆ
2483 1840 2667 1894 πίστιν
2707 1838 3022 1910 παρέθηκεν
3051 1838 3259 1900 αὐτοῖς,
3305 1836 3400 1888 ἵνα
3433 1835 3466 1905 ἢ
3503 1833 3768 1893 ἀκούσαντες

533 1931 678 1998 piam
717 1929 1105 1998 sinceramque
1137 1927 1257 1983 fidei
1283 1928 1527 1998 regulam
1559 1929 1849 1995 obtulerit;
1885 1945 1991 1999 qua
2013 1929 2137 1999 qui-

532 2019 659 2074 dem
697 2021 883 2074 audita
924 2020 1008 2074 vel
1044 2020 1464 2089 acquiescerent
1486 2059 1501 2085 ,
1544 2020 1648 2084 vel,
1680 2019 1727 2074 si
1755 2020 2138 2075 contradicere

533 2113 782 2175 mallent,
842 2111 1088 2166 haeretici
1140 2111 1585 2166 nominarentur.
1643 2109 1780 2165 Nam
1839 2126 1962 2181 quae
2008 2120 2138 2167 ante

533 2211 967 2257 commemorata
1012 2211 1164 2265 sunt,
1206 2218 1386 2272 neque
1437 2202 1695 2272 proferri,
1737 2219 1919 2273 neque
1956 2203 2136 2257 audiri

533 2295 678 2362 apud
710 2293 1060 2347 Christianos
1096 2299 1352 2362 possunt,
1387 2292 1484 2346 sed
1517 2294 1589 2346 ab
1627 2294 1932 2362 apostolica
1963 2293 2136 2348 disci-

532 2385 681 2455 plina
719 2386 938 2455 penitus
982 2384 1306 2438 abhorrent.
1353 2384 1626 2450 Quocirca
1667 2385 1993 2440 eorumdem
2033 2400 2138 2456 ego

531 2475 815 2546 dogmata,
871 2476 1185 2545 cujusmodi
1243 2483 1374 2531 ante
1430 2477 1708 2546 proposita
1775 2485 1928 2541 sunt,
1987 2479 2138 2533 nude

533 2569 663 2624 huic
702 2570 950 2638 epistola:
981 2568 1276 2624 attexenda
1308 2571 1524 2632 curavi,
1565 2576 1624 2624 ut
1656 2570 1750 2640 qui
1788 2571 1906 2626 haec
1946 2572 2130 2626 solum

533 2663 793 2727 audierit,
823 2663 1043 2716 illorum
1070 2661 1356 2717 infamiam
1396 2661 1850 2733 impietatemque
1887 2671 2138 2718 contem-

533 2756 739 2825 pletur.
773 2756 852 2808 Ac
885 2754 1108 2808 tametsi
1137 2769 1357 2818 eorum,
1389 2753 1644 2823 aquibus
1670 2755 1985 2825 excogitata
2033 2755 2138 2809 ista

535 2855 686 2910 sunt,
715 2846 1002 2916 turpitudo
1027 2846 1281 2916 pluribus
1306 2845 1644 2906 accusanda,
1673 2860 1740 2900 ac
1761 2845 2138 2917 redarguenda

537 2937 811 3002 videatur,
844 2937 1210 2992 nihilominus
1238 2938 1356 2992 haec
1385 2937 1453 2991 ad
1479 2937 1730 3006 epistola:
1751 2937 1976 2991 modum
2003 2939 2140 2994 satis

535 3043 688 3094 esse,
736 3043 922 3098 neque
969 3029 1198 3087 ubetius
1231 3029 1586 3084 seribcndmu
1623 3030 1966 3084 existimavi.
2001 3029 2138 3084 Nam

536 3137 660 3193 qua:
707 3131 818 3176 tam
865 3131 1057 3191 aperta
1107 3121 1354 3191 nequitia
1403 3116 1882 3192 implicata’suut,
1931 3124 2140 3193 agitare

535 3212 939 3276 uehementius,
973 3227 1040 3266 ac
1071 3213 1352 3266 curiosius
1383 3215 1725 3283 perscrutari
1750 3228 1860 3266 non
1897 3221 2138 3283 oportet,

537 3320 608 3359 ne
635 3321 666 3358 a
691 3303 1056 3359 eontentiosis
1089 3302 1410 3358 hominibus
1444 3319 1548 3373 pro
1575 3304 1764 3359 dubiis
1787 3313 1842 3359 et
1863 3305 2142 3374 ambiguis

537 3395 862 3455 habeantur.
914 3394 1098 3461 Quare
1128 3396 1181 3451 id
1215 3411 1386 3450 unum
1423 3397 1696 3451 adversus
1728 3397 2004 3465 ejusmodi
2041 3412 2142 3451 ex-

535 3491 724 3559 cipere
777 3501 842 3544 ac
871 3489 1210 3559 respondere
1235 3488 1434 3545 sufﬁcit
1454 3509 1468 3544 :
1492 3504 1602 3543 non
1632 3503 1759 3544 esse
1782 3489 1897 3542 hate
1928 3488 2144 3558 1000

537 3579 798 3637 Ecclesia:
847 3582 1137 3636 catholica:
1185 3580 1465 3652 dogmata,
1521 3596 1704 3651 neque
1741 3583 1887 3635 hunc
1917 3580 2142 3634 Patrum

537 3679 856 3727 nostrorum
884 3686 1109 3727 sensum
1138 3671 1444 3725 exstitisse.
1474 3667 1678 3724 Verum
1709 3685 1799 3736 ne,
1835 3671 1880 3724 si
1905 3669 2136 3724 omnino

538 3765 981 3828 dissimulaVero,
1012 3763 1454 3832 perniciosorum
1480 3761 1798 3831 dogmatum
1822 3762 2136 3818 inventores

2237 1933 2617 2004 ἠρεμήσωσιν,
2651 1930 2685 2002 ἢ
2713 1930 3091 1998 ἀντιλέγοντες
3121 1929 3196 1991 ὡς
3226 1926 3500 1998 αἱρετικοὶ
3520 1924 3768 1994 ὀνομασθῶ-

2239 2038 2314 2076 σι.
2341 2020 2565 2091 Τὰγὰρ
2606 2018 2991 2092 προειρημένα
3037 2017 3161 2071 οὔτε
3215 2016 3388 2072 λεκτὰ
3432 2015 3553 2069 οὔτε
3587 2015 3769 2068 ἀκουστὰ

2237 2112 2392 2185 παρὰ
2425 2113 2799 2184 Χριπιανοίς,
2826 2111 2964 2165 ἀλλὰ
2990 2110 3248 2182 ἀλλότρια
3269 2108 3420 2164 κατὰ
3441 2109 3606 2162 πάντα
3624 2106 3768 2178 τρόπον

2237 2205 2338 2275 τῆς
2381 2202 2748 2273 ἀποπολικῆς
2784 2202 3139 2266 διδασκαλίας
3183 2201 3324 2256 ἐστι.
3375 2200 3475 2254 Διὰ
3509 2199 3650 2254 τοῦτο
3678 2198 3768 2265 γοῦν

2238 2297 2397 2366 κάγὼ
2415 2298 2483 2352 τὰ
2510 2299 2643 2369 παρ’
2671 2297 2917 2360 ἐκείνων,
2947 2297 3024 2359 ὼς
3047 2295 3286 2368 εἴρηται,
3312 2295 3539 2366 γυμνῶς
3557 2293 3770 2361 πεποίηκα

2239 2390 2588 2461 ἐγγραφῆναι
2637 2393 2705 2461 τῇ
2757 2388 3040 2461 ἐπιστολῇ,
3087 2388 3176 2442 ἵνα
3218 2389 3315 2441 καὶ
3359 2389 3518 2460 μόνον
3553 2391 3579 2440 ὁ
3614 2385 3770 2439 ἀκούων

2241 2478 2422 2549 θεωρῇ
2450 2478 2548 2548 τὴν
2580 2480 2639 2531 ὲν
2676 2478 2862 2542 αὐτοῖς
2897 2479 3162 2550 αἰσχύνην
3190 2478 3289 2532 καὶ
3324 2478 3594 2532 ἀσέϐειαν.
3631 2477 3716 2528 Καὶ
3738 2477 3769 2526 εἰ

2240 2571 2336 2624 καὶ
2363 2571 2471 2624 ἔδει
2496 2570 2587 2624 διὰ
2621 2569 2885 2623 πλειόνων
2917 2572 3268 2642 κατηγορεῖν,
3305 2571 3405 2624 καὶ
3427 2569 3689 2638 διελέγχειν
3703 2567 3768 2636 τὴν

2238 2663 2350 2719 τῶν
2375 2662 2551 2717 ταῦτα
2579 2662 2973 2733 διανοηθέντων
3013 2662 3301 2734 αἰσχύνην,
3331 2661 3471 2716 ἀλλὰ
3506 2661 3634 2733 [καὶ]
3655 2659 3769 2712 καλὸν

2238 2753 2345 2811 ἕως
2378 2753 2585 2806 τούτων
2615 2747 2753 2805 εἶναι
2801 2753 2902 2823 τὴν
2945 2751 3258 2823 επιστολὴν,
3313 2752 3415 2805 καὶ
3461 2752 3615 2823 μηδὲν
3654 2751 3769 2802 πλέειν

2239 2845 2496 2916 γράφειν.
2531 2845 2612 2898 Τὰ
2639 2844 2750 2916 γὰρ
2789 2844 2964 2908 οὕτως
3004 2845 3258 2914 φανερῶς
3300 2847 3618 2917 δεικνύμενα
3643 2843 3772 2913 odia

2240 2935 2542 3008 γυμνάζειν
2576 2937 2855 3000 ἑπιπλέον,
2898 2937 2994 2990 καὶ
3033 2938 3500 3010 περιεργάζεσθαι
3531 2940 3586 2991 οὐ
3611 2937 3770 3000 δεί,ῐνι

2246 3029 2320 3102 μὴ
2349 3033 2467 3093 τοῖς
2509 3029 2912 3099 φιλονεικοῦσιν
2951 3031 3027 3094 ὡς
3063 3032 3349 3101 ἀμφίϐολα
3387 3030 3624 3103 νομισθῇ.
3651 3027 3772 3081 Τοῦτο

2248 3121 2410 3191 μόνον
2435 3121 2842 3192 ἀποκρίνασθαι
2873 3124 3010 3193 πρὸς
3039 3123 3107 3175 τὰ
3140 3123 3374 3177 τοιαῦτα
3426 3125 3517 3177 καὶ
3544 3125 3688 3176 εἰπεῖν
3705 3123 3770 3188 ἀρ·

2247 3216 2354 3276 κεῖ,
2392 3213 2473 3266 ὃτι
2503 3215 2606 3267 οὐκ
2643 3213 2761 3268 ἐστι
2791 3215 2967 3268 ταῦτα
3007 3217 3108 3287 τῆς
3152 3215 3454 3287 καθολικῆς
3494 3212 3769 3282 Ἐκκλησίας,

2245 3304 2369 3358 οὐδὲ
2395 3304 2572 3359 ταῦτα
2600 3307 2650 3359 oi
2679 3305 2924 3378 Πατέρες
2952 3308 3278 3377 ἐφρόνησαν.
3315 3309 3437 3363 Ἵνα
3466 3310 3520 3362 δὲ
3553 3308 3618 3379 μὴ
3639 3310 3688 3359 ὲκ
3704 3308 3768 3371 τῆς

2247 3395 2433 3447 τέλεον
2468 3397 2682 3465 σιωπῆς
2711 3395 2986 3466 πρόφασιν
3014 3397 3379 3468 ἀναίσχυντον
3409 3400 3607 3460 ἑαυτοῖς
3635 3399 3674 3450 οἱ
3695 3394 3768 3447 τῶν

2251 3488 2440 3542 κακῶν
2479 3489 2774 3568 ἐφευρεταὶ
2808 3490 3168 3560 πορίσωνται,
3216 3491 3386 3547 καλὸν
3429 3495 3492 3546 ὲκ
3528 3492 3624 3545 τῶν
3657 3490 3767 3542 θείων

2251 3578 2487 3650 Γραφῶν
2531 3579 2728 3648 ὀλίγων
2775 3579 3166 3652 μνημονεῦσαι.
3204 3581 3362 3652 Τάχα
3395 3581 3502 3653 γὰρ
3536 3581 3626 3634 κᾶν
3648 3578 3768 3636 οὕτως

2245 3671 2587 3735 αἰδεσθέντες
2652 3667 2954 3727 παύσονται
3005 3673 3115 3728 ἀπὸ
3155 3673 3264 3727 τῶν
3315 3673 3573 3747 ῥυπαρῶν
3618 3670 3767 3724 τούτων

2243 3765 2518 3820 ἐπινοιῶν.

542 3855 633 3911 isti
665 3856 1019 3924 impudentiae
1043 3871 1160 3911 sua:
1185 3855 1480 3910 honestum
1504 3856 1742 3925 aliquem
1765 3855 2006 3910 colorem
2039 3857 2302 3923 habeant,
2339 3871 2516 3928 pauca
2562 3873 2594 3913 e
2644 3857 2824 3913 sacris
2865 3856 3090 3922 Litteris
3129 3858 3503 3926 expromenda
3555 3857 3770 3913 videntur.

539 3963 604 4003 ex
642 3949 845 4016 quibus
871 3947 1082 4016 pudore
1115 3947 1348 4002 forsitan
1381 3946 1561 4002 affecti
1597 3951 1665 4003 ab
1701 3949 2107 4006 sordidissimis
2138 3951 2249 4009 illis
2279 3953 2522 4008 inventis
2553 3951 2850 4022 aliquando
2887 3951 3221 4006 descisceut.

612 4035 705 4094 Vl.
744 4036 1032 4093 Undenam
1076 4039 1246 4110 igitur
1270 4055 1544 4110 usurpare
1569 4042 1716 4095 istud
1743 4043 1902 4100 vobis
1934 4044 1988 4097 in
2021 4047 2108 4098 ani
2129 4073 2143 4085 -

543 4143 693 4183 mum
723 4129 940 4194 incidit,
979 4145 1182 4201 corpus
1224 4131 1502 4186 divinitati
1542 4133 1706 4190 Verbi
1745 4151 1869 4192 esse
1909 4138 2136 4193 consub-

541 4223 844 4280 stantiale?
878 4223 1020 4279 llinc
1055 4226 1203 4279 enim
1257 4227 1611 4296 potissimum
1659 4230 1907 4284 exordiri
1953 4231 2136 4301 juvat,

543 4324 624 4380 ut,
659 4332 726 4372 eo
752 4317 1022 4373 convulso
1059 4333 1125 4372 ac
1159 4320 1514 4388 lahefactato,
1543 4333 1742 4378 uetera
1776 4324 2005 4394 perinde
2035 4325 2140 4378 im-

421 4445 434 4451 -
539 4407 738 4462 becilla
766 4418 1176 4464 monstrentur.
1206 4409 1342 4464 Nam
1374 4427 1405 4466 e
1439 4413 1618 4469 sacris
1649 4413 1874 4485 quidem
1908 4413 2137 4472 Litteris

540 4497 812 4566 ejusmodi
847 4502 986 4555 nihil
1017 4502 1143 4557 elici
1181 4512 1518 4576 poteshqute
1539 4488 1782 4560 humano
1816 4507 1871 4561 in
1905 4522 2140 4578 corpm-e

541 4590 714 4646 Deum
750 4594 1039 4650 exstitisse
1071 4595 1398 4665 praedicant.
1435 4598 1506 4651 At
1529 4614 1660 4653 vero
1684 4598 1880 4654 Patres
1906 4599 2009 4663 illi,
2039 4601 2136 4670 qui

539 4683 738 4740 Nicaeae
770 4695 1169 4751 convenerant,
1202 4704 1312 4742 non
1343 4705 1570 4760 corpus,
1597 4692 1694 4747 sed
1716 4691 1914 4746 Filium
1947 4692 2130 4762 ipsum

542 4772 692 4829 Patri
724 4778 1256 4834 consubstantialem
1303 4796 1430 4836 esse
1467 4783 1752 4847 dixerunt,
1791 4773 2037 4854 eumque
2069 4783 2138 4839 de

541 4861 728 4922 Patris
760 4870 1036 4938 prodiisse
1069 4871 1405 4938 substantia,
1455 4889 1661 4944 corpus
1709 4889 1842 4931 vero
1889 4891 1920 4930 e
1964 4873 2137 4930 Maria

434 5035 443 5046 ι.
543 4969 864 5028 susceptura
896 4977 965 5016 ex
996 4977 1285 5019 sacrarum
1319 4964 1656 5021 Litterarum
1686 4969 2018 5023 auctoritate
2042 4967 2139 5024 dc-

543 5057 757 5101 cretum
782 5057 890 5105 est.
915 5051 1100 5118 Quare
1120 5056 1205 5109 vel
1230 5054 1506 5111 Nicaenam
1533 5057 1806 5128 synodum
1834 5057 2135 5128 ejuratnte,

543 5152 608 5192 ac
642 5144 906 5208 tanquam
951 5142 1197 5199 haeretici
1233 5146 1492 5218 degmata
1537 5149 1644 5203 ista
1687 5149 1926 5219 jactate;
1961 5157 2058 5204 aut
2087 5148 2138 5205 si

543 5227 772 5283 Patrum
804 5247 928 5286 esse
958 5233 1054 5288 filii
1084 5236 1274 5301 vultis,
1304 5241 1444 5295 nihil
1474 5250 1679 5312 praeter
1707 5243 1825 5308 illa,
1857 5255 1980 5312 qua:
2001 5242 2139 5297 scri-

545 5330 798 5392 pserunt,
854 5323 958 5392 ipsi
993 5327 1344 5384 sentiendum
1389 5341 1662 5402 putatote.
1710 5333 1924 5390 Etenim
1968 5350 2134 5404 quam

543 5417 678 5473 illud
727 5418 1028 5474 absurdum
1071 5421 1165 5484 sit,
1203 5422 1288 5476 vel
1336 5425 1466 5480 hinc
1508 5427 1834 5483 existimare
1875 5427 2134 5497 potestis.

495 5575 507 5591 ι
545 5506 600 5561 Si
627 5507 775 5563 enim
799 5507 1040 5566 Verbum
1067 5514 1312 5582 corpori,
1340 5516 1501 5584 cujus
1532 5525 1730 5572 natura
1761 5518 1832 5573 de
1859 5527 2013 5573 terra
2041 5516 2137 5572 de-

545 5595 711 5652 libata
735 5609 841 5666 est,
873 5602 1359 5659 eonsubstantiale
1383 5605 1478 5671 sit,
1508 5621 1634 5660 cum
1657 5622 1722 5662 ex
1754 5606 1981 5663 Patrum
2007 5622 2138 5662 cou-

545 5687 786 5747 fessione
817 5694 1046 5762 perinde
1076 5695 1152 5751 sit
1183 5695 1336 5752 Patri
1370 5698 1845 5758 consubstantiaie
1865 5699 2133 5766 Verbum,

563 5856 570 5862 '
618 5842 636 5876 ⁸
684 5861 774 5913 π).
819 5846 1148 5919 ἀδιαφόρως.

2315 4048 2408 4114 (τ’.
2442 4045 2612 4100 Πόθεν
2637 4047 2771 4116 ἡμῖν
2793 4045 3028 4116 ἐπῆλθεν
3061 4048 3256 4110 εἰπεῖν,
3285 4039 3332 4099 ὦ
3357 4042 3518 4108 οὗτοι.
3545 4045 3598 4097 τὸ
3622 4037 3765 4113 631005-

2247 4155 2365 4193 σιον
2390 4135 2534 4192 εῖναι
2579 4138 2642 4191 τὸ
2690 4137 2852 4208 σῶμα
2887 4137 2991 4208 τῆς
3024 4138 3120 4190 τοῦ
3159 4139 3335 4206 Λόγου
3381 4138 3643 4208 θεότητος;
3674 4128 3764 4184 Ἀπὸ

2246 4231 2356 4302 γὰρ
2387 4231 2577 4284 τούτου
2609 4229 2772 4284 καλὸν
2801 4229 3092 4298 ἄρξασθαι,
3120 4231 3228 4290 ἵνα,
3257 4231 3450 4284 τούτου
3481 4224 3762 4296 δεικνυμένου

2248 4324 2472 4395 σαθροῦ,
2497 4325 2593 4378 καὶ
2618 4324 2799 4378 πάντα
2824 4322 2896 4376 τὰ
2920 4323 3057 4377 ἄλλα
3080 4324 3302 4378 τοιαῦτα
3323 4325 3524 4396 δειχθῇ.
3565 4319 3673 4374 Ἀπὸ
3695 4313 3762 4386 μὲν

2244 4411 2340 4469 οὖν
2371 4415 2482 4469 τῶν
2514 4415 2750 4486 Γραφῶν
2787 4417 2889 4469 ούκ
2926 4415 3074 4469 ἐστιν
3113 4417 3316 4487 εύρείν.
3361 4417 3489 4471 Θεὸν
3514 4415 3608 4486 γὰρ
3633 4415 3680 4465 ὲν
3700 4410 3760 4461 ἀν-

2247 4508 2507 4580 θρωπίνῳ
2545 4508 2759 4579 σώματι
2797 4510 3080 4579 γεγονέναι
3111 4509 3381 4577 λέγουσιν.
3419 4508 3566 4563 Ἀλλὰ
3589 4506 3675 4574 γὰρ
3699 4499 3760 4552 2:".

2243 4602 2292 4654 oi
2321 4601 2565 4672 Πατέρες
2586 4602 2636 4654 οἱ
2661 4603 2720 4654 ὲν
2743 4601 2952 4672 Νικαξᾳ
2980 4601 3327 4667 συνελθόντες
3349 4603 3410 4656 ού
3427 4601 3484 4654 τὸ
3509 4598 3660 4667 σῶμα,
3681 4587 3758 4644 ἀλλ’

2243 4691 2407 4746 αὑτὸν
2437 4693 2531 4748 τὸν
2566 4693 2696 4747 Υἱδν
2725 4695 3014 4763 εἰρήκασιν
3047 4695 3330 4765 ὁμοούσιον
3357 4693 3447 4748 τοῦ
3470 4690 3671 4761 Πατρός
3697 4681 3757 4735 καὶ

2243 4782 2434 4837 τοῦτον
2462 4785 2562 4856 μὲν
2593 4787 2656 4836 ὲκ
2677 4784 2779 4854 τῆς
2805 4785 2994 4849 οὐσίας
3017 4785 3114 4838 τοῦ
3146 4787 3379 4858 Πατρδς,
3414 4785 3472 4838 τὸ
3499 4783 3549 4836 δὲ
3571 4780 3697 4847 σῶμα
3715 4773 3755 4821 ἐκ

2244 4875 2466 4947 Μαρίας
2504 4877 2851 4948 ὡμολόγηται
2891 4873 3034 4932 εἶναι
3078 4878 3240 4932 πάλιν
3276 4879 3417 4933 κατὰ
3452 4878 3540 4939 τὰς
3573 4874 3606 4926 Γ
3611 4866 3753 4943 paganis.

2249 4968 2322 5021 Ἢ
2355 4969 2532 5022 τοίνυν
2571 4968 2884 5041 ἀρνήσασθε
2911 4969 3011 5040 τὴν
3041 4970 3099 5022 ὲν
3133 4971 3340 5043 Νικαίᾳ
3370 4968 3582 5030 σύνοδον,
3613 4961 3684 5016 καὶ
3705 4955 3755 5014 ὡς

2244 5061 2516 5132 αἱρετικοὶ
2561 5063 2964 5134 παρεισφέρετε
3010 5063 3203 5117 ταῦτα·
3245 5063 3278 5131 ἢ
3315 5066 3361 5116 εὶ
3388 5057 3614 5134 βούλεσθε
3637 5050 3754 5103 τέκνα

2242 5150 2352 5204 τῶν
2380 5153 2640 5223 Πατέρων
2670 5150 2830 5221 εἶναι,
2877 5154 2951 5226 μὴ
2998 5158 3245 5225 φρονεῖτε
3289 5156 3418 5224 παρ’
3438 5151 3618 5206 ἐκεῖνα,
3651 5141 3750 5196 ἅπερ

2245 5241 2491 5314 ἔγραψαν
2521 5245 2694 5298 αὐτοί.
2727 5247 2839 5298 Καὶ⁵
2858 5246 2966 5318 γὰρ
2989 5249 3053 5299 ἐκ
3080 5246 3269 5300 τούτου
3300 5247 3358 5299 τὸ
3380 5245 3563 5298 ἄτοπον
3585 5228 3749 5301 θεωρεῖν

2244 5334 2392 5404 ἡμᾶς
2417 5333 2643 5400 ἔξεστιν.
2673 5336 2736 5389 Εἰ
2756 5337 3040 5408 όμοούσιος
3065 5339 3093 5390 ὁ
3117 5339 3288 5408 Λόγος
3307 5337 3382 5408 τῷ
3404 5335 3593 5404 σώματι
3615 5329 3663 5378 ἐκ
3679 5319 3747 5388 γῆς

2244 5423 2422 5494 ἔχοντι
2438 5427 2537 5498 τὴν
2558 5427 2742 5497 φύσιν,
2761 5429 3046 5500 ὁμοούσιος
3066 5430 3121 5484 δὲ
3138 5432 3166 5483 ὁ
3183 5432 3351 5499 Λόγος
3372 5429 3444 5500 τῷ
3467 5425 3631 5492 "arpi,
3647 5408 3742 5506 κατ’)

2243 5514 2342 5586 τὴν
2368 5516 2478 5569 τῶν
2501 5519 2761 5590 Πατέρων
2787 5521 3096 5594 ὁμολογίαν·
3124 5519 3406 5592 ὁμοούσιος
3427 5517 3563 5568 ἔσται
3590 5505 3661 5561 καὶ
3789 5571 3795 5577 .

2242 5582 2336 5672 τδς
2360 5609 2389 5661 ὁ
2411 5611 2602 5682 Πατὴρ
2750 5582 3066 5683 σώματι⁷
3091 5582 3170 5665 ἐκ·
3181 5612 3286 5682 γῆς
3314 5605 3582 5678 γενομένῳ·
3609 5582 3742 5682 xui?!

2243 5699 2324 5754 ἔτι
2364 5703 2642 5774 μέμφεσθε
2675 5707 2791 5769 τοῖς
2829 5706 3128 5778 Ἀρειανοῖς
3158 5705 3374 5774 λέγουσι
3409 5699 3493 5752 τὸν
3524 5689 3626 5747 Πὺν
3655 5686 3741 5734 κτί⁹
