3964 6430
197 455 290 514 649

737 449 1104 508 ADVERSUS
1143 447 1488 506 HERESES
1523 447 1650 504 LIB.
1692 446 1779 502 lli.
1825 444 1992 504 ΤΟΜ.
2032 442 2098 500 ll.
2138 475 2208 485 —
2247 443 2525 500 ilA'liiES.
2567 436 2830 498 LXXVII.

3330 439 3437 499 650
3492 463 3495 466 ·

205 583 314 636 σμα,
343 563 592 634 λέγοντες
625 563 719 617 καὶ
739 564 893 618 αὐτοὶ
931 564 1024 618 τδν
1045 563 1268 636 Πατέρα
1312 562 1596 634 ὁμοούσιον
1637 565 1750 626 τοῖς

1866 561 2018 616 Pater
2067 559 2185 629 ipse
2233 568 2452 613 terreno
2506 557 2724 628 corpori
2778 554 3268 612 consubstantialis
3309 567 3437 614 er.t.

198 656 458 727 κτίσμασι,
511 656 610 710 καὶ
656 656 737 720 εἰς
783 655 981 726 ἑτέραν
1033 655 1292 710 ἀσέϐειαν
1341 655 1753 726 μετερχόμενοι,

195 748 478 817 φάσκοντες
528 748 608 810 είς
686 746 866 817 σάρκα
944 747 1041 799 καὶ
1084 744 1249 797 ὀστέα
1291 743 1386 798 καὶ
1437 743 1630 816 τρίχας
1663 745 1757 797 καὶ

194 837 368 908 νεῦρα,
407 837 500 890 καὶ
529 835 652 890 ὅλον
684 833 842 905 σῶμα
875 832 1315 906 μεταϐεϐλῆσθαι
1333 832 1426 887 τὸν
1445 833 1636 902 Λόγον,
1664 833 1759 887 καὶ

193 926 440 998 ἠλλάχθαι
473 925 573 996 τῆς
607 924 743 988 ίδίας
781 923 1029 994 φύσεωςς
1068 924 1211 993 Ὦρα
1255 922 1364 994 7&9
1405 924 1580 976 εἰπεῖν
1610 926 1759 996 ἡμᾶς

195 1017 425 1088 φανερῶς
465 1017 530 1070 ὲκ
557 1015 664 1086 γῆς
706 1015 870 1069 αὑτὸν
903 1016 1255 1087 γεγενῆσθαι.
1311 1017 1407 1071 Ἐκ
1439 1017 1545 1088 γῆς
1581 1014 1692 1087 γὰρ
1720 1017 1755 1087 ή

193 1109 293 1163 τῶν
325 1107 526 1162 ὀστέων
567 1108 663 1161 καὶ
693 1106 818 1160 ὅλου
844 1107 940 1160 τοῦ
981 1104 1237 1177 σώματος
1266 1107 1447 1177 φύσις.
1478 1108 1576 1171 Τίς
1603 1103 1698 1161 οὖν
1723 1108 1758 1178 ἡ

192 1199 414 1269 τοσαύτη
449 1197 872 1269 παραφροσύνη,
900 1197 990 1252 ἵνα
1017 1198 1113 1251 καὶ
1137 1198 1276 1270 πρὸς
1305 1199 1531 1262 ἑαυτοὺς
1560 1198 1760 1270 διαμά-

193 1290 374 1362 χησθες
412 1289 730 1361 Ὀμοούσιον
753 1290 853 1360 μὲν
875 1279 1126 1359 λέγοντες
1143 1290 1236 1344 τὸν
1248 1291 1422 1360 Λόγον
1448 1291 1532 1362 τῷ
1573 1289 1761 1362 σώμα-

192 1401 262 1448 τι,
286 1383 467 1454 ἕτερον
508 1383 643 1454 πρὸς
691 1382 880 1453 ἕτερον
908 1381 1226 1454 σημαίνετε·
1268 1382 1332 1436 τὸ
1371 1383 1428 1437 δὲ
1464 1385 1544 1448 είς
1579 1384 1758 1455 σάρκα

195 1474 638 1545 μεταϐεϐλῆσθαι,
659 1473 823 1529 αὐτοῦ
845 1475 1020 1544 Λόγου
1039 1473 1249 1546 τροπὴν
1265 1473 1625 1544 φαντάζεσθε.
1648 1474 1761 1529 Kal

188 1567 272 1630 τίς
296 1565 372 1619 ἔτι
399 1567 584 1621 λοιπὸν
611 1567 768 1637 ἡμῶν
788 1563 1036 1630 ἀνέξεται
1065 1564 1238 1619 ταῦτα
1269 1566 1366 1619 καὶ
1400 1566 1564 1636 μόνον
1593 1566 1761 1636 φθεγ-

189 1655 456 1726 γομένων;
496 1656 685 1726 Πάσης
719 1654 830 1726 γάρ
875 1655 1140 1725 αἱρέσεως
1183 1654 1345 1707 πλέον
1385 1657 1464 1718 είς
1503 1655 1759 1709 ἀσέϐειαν

193 1743 510 1811 ὲξεκλίνατε.
550 1743 613 1796 Et
658 1742 768 1815 7&9
813 1743 1098 1813 ὁμοούσιος
1141 1745 1170 1796 ὁ
1206 1743 1378 1812 Λόγος
1411 1743 1492 1814 τῷ
1523 1744 1757 1816 σώματι,

192 1835 407 1907 περιττὴ
434 1835 538 1904 τῆς
569 1835 791 1906 Μαρίας
821 1837 855 1906 ή
891 1835 1080 1907 μνήμη
1120 1835 1216 1888 καὶ
1239 1836 1274 1906 ἡ
1318 1835 1500 1906 χρεία,
1524 1835 1760 1906 δυναμέ-

1855 653 1977 720 Quo
2005 652 2226 723 quidem
2261 649 2588 712 Constituto.
2618 649 2753 720 quid
2809 655 2893 705 est
2923 648 3068 718 quod
3091 647 3328 705 Arianos
3353 649 3442 704 in.

1856 744 2088 808 cusetis,
2121 743 2214 813 qui
2245 739 2446 796 Filium
2475 749 2786 796 creaturam
2815 756 2941 797 esse
2968 743 3292 805 detendunt,
3317 755 3443 798 cum

1855 851 1956 892 vos
1994 836 2100 906 ipsi
2146 835 2368 890 Patrem
2419 833 2692 890 creaturis
2740 834 3274 890 consubstantialem
3316 848 3444 892 esse

1857 925 2079 988 dicatis,
2109 932 2165 980 et
2192 924 2258 978 ad
2290 923 2439 978 aliud
2469 923 2768 994 impietatis
2798 938 2972 995 genus
3001 924 3363 989 declinantes,
3388 925 3442 979 in

1857 1029 2102 1080 carnem,
2133 1029 2283 1079 ossa,
2314 1015 2481 1085 pilos,
2516 1029 2736 1079 nervos,
2769 1021 2946 1068 totum
2982 1014 3218 1086 denique
3239 1031 3445 1088 corpus

1857 1117 2186 1159 conversum
2209 1118 2332 1158 esse
2353 1102 2596 1158 Verbum
2632 1111 2686 1158 et
2719 1117 2749 1157 a
2771 1111 2967 1157 natura
2995 1119 3093 1158 sua
3144 1105 3446 1162 descivisse

1859 1211 2184 1266 persuasum
2237 1196 2529 1251 habeatis?
2585 1195 2850 1266 Superest
2903 1197 3106 1266 itaque,
3142 1204 3202 1252 ut
3232 1214 3263 1254 e
3298 1207 3444 1254 terra

1860 1287 2189 1357 productum
2225 1303 2351 1343 esse
2384 1286 2626 1343 Verbum
2659 1289 2777 1342 sine
2809 1288 3267 1359 tergiversatione
3296 1290 3448 1344 dica-

1858 1377 1953 1432 tis.
1983 1376 2120 1431 Nam
2148 1393 2178 1432 e
2206 1385 2351 1432 terra
2385 1378 2592 1433 ossium
2629 1377 2913 1447 totiusque
2969 1379 3221 1448 corporis
3250 1388 3446 1434 natura

1858 1467 2250 1538 proﬁciscitur.
2292 1469 2554 1535 Quaenam
2594 1478 2680 1524 est
2717 1471 2832 1522 haac
2874 1477 3028 1522 tanta
3056 1469 3356 1534 dementia,
3391 1479 3447 1525 ut

1859 1560 2148 1615 vobiscum
2192 1560 2297 1630 ipsi
2345 1559 2640 1631 pugnetis?
2684 1559 2968 1629 Siquidem
3014 1574 3138 1613 cum
3204 1558 3448 1616 Verbum

1859 1651 2085 1721 corpori
2129 1651 2609 1706 consubstantiale
2654 1666 2778 1705 esse
2813 1651 3018 1713 dicitis,
3057 1650 3289 1704 alterum
3323 1667 3449 1707 cum

1861 1745 2039 1799 altero
2076 1743 2229 1798 velut
2266 1745 2549 1799 diversum
2584 1743 2898 1813 comparari
2930 1742 3273 1814 significatis.
3311 1744 3448 1800 Cum

1863 1841 2046 1891 autem
2088 1835 2144 1889 in
2174 1850 2398 1890 carnem
2433 1850 2556 1891 esse
2590 1849 2920 1890 conversum
2959 1836 3232 1899 asseritis,
3271 1836 3451 1892 eidem

188 1945 281 1981 νου
309 1926 400 1980 τοῦ
431 1925 683 1997 σώματος
720 1924 818 1979 καὶ
854 1925 963 1997 πρὸ
991 1926 1089 1996 τῆς
1126 1925 1348 1997 Μαρίας
1381 1921 1522 1980 εῖναι
1551 1925 1757 1990 ἀῖδίως’

1866 1923 2051 1980 Verbo
2079 1927 2444 1982 mutationem
2479 1925 2756 1997 aﬁingitis.
2805 1924 2942 1992 Quis
2992 1928 3160 1998 igitur
3189 1928 3454 1999 deinceps

187 2019 367 2090 ὥσπερ
401 2014 496 2073 οὖν
531 2021 649 2072 ἐστι
687 2019 784 2074 καὶ
824 2017 988 2082 αὐτὸς
1022 2019 1053 2071 ὁ
1089 2017 1286 2087 Λόγος,
1317 2017 1433 2086 είγε
1466 2018 1588 2072 καθ’
1615 2019 1761 2089 ὑμᾶς

188 2112 466 2183 ὁμοούσιός
490 2111 607 2164 ἐστι
629 2109 709 2180 τῷ
752 2109 989 2181 σώματι.
1024 2108 1122 2172 Τίς
1159 2109 1218 2162 δὲ
1249 2108 1344 2162 καὶ
1386 2109 1420 2180 ὴ
1463 2108 1624 2180 χρεία
1659 2109 1761 2180 τῆς

189 2200 474 2270 ἐπιδημίας
503 2198 597 2252 τοῦ
628 2198 826 2267 Λόγου,
862 2198 950 2252 ἵνα
976 2197 1010 2269 ἢ
1035 2199 1098 2251 τὸ
1129 2197 1323 2252 ἑαυτοῦ
1357 2198 1641 2270 ὁμοούσιον
1674 2200 1762 2254 ὲν-

186 2290 732 2364 δύσηται,ἢ-τραπεὶς
755 2288 864 2344 ἀπὸ
892 2290 993 2360 τῆς
1021 2289 1155 2354 ἰδίας
1168 2288 1383 2359 φύσεως
1411 2289 1570 2361 σῶμα
1594 2290 1761 2362 γένη-

185 2399 304 2448 ται;
345 2383 417 2436 Ού
453 2381 563 2452 γὰρ
606 2380 746 2453 αύτή
778 2380 983 2452 ἑαυτῆς
1013 2381 1047 2452 ἡ
1075 2380 1268 2452 θεότης
1302 2379 1760 2453 ἐπιλαμϐάνεται,

186 2475 272 2529 ἵνα
295 2475 387 2530 καὶ
412 2473 474 2526 τὸ
492 2471 777 2542 ὁμοούσιον
802 2470 979 2542 αὐτῆς
998 2470 1310 2541 ἐνδύσηται.
1352 2472 1490 2525 Ἀλλ’
1514 2473 1635 2526 οὐδὲ
1653 2473 1764 2544 γάρ

181 2567 426 2638 ἥμαρτεν
457 2566 486 2618 ὁ
518 2563 619 2627 τὰς
646 2563 822 2619 ἄλλων
863 2562 1140 2634 ἁμαρτίας
1177 2562 1544 2634 λυτρούμενος
1567 2563 1764 2633 Λόγος,

183 2659 271 2712 ἵνα
299 2656 527 2728 τραπεὶς
571 2656 652 2719 είς
704 2653 866 2726 σῶμα
899 2655 1090 2709 ἑαυτὸν
1139 2655 1282 2727 ὑπὲρ
1323 2655 1522 2709 ἑαυτοῦ
1569 2654 1764 2710 θυσίαν

183 2747 527 2820 προσενέγκῃ
559 2746 654 2800 καὶ
683 2745 876 2801 ἑαυτὸν
911 2743 1283 2817 λυτρώσηται.

1869 2014 1988 2070 hazc
2021 2030 2052 2070 a
2085 2012 2242 2071 vobis
2279 2017 2364 2071 vel
2395 2031 2530 2072 voce
2565 2024 2728 2072 tenus
2761 2019 3115 2087 pronuntiari
3146 2020 3456 2074 sustineat!

1870 2106 1982 2162 Vos
2029 2107 2178 2162 enim
2217 2108 2472 2163 haeresim
2515 2123 2736 2163 onmem
2783 2108 3068 2178 impietate
3119 2112 3452 2181 superastis.

1869 2197 2077 2266 Quodsi
2110 2197 2352 2254 Verbum
2379 2201 2598 2270 corpori
2626 2200 3103 2256 consubstantiale
3121 2203 3214 2268 sit,
3241 2204 3450 2274 1001

1868 2303 2276 2359 supervacanea
2299 2297 2384 2345 est
2410 2287 2594 2344 Mariae
2611 2291 2880 2344 memoria
2904 2293 3086 2348 omnis
3131 2307 3195 2348 ac
3219 2293 3451 2358 idm-tio,

1866 2395 1994 2436 cum
2045 2388 2174 2436 ante
2208 2379 2358 2434 illam
2411 2380 2574 2435 etiam
2620 2374 3024 2450 sempiternum
3078 2399 3284 2455 corpus
3331 2401 3455 2441 csse

1865 2473 2124 2543 potuerit,
2169 2471 2637 2542 quemadmodum
2673 2483 2727 2528 et
2757 2473 2998 2531 Verbum
3045 2477 3248 2548 ipsum,
3290 2479 3359 2544 si,
3397 2488 3456 2533 ut

1868 2564 2150 2629 asseritis,
2192 2563 2413 2632 corpori
2457 2564 2932 2622 consubstantiale
2964 2566 3056 2622 sit.
3098 2567 3240 2633 Quid
3273 2576 3452 2621 autem

1867 2654 2113 2711 Verbum
2139 2655 2247 2709 huc
2274 2655 2538 2710 advenire
2581 2671 2810 2713 necesse
2840 2656 2962 2721 fuit,
2991 2665 3049 2712 ut
3083 2660 3164 2714 vel
3198 2659 3274 2723 id,
3308 2660 3454 2729 quod

1861 2747 1975 2818 jam
2003 2747 2485 2803 consubstantiale
2513 2748 2620 2803 sibi
2653 2758 2794 2815 erat,
2833 2751 3110 2816 indueret,
3144 2752 3228 2806 vel
3261 2763 3456 2807 natura

181 2854 283 2895 sua
309 2845 601 2903 minatum,
635 2852 843 2910 corpus
869 2836 1214 2894 eﬁiceretur?
1237 2837 1358 2894 Non
1383 2839 1530 2895 enim
1554 2839 1914 2909 semetipsam
1949 2841 2215 2896 divinitas
2269 2841 2527 2904 assumit,
2584 2849 2644 2896 ut
2699 2843 2847 2914 quod
2905 2843 3012 2898 sibi
3089 2847 3458 2901 consubstan-

127 2995 138 3002 _
179 2934 313 2988 tiale
339 2940 420 2989 est
451 2933 671 3000 induat;
719 2947 898 3004 neque
931 2931 1198 3000 Verbum,
1245 2934 1392 3006 quod
1421 2935 1598 2990 aliena
1628 2945 1856 3005 peccata
1909 2937 2116 3005 expiat,
2157 2945 2448 3007 peccatum
2479 2937 2652 2991 ullum
2713 2937 2960 3005 admisit,
3023 2947 3083 2995 ut
3147 2939 3204 2995 in
3256 2953 3460 3009 corpus

175 3037 504 3079 conversum
537 3024 778 3092 seipsum
803 3039 900 3093 pro
925 3039 987 3080 se
1013 3025 1272 3080 sacriﬁcii
1310 3026 1490 3080 instar
1517 3026 1740 3083 oﬁ‘erret
1771 3041 1837 3084 ac
1868 3029 2227 3098 semetipsum
2261 3028 2578 3084 redimeret.

250 3113 327 3171 Z'.
377 3115 511 3169 Ἀλλ’
541 3116 642 3170 οὐκ
687 3115 836 3169 ἐστιν
865 3116 1062 3182 οὕτως,
1097 3119 1172 3189 μὴ
1215 3118 1459 3188 γένοιτοί
1491 3118 1767 3190 Σπέρμαο

1946 3118 2061 3175 VII.
2105 3118 2290 3186 Quare
2321 3121 2482 3190 longe
2509 3119 2668 3175 aliter
2691 3135 2814 3177 sese
2844 3135 2933 3175 res
2960 3121 3122 3176 habet
3148 3139 3162 3176 :
3189 3119 3256 3174 Et
3283 3121 3459 3175 Abra-

174 3223 284 3274 τος
315 3206 424 3281 γὰρ
458 3208 705 3278 Ἀϐραὰμ
741 3208 1206 3280 ἐπιλαμϐάνεται
1256 3211 1331 3275 ὡς
1363 3207 1518 3264 εἶπεν
1546 3213 1575 3266 ό
1607 3211 1763 3265 Ἀπό-

1877 3205 2023 3258 hami
2069 3221 2243 3259 semen
2276 3205 2656 3274 apprehendit,
2687 3214 2748 3261 ut
2799 3209 3041 3279 loquitur
3084 3209 3390 3278 Apostolus
3416 3211 3457 3266 ⁸.

179 3298 389 3362 στολος.
447 3299 612 3353 Ὅθεν
663 3298 864 3370 ὤφειλε
917 3299 1062 3355 κατὰ
1116 3301 1297 3356 πάντα
1349 3304 1468 3366 τοῖς
1516 3302 1768 3372 ἀδελφοῖς

173 3389 537 3461 ὁμοιωθῆναι,
565 3391 663 3445 καὶ
685 3391 872 3445 λαϐεῖν
897 3392 1085 3462 ὅμοιον
1115 3394 1250 3464 ἡμῖν
1278 3392 1460 3464 σῶμα.
1487 3392 1587 3448 Διά
1609 3394 1770 3448 τοῦτο

175 3481 314 3549 γοῦν
355 3482 450 3534 καὶ
484 3481 774 3536 ὑπόκειται
802 3481 1020 3554 ἀληθῶς
1047 3485 1080 3555 ἡ
1129 3483 1341 3555 Μαρία,
1391 3484 1478 3538 ἴνα
1511 3483 1570 3551 ἐξ
1598 3484 1769 3556 αὐτῆς

170 3570 340 3624 τοῦτο
357 3570 517 3643 λάϐῃ,
540 3572 634 3626 καὶ
656 3572 731 3636 ὼς
750 3571 881 3626 ἴδιον
904 3572 1047 3645 ὑπὲρ
1067 3575 1100 3644 ἡ
1108 3573 1224 3644 μῶν
1244 3573 1377 3627 αὐτὸ
1400 3573 1766 3647 προσενέγκῃ.

170 3662 292 3718 Kal
306 3662 510 3734 ταύτην
535 3665 564 3716 ὁ
588 3662 688 3733 μὲν
724 3664 950 3728 Ἡσαΐας
979 3663 1342 3736 προφητεύων
1375 3663 1615 3719 ἐδείκνυε
1635 3705 1651 3732 ,
1681 3664 1771 3718 λέ-

167 3771 293 3822 γων
309 3770 321 3782 ·
349 3754 504 3808 Ἰδοὺ
528 3756 565 3824 ἡ
587 3755 884 3823 παρθένος
903 3755 974 3809 ὲν
994 3756 1207 3826 γαστρὶ
1227 3755 1368 3820 ἕξει,
1383 3757 1484 3810 καί
1508 3756 1766 3821 τέξεται·

166 3846 201 3897 ὁ
235 3845 299 3897 δὲ
341 3844 582 3916 Γαϐριὴλ
621 3845 1011 3899 ἀποστέλλεται
1051 3846 1188 3916 πρὸς
1222 3846 1414 3917 αὐτὴν,
1449 3847 1548 3917 οὐχ
1581 3846 1770 3910 ἁπλῶς

165 3935 319 4006 πρὸς
359 3936 647 4007 παρθένον,
669 3936 805 3992 ἀλλά
827 3937 962 4008 πρὸς
986 3937 1252 4009 παρθένον
1281 3939 1770 4011 μεμνηστευμένην

165 4028 358 4099 ἀνδρὶ,
402 4027 468 4080 ἶν’
499 4029 565 4081 ὲκ
594 4027 690 4081 τοῦ
722 4028 1037 4100 μνηστῆρος
1066 4028 1217 4102 δείξῃ
1249 4029 1350 4102 τὴν
1381 4029 1606 4101 Μαρίαν
1637 4030 1771 4102 ἁλη-

162 4119 286 4183 Θῶς
323 4117 613 4190 ἄνθρωπον
645 4114 830 4174 οὖσαν.
861 4121 973 4174 Kal
1010 4119 1102 4174 τοῦ
1133 4120 1342 4175 τίκτειν
1375 4119 1706 4192 μνημονεύει
1734 4123 1769 4193 ἡ

159 4212 396 4285 Γραφη,
441 4213 536 4267 καί
585 4229 782 4284 φησιν·
827 4212 1326 4284 Ἐσπαρτιίνωσεο
1357 4214 1453 4267 καὶ
1498 4214 1771 4285 ἐμακαρί-

159 4304 335 4367 ξοντο
385 4303 582 4374 μαστοὶ
623 4303 718 4366 οὒς
765 4302 1021 4375 ὲθήλασε.
1060 4305 1173 4356 Καὶ
1216 4303 1566 4376 προσηνέχθη
1607 4303 1769 4357 θυσία

1869 3294 2028 3352 Unde
2059 3295 2292 3350 fratrum
2343 3312 2568 3352 suorum
2605 3298 2802 3354 similis
2836 3299 2890 3352 in
2923 3300 3180 3354 omnibus
3210 3316 3332 3356 esse
3364 3301 3460 3356 de-

1871 3383 2048 3449 buit',
2075 3399 2179 3440 nec
2206 3383 2488 3440 diversum
2516 3401 2546 3440 a
2578 3387 2740 3442 nobis
2770 3402 2974 3457 corpus
3002 3403 3305 3445 assumere.
3325 3389 3459 3444 Pro.

1869 3475 1997 3532 inde
2021 3483 2076 3531 et
2101 3475 2274 3530 Maria
2300 3475 2480 3545 reipsa
2511 3491 2612 3533 nec
2636 3478 2890 3533 simulate
2922 3477 3221 3550 profertur,
3257 3496 3319 3536 ex
3351 3495 3458 3550 qua

1871 3581 2077 3637 corpus
2107 3567 2242 3622 illud
2270 3577 2532 3631 sumeret,
2565 3583 2628 3623 ac
2657 3578 2920 3640 tanquam
2947 3571 3225 3640 peculiare
3251 3581 3304 3626 ct
3333 3587 3458 3644 pro.

1871 3659 2052 3729 prium
2080 3674 2180 3730 pro
2200 3659 2361 3715 nobis
2381 3659 2623 3716 offerret.
2651 3660 2910 3716 Eamdetn
2935 3663 3079 3717 illam
3104 3675 3268 3734 porro
3289 3663 3460 3722 Isaias

1872 3750 2144 3821 ejusmodi
2183 3751 2449 3806 vaticinio
2493 3753 2908 3808 demonstrabat
2940 3773 2953 3809 :
2996 3755 3131 3810 E:ce
3160 3757 3301 3827 uirgo
3333 3754 3462 3812 cono

1871 3842 2048 3911 σφίσι,
2074 3851 2124 3896 et
2146 3844 2392 3910 pariet’;
2419 3852 2534 3898 tum
2566 3844 2786 3900 Gabriel
2815 3846 2883 3900 ad
2915 3861 3033 3902 eam
3063 3849 3320 3915 mittitur,
3349 3864 3460 3903 non

1871 3933 2198 4004 simpliciter
2229 3935 2295 3992 ad
2327 3936 2620 4007 virginem,
2649 3937 2745 3992 sed
2776 3938 2842 3992 ad
2868 3951 2988 3993 eam
3019 3939 3308 4012 virginem,
3339 3955 3462 4011 quae

1867 4024 1981 4095 jam
2011 4026 2132 4081 viro
2163 4026 2436 4097 desponsa
2477 4027 2654 4082 fuerat
2672 4029 2716 4094 δ,
2748 4037 2806 4084 ιιι
2841 4031 2958 4101 ipsa
2992 4034 3178 4101 sponsi
3215 4048 3462 4090 coma-e-

1871 4119 2183 4174 moratione
2229 4117 2458 4174 Mariam
2503 4135 2632 4176 vere
2663 4120 2941 4178 hominem
2987 4123 3158 4180 fuisse
3197 4125 3458 4187 declaret.

1871 4207 2011 4264 Hinc
2031 4217 2084 4265 et
2109 4209 2352 4280 pariendi
2380 4213 2586 4266 mentio
2611 4213 2664 4266 in
2693 4211 2980 4284 Scriptura
3007 4216 3174 4281 facta,
3193 4223 3247 4271 et
3272 4214 3462 4271 fasciis

1871 4301 2170 4358 involvisse
2223 4303 2458 4368 dicitur,
2518 4311 2572 4360 et
2622 4305 2782 4360 beata
2832 4306 3202 4376 praedicantur
3269 4307 3459 4376 ubera,

156 4395 246 4458 ὡς
271 4394 644 4462 διανοίξαντος
663 4394 757 4449 τοῦ
783 4394 1068 4466 τεχθέντος
1097 4395 1198 4464 τὴν
1234 4397 1468 4466 μήτραν.
1498 4396 1685 4450 Ταῦτα
1710 4396 1763 4450 δὲ

1871 4408 1993 4464 quae
2031 4395 2311 4449 lactarunt
2340 4395 2383 4449 '.
2441 4397 2521 4450 Ac
2561 4394 2797 4467 denique
2832 4398 3161 4454 sacriﬁcium
3215 4399 3460 4455 oblatum

154 4484 358 4539 πάντα
397 4486 688 4557 τικτούσης
730 4482 799 4558 ἦν
842 4486 1122 4558 Παρθένου
1167 4488 1546 4559 γνωρίσματα.
1582 4490 1693 4542 Καὶ
1739 4491 1763 4544 ὁ

1870 4489 2132 4554 tanquam
2166 4483 2244 4552 id,
2285 4487 2431 4556 quod
2476 4495 2664 4540 natum
2692 4497 2830 4551 erat,
2874 4489 3093 4544 vulvam
3129 4491 3457 4560 aperuisset.

153 4578 423 4650 Γαϐριὴλ
455 4578 513 4632 δὲ
565 4554 821 4648 aeream);
855 4554 1240 4651 εὐηγγελίζετο
1280 4554 1418 4650 ἀστῇ
1459 4579 1638 4648 λέγων
1669 4580 1763 4651 οὐχ

1875 4573 2008 4640 Quae
2065 4575 2250 4629 omnia
2303 4554 2592 4646 iparientis
2638 4574 2881 4650 Virginis
2948 4554 3181 4635 indicia-
3213 4581 3458 4636 fuerunt.

158 4669 388 4735 ἁπλῶς,
414 4668 485 4726 Τὸ
509 4669 886 4739 γεννώμενον
907 4669 978 4724 ἐν
996 4670 1121 4735 σοί,
1141 4669 1228 4724 ἵνα
1243 4670 1318 4741 μὴ
1348 4669 1548 4735 ἔξωθεν
1578 4673 1763 4725 ἐπεισ-

1871 4661 1956 4717 Ad
2004 4663 2120 4718 haec
2159 4662 2383 4720 Gabriel
2418 4666 2537 4737 ipse
2569 4678 2730 4723 caute
2759 4683 2822 4724 ac
2862 4669 3164 4740 prudenter
3208 4671 3263 4726 in
3312 4665 3458 4726 felici

157 4759 453 4832 αγόμερδον
484 4761 624 4834 αὐτῇ
661 4761 824 4833 σῶμα
880 4760 1190 4833 νομισθείη,
1221 4759 1339 4815 ἀλλ’
1392 4761 1462 4815 ἐκ
1508 4761 1647 4826 σοῦ,
1679 4763 1763 4817 ἵνα

1869 4754 1964 4811 illo
2002 4756 2197 4812 nuntio
2262 4759 2594 4827 perferendo
2644 4761 2862 4816 locutus
2907 4770 3015 4818 est.
3069 4761 3260 4834 Neque
3308 4765 3456 4820 enim

123 4843 126 4858 ’
157 4851 347 4922 φύσει
379 4853 442 4904 τὸ
469 4851 810 4923 γεννώμενον
838 4852 900 4918 ἒξ
931 4853 1103 4923 αὐτῆς
1132 4847 1273 4908 εἶναι
1313 4851 1627 4926 πιστευθεῑη
1664 4870 1763 4924 φα.

1866 4847 2007 4902 dixit
2039 4867 2053 4903 :
2092 4847 2249 4916 Quod
2284 4859 2534 4906 nascetur
2567 4852 2624 4906 in
2653 4859 2721 4918 te,
2755 4867 2823 4907 ne
2850 4853 3198 4910 extrinsecus
3227 4856 3282 4910 in
3307 4857 3458 4912 illam

146 4943 354 5015 νερῶς
373 4960 388 4975 ⁸
418 4945 513 4998 καὶ
545 4944 703 4999 τοῦτο
726 4945 824 5016 τῆς
861 4944 1080 5014 φύσεως
1110 4944 1486 5016 δεικνυούσης,
1529 4946 1606 5010 ὡς
1632 4945 1763 5001 ἀδύ-

1866 4938 2154 4996 inductum
2174 4955 2379 5011 corpus
2426 4957 2553 5000 esse
2604 4950 2925 5014 putaretur;
2966 4945 3060 5000 sed
3087 4958 3152 5000 ea:
3182 4955 3229 5002 te
3250 4947 3460 5015 dixit“,

143 5050 338 5088 νατον
361 5034 523 5104 σῶμα
550 5032 826 5105 παρθένου
860 5032 1047 5104 φέρειν
1075 5033 1220 5104 γάλα
1244 5033 1318 5106 μὴ
1350 5033 1640 5106 τεκούσης,
1671 5038 1763 5093 καί

1871 5039 1934 5085 ιιι
1985 5031 2132 5100 quod
2185 5042 2545 5099 nasceretur,
2580 5049 2647 5090 ex
2686 5034 2806 5106 ipsa
2856 5035 3132 5106 prodiisse
3164 5041 3462 5097 manifeste

145 5125 443 5182 ἀδύνατον
485 5115 719 5196 γάλακτί
762 5128 1041 5199 τραφῆναι
1079 5127 1261 5198 σῶμα,
1309 5127 1404 5180 καὶ
1442 5140 1763 5199 σπαργανωε

1872 5123 2211 5181 crederetur.
2245 5124 2559 5182 Praesertim
2593 5139 2718 5182 cum
2777 5128 2831 5184 id
2881 5138 3080 5186 natura
3139 5134 3307 5189 etiam
3343 5135 3462 5206 ipsa

148 5219 365 5288 θῆναι,
407 5219 481 5290 μὴ
525 5221 794 5290 πρότερον
842 5222 1004 5289 φύσει
1061 5218 1272 5290 τεχθέν.
1317 5217 1488 5272 Τοῦτό
1535 5219 1655 5270 ἐστι
1705 5217 1763 5270 τὸ

1871 5213 2236 5280 demonstret,
2270 5233 2380 5272 non
2429 5232 2595 5288 posse
2632 5219 2865 5290 virginis
2901 5237 3124 5294 corpus,
3157 5243 3280 5297 quae
3317 5243 3458 5284 non-

143 5311 521 5384 περιτμηθὲν
551 5311 895 5381 ὀκταήμερον
918 5327 933 5342 ·
969 5310 1126 5364 τοῦτο
1154 5309 1381 5381 Συμεὼν
1410 5312 1489 5373 είς
1522 5309 1763 5379 ἀγκάλας

1872 5304 2002 5359 dum
2055 5309 2352 5377 pepererit,
2405 5309 2492 5363 lac
2542 5311 2869 5381 concipere;
2915 5323 3030 5370 tum
3072 5317 3245 5374 nihilo
3286 5322 3458 5390 magis

140 5403 431 5469 ἐδέξατο·
480 5401 640 5456 τοῦτο
690 5402 880 5472 γέγονε
932 5401 1181 5466 παιδίον,
1223 5401 1317 5454 καὶ
1375 5399 1581 5472 ηὔξησε
1603 5442 1619 5467 ,
1673 5399 1763 5453 καὶ

1873 5397 1989 5452 ﬁeri
2040 5413 2243 5468 posse,
2284 5407 2344 5455 ιιι
2383 5401 2525 5457 lacte
2563 5405 2869 5472 nutriatur,
2911 5417 3008 5462 aut
3041 5408 3231 5466 fasciis
3266 5411 3458 5465 obvol-

136 5495 444 5566 δεκαέτης
472 5495 786 5566 γενόμενος,
817 5492 912 5548 καὶ
941 5494 1022 5556 είς
1041 5493 1132 5546 τὸν
1160 5493 1485 5565 τριακοστὸν
1522 5491 1763 5546 ἐνιαυτὸν

1871 5495 2034 5543 vatur
2062 5504 2264 5560 corpus
2299 5491 2457 5558 illud,
2488 5493 2636 5564 quod
2689 5497 2927 5552 naturali
2983 5509 3140 5569 partu
3186 5511 3310 5556 ante
3347 5516 3454 5556 non

134 5584 360 5657 ἦλθεν.
403 5586 479 5639 oo
519 5585 648 5657 7&9,
685 5583 762 5649 ὥς
797 5601 944 5648 τινες
979 5583 1311 5654 ὑπενόησαν,
1343 5585 1375 5653 ὴ
1425 5584 1582 5636 ούσία
1631 5582 1763 5652 αὐτὴ

1875 5581 1947 5635 sit
1994 5581 2050 5636 in
2104 5583 2279 5638 lucem
2310 5585 2541 5642 editum.
2575 5585 2721 5658 Ergo
2771 5589 2906 5644 illud
2955 5590 3136 5660 ipsum
3169 5600 3276 5654 est,
3313 5595 3452 5662 quod

133 5678 255 5733 τοῦ
312 5677 493 5747 Λόγου
521 5679 790 5749 τραπεῖσα
829 5674 1198 5746 περιετμήθη,
1239 5673 1597 5739 ἀναλλοίωτος
1635 5669 1763 5727 οὖσα

1875 5683 2070 5729 octavo
2100 5674 2188 5730 die
2231 5674 2836 5743 circumciditur;idem
2867 5695 2899 5734 a
2928 5678 3185 5735 Simeone
3207 5676 3264 5731 in
3296 5678 3453 5734 ulnas

236 5867 257 5900 ³
299 5865 470 5922 Hebr.
495 5881 555 5934 ιι,
597 5863 682 5920 16.
761 5867 781 5896 ¹
815 5863 949 5920 ibid.
982 5863 1066 5918 Π.
1146 5863 1167 5896 ³
1193 5860 1419 5928 lsa.vn,
1453 5860 1538 5918 i4.
1621 5859 1763 5918 δια(

1866 5899 1876 5929 ,
1905 5860 2008 5931 27;
2042 5859 2174 5940 Luc.
2206 5874 2268 5928 ιι,
2304 5859 2358 5914 7.
2438 5856 2459 5889 ⁸
2485 5853 2622 5912 Luc.
2663 5868 2742 5924 xl,
2775 5854 2868 5911 τι.
2946 5858 2967 5890 ⁸
3001 5854 3135 5913 Luc.
3163 5871 3204 5924 ι,
3239 5857 3328 5916 35.

237 5981 243 5984 ·
501 5961 773 6023 Parant.
808 5959 924 6020 Gn.
959 5957 1146 6020 XLII.
1457 6035 1462 6042 α
3097 5948 3178 6011 id
