3964 6408
509 394 624 450 οδιςι

1907 395 1965 452 S.
2010 396 2348 454 ΕΡΙΡΙΙΛΝΙΙ

3651 423 3734 480 052

530 519 854 583 exceptum;
899 512 1042 568 idem
1089 528 1228 585 puer
1267 512 1448 570 iactus
1501 521 1622 581 est,
1661 521 1716 571 ct
1753 516 2024 582 adolevit,
2054 529 2094 576 el

2213 522 2305 576 καὶ
2341 522 2642 593 ἄτρεπτοςο
2694 521 2948 591 λέγοντος
2997 520 3102 592 μὲν
3152 520 3316 576 αύτοῦ
3354 523 3444 576 τοῦ
3489 524 3718 599 Σωτῆρος.

527 605 788 662 decennis
832 606 1042 671 evasit,
1076 613 1132 660 et
1165 604 1232 660 ad
1283 606 1628 662 tricesimum
1682 621 1888 663 annum
1936 625 2111 680 usque

529 697 851 767 pervenit‘.
889 695 1008 752 Non
1047 696 1220 760 enim,
1260 706 1320 751 ut
1358 697 1606 752 nonnulli
1651 698 1916 766 suspicati
1958 708 2108 765 sunt,

524 790 693 843 divini
721 786 888 842 Verbi
921 787 1232 842 substantia
1257 786 1377 858 ipsa
1405 795 1620 842 mutata
1645 788 1974 845 circumcisa
2002 799 2108 857 est,

523 897 644 952 qua:
692 881 892 935 mutari
946 880 1311 950 convertique
1351 888 1620 950 nequeat,
1672 895 1796 935 cum
1858 881 2110 938 Salvator

525 973 640 1041 ipse
665 971 856 1026 dicat:
904 971 1114 1040 1002
1152 967 1350 1026 Videte
1385 987 1493 1035 me,
1532 971 1792 1042 quoniam
1824 985 1923 1041 ego
1961 987 2106 1039 sum,

523 1069 579 1114 ct
619 1076 730 1114 non
784 1075 909 1114 sum
966 1068 1208 1115 mutatus
1232 1061 1274 1115 ’.
1309 1057 1515 1116 Paulus
1549 1075 1675 1115 vero
1715 1060 1790 1114 ita
1837 1061 2100 1131 scripsit:

521 1150 950 1209 Jesus'C/m'stas
972 1154 1085 1208 heri
1105 1163 1156 1208 et
1184 1154 1358 1218 hodie,
1381 1153 1518 1209 idem
1548 1155 1601 1209 in
1627 1154 1827 1209 saecula
1842 1155 1884 1209 ³.
1902 1154 2104 1212 Verum

524 1245 579 1299 in
613 1260 680 1300 eo
714 1260 965 1316 corpore,
1000 1245 1148 1315 quod
1187 1254 1242 1300 et
1279 1246 1670 1300 circumcisum
1703 1253 1788 1302 est
1825 1255 1882 1302 et
1921 1260 2105 1318 gesta-

521 1343 660 1396 tum,
691 1332 836 1403 quod
865 1333 1103 1387 comedit
1127 1339 1181 1386 et
1214 1331 1502 1402 fatigatum
1529 1341 1635 1399 est,
1670 1333 1727 1388 in
1757 1349 1923 1390 cruce
1953 1335 2104 1391 suili-

2218 611 2383 665 Ἵδετέ
2421 629 2510 682 με,
2545 613 2626 666 ὅτι
2656 611 2766 681 ἐγώ
2794 613 2932 683 είμι,
2954 612 3049 666 καὶ
3091 614 3192 666 οὐκ
3241 613 3551 685 ’ίιλλοίωμιιιι⁸
3585 619 3666 670 τοῦ
3689 617 3735 673 ὁὶ

2217 704 2434 760 Παύλου
2501 706 2807 776 γράφοντος
2829 721 2842 736 ·
2905 705 3137 773 Ἰησοῦς
3199 705 3444 774 Χριστὸς
3501 709 3624 775 χθὲς
3658 713 3735 764 καί

2211 795 2500 864 σήμερον,
2529 798 2563 850 ὁ
2590 796 2780 863 αὐτὸς
2815 796 2914 852 καὶ
2955 798 3044 863 δὶς
3071 797 3215 863 τοὺς
3264 796 3491 864 αίῶνας,
3529 799 3666 854 una
3692 803 3736 855 ἐν

2210 886 2292 957 τῷ
2320 887 2716 959 περιτμηθέντι
2753 886 2988 958 σώματι,
3025 887 3121 942 καὶ
3161 887 3501 958 βασταχθέντι
3551 889 3633 943 καὶ
3656 907 3737 960 φα·

2211 978 2362 1048 γόντι
2411 981 2506 1034 καὶ
2547 982 2778 1051 καμόντι
2814 983 2908 1036 καὶ
2969 983 3028 1035 έν
3092 980 3236 1052 ξύλῳ
3275 979 3616 1052 καθηλωθέντι
3656 984 3731 1038 καὶ

2211 1067 2439 1122 παθόντι
2466 1064 2536 1140 ἦν
2568 1070 2598 1121 ὁ
2626 1070 2844 1141 ἀπαθὴς
2871 1073 2967 1126 καὶ
3001 1070 3290 1140 ἀσώματος
3316 1071 3406 1123 τοῦ
3433 1069 3558 1124 Θεοῦ
3577 1071 3734 1140 Λόγος.

2210 1156 2381 1212 Τοῦτο
2407 1154 2476 1229 ἦν
2507 1161 2566 1212 έν
2595 1159 2676 1230 τῷ
2712 1161 2963 1231 μνημείῳ
3007 1159 3186 1225 τεθὲν,
3218 1159 3307 1213 ὅτε
3333 1159 3486 1223 αὐτὸς
3512 1161 3737 1233 ἐπορεύθη

2209 1250 2445 1322 κηρύξαι
2474 1251 2573 1307 καὶ
2598 1254 2713 1317 τοῖς
2749 1255 2808 1306 ὲν
2838 1253 3055 1324 φυλακῇ
3090 1251 3412 1323 πνεύμασιν,
3447 1251 3519 1316 ὡς
3553 1247 3682 1306 εἶπεν
3712 1253 3737 1305 ό

2213 1340 2438 1413 Πέτρος.

521 1441 649 1479 xum
681 1435 846 1496 atque
879 1441 1126 1495 passum,
1188 1425 1283 1480 Dei
1318 1425 1555 1481 Verbum
1605 1428 1801 1494 inerat,
1860 1431 2006 1498 quod
2073 1433 2352 1500 passionis
2410 1434 2638 1506 perinde
2695 1443 2860 1506 atque
2910 1434 3160 1504 corporis
3209 1442 3295 1489 est
3343 1447 3550 1504 expers.
3613 1430 3734 1490 Idea

512 1533 719 1588 corpus
748 1520 800 1572 in
834 1529 1188 1573 monumento
1213 1519 1524 1587 depositum
1557 1529 1678 1586 est;
1717 1537 1828 1592 quo
1860 1530 2108 1593 tempore
2143 1526 2380 1593 scilicet,
2411 1537 2472 1584 ut
2530 1528 2817 1598 spiritibus
2852 1526 2984 1593 illis,
3018 1526 3112 1597 qui
3179 1527 3236 1582 in
3275 1524 3519 1581 custodia
3553 1525 3730 1582 detine-

515 1616 742 1678 bantur,
778 1615 1130 1685 pnulicaret,
1155 1616 1221 1670 ad
1253 1630 1350 1671 eos
1393 1618 1652 1682 accessit,
1686 1618 1764 1672 uti
1796 1617 1990 1675 Petrus
2021 1628 2254 1677 testatur
2275 1624 2317 1678 ⁵.

588 1709 729 1765 Vlll.
765 1709 842 1763 Ex
883 1725 993 1779 quo
1026 1710 1247 1763 illorum
1281 1709 1629 1780 potissimum
1672 1712 1987 1768 declaratur
2015 1714 2104 1769 in-

517 1805 693 1868 sania,
725 1803 820 1872 qui
852 1801 1094 1856 Verbum
1131 1800 1222 1856 Dei
1255 1801 1308 1855 in
1335 1816 1462 1857 ossa
1496 1816 1830 1873 carnemque
1855 1819 2101 1859 commu—

2280 1715 2362 1774 [Γ.
2399 1719 2467 1771 ’Ὀ
2503 1717 2737 1789 μάλιστα
2765 1716 2820 1769 δε
2829 1716 3004 1770 ἱκνυσι
3028 1713 3127 1786 τὴν
3157 1709 3341 1768 ἄνοιαν
3362 1711 3468 1767 τῶν
3493 1711 3734 1782 λεγόντων,

2207 1811 2288 1874 εἰς
2323 1810 2485 1864 ὀστέα
2523 1811 2619 1864 καὶ
2655 1811 2837 1882 σάρκα
2878 1807 3180 1880 τετράφθαι
3209 1807 3304 1861 τὸν
3339 1806 3525 1876 Λόγον.
3565 1807 3619 1859 El
3650 1805 3736 1875 γὰρ

516 1903 692 1948 tatum
747 1901 1024 1948 asserunt.
1068 1891 1202 1946 Nam
1243 1892 1289 1948 si
1338 1893 1415 1946 ita
1448 1894 1792 1964 contlgisset,
1834 1911 2094 1966 superva-

2200 1903 2358 1956 τοῦτο
2385 1898 2476 1973 ἦν,
2499 1902 2600 1956 οὐκ
2628 1897 2697 1972 ἦν
2731 1901 2891 1972 χρεία
2923 1900 3190 1972 μνημείου
3210 1916 3226 1932 ο
3257 1901 3390 1954 αὐτὸ
3409 1899 3513 1971 γὰρ
3550 1897 3610 1953 ἂν
3633 1899 3736 1951 ἔτιο-

515 1999 747 2040 caneum
804 1991 1221 2038 monumentum
1311 1981 1446 2037 illud
1505 1982 1701 2039 fuisset
1755 2001 1796 2038 :-
1828 1984 2101 2054 siquidem

517 2077 695 2146 ipsum
728 2089 827 2145 per
872 2089 996 2130 sese
1047 2088 1250 2144 corpus
1297 2071 1632 2144 praedicandi
1685 2073 1859 2144 gratia
1905 2074 1971 2129 ad
2005 2090 2102 2131 eos

516 2169 747 2239 spiritus
803 2165 1132 2229 accederet,
1191 2165 1286 2236 qui
1344 2165 1400 2220 in
1453 2163 1648 2220 inferis
1717 2164 2096 2219 versabantur.

514 2258 672 2312 Nunc
711 2264 893 2312 autem
948 2255 1288 2326 praedicandi
1325 2254 1444 2325 ipse
1473 2253 1651 2324 gratia
1692 2253 1762 2308 ad
1803 2268 1901 2309 eos
1945 2254 2100 2317 adiit,

513 2363 718 2417 corpus
751 2354 941 2400 autem
974 2345 1208 2400 sindone
1238 2344 1560 2399 obvolutum
1590 2342 1864 2412 Josephus
1889 2344 1942 2397 in
1973 2342 2102 2397 Gol-

515 2440 679 2511 gotha
709 2438 965 2508 deposuit
995 2438 1015 2469 ⁸
1045 2456 1058 2491 :
1095 2445 1290 2506 estque
1341 2436 1518 2505 palam
1566 2435 1698 2489 illud
1733 2434 1991 2490 omnibus
2024 2433 2100 2487 fa-

516 2539 690 2595 ctum,
721 2527 962 2585 Verbum
999 2529 1180 2597 ipsum
1218 2541 1566 2596 nequaquam
1601 2541 1724 2582 esse
1751 2539 1973 2596 corpus,
2004 2525 2100 2582 sed

516 2622 585 2676 ad
626 2620 868 2676 Verbum
924 2633 1126 2688 corpus
1164 2618 1520 2688 pertinuisse.
1555 2616 1824 2672 Praeterea
1858 2615 2100 2672 Thomas

517 2711 652 2766 illud
699 2712 875 2780 ipsum
920 2724 1158 2778 corpus,
1201 2717 1557 2778 posteaquam
1602 2722 1634 2762 a
1682 2707 1914 2762 mortuis
1951 2707 2100 2761 exci-

513 2813 689 2858 tatum
729 2811 835 2869 est,
872 2803 1127 2856 manibus
1161 2803 1504 2865 attrectavit,
1535 2811 1590 2856 et
1634 2801 1688 2855 in
1721 2816 1787 2856 eo
1815 2802 2096 2856 clavorum

510 2894 798 2949 cicatrices
835 2897 1071 2962 aspexit,
1116 2907 1277 2962 quos,
1321 2907 1446 2946 cum
1476 2893 1528 2946 in
1558 2906 1788 2962 corpore
1813 2907 1914 2948 suo
1946 2892 2098 2948 sutIi-

512 2998 612 3038 Ius
639 2981 890 3047 vidisset,
930 2989 1129 3051 sponte
1175 2981 1462 3047 sustinuit,
1507 2996 1684 3051 neque
1733 2996 1858 3034 cum
1907 2991 2097 3052 posset

512 3074 805 3144 prohibere
840 3073 1049 3138 voluit;
1089 3074 1197 3128 imo
1233 3087 1360 3127 vero
1410 3073 1664 3142 proprias
1713 3073 1798 3128 sui
1843 3077 2095 3144 corporis

514 3164 835 3220 all'eetiones
885 3165 1036 3218 velut
1086 3164 1172 3218 sui
1223 3163 1435 3233 ipsius,
1481 3164 1536 3218 in
1588 3178 1709 3219 sese
1747 3165 2092 3219 transtulit“.

2204 1993 2371 2066 ρεύθη
2401 1993 2469 2046 δι’
2513 1992 2707 2046 ἑαυτοῦ
2739 1991 2802 2045 τὺ
2847 1991 3008 2063 σῶμα
3054 1991 3291 2063 κηρύξαι
3318 1994 3428 2056 τοῖς
3471 1993 3526 2045 ὲν
3563 1990 3633 2060 τῷ

2201 2083 2494 2154 πνεύμασι.
2536 2081 2652 2136 Νὖν
2695 2082 2752 2136 δὲ
2799 2081 2962 2144 αὐτὸς
2997 2081 3270 2154 ἐπορεύθη
3313 2081 3572 2153 κηρύξαι·
3609 2079 3664 2134 τὺ
3693 2077 3737 2132 δὲ

2203 2175 2365 2246 σῶμα
2393 2175 2575 2240 ἑλίξας
2623 2173 2822 2244 Ἰωσὴφ
2849 2172 3046 2226 σινδόνι
3066 2212 3080 2237 ,
3115 2173 3354 2227 ἀπέθετο
3383 2175 3439 2226 ὲν
3476 2172 3550 2242 τῷ
3576 2171 3737 2238 Γολγο-

2202 2263 2296 2335 θᾷ·
2333 2263 2428 2317 καὶ
2453 2262 2722 2316 δέδεικται
2753 2263 2919 2315 πᾶσιν
2939 2299 2953 2325 ,
3002 2261 3084 2314 ὅτι
3120 2261 3194 2332 μὴ
3236 2259 3306 2314 τὸ
3341 2259 3493 2330 σῶμα
3517 2255 3578 2330 ἢν
3609 2259 3634 2312 ό
3661 2255 3738 2310 Λό-

2200 2372 2316 2424 γος,
2365 2353 2502 2408 ἀλλά
2543 2353 2702 2424 σῶμα
2745 2349 2814 2424 ἦν
2850 2353 2945 2406 τοῦ
2999 2352 3196 2421 Λόγου.
3232 2353 3348 2426 Καὶ
3377 2351 3528 2404 τοῦτο
3573 2349 3741 2419 Θωμᾶς

2201 2444 2438 2500 ἀναστὰν
2483 2446 2548 2498 ὲκ
2580 2443 2788 2514 νεκρῶν
2840 2442 3161 2513 ἐψηλάφησε
3182 2481 3198 2505 ,
3229 2442 3327 2496 καὶ
3368 2437 3500 2494 εἶδεν
3540 2442 3593 2493 ἐν
3617 2435 3740 2506 αὐτῷ

2199 2541 2327 2602 τοὺς
2352 2537 2556 2602 τύπους
2583 2536 2694 2591 τῶν
2723 2535 2892 2607 ἥλων,
2919 2533 3014 2599 οὒς
3047 2533 3344 2604 ὑπέμεινεν
3375 2531 3529 2596 αὐτὸς
3548 2532 3574 2584 ό
3598 2529 3740 2596 Λόγος

2199 2628 2341 2701 ὁρῶν
2396 2627 2837 2700 καθηλουμένους
2886 2627 2946 2678 ὲν
2990 2622 3068 2695 τῷ
3119 2622 3337 2693 σώματι
3365 2623 3442 2693 τῷ
3479 2621 3616 2691 ἰδίῳ,
3665 2617 3738 2671 καὶ

2197 2721 2493 2792 δυνάμενος
2532 2717 2762 2773 κωλύειν
2821 2717 2924 2770 οὐκ
2967 2715 3278 2780 ἐκώλυσεν,
3319 2715 3453 2770 ἀλλά
3494 2713 3582 2768 καὶ
3639 2709 3740 2764 ίδιο-

2200 2813 2404 2864 ποιεῖτο
2422 2809 2492 2863 τά
2513 2808 2608 2862 τοῦ
2636 2807 2887 2879 σώματος
2910 2807 3016 2860 ἴδια
3058 2805 3133 2869 ὡς
3162 2804 3385 2870 ἑαυτοῦ,
3409 2807 3436 2858 ὁ
3463 2801 3735 2872 ἀσώματος.

2211 2901 2426 2971 Ἀμέλει
2476 2900 2567 2955 τοῦ
2633 2899 2882 2970 σώματος
2927 2897 3272 2968 τυπτομένου
3323 2895 3472 2967 παρὰ
3512 2892 3599 2946 τοῦ
3656 2890 3740 2944 ὑπ-

2197 2994 2414 3064 ηρέτου,
2449 2993 2525 3056 ὡς
2555 2991 2716 3055 αὗτδς
2744 2992 2970 3060 πάσχων
3013 2989 3185 3057 ἔλεγεο
3229 2990 3292 3044 Τί
3328 3005 3405 3058 με
3435 2987 3646 3054 δέρεις;
3668 2979 3743 3035 καὶ

2197 3085 2473 3153 ἄψαυστος
2500 3082 2575 3136 ὢν
2605 3084 2670 3153 τῇ
2701 3080 2882 3151 φύσει,
2917 3081 3066 3150 ὅμως
3088 3079 3247 3158 ἔλεγε
3264 3097 3278 3110 ·
3321 3078 3432 3134 Τὸν
3450 3075 3628 3131 νῶτόν
3643 3088 3741 3143 μου

2196 3175 2392 3229 ἔδωκα
2426 3178 2516 3239 εὶς
2546 3173 2865 3243 μάστιγας,
2893 3171 2991 3226 καὶ
3028 3171 3094 3224 τὸ
3142 3172 3474 3239 πρόσωπόν
3507 3185 3619 3238 μου
3648 3163 3740 3218 οὐκ

507 3257 876 3324 Quamobrem
931 3272 1056 3310 cum
1105 3259 1212 3312 hoc
1239 3270 1271 3309 a
1323 3255 1558 3310 satellite
1585 3256 1904 3326 vapularet,
1937 3259 2091 3328 quasi

2200 3266 2549 3335 ἀπέστρεψα
2584 3263 2704 3319 ἀπὸ
2740 3263 3204 3333 ἐμπτυσμὰτων.
3237 3264 3307 3317 ’Λ
3344 3261 3452 3333 γὰρ
3483 3259 3541 3314 τὸ
3568 3253 3741 3326 ἀνθρώ-

509 3349 626 3417 ipse
654 3357 936 3418 pateretur
963 3387 978 3413 ,
1016 3347 1157 3414 Quid
1205 3363 1307 3411 me,
1343 3347 1542 3418 inquit,
1576 3347 1736 3402 credis
1757 3350 1776 3380 ⁷
1803 3349 1826 3402 ?
1853 3364 2094 3422 cumque

509 3441 655 3511 tangi
686 3449 878 3494 natura
907 3454 1015 3494 non
1043 3446 1254 3508 posset,
1275 3437 1632 3494 nihilominus
1653 3439 1795 3495 dixit
1821 3459 1834 3495 :
1859 3439 2091 3495 Dorsum

506 3548 676 3586 nicum
705 3531 826 3585 dedi
849 3533 902 3585 in
931 3531 1170 3601 ﬂagella,
1204 3540 1253 3583 et
1278 3530 1468 3598 facient
1504 3546 1676 3584 meam
1719 3548 1823 3584 non
1856 3534 2022 3587 averti
2057 3549 2090 3586 a

507 3620 678 3686 sputis
703 3618 749 3674 ⁸.
805 3617 938 3684 Qua:
984 3620 1128 3672 enim
1176 3619 1417 3671 humana
1469 3616 1636 3673 Verbi
1677 3626 1872 3674 natura
1917 3621 2091 3690 patie-

506 3709 703 3772 batur,
739 3709 856 3763 hasc
906 3710 1200 3778 ipsummct
1235 3708 1474 3762 Verbum
1523 3709 1580 3763 in
1629 3724 1752 3766 sese
1790 3711 2091 3768 transferre

510 3801 724 3864 voluit,
777 3808 834 3852 ut
888 3815 989 3854 nos
1043 3798 1349 3854 divinitatis
1405 3796 1568 3852 Verbi
1625 3799 1918 3869 participes
1968 3815 2091 3857 esse

503 3905 813 3961 possemus.
843 3889 960 3955 Qua
995 3890 1050 3943 in
1091 3905 1150 3944 re
1183 3889 1462 3963 singulare
1510 3889 1643 3944 illud
1683 3889 1902 3956 accidit,
1945 3891 2088 3947 idem

506 3992 567 4037 ut
599 3984 814 4054 patiens
841 3988 990 4036 esset
1035 3987 1090 4036 et
1123 3979 1259 4033 nihil
1291 3981 1505 4049 patiens
1534 3999 1547 4034 :
1585 3980 1804 4051 patiens
1838 3982 2086 4051 quidem,

501 4075 648 4143 quod
681 4073 962 4144 pr0prium
989 4073 1109 4143 ejus
1137 4081 1418 4144 pateretur
1439 4087 1642 4142 corpus
1673 4082 1732 4130 et.
1755 4072 1810 4126 in
1845 4072 2088 4143 patiente

501 4167 622 4237 ipso
657 4165 950 4230 resideret;
983 4164 1118 4219 nihil
1167 4165 1382 4235 patiens
1430 4179 1581 4230 vero,
1619 4162 1765 4234 quod
1797 4178 1923 4218 cum
1949 4163 2087 4220 Ver-

504 4259 633 4311 bum
663 4265 860 4311 natura
895 4255 1038 4312 Deus
1067 4257 1162 4320 sit,
1190 4257 1260 4312 ab
1281 4257 1430 4312 omni
1483 4255 1726 4327 patiendi
1771 4256 2086 4313 conditione

499 4347 572 4399 sit
612 4347 875 4400 immune.
909 4345 1180 4412 Quocirca
1222 4345 1463 4401 Verbum
1519 4347 1740 4418 quidem
1800 4345 1980 4416 ipsum
2028 4347 2084 4402 in

499 4439 712 4509 patibili
745 4454 973 4507 corpore
1031 4439 1424 4508 incorporeum
1473 4436 1612 4504 fuit;
1654 4451 1859 4508 corpus
1899 4445 2082 4493 autem

498 4531 803 4602 impatibile
837 4531 1074 4586 Verbum
1118 4531 1310 4584 habuit
1352 4531 1406 4582 in
1461 4544 1606 4593 sese,
1638 4529 1784 4598 quod
1829 4528 1918 4583 sui
1957 4543 2083 4584 cor-

2201 3375 2352 3412 πινον
2376 3359 2582 3428 ἔπασχε
2609 3355 2702 3409 τοῦ
2731 3354 2928 3423 Λόγου,
2959 3353 3130 3409 ταῦτα
3147 3352 3327 3408 συνὼν
3353 3349 3501 3421 αὐτῷ
3517 3351 3546 3404 ό
3577 3346 3738 3414 Λόγος.

2197 3450 2276 3512 είς
2310 3447 2500 3502 ἑαυτὸν
2523 3447 2806 3518 ἀνέφερεν,
2835 3445 2920 3498 ἵνα
2942 3445 3104 3515 ἡμεῖς
3131 3443 3234 3515 τῆς
3265 3442 3364 3498 τοῦ
3394 3440 3560 3511 Λόγου
3586 3435 3742 3504 θεός-η’

2196 3556 2288 3602 τος
2316 3538 2635 3609 δυνηθῶμεν
2687 3537 2999 3607 μετασχεῖν.
3055 3533 3167 3590 Καὶ
3218 3530 3289 3606 ἦν
3334 3524 3739 3612 παράδοξον,ὃτι

2196 3629 2358 3694 αὐτὸς
2401 3624 2470 3698 ἦν
2513 3629 2543 3681 ό
2597 3628 2823 3696 πάσχων
2863 3624 2959 3678 καὶ
2993 3622 3068 3695 μὴ
3104 3623 3335 3695 πάσχων
3351 3640 3365 3655 ·
3399 3622 3610 3692 πάσχων
3641 3613 3739 3688 μὲν,

2196 3720 2279 3772 ὅτι
2319 3718 2380 3772 τὸ
2423 3718 2551 3773 ἴδιον
2597 3716 2762 3771 αὐτοῦ
2817 3715 3022 3787 ἔπασχε
3079 3714 3243 3785 σῶμα
3283 3714 3379 3768 καὶ
3417 3714 3473 3765 ὲν
3520 3706 3653 3776 αὐτῷ
3678 3701 3742 3773 τῷ

2197 3809 2459 3878 πάσχοντι
2479 3803 2546 3879 ἦν
2569 3824 2583 3839 ·
2615 3807 2692 3877 μὴ
2721 3806 2946 3876 πάσχων
2971 3806 3050 3870 δὲ,
3077 3806 3160 3859 ὅτι
3199 3807 3266 3876 τῇ
3297 3802 3458 3873 φύσει
3484 3798 3606 3862 Θεὸς
3628 3795 3693 3849 ὢν
3717 3790 3741 3843 ὁ

2195 3901 2367 3968 Λόγος
2399 3898 2617 3969 ἀπαθής
2643 3899 2783 3952 ἐστι.
2827 3895 2932 3950 Καὶ
2961 3895 3126 3958 αὐτὸς
3158 3894 3263 3965 μὲν
3302 3893 3582 3965 ἀσώματος
3610 3883 3671 3958 ἦν
3694 3885 3740 3936 ὲν

2194 3991 2272 4062 τῷ
2297 3989 2523 4060 παθητῷ
2548 3988 2761 4060 σώματι
2782 4003 2797 4018 ’
2826 3987 2887 4040 τὸ
2910 3986 2966 4041 δὲ
3001 3985 3160 4056 σῶμα
3195 3985 3358 4057 ἔσχεν
3387 3985 3446 4038 έν
3487 3975 3648 4048 έαυτῷ
3666 3972 3740 4062 τὸν

2192 4081 2380 4152 ἀπαθῆ
2413 4080 2584 4149 Λόγον
2631 4077 2965 4148 ἀφανίζοντα
3005 4076 3106 4140 τὰς
3150 4076 3440 4140 ἀσθενείας
3475 4068 3630 4129 αὐτοῦ
3662 4061 3741 4118 τοῦ

2195 4171 2464 4242 σώματος.
2515 4169 2719 4223 Ἐποίει
2765 4168 2822 4222 δὲ
2864 4167 3026 4222 τοῦτο
3077 4167 3170 4220 καὶ
3209 4167 3424 4236 ἐγίνετο
3454 4162 3632 4228 οὕτως,
3670 4155 3741 4208 ἵνα

2189 4265 2259 4318 τά
2313 4262 2474 4335 ἡμῶν
2518 4261 2682 4326 αὐτὸς
2735 4261 3022 4332 δεχόμενος
3095 4259 3190 4315 καὶ
3249 4253 3622 4332 προσενεγκὼν
3674 4247 3739 4308 εἰς

2191 4355 2404 4420 θυσίαν,
2453 4351 2786 4425 ἐξαφανίσει,
2823 4353 2917 4406 καὶ
2960 4351 3176 4417 λοιπὸν,
3222 4353 3340 4414 τοῖς
3381 4343 3566 4404 ἑαυτοῦ
3608 4352 3738 4425 περιέ

2191 4440 2371 4495 ϐαλὼν
2407 4442 2576 4511 ἡμᾶς,
2843 4439 2938 4492 τὸν
2985 4440 3313 4493 Ἀπόστολον
3348 4439 3545 4492 εἰπεῖν·
3568 4429 3659 4487 Δεῖ
3683 4423 3739 4481 τδ

2188 4530 2455 4601 φθαρτὸν
2500 4530 2676 4586 τοῦτο
2712 4528 3083 4584 ἐνδύσασθαι
3131 4529 3483 4599 ἀφθαρσίαν
3504 4563 3522 4592 ,
3567 4518 3655 4578 καί
3683 4513 3738 4573 τὸ

495 4624 648 4692 poris
705 4624 1113 4680 imbecillitates
1165 4624 1561 4693 exstingueret.
1617 4621 1796 4692 Atque
1843 4621 1950 4677 hoc
2005 4637 2072 4678 eo

2200 4622 2400 4691 imm-
2430 4621 2610 4676 τοῦτο
2637 4619 3014 4676 ἐνδύσασθαι
3048 4620 3418 4675 ἀθανασίαν.

498 4717 732 4772 consilio
784 4716 1040 4780 faciebat,
1098 4716 1283 4786 itaque
1335 4730 1396 4770 se
1450 4715 1654 4770 habere
1693 4713 1982 4778 voluerat,
2044 4722 2106 4770 ut
2161 4723 2350 4772 nOStra
2386 4713 2719 4784 suscipiens,
2770 4722 2826 4766 et
2867 4711 2922 4766 in
2965 4710 3300 4766 sacriﬁcium
3343 4708 3596 4768 oﬂ'erens,
3633 4699 3735 4757 ΐιιιισ·

498 4807 648 4864 ditus
694 4807 933 4874 deleret,
979 4821 1044 4861 ac
1092 4806 1312 4862 demum
1362 4805 1480 4862 suis
1526 4820 1628 4860 nos
1669 4804 2082 4876 quodammodo
2120 4805 2384 4869 vestiens,
2409 4806 2758 4861 occasionem
2787 4803 3052 4874 Apostolo
3083 4803 3242 4858 daret
3295 4802 3402 4856 ista
3455 4789 3731 4854 scribendi:

500 4903 710 4977 1003
781 4901 997 4970 Oportet
1067 4901 1412 4972 corruptibile
1484 4900 1581 4956 hoc
1654 4899 1874 4955 induere
1947 4901 2438 4970 incorruptionem,
2497 4911 2548 4954 et
2607 4899 2834 4958 mortale

495 5012 597 5050 rem
619 5001 662 5051 θ.

543 5092 654 5156 υἱ.
685 5091 818 5158 Quae
838 5091 1021 5148 omnia
1047 5105 1156 5145 non
1187 5089 1312 5144 ﬁcte
1347 5102 1412 5144 ac
1436 5087 1690 5144 simulate
1716 5095 1868 5157 gesta
1894 5097 2062 5142 sunt:

489 5184 713 5238 minime
745 5183 984 5252 quidem,
1015 5192 1075 5236 ut
1103 5181 1354 5238 nonnulli
1383 5194 1668 5250 perperam
1709 5177 2070 5234 arbitrantur.

489 5276 595 5332 Sed
635 5290 760 5330 cum
811 5273 1062 5327 Salvator
1118 5287 1310 5328 verum
1349 5287 1410 5328 se
1464 5270 1690 5326 iecisset
1751 5269 2066 5332 hominem,

2920 4899 3016 4953 hoc
3098 4896 3316 4954 induere
3389 4886 3733 4950 immortaliter

2243 5087 2322 5142 8'.
2355 5087 2429 5140 Οὐ
2449 5085 2593 5140 θέσει
2611 5086 2669 5140 δὲ
2691 5085 2865 5140 ταῦτα
2883 5085 3117 5155 ἐγίνετο,
3140 5083 3220 5154 μὴ
3241 5083 3483 5151 γένοιτοι
3518 5077 3591 5141 ὦς
3611 5085 3734 5134 τινες

2178 5177 2340 5233 πάλιν
2367 5177 2654 5232 ὑπέλαϐον.
2687 5177 2850 5231 Ἀλλὰ
2873 5178 3024 5240 ὄντος
3049 5175 3339 5247 ἀνθρώπου
3365 5171 3586 5244 ἀληθείᾳ
3604 5179 3732 5236 γενο-

2179 5267 2342 5336 μένου
2365 5266 2458 5320 τοῦ
2489 5267 2760 5338 Σωτῆρος,
2778 5267 2899 5320 ὅλου
2929 5265 3022 5320 τοῦ
3045 5265 3338 5336 ἀνθρώπου
3364 5261 3598 5333 σωτηρία
3631 5252 3732 5322 ἐγι-

491 5370 661 5422 totius
693 5373 778 5422 est
817 5361 1055 5418 hominis
1098 5361 1250 5418 salus
1276 5369 1594 5418 consecuta.
1627 5358 1767 5414 Nam
1804 5359 1852 5416 si
1890 5359 2068 5414 simu-

2200 5373 2314 5409 Ιεἰσ.
2331 5356 2394 5408 Et
2415 5355 2523 5428 γὰρ
2540 5355 2685 5409 θέσει
2706 5351 2774 5426 ἦν
2798 5357 2855 5408 ἐν
2876 5354 2956 5426 τῷ
2985 5355 3196 5425 σώματι
3217 5355 3246 5407 ό
3266 5354 3441 5422 Λόγος
3460 5351 3574 5406 κατ’
3604 5343 3727 5400 ἐκεί·

489 5460 693 5515 latione
745 5458 862 5513 sola
917 5454 1193 5519 Verbum,
1225 5463 1285 5508 ut
1343 5453 1418 5506 illi
1480 5453 1758 5518 sentiunt,
1802 5444 1951 5505 ess'et
2006 5450 2062 5504 in

2200 5463 2297 5510 κους
2311 5463 2323 5476 ⁰
2343 5447 2404 5499 τὸ
2417 5447 2472 5500 δὲ
2493 5446 2637 5499 θέσει
2653 5447 2946 5517 λεγόμενον
2963 5444 3236 5516 φαντασία
3251 5445 3400 5498 ἐστίν
3416 5461 3429 5474 ο
3443 5440 3727 5513 εὑρίσκεται

487 5567 740 5622 corpore,
773 5548 919 5620 quod
961 5559 1138 5602 autem
1169 5546 1518 5604 simulatione
1554 5558 1677 5600 esse
1705 5542 1822 5600 sola
1857 5539 2063 5599 dicitur

2202 5541 2388 5605 σχήσει
2410 5538 2504 5590 καὶ
2533 5541 2566 5609 ὴ
2601 5538 2842 5612 σωτηρία
2868 5538 2964 5592 καὶ
2989 5538 3022 5608 ἡ
3051 5535 3352 5597 ἀνάστασις
3404 5533 3508 5589 τῶν
3535 5526 3724 5599 ἀνθρώι

563 5705 579 5736 ³
611 5704 745 5772 Luc.
776 5721 836 5768 ιι,
875 5704 936 5757 21
971 5719 1090 5772 sqq.
1179 5702 1199 5732 ³
1226 5699 1362 5772 Luc.
1393 5715 1547 5772 ιιιςιν,
1584 5697 1702 5772 59.Δ
1750 5698 1771 5729 ³
1805 5695 1968 5772 llebr.
2008 5710 2094 5748 xm

2200 5700 2250 5772 ᾖ..
2306 5693 2366 5747 ‘l
2403 5691 2547 5747 Petr.
2591 5709 2672 5756 ιιι,
2710 5692 2796 5746 19.
2875 5692 2896 5723 ⁸
2929 5689 3086 5747 Joan.
3118 5706 3234 5757 xu,
3268 5691 3358 5746 58.
3437 5686 3711 5747 ‘Joan.n,

489 5773 562 5829 24
589 5767 710 5842 sqq.
783 5775 802 5806 ⁷
826 5764 1190 5837 ζίοιιιιᾙιῐνιιι,
1221 5769 1311 5826 23.
1389 5769 1410 5801 ⁸
1451 5768 1552 5832 lsa.
1587 5783 1640 5833 ι.,
1674 5767 1728 5822 6.
1806 5767 1826 5799 ⁹
1858 5765 2028 5820 lCor.
2060 5781 2090 5818 ιι

2200 5764 2274 5821 35.
