3964 6452
259 462 360 520 65
853 456 1224 516 ADVERSUS
1257 457 1601 514 l-IIERESES
1629 457 1757 513 LIB.
1793 455 1882 514 Ill.
1913 456 2078 514 TOM.
2116 455 2256 514 ll.—
2274 439 2552 516 llAERES.
2592 458 2856 516 LXXVII.

3420 466 3528 525 65‘

273 598 376 634 πων
424 577 698 650 λεγομένη
717 618 734 643 ,
783 579 929 634 κατά
970 579 1066 633 τὸν
1093 579 1460 634 ἀσεϐέστατον
1516 579 1837 648 Μανιχαϊον.

1945 578 2331 650 imaginarium
2378 586 2504 645 est,
2558 593 2906 652 consequens
2952 589 3124 648 esset,
3155 587 3218 637 ut
3272 590 3326 639 et
3376 583 3525 641 salus

281 671 426 726 Ἀλλά
471 673 586 743 μὴν
616 672 680 727 οὐ
717 671 992 742 φαντασίᾳ
1029 673 1065 741 ἡ
1105 670 1350 741 σωτηρία
1393 669 1618 738 γέγονεν
1659 669 1838 740 ἡμῶν,

266 763 374 818 οὐδὲ
399 770 653 834 σώματος
684 763 871 832 μόνου,
900 761 1016 817 ἀλλ’
1047 761 1171 816 δλου
1197 761 1291 816 τοῦ
1326 759 1638 834 ἀνθρώπου,
1660 759 1841 831 ψυχῆς

267 858 350 910 καὶ
377 855 630 926 σώματος
666 855 887 926 ἀληθῶς
919 855 982 909 ιν
1026 853 1176 925 αὖτῷ
1223 856 1257 924 ή
1311 852 1557 924 σωτηρία
1595 852 1839 921 γέγονεν.

280 946 631 1018 Ἀνθρώπινον
675 947 784 1018 ἀρα
832 945 995 1015 φύσει
1046 945 1111 999 τὸ
1148 946 1213 999 ὲκ
1272 943 1514 1017 Μαρίας,
1550 943 1693 997 κατά
1741 941 1842 1006 τὰς

266 1036 406 1099 θείας
452 1034 676 1107 Γραφάς
700 1074 716 1100 ,
751 1035 843 1088 καὶ
891 1031 1144 1104 ἀληθινὸν
1209 1032 1370 1102 σῶμα
1419 1031 1517 1084 τοῦ
1567 1030 1841 1101 Σωτῆρος.

279 1129 545 1199 Ἀληθινὸν
578 1128 637 1181 δὲ
671 1123 764 1198 ἦν,
796 1124 984 1196 ἐπειδὴ
1006 1122 1203 1178 ταυτὸν
1227 1117 1296 1193 ἧν
1327 1120 1432 1194 [ἐν]
1463 1120 1541 1193 τῷ
1565 1119 1840 1191 ἡμετέρῳ.

278 1206 494 1286 ’Δδελφὴ
523 1216 632 1287 γὰρ
658 1213 818 1285 ἡμῶν
850 1215 884 1284 ἡ
910 1212 1121 1284 Μαρία,
1151 1211 1276 1265 ἐπεὶ
1304 1211 1400 1264 καὶ
1421 1210 1623 1274 πάντες
1654 1209 1720 1262 ὲκ
1746 1207 1840 1262 τοῦ

279 1307 437 1378 ’Δδάμ
466 1308 654 1377 ἐσμεν.
690 1307 800 1360 Καὶ
827 1305 988 1359 τοῦτο
1015 1303 1116 1359 οὐκ
1145 1302 1212 1357 ἄν
1237 1320 1320 1367 τις
1351 1301 1673 1372 ἀμφιϐάλοι,
1708 1317 1842 1372 μνη-

268 1399 405 1462 σθεὶς
435 1392 510 1452 ὧν
539 1397 776 1470 ἔγραψεν
808 1398 838 1451 ὁ
872 1396 1108 1458 Λουκᾶς.
1143 1393 1298 1448 Μετὰ
1325 1393 1434 1464 γὰρ
1455 1392 1517 1446 τὸ
1542 1391 1841 1462 ἀναστῆναι

261 1490 324 1542 ὲκ
348 1487 454 1541 τῶν
481 1486 715 1559 νεκρῶν,
735 1484 1036 1539 δοκούντων
1061 1482 1223 1540 τινῶν
1245 1481 1322 1553 μὴ
1356 1483 1414 1536 ὲν
1435 1480 1513 1552 τῷ
1541 1482 1606 1535 ὲκ
1625 1479 1842 1552 Μαρίας

265 1579 467 1649 σώματι
501 1578 723 1648 βλέπειν
749 1577 840 1630 τὸν
862 1575 1090 1646 Κύριον,
1115 1573 1229 1627 ἀλλ’
1250 1573 1372 1626 ἀντὶ
1401 1571 1594 1626 τούτου
1622 1571 1842 1642 πνεῦμα

263 1668 498 1739 θεωρεῖν,
531 1667 750 1737 ἔλεγεν·
799 1665 979 1721 Ἴδετε
1008 1665 1116 1730 τὰς
1157 1663 1360 1734 χεῖράς
1401 1680 1521 1732 μου
1559 1661 1661 1714 καὶ
1698 1661 1842 1726 τοὺς

262 1761 442 1826 πόδας
461 1777 604 1829 μου,
649 1758 921 1825 καὶτοὺς
951 1757 1180 1822 τύπους
1223 1755 1346 1809 τῶν
1386 1754 1572 1823 ἥλων,
1607 1754 1698 1807 ὅτι
1728 1751 1843 1822 ἐγώ

261 1855 370 1922 ειμι
408 1852 610 1917 αὑτός.
647 1849 1062 1919 Ψηλαφήσατε
1118 1848 1217 1903 καὶ
1257 1848 1444 1910 ἴδετε,
1481 1845 1571 1900 ὅτι
1604 1844 1842 1914 πνεῦμα

1947 669 2231 724 hominum
2280 684 2346 724 ac
2403 672 2738 727 resurrectio
2785 671 3022 743 imagine
3068 674 3186 729 sola
3227 681 3284 729 et
3329 674 3526 731 adum-

1944 759 2197 816 bratione
2252 758 2367 816 ﬁeri
2408 760 2721 828 diceretur,
2761 777 2882 834 qua:
2920 771 3005 820 est
3038 763 3192 836 impii
3239 765 3526 822 Manichel

1942 850 2234 906 sententia.
2265 851 2431 922 Atqui
2463 867 2573 907 non
2615 854 2732 909 sola
2772 854 2956 924 specie
2996 864 3313 927 comparata
3362 858 3526 914 nobis

1944 940 2094 995 salus
2127 947 2232 1003 est,
2275 947 2370 995 aut
2415 941 2519 996 soli
2558 942 2764 998 tributa
2809 945 3052 1014 corpori,
3099 945 3195 1001 sed
3226 947 3323 1002 toti
3366 947 3524 1003 vide-

1943 1033 2072 1089 licet
2105 1033 2334 1097 homini.
2384 1034 2601 1100 animas,
2645 1035 2892 1107 inquam,
2924 1045 2978 1090 et
3007 1035 3223 1106 corpori
3259 1037 3410 1094 salus
3435 1045 3527 1095 est

1943 1125 2125 1195 reipsa
2171 1125 2484 1180 conciliata.
2540 1123 2726 1196 Itaque
2773 1142 2976 1198 corpus
3009 1127 3143 1183 illud
3198 1126 3524 1199 Salvatoris,

1943 1216 2114 1286 quod,
2148 1225 2209 1271 ut
2253 1231 2426 1273 sacrae
2467 1217 2691 1275 Litterae
2719 1227 3016 1286 testantur,
3047 1235 3078 1276 e
3107 1219 3277 1275 Maria
3306 1221 3529 1278 desum-

1943 1315 2094 1379 ptum
2135 1316 2258 1377 est,
2305 1309 2604 1365 humanum
2677 1325 2742 1366 ac
2785 1327 2976 1367 verum
3030 1313 3259 1370 exstitit.
3298 1314 3524 1381 Verum,

1944 1397 2190 1468 inquam,
2226 1408 2537 1469 propterea,
2572 1389 2896 1471 quod‘idem
2925 1404 3154 1457 omnino
3175 1420 3300 1458 cum
3333 1414 3529 1461 nostro

1944 1485 2068 1542 fuit.
2095 1487 2263 1542 Maria
2290 1491 2490 1559 quippe
2517 1505 2676 1546 soror
2709 1500 2899 1546 nostra
2925 1491 3045 1554 fuit,
3070 1507 3195 1547 cum
3224 1493 3297 1548 ab
3315 1492 3527 1549 Adamo

1943 1579 2212 1649 originem
2260 1593 2454 1636 omnes
2513 1581 2910 1650 acceperimus.
2963 1579 3153 1652 Neque
3201 1597 3332 1637 vero
3364 1583 3528 1639 dubi-

1943 1669 2169 1723 tandum
2200 1683 2264 1723 ea
2295 1669 2362 1724 de
2395 1684 2452 1724 re
2485 1670 2717 1739 putabit,
2753 1671 2799 1726 si
2831 1671 2955 1740 quis
2983 1687 3046 1726 ea
3069 1672 3378 1728 meminerit
3401 1689 3525 1742 quae

1943 1764 2073 1814 sunt
2111 1772 2140 1812 a
2164 1755 2312 1812 Luca
2343 1757 2573 1827 scripta.
2610 1757 2746 1812 Cum
2798 1759 2942 1812 enim
2988 1766 3110 1827 post
3139 1759 3288 1814 illius
3338 1775 3527 1815 resur-

1942 1851 2244 1906 rectionem
2289 1849 2542 1904 nonnulli
2593 1850 3032 1919 suspicarentur,
3080 1866 3188 1905 non
3244 1851 3298 1904 in
3331 1850 3525 1907 eodem

261 1944 450 2013 σάρκα
496 1943 599 1998 καὶ
639 1943 825 1998 ὀστέα
861 1944 975 1998 οὐκ
1021 1941 1168 2010 ἔχει,
1208 1938 1405 2006 καθὼς
1433 1938 1540 2008 ἐμὲ
1575 1936 1839 2006 θεωρεῖτε

1947 1941 2040 1995 illo
2081 1954 2338 2010 corpore,
2373 1940 2518 2009 quod
2553 1954 2940 2010 expressume
2979 1940 3149 1996 Maria
3193 1942 3390 2006 fuerat,
3421 1942 3529 1997 Do-

258 2038 486 2107 ἕχοντα.
533 2037 644 2091 Kal
687 2036 864 2091 τοῦτο
891 2035 1099 2100 εἰπὼν,
1128 2033 1450 2097 ὑπέδειξεν
1487 2029 1695 2097 αὐτοῖς
1729 2029 1837 2096 τὰς

1943 2030 2158 2084 minum
2225 2045 2348 2086 sese
2403 2031 2697 2096 contueri,
2748 2033 2842 2088 sed
2908 2033 3030 2102 ejus
3097 2035 3217 2088 loco
3271 2034 3525 2103 spiritum

262 2127 455 2196 χεῖρας
509 2127 608 2182 καί
657 2125 802 2192 τοὺς
841 2124 1054 2191 πόδας.
1107 2122 1200 2188 Ἐξ
1241 2116 1316 2178 ὧν
1362 2123 1456 2176 καὶ
1515 2119 1833 2190 ἐλέγχεσθαι

1945 2120 2150 2186 oﬂ'crri,
2170 2121 2251 2176 sic
2284 2134 2380 2176 eos
2403 2121 2675 2177 allocutus
2704 2129 2789 2181 est
2827 2140 2840 2175 :
2873 2121 3054 2176 Videte
3077 2139 3266 2177 manus
3295 2133 3346 2177 et
3369 2124 3525 2191 pedes

259 2219 412 2273 πάλιν
441 2217 764 2272 δύνανταιοὶ
795 2217 1168 2288 τολμήσαντες
1205 2216 1379 2268 εἰπεῖν
1408 2215 1488 2277 εἰς
1523 2211 1703 2284 σάρκα
1740 2211 1838 2265 καὶ

1945 2227 2108 2276 meos,
2137 2219 2189 2266 et
2229 2211 2447 2281 vestigia
2486 2211 2775 2280 clavorum,
2815 2213 3064 2283 quoniam
3095 2229 3186 2282 ego
3224 2229 3342 2266 sum
3376 2214 3525 2281 ipse;

257 2309 414 2365 ὀστέα
443 2309 770 2380 ἠλλοιῶσθαι
798 2308 890 2363 τὸν
919 2308 1144 2381 Κύριον.
1178 2307 1254 2362 Οὐ
1298 2305 1408 2378 γὰρ
1440 2300 1562 2360 εἷπε
1585 2322 1599 2336 ο
1628 2304 1835 2369 Καθὼς

1945 2303 2151 2373 palpate
2191 2312 2241 2357 et
2275 2303 2462 2366 videte,
2531 2305 2782 2373 quoniam
2821 2304 3040 2372 spiritus
3072 2319 3288 2358 carnem
3322 2315 3372 2358 et
3401 2320 3524 2358 ossa

256 2402 358 2471 ἐμὲ
392 2401 657 2470 θεωρεῖτε
684 2399 883 2469 σάρκα
911 2399 1011 2454 καί
1044 2399 1228 2453 ὀστέα
1254 2398 1405 2464 ὄντα,
1447 2396 1562 2451 ἀλλ’
1587 2396 1830 2466 ἔχοντα,

1945 2413 2048 2451 non
2084 2396 2276 2459 habet,
2326 2396 2465 2450 sicut
2510 2412 2593 2451 me
2636 2396 2822 2450 videtis
2865 2395 3074 2450 habere.
3117 2396 3320 2462 Quibus
3366 2396 3526 2451 dictis

258 2495 342 2547 ἵνα
377 2493 449 2564 μὴ
499 2492 662 2556 αὐτὸς
691 2492 722 2543 ὁ
753 2489 926 2559 Λόγος
956 2491 1039 2554 εἰς
1081 2487 1255 2543 ταῦτα
1303 2487 1534 2559 τραπεὶς
1567 2486 1796 2558 νομισθῇ
1818 2527 1834 2552 ,

1946 2487 2180 2541 ostendit
2217 2487 2328 2543 illis
2376 2504 2568 2542 manus
2593 2497 2642 2542 et
2673 2486 2828 2556 pedes
2852 2489 2892 2542 ί.
2944 2486 3024 2542 Ex
3075 2503 3184 2557 quo
3216 2487 3292 2541 illi
3337 2487 3528 2542 redar-

257 2584 370 2638 ἀλλ’
407 2583 570 2646 αὐτὸς
620 2582 762 2652 έχων
794 2580 990 2647 ταῦτα,
1021 2581 1116 2634 καὶ
1165 2579 1273 2650 πρὸ
1308 2578 1404 2632 τοῦ
1435 2578 1701 2646 θανάτου,
1742 2578 1837 2632 καὶ

1945 2586 2206 2650 guuntur,
2244 2580 2338 2649 qui
2384 2579 2671 2635 Dominum
2696 2580 2752 2633 in
2775 2594 2993 2634 carnem
3021 2588 3076 2634 et
3105 2595 3232 2634 ossa
3256 2586 3526 2634 mutatum

260 2672 395 2742 μετά
425 2673 523 2743 τὴν
557 2671 856 2726 ἀνάστασιν
885 2664 1025 2724 εἶναι
1050 2667 1337 2740 πιστευθῇ.

1945 2684 2070 2725 esse
2115 2667 2388 2724 alIirmare
2436 2685 2546 2724 non
2596 2670 2868 2724 dubitant.
2913 2668 3101 2739 Neque
3155 2669 3302 2724 enim
3345 2668 3526 2725 dixit:

257 2767 708 2836 Quemadmodum
733 2782 814 2822 me
842 2781 1061 2822 cantem
1101 2773 1152 2822 et
1187 2780 1312 2820 ossa
1347 2763 1532 2818 videtis
1567 2777 1712 2827 esse,
1757 2763 1853 2818 sed
1891 2763 2102 2829 habere,
2151 2781 2221 2822 ne
2282 2765 2521 2822 fortasse
2579 2763 2816 2820 Verbum
2869 2764 3047 2834 ipsum
3098 2764 3154 2818 in
3212 2763 3528 2819 istiusmodi

255 2878 576 2920 conversum
609 2877 734 2920 esse
765 2869 1072 2932 putaretur,
1103 2859 1201 2916 sed
1232 2867 1292 2915 ut
1338 2875 1401 2917 ea
1450 2859 1721 2916 duntaxat
1767 2867 1824 2916 et
1884 2869 2011 2918 ante
2044 2871 2273 2919 mortem
2304 2869 2358 2917 et
2401 2871 2526 2933 post
2581 2861 3044 2917 resurrectionem
3100 2858 3362 2915 habuisse
3409 2873 3532 2912 cre-

386 2971 432 3010 r.

251 2956 379 3106 Mi":
419 3046 636 3102 Τούτων
668 3047 727 3101 δὲ
773 3043 947 3109 οὕτως
977 3043 1210 3116 ἐχόντων
1241 3043 1340 3115 τὴν
1385 3042 1663 3108 ἀπόδειξιν
1685 3083 1701 3108 ,
1733 3059 1835 3096 πε-

253 3140 432 3212 ριττὸν
479 3138 559 3192 ἐτι
603 3137 713 3192 τῶν
755 3137 931 3192 ἄλλων
983 3136 1254 3192 ἅπτεσθαι
1286 3136 1382 3191 καὶ
1422 3135 1720 3205 γυμνάζειν
1783 3153 1838 3189 τι

2016 3037 2086 3093 Χ.
2137 3037 2235 3094 llis
2280 3037 2350 3094 ad
2401 3053 2527 3098 eum
2571 3038 2792 3093 modum
2843 3040 3238 3110 comprobatis,
3283 3041 3352 3097 de
3406 3041 3531 3098 aliis

1953 3128 2142 3184 dicere
2167 3143 2635 3197 supervacaneum
2660 3135 2768 3190 est,
2793 3138 2888 3183 aut
2915 3129 3127 3201 agitare
3157 3130 3490 3201 disputando
3509 3172 3529 3200 ,

249 3232 381 3304 περὶ
407 3229 616 3286 αὐτῶν·
669 3229 763 3284 τοῦ
818 3229 929 3302 γὰρ
969 3228 1252 3299 σώματος,
1287 3229 1346 3281 ὲν
1391 3220 1436 3296 ᾦ
1481 3222 1550 3298 ἦν
1588 3228 1617 3280 ὁ
1645 3227 1839 3296 Λόγος,

1947 3234 2074 3274 cum
2141 3233 2344 3288 corpus
2413 3219 2470 3273 in
2535 3234 2645 3288 quo
2701 3218 2941 3275 Verbum
3007 3221 3207 3287 inerat,
3255 3223 3529 3278 divinitati

252 3324 332 3397 μὴ
363 3324 512 3388 ὕντος
549 3323 838 3394 ὁμοουσίου
889 3322 992 3393 τῆς
1029 3321 1307 3392 θεότητος,
1358 3319 1474 3374 ἀλλ’
1509 3321 1575 3375 ὲκ
1617 3320 1839 3392 Μαρίας

248 3413 466 3484 ἀληθῶς
487 3412 772 3484 τεχθέντος
789 3428 805 3446 ο
834 3413 932 3467 καὶ
972 3411 1139 3466 αὐτοῦ
1167 3411 1226 3465 δὲ
1257 3408 1353 3466 τοῦ
1393 3410 1572 3480 Λόγου
1600 3410 1676 3483 μὴ
1705 3427 1842 3482 τρα-

249 3504 446 3568 πέντος
484 3505 566 3568 είς
595 3502 762 3558 ὀστέα
793 3502 889 3558 καὶ
922 3501 1137 3575 σάρκα,
1168 3500 1283 3555 ἀλλ’
1317 3501 1378 3554 ἑν
1410 3501 1575 3571 σαρκὶ
1611 3499 1842 3571 γενομέ-

246 3611 364 3649 νου.
395 3593 468 3648 Τὸ
499 3593 608 3665 γὰρ
641 3592 790 3665 παρά
819 3591 898 3665 τῷ
935 3593 1154 3665 Ἰωάννῃ
1182 3591 1478 3662 λεγόμενον
1501 3630 1516 3656 ,
1559 3591 1624 3645 '0
1650 3593 1841 3661 Λόγος

246 3686 409 3757 σὰρξ
441 3686 700 3756 ἐγένετο,
740 3684 948 3758 ταύτην
983 3684 1094 3755 ἔχει
1115 3685 1216 3756 τὴν
1241 3684 1500 3748 διάνοιαν,
1529 3681 1714 3747 καθὼς
1746 3681 1842 3736 καὶ

246 3782 316 3834 ὲκ
347 3776 442 3833 τοῦ
472 3776 660 3848 ὁμοίου
688 3776 848 3833 τοῦτο
875 3775 1096 3831 δυνατὸν
1128 3777 1330 3847 εὑρεῖν.
1374 3775 1694 3846 Γέγραπται
1730 3773 1840 3846 γὰρ

246 3873 309 3926 ὲν
337 3869 416 3941 τῷ
440 3870 639 3942 Παύλῳ
654 3887 667 3900 ·
699 3869 956 3939 Χριστὸς
981 3869 1136 3937 ὑπὲρ
1156 3867 1328 3938 ἡμῶν
1349 3867 1558 3940 γέγονε
1587 3867 1838 3936 κατάρα.

245 3962 365 4017 Καὶ
403 3961 593 4033 ὥσπερ
623 3962 722 4015 οὐκ
751 3960 913 4024 αὐτὸς
956 3960 1172 4031 κατάρα
1199 3958 1444 4028 γέγονεν,
1483 3959 1599 4013 ἀλλ’
1627 3958 1710 4014 ὅτι
1739 3959 1841 4030 τὴν

245 4052 394 4121 ὑπὲρ
422 4050 580 4123 ἡμῶν
613 4047 902 4114 ἀνεδέξατο
929 4050 1199 4120 κατάραν,
1230 4049 1445 4122 εῐρηται
1474 4047 1694 4118 κατάρα
1745 4063 1836 4115 γε·

242 4141 505 4212 γονέναιο
537 4138 682 4194 οὕτω
734 4139 828 4194 καὶ
874 4137 1012 4209 σὰρξ
1067 4137 1314 4207 ἐγένετο,
1359 4138 1420 4191 οὐ
1473 4136 1707 4210 τραπεὶς
1759 4137 1841 4200 εἰς

249 4229 471 4301 σάρκα,
516 4230 634 4286 ἀλλ’
681 4231 764 4284 ὅτι
811 4233 991 4301 σάρκα
1046 4229 1186 4300 ὑπὲρ
1251 4227 1410 4300 ἡμῶν
1453 4227 1683 4283 ἀνέλαϐε
1746 4227 1842 4280 καὶ¹

237 4323 476 4392 γέγονεν
518 4321 826 4394 ἄνθρωπος.
873 4321 983 4374 Καὶ
1032 4321 1142 4392 γάρ
1179 4320 1244 4374 τὸ
1293 4322 1488 4374 είπεῖν.
1536 4319 1598 4372 '0
1645 4319 1840 4386 Λόγος

240 4413 410 4483 σὰρξ
435 4414 694 4485 ἐγένετο,
721 4414 838 4467 ἴσον
870 4412 986 4466 ἐστι
1010 4411 1175 4464 πάλιν
1207 4411 1405 4474 εἰπεῖν,
1426 4408 1835 4479 ὄτιἊνθρωπος

237 4507 465 4575 γέγονε,
502 4505 645 4560 κατά
691 4504 753 4558 τὸ
798 4503 1090 4575 εἰρημένον
1141 4502 1200 4554 ὲν
1241 4500 1321 4571 τῷ
1380 4502 1570 4571 Ἰωήλο
1615 4496 1840 4568 Ἔκχεῶ

234 4570 368 4652 ius
403 4597 510 4652 τοῦ
558 4570 1062 4666 πνεύματός-γρου
1107 4591 1206 4646 ἐπὶ
1251 4570 1460 4646 πᾶσαν
1493 4570 1723 4658 ίσὰρκα.
1759 4589 1837 4643 Οὐ
1869 4570 1914 4624 Ῑ)

233 4689 362 4742 τῶν
403 4687 616 4758 ἀλόγων
661 4683 730 4758 ἦν
778 4688 812 4757 ἡ
860 4684 1199 4754 ἐπαγγελία,
1235 4681 1349 4736 ἀλλ’
1388 4683 1468 4747 εἰς
1515 4679 1838 4751 ἀνθρώπους

233 4782 428 4844 ἐστὶν,
473 4774 549 4836 ὧν
582 4779 748 4834 ἕνεκα
795 4778 890 4833 καὶ
943 4775 1229 4848 ἄνθρωπος
1269 4774 1492 4843 γέγονεν
1529 4774 1558 4827 ὁ
1608 4771 1834 4844 Κύριος.

233 4864 458 4919 Τούτου
503 4865 561 4918 δὲ
608 4864 702 4919 τοῦ
755 4862 920 4936 ῥητοῦ
954 4863 1158 4934 ταύτην
1188 4862 1404 4934 ἔχοντος
1434 4862 1534 4933 τὴν
1574 4860 1833 4926 διάνοιαν,

231 4958 478 5018 εἰκότως
499 4957 942 5025 καταγνώσονται
966 4957 1176 5013 ἑαυτῶν
1201 4955 1418 5018 πάντως
1436 4956 1484 5008 οἱ
1515 4954 1836 5025 νομίσαντες

230 5043 394 5103 εἶναι
426 5047 536 5117 πρὸ
563 5049 664 5117 τῆς
703 5049 923 5119 Μαρίας
957 5048 1056 5119 τὴν
1083 5048 1140 5115 ἐξ
1173 5048 1345 5118 αὐτῆς
1377 5047 1577 5116 σάρκα,
1613 5048 1707 5100 καὶ
1732 5045 1840 5116 πρὸ

225 5137 458 5207 ταύτης
494 5138 786 5209 ἐσχηκέναι
821 5137 999 5210 ψυχὴν
1027 5137 1375 5210 ἀνθρωπίνην
1407 5137 1497 5190 τὸν
1522 5137 1716 5205 Λόγον,
1743 5136 1838 5191 καὶ

226 5231 300 5282 ἐν
343 5231 484 5301 αὐτῇ
535 5230 642 5301 πρὸ
673 5231 772 5301 τῆς
822 5230 1116 5301 ἐπιδημίας
1164 5231 1252 5285 ἀεὶ
1289 5231 1639 5302 γεγενῆσθαι.
1691 5229 1839 5285 Παύ-

229 5338 440 5374 σονται
471 5321 528 5373 δὲ
565 5321 661 5374 καὶ
690 5322 739 5374 οἱ
765 5321 1011 5384 εἰπόντες
1057 5320 1132 5391 μὴ
1159 5317 1296 5375 εἷναι
1323 5321 1576 5392 δεκτικὴν
1603 5321 1836 5376 θανάτου

224 5411 351 5480 τὴν
382 5413 582 5482 σάρκα,
610 5412 746 5466 ἀλλὰ
773 5413 872 5483 τῆς
891 5413 1159 5466 ἀθανάτου
1196 5413 1410 5482 φύσεως
1440 5409 1580 5467 εἶναι
1611 5413 1835 5484 ταύτην.

226 5505 310 5558 Ei
341 5504 451 5576 γὰρ
477 5504 552 5576 μὴ
576 5505 838 5572 ἀπέθανε,
869 5504 986 5569 πῶς
1015 5505 1044 5557 ὁ
1074 5504 1284 5570 Παῦλος
1317 5506 1607 5577 παρεδίδου
1643 5507 1840 5576 Κοριν-

1943 3311 2418 3367 eonsubstantiale
2460 3311 2687 3366 minime
2737 3312 2922 3377 fuerit,
2961 3313 3059 3369 sed
3089 3330 3157 3370 ex
3200 3314 3372 3370 Maria
3405 3315 3536 3370 Vir--

1941 3403 2068 3474 gine
2095 3418 2286 3458 revera
2316 3411 2530 3468 natum,
2563 3417 2800 3473 cumque
2831 3404 3070 3461 Verbum
3107 3407 3287 3478 ipsum
3322 3423 3430 3463 non
3474 3409 3531 3464 in

1939 3509 2070 3549 ossa
2116 3508 2450 3564 carnemque
2493 3503 2765 3548 mutatum
2816 3496 2910 3560 sit,
2949 3496 3045 3551 sed
3095 3497 3149 3550 in
3179 3512 3348 3553 carne
3380 3514 3533 3556 rese-

1941 3584 2101 3641 derit.
2137 3583 2294 3650 Quod
2323 3585 2470 3639 enim
2506 3599 2536 3642 a
2575 3583 2787 3641 Joanne
2847 3587 3117 3656 scriptum
3159 3597 3266 3652 est,
3303 3587 3532 3643 Verbum

1941 3691 2064 3728 caro
2090 3676 2291 3746 factum
2311 3685 2385 3728 est
2410 3677 2454 3739 ',
2490 3675 2637 3730 hunc
2679 3676 2847 3732 habet
2890 3693 3138 3742 sensum,
3164 3688 3225 3733 ut
3253 3695 3318 3735 ex
3363 3679 3532 3736 simili

1943 3766 2202 3837 loquendi
2246 3767 2462 3822 ratione
2506 3769 2691 3840 colligi
2728 3777 2928 3839 potest.
2973 3769 3070 3825 Est
3103 3773 3248 3826 enim
3281 3787 3312 3826 a
3361 3771 3533 3828 Paulo

1943 3860 2255 3930 scriptum:
2311 3860 2560 3916 Christus
2606 3878 2702 3930 pro
2753 3863 2904 3918 nobis
2951 3863 3127 3931 factus
3179 3873 3258 3919 est
3310 3865 3535 3919 maledi-

1942 3961 2089 4005 ctum
2115 3952 2157 4008 ³.
2201 3951 2272 4007 Ut
2319 3953 2489 4024 igitur
2524 3943 2874 4010 maledictum
2915 3955 3131 4027 1005.
3167 3955 3258 4011 ille
3311 3957 3534 4027 proprie

1943 4059 2056 4099 non
2089 4043 2212 4108 fuit,
2247 4045 2345 4100 sed
2377 4045 2500 4102 ideo
2533 4045 2707 4102 fuisse
2739 4047 2964 4113 dicitur,
2997 4049 3143 4118 quod
3175 4048 3309 4103 illud
3343 4058 3532 4107 nostra

1944 4151 2114 4193 causa
2139 4138 2447 4207 susceperit
2477 4156 2490 4192 :
2525 4139 2607 4193 sic
2636 4146 2692 4194 et
2723 4153 2854 4195 caro
2877 4139 3082 4194 factum
3109 4151 3213 4205 est,
3247 4157 3359 4196 non
3385 4143 3533 4212 quod

1945 4228 2000 4283 in
2049 4242 2272 4283 carnem
2309 4238 2706 4286 commutatum
2758 4228 2944 4294 fuerit,
2978 4231 3073 4286 sed
3109 4233 3255 4302 quod
3307 4249 3530 4287 carnem

1943 4333 2043 4389 pro
2074 4318 2236 4374 nobis
2277 4319 2665 4389 assumpserit,
2699 4329 2752 4378 et
2781 4321 2948 4374 homo
2985 4319 3164 4378 factus
3197 4323 3287 4376 sit.
3314 4323 3529 4378 Etenim

1945 4411 2050 4465 hoc
2087 4411 2288 4482 ipsum,
2339 4410 2562 4466 Verbum
2590 4428 2715 4466 caro
2753 4411 2957 4480 factum
2993 4422 3095 4475 est,
3123 4413 3372 4468 eamdem
3417 4415 3528 4468 vim

1945 4503 2110 4559 habet
2147 4518 2212 4558 ac
2265 4503 2310 4557 si
2347 4504 2643 4568 diceretur,
2693 4503 2868 4558 Homo
2921 4504 3127 4560 factum
3167 4515 3253 4560 est
3279 4545 3294 4570 ,
3336 4506 3530 4574 cujus-

1949 4598 2094 4653 modi
2125 4605 2210 4653 est
2235 4598 2367 4652 illud
2402 4614 2431 4651 a
2461 4597 2614 4655 Joele
2643 4597 2851 4656 dictum
2882 4617 2896 4654 :
2923 4597 3214 4669 E/fuudam
3245 4599 3310 4653 de
3337 4599 3531 4669 spiritu

1947 4705 2063 4744 meo
2106 4705 2263 4759 super
2308 4707 2510 4744 onmem
2560 4690 2837 4745 carnem".
2879 4690 3013 4758 Quae
3061 4691 3280 4762 quidem
3316 4693 3534 4748 denun-

1947 4780 2106 4834 tiatio
2164 4794 2229 4834 ac
2267 4781 2568 4849 promissio
2621 4797 2731 4836 non
2775 4781 2846 4835 ad
2876 4782 3150 4851 pecudes,
3187 4784 3282 4839 sed
3323 4785 3390 4839 ad
3436 4786 3536 4840 lio-

1923 4868 2127 4932 ,mines
2157 4871 2417 4937 pertinet,
2452 4885 2690 4939 quorum
2726 4871 2902 4940 gratia
2945 4869 3211 4928 Dominus
3253 4881 3340 4928 est
3367 4874 3536 4929 homo

1949 4958 2146 5016 factus.
2203 4960 2338 5028 Qua:
2387 4977 2511 5016 cum
2563 4963 2633 5016 ita
2682 4963 2832 5028 sint,
2887 4979 3064 5034 eaque
3108 4965 3183 5020 sit
3233 4966 3535 5022 verborum

1949 5051 2169 5107 illorum
2209 5054 2484 5110 sententia
2517 5073 2531 5110 :
2562 5055 2648 5110 vel
2677 5057 2890 5127 seipsos
2916 5057 3044 5127 jure
3071 5059 3526 5117 condemnabunt

1949 5144 1986 5198 ii
2010 5144 2105 5214 qui
2139 5143 2313 5200 Maria
2345 5147 2584 5216 priorem
2611 5163 2736 5203 esse
2758 5163 2983 5205 carnem
3009 5150 3157 5205 illam
3186 5153 3530 5218 existimant,

1948 5251 2070 5306 qua:
2109 5236 2180 5292 de
2229 5237 2400 5292 Maria
2448 5242 2809 5310 sumpta‘sit,
2859 5250 2913 5297 et
2942 5252 3070 5299 ante
3101 5243 3248 5298 illam
3287 5245 3527 5300 humana

1948 5328 2239 5398 praeditum
2268 5329 2448 5383 anima
2475 5329 2646 5385 fuisse
2671 5329 2934 5397 Verbum,
2966 5348 3202 5403 eamque
3235 5342 3532 5404 antequam

1949 5417 2057 5472 huc
2108 5418 2394 5474 adveniret
2446 5419 2729 5475 habuisse.
2771 5421 2878 5476 Sed
2924 5430 2979 5477 et
3021 5423 3100 5477 illi
3144 5424 3342 5492 nugari
3389 5422 3532 5475 desi-

1945 5517 2098 5572 nent,
2131 5507 2226 5579 qui
2273 5523 2498 5564 carnem
2527 5511 2725 5567 mortis
2767 5527 2892 5568 esse
2924 5526 3182 5582 capacem
3217 5520 3442 5581 negant,
3476 5517 3528 5565 et

225 5594 414 5660 θέσις,
443 5595 471 5648 ὃ
505 5596 599 5650 καὶ
640 5596 967 5668 παρέλαϐεν,
1003 5596 1084 5649 ὃτι
1109 5596 1674 5665 Χριστὸς-ἀπέθανεν
1689 5596 1839 5665 ὑπὲρ

1948 5599 2016 5655 ad
2039 5600 2367 5657 immortalis
2387 5609 2600 5658 natura:
2618 5611 2822 5660 sortem
2845 5605 3322 5674 conditionemque
3349 5614 3532 5660 trans-

222 5681 688 5754 τῶνᾰμαρτιῶν
701 5685 891 5755 ἡμῶν,
912 5687 1062 5741 κατὰ
1089 5689 1193 5754 τὰς
1204 5688 1486 5757 l‘pagsdc;
1515 5689 1639 5752 Πῶς
1666 5688 1722 5741 δὲ
1749 5691 1839 5745 καὶ

1950 5691 2222 5748 scribunt.
2253 5690 2390 5747 Nam
2426 5694 2474 5750 si
2521 5706 2771 5754 mortuus
2803 5713 2916 5754 non
2944 5705 3050 5764 est,
3075 5694 3353 5765 quomodo
3388 5696 3528 5753 Pau-

321 5838 353 5872 ί
399 5838 537 5896 Luc.
573 5857 723 5908 xxw,
760 5845 848 5909 '59,
889 5845 980 5899 40.
1058 5846 1077 5876 ³
1109 5843 1267 5900 Joan.
1305 5861 1342 5910 t,
1386 5845 1470 5900 M.
1521 5843 1570 5878 "
1611 5845 1729 5902 Gal.
1765 5863 1839 5914 tu,

1945 5878 1966 5902 ι.
2041 5849 2063 5880 ⁵
2100 5847 2218 5907 Joel
2268 5866 2332 5918 tt,
2372 5851 2468 5909 28.
