3964 6398
515 422 622 480 655

1935 411 1989 464 ὃ.
2034 409 2371 466 ΕΡὶΡΙΙΛΝῐΙ
3635 421 3715 478 656

514 543 602 597 lus
643 539 862 594 tradere
912 537 1015 592 hoc
1053 533 1362 591 Corinthiis
1403 527 1604 604 potuit,
1649 529 1799 600 quod
1834 543 1893 584 se
1934 544 2090 583 acce-

2202 529 2329 594 ὗλως
2376 528 2610 601 ἀνέστη,
2647 531 2701 585 ei
2751 529 2827 602 μὴ
2875 530 3288 604 προαπέθανεη
3347 530 3638 604 Ἐρυθριῶσι
3674 535 3718 590 δὲ

513 634 663 704 pisse
715 629 970 684 dicebat‘
993 667 1011 693 ,
1036 627 1302 695 Quoniam
1335 624 1585 680 Christus
1617 633 1856 677 mortuus
1889 631 1966 674 est
1996 637 2092 689 pro

511 723 741 794 peccatis
779 721 976 776 nostris
998 759 1014 784 ,
1048 718 1336 774 secundum
1377 713 1762 786 Scripturas’?
1783 713 2093 782 llesurgere

515 832 643 873 vero
676 815 768 885 qui
813 813 1016 886 potuit,
1047 813 1156 867 nisi
1207 819 1465 866 mortuus
1498 819 1658 864 antea
1715 806 1946 863 fuisset?
1979 803 2092 858 Ma-

513 909 668 964 ximo
702 921 838 962 vero
881 905 1095 976 pudore
1137 901 1546 974 perfunduntur
1575 900 1611 954 ii
1649 899 1743 969 qui
1771 898 2091 970 quaternio-

513 984 638 1058 nem
675 1015 776 1071 pro
806 997 1080 1052 Trinitate
1109 994 1370 1052 constitui
1411 1007 1733 1064 persuasum
1771 989 2006 1053 habent,
2045 989 2091 1046 si

515 1107 725 1162 corpus
755 1105 787 1145 e
817 1088 989 1143 Maria
1034 1094 1224 1142 natum
1266 1100 1390 1142 esse
1433 1085 1667 1139 dicatur.
1700 1081 1836 1137 Nam
1883 1081 1929 1136 si
1961 1095 2095 1136 con-

520 1181 884 1239 substantiale
932 1179 1115 1235 Verbo
1163 1194 1368 1250 corpus
1416 1176 1786 1239 arbitremur,
1851 1172 2098 1228 Trinitas

517 1273 877 1328 nihilominus
933 1269 1178 1326 Trinitas
1213 1276 1528 1339 permanet,
1577 1281 1704 1320 cum
1748 1251 2098 1335 peregrinum

515 1367 730 1421 nullum
761 1364 1000 1420 Verbum
1042 1363 1098 1417 in
1146 1362 1294 1416 illam
1333 1359 1644 1415 invehatur.
1685 1357 1756 1411 At
1801 1357 1849 1412 si
1898 1370 2104 1425 corpus

2197 620 2450 690 μεγάλως
2480 623 2531 674 οἱ
2578 622 2716 686 ὅλως
2763 623 3160 695 ἐνθυμηθέντες
3207 623 3460 677 δύνασθαι
3499 625 3606 678 ἀντὶ
3643 627 3722 696 τῆς

2194 712 2425 782 Τριὰδος
2471 714 2720 782 γίνεσθαι
2766 717 3041 787 τετράδα,
3087 718 3138 768 εί
3186 716 3394 785 λέγοιτο
3437 718 3496 770 ἐκ
3544 719 3722 788 Μαρίας

2193 799 2332 858 εἶναι
2371 805 2436 858 τὸ
2466 805 2648 876 σῶμα.
2685 807 3003 878 ὀμοούσιον
3041 808 3140 880 μὲν
3164 807 3276 879 γὰρ
3318 807 3413 861 ἐὰν
3446 809 3656 879 εῐπιιιμεν
3677 811 3727 863 τὸ

2195 895 2356 966 σῶμα
2387 896 2468 966 τῷ
2492 897 2671 970 Λόγω,
2707 899 2860 968 μένει
2887 901 2926 970 ή
2954 899 3124 971 Τριας
3155 897 3348 970 Τριὰξ,
3376 899 3572 961 οὐδενὸς
3600 899 3724 965 ξένου

2194 987 2418 1056 ὲπεισφε
2428 988 2656 1059 ρομένου
2680 993 2763 1054 είς
2785 991 2956 1062 αὐτὴν
2981 991 3076 1045 τοῦ
3113 991 3286 1058 Λόγου
3308 1008 3322 1021 ⁸
3357 990 3447 1044 ἐὰν
3479 992 3530 1044 δὲ
3552 991 3726 1064 ἄνθρως

2198 1096 2300 1133 πον
2319 1081 2564 1151 εἴπωμεν
2591 1083 2655 1136 τὸ
2676 1085 2741 1136 ὲκ
2766 1084 2986 1155 Μαρίας
3009 1083 3190 1155 σῶμα,
3213 1085 3424 1156 ἀνάγκῃ
3448 1083 3584 1148 ξένου
3608 1085 3730 1146 ὄντος

2197 1173 2317 1224 κατ’
2349 1173 2538 1226 οὐσίαν
2575 1173 2671 1228 τοῦ
2724 1173 2978 1244 σώματος
2995 1213 3010 1239 ,
3052 1175 3147 1228 καὶ
3188 1175 3342 1238 ὄντος
3386 1176 3446 1227 ὲν
3485 1173 3619 1243 αὑτῷ
3654 1171 3730 1225 τοῦ

2197 1261 2394 1332 Λόγου,
2427 1264 2628 1337 τετρὰς
2655 1265 2779 1320 ἀντὶ
2808 1266 3038 1338 Τριάδος
3062 1265 3275 1335 γίνεται
3299 1265 3389 1319 διὰ
3422 1264 3519 1334 τὴν
3539 1264 3624 1318 τοῦ
3649 1265 3729 1316 σὺ·

2204 1372 2374 1426 ματος
2404 1357 2747 1428 προσθήκην.

511 1460 650 1514 illud
677 1459 818 1514 idem
849 1473 914 1512 ex
943 1457 1118 1511 Maria
1140 1463 1330 1509 natum
1359 1453 1637 1509 hominem
1666 1465 1792 1507 esse
1813 1449 2091 1515 dicamus,
2132 1466 2362 1506 necesse
2391 1461 2500 1516 est.
2541 1468 2669 1508 cum
2730 1469 2936 1525 corpus
3001 1461 3200 1508 natura
3246 1452 3578 1524 peregrinum
3630 1451 3731 1504 alie-

514 1562 754 1620 numque
793 1548 884 1611 sit,
917 1557 976 1600 ut
1003 1547 1058 1600 in
1079 1544 1448 1616 ipsoVerbum
1466 1543 1722 1607 insideat,
1751 1540 2168 1612 quaternionem
2199 1556 2300 1612 pro
2327 1541 2596 1599 Trinitate
2619 1559 2974 1616 consurgere,
3005 1559 3239 1614 corpore
3266 1543 3508 1599 videlicet
3535 1541 3730 1612 adjecto.

583 1637 675 1690 XI.
719 1635 844 1692 llaec
884 1636 962 1690 illi
994 1635 1127 1691 dum
1172 1635 1241 1690 ad
1283 1649 1410 1690 eum
1450 1633 1674 1688 modum
1709 1631 2091 1702 pronuntiant,

2271 1635 2374 1688 IA'.
2413 1634 2602 1690 Ταῦτα
2636 1635 2808 1700 οὓτως
2839 1636 3090 1705 λέγοντες
3117 1636 3178 1689 οὗ
3216 1634 3442 1698 νοοῦσιν,
3483 1635 3615 1696 ὅπως
3635 1635 3736 1686 sau-

513 1745 624 1785 non
648 1727 1112 1784 animadvertunt.
1133 1733 1470 1796 quantopere
1494 1737 1680 1778 secum
1703 1721 1808 1792 ipsi
1833 1728 2091 1793 pugnent.

2202 1728 2312 1790 τοῖς
2349 1727 2762 1798 περιπίπτουσι.
2804 1728 2910 1780 Καὶ
2940 1727 3050 1797 γὰρ
3083 1726 3186 1780 κᾶν
3223 1726 3298 1797 μὴ
3334 1727 3399 1778 ὲκ
3431 1725 3629 1794 Μαρίας
3664 1723 3734 1774 λέ-

515 1821 670 1876 Licet
697 1821 843 1875 enim
894 1834 965 1873 ex
1020 1813 1191 1871 Maria
1243 1814 1550 1886 profectum
1589 1829 1794 1885 corpus
1823 1828 1947 1869 esse
1987 1826 2096 1867 non

514 1915 728 1978 dicant,
767 1910 864 1966 sed
908 1906 1385 1966 consubstantiale
1419 1905 2090 1974 Verbodunlaxagnihilo-

524 2010 706 2066 minus
738 2017 948 2069 tamen,
985 2002 1136 2073 quod
1199 2012 1271 2056 ne
1301 1996 1506 2054 sentire
1529 1994 1869 2058 viderentur,
1902 1992 2080 2048 vereri

517 2109 578 2149 se
611 2093 972 2156 simulabant,
1007 2093 1063 2147 in
1093 2094 1199 2146 hoc
1226 2088 1432 2161 ipsum,
1457 2101 1581 2159 quae
1609 2095 1695 2143 est
1727 2086 1945 2141 illorum
1978 2093 2098 2142 sto-

517 2185 728 2251 liditas,
756 2185 1012 2240 oratione
1049 2196 1152 2239 sua
1204 2181 1385 2252 palam
1429 2179 1758 2242 incurrunt,
1789 2185 1846 2233 et
1875 2183 2099 2246 quater-

515 2277 737 2332 nionem
795 2275 950 2330 illum
1001 2274 1318 2330 admittunt.
1352 2271 1568 2326 Etenim
1614 2271 1694 2325 uti
1741 2267 1950 2336 Filius,
2003 2269 2098 2340 qui

515 2369 734 2422 illorum
785 2368 1062 2423 sententia
1104 2365 1253 2420 Patri
1305 2362 1802 2420 consubstantialis
1846 2369 1953 2425 est,
1988 2362 2096 2416 mi-

467 2503 470 2506 .
514 2460 663 2512 nime
695 2459 788 2514 ille
825 2459 1046 2529 quidem
1091 2457 1258 2512 Pater
1291 2465 1400 2522 est,
1434 2457 1530 2512 sed
1568 2455 1743 2513 Filius
1773 2454 1924 2510 Patri
1964 2469 2099 2510 con-

515 2547 906 2604 substantialis
937 2547 1248 2618 appellatur
1273 2564 1288 2602 :
1318 2547 1392 2600 ita
1418 2545 1895 2600 consubstantiale
1920 2542 2102 2600 Verbo

516 2654 722 2709 corpus
756 2655 868 2694 non
904 2639 1084 2709 ipsum
1115 2637 1358 2694 Verbum
1391 2645 1498 2700 est,
1525 2637 1620 2692 sed
1651 2637 1800 2691 aliud
1839 2636 2100 2708 quiddam

517 2746 550 2784 a
606 2730 789 2785 Verbo
831 2730 1177 2788 distinctum.
1223 2728 1434 2796 Quodsi
1503 2727 1652 2782 aliud
1703 2734 1809 2790 est,
1881 2728 2100 2782 illorum

515 2823 763 2878 Trinitas
815 2823 871 2878 in
898 2821 1318 2893 quaternionem
1361 2819 1659 2890 redigetur.
1708 2819 1866 2875 Vera:
1900 2818 2104 2889 quippe

516 2924 575 2969 et
611 2915 795 2985 reipsa
822 2914 1081 2985 perfectae
1109 2921 1164 2969 et
1192 2911 1444 2967 indivisa:
1475 2911 1733 2966 Trinitati
1789 2911 1939 2965 nulla
1985 2909 2103 2964 fieri

518 3015 700 3078 potest
733 3007 1006 3070 accessio,
1037 3004 1247 3076 1005
1274 3012 1474 3076 praster
1501 3019 1666 3076 quam
1693 3016 1981 3073 perperam
2006 2997 2102 3057 isti

2201 1836 2342 1888 γωσι
2373 1821 2434 1874 τὸ
2466 1821 2649 1892 σῶμα,
2681 1821 2816 1876 ἀλλὰ
2853 1821 3142 1894 όμοούσιον
3168 1821 3301 1876 αὐτὸ
3327 1819 3406 1891 τῷ
3428 1820 3592 1889 Λόγῳ,
3615 1817 3738 1870 οὐδὲν

2199 1907 2384 1985 ἧττον,
2411 1915 2549 1984 ὅπερ
2567 1915 2944 1986 ὑπεκρίνοντο,
2989 1913 3064 1985 μὴ
3098 1914 3208 1983 ἄρα
3232 1913 3310 1976 ὡς
3338 1911 3643 1984 φρονοῦντες
3666 1925 3736 1960 νο-

2205 2003 2440 2074 μισθῶσι
2470 2002 2649 2067 τοῦτο,
2682 2002 2827 2058 κατὰ
2855 2003 2956 2074 τὴν
2985 2002 3165 2057 αὐτῶν
3197 2002 3385 2056 ἄνοιαν
3414 1999 3739 2070 δειχθήσονται

2198 2095 2446 2166 λέγοντες
2490 2096 2746 2168 τετράδα.
2801 2097 2888 2160 Ὠς
2944 2094 3056 2167 γὰρ
3115 2094 3246 2157 Υἱὸς
3297 2091 3379 2146 ὢν
3425 2091 3536 2146 κατ’
3579 2087 3738 2145 αὐτοὺς

2199 2187 2484 2256 όμοούσιος
2510 2185 2591 2256 τῷ
2635 2185 2830 2258 Πατρὶ,
2859 2184 2960 2238 οὐκ
3000 2183 3149 2237 ἐστιν
3194 2182 3359 2247 αὐτὸς
3398 2181 3598 2250 Πατὴρ,
3632 2173 3742 2230 ἀλλὰ

2202 2277 2333 2341 Υίδς
2384 2277 2524 2349 πρὸς
2573 2275 2796 2348 Πατέρα
2845 2275 3064 2344 λέγεται
3119 2274 3445 2346 ὁμοοὺσιος-
3487 2269 3642 2332 οὕτως
3694 2265 3743 2318 τὸ

2199 2366 2484 2437 όμοούσιον
2513 2366 2676 2437 σῶμα
2701 2366 2794 2420 τοῦ
2829 2366 3005 2434 Λόγου
3034 2366 3136 2418 οὐκ
3159 2365 3311 2418 ἔστιν
3335 2363 3497 2426 αὐτὸς
3530 2363 3558 2415 ό
3584 2359 3742 2426 Λόγος,

2203 2458 2316 2514 ἀλλ’
2351 2459 2537 2530 ἕτερον
2566 2459 2706 2530 πρὸς
2727 2459 2820 2511 τὸν
2848 2457 3043 2526 Λόγον.
3081 2457 3302 2527 Έτέρου
3342 2455 3402 2509 δὲ
3435 2454 3598 2515 Mog,
3621 2451 3742 2503 ἔσται

2202 2553 2324 2606 κατ’
2351 2551 2549 2616 αὐτοὺς
2582 2553 2616 2622 ή
2653 2551 2835 2605 αὐτῶν
2877 2550 3048 2621 Τριὰς
3076 2548 3294 2620 τετράς.
3325 2547 3406 2600 οὐ
3436 2545 3544 2618 γὰρ
3583 2546 3613 2610 ἡ
3639 2541 3744 2610 ἁλη-

2203 2645 2324 2718 θινὴ
2352 2644 2448 2698 καὶ
2467 2643 2638 2707 ὅντως
2664 2644 2844 2697 τελεία
2874 2643 2969 2696 καὶ
3012 2642 3318 2712 ἀδιαίρετος
3365 2638 3534 2710 Τριὰς
3569 2633 3743 2702 δέχεται

2203 2737 2547 2809 προσθήκην,
2577 2736 2693 2791 ἀλλ’
2724 2737 2758 2807 ή
2794 2735 2946 2808 παρὰ
2979 2734 3186 2788 τούτων
3227 2728 3632 2801 ὲπινενοημὲνη.
3659 2725 3745 2780 Καὶ

2204 2829 2324 2894 πῶς
2355 2830 2436 2882 ἐτι
2465 2829 2784 2901 Χριστιανοὶ
2826 2829 3016 2900 ἕτερον
3051 2826 3206 2897 παρὰ
3233 2823 3332 2878 τὸν
3359 2825 3488 2878 ὂντα
3512 2823 3633 2874 Θεὸν
3654 2821 3746 2871 ἑπι-

2203 2921 2488 2986 νοοῦντες;
2519 2921 2690 2976 Πάλιν
2727 2921 2837 2992 γὰρ
2862 2920 2957 2974 καὶ
2987 2921 3047 2972 ὲν
3076 2919 3248 2988 ἑτέρῳ
3279 2914 3465 2970 αὐτῶν
3496 2912 3749 2981 σοφίσματι

2203 3013 2304 3084 τὴν
2339 3013 2654 3085 ἀφροσύνην
2678 3011 2889 3077 ἔξεστιν
2915 3011 3069 3082 όρᾷν.
3096 3009 3161 3062 Εἰ
3192 3008 3250 3062 δὲ
3274 3007 3370 3062 διὰ
3421 3005 3483 3058 τὸ
3509 3000 3636 3057 εἶναι
3676 2999 3750 3051 καὶ

517 3100 818 3156 commenti
855 3108 1002 3156 sunt.
1027 3101 1211 3167 Quare
1237 3097 1543 3154 Christiani
1566 3112 1690 3152 esse
1715 3097 1808 3166 qui
1841 3101 2097 3164 possunt,

2204 3103 2462 3173 λέγεσθαι
2490 3106 2549 3158 ὲν
2577 3105 2697 3167 ταῖς
2741 3103 2782 3156 Γ
2789 3105 2988 3174 ραφαῖς
3020 3103 3085 3154 ὲκ
3119 3099 3344 3171 Μαρίας
3380 3092 3518 3151 εῖναι
3565 3093 3650 3148 καὶ
3678 3093 3750 3144 ἀν·

515 3193 614 3264 qui
654 3193 887 3249 alterum
921 3192 992 3247 ab
1023 3207 1111 3258 eo,
1147 3190 1242 3262 qui
1270 3204 1464 3246 revera
1496 3189 1641 3245 Deus
1669 3195 1775 3252 est,
1809 3186 1946 3242 falsa
1997 3187 2103 3242 sibi

515 3285 876 3357 persuasione
902 3283 1222 3339 ﬁnxerunt?
1257 3279 1474 3338 Rursus
1511 3281 1658 3337 enim
1683 3280 1740 3334 in
1763 3279 1936 3334 altera
1965 3293 2105 3348 qua-

515 3377 645 3432 dam
691 3380 926 3432 istorum
955 3375 1330 3440 cavillatione,
1360 3380 1567 3444 quanta
1613 3373 1686 3428 sit
1721 3387 1913 3426 eorum
1950 3371 2106 3427 stoli-

513 3469 688 3532 ditas,
719 3476 972 3540 apparet.
1006 3467 1141 3522 Nam
1168 3467 1214 3523 si
1247 3481 1347 3536 pro
1371 3481 1437 3520 eo
1453 3463 1597 3536 quod
1651 3457 1858 3518 Christi
1902 3476 2107 3532 corpus

525 3580 597 3619 ex
626 3559 800 3615 Maria
869 3570 1079 3624 natum,
1095 3565 1148 3612 et
1191 3557 1493 3612 humanum
1533 3561 1825 3622 est,atque
1859 3557 1914 3607 in
1954 3552 2108 3606 Scri-

527 3653 708 3726 pturis
737 3667 864 3708 esse
893 3649 1121 3710 dicitur,
1150 3646 1569 3718 qualernionem
1602 3644 1810 3698 idcirco
1848 3659 1946 3712 pro
1983 3643 2108 3696 Tri-

508 3745 693 3802 nitate
727 3740 990 3798 constitui
1027 3747 1242 3808 putant,
1289 3753 1356 3792 eo
1389 3735 1536 3806 quod
1566 3734 1820 3805 quaedam
1865 3733 1983 3790 ﬁeri
2026 3734 2099 3789 vi-

517 3835 720 3889 deatur
763 3830 1017 3900 corporis
1067 3828 1318 3883 accessio
1353 3827 1743 3882 :vehemcnter
1783 3831 1972 3882 errant
2010 3825 2105 3895 qui

517 3923 795 3984 conditori
843 3921 1128 3993 opiﬁcium
1188 3935 1350 3976 suum
1385 3920 1601 3988 aiquale
1655 3918 1896 3980 faciunt,
1939 3924 1996 3971 et
2037 3915 2106 3969 ad

518 4017 867 4074 divinitatem
897 4014 1163 4070 accedere
1187 4027 1351 4083 posse
1376 4011 1581 4081 aliquid
1606 4011 1980 4075 arbitrantur;
2005 4023 2108 4063 nec

520 4111 656 4167 illud
685 4108 1021 4178 intelligunt,
1058 4120 1168 4160 non
1199 4104 1269 4158 ad
1297 4103 1464 4158 ullam
1510 4102 1696 4158 carnis
1730 4102 2106 4156 accessionem

517 4202 760 4260 Verbum
797 4216 1018 4258 carnem
1049 4215 1173 4256 esse
1208 4197 1435 4261 factum,
1463 4196 1558 4253 sed
1595 4203 1655 4250 ut
1703 4209 1832 4250 caro
1861 4195 1980 4264 ipsa
2012 4207 2097 4248 re-

500 4303 804 4368 surgeret;
826 4308 1005 4364 neque
1028 4290 1294 4355 Verbum,
1316 4303 1428 4360 quo
1455 4287 1524 4342 ad
1556 4287 1838 4343 meliorem
1863 4287 2105 4358 aliquam

2207 3195 2477 3266 θρὼπινον
2521 3195 2588 3248 τὸ
2635 3195 2798 3268 σῶμα
2839 3194 2936 3248 τοῦ
2983 3193 3272 3265 Σωτῆρος,
3326 3190 3625 3262 νομίζουσιν
3655 3181 3750 3237 ἀντὶ

2207 3289 2435 3359 Τριάδος
2464 3288 2700 3360 τετράδα
2735 3286 3012 3356 λέγεσθαι,
3040 3285 3117 3350 ὼς
3147 3283 3471 3356 προσθήκης
3495 3276 3750 3348 λεγομένης

2205 3381 2270 3432 τὸ
2296 3378 2487 3451 σῶμαο
2516 3379 2653 3432 πολὺ
2689 3377 3022 3441 πλανῶνται,
3051 3375 3115 3429 τὸ
3143 3375 3360 3445 ποίημα
3390 3367 3749 3436 συνεᾷσοῦντες

2207 3470 2547 3542 τῷποιητῇ,
2595 3471 2692 3524 καὶ
2721 3467 3080 3530 ὑπονοοῦντες
3122 3465 3386 3519 δύνασθαι
3438 3463 3534 3533 τὴν
3563 3458 3751 3524 θεότητι

2208 3561 2530 3632 προσθήκην
2571 3560 2901 3630 λαμϐάνεινο
2958 3559 3051 3612 καλ⁵
3091 3557 3373 3628 ἠγνόησαν
3395 3597 3410 3621 ,
3465 3556 3542 3608 ὅτι
3585 3551 3640 3604 οὐ
3685 3546 3751 3598 διὶ

2209 3653 2530 3723 προσθήκην
2559 3651 2812 3722 θεότητος
2845 3651 3038 3720 γέγονε
3075 3649 3212 3720 σὰρξ
3253 3650 3283 3702 ό
3331 3648 3520 3716 Λόγος,
3552 3641 3654 3697 ἀλλ’
3685 3639 3752 3690 ἱνα

2207 3747 2241 3815 ἡ
2273 3745 2410 3816 σὰρξ
2439 3746 2646 3816 ἀναστῇ
2669 3760 2683 3775 °
2715 3744 2824 3797 οὐδ’
2859 3744 2946 3798 ἵνα
2983 3742 3243 3813 βελτιωθῇ
3275 3742 3306 3794 ό
3334 3742 3500 3809 Λόγος
3527 3732 3752 3807 προῆλθεν

2207 3839 2272 3890 ἐκ
2302 3837 2544 3908 Μαρίας,
2560 3835 2674 3890 ἀλλ’
2699 3836 2787 3888 ἵνα
2810 3835 2872 3887 τὸ
2894 3832 3235 3904 ἀνθρώπινον
3255 3835 3414 3900 γένος
3435 3825 3749 3900 λυτρώσηται-

2209 3929 2335 3991 ΙΙῶς
2367 3923 2461 3981 οὖν
2506 3921 2618 3980 οἷόν
2647 3943 2706 3979 τε
2755 3925 2817 3979 τὺ
2852 3925 2941 3979 διὰ
2985 3924 3082 3977 τοῦ
3111 3923 3287 3990 Λόγου
3336 3920 3601 3992 λυτρωθὲν
3627 3913 3754 3980 σῶμα

2209 4021 2303 4073 καὶ
2334 4017 2686 4088 ζωοποιηθὲν,
2715 4017 3032 4088 προσθήκην
3060 4015 3138 4076 εἰς
3162 4015 3397 4086 θεότητα
3427 4013 3504 4084 τῷ
3534 4004 3756 4076 {unm-ﬁ-

2210 4123 2364 4163 σαντί
2407 4109 2568 4179 Λόγῳ
2611 4110 2820 4173 ποιεῖν;
2873 4107 3089 4161 Μᾶλλον
3129 4106 3241 4178 γὰρ
3273 4105 3429 4177 αὑτῷ
3474 4098 3754 4172 ἀνθρωπίνῳ

2209 4199 2497 4271 προσθήκη
2542 4198 2753 4270 μεγάλη
2799 4198 3024 4267 γέγονεν
3065 4200 3131 4251 ὲκ
3169 4198 3271 4268 τῆς
3321 4197 3418 4252 τοῦ
3460 4195 3624 4263 Λόγου
3649 4186 3754 4258 πρὸς

2209 4292 2342 4345 αὐτὸ
2367 4290 2652 4354 κοινωνίας
2675 4307 2737 4343 τε
2767 4289 2862 4342 καί⁷
2888 4288 3153 4352 ένώσεως.
3185 4289 3324 4342 Ἀπὸ
3354 4285 3547 4360 θνητοῦ
3574 4282 3756 4351 γέγονεν

518 4365 898 4444 conditionem
929 4383 1356 4449 transferretur,
1380 4397 1447 4437 ex
1480 4380 1654 4434 Maria
1686 4377 1983 4450 prodiisse,
2009 4377 2099 4433 sed

2213 4382 2501 4446 ἀθάνατον,
2536 4382 2632 4436 καὶ
2661 4382 2894 4452 ψυχικὸν
2923 4381 2984 4435 ὂν
3020 4382 3212 4450 γέγονε
3261 4376 3651 4450 πνευματικὸν,
3682 4365 3756 4483 uti:

518 4488 582 4535 ut
620 4480 906 4534 hominum
944 4493 1120 4548 genus
1158 4475 1475 4532 redimeret.
1509 4471 1629 4527 Jam
1663 4486 1794 4526 vero
1827 4469 2099 4540 quomodo

2212 4475 2274 4525 ὲκ
2324 4473 2429 4542 γῆς
2475 4472 2768 4542 γενόμενον
2820 4473 2920 4536 τὰς
2963 4473 3251 4544 οὐρανίους
3299 4471 3456 4541 διέϐη
3505 4467 3676 4524 πύλας.
3706 4455 3755 4548 Ὶξ

519 4572 636 4627 fieri
680 4580 883 4642 potest,
929 4543 1133 4639 corpus
1169 4576 1227 4622 ut
1273 4566 1408 4622 illud
1441 4565 1588 4637 quod
1619 4579 1717 4636 per
1747 4561 1986 4618 Verbum
2016 4577 2099 4617 re-

2217 4562 2400 4632 μέντοι
2449 4561 2652 4633 Τριὰς,
2683 4563 2780 4615 καὶ
2821 4543 3080 4625 λαϐόντος
3123 4563 3189 4613 ὲκ
3229 4559 3455 4632 Μαρίας
3497 4555 3644 4626 σῶμα

518 4633 804 4734 demptum
856 4633 923 4717 ac
971 4633 1083 4716 vita
1122 4659 1392 4714 donatum
1452 4633 1579 4723 est,
1621 4633 1682 4712 ei
1719 4671 1750 4708 a
1799 4668 1911 4725 quo
1937 4652 2099 4708 vitam

2214 4654 2410 4722 Λόγου.
2455 4654 2623 4725 Τριάς
2653 4655 2832 4716 ἔστιν,
2880 4655 2944 4706 οὐ
2982 4652 3248 4724 δεχομένη
3289 4650 3624 4721 προσθήκην,
3662 4633 3756 4734 οὐδὲ

519 4757 764 4827 accepit,
801 4756 972 4809 ullam
1007 4753 1321 4808 divinitatis
1373 4749 1753 4806 accessionem
1799 4747 1978 4815 possit
2029 4743 2099 4797 al'-

2214 4745 2528 4814 ἁφαίρεσιν,
2570 4745 2708 4798 ἀλλὰ
2737 4747 2824 4800 ἀεὶ
2856 4745 3037 4800 τελεία
3099 4745 3218 4798 ἐστὶ
3264 4745 3360 4797 καὶ
3391 4744 3452 4796 ὲν
3481 4735 3654 4810 mea:
3682 4728 3756 4799 μία

521 4850 706 4907 ferre?
751 4847 889 4902 Nam
933 4862 965 4902 e
1005 4845 1290 4901 contrario
1321 4843 1601 4898 uberrima
1649 4840 1740 4894 illa
1779 4837 2001 4907 quidem
2042 4834 2099 4889 ad

2215 4835 2405 4904 θεότης
2437 4833 2796 4904 γινώσκεται·
2835 4837 2930 4890 καὶ
2963 4835 3138 4899 οὕτως
3172 4837 3230 4888 ἐν
3259 4839 3327 4906 τῇ
3367 4827 3650 4898 Ἐκκλησίᾳ
3680 4836 3756 4887 κη·

524 4943 825 4997 humanum
887 4955 1094 5010 corpus
1141 4953 1209 4994 ex
1281 4935 1453 4991 divini
1503 4932 1666 4989 Verbi
1720 4928 2099 4987 communione

2221 4924 2473 4996 ρύττεται
2508 4923 2589 4989 εἷς
2616 4927 2746 4990 Θεὸς
2775 4929 2804 4980 ό
2830 4926 2924 4980 τοῦ
2954 4927 3130 4994 Λόγου
3162 4927 3376 4996 Πατήρ.

525 5007 1026 5106 commistioneque
1079 5033 1227 5089 facta
1273 5040 1360 5088 est
1396 5027 1668 5086 accessio.
1732 5024 2019 5095 Siquidem
2069 5037 2137 5078 ex
2177 5022 2398 5075 mortali
2446 5021 2783 5086 immortale,
2825 5037 2891 5077 ex
2932 5021 3157 5076 animali
3230 5017 3482 5091 spiritale
3521 5007 3753 5103 redditurn

470 5187 476 5202 ,
525 5138 631 5194 est,
655 5138 820 5199 atque
846 5094 1054 5183 eterra
1084 5127 1395 5198 profectum
1420 5124 1545 5179 ραιιὶ
1571 5129 1760 5191 portas
1784 5094 2116 5189 penetravit.
2155 5114 2427 5170 Caeterum
2467 5113 2710 5171 Trinitas
2771 5116 2911 5185 ipsa,
2964 5114 3221 5185 quamvis
3281 5111 3518 5166 Verbum
3556 5119 3585 5159 e
3620 5094 3756 5154 Maria

469 5191 476 5230 ³
528 5191 750 5289 corpus-
767 5215 1058 5284 acceperit,
1086 5191 1336 5269 Trinitas
1378 5221 1483 5276 est,
1518 5211 1608 5266 cui
1641 5224 1744 5264 nec
1782 5207 1905 5262 addi
1939 5217 2120 5276 potest
2159 5205 2466 5276 quidpiam,
2501 5222 2679 5276 neque
2710 5206 2948 5271 detrahi,
3003 5205 3098 5260 sed
3136 5203 3379 5274 perfecta
3435 5209 3638 5268 semper
3690 5191 3756 5242 εει

527 5320 584 5364 et
637 5308 702 5362 in
754 5304 1030 5360 Trinitate
1084 5302 1388 5374 singularis
1436 5300 1700 5355 divinitas
1751 5296 2116 5368 agnoscitur;
2157 5307 2320 5367 atque
2357 5297 2432 5353 ita
2468 5298 2686 5352 demum
2720 5313 2864 5352 unus
2901 5297 3047 5352 Deus
3083 5295 3248 5351 Verbi
3274 5293 3439 5349 Pater
3503 5293 3555 5346 in
3602 5278 3765 5337 Eccle-'

527 5407 610 5460 sia
651 5401 1003 5476 praedicatur.

590 5456 941 5556 illiiiadem
980 5505 1148 5562 porro
1186 5489 1399 5544 ratione
1468 5497 1522 5543 et
1568 5502 1632 5541 os
1699 5485 1808 5540 illis
1846 5482 2099 5538 occlude-

2290 5479 2386 5534 lB'.
2433 5480 2526 5532 Ἐκ
2563 5479 2620 5532 δὲ
2653 5478 2845 5532 τούτου
2878 5477 3216 5547 σιωπήσουσι
3244 5473 3431 5528 λοιπὸν
3469 5469 3557 5524 καὶ
3579 5466 3623 5519 οἱ
3654 5456 3757 5514 ποτὲ

525 5601 615 5647 tur
643 5592 737 5663 qui
758 5591 942 5646 dicere
968 5584 1264 5656 aliquando
1303 5581 1421 5636 ausi
1445 5587 1594 5639 sunt,
1623 5592 1748 5633 eum
1776 5576 1870 5646 qui
1899 5591 1964 5630 ex
1996 5573 2099 5627 Ma-

2217 5572 2462 5635 εἱπόντες
2493 5572 2584 5625 τὸν
2621 5573 2687 5624 ὲκ
2730 5571 2949 5640 Μαρίας
2986 5570 3314 5641 προελθόντα
3347 5565 3423 5638 μή
3470 5559 3598 5617 εἶναι
3626 5550 3756 5663 ait?!

521 5685 607 5739 ria
646 5640 940 5753 processit,
975 5694 1085 5735 non
1133 5679 1309 5746 ipsum
1339 5688 1459 5731 esse
1502 5670 1785 5728 Christum
1820 5683 1885 5724 ac
1924 5666 2099 5722 Domi-

2220 5663 2310 5716 τὸν
2342 5661 2574 5735 Χριστὸν
2611 5662 2703 5717 καὶ
2734 5662 2938 5732 Κύριον
2976 5640 3069 5715 καὶ
3110 5660 3262 5715 Θεόν.
3325 5659 3390 5712 Εἰ
3423 5657 3528 5727 γὰρ
3559 5650 3628 5724 μὴ
3650 5640 3755 5700 θεὸς

608 5840 626 5870 ⁸
659 5837 835 5895 lCor.
866 5854 955 5903 xv,
988 5839 1042 5894 5.
1117 5837 1138 5868 '
1162 5833 1299 5890 ibid.
