3964 6404
251 488 269 610 ξ

293 338 400 394 €57

836 343 1206 402 ADVERSUS
1245 347 1591 404 HAZRESES
1624 347 1754 406 LIB.
1797 346 1884 405 111.
1924 346 2102 404 TUM.
2130 345 2196 403 Il.
2235 372 2305 386 --
2344 342 2620 401 ιιΑῑιιΕδ.
2662 339 2918 398 LXXVII.

3453 343 3558 398 658
3595 347 3597 349 ’

292 448 368 524 ἢν
393 454 453 506 ἐν
477 453 556 524 τῷ
583 455 816 525 σώματι,
849 459 965 524 πῶς
1009 462 1170 526 εὐθὺς
1207 464 1484 535 προελθὼν
1514 468 1623 521 ἀπὸ
1660 469 1878 538 Μαρίας

1985 481 2113 521 num
2142 472 2198 522 et
2223 463 2415 521 Deum.
2449 461 2566 519 Nisi
2602 462 2746 518 enim
2785 460 2839 515 in
2883 472 3115 530 corpore
3141 457 3286 516 Deus
3317 460 3560 516 exstitis-

293 543 504 634 ὲκληθη
538 544 904 634 Ἐμμανουὴλ,
943 549 973 602 ὅ
999 551 1115 603 ἐστι
1151 553 1705 628 μεθερμηνευόμενον,
1735 561 1874 615 Μεθ’

258 689 266 724 ⁵
300 633 472 724 ἡμῶν
500 637 552 724 dp
574 633 757 703 886g;
784 637 908 702 Πῶς
936 639 994 693 δὲ
1022 641 1119 695 καὶ
1146 643 1377 709 Παῦλος,
1396 647 1444 699 εί
1468 647 1545 719 μὴ
1573 650 1787 719 όΛόγος
1805 647 1876 724 ἦν

1976 568 2080 625 set,
2114 573 2216 614 cur
2244 557 2431 615 statim
2482 564 2644 626 atque
2693 555 2762 609 de
2805 550 2978 606 Maria
3020 551 3558 622 processit,Emma-

1975 649 2104 704 nuel
2127 659 2352 704 vocatus
2389 654 2493 710 est,
2521 644 2666 717 quod
2687 651 2769 700 est
2804 645 3242 714 interpretatum,
3271 641 3561 696 Nobiscum

247 714 368 840 ii:
403 722 943 840 ῖῖτίδξιιῖίέτξαίξις.
964 728 1244 840 θρέψαι
1288 735 1390 801 ἐξ
1425 714 1594 840 ea
1624 714 1878 810 κέιστδς

1985 737 2118 794 Deus
2138 739 2194 792 ³ἳ
2223 738 2425 794 Paulus
2451 751 2600 801 vero,
2628 735 2736 790 nisi
2750 732 2989 789 Verbum
3020 733 3075 786 in
3103 746 3270 786 carne
3297 729 3458 796 foret,
3491 730 3561 784 ad

298 813 368 905 to
404 814 555 867 κατὰ
583 815 802 884 σάρκα,
837 820 872 871 ό
899 819 988 874 ὢν
1015 821 1116 876 ἐπὶ
1161 825 1405 880 πάντων
1431 830 1575 896 Θεὸς
1621 835 1877 905 εὐλογη-

295 903 405 971 τὸς
433 907 515 969 εὶς
537 907 680 973 τοὺς
718 908 960 976 αἰῶνας.
1007 913 1234 985 Ἀμήν;
1266 919 1474 974 Οὐκοῦν
1517 903 1878 994 όμολογείτω-

301 1012 404 1049 σαν
433 997 484 1049 οἱ
516 999 782 1072 πρότερον
810 1003 1131 1075 ἀρνούμενοι
1172 1009 1262 1062 τὸν
1295 1013 1711 1084 ἐσταυρωμένον
1740 1015 1880 1075 εἶναι

291 1086 433 1182 Θεον
444 1088 728 1182 ambibat,
743 1094 1050 1153 πειθόμενοι
1074 1099 1272 1165 πάσαις
1290 1105 1410 1167 ταῖς
1428 1104 1597 1172 θείαις
1616 1109 1878 1182 Γραφαῖς,

297 1177 538 1272 μαλιστα
563 1179 620 1233 δέ
644 1181 721 1253 τῷ
743 1183 934 1256 Θωμᾷ,
964 1187 1026 1250 ὃς
1056 1189 1196 1258 μετά
1246 1191 1308 1244 τὸ
1340 1195 1468 1249 ἰδεῖν
1491 1197 1550 1251 ὲν
1578 1177 1882 1272 αύτῷήτοὺς

299 1269 410 1323 τῶν
433 1270 577 1341 ἥλων
605 1272 808 1339 τύπους
861 1279 1180 1352 ἀνεϐόησεν·
1219 1283 1281 1337 '0
1309 1288 1524 1356 Κύριός
1557 1308 1678 1359 μου
1698 1269 1806 1350 ⁷καὶ
1850 1300 1883 1352 ό

293 1361 447 1452 98(54-
461 1379 600 1430 μου.
632 1364 766 1427 Θεὸς
790 1365 896 1438 γὰρ
928 1371 1022 1424 καὶ⁸
1062 1372 1266 1444 Κύριος
1293 1377 1396 1446 τῆς
1436 1378 1596 1452 δόξης
1626 1381 1722 1449 ὢν,
1756 1387 1883 1452 Υίδς

413 1452 474 1503 ἐν
530 1453 626 1548 τῶ-
914 1459 1307 1536 καθηλουμένῳ
1351 1443 1450 1523 καὶ
1499 1443 1884 1548 ἀτιμαζομένω

293 1540 536 1642 σῶματι.
568 1545 648 1642 ῗΓό
677 1546 736 1599 δὲ
769 1549 930 1620 σῶμα
956 1551 1164 1626 ἔπασχε
1199 1556 1300 1626 μὲν
1342 1540 1666 1634 νυττόμενον
1711 1540 1771 1622 ἐν
1807 1540 1884 1642 τῶ

292 1633 465 1733 ξύλῳ,
496 1638 810 1733 ωὶγέρρεεν
839 1645 949 1700 ἀπὸ
985 1647 1084 1720 τῆς
1121 1651 1310 1705 τούτου
1341 1633 1581 1728 πλευρᾶς
1623 1656 1763 1733 αἷμα
1793 1633 1888 1718 καὶ

293 1727 482 1826 φωρ-ο
692 1733 750 1787 δὲ
787 1735 882 1789 τοῦ
925 1738 1103 1807 Λόγου
1141 1745 1406 1814 τυγχάνον
1453 1727 1884 1826 πεπληρωμένος

403 1821 501 1919 τῇς
525 1821 797 1919 θεότητος.
829 1827 929 1919 (Διά
950 1806 1109 1884 τοῦτο
1139 1806 1308 1902 ἥλιος,
1336 1839 1478 1908 όρῶν
1501 1840 1592 1896 τὸν
1913 1806 1956 1861 Β

295 1911 398 2006 γον
424 1912 619 2006 ἐαυτοῦ
665 1917 724 1970 ἐν
769 1917 848 1988 τῷ
893 1919 1239 1996 ὑϐριζομένῳ
1278 1926 1491 1999 σώματι
1535 1911 1880 2006 ἀνεχόμενον,

295 2001 417 2098 τας-
443 2003 670 2098 ἀκτῖνας
722 2008 1026 2064 συνέστειλε
1083 2015 1179 2067 καὶ
1223 2016 1484 2073 ἐσκότασε
1522 2021 1540 2052 ⁸
1605 2001 1712 2095 την*
1747 2001 1878 2098 γῆνε

295 2092 432 2146 αὐτὸ
473 2094 532 2147 δὲ
570 2095 730 2166 σῶμα
765 2098 926 2166 φύσιν
975 2099 1098 2171 ἔχον
1141 2103 1343 2176 θνητὴν
1386 2107 1526 2179 ὑπὲρ
1557 2092 1882 2182 τὴν-ἐαυτοῦ

291 2187 482 2257 φύσιν,
511 2191 709 2265 ἀνέστη
735 2193 826 2247 διὰ
852 2196 944 2250 τὸν
978 2199 1036 2250 ἐν
1064 2199 1214 2271 αὐτῷ
1242 2202 1434 2271 Λόγον,
1478 2206 1574 2260 καὶ
1606 2208 1884 2266 πέπαυται

293 2281 404 2351 μὲν
444 2283 544 2355 τῆς
578 2285 721 2340 κατά
746 2285 906 2355 φύσιν
929 2288 1138 2361 φθορᾶς
1165 2293 1208 2359 ί,
1244 2292 1448 2365 ἔνδυμα
1484 2295 1543 2350 δὲ
1570 2297 1762 2367 γέγονε
1789 2301 1883 2355 τοῦ

294 2372 476 2441 Λόγου
495 2390 509 2404 ·
540 2375 903 2448 ἐνδυσάμενον
935 2379 994 2432 δὲ
1036 2380 1130 2434 τὸν
1167 2382 1310 2454 ὑπὲρ
1358 2384 1643 2457 ἄνθρωπον
1670 2389 1881 2458 Λόγον,

293 2464 522 2533 γέγονεν
553 2465 848 2538 ἄφθαρτον.
885 2471 1018 2542 Περὶ
1062 2473 1119 2525 δὲ
1175 2475 1271 2528 τοῦ
1323 2479 1690 2546 φαντάζεσθαι
1733 2500 1885 2549 τινας

295 2557 396 2610 καὶ
440 2556 638 2626 λέγειν,
673 2560 776 2624 ὅτι,
819 2560 1010 2633 ὥσπερ
1051 2565 1136 2633 ἐφ’
1179 2565 1411 2621 ἕκαστον
1455 2569 1564 2624 τῶν
1591 2575 1884 2646 προφητῶν

295 2645 518 2714 ἐγένετο
542 2649 735 2718 Λόγος,
762 2649 906 2706 οὕτω
938 2653 1031 2706 καὶ
1061 2653 1154 2707 ἐπὶ
1187 2654 1285 2708 ἕνα
1335 2657 1458 2711 τινὰ
1499 2658 1783 2734 ἄνθρωπον
1819 2666 1886 2718 ἐκ

295 2737 521 2808 Μαρίας
546 2735 709 2809 ἦλθεν
734 2744 764 2796 ὁ
789 2743 981 2812 Λόγος,
1009 2746 1264 2816 περιττόν
1290 2748 1407 2801 ἐστι
1435 2752 1755 2821 γυμνάζειν,
1782 2774 1886 2826 φα-

294 2830 464 2901 νερὰν
507 2831 740 2904 ἐχούσης
779 2836 878 2906 τῆς
929 2837 1117 2900 ἀνοίας
1159 2838 1340 2895 αὐτῶν
1373 2839 1474 2911 τὴν
1521 2846 1882 2914 κατάγνωσιν.

297 2921 368 2975 El
404 2923 512 2994 γὰρ
539 2923 714 2990 οὕτως
750 2922 904 2998 ἦλθε,
931 2927 1022 2982 διὰ
1062 2929 1114 2983 τί
1146 2923 1304 2996 οὗτος
1355 2934 1422 2986 ἐκ
1473 2937 1746 3007 παρθένου
1791 2943 1887 2996 καὶ

301 3012 383 3084 μὴ
411 3013 505 3066 καὶ
535 3015 698 3080 αὐτὸς
723 3016 782 3082 ἐξ
811 3018 1000 3092 ἀνδρὸς
1023 3021 1117 3075 καὶ
1147 3025 1438 3092 γυναικός;
1469 3026 1629 3082 Οὕτω
1655 3030 1765 3104 γὰρ
1793 3034 1888 3088 καὶ

1978 829 2254 886 Romanos
2285 829 2528 884 scribere
2559 829 2663 882 ista
2685 825 2777 896 qui
2807 825 3017 896 potuit,
3060 822 3144 876 Ea:
3183 821 3372 893 quibus
3407 821 3564 876 Chri-

1977 929 2202 991 stus'est
2219 919 2501 974 secundum
2531 933 2765 983 carnem,
2803 917 2892 988 qui
2925 923 3002 969 est
3026 930 3180 983 super
3212 916 3390 969 omnia
3420 913 3561 968 Deus

1980 1012 2275 1067 benedictus
2332 997 2389 1065 iri
2444 1009 2663 1066 sweula.
2726 1009 2891 1062 Amen
2929 1008 2992 1062 εἳ
3052 1005 3416 1074 Quamobrem
3466 1006 3563 1076 qui

1980 1110 2140 1158 antea
2163 1113 2499 1172 negaverunt
2518 1117 2642 1156 eum
2662 1102 2756 1172 qui
2775 1099 3076 1157 cruciﬁxus
3102 1105 3210 1164 est,
3230 1113 3353 1154 esse
3371 1097 3565 1164 Deum,

1981 1208 2223 1248 errorem
2247 1207 2410 1248 suum
2458 1201 2755 1262 agnoscant
2797 1206 2861 1246 ac
2905 1189 3109 1245 divinis
3161 1187 3421 1243 omnibus
3453 1186 3565 1240 Lit-

1983 1286 2117 1341 teris
2161 1285 2321 1340 tidem
2365 1283 2684 1348 adhibeant,
2724 1281 2820 1338 sed
2851 1281 3077 1336 Thomas
3114 1277 3438 1350 praesertim,
3471 1278 3564 1347 qui

1982 1392 2110 1434 cum
2144 1377 2200 1431 in
2227 1375 2448 1432 Christo
2471 1373 2750 1430 clavorum
2782 1372 3014 1443 vestigia
3053 1369 3567 1429 vidissetexclama-

1984 1468 2110 1524 vit:
2147 1466 2405 1522 Dominus
2455 1481 2602 1520 meus
2654 1473 2706 1519 et
2757 1462 2898 1518 Deus
2944 1477 3090 1516 meus
3120 1467 3163 1516 ⁸.
3204 1460 3376 1518 Filius
3415 1460 3565 1516 enim

1985 1559 2237 1630 idemque
2273 1556 2419 1614 Deus
2473 1571 2537 1612 ac
2570 1556 2757 1628 gloriae
2808 1553 3076 1609 Dominus
3112 1552 3168 1608 in
3207 1568 3274 1608 eo
3315 1567 3564 1622 corpore,

1984 1649 2130 1723 quod
2159 1665 2255 1721 per
2285 1662 2557 1706 summam
2595 1645 2952 1719 ignominiam
2974 1646 3154 1701 .clavis
3197 1644 3472 1700 confixum
3501 1657 3567 1697 ac

1987 1740 2408 1797 dehonestatum
2457 1738 2677 1803 fuerat,
2737 1737 2964 1792 omnino
3013 1736 3304 1791 residebat.
3352 1734 3567 1804 Corpus

1988 1832 2201 1902 1006
2229 1831 2406 1902 ipsum
2437 1845 2566 1885 vero
2607 1830 2662 1883 in
2686 1842 2853 1884 cruce
2891 1828 3224 1898 perforatum
3261 1827 3447 1896 utique
3474 1843 3568 1896 pa-

1984 1925 2246 1988 tiebatur,
2285 1931 2341 1978 et
2369 1938 2433 1978 ex
2463 1922 2585 1992 ejus
2636 1922 2806 1976 latere
2853 1920 3078 1990 sanguis
3123 1934 3248 1973 cum
3288 1934 3427 1990 aqua
3467 1917 3570 1972 dif-

1983 2012 2225 2067 fluebat:
2257 2026 2444 2066 verum
2497 2025 2624 2065 cum
2671 2010 2841 2066 divini
2874 2006 3036 2063 Verbi
3085 2008 3345 2078 templum
3398 2013 3568 2070 esset,

1981 2110 2102 2159 erat
2141 2103 2426 2158 divinitate
2467 2101 2868 2171 plenissimum.
2897 2098 3070 2165 Quam
3113 2101 3184 2153 ob
3222 2113 3444 2153 causam
3486 2097 3569 2152 sol

1983 2196 2122 2266 ipse,
2163 2209 2290 2250 cum
2335 2200 2614 2249 auctorem
2661 2207 2820 2248 suum
2876 2200 2986 2246 tam
3028 2204 3223 2260 graves
3267 2189 3322 2242 in
3368 2188 3570 2244 misero

1983 2304 2214 2362 corpore
2261 2287 2624 2344 contumelias
2664 2287 2986 2341 tolerantem
3025 2284 3252 2349 videret,
3299 2282 3466 2338 radiis
3504 2297 3568 2337 ac

1986 2382 2106 2436 luce
2159 2394 2486 2450 suppressa,
2530 2389 2730 2434 terram
2778 2377 3020 2433 tenebris
3071 2375 3334 2440 obduxit;
3369 2390 3567 2444 corpus

1985 2481 2167 2528 autem
2199 2473 2413 2527 mortali
2443 2480 2637 2526 natura
2669 2469 2954 2540 praeditum
2995 2482 3161 2538 supra
3200 2474 3411 2522 natura:
3455 2481 3567 2522 sua:

1985 2565 2355 2621 conditionem
2391 2570 2612 2634 propter
2637 2560 2899 2624 Verbum,
2925 2559 3073 2630 quod
3116 2559 3170 2613 in
3213 2557 3334 2628 ipso
3359 2567 3496 2620 erat,
3537 2572 3571 2611 a

1988 2659 2220 2713 mortuis
2249 2658 2544 2712 excitatum
2566 2663 2672 2719 est,
2696 2661 2751 2710 et
2793 2668 2822 2707 a
2865 2651 3102 2706 naturali
3125 2651 3480 2720 corruptione
3506 2650 3572 2704 Ii-

1987 2748 2259 2810 beratum,
2295 2745 2458 2802 Verbi
2499 2745 2770 2816 quoddam
2804 2744 2952 2798 velut
2986 2742 3364 2796 indumentum
3380 2748 3464 2796 est
3492 2741 3575 2795 fa-

1985 2845 2135 2894 ctum
2163 2854 2177 2904 ;
2208 2851 2443 2908 cumque
2477 2836 2675 2901 Verbo,
2709 2836 2854 2905 quod
2890 2835 3184 2889 humanam
3206 2833 3572 2889 conditionem

1987 2939 2230 3001 superat,
2282 2932 2430 2986 velut
2476 2930 2677 2984 amictu
2733 2928 2969 2998 quodam
3031 2927 3351 2982 obvolutum
3405 2932 3571 2992 esset,

1987 3024 2360 3094 corruptionis
2392 3032 2474 3078 est
2492 3037 2687 3092 expers
2725 3021 2996 3076 redditum
3018 3021 3058 3071 °.
3089 3019 3244 3086 Quod
3282 3025 3462 3073 autem
3504 3017 3574 3072 ad

560 3107 668 3200 τῶν
703 3109 875 3177 ἁγίων
911 3112 1196 3200 ἐγεννήθη.
1233 3117 1304 3169 Ἦ
1339 3117 1428 3171 διά
1467 3118 1542 3184 τί,
1585 3121 1759 3187 οὕτως
1803 3124 1884 3176 ἐλ-

1993 3115 2378 3168 nonnullorum
2421 3111 2613 3168 inanes
2651 3126 2825 3182 nugas
2871 3120 2926 3167 et
2968 3116 3278 3166 commenta
3319 3109 3574 3180 pertinet,

294 3195 487 3261 θόντος
523 3198 614 3253 τοῦ
669 3201 864 3270 Λόγου,
902 3204 1002 3274 οὐχ
1046 3195 1077 3258 ό
1130 3205 1363 3260 ἑκάστου
1407 3210 1638 3278 θάνατος
1669 3214 1889 3283 λέγεται

296 3286 443 3358 ὑπὲρ
467 3290 626 3359 ἡμῶν
657 3293 1007 3362 γεγενῆσθαι,
1038 3295 1152 3349 ἀλλ’
1185 3299 1214 3351 ὁ
1253 3299 1440 3353 τούτου
1476 3303 1675 3373 μόνος;
1710 3305 1812 3359 Διά
1837 3307 1891 3360 τί

293 3379 358 3432 δὲ
383 3380 504 3432 καθ’
532 3381 760 3436 ἕκαστον
785 3384 894 3438 τῶν
925 3387 1221 3457 προφητῶν
1252 3389 1646 3461 ἐπιδημοῦντος
1670 3394 1764 3448 τοῦ
1795 3398 1892 3450 Λό-

296 3488 422 3538 γου,
451 3471 668 3540 λέγεται
694 3474 788 3526 ἐπὶ
818 3475 981 3545 μόνου
1011 3475 1107 3530 τοῦ
1139 3480 1202 3530 ἐκ
1231 3480 1474 3551 Μαρίας,
1501 3483 1576 3547 ὡς
1606 3484 1755 3550 ἅπαξ
1796 3487 1888 3540 ἐπὶ

296 3564 582 3636 συντελείᾳ
631 3566 740 3620 τῶν
799 3568 1012 3624 αἰώνων
1066 3570 1538 3643 ἐπιδημήσαντος;
1579 3578 1650 3630 Ἦ
1699 3577 1786 3632 διὰ
1812 3581 1887 3646 τί,

294 3655 473 3720 οὕτως
501 3657 748 3722 ἐλθόντος
774 3659 974 3725 αὑτοῦ,
1017 3661 1094 3725 ὠς
1132 3657 1296 3734 ἦλθεν
1341 3667 1400 3718 ἐν
1429 3669 1542 3730 τοῖς
1581 3668 1890 3742 ἔμπροσθεν

298 3745 500 3815 ἁγίοις,
534 3749 584 3800 οὶ
622 3748 724 3818 μὲν
759 3749 907 3804 ἄλλοι
958 3753 1157 3818 πάντες
1205 3754 1568 3823 ἀποθανόντες
1614 3760 1768 3815 οὔπω
1799 3765 1892 3818 ἁν-

297 3829 557 3901 ἐστησαν,
602 3833 632 3886 ό
673 3832 732 3886 δὲ
774 3835 839 3886 ἐκ
865 3836 1084 3907 Μαρίας
1126 3837 1286 3908 μόνος
1330 3840 1651 3913 ἀνέστηςἪ
1686 3845 1776 3900 διά
1812 3849 1888 3914 τί,

295 3921 502 3991 ὁμοίιος
528 3926 641 3988 τοῖς
667 3923 848 3988 ἄλλοις
869 3925 1114 3992 ἐλθόντος
1146 3928 1240 3983 τοῦ
1267 3932 1462 4001 Λόγου,
1490 3934 1702 4004 λέγεται
1730 3940 1890 4009 μόνος

293 4015 328 4065 ὁ
346 4015 413 4067 ἐκ
429 4015 649 4086 Μαρίας
673 4016 1039 4090 Ἐμμανουὴλ,
1064 4019 1140 4084 ὡς
1166 4021 1418 4093 σώματος
1457 4027 1890 4100 πεπληρωμένον

296 4106 555 4178 θεότητος
592 4108 687 4161 καὶ
734 4109 1014 4181 τεχθέντος
1054 4112 1116 4176 ἐξ
1169 4114 1372 4185 αύτῆς;
1416 4117 1489 4170 Τὸ
1532 4120 1641 4191 γὰρ
1681 4123 1894 4195 Ἐμμα-

295 4197 464 4268 νουὴλ
511 4199 891 4270 ἑρμηνεύεται,
926 4203 1064 4257 Μεθ’
1088 4204 1259 4273 ἡμῶν
1288 4209 1322 4260 ὁ
1371 4209 1532 4275 Θεός.
1567 4212 1638 4264 Ἥ
1681 4213 1770 4268 διὰ
1814 4218 1889 4282 τί,

296 4288 464 4361 εἴπερ
492 4289 665 4356 οὕτως
686 4287 870 4364 ἦλθεν,
904 4293 1176 4360 ἐσθίοντος
1205 4297 1437 4352 ἐκάστου
1462 4301 1570 4354 τῶν
1605 4305 1777 4373 ἁγίων
1799 4311 1894 4363 καὶ

1967 3206 2086 3276 .qui
2119 3215 2177 3259 ut
2208 3206 2264 3259 in
2296 3205 2538 3275 reliquos
2568 3203 2862 3274 prophetas
2883 3217 3096 3268 omnes,
3133 3203 3206 3255 ita
3237 3209 3290 3256 et
3317 3201 3369 3254 in
3405 3217 3600 3255 unum“-

1992 3299 2142 3353 illum
2190 3313 2224 3353 e
2266 3296 2435 3350 Maria
2483 3304 2673 3351 natum
2721 3295 2994 3349 hominem
3045 3292 3288 3348 divinum
3338 3291 3604 3346 Verbum-

1992 3390 2245 3459 illapsum
2281 3403 2405 3443 esse
2433 3387 2675 3443 sentiunt
2705 3403 2717 3437 :
2746 3384 2993 3454 pluribus
3032 3397 3097 3437 ea
3122 3383 3189 3437 de
3215 3396 3273 3436 re
3297 3383 3579 3451 disputare

1991 3493 2453 3548 supervacaneum
2482 3482 2604 3544 est,
2642 3476 2836 3529 horum
2874 3473 3072 3544 quippe
3101 3473 3266 3526 stulta
3305 3479 3358 3526 et
3395 3471 3578 3540 inepta

1991 3571 2274 3641 persuasio
2294 3567 2580 3625 manifeste
2599 3584 2664 3623 ac
2679 3568 2797 3623 sine
2827 3567 2940 3622 ullo
2969 3564 3186 3636 negotio
3208 3564 3575 3618 convincitur.

1992 3662 2126 3716 Nam
2158 3662 2206 3717 si
2236 3661 2304 3715 ad
2335 3675 2463 3716 eum
2495 3660 2717 3714 modum
2750 3659 2841 3714 ille
2862 3655 3164 3721 descendit,
3190 3671 3291 3711 cur
3311 3671 3342 3711 e
3368 3655 3604 3725 virgine

1996 3761 2178 3814 natus.
2203 3768 2311 3807 non
2341 3767 2406 3808 ex
2443 3751 2562 3807 viro
2593 3751 2904 3822 feminaque
2941 3756 3233 3820 susceptus
3258 3756 3363 3812 est,
3387 3763 3578 3818 quem-

1994 3845 2285 3901 admodum
2303 3843 2481 3900 sancti
2503 3858 2696 3900 omnes
2725 3843 2782 3898 in
2808 3844 2983 3899 lucem
3003 3841 3136 3898 editi
3168 3839 3422 3897 fuerunt?
3445 3840 3579 3902 Cur.

1994 3956 2119 3996 cum
2170 3939 2244 3993 ita
2273 3937 2509 3993 Verbum
2557 3938 2812 4008 illapsum
2861 3936 2955 4001 sit,
3005 3950 3117 3990 non
3145 3935 3310 3990 etiam
3354 3942 3580 3989 caetero—

1996 4046 2115 4084 rum
2152 4028 2588 4097 uniuscujusque
2628 4041 2774 4081 mors
2820 4034 3011 4080 nostra
3043 4039 3208 4079 causa
3244 4025 3468 4078 tole’rata
3494 4021 3579 4076 di-

1994 4123 2160 4184 citur,
2192 4121 2288 4175 sed
2317 4120 2479 4189 hujus
2502 4120 2766 4174 duntaxat
2808 4117 3006 4172 unius?
3049 4115 3182 4181 C‘ur,
3217 4130 3342 4170 cum
3373 4115 3426 4168 in
3469 4114 3581 4168 sin-

1994 4213 2151 4283 gulos
2185 4216 2480 4282 prophetas
2529 4209 2774 4264 divinum
2813 4225 2871 4264 se
2911 4207 3150 4263 Verbum
3198 4207 3579 4266 insinuaverit,

1996 4306 2051 4358 in
2083 4319 2149 4358 eo
2189 4303 2326 4365 solo,
2362 4301 2454 4370 qui
2493 4315 2525 4356 e
2570 4300 2738 4354 Maria
2787 4308 2950 4356 natus
2975 4307 3081 4364 est,
3125 4300 3181 4353 in
3232 4311 3582 4352 consumma-

296 4381 549 4446 πίνοντος
603 4384 698 4438 καὶ
737 4385 1037 4452 κοπιῶντος
1086 4389 1180 4442 καὶ
1214 4389 1669 4462 ἀποθνήσκοντος,
1704 4397 1765 4450 ού
1801 4398 1884 4451 λέ-

1995 4397 2143 4451 tione
2183 4394 2508 4450 szeculorum
2558 4392 2726 4448 semel
2781 4391 3067 4446 advenisse
3119 4389 3401 4445 dicitur"?
3445 4389 3578 4451 Cur,

297 4491 463 4542 γεται
492 4475 755 4541 ὡσαύτως
811 4478 1008 4532 ἐσθίων
1062 4482 1158 4534 καὶ
1200 4483 1408 4536 κοπιῶν
1451 4486 1544 4538 καὶ
1581 4488 1884 4556 ἀποθανὼν,

1998 4505 2122 4544 cum
2146 4489 2338 4543 eodem
2371 4485 2532 4540 modo
2557 4501 2616 4540 se
2641 4485 2697 4539 in
2724 4483 2874 4538 illum
2899 4483 3182 4548 infuderit,
3215 4497 3325 4553 quo
3354 4482 3409 4536 in
3433 4481 3581 4552 [πίο-

298 4564 420 4618 ἁλλ’
458 4567 548 4618 ἐπὶ
575 4567 736 4637 μόνου
763 4566 857 4621 τοῦ
887 4571 952 4623 ἐκ
978 4571 1233 4642 Megiste;
1256 4574 1323 4626 Ἃ
1357 4573 1465 4645 γὰρ
1497 4575 1703 4648 ἔπασχε
1734 4581 1884 4635 τοῦτο

2002 4597 2088 4636 res
2119 4593 2310 4634 omnes
2338 4584 2560 4632 sanctos
2584 4574 2965 4642 descenderat,
2997 4574 3192 4644 reliqui
3217 4589 3407 4628 omnes
3437 4588 3578 4626 non-

298 4655 366 4708 τὸ
392 4655 572 4726 σῶμα,
594 4658 767 4713 ταῦτα
808 4660 886 4724 ὼς
933 4662 1099 4716 αὑτοῦ
1145 4664 1444 4735 πάσχοντος
1501 4669 1730 4740 εἴρηται.
1779 4674 1884 4728 Καὶ

1996 4670 2127 4725 dum
2159 4675 2282 4739 post
2313 4676 2541 4722 mortem
2569 4671 2955 4732 surrexerunt;
2988 4665 3138 4721 solus
3187 4663 3277 4718 ille
3317 4678 3446 4718 vero
3486 4661 3580 4731 qui

299 4746 414 4800 τῶν
451 4748 626 4802 ἄλλων
655 4751 712 4804 δὲ
749 4752 967 4808 πάντων
1002 4755 1309 4826 λεγομένων
1341 4759 1518 4827 μόνον,
1544 4761 1627 4814 ὅτι
1666 4763 1884 4835 ἐτέχθη·

1995 4775 2027 4817 e
2053 4758 2223 4813 Maria
2254 4758 2470 4829 genitus
2499 4763 2604 4822 est,
2638 4755 2797 4812 tertia
2828 4755 2918 4810 die
2961 4753 3246 4811 surrexit?
3273 4752 3406 4818 Cur,
3453 4767 3580 4806 cum

301 4855 428 4903 σαν,
469 4840 562 4894 καὶ
599 4843 987 4915 ἐγεννήθησαν,
1021 4846 1114 4900 ἐπὶ
1143 4846 1237 4900 τοῦ
1283 4849 1348 4900 ἐκ
1379 4850 1597 4922 Μαρίας
1625 4851 1785 4922 μόνου
1813 4854 1884 4908 εἵ-

1995 4851 2185 4907 eadem
2219 4865 2328 4920 qua
2368 4847 2423 4904 in
2455 4857 2684 4904 caeteros
2737 4847 2950 4902 ratione
3006 4846 3248 4900 divinum
3279 4845 3412 4900 illud
3444 4843 3583 4898 Ver-

306 4947 472 5000 ρηται
490 4949 504 4962 ·
533 4933 647 4987 Καὶ
684 4937 718 4988 ὀ
744 4936 936 5004 Λόγος
964 4936 1122 5006 σὰρξ
1153 4937 1410 5007 ἐγένετο.

1998 4945 2128 5000 bum
2151 4943 2433 5012 delapsum
2459 4940 2552 5005 sit,
2587 4955 2730 4996 unus
2759 4939 2848 4994 ille
2871 4953 2936 4994 ex
2969 4937 3138 4994 Maria
3171 4945 3331 4994 natus
3361 4936 3582 4991 Emma-

307 5026 439 5080 nuel
473 5027 798 5097 appellatur,
834 5031 990 5100 quasi
1027 5046 1228 5102 corpus
1273 5034 1451 5104 ipsum
1517 5038 1801 5098 divinitate
1848 5046 2136 5114 repletum,
2188 5051 2244 5098 et
2277 5042 2346 5097 ab
2373 5055 2438 5096 ea
2475 5047 2664 5094 natum
2699 5036 3010 5094 exstiterit?
3061 5034 3198 5090 Nam
3258 5033 3579 5090 Emmanuel

304 5113 454 5168 idem
498 5115 770 5184 significat
830 5132 895 5172 ac
924 5117 1215 5175 Nobiscum
1266 5123 1427 5180 Deus.
1464 5126 1594 5192 Cur,
1631 5130 1678 5184 si
1714 5131 1780 5185 ad
1819 5113 1941 5187 eum
1982 5133 2204 5188 modum
2229 5130 2554 5194 accesserit,
2583 5143 2710 5183 cum
2752 5135 2979 5183 sanctus
3013 5126 3242 5197 quilibet
3284 5125 3584 5180 manduca-

305 5214 395 5262 ret
437 5221 502 5264 ae
563 5207 816 5278 biberet,
884 5226 1094 5267 necnon
1159 5214 1476 5286 fatigaretur
1538 5233 1603 5275 ac
1645 5233 1968 5290 moreretur,
2016 5225 2070 5279 in
2122 5227 2272 5281 nullo
2331 5233 2511 5278 tamen
2563 5220 2799 5277 Verbum
2867 5221 3048 5292 ipsum
3105 5219 3430 5284 comedisse,
3498 5220 3581 5273 la-

264 5311 276 5320 ‘
308 5301 558 5365 borasse,
593 5311 822 5356 mortem
857 5302 1093 5374 denique
1139 5303 1377 5361 subiisse
1420 5308 1641 5376 dicitur,
1681 5314 1783 5367 nisi
1834 5314 1886 5366 in
1927 5331 1992 5368 eo
2021 5315 2158 5378 solo,
2185 5330 2346 5384 quem
2380 5312 2547 5366 Maria
2578 5311 2744 5382 Virgo
2776 5311 3026 5381 peperit?
3073 5310 3206 5376 Quae
3247 5313 3391 5364 enim
3456 5324 3580 5362 cor-

310 5412 418 5468 Ρυθ
450 5397 627 5467 ipsum
683 5414 1001 5469 perpessum
1049 5410 1153 5466 εει.
1197 5402 1310 5456 haec
1359 5405 1433 5457 illi
1491 5408 1714 5475 perinde
1757 5426 1820 5463 ac
1867 5412 1912 5466 si
1976 5427 2200 5482 passum
2245 5420 2390 5467 esset
2429 5410 2764 5463 tribuuntur.
2825 5407 3018 5469 Porro,
3057 5421 3182 5461 cum
3238 5406 3304 5460 de
3363 5405 3580 5458 cancris

274 5545 277 5547 _
312 5510 498 5654 unuu;
529 5494 658 5548 illud
695 5495 895 5616 jactari
926 5497 1119 5564 soleat,
1162 5499 1456 5568 productos
1490 5502 1611 5558 illos
1655 5519 1716 5559 ac
1751 5507 1964 5577 genitos
1994 5508 2190 5572 fuisse,
2223 5507 2289 5562 de
2342 5507 2460 5562 solo
2515 5504 2699 5559 Maria:
2742 5503 2852 5559 filio
2900 5503 3102 5558 dicitur
3151 5520 3164 5555 :

308 5601 443 5640 caro
495 5595 672 5638 actum
702 5594 778 5638 est
843 5623 857 5638 .

308 5601 443 5640 caro
471 5594 672 5640 factum
702 5594 778 5638 est
815 5594 857 5638 ".

3241 5498 3310 5552 Et
3356 5498 3579 5553 Verbum

391 5721 409 5751 ⁸
437 5737 527 5787 γρ.
555 5719 819 5773 ἐσκότισε.

391 5721 409 5751 ⁸
437 5737 527 5798 γρ.
555 5720 819 5773 ἐσκότισε.
897 5721 916 5750 ³
957 5720 1162 5773 Μιειιιιι
1183 5720 1295 5774 haec
1317 5722 1385 5776 ab
1409 5723 1645 5779 editione
1669 5724 1970 5779 Athanasii.
2051 5727 2070 5757 ³
2103 5725 2205 5783 lsa.
2237 5727 2292 5793 7,
2320 5725 2422 5794 14;
2461 5724 2652 5782 Matth.
2688 5740 2728 5791 I,
2749 5725 2840 5780 23.
2917 5725 2936 5755 ⁸
2966 5723 3120 5779 Rom.
3142 5738 3217 5793 lx,
3245 5723 3294 5778 5.
3373 5724 3394 5756 ⁸
3419 5721 3578 5781 1mm.

313 5807 412 5847 xx.
437 5791 529 5846 28.
605 5791 624 5820 °
652 5789 784 5846 Luc.
819 5805 970 5847 um.
994 5791 1082 5846 45.
1157 5793 1174 5821 ⁷
1207 5791 1367 5847 llebr.
1408 5794 1587 5847 αλδ.
1664 5795 1686 5825 ⁸
1712 5793 1869 5847 Joan.
1900 5811 1937 5847 ι.
1975 5796 2059 5847 14.

313 5828 412 5860 ΑΔ.
442 5828 529 5846 ’νο

605 5791 624 5820 ⁸
652 5789 784 5846 Luc.
819 5805 970 5856 um,
994 5791 1082 5846 45.
1157 5793 1174 5821 ⁷
1207 5791 1367 5850 llebr.
1408 5794 1587 5860 ix,26.
1664 5795 1686 5825 ⁸
1712 5793 1869 5852 Joan.
1900 5811 1937 5861 ι,
1975 5796 2059 5851 14.
