3964 6402
441 312 546 370 659

1864 314 1924 374 S.
1965 312 2308 371 EPIPHANII
3577 317 3663 375 (ἱῦο

517 437 730 508 1007
769 432 906 493 XIII.
968 434 1048 491 Ex
1097 433 1299 507 quibus
1361 432 1645 492 evidenter
1703 434 2031 498 ostenditur,

2207 433 2308 487 Il".
2337 431 2430 498 Ἐξ
2475 424 2553 486 ὧν
2595 431 2888 497 δείκνυται,
2913 431 2998 485 ὅτι
3041 429 3177 503 πρὸς
3222 429 3321 501 μὲν
3357 430 3473 494 τοὺς
3507 432 3666 497 ἄλλους

445 543 570 584 cum
604 531 658 583 in
689 529 930 599 reliquos
963 511 1304 583 'vaticirrandi
1349 527 1527 582 solum
1564 526 1740 598 gratia
1779 541 1902 583 sese
1943 523 2038 582 Dei

2153 523 2349 588 πάντας
2376 523 2598 593 γέγονεν
2631 526 2660 574 ὁ
2693 525 2864 593 Λόγος
2898 524 2994 577 τοῦ
3036 521 3392 595 προφητεύειν
3427 522 3586 594 χάριν,
3617 527 3669 578 ὲκ

449 620 682 676 Verbum
718 620 998 684 infuderit,
1031 619 1174 676 idem
1215 619 1396 690 ipsum
1424 633 1456 675 e
1499 617 1670 673 Maria
1712 632 1880 673 carne
1916 632 2040 672 sus-

443 719 600 782 cepta
631 712 903 768 hominem
930 711 1217 783 prodiisse.
1256 712 1363 778 Qui
1389 722 1445 767 et
1476 718 1672 767 natura
1697 710 2038 767 substantia-

445 818 550 873 que
583 801 674 858 Dei
710 802 942 858 Verbum
970 812 1110 871 erat,
1139 811 1216 868 et,
1243 801 1388 873 quod
1417 803 1484 856 ad
1518 817 1738 858 carnem
1768 802 1981 865 attinet,
2008 815 2041 856 e

447 892 668 948 Davidis
722 896 914 967 stirpe,
964 894 1260 966 Mariaeque
1310 907 1476 948 carne
1517 902 1679 948 natus
1725 901 1810 948 est
1850 892 2036 958 homo,

445 984 904 1052 quemadmodum
952 984 1195 1041 declarat
1223 983 1517 1056 Apostolus
1543 985 1581 1038 ί.
1630 982 1786 1038 ilunc
1819 983 1874 1038 in
1917 981 2040 1038 Jor-

445 1074 623 1131 dane'
650 1083 815 1147 atque
846 1077 900 1130 in
941 1076 1154 1132 monte'
1197 1075 1358 1131 Pater
1387 1074 1782 1131 demonstravit
1806 1074 1890 1130 his
1915 1091 2040 1132 ver-

449 1165 537 1222 bis
572 1184 586 1220 :
623 1166 728 1221 Hic
758 1177 837 1222 est
870 1166 1049 1222 Filius
1083 1184 1228 1222 meus
1257 1167 1498 1232 dilectus,
1533 1168 1587 1222 in
1615 1183 1716 1238 quo
1742 1167 1872 1221 mihi
1896 1183 2038 1222 com-

447 1255 650 1326 placui.
681 1257 838 1314 Hunc
869 1259 1059 1313 Ariani
1095 1266 1314 1329 negant,
1349 1272 1451 1314 nos
1479 1257 1771 1314 adorantes
1793 1257 2039 1328 agnosci-

448 1363 596 1412 mus,
632 1364 811 1420 neque
843 1349 1040 1406 Filium
1070 1365 1102 1404 a
1141 1347 1320 1406 Verbo
1359 1363 1715 1421 separamus;
1760 1349 1855 1406 sed
1901 1347 2037 1405 Ver-

2139 616 2358 686 Μαρίας
2385 614 2549 679 αὐτὸς
2585 616 2616 669 ὁ
2639 615 2811 684 Λόγος
2842 614 3022 686 σάρκα
3065 612 3245 683 ἑαυτῷ
3279 611 3467 673 λαϐὼν,
3503 613 3674 682 προῆλ.

2141 713 2232 765 θεν
2257 711 2562 783 ἄνθρωπος,
2591 713 2657 782 τῇ
2689 710 2789 782 μὲν
2818 711 2979 780 φύσει
3007 711 3099 764 καὶ
3132 708 3200 780 τῇ
3240 709 3395 780 οὐσίᾳ
3427 710 3580 776 Λόγος
3614 709 3674 763 ὢν

2138 802 2234 857 τοῦ
2287 803 2441 870 Θεοῦ,
2471 802 2613 857 κατὰ
2651 802 2707 858 δὲ
2748 802 2928 874 σάρκα
2971 801 3038 856 ὲκ
3071 801 3378 873 σπέρματος
3406 800 3572 860 Δασὶδ,
3599 801 3678 854 καὶ

2137 893 2238 965 τῆς
2257 893 2458 965 σαρκὸς
2489 893 2708 964 Μαρίας
2735 894 3028 963 γενόμενος
3057 890 3360 961 ἅνθρωπος,
3387 890 3459 954 ὡς
3491 887 3623 944 εἶπεν
3655 894 3678 946 ὁ

2139 984 2370 1049 Παῦλος.
2404 983 2606 1040 Τοῦτον
2636 985 2732 1039 καὶ⁵
2777 987 2806 1038 ὁ
2838 985 3028 1056 Πατὴρ
3060 983 3332 1038 ἐδείκνυεν
3374 983 3431 1036 ὲν
3472 983 3543 1052 τῷ
3567 983 3678 1053 Ἰορ-

2138 1077 2274 1151 δάνῃ
2326 1076 2420 1131 καὶ
2450 1077 2508 1130 ὲν
2548 1075 2628 1147 τῷ
2666 1077 2807 1148 ὄρει,
2857 1075 3064 1146 λέγων’
3111 1070 3301 1140 οὗτός
3325 1074 3488 1128 ἐστιν
3517 1077 3548 1128 ό
3573 1077 3681 1140 Υἱός

2133 1185 2254 1238 μου
2286 1170 2320 1222 ὁ
2358 1167 2699 1237 ἀγαπητὸς,
2725 1167 2795 1220 ἐν
2838 1159 2887 1233 ᾧ
2926 1165 3261 1234 ηὐδόκησα.
3311 1164 3506 1220 Τοῦτον
3530 1165 3574 1218 oi
3601 1166 3681 1236 μὲν

2152 1257 2420 1328 ’Δρειανοὶ
2447 1258 2777 1329 ἠρνήσαντο,
2808 1257 2968 1328 ἡμεῖς
2995 1257 3053 1310 δὲ
3091 1255 3517 1327 ἑπιγινώσκομεν
3542 1274 3684 1327 προσ-

2139 1347 2448 1413 κυνοῦντες·
2466 1349 2527 1403 οὑ
2546 1347 2879 1419 διαιροῦντες
2900 1348 2990 1402 τὸν
3015 1348 3135 1402 Υίδν
3158 1349 3254 1402 καὶ
3277 1348 3369 1401 τὸν
3393 1349 3572 1417 Λόγον,
3591 1345 3682 1401 ἀλλ’

449 1439 580 1495 bum
613 1440 791 1512 ipsum
815 1440 1012 1498 Filium
1038 1457 1162 1498 esse
1188 1442 1533 1507 conﬁtemur,
1552 1454 1648 1512 per
1661 1456 1823 1513 quem
1853 1441 2036 1496 omnia

2153 1441 2302 1496 ιὺτὺν
2321 1441 2412 1495 τὸν
2435 1440 2607 1510 Λόγον
2626 1440 2826 1506 εἰδότες
2849 1435 2989 1496 εἶναι
3016 1440 3109 1494 τὸν
3128 1439 3274 1504 Υίδν,
3290 1440 3358 1494 δι’
3373 1434 3431 1494 οῦ
3451 1439 3516 1493 τὰ
3537 1441 3687 1494 πάντα

449 1527 594 1585 facta
640 1539 792 1596 sunt,
841 1547 1053 1602 nosque
1097 1529 1233 1586 adeo
1287 1531 1393 1603 ipsi
1427 1531 1660 1588 liberati.
1712 1530 1865 1586 Unde
1904 1531 2036 1585 illud

2153 1533 2330 1603 γέγονε
2380 1534 2477 1588 καὶ
2505 1535 2666 1606 ἡμεῖς
2689 1531 3160 1604 ἠλευθερώθημεν.
3187 1534 3280 1586 Διὸ
3306 1533 3397 1586 καὶ
3413 1531 3689 1603 ἐθαυμάσα-

450 1615 778 1692 magnOpere
810 1621 1065 1678 demirati
1102 1637 1316 1686 sumus,
1347 1621 1624 1693 quomodo
1649 1622 1733 1679 vel
1760 1621 2037 1677 levissima

2153 1642 2264 1695 μεν,
2305 1625 2422 1690 πῶς
2457 1625 2594 1689 ὅλως
2641 1625 2700 1678 ὲν
2755 1625 2887 1695 ἡμῖν
2913 1624 3044 1696 περὶ
3095 1623 3302 1678 τούτων
3336 1623 3504 1688 οὕτως
3529 1624 3689 1693 γέγονε

449 1709 593 1766 inter
613 1725 716 1768 nos
743 1725 808 1768 ea
831 1710 898 1767 de
935 1727 994 1768 re
1020 1712 1394 1768 controversia
1423 1711 1628 1768 moveri
1658 1713 1914 1784 potuerit.
1941 1710 2038 1767 Ve-

2153 1717 2458 1783 ριλονεικία.
2506 1715 2665 1772 Ἀλλὰ
2707 1715 2868 1787 χάρις
2906 1715 2984 1787 τῷ
3029 1715 3170 1788 Θεῷ,
3216 1716 3340 1771 ὅσον
3380 1715 3690 1787 ὲλυπήθημεν

450 1817 573 1858 rum
617 1803 883 1860 habendae
927 1802 1037 1860 Deo
1067 1806 1257 1875 gratia:
1287 1811 1438 1871 sunt,
1477 1804 1646 1875 quod,
1678 1811 1940 1874 quantum
1970 1819 2038 1859 ex

2153 1806 2560 1879 ἐντυγχάνοντες
2585 1810 2698 1871 τοῖς
2740 1808 3116 1879 ὑπομνήμασι,
3159 1806 3412 1861 τοσοῦτον
3448 1806 3691 1877 ἐχάρημεν

452 1893 674 1949 illorum
693 1896 1212 1952 commentariorum
1237 1897 1471 1952 lectione
1496 1896 1750 1951 maeroris
1767 1895 2035 1964 cepimus,

452 1995 668 2042 tantum
712 1987 876 2044 nobis
910 1989 1225 2045 earumdem
1269 1987 1395 2044 ﬁnis
1440 1987 1737 2058 voluptatis
1776 1987 2037 2043 attulerit.

454 2077 737 2150 Siquidem
771 2087 961 2134 mutua
985 2094 1110 2136 eum
1147 2079 1442 2136 concordia
1472 2079 1866 2143 discesserunt,
1891 2094 2039 2133 eam-

452 2168 687 2243 demque
719 2171 844 2227 ﬁdei
873 2171 1249 2229 sinceritatem
1287 2187 1354 2228 ac
1385 2171 1639 2243 pietatem
1679 2171 1910 2243 professi
1944 2187 2042 2242 pa-

453 2275 574 2318 cem
600 2263 964 2319 retinuerunt.
991 2261 1124 2332 Qua:
1151 2278 1239 2318 me
1269 2278 1358 2319 res
1385 2262 1730 2333 potissimum
1761 2269 1886 2332 post
1912 2262 2040 2316 diu-

454 2361 671 2408 turnam
702 2353 1154 2410 deliberationem
1187 2353 1422 2425 impulit,
1459 2365 1514 2409 ut
1567 2353 1680 2408 lucc
1717 2368 1892 2424 pauca
1919 2369 2042 2423 per.

453 2443 788 2512 scriberem;
830 2446 1058 2503 verebar
1099 2445 1268 2514 enim,
1311 2460 1382 2502 ne
1423 2445 1517 2517 qui
1568 2445 1728 2502 nobis
1771 2446 2043 2517 gaudendi

453 2535 742 2592 materiam
787 2538 1155 2595 consensione
1196 2552 1296 2594 sua
1347 2537 1732 2608 praebuissent,
1775 2538 1843 2593 iis
1874 2537 2043 2594 silen-

454 2627 590 2682 tium
645 2637 897 2686 nostrum
956 2645 1056 2700 pro
1109 2628 1295 2683 laetitia
1349 2628 1594 2684 dolorem
1647 2629 2040 2685 conscisceret.

455 2715 821 2783 Quamobrem
868 2733 994 2774 cum
1039 2733 1070 2772 a
1111 2725 1166 2774 te
1202 2718 1367 2774 etiam
1407 2728 1569 2788 atque
1605 2719 1768 2774 etiam
1802 2718 2040 2788 postulo,

457 2816 574 2863 tum
610 2823 706 2864 eos
734 2808 825 2878 qui
868 2809 984 2864 haec
1010 2808 1234 2863 audient
1273 2817 1493 2880 rogatos
1527 2809 1818 2865 admodum
1853 2811 2039 2882 cupio,

459 2906 517 2953 ut
537 2914 601 2954 ea
631 2899 846 2955 sincera
870 2915 993 2955 eum
1019 2900 1354 2956 conscientia
1384 2901 1708 2971 percipiant.
1733 2902 1810 2957 Ac
1833 2903 1878 2958 si
1907 2904 2040 2974 quid

458 2990 525 3046 ad
551 2991 805 3060 pietatem
839 2991 1014 3055 deest,
1045 2990 1336 3047 emendare
1374 3005 1439 3048 ac
1465 2992 1776 3063 signiﬁcare
1810 2996 1942 3050 mihi
1972 3012 2040 3054 ne

2143 1900 2236 1952 ἐπὶ
2264 1899 2342 1970 τῷ
2377 1899 2521 1953 τέλει
2552 1899 2778 1953 τούτων.
2827 1900 2984 1953 Μετὰ
3011 1899 3121 1971 γὰρ
3157 1897 3476 1970 συμφωνίας
3518 1895 3692 1966 ἀνεχώ-

2148 2008 2342 2063 ρησαν,
2377 1991 2472 2045 καὶ
2500 1992 2820 2063 είρήνευσαν
2851 1992 2946 2045 ἐπὶ
2964 1994 3032 2062 τῇ
3057 1991 3318 2063 ὁμολογίᾳ
3340 1992 3442 2061 τῆς
3472 1990 3692 2054 εὐσεεοῦς

2145 2085 2241 2138 καὶ
2265 2082 2545 2155 ὀρθοδὸξου
2577 2084 2831 2147 πίστεως.
2862 2081 3034 2138 Τοῦτο
3056 2082 3188 2154 γοῦν
3225 2084 3374 2154 κάμὲ
3405 2082 3568 2136 πολλὰ
3588 2080 3698 2152 πρό·

2145 2192 2302 2248 τερον
2328 2175 2668 2248 σκεψάμενον
2718 2177 2987 2247 πεποίηκε
3007 2176 3216 2247 γράψαι
3249 2175 3317 2231 τὰ
3355 2175 3507 2245 ὀλίγα
3530 2173 3698 2238 ταῦτα,

2143 2268 2521 2340 λογισάμενον,
2557 2267 2636 2341 μὴ
2662 2267 2770 2340 ἄρα
2799 2269 2863 2322 ιιι
2882 2268 2983 2339 τῆς
3004 2267 3214 2338 σιωπῆς
3237 2267 3364 2322 ἀντὶ
3386 2267 3555 2337 χαρᾶς
3579 2264 3697 2334 λύπη

2144 2359 2369 2430 γένηται
2408 2361 2522 2424 τοῖς
2559 2359 2627 2414 ὲκ
2667 2360 2767 2430 τῆς
2819 2358 3138 2429 συμφωνίας
3166 2359 3442 2429 πρόφασιν
3479 2355 3567 2411 τοῦ
3601 2355 3701 2426 χαί-

2147 2466 2261 2520 ρειν
2290 2449 2664 2521 παρασχοῦσιν
2693 2451 2845 2522 ἡμῖν.
2884 2449 3046 2516 Ἀξιῶ
3079 2449 3260 2503 τοίνυν
3306 2447 3703 2521 προηγουμένως

2143 2539 2244 2612 τὴν
2271 2541 2371 2612 σὴν
2385 2540 2694 2605 εὐλάϐειαν,
2710 2541 2805 2597 καὶ
2829 2540 3080 2612 δεύτερον
3099 2542 3225 2606 τοὺς
3249 2540 3548 2602 ἀκούοντας
3589 2535 3705 2608 μετὰ

2150 2633 2508 2706 συνειδήσεως
2555 2633 2769 2704 ἀγαθῆς
2821 2633 2996 2688 ταῦτα
3044 2631 3339 2699 δέξασθαι,
3397 2633 3489 2686 καὶ
3532 2631 3579 2683 εί
3625 2627 3706 2698 μὲν

2149 2726 2284 2798 πρὸς
2314 2725 2596 2781 εὐσέϐειαν
2629 2726 2809 2782 λείπει
2849 2727 3028 2791 τοῦτο,
3068 2722 3468 2796 διορθώσασθαι
3521 2722 3608 2776 καὶ
3627 2721 3707 2789 δη-

2147 2817 2318 2872 λῶσαί
2366 2835 2486 2890 μοι·
2533 2819 2582 2871 εί
2625 2819 2684 2872 δὲ
2732 2819 2808 2884 ὡς
2835 2820 2988 2890 παρὰ
3036 2818 3247 2872 ἰδιώτου
3292 2816 3555 2887 τῷλόγῳ,
3595 2811 3708 2883 μηδὲ

2147 2910 2270 2966 κατ’
2296 2911 2473 2978 ἀξίαν,
2495 2911 2630 2983 μηδὲ
2653 2912 2877 2976 τελείως
2907 2911 3238 2982 γέγραπται,
3269 2909 3573 2979 συγγνῶναι
3598 2906 3712 2960 πάν-

2146 3019 2245 3067 τας
2280 3005 2348 3074 τῇ
2385 3003 2634 3076 ἡμετέρᾳ
2676 3005 2806 3075 περὶ
2836 3004 2899 3058 τὸ
2919 3003 3100 3072 λέγειν
3129 3001 3408 3071 ἀσθενείᾳ.
3440 2998 3708 3071 Ἔρρωσθε.

458 3090 756 3151 graventur
783 3102 796 3138 :
826 3083 972 3152 quod
1007 3084 1054 3140 si
1113 3084 1296 3140 minus
1363 3100 1464 3158 pro
1507 3085 1584 3140 rei
1630 3085 1897 3159 dignitate
1948 3092 2212 3164 perfecta,
2251 3105 2440 3168 utpote
2469 3097 2624 3154 rudis
2661 3107 2827 3167 atque
2877 3097 3116 3167 imperiti
3179 3085 3715 3168 hominisfvideatur

458 3173 676 3238 oratio,
733 3173 971 3245 idipsum
1029 3173 1276 3230 infantiae
1331 3175 1803 3248 imbecillitatique
1856 3190 2061 3238 nosua:
2087 3185 2510 3264 condonaudum
2538 3187 2874 3243 existiment.
2909 3185 3120 3245 Valete.

529 3264 810 3322 Hactenus
837 3266 1124 3322 Athanasii
1164 3267 1418 3337 epistola.

527 3356 670 3411 XIV.
705 3358 841 3412 Cum
877 3360 1041 3430 igitur
1077 3359 1195 3415 haec
1235 3375 1266 3415 a
1315 3360 1474 3416 nobis
1515 3359 1780 3432 producta
1820 3363 1892 3420 sit
1939 3364 2056 3435 cpi-

461 3453 630 3517 stola,
664 3466 728 3506 ae
773 3467 878 3507 non
928 3451 1092 3506 modo
1139 3468 1206 3508 ex
1245 3452 1313 3510 iis
1357 3468 1478 3524 qum
1523 3452 1608 3508 vel
1641 3454 1848 3512 abillis
1875 3457 1957 3510 vel
1987 3456 2055 3511 ab

461 3543 584 3599 aliis
612 3543 943 3608 audivimus,
976 3545 1316 3601 utadvcrsus
1343 3560 1438 3600 eos
1467 3545 1856 3611 scriberemus,
1894 3546 2054 3602 indu-

462 3636 533 3688 cti
563 3636 738 3690 simus
761 3676 775 3698 .
809 3635 904 3692 sed
944 3644 999 3691 et
1043 3635 1268 3690 aliunde
1289 3635 1510 3706 planum
1553 3635 1756 3692 factum
1796 3638 1888 3700 sit,
1919 3638 2054 3691 nihil

463 3742 567 3785 nos
600 3729 656 3781 in
687 3729 836 3794 ipsos
875 3727 1216 3785 calumniose
1260 3727 1563 3784 contulisse
1596 3728 1894 3798 :deiuccps
1932 3745 2057 3786 sus.

464 3828 680 3889 ceptam
728 3819 784 3873 in
823 3819 948 3874 illos
987 3818 1414 3888 disputationem
1457 3826 1720 3888 repetam,
1756 3836 1825 3874 ne
1861 3822 1944 3875 vel
1975 3832 2055 3876 te-

464 3910 791 3966 nuissimam
827 3909 893 3964 de
935 3909 1095 3964 nobis
1142 3909 1432 3964 calumniae
1475 3917 1668 3964 contra
1715 3909 1911 3966 fratres
1959 3927 2056 3967 no-

466 4010 614 4058 stros
647 4001 1013 4070 suspicionem
1061 4001 1387 4071 relinquam.
1437 4002 1760 4072 Quanquam
1801 4005 2053 4073 equidem

469 4091 573 4147 hoc
611 4094 854 4163 ipsorum
903 4109 1069 4151 causa
1126 4096 1425 4152 etiamnum
1485 4114 1698 4169 precor,
1738 4100 1954 4172 1008
1995 4110 2056 4156 ut

465 4186 876 4258 quaemolestia'
905 4188 1154 4244 nonnihil
1204 4189 1364 4244 nobis
1413 4191 1715 4256 attulerint,
1762 4194 2056 4263 aliquando

466 4277 767 4349 corrigam,
811 4293 880 4334 ne
919 4288 971 4334 et
1011 4279 1088 4334 illi
1148 4280 1325 4336 nostri
1372 4290 1427 4337 et
1466 4282 1683 4338 illorum
1731 4300 1833 4342 nos
1876 4285 2058 4356 jactu-

467 4383 584 4424 ram
623 4369 908 4427 Iaciamus.
961 4370 1074 4430 Hoc
1119 4373 1265 4429 enim
1312 4388 1689 4444 saepenumero
1714 4392 1811 4447 per
1849 4376 2055 4447 legatos

2080 3278 2126 3340 C
2229 3276 2619 3349 Πεπλήρωται.

2226 3368 2324 3424 1Δ’.
2373 3370 2526 3424 Ἐπεὶ
2550 3365 2644 3422 οὖν
2678 3370 2827 3440 καὶὴ
2856 3369 3114 3440 ἐπιστολὴ
3142 3369 3381 3440 ἑνετάγη
3399 3409 3414 3434 ,
3452 3369 3544 3424 καὶ
3565 3366 3620 3422 οὐ
3644 3366 3714 3438 μό·

2154 3474 2245 3512 νον
2302 3460 2362 3527 ἐξ
2408 3452 2484 3515 ὧν
2519 3461 2646 3532 παρ’
2679 3460 2859 3515 αὐτῶν
2891 3460 3225 3533 ἠκούσαμεν,
3255 3461 3290 3533 ἢ
3345 3465 3482 3535 παρ’
3522 3459 3714 3532 ἑτέρων,

2155 3551 2297 3606 κατὰ
2340 3552 2449 3608 τῶν
2487 3553 2795 3624 λεγομένων
2837 3553 3178 3625 ὡρμήσαμεν
3200 3554 3417 3624 γράψαι
3440 3594 3455 3620 ,
3485 3553 3611 3608 ἀλλὰ
3643 3549 3718 3604 καὶ

2156 3645 2290 3698 πᾶσι
2320 3644 2553 3716 φανερὸν
2578 3645 2838 3716 κατέστη,
2866 3647 2948 3700 ὅτι
2975 3646 3166 3702 οὐδένα
3193 3647 3716 3716 ἑσυκοφαντήσαμεν·

2156 3735 2284 3803 ἑξῆς
2323 3735 2382 3788 δὲ
2428 3736 2762 3808 ἐπιλήψομαι
2790 3738 2891 3808 τῆς
2930 3737 3050 3794 κατ’
3080 3738 3262 3794 αὐτῶν
3298 3739 3622 3799 ὑποθέσεως,
3648 3734 3718 3786 ἵνα

2155 3829 2222 3882 ὲκ
2247 3828 2580 3899 πανταχόθεν
2626 3829 2700 3900 μὴ
2724 3829 3129 3902 ὑπληφθῶμὲν
3168 3847 3310 3884 τισιν
3363 3832 3441 3895 ὡς
3485 3840 3718 3896 συκοφαν-

2156 3919 2374 3984 τοῦντες
2399 3921 2527 3984 τοὺς
2554 3921 2860 3992 ἡμετέρους
2893 3921 3177 3990 ἀδελφούς.
3213 3922 3411 3976 Καίτοι
3441 3939 3503 3992 γε
3525 3921 3718 3990 εὐχύμε·

2156 4030 2245 4078 νος
2275 4013 2459 4077 αὐτοῖς
2484 4013 2578 4066 καὶ
2609 4013 2688 4077 εἰς
2718 4012 2876 4084 δεῦρο
2903 4013 3192 4085 διορθῶσαι
3221 4018 3291 4068 τὰ
3317 4013 3578 4069 δοκοῦντα
3598 4010 3720 4082 ἡμᾶς

2155 4104 2368 4172 λυπεῖν,
2403 4106 2490 4158 ἵνα
2523 4105 2600 4176 μὴ
2647 4105 2803 4158 αὐτοὶ
2835 4107 2985 4176 ἡμᾶς
3030 4106 3375 4178 ζημιωθῶσι,
3428 4107 3560 4178 μηδὲ
3586 4103 3720 4175 ἡμεῖς

2157 4197 2376 4262 αὐτούς.
2433 4197 2700 4262 Πολλάκις
2746 4198 2857 4269 γὰρ
2904 4198 3063 4252 τοῦτο
3117 4198 3596 4268 ἐπρεσϐεύσαμεν,
3642 4191 3720 4244 καὶ

2158 4287 2635 4360 παρεκαλέσαμεν,
2677 4289 2774 4344 κα)⁸
2817 4287 2898 4343 ἐτι
2935 4288 3271 4359 ὲπιμένομεν
3304 4283 3720 4359 παρακαλοῦντες

2159 4373 2288 4450 ἆραι
2317 4378 2416 4451 τὴν
2447 4380 2800 4450 φιλονεικίαν,
2826 4379 2922 4435 καὶ
2958 4379 3324 4450 ἀκολουθῆσαι
3368 4380 3449 4452 τῷ
3480 4379 3580 4433 τῶν
3602 4377 3718 4429 ἁπο-

469 4458 537 4514 ab
565 4459 633 4516 iis
668 4462 1067 4534 postulavimus
1100 4463 1412 4536 hortatique
1443 4481 1655 4531 sumus,
1685 4475 1740 4522 et
1779 4467 1924 4523 idem
1951 4468 2047 4522 im-

2156 4470 2377 4536 στόλων,
2407 4473 2499 4526 καὶ
2527 4473 2950 4541 εὐαγγελιστῶν,
2985 4475 3080 4528 καὶ
3104 4473 3366 4544 Πατέρων
3391 4475 3521 4542 θείῳ
3540 4465 3720 4536 θεσμῷ.

470 4563 684 4620 petrare
719 4554 884 4610 modo
917 4553 1222 4623 studemus,
1253 4566 1331 4623 ut,
1359 4558 1506 4615 omni
1543 4559 1896 4618 contentione
1926 4560 2057 4616 sub-

471 4644 600 4712 lata,
632 4646 1029 4715 apostolorum,
1055 4649 1514 4726 evangelistarum
1561 4665 1626 4706 ac
1655 4647 1880 4708 Patrum
1911 4651 2056 4708 divi-

2163 4561 2260 4616 ml.
2305 4564 2567 4636 ὁμολογίᾳ
2616 4565 2718 4636 τῆς
2768 4565 3004 4630 πίστεως
3065 4566 3167 4636 τῆς
3231 4564 3598 4635 ἀπεριέργου,
3648 4556 3737 4610 καῖ’

2163 4653 2408 4725 ἑδραίας,
2433 4655 2528 4709 καὶ
2548 4656 2973 4727 ἁμετακινήτου,
2997 4657 3092 4710 καί⁹
3110 4656 3459 4724 δικαιοτάτης
3485 4655 3540 4706 ὲν
3566 4654 3722 4706 πᾶσιν·

472 4739 558 4794 nis
612 4742 990 4801 sanctionibus
1045 4743 1328 4811 insistant,
1375 4760 1441 4802 ac
1485 4747 1734 4814 sincerze,
1777 4747 1989 4813 solidae,
2055 4748 2397 4806 inconcussas
2444 4758 2494 4811 et
2575 4752 2935 4824 undecunque
2991 4752 3312 4823 justissima:
3357 4751 3483 4806 ﬁdei
3537 4742 3722 4819 proles-

473 4829 684 4886 sionem
715 4842 1066 4890 conservent.

543 4921 810 4978 Caeterum
851 4926 1076 4982 memini
1123 4926 1228 4984 hoc
1275 4941 1306 4984 ιι
1361 4928 1689 5002 quibusdam
1727 4946 1794 4987 ex
1843 4931 2061 4987 illorum

475 5025 636 5082 grege
665 5013 846 5069 minus
872 5031 994 5076 esse
1019 5029 1303 5074 narratum
1334 5039 1348 5076 ;
1382 5039 1402 5072 ι
1439 5020 1719 5078 Christum
1768 5021 2058 5079 Dominum

476 5118 588 5160 non
616 5102 758 5158 hanc
786 5114 1029 5162 nostram
1057 5111 1424 5181 assumpsisse
1449 5127 1696 5178 carnem,
1725 5113 1824 5169 sed
1855 5113 2058 5170 diversi

474 5195 692 5268 generis
729 5195 912 5250 aliam.
951 5215 970 5248 ι
996 5198 1154 5264 Quod
1207 5204 1416 5258 utinam
1465 5219 1531 5260 ex
1559 5204 1756 5259 aﬁ‘eetu
1802 5205 2059 5260 laudandi

477 5283 894 5356 honorandique
918 5285 1210 5355 jactarent.
1240 5289 1374 5345 Nam
1413 5301 1468 5348 et
1509 5308 1610 5348 nos
1641 5302 1894 5350 sanctum
1923 5292 2057 5349 illud

476 5391 601 5432 esse
642 5389 845 5446 corpus
899 5376 1278 5447 illibatumque
1329 5380 1604 5450 dicimus,
1664 5384 1865 5454 quippe
1910 5383 2058 5453 quod

477 5467 688 5528 nullum
733 5482 979 5541 unquam
1027 5477 1312 5540 peccatum
1341 5474 1652 5542 commisit,
1702 5491 1802 5531 nec
1847 5477 1902 5531 in
1940 5475 2060 5548 ejus

555 5709 575 5746 ⁸
613 5707 765 5772 Rom.
803 5731 842 5780 t.
871 5714 924 5772 3.
1003 5716 1021 5744 '
1049 5710 1243 5768 Matth.
1278 5729 1362 5778 ιιι,
1397 5713 1483 5768 l7.

1578 5719 1595 5749 ³
1618 5716 1812 5772 Μίιιιιι.
1851 5737 1960 5774 λνι.
1987 5725 2040 5779 5.

430 5827 488 5862 ig,

796 5913 862 5992 τε

2241 4927 2424 4981 ’Ἄλλοι
2451 4926 2510 4980 δὲ
2537 4927 2617 4989 εἰς
2646 4926 2808 4998 ἡμῶν
2851 4919 2966 4981 ὦτα
3004 4926 3315 4997 εἰρήκασιν,
3345 4927 3431 4980 ὅτι
3463 4945 3482 4977 ι
3518 4925 3588 4979 οὗ
3615 4921 3724 4976 sati-

2167 5036 2266 5090 την
2296 5017 2394 5091 τὴν
2432 5017 2709 5089 ἡμετέραν
2753 5017 2952 5087 σάρκα,
2998 5015 3120 5068 οὐδὲ
3159 5014 3349 5082 ὁμοίαν
3390 5013 3546 5084 ἡμῶν
3581 5008 3727 5063 ἐλθὼν

2167 5109 2357 5164 ἔλασεν
2384 5111 2414 5163 ὁ
2442 5109 2666 5180 Κύριος,
2689 5107 2824 5163 ἀλλὰ
2851 5105 3018 5176 ἄλλην
3051 5105 3206 5176 παρὰ
3239 5105 3340 5177 τὴν
3363 5105 3543 5176 ἡμῶν.
3583 5121 3600 5153 ›
3636 5098 3725 5152 Καὶ

2168 5201 2279 5258 εἴθε
2309 5201 2450 5255 κατὰ
2477 5200 2789 5269 δοξολογίαν
2830 5199 3015 5267 ἔλεγον
3055 5199 3149 5252 καὶ
3190 5197 3330 5252 κατά
3365 5195 3602 5250 ἔπαινον.
3634 5192 3725 5245 Καὶ

2167 5293 2323 5347 αὐτοὶ
2343 5293 2452 5364 γάρ
2485 5310 2666 5364 φαμεν
2695 5292 2851 5361 ἅγιον
2873 5287 3014 5345 εἶναι
3045 5292 3106 5344 τὸ
3137 5289 3297 5361 σῶμα
3329 5291 3423 5342 καὶ
3455 5289 3723 5358 ἄχραντον·

2167 5383 2443 5454 ἁμαρτίαν
2483 5383 2590 5454 γάρ
2639 5383 2740 5436 οὐκ
2787 5380 3043 5452 ἐποίησεν
3066 5397 3078 5410 ·
3129 5378 3249 5432 οὐδὲ
3284 5376 3483 5449 εὑρέθη
3516 5374 3651 5435 δόλος
3679 5372 3728 5422 ἐν

2172 5475 2399 5548 στόματι
2429 5473 2614 5532 αὑτοῦ.
2646 5475 2756 5530 Καὶ
2797 5473 2958 5528 παντί
3011 5488 3088 5544 τῳ
3136 5469 3298 5542 δῆλον
3341 5471 3462 5523 ἐστι
3493 5465 3641 5521 τοῦτο
3664 5456 3727 5529 τῷ
