3964 6412
236 332 340 389 661

848 332 1218 391 ADVERSUS
1256 335 1601 392 [LERESES
1640 335 1773 391 LIB.
1816 335 1901 392 III.
1946 335 2111 394 ΤΟΜ.
2151 338 2215 393 11.
2242 369 2309 380 —
2341 338 2611 394 ll/ERES.
2653 337 2912 396 LXXVII.

3411 345 3516 402 662

227 453 472 517 εὐσεϐῶς
501 456 629 526 περὶ
659 454 894 526 Χριστοῦ
927 455 1138 524 λέγοντι
1181 456 1274 510 καὶ
1309 455 1540 512 νοοῦντι.
1568 459 1582 488 ¹
1623 457 1812 530 Ἡμεῖς

1921 475 2013 515 ore
2038 459 2200 515 dolus
2231 459 2486 515 inventus
2518 468 2603 516 est
2632 461 2653 493 ³
2679 478 2693 516 :
2725 461 2872 531 quod
2921 461 3142 532 quidem
3194 477 3355 518 neruo
3399 479 3508 520 non

227 547 287 601 δὲ
319 548 368 601 εί
400 547 498 601 καὶ
523 546 656 600 αὐτὸ
683 546 744 599 τὺ
791 544 954 616 σῶμα
985 545 1238 616 λέγομεν,
1273 547 1412 619 ὅπερ
1446 547 1542 600 καὶ
1598 548 1730 602 αὐτὸ
1767 547 1814 602 τί

1925 554 2198 624 intelligit,
2227 553 2322 624 qui
2352 554 2420 610 de
2463 554 2682 610 Christo
2713 556 2801 626 pie
2844 557 3163 627 proﬁteatur
3194 571 3258 612 ac
3291 558 3509 613 sentiat-

233 640 389 713 ἡμῶν
410 639 601 710 εἴληφε
625 640 756 711 παρ’
787 638 936 707 αὐτῷ
965 639 1027 693 τὸ
1053 639 1323 710 ἄχραντον
1347 639 1512 694 αὑτοῦ
1542 639 1723 712 σῶμα,
1757 642 1816 696 ὲν

231 736 364 805 ἡμῖν
386 735 499 797 τοίς
521 727 1072 802 πεπλημμεληκόσιν,
1095 731 1155 784 οὐ
1177 729 1266 784 διὰ
1289 730 1351 784 τὸ
1378 729 1659 801 ἀλλότριον
1683 728 1823 786 εἶναι

227 825 291 878 τὸ
322 823 504 894 σῶμα,
529 821 624 876 καὶ
651 819 941 876 ἀλλόκοτον
986 821 1048 873 τὸ
1096 820 1319 883 ὑποδεὲς
1369 821 1462 874 καὶ
1501 819 1819 891 ἠλαττωμέ-

227 932 339 976 νον,
379 912 517 967 me
545 911 634 965 διὰ
677 912 746 965 τὰ
779 911 936 983 ἡμῶν
970 912 1341 982 ἁμαρτήματα
1386 911 1481 964 καὶ
1512 913 1815 983 παραπτώ-

229 1022 400 1076 ματα,
424 1003 614 1058 τούτου
657 1002 840 1058 ἕνεκα.
899 1003 973 1056 Οὐ
1013 1002 1122 1074 γὰρ
1174 1001 1302 1054 ἄλλο
1325 1000 1485 1072 σῶμα
1528 1004 1556 1056 ὁ
1609 1003 1814 1074 Κύριος

225 1093 411 1159 ἔλαϐε,
437 1093 530 1148 καὶ
555 1091 687 1146 ἄλλο
716 1093 878 1162 ἡμεῖς
916 1091 1134 1162 ἔχομεν,
1157 1090 1270 1144 ἀλλ’
1302 1091 1434 1145 αὐτὸ
1468 1091 1530 1145 τὸ
1572 1093 1732 1164 σῶμα
1757 1095 1816 1149 ὲν

224 1185 378 1256 αὐτῷ
401 1183 816 1255 πεφυλαγμένον
844 1184 938 1237 καὶ
967 1184 1236 1254 ἄχραντον
1255 1183 1742 1256 διατετηρημένον.

1924 644 2124 700 Verum
2155 646 2262 700 etsi
2295 660 2494 716 purum
2537 647 2920 718 integrumque
2957 664 3158 719 corpus
3186 650 3333 705 illius
3367 651 3510 718 quod

1915 736 2242 806 assumpsit,
2277 735 2419 791 idem
2446 751 2570 791 esse
2594 751 2718 790 cum
2748 745 2939 792 nostro
2974 737 3261 806 fateamur,
3292 746 3380 794 est
3407 739 3512 801 hoc

1915 825 2094 895 ipsum
2143 834 2324 882 tamen
2375 827 2431 881 in
2490 827 2669 895 nobis,
2716 827 2810 898 qui
2861 829 3081 900 quidem
3136 830 3509 900 peccavimus,

1917 918 2232 973 conditione
2259 933 2325 973 ac
2365 919 2635 990 dignitate
2668 921 2900 974 multum
2935 921 3188 988 inferius,
3229 937 3338 976 non
3367 921 3510 994 quod

1918 1009 2156 1065 alienum
2181 1011 2251 1065 ab
2282 1011 2378 1067 illo
2408 1012 2481 1068 sit
2523 1023 2577 1068 et
2619 1012 2947 1076 abhorrens,
2975 1013 3070 1069 sed
3110 1014 3254 1084 quod
3288 1021 3513 1084 peccata

1919 1108 2049 1154 sunt
2094 1115 2127 1154 a
2179 1102 2336 1157 nobis
2383 1103 2693 1175 delictaque
2743 1105 3142 1174 quamplurima
3193 1106 3508 1160 commissa.

1917 1189 2100 1257 Quare
2123 1207 2233 1247 non
2261 1193 2411 1248 aliud
2441 1209 2510 1249 ac
2537 1211 2642 1251 nos
2684 1195 2952 1252 habemus
2982 1211 3013 1248 a
3060 1195 3284 1251 Christo
3311 1209 3512 1264 corpus

223 1285 568 1348 assumptum
592 1283 675 1332 est
701 1291 716 1341 ;
745 1275 840 1330 sed
876 1274 1018 1330 idem
1053 1274 1278 1330 omnino
1301 1289 1506 1345 corpus
1530 1283 1637 1334 est.
1669 1276 1815 1347 quod
1854 1279 1907 1336 in
1951 1283 2044 1339 illo
2078 1292 2358 1340 servatum
2421 1295 2476 1342 et
2509 1285 2579 1341 ab
2611 1286 2764 1340 omni
2794 1287 3120 1358 contagione
3176 1286 3510 1342 vindicatum

223 1379 328 1429 est.

296 1465 398 1522 lE’.
434 1466 616 1521 ’Δλλοι
652 1465 710 1519 δὲ
748 1463 808 1530 ἐξ
839 1463 1020 1518 αὐτῶν
1057 1463 1154 1516 καὶ
1183 1462 1310 1533 ἄχρι
1348 1461 1449 1532 τῆς
1477 1461 1638 1534 δεῦρο
1669 1462 1820 1532 φιλο-

221 1560 405 1631 νεικία
463 1559 570 1613 τινὶ
601 1557 927 1629 φερόμενοι,
965 1556 1247 1618 ὑπονοίαις
1299 1554 1610 1626 ἀλλοτρίαις
1647 1571 1816 1627 προσ-

219 1651 498 1722 αχθέντες,
536 1651 598 1704 οὐ
651 1649 792 1705 κατὰ
843 1649 944 1719 τὴν
973 1647 1192 1718 διδαχὴν
1239 1647 1348 1702 τῶν
1385 1648 1666 1720 Πατέρων,
1699 1646 1819 1700 οὐδὲ

1995 1463 2111 1519 XV.
2141 1463 2409 1522 Praeterea
2453 1474 2583 1522 sunt
2623 1465 2766 1522 inter
2811 1466 2934 1522 illos
2968 1467 3154 1537 aliqui,
3184 1468 3278 1538 qui
3313 1469 3512 1525 adhoc

1925 1571 2101 1626 usque
2148 1563 2363 1627 tempus
2409 1557 2777 1612 contentionis
2824 1557 2990 1624 avidi,
3043 1573 3108 1612 ac
3154 1560 3513 1628 perabsurdis

1925 1647 2279 1718 opinionibus
2328 1648 2560 1714 irretiti,
2606 1663 2712 1702 non
2755 1648 3018 1705 doctrinae
3063 1648 3287 1704 Patrum
3341 1651 3510 1706 iubar-

219 1745 542 1815 κατέχοντες
573 1743 674 1815 τὴν
706 1741 946 1813 κεφαλὴν
984 1742 1085 1811 τῆς
1126 1741 1360 1804 πίστεως
1379 1756 1393 1772 ο
1429 1739 1491 1805 ἐξ
1516 1735 1577 1794 οὗ
1610 1742 1718 1794 πᾶν
1750 1741 1810 1795 τὸ

1924 1748 2129 1804 rentes,
2156 1755 2332 1812 neque
2370 1740 2490 1796 ﬁdei
2534 1751 2698 1812 caput
2732 1741 3071 1809 retinentes;
3115 1757 3180 1798 ex
3207 1758 3316 1812 quo
3346 1759 3512 1799 omne

219 1836 384 1907 σῶμα
418 1835 506 1889 διὰ
545 1836 656 1889 τῶν
695 1835 847 1904 ἁφῶν
892 1833 987 1888 καὶ
1034 1833 1143 1887 τῶν
1193 1832 1505 1904 συνδέσμων
1547 1834 1808 1904 ἐπιχορη-

217 1930 486 2000 γούμενον
547 1929 642 1982 καὶ
693 1926 1163 1998 συμϐιϐαζόμενον
1217 1922 1372 1989 αὔξει
1421 1923 1522 1996 τὴν
1577 1922 1809 1994 αὔξησιν

216 2022 312 2076 τοῦ
341 2021 498 2088 Θεοῦ,
524 2022 600 2085 ὡς
630 2023 659 2076 ὁ
689 2019 1010 2082 Ἀπόστολος
1033 2018 1219 2086 λέγει’
1256 2016 1394 2070 ἀλλὰ
1425 2017 1566 2088 τάχα
1592 2016 1668 2081 ὡς
1701 2016 1809 2070 ὑπὸ

217 2112 515 2185 ἀλλοτρίων
559 2111 723 2165 τινῶν
770 2109 1096 2172 θολωθέντες
1137 2106 1237 2171 τὰς
1274 2107 1446 2170 ἀκοὰς
1493 2107 1810 2178 πλησιαιτέ-

220 2222 332 2276 ρως
365 2203 734 2272 Οὐαλεντίνῳ,
767 2201 863 2255 καὶ
900 2199 1212 2270 Μαρκίωνι,
1239 2199 1333 2252 καὶ
1371 2198 1678 2268 Μανιχαίῳ,
1713 2198 1809 2250 καὶ

218 2295 376 2350 αὐτοὶ
409 2294 570 2366 δῆθεν
602 2297 684 2359 είς
714 2293 879 2365 τιμὴν
915 2290 1156 2364 Χριστοῦ
1203 2289 1564 2360 φαντάζονται
1609 2289 1809 2360 μᾶλλον

219 2389 367 2460 ἤπερ
392 2386 768 2458 ἀληθεύουσιν.
814 2383 985 2438 Ἐπὰν
1030 2382 1307 2438 ἀκούσωσι
1347 2384 1477 2454 παρ’
1509 2381 1687 2453 ἡμῶν,
1725 2382 1809 2435 ὅτι

219 2480 348 2551 ἔσχε
387 2479 622 2550 Χριστὸς
679 2476 838 2547 σῶμα
893 2476 954 2530 τὸ
1005 2476 1296 2547 ἡμέτερον,
1351 2475 1516 2536 εὐθὺς
1555 2476 1636 2538 εἰς
1682 2473 1810 2537 τοὺς

222 2571 428 2643 μύθους
469 2571 762 2641 τρέπονται
812 2569 938 2632 τοὺς
988 2568 1150 2630 ίδίους
1197 2568 1297 2636 τῆς
1342 2565 1695 2634 φιλονεικίας,
1725 2565 1812 2618 λέ-

220 2680 410 2732 γοντες
441 2662 640 2732 ὄνυχας
672 2661 832 2715 αὐτὸν
861 2660 1173 2730 ἐσχηκέναι,
1205 2659 1300 2711 καὶ
1338 2658 1537 2729 σάρκα,
1569 2658 1664 2711 καὶ
1696 2657 1812 2729 τρί-

221 2771 342 2824 χας,
367 2753 462 2807 καὶ
497 2754 549 2807 εἴ
571 2771 623 2806 τι
653 2753 867 2824 ἕτερον·
899 2752 960 2804 ού
994 2750 1268 2814 τοιούτους
1317 2751 1373 2803 δὲ
1401 2750 1619 2813 ὁποίους
1648 2751 1813 2820 ἡμεῖς

219 2842 438 2914 ἔχομεν,
468 2842 602 2897 ἀλλὰ
631 2842 822 2906 ἄλλους
850 2842 1047 2912 ὄνυχας
1098 2842 1412 2912 ἐσχηκέναι,
1459 2843 1554 2894 καὶ
1603 2841 1813 2912 σάρκας

219 2934 412 3000 ἄλλας,
441 2933 536 2986 καὶ
572 2932 641 2986 τά
678 2932 815 2987 ἄλλα
847 2933 1025 2986 πάντα
1068 2931 1167 3002 οὐχ
1203 2933 1361 2985 ὁποῖα
1390 2933 1552 3003 ἡμεῖς
1592 2930 1811 3002 ἔχομεν,

219 3027 359 3081 ἀλλὰ
391 3027 576 3080 ἀλλοῖα
606 3023 760 3096 παρὰ
793 3023 862 3076 τὰ
906 3023 1187 3094 ἡμέτερα·
1230 3025 1390 3094 δῆθεν
1427 3023 1588 3079 πάλιν
1638 3022 1815 3092 βουλό⁴

1909 1848 2109 1902 corpus
2169 1848 2268 1903 per
2305 1849 2594 1905 compages
2641 1841 2696 1891 et
2744 1834 2958 1889 vincula
3001 1835 3405 1905 suppeditatum
3456 1852 3511 1893 et

1909 1933 2348 1996 coagmentatum
2396 1935 2628 1996 augetur
2669 1926 3008 1982 incremento
3064 1927 3202 1992 Dei,
3262 1936 3321 1981 ut
3347 1925 3500 1997 Apo-

1910 2018 2035 2072 stoli
2065 2017 2246 2074 verbis
2277 2018 2470 2085 utar‘;
2505 2017 2602 2074 sed
2632 2033 2795 2074 aures
2818 2033 2948 2075 suas
2980 2019 3285 2073 alienorum
3324 2019 3505 2074 homi-

1909 2123 2040 2164 num
2069 2108 2486 2165 narrationibus
2526 2109 2838 2181 perturbari
2870 2109 3162 2180 patientes,
3197 2123 3306 2163 non
3339 2108 3505 2165 dissi-

1909 2198 2022 2253 mili
2056 2213 2122 2254 ae
2157 2196 2504 2265 Valentinus,
2532 2197 2736 2254 Marcio
2785 2197 3229 2268 Manichwusque
3269 2199 3505 2265 ratione,

1909 2289 2143 2346 conﬁcta
2168 2289 2524 2359 quaedamM'n
2559 2289 2820 2346 honorem
2850 2289 3059 2345 scilicet
3090 2288 3320 2352 Christi,
3351 2305 3501 2344 men-

1910 2381 2064 2436 dacia
2098 2397 2196 2452 pro
2234 2382 2377 2437 veris
2414 2382 2759 2452 dogmatibus
2789 2381 3108 2436 obtrudunt.
3133 2382 3272 2436 Cum
3290 2383 3438 2435 enim
3467 2397 3500 2436 a

1913 2475 2071 2531 nobis
2087 2475 2334 2541 audiunt,
2352 2475 2627 2530 Christum
2661 2482 2850 2529 nostro
2869 2474 3036 2529 fuisse
3067 2488 3296 2543 corpore
3313 2473 3506 2542 praedi-

1912 2577 2048 2632 tum,
2083 2568 2264 2622 statim
2297 2567 2364 2621 ad
2397 2567 2585 2622 inanes
2613 2581 2676 2620 ac
2715 2567 3028 2635 pertinacia:
3059 2581 3172 2622 suae
3209 2575 3506 2620 consenta.

1913 2676 2044 2716 neas
2083 2675 2204 2716 sese
2233 2660 2444 2715 fabulas
2473 2658 2828 2714 transferunt.
2862 2657 2998 2712 Nam
3028 2673 3238 2729 ungues
3268 2657 3419 2712 illum
3451 2669 3506 2713 et

1913 2768 2135 2808 carnem
2166 2767 2231 2807 ac
2256 2753 2480 2822 capillos
2513 2759 2817 2821 caeteraquc
2850 2751 3035 2806 omnia
3074 2767 3183 2804 non
3211 2748 3504 2818 ejusmodi,

1913 2845 2098 2916 qualia
2146 2844 2200 2899 in
2251 2844 2409 2900 nobis
2461 2845 2670 2911 insunt,
2719 2843 2978 2899 habuisse
3029 2841 3361 2912 praedicant,
3410 2841 3512 2896 sed

1915 2950 2126 3007 ungues
2176 2951 2207 2989 a
2257 2935 2463 2990 nostris
2503 2933 2772 2995 diversos,
2820 2933 3115 3002 itidemque
3164 2946 3386 2985 carnem
3445 2946 3509 2984 ac

1916 3029 2126 3098 reliqua
2154 3027 2208 3082 id
2237 3043 2410 3097 genus
2449 3041 2557 3082 non
2598 3026 2796 3081 similia
2829 3033 3166 3087 nostrorum,
3207 3023 3302 3078 sed
3342 3024 3410 3076 ab
3443 3023 3512 3076 iis

223 3136 378 3190 μενοι
409 3116 736 3187 σοφιστικῶς
771 3114 850 3186 τῷ
897 3112 1120 3184 Χριστῷ
1155 3115 1504 3186 χαρίσασθαι,
1550 3114 1692 3169 κατὰ
1720 3114 1814 3167 τὸν

1921 3118 2079 3189 longe
2109 3117 2499 3188 discrepantia.
2541 3117 2756 3187 1009
2799 3115 3066 3171 Nimirum
3120 3123 3182 3169 ut
3239 3113 3511 3168 Valentini

221 3211 572 3265 Οὐαλεντῖνον
604 3210 699 3263 καὶ
736 3207 835 3274 τὰς
876 3207 1178 3277 εἰρημένας
1228 3209 1492 3278 αἱρέσεις,
1531 3209 1658 3270 τοὺς
1709 3223 1816 3277 μα-

221 3305 410 3362 ταίους
449 3303 658 3372 λόγους.
707 3302 941 3372 Λέγουσι
990 3306 1128 3372 γὰρ,
1228 3302 1356 3355 ’ὁταν
1401 3297 1638 3370 Χριστοῦ
1687 3301 1817 3367 ὁμο·-

221 3397 547 3468 λογήσωμεν
593 3395 814 3460 τελείως
863 3396 931 3450 τὰ
985 3395 1185 3459 πάντα,
1246 3391 1578 3466 περιέργως,
1615 3389 1818 3462 γέγρα-

223 3505 359 3542 πται
389 3489 412 3518 ¹
442 3486 572 3560 περὶ
599 3486 708 3540 τῶν
737 3486 998 3540 τοιούτων
1025 3485 1134 3540 τῶν
1157 3481 1691 3556 περιεργαζομένων,
1724 3481 1819 3535 καὶ

224 3578 397 3650 μηδὲν
445 3577 859 3649 ἐργαζομένων⁹
910 3575 1208 3648 πτύροντες
1261 3575 1370 3645 γὰρ
1425 3574 1527 3644 τὴν
1577 3572 1819 3627 διάνοιαν

222 3669 338 3723 τῶν
369 3670 792 3740 ἀκεραιοτέρων,
855 3668 1018 3731 εὐθὺς
1047 3667 1323 3734 λέγουσιν·
1380 3663 1589 3718 Οὐκοῦν
1633 3662 1820 3734 χρείαν

223 3759 356 3831 ἔσχε
399 3760 512 3828 (95)
563 3759 672 3814 τῶν
718 3759 860 3814 κατὰ
906 3759 1007 3830 τῆς
1057 3757 1257 3829 σαρκὸς
1325 3755 1635 3828 συνήθειαν,
1677 3756 1710 3826 ἢ
1750 3755 1820 3808 τὰ

224 3853 366 3923 πρὸς
399 3853 751 3924 ὲκτοπισμὸν,
787 3852 821 3922 ἢ
860 3851 932 3905 τὰ
972 3851 1110 3924 πρὸς
1158 3849 1464 3920 ἀφεδρῶνα,
1498 3849 1532 3919 ἢ
1566 3847 1636 3901 τὰ
1663 3847 1818 3911 ἄλλα,

225 3947 440 4016 ὅσαπερ
484 3945 632 3999 δοκεῖ
668 3940 808 3998 εἶναι
852 3944 1010 4013 σοφὰ,
1062 3942 1210 3996 δεινὰ
1252 3942 1307 3995 δὲ
1345 3941 1680 4011 τυγχάνοντα
1728 3941 1821 3994 καὶ

223 4034 446 4106 ληρώδη
499 4035 719 4105 μᾶλλον,
769 4033 844 4098 ὥς
895 4049 1061 4103 φησιν
1116 4033 1146 4085 ὁ
1197 4032 1514 4103 προφήτης’
1568 4032 1663 4098 Τίς
1710 4031 1823 4100 τὰρ

225 4126 480 4193 ἐζήτησε
510 4125 698 4179 ταῦτα
738 4126 808 4178 ἐκ
844 4125 963 4179 τῶν
1000 4124 1214 4194 χειρῶν
1245 4121 1460 4193 agor;
1503 4123 1640 4194 Περὶ
1679 4122 1821 4186 τίνος

225 4212 340 4283 γὰρ
368 4210 478 4265 τῶν
508 4211 701 4280 ἁγίων,
726 4211 903 4266 καίτοι
929 4228 994 4280 γε
1022 4211 1326 4283 ἀνθρώπων
1353 4211 1523 4266 ὄντων
1549 4211 1658 4265 τῶν
1683 4229 1820 4282 προ-

225 4299 440 4371 φητῶν,
473 4300 568 4353 καὶ¹
599 4299 661 4353 ού
693 4300 848 4362 θεῶν,
892 4303 988 4356 καὶ
1026 4300 1448 4370 εὐαγγελιστῶν,
1487 4302 1582 4355 καὶ
1620 4301 1822 4354 λοιπῶν

225 4394 342 4448 τῶν
373 4397 439 4448 ὲκ
467 4394 647 4466 ψυχῆς
679 4396 775 4449 καὶ
815 4395 1018 4467 σαρκὸς
1058 4395 1250 4459 ὅντων,
1291 4394 1414 4448 καθ’
1455 4395 1604 4465 ἡμᾶς
1637 4394 1695 4448 δὲ
1731 4395 1819 4448 δν-

1920 3224 1985 3265 ac
2012 3219 2353 3274 caeterarum,
2383 3223 2521 3279 quas
2550 3217 2709 3262 antea
2739 3207 3310 3270 commemoravimus,
3343 3206 3510 3260 luere-

1920 3317 2050 3358 seon
2117 3317 2288 3368 more,
2342 3299 2678 3354 cavillatoria
2736 3299 2971 3368 quadam
3028 3299 3237 3368 argutia
3289 3296 3515 3351 Christo

1920 3391 2211 3463 gratificari
2245 3390 2550 3444 videantur.
2588 3388 2742 3443 Unde
2781 3403 2904 3442 cum
2937 3403 3000 3442 ea
3039 3388 3221 3442 omnia
3257 3402 3378 3456 quae
3422 3386 3509 3440 in--

1920 3491 2049 3540 sunt
2081 3483 2134 3536 in
2169 3482 2411 3545 Christo,
2451 3479 2694 3550 perfecte
2742 3479 3097 3548 absoluleque
3135 3478 3510 3548 proﬁteantur,

1920 3575 2089 3629 multa
2131 3573 2209 3628 illi
2260 3572 2327 3628 de
2373 3572 2561 3628 eodem
2607 3571 2844 3625 absurde
2873 3585 2937 3624 ac
2972 3571 3190 3625 curiose
3228 3568 3512 3638 disputare

1921 3669 2117 3722 solent.
2161 3665 2235 3722 De
2267 3681 2377 3737 quo
2399 3665 2680 3720 hominum
2727 3679 2946 3736 genere,
2993 3663 3086 3734 qui
3141 3678 3264 3718 cum
3315 3662 3517 3716 multa~

1922 3775 2042 3823 rtnn
2081 3774 2263 3813 rerum
2298 3766 2567 3828 satagant,
2597 3758 2729 3811 nihil
2778 3765 2959 3811 tamen
3009 3764 3195 3826 agunt,
3232 3753 3510 3824 Scriptura

1923 3850 2190 3904 meminit.
2252 3849 2462 3904 Etenim
2519 3864 2629 3918 quo
2684 3847 2965 3902 rudiorum
3017 3847 3230 3901 animos
3275 3844 3518 3916 quodam

1923 3943 2069 3999 velut
2094 3944 2322 3999 horrore
2343 3942 2694 4014 perfundant,
2731 3941 2846 3996 htec
2881 3939 3174 3996 identidem
3202 3938 3472 4009 objiciunt
3499 3955 3512 3991 :

1923 4033 2064 4104 Ergo
2109 4034 2418 4089 istiusmodi
2482 4033 2734 4103 corporis
2788 4032 3212 4087 necessitatibus
3241 4068 3256 4093 ,
3304 4045 3428 4100 qua:
3462 4030 3521 4085 ei.

1922 4127 2218 4182 familiares
2281 4134 2432 4190 sunt,
2475 4125 2775 4180 obstrictus
2822 4123 2947 4188 fuit,
2979 4123 3159 4193 qualis
3196 4123 3404 4193 egestio
3431 4133 3510 4177 est

1922 4234 1988 4273 ac
2019 4217 2315 4274 secessus?
2348 4217 2570 4271 Addunt
2615 4223 2670 4271 et
2715 4215 2821 4268 alia
2855 4215 3132 4284 pleraque,
3165 4229 3288 4282 quae
3319 4213 3519 4267 callida

1922 4323 1988 4363 ac
2023 4307 2241 4363 subtilia
2274 4305 2526 4361 videntur
2553 4343 2568 4368 ,
2624 4303 2721 4360 sed
2761 4303 3034 4359 horrenda
3075 4303 3381 4356 otiosorum
3419 4303 3512 4356 ho-

1923 4400 2132 4454 minum
2184 4398 2392 4453 ludicra
2444 4406 2592 4451 sunt.
2641 4395 2800 4460 Nam,
2853 4403 2912 4448 ut
2947 4394 3023 4448 ait
3067 4393 3353 4463 propheta,
3383 4391 3512 4458 Quis

224 4503 374 4550 των,
427 4487 522 4540 καὶ
581 4489 657 4558 μὴ
707 4487 1232 4558 ἀμφιδαλλομένων,
1279 4487 1494 4557 ἐγράφη
1541 4488 1670 4558 περὶ
1710 4487 1814 4543 τῶν

1925 4491 2036 4546 hac
2072 4508 2099 4545 ε
2125 4489 2367 4544 manibus
2412 4489 2597 4542 vestris
2641 4487 2881 4557 requisiit
2906 4486 2967 4538 I“i
3003 4485 3076 4540 De
3113 4500 3352 4556 quonam
3388 4500 3514 4539 vero

226 4577 486 4631 τοιούτων
524 4579 900 4649 πραγμάτων;
935 4578 1044 4633 Ηοῦ
1089 4579 1147 4632 δὲ
1199 4577 1320 4648 οὐχὶ
1370 4578 1569 4647 μᾶλλον
1613 4578 1684 4632 τὰ
1731 4596 1818 4632 σε·

231 4667 469 4738 μνότερα
494 4669 915 4740 ὲπεμαρτύρησε
951 4671 1064 4733 τοῖς
1093 4669 1267 4738 ἁγίοις
1299 4671 1332 4740 ή
1361 4668 1552 4740 Γραφὴ
1585 4671 1716 4740 μήτι
1754 4687 1817 4740 γε

231 4759 426 4830 Κυρίῳ
457 4762 677 4832 Χριστῷ
703 4779 717 4828 ;

1925 4598 1992 4637 ex
2019 4581 2277 4637 omnibus
2319 4580 2564 4644 sanctis,
2616 4579 2831 4632 tametsi
2879 4578 3126 4632 homines
3171 4587 3356 4631 essent
3388 4591 3511 4646 pro-

1925 4674 2121 4744 phetre,
2159 4689 2265 4726 non
2293 4671 2390 4736 dii,
2432 4680 2489 4726 ut
2518 4679 2573 4727 et
2601 4671 2949 4742 evangelista:
2977 4670 3290 4738 exterique,
3323 4668 3416 4738 qui
3445 4684 3513 4722 ex

1925 4763 2106 4820 anima
2142 4773 2196 4819 et
2221 4779 2388 4820 carne
2419 4763 2770 4827 constabant,
2801 4777 2865 4816 ac
2894 4762 3012 4816 sine
3040 4761 3148 4816 ulla
3175 4759 3511 4814 dubitatione

231 4857 406 4910 nostri
441 4857 645 4915 similes
673 4866 865 4927 erant;
899 4859 1023 4930 quis
1047 4859 1264 4925 horum,
1305 4861 1550 4931 inquam,
1585 4861 1814 4925 exstitit,
1855 4862 1920 4917 de
1945 4878 2054 4932 quo
2081 4860 2352 4930 ejusmodi
2402 4860 2648 4930 quaedam
2699 4859 3012 4927 conscripta
3064 4855 3298 4912 fuerint?
3324 4853 3516 4909 Nonne

230 4951 418 5021 potius
450 4952 836 5009 honestissima
864 4970 1095 5025 quaeque
1136 4956 1206 5011 de
1252 4957 1484 5020 sanctis,
1510 4957 1708 5012 nedum
1753 4957 1822 5014 de
1859 4956 2080 5012 Christo
2107 4955 2358 5020 Domino,
2389 4955 2671 5026 Scriptura
2700 4953 2970 5009 testatur?

306 5047 424 5113 ις’.
453 5048 779 5116 Λεγέτωσαν
822 5050 879 5104 δὲ
911 5052 1043 5121 ἡμῖν
1071 5052 1119 5104 οἱ
1154 5051 1497 5123 ὲκθαμόηταὶ
1543 5052 1651 5106 τῶν
1685 5070 1816 5124 προ-

230 5136 455 5200 ϐάτων,
499 5139 595 5191 καὶ
625 5137 863 5210 πτύρται
892 5140 1000 5220 τῶν
1038 5141 1402 5212 περιστερῶν,
1455 5141 1549 5196 καὶ
1592 5140 1821 5212 σοϐηταὶ

229 5227 346 5281 τῶν
373 5227 468 5282 τοῦ
499 5230 734 5301 Χριστοῦ
767 5231 970 5302 ἀρνίων
1000 5244 1061 5283 τε
1078 5229 1170 5285 καὶ
1187 5227 1537 5301 θρεμμάτων,
1559 5227 1662 5283 ποῦ
1682 5251 1824 5306 παρ-

2000 5052 2136 5107 XVI.
2179 5052 2375 5108 Dicant
2422 5053 2580 5108 nobis
2625 5051 2663 5106 ii
2708 5051 2802 5120 qui
2837 5057 2892 5106 ct
2923 5063 3053 5105 oves
3092 5047 3513 5110 absterrent,et

1929 5142 2214 5197 columbas
2251 5142 2498 5212 abigunt,
2540 5150 2595 5196 et
2632 5139 2837 5195 Christi
2874 5153 3044 5209 agnos
3082 5152 3147 5192 ac
3183 5150 3382 5206 pecora
3428 5134 3516 5189 fu-

1932 5241 2083 5304 gant,
2118 5234 2344 5288 ubinam
2385 5232 2601 5304 Moyses
2630 5232 2762 5287 totis
2784 5230 2892 5286 illis
2917 5230 3285 5302 quadraginta
3319 5228 3517 5283 diebus

307 5365 326 5396 ⁸
354 5363 551 5446 Vitium
592 5367 1106 5446 subest_h_uic_loco.
1185 5371 1453 5446 ’_[_“.1t:~.pi
1484 5373 1718 5444 Χριστοῦ
1758 5373 1814 5444 ὁρ

1954 5354 2197 5438 τελείως,
2226 5373 2292 5428 τὰ
2323 5374 2501 5429 πάντα
2523 5373 2809 5446 περίεργα,
2833 5372 2908 5436 ὡς
2936 5372 3095 5444 γέγρ.
3183 5370 3204 5401 ³
3229 5369 3246 5422 Ι
3274 5368 3419 5424 Pctr.
3451 5381 3514 5432 tt,

228 5432 326 5488 22.
401 5433 425 5467 ‘
455 5436 653 5506 Ephes.
684 5454 760 5504 tv,
788 5439 877 5494 16.
951 5441 974 5473 ⁸
1005 5440 1110 5497 lsa.
1141 5457 1180 5509 ι,
1208 5442 1297 5496 12.

308 5556 422 5641 ςθᾷ)
456 5562 695 5641 Οῑζξκοῦν
730 5563 937 5631 χρείαν
979 5563 1146 5641 ἔςχε.
1173 5562 1326 5641 “Fuit
1375 5564 1491 5620 ham
1543 5563 1812 5641 Valentini

230 5630 446 5698 opinio,
485 5630 776 5704 Christum
819 5642 965 5686 tanta
1015 5630 1326 5704 frugalitate
1371 5650 1436 5687 ac
1476 5636 1813 5704 parcimonia

234 5712 402 5752 usum
426 5716 569 5772 esse,
599 5703 730 5772 nihil
764 5711 821 5756 ut
854 5702 1120 5770 egeret-et.
1151 5702 1405 5760 Testatur
1433 5702 1666 5772 idipsum
1695 5708 1813 5760 Cle-

233 5782 399 5826 mens
426 5769 722 5828 Alexandr.
748 5788 808 5830 ιιι
841 5769 1040 5830 Strom.
1083 5773 1176 5840 qui
1208 5790 1274 5832 ex
1306 5769 1546 5832 lneretiéi
1575 5777 1719 5832 illius
1743 5777 1812 5830 ad

1921 5564 2314 5635 Agathopodem
2374 5537 2622 5634 epistola/
2653 5563 2758 5620 ista
2802 5559 3049 5635 profert:
3121 5547 3362 5635 Ἠσθιεν,
3418 5555 3512 5635 κριὶ

1922 5621 2106 5710 ἔπινεν
2129 5621 2282 5698 ’ἰδίως
2312 5621 2412 5710 οῦκ
2442 5635 2727 5710 ἀποδιδοὺς
2757 5621 2830 5710 τά
2860 5629 3122 5710 βρώματα
3148 5645 3160 5656 ·
3191 5625 3410 5710 τοιαύτη
3444 5621 3513 5695 ἦν

1923 5705 2076 5847 αἰτῶ
2115 5705 2444 5790 ἐγκρατείας
2477 5704 2736 5776 δύναμις,
2761 5703 2903 5759 ὥστε
2946 5701 3213 5770 φθαρῆναι
3249 5701 3349 5764 τὴν
3387 5712 3510 5760 τρο-ε

1923 5792 1960 5844 φ
2005 5795 2028 5828 ν
2061 5791 2118 5829 εν
2147 5793 2314 5845 αυτῳ.
