3964 6400
533 323 640 382 163

1960 325 2020 380 S.
2062 321 2404 380 ΕΡΙῘἭΑΝΙΙ
3637 331 3716 389 est,

531 448 780 496 ventrem
801 437 1183 495 exoneraverit
1205 436 1495 504 ?Quonam
1527 436 1594 494 ad
1618 451 1900 494 secessum
1928 439 2117 494 abierit

2227 440 2533 512 εσκευόισθη
2604 440 2842 511 Μωῦσῆς
2886 440 2987 512 τὴν
3025 439 3597 514 τεσσαμκονθήμερονς
3635 449 3718 504 Ποῦ

532 533 682 589 Elias
709 532 778 588 ad
808 539 1106 586 torrentem
1137 531 1368 596 Chorra,
1399 546 1524 585 cum
1553 530 1815 585 mandato
1846 530 1961 596 Dei,
1999 546 2123 600 quae

533 640 564 681 a
605 623 790 680 corvis
838 622 1170 678 aﬂ'erehatur
1247 621 1494 685 cibaria,
1544 621 1649 678 hoc
1693 631 1798 688 est,
1851 623 2123 676 matutino

530 723 774 785 tempore
807 729 1026 786 panem,
1058 728 1287 784 vespere
1317 728 1516 769 carnes
1544 713 1858 768 comederet
1881 712 1926 766 ⁸1
1955 712 2126 766 Nimi-

531 823 652 863 rum
696 809 926 863 stultum
957 815 1076 861 erat
1110 805 1228 860 haec
1269 821 1302 860 a
1351 804 1637 878 Scriptura
1671 807 2118 870 commemorari,

531 899 991 970 quemadmodum
1036 905 1092 954 et
1138 898 1262 955 illos
1287 899 1451 954 modo
1499 897 1838 969 perscrutari
1889 897 2120 952 stultum

527 995 633 1044 est.
674 985 809 1053 Quae
849 987 996 1042 enim
1031 1002 1100 1043 ex
1133 986 1204 1042 iis
1232 986 1442 1044 utilitas
1481 987 1690 1058 percipi
1731 986 1952 1056 potest?
1995 987 2122 1058 quis

531 1079 699 1136 animi
731 1078 982 1135 fructus?
1010 1095 1133 1151 quae
1166 1094 1232 1134 eo
1263 1087 1478 1136 tantum
1511 1087 1744 1148 spectat,
1777 1087 1858 1144 ut,
1888 1079 1957 1134 ad
1984 1094 2122 1150 prae-

531 1180 766 1243 sumpta:
801 1172 1090 1242 cujusdam
1129 1172 1410 1243 opinionis
1455 1172 1832 1228 inﬁdelitatem
1872 1182 2123 1229 astruen-

533 1264 683 1331 dam,
716 1265 1074 1321 inanissimas
1114 1264 1438 1320 occasiones
1477 1262 1694 1334 frigidis
1732 1263 1842 1319 illis
1872 1263 2034 1334 nugis
2067 1270 2123 1318 et

532 1358 600 1412 ad
632 1357 939 1412 animorum
970 1357 1311 1414 eversionem
1337 1356 1552 1430 idoneis
1576 1356 1910 1428 suppeditet.
1942 1355 2118 1412 Velim

531 1457 586 1505 et
625 1449 730 1505 hoc
781 1462 947 1519 porro
992 1448 1152 1502 nobis
1203 1447 1516 1504 edisserant
1553 1467 1567 1503 :
1600 1448 1850 1515 Quanam
1904 1447 2120 1503 ratione

532 1538 696 1603 Deus,
732 1554 859 1594 cum
892 1539 1089 1605 voluit,
1128 1538 1184 1593 id
1226 1540 1422 1610 egerit,
1456 1549 1518 1596 ut
1553 1541 1928 1598 Israelitarum
1971 1549 2120 1598 totos

527 1631 888 1702 quadraginta
919 1646 1096 1687 annos
1128 1646 1307 1702 neque
1339 1631 1434 1702 pili
1461 1640 1795 1697 crescerent,
1832 1647 1933 1688 nec
1965 1633 2119 1688 inve-

529 1736 775 1783 terarent
801 1727 995 1793 calcei,
1028 1742 1210 1798 neque
1238 1734 1421 1784 vestes
1454 1735 1827 1783 attererentur
1859 1736 1954 1782 aut
1993 1744 2108 1785 sor-

2226 532 2294 586 τὰ
2343 533 2479 605 πρὸς
2505 532 2693 604 χρείαν
2719 534 2955 587 ἐποιεῖτο
2980 533 3169 597 Ἠλίας
3198 535 3253 586 ἐν
3273 532 3347 603 τῷ
3366 535 3532 606 Χορῥᾷ
3550 541 3721 612 χειμάῥ-

2226 626 2307 695 ῥῳ
2332 663 2348 688 ,
2378 624 2618 694 ὁπηνίκα
2646 623 2810 694 ἄρτον
2846 623 2944 694 μὲν
2979 622 3040 676 τὸ
3086 623 3315 694 πρωῖνὸν
3349 623 3520 695 ήσθιε,
3551 629 3662 698 κρέα
3683 633 3722 686 δὲ

2222 715 2284 769 τὸ
2314 715 2543 770 δειλινὸν
2586 715 2698 769 ἀπὸ
2729 716 2830 787 τῆς
2879 716 2988 770 τῶν
3019 717 3268 787 κοράκων
3309 720 3642 790 παρακομιδῆς
3661 725 3724 778 διὰ

2222 808 2360 862 Θεοῦ
2391 808 2847 880 προστάγματοςς
2903 807 3139 861 Ἦλίθιον
3187 809 3293 879 γὰρ
3327 803 3392 878 ἦν
3431 809 3486 862 τὸ
3512 810 3598 880 τὴν
3622 811 3726 881 Γρα-

2223 899 2332 970 φὴν
2361 898 2490 971 περὶ⁵
2528 897 2736 952 τούτων
2763 897 2946 966 λέγειν
2969 937 2985 963 ,
3027 897 3105 961 ὡς
3132 897 3226 951 νῦν
3264 897 3464 961 τούτοις
3487 899 3659 968 ἠλίθιον
3685 901 3728 953 τὺ

2223 991 2518 1057 ἐξετάζειν.
2553 990 2653 1054 Τίς
2683 991 2793 1060 γὰρ
2837 989 3074 1059 ὠφέλεια
3104 989 3163 1042 ἐν
3204 991 3314 1052 τοῖς
3357 989 3617 1054 τοιούτοις
3642 991 3668 1061 ἢ
3693 992 3729 1044 τί

2221 1083 2282 1138 τὸ
2302 1084 2609 1156 χρήσιμον;
2640 1082 2758 1136 ἀλλ’
2786 1082 2820 1153 ἢ
2867 1083 3030 1152 μόνον
3065 1083 3146 1145 είς
3177 1081 3426 1135 ἀπιστίαν
3464 1081 3552 1150 τῆς
3577 1081 3730 1152 προλή-

2219 1168 2367 1240 ψεως
2419 1168 2724 1241 προφάσεις
2775 1168 2868 1223 διὰ
2920 1169 3288 1242 ψυχρολογίας
3342 1168 3434 1222 καὶ
3482 1169 3732 1241 ἀνατροπῆς

2223 1261 2462 1331 ματαίας
2497 1262 2642 1332 ἐχον.
2678 1263 3003 1332 Λεγὲτωσαν
3034 1262 3094 1316 δὲ
3117 1261 3280 1317 πάλιν
3306 1263 3456 1332 ἡμῖν,
3477 1261 3573 1314 τίνι
3591 1261 3652 1332 τῷ
3671 1261 3734 1314 λό-

2219 1368 2302 1422 γῳ
2320 1391 2334 1413 .
2369 1353 2459 1406 ὅτε
2487 1351 2754 1424 ἠθέλησεν
2780 1355 2809 1407 ό
2833 1352 2986 1418 Θεὸς,
3026 1352 3251 1424 ἐποίησε
3288 1351 3392 1406 τῶν
3424 1351 3544 1406 υίῶν
3570 1351 3734 1424 Ἰσραὴλ

2218 1440 2279 1494 ἐν
2322 1443 2736 1513 τεσσαράκοντα
2778 1443 2925 1498 ἐτεσι
2981 1445 3123 1516 μήτε
3174 1445 3272 1510 τὰς
3311 1445 3495 1519 τρίχας
3527 1447 3732 1517 uouerat,

2222 1534 2361 1604 μήτε
2391 1533 2463 1587 τὰ
2503 1534 2830 1606 ὑποδήματα
2888 1536 3295 1608 παλαιωθῆναι,
3333 1540 3466 1609 μήτε
3496 1539 3558 1592 τὰ
3593 1539 3736 1608 ἱμάτια

2219 1626 2636 1698 κατατριϐῆναι,
2670 1627 2705 1698 ἢ
2739 1628 3121 1700 ρυπανθῆναι;
3152 1629 3246 1700 Μὴ
3276 1630 3384 1702 ἄρα
3419 1631 3506 1684 καὶ
3531 1625 3735 1686 obruti

2220 1715 2452 1788 οὐρανοῦ
2481 1717 2872 1788 ἐληλύθεισαν;
2912 1719 2988 1790 μὴ
3020 1718 3135 1773 θεοὶ
3170 1722 3220 1774 οί
3255 1721 3481 1775 τοιοῦτοι
3507 1721 3736 1793 ὑπῆρχονς

526 1819 692 1874 dibus
731 1819 1186 1875 obsolescerent?
1215 1820 1298 1874 An
1338 1829 1392 1875 et
1427 1820 1520 1875 isti
1551 1819 1620 1876 de
1645 1821 1787 1876 ctelo
1817 1821 2117 1876 descende-

2222 1806 2400 1860 καίτοι
2448 1823 2513 1876 γε
2572 1808 2674 1862 οὐκ
2743 1810 2803 1862 ἐν
2864 1809 3109 1874 ἐπαίνοις
3162 1811 3526 1883 ὑπάρχοντες,
3573 1811 3665 1866 ἀλλ’
3696 1812 3738 1866 ἐν

531 1909 686 1962 rant?
728 1916 825 1963 aut
857 1907 934 1963 dii
983 1908 1197 1965 Scilicet
1239 1917 1398 1965 erant
1447 1909 1654 1980 aliqui?
1699 1911 1863 1980 Atqui
1900 1926 1968 1966 ne
2002 1911 2120 1965 lau-

529 2000 734 2056 dantur
757 2001 835 2056 illi
875 2001 1098 2072 quidem
1128 2019 1142 2066 ;
1175 2001 1270 2058 sed
1304 2001 1551 2056 divinum
1590 2017 1792 2058 numen
1834 2003 1888 2058 in
1924 2003 2118 2072 pleris-

527 2107 638 2163 que
669 2102 1060 2164 provocarunt.
1101 2095 1302 2150 Annon
1335 2093 1501 2164 igitur
1521 2093 1714 2149 iisdem
1742 2105 1902 2150 erant
1931 2096 2124 2151 nohis-

527 2200 654 2240 cum
686 2183 1068 2242 atl‘ectionibus
1102 2185 1368 2240 obnoxii!
1400 2184 1604 2241 Verum
1633 2187 1818 2242 omnia
1858 2204 1920 2244 se
1956 2203 2120 2259 posse

528 2289 627 2346 per
656 2290 801 2339 sese,
825 2276 1056 2347 ﬁerique
1093 2277 1311 2347 1010
1347 2277 1524 2348 ipsius
1554 2286 1712 2340 nutu,
1739 2279 1824 2335 vel
1858 2294 1967 2336 non
2001 2280 2116 2337 ﬁeri

525 2383 693 2438 posse
731 2368 876 2425 Deus
901 2369 1198 2425 ostendere
1227 2371 1420 2426 voluit.
1439 2372 1515 2427 Ac
1532 2386 1602 2428 ne
1627 2371 1882 2430 fortassis
1911 2373 2114 2444 aliquis

524 2459 597 2516 ob
627 2462 896 2532 stupenda
944 2461 1036 2516 illa
1077 2462 1345 2534 prodigia,
1381 2479 1505 2534 quae
1539 2463 1594 2519 in
1626 2465 1844 2520 illorum
1879 2470 2114 2536 gratiam

523 2566 556 2605 a
608 2550 720 2607 Deo
775 2551 920 2608 facta
973 2551 1232 2620 fuerant,
1275 2554 1514 2626 amplius
1560 2555 1820 2621 quiddam
1875 2555 2114 2612 humana

523 2641 845 2698 conditione
873 2643 929 2697 in
970 2643 1078 2700 illis
1108 2643 1390 2700 exstitisse
1433 2645 1703 2711 crederet,
1747 2656 1805 2702 ut
1852 2647 1980 2702 huic
2026 2662 2119 2703 er-

525 2729 641 2784 rori
675 2741 864 2787 nostra
893 2745 1060 2786 causa
1108 2733 1445 2796 consuleret,
1493 2733 1780 2803 Scriptura
1829 2749 1988 2790 sacra
2031 2734 2114 2790 sic

526 2822 778 2894 praecipit
807 2842 821 2878 :
860 2823 1068 2878 Habeat
1099 2826 1456 2895 unusquisque
1483 2825 1747 2894 paxiltum
1782 2825 2014 2896 ferreum
2060 2827 2115 2880 in

526 2930 664 2970 zona
691 2931 812 2981 sua,
848 2925 926 2979 ut,
954 2931 1072 2969 cum
1105 2917 1160 2970 in
1181 2916 1361 2988 aliqua
1396 2918 1512 2973 loco
1538 2917 1820 2980 desederit,
1853 2919 2041 2990 fodiat,
2065 2927 2115 2973 et

525 3015 727 3063 stercus
746 3024 900 3063 suum
928 3009 1153 3077 aperiat,
1187 3010 1439 3078 quoniam
1469 3010 1693 3079 populus
1717 3020 1934 3066 sanctus
1964 3011 2114 3075 estis,

525 3107 576 3153 et
610 3097 872 3153 Dominus
903 3098 1110 3152 habitat
1143 3101 1200 3153 in
1232 3100 1402 3156 medio
1451 3111 1750 3154 castrorum
1773 3104 1815 3157 ².
1847 3099 2022 3168 Quam
2057 3102 2112 3156 in

527 3205 642 3246 rem
695 3190 907 3246 Hebraei
956 3193 1252 3264 quamdam
1301 3193 1586 3248 historiam
1636 3201 2113 3250 commemorant:

527 3282 756 3353 liguram
789 3284 939 3338 illam
974 3299 1040 3338 ac
1072 3293 1259 3356 typum
1293 3285 1579 3356 aliquanto
1624 3286 1888 3356 temporis
1937 3287 2119 3357 spatio

527 3390 932 3446 perseverasse,
975 3376 1220 3447 quandiu
1255 3376 1396 3434 Deus
1443 3378 1497 3432 in
1543 3377 1629 3433 his
1669 3377 1775 3432 hoc
1807 3379 2118 3449 prodigium

525 3465 740 3522 cﬁieere
802 3467 1000 3522 voluit.
1036 3466 1116 3522 Ac
1150 3467 1279 3523 licet
1322 3468 1585 3522 carnibus
1641 3477 1697 3523 et
1736 3470 2119 3524 coturnicibus

527 3565 903 3625 vescerentur,
928 3574 1212 3629 nunquam
1238 3567 1418 3615 tamen
1447 3574 1543 3629 per
1569 3558 1704 3614 illud
1732 3567 1950 3631 tempus
1973 3561 2119 3632 ejus-

523 3651 672 3707 modi
709 3662 920 3708 natura:
971 3651 1334 3708 necessitates
1367 3659 1626 3722 expertos
1650 3652 1772 3708 illos
1805 3654 1995 3709 fuisse.

601 3738 764 3797 XVII.
799 3740 922 3796 1am
952 3757 1084 3797 vero
1117 3741 1166 3796 si
1195 3756 1226 3795 a
1251 3740 1459 3797 Judzeis
1488 3741 1556 3797 ad
1589 3741 1862 3810 majorum
1889 3757 2116 3798 suorum

524 3837 696 3893 decus
725 3844 782 3892 et
814 3834 1043 3905 gloriam
1077 3833 1164 3887 vel
1192 3833 1260 3887 ad
1289 3832 1522 3903 gratiam
1557 3833 1663 3888 ista
1693 3833 1996 3904 tinguntur,
2029 3832 2118 3889 vel

523 3943 591 3982 ex
647 3926 725 3982 rei
771 3923 1004 3980 veritate
1043 3922 1415 3993 praedicantur
1474 3925 1811 3994 (quanquam
1865 3923 2118 3980 homines

525 4017 653 4073 illos
695 4014 889 4080 fuisse,
935 4028 1171 4083 quorum
1201 4012 1484 4084 dignitatis
1515 4013 1879 4083 patrocinium
1925 4030 2118 4070 susce-

525 4117 745 4181 perunt,
793 4117 848 4164 et
881 4104 1292 4176 corruptibiles,
1345 4119 1456 4159 non
1499 4106 1657 4168 deos,
1699 4105 1794 4160 sed
1840 4122 1905 4162 ex
1950 4122 2118 4164 carne

524 4200 795 4272 sanguine
826 4200 1120 4270 animaque
1157 4198 1496 4268 compositos
1534 4199 1816 4254 cxsﬁtisse
1861 4215 1970 4254 non
2013 4199 2118 4254 du-

522 4295 803 4363 bitemus);
842 4293 966 4362 quis
999 4303 1110 4346 tam
1140 4289 1346 4345 atrocia
1388 4297 1442 4344 et
1480 4289 1753 4346 horrenda
1778 4290 1846 4346 de
1870 4290 2114 4359 Christo,

522 4381 728 4452 Deique
763 4378 939 4435 Verbo
965 4379 1187 4435 cwlitus
1229 4379 1455 4451 allapso,
1472 4392 1538 4433 ac
1587 4380 1655 4434 de
1689 4380 1926 4449 gloriosa
1959 4396 2117 4437 vera-

2223 1900 2442 1966 πολλοῖς
2468 1902 2605 1957 Θεὸν
2641 1903 3174 1976 παραζηλὼσαντες,
3213 1907 3289 1978 μὴ
3321 1907 3421 1960 οὐκ
3450 1902 3576 1979 ἦσαν
3609 1907 3740 1977 ὁμοιο-

2222 1993 2415 2057 παθεῖς
2449 1995 2612 2064 ήμίνς
2665 1994 2805 2047 Ἀλλ’
2843 1995 2932 2050 ἵνα
2975 1995 3122 2070 δείξῃ
3149 1999 3180 2051 ὁ
3211 1997 3346 2061 Θεὸς
3369 2039 3383 2064 ,
3414 1999 3492 2052 ὅτι
3531 1998 3593 2052 τὰ
3611 1999 3741 2051 πάντα

2220 2088 2279 2140 ἐν
2308 2085 2458 2158 αὑτῷ
2484 2085 2710 2140 δύναται
2735 2125 2752 2152 ,
2793 2087 2887 2142 καί
2920 2087 3159 2161 ἐγχωρεῖ
3186 2088 3463 2158 γίνεσθαι,
3496 2089 3580 2142 καὶ
3602 2088 3663 2159 μὴ
3683 2088 3742 2157 γίο

2219 2177 2429 2234 νεσθαι.
2475 2179 2594 2233 Ἱνα
2622 2179 2734 2250 γὰρ
2768 2180 2843 2251 μή
2885 2196 3032 2244 τινες
3058 2180 3136 2245 είς
3169 2181 3418 2247 ἐκείνους
3457 2182 3602 2236 πάλιν
3634 2180 3742 2248 λογὶ-

2220 2287 2420 2326 σωνται
2457 2269 2527 2325 τὰ
2574 2269 2716 2342 ὑπὲρ
2752 2269 2916 2342 φύσιν
2956 2270 3048 2326 διὰ
3096 2271 3159 2326 τὰ
3184 2272 3370 2337 αὐτοῖς
3405 2274 3464 2327 ἐν
3495 2268 3746 2344 θαυμασμῷ

2217 2362 2480 2432 γινόμενα
2505 2359 2658 2432 παρὰ
2680 2361 2819 2415 Θεοῦ
2839 2401 2856 2429 ,
2898 2362 3182 2416 τουτέστιν
3204 2364 3290 2418 ὅτι
3329 2364 3510 2435 τρίχες
3549 2364 3636 2416 οὐκ
3657 2361 3746 2414 ἐχό·

2221 2468 2360 2523 μων,
2393 2451 2585 2522 ἱμάτια
2613 2451 2716 2504 οὐκ
2745 2450 3109 2506 ἐπαλαιοῦντο
3134 2493 3150 2519 ,
3175 2453 3273 2508 καὶ
3304 2453 3377 2508 τὰ
3397 2453 3524 2508 ἄλλα
3542 2493 3558 2518 ,
3583 2452 3662 2506 καὶ
3687 2452 3746 2504 ὅτι

2216 2543 2385 2614 ἄρτον
2425 2542 2676 2612 ἀγγέλων
2719 2543 2922 2613 ἔφαγεν
2959 2545 3250 2616 ἄνθρωπος
3277 2565 3292 2578 ·
3346 2549 3426 2612 εἰς
3451 2547 3595 2620 ἡμῶν
3627 2545 3746 2616 χάριν

2216 2635 2659 2708 ἀσφαλισάμενον
2685 2637 2748 2692 τὸ
2779 2639 2923 2694 θεῖον
2943 2641 3183 2714 Γράμμα
3209 2646 3349 2716 φησί
3376 2663 3390 2677 ο
3412 2644 3628 2700 Ασϐέτω
3648 2643 3744 2697 ἓω-

2216 2741 2367 2793 στος
2391 2727 2723 2783 πάσσαλον
2748 2731 3045 2798 σιδηροῦν
3075 2735 3146 2788 ἐν
3172 2734 3249 2805 τῇ
3274 2736 3425 2806 ζώνῃ
3449 2735 3660 2799 ἑαυτοῦ,
3675 2735 3748 2797 ἵν’,

2216 2819 2365 2873 ὅταν
2384 2821 2473 2886 είς
2510 2823 2700 2874 τόπον
2730 2822 3014 2892 καθιᾷὶνῃ
3039 2864 3054 2888 ,
3087 2825 3306 2895 σκάφῃ
3348 2828 3446 2881 καὶ
3497 2825 3646 2894 χώσῃ
3667 2823 3750 2892 τὴν

2219 2909 2380 2963 ἰδίαν
2405 2911 2654 2978 κόπρον.
2689 2911 2810 2964 ’Ότι
2838 2913 2990 2980 λαὸς
3020 2916 3388 2985 ἡγιασμένοι-
3402 2917 3556 2979 sort},
3576 2916 3754 2970 καίιίύ-

2211 3018 2342 3069 ριος
2362 3001 2911 3073 ἐνδημεῖειςμέσον
2929 3003 3038 3072 τῆς
3052 3006 3456 3077 παρεμϐολῆς.
3477 3009 3562 3073 Ei;
3573 3007 3751 3062 τοῦτοδὲ

2220 3094 2319 3147 καὶ
2374 3095 2618 3168 ἱστορίαν
2657 3097 2848 3161 παῖδες
2909 3098 3177 3170 Ἐϐραίων
3228 3103 3624 3174 παραφέρουσιν
3642 3142 3655 3166 ,
3692 3100 3752 3152 ὃτι

2218 3183 2504 3257 διήρκεσεν
2535 3187 2721 3252 αὐτοῖς
2763 3189 2794 3243 ό
2841 3187 3012 3254 τύπος
3055 3191 3183 3262 ἄχρι
3223 3194 3375 3258 τινὸς
3421 3191 3631 3266 καιροῦ,
3674 3190 3752 3250 ἕως

2218 3276 2342 3332 ὅτου
2373 3279 2554 3344 όΘεὸς
2579 3279 2815 3352 ἠθέλησε
2845 3279 3014 3346 δεῖξαι
3056 3282 3117 3336 ὲν
3143 3284 3336 3350 αὐτοῖς
3375 3285 3529 3340 τοῦτο
3566 3284 3620 3337 τὺ
3655 3281 3753 3336 θαῦ-

2223 3387 2300 3440 μα
2319 3387 2333 3402 ·
2359 3371 2538 3424 καίτοι
2569 3387 2633 3441 γε
2658 3372 2841 3426 αὐτῶν
2875 3372 3165 3429 ἐσθιόντων
3204 3377 3304 3432 καὶ⁵
3331 3377 3470 3450 κρέα
3519 3376 3604 3430 καὶ
3634 3375 3752 3444 ὀρτυ-

2219 3461 2526 3533 γομήτραν,
2558 3461 2973 3536 συμϐεϐηκέναι
2997 3465 3196 3530 αὐτοὺς
3223 3467 3367 3540 μήτε
3401 3465 3584 3522 τούτου
3608 3462 3755 3538 χρείαν

2218 3549 2385 3622 ἔχειν.

2291 3731 2390 3789 IZ'.
2422 3731 2528 3789 Kal.
2551 3733 2602 3788 εί
2629 3731 2784 3804 παρὰ
2812 3733 2926 3799 τοῖς
2965 3732 3241 3806 Ἑϐραίοις
3267 3733 3360 3788 διὰ
3387 3733 3485 3806 τὴν
3512 3730 3634 3804 πρὸς
3658 3725 3754 3788 τοὺς

2219 3827 2465 3898 πατέρας
2495 3825 2676 3882 αὐτῶν
2701 3826 2862 3894 δόξαν
2883 3867 2898 3894 ,
2943 3828 3062 3899 ἦτοι
3109 3827 3255 3882 κατὰ
3283 3827 3571 3900 πρόσθεσιν
3593 3867 3606 3892 ,
3635 3837 3752 3893 χαρι-

2219 3918 2442 3983 στικῶς,
2492 3917 2613 3989 ἦτοι
2669 3916 2812 3971 κατὰ
2860 3917 3121 3990 ἀλήθειαν
3162 3916 3327 3972 τοῦτο
3371 3917 3550 3989 ᾄδεται
3599 3911 3756 3974 (καίτοι

2217 4027 2283 4080 γε
2333 4009 2515 4065 αὐτῶν
2558 4009 2778 4064 εἰδότων
2801 4049 2818 4076 ,
2853 4011 2936 4064 ὅτι
2980 4011 3076 4066 καὶ
3111 4010 3396 4083 ἄνθρωποι
3424 4005 3559 4082 ἦσαν
3583 4007 3627 4061 οί
3653 4001 3756 4074 πρὸς

2217 4100 2399 4156 αὐτῶν
2452 4103 2915 4174 συνηγοροὺμενοι
2962 4102 3058 4157 καὶ
3109 4101 3348 4174 φθαρτοὶ
3420 4101 3512 4154 καὶ
3564 4098 3620 4152 οὐ
3672 4091 3756 4146 θεοὶ

2221 4194 2316 4247 καὶ
2349 4196 2415 4248 ἐκ
2457 4194 2663 4265 σαρκὸς
2710 4195 2805 4248 καὶ
2843 4195 3079 4265 αἵματος
3124 4195 3219 4249 καὶ
3272 4194 3500 4266 ψυχῆςΥ
3540 4191 3615 4254 τίς
3641 4182 3756 4254 παρὰ

2215 4285 2423 4340 τούτων
2485 4286 2738 4354 ἀνέξεται
2787 4286 3006 4341 ἀκούων
3059 4286 3132 4340 τὰ
3181 4286 3287 4340 οὐκ
3345 4285 3612 4356 ἀτόλμητα
3660 4273 3755 4345 περὶ

2217 4379 2458 4452 Χριστοῦ
2504 4379 2601 4433 τοῦ
2639 4379 2849 4435 ἄνωθεν
2905 4378 3152 4442 ἐλθόντος
3188 4377 3329 4433 Θεοῦ
3365 4378 3536 4448 Λόγου
3580 4367 3755 4436 καὶτῆς
3791 4380 3799 4390 '

522 4485 630 4542 que
675 4471 850 4542 ipsius
897 4470 1278 4526 incarnatione
1324 4469 1526 4540 jactari
1563 4469 1633 4524 ab
1676 4471 1784 4526 illis
1839 4472 2113 4543 patienter

2218 4470 2384 4526 αὐτοῦ
2414 4472 2474 4525 ἐν
2492 4472 2694 4525 ἅπασιν
2708 4469 2921 4536 ἐνδόξου
2946 4473 3040 4526 καὶ
3067 4470 3329 4542 ἀληθινῆς
3362 4470 3616 4539 ἐνσάρκου
3646 4474 3756 4528 παρ’

522 4561 746 4618 audiat?
795 4561 914 4630 Qua
965 4562 1189 4633 quidem
1234 4562 1289 4617 in
1319 4562 1702 4619 incarnatione
1749 4564 1908 4629 illud,
1961 4565 2113 4637 quod

519 4653 726 4710 dictum
751 4663 860 4718 est,
892 4654 1139 4725 implevit
1173 4671 1187 4708 :
1217 4653 1474 4716 Teutalus
1500 4672 1594 4725 per
1627 4657 1808 4712 omnia
1840 4666 1896 4711 ut
1935 4657 2112 4726 homo,

519 4744 714 4818 absque
752 4755 964 4815 peccato
995 4745 1036 4798 ³.
1071 4743 1308 4811 Etenim,
1347 4745 1476 4801 licet
1500 4755 1690 4803 nostra
1720 4763 1883 4803 carne
1913 4750 2116 4820 praedi-

522 4844 610 4893 tus
635 4837 795 4904 foret,
825 4843 1037 4908 paterat
1067 4836 1432 4896 nihilominus
1461 4836 1551 4891 illa
1591 4838 1711 4909 ipsa
1738 4854 1863 4910 qua!
1889 4855 1920 4893 a
1950 4841 2114 4897 nobis

523 4927 796 4984 habentur
817 4930 966 4996 vilia,
991 4930 1434 5002 praetermittere,
1459 4945 1633 5001 eaque
1649 4942 1914 5000 praestare
1932 4934 2112 4988 solum

521 5034 644 5090 quae
675 5021 991 5078 honestiora
1023 5037 1088 5078 ac
1117 5022 1318 5085 divina:
1353 5021 1628 5092 majestati
1669 5039 1915 5096 congrua
1962 5026 2115 5082 vide-

521 5107 720 5167 bantur
747 5129 761 5166 :
787 5120 972 5182 utpote
996 5129 1092 5182 per
1120 5129 1283 5184 quem
1309 5122 1364 5169 et
1387 5112 1758 5176 lsraelitarum
1790 5117 1974 5186 capilli
2001 5132 2112 5172 non

519 5203 890 5268 excreverint,
922 5219 1025 5259 nec
1065 5221 1258 5264 eorum
1303 5209 1632 5270 vestimenta
1663 5207 1856 5267 sordes
1885 5217 2112 5263 (20111.Γᾶ-

521 5298 735 5362 xerint,
769 5311 893 5367 quae
919 5297 1126 5360 omnia,
1158 5299 1523 5364 sitraditioni
1554 5299 1855 5366 credimus,
1885 5300 1996 5355 illis
2025 5316 2113 5365 ac-

520 5389 793 5448 ciderunt.
845 5385 1004 5454 Quod
1049 5397 1232 5443 autem
1281 5397 1464 5445 vestes
1518 5391 1803 5445 hominum
1855 5393 2110 5448 manibus

522 5487 809 5541 contextas
841 5478 1099 5536 Christus
1141 5478 1416 5544 habuerit,
1453 5492 1608 5536 extra
1639 5497 1858 5536 omnem
1886 5492 2110 5538 contro-

521 5576 755 5636 versiam
785 5581 889 5630 est.
927 5572 1118 5628 Partiti
1151 5579 1283 5630 sunt
1324 5573 1470 5628 enim
1515 5576 1842 5642 vestimenta
1868 5577 2011 5648 ejus,
2057 5586 2114 5631 et

602 5725 875 5806 ‘llchg.
915 5749 1044 5802 xm,
1086 5735 1138 5791 6.
1233 5734 1253 5764 ⁸
1285 5731 1439 5794 Deut.
1475 5751 1630 5802 xxut,
1673 5734 1754 5790 15.
1835 5736 1854 5768 ³
1895 5732 2062 5800 Hebr.
2099 5749 2173 5802 tv,

2215 4563 2440 4629 ουσέας;
2511 4561 2575 4616 ἐν
2695 4563 2982 4636 ἐπλήρωσε
3027 4563 3088 4618 τὸ
3131 4564 3474 4636 εἰρημένον·
3523 4565 3755 4622 Πεπειρα-

2207 4655 2394 4726 μένος
2421 4653 2574 4712 κατὰ
2599 4654 2800 4712 πάντα
2830 4659 2911 4724 ὠς
2937 4657 3249 4726 ἄνθρωπος
3283 4656 3467 4726 χωρὶς
3493 4647 3752 4722 ἁμαρτίας.

2229 4748 2387 4817 ,Εξῆν
2415 4748 2525 4820 γὰρ
2567 4747 2716 4819 αὑτῷ
2761 4747 2988 4820 ἀληθείᾳ
3025 4747 3209 4818 ἔχοντι
3265 4747 3449 4817 σάρκα
3478 4745 3571 4814 τὴν
3597 4731 3754 4810 ἡμετέ.

2217 4859 2319 4912 ραν
2342 4880 2357 4902 ’
2401 4840 2477 4912 μὴ
2529 4840 2792 4913 πράττειν
2828 4839 2898 4893 τά
2946 4839 3210 4904 δοκοῦντα
3261 4840 3396 4910 ἡμῖν
3443 4833 3646 4900 εὐτελῆ,
3685 4823 3754 4878 καὶ

2216 4931 2481 5004 πράττειν
2506 4932 2670 4985 ὁποῖα
2708 4929 2883 5002 σεμνὰ
2915 4929 3203 5002 ἐτύγχανε,
3245 4931 3343 4983 καὶ
3369 4928 3631 4999 πρέποντα
3654 4919 3755 4971 ἀνα·

2215 5023 2389 5092 λόγως
2433 5026 2498 5095 τῇ
2547 5023 2794 5094 θεότητι·
2837 5023 2904 5077 δι’
2948 5018 3009 5077 οῦ
3066 5024 3159 5075 καὶ
3208 5023 3259 5076 οἱ
3303 5022 3412 5074 υἱοὶ
3450 5015 3644 5088 Ἰσραὴλ
3680 5009 3756 5062 οὐκ

2213 5117 2512 5188 ἐκόμησαν,
2543 5118 2638 5171 καὶ
2670 5117 2739 5170 τὰ
2773 5117 2964 5188 ἱμάτια
2991 5115 3170 5194 αὐτῶν
3204 5115 3305 5168 οὐκ
3355 5108 3647 5184 ἐρυπάνθηο
3685 5099 3756 5153 καὶ

2211 5209 2386 5263 ταῦτα
2423 5209 2566 5263 κατὰ
2616 5208 2915 5280 παράδοσιν
2954 5192 3148 5270 αὐτοῖς.
3179 5206 3542 5278 συμϐέϐηκεν.
3577 5200 3682 5251 Ὀτι
3713 5192 3754 5244 δὲ

2217 5301 2313 5355 καὶ
2369 5301 2560 5371 ἱμάτια
2613 5297 2760 5372 εἶχεν
2821 5300 2880 5367 ἐξ
2938 5297 3242 5370 ἀνθρώπων
3296 5286 3752 5359 κατεσκευασμένα,

2219 5389 2611 5461 ἀναμφίϐολον.
2659 5391 3052 5462 Διεμερίσαντο
3107 5389 3216 5460 γὰρ
3270 5387 3338 5440 τὰ
3395 5386 3574 5457 ἱμάτια
3603 5372 3753 5462 αὑτοῦ.

2220 5482 2314 5535 καὶ
2343 5482 2437 5535 ἐπί
2487 5482 2579 5535 τὸν
2611 5461 2908 5553 ἱματισμὸν
2957 5480 3123 5534 αὐτοῦ
3167 5479 3360 5533 ἔϐαλον
3391 5477 3600 5546 κλῆρον.
3630 5467 3682 5521 Εἰ
3710 5461 3751 5514 δὲ

2224 5577 2438 5650 ἱμάτιον
2473 5576 2531 5644 ἐξ
2554 5575 2857 5652 ἀνθρώπων
2883 5615 2897 5643 ,
2928 5573 3170 5648 δηλονότι
3224 5572 3282 5640 ἐξ
3309 5569 3468 5645 ἐρέας
3501 5562 3563 5639 ἦν
3599 5558 3680 5617 καὶ
3704 5555 3749 5614 ἐκ

2212 5735 2293 5790 iii.
