3964 6434
295 376 405 433 665

953 377 1321 436 ADVERSUS
1358 371 1702 435 IIZ‘ERESES
1741 378 1867 436 LIB.

2035 379 2202 438 ΤΟΜ.
2235 380 2372 438 ΙΙ.-
2412 381 2689 440 ΗᾸΞΒΕὸ.
2731 382 2993 441 LXXVII.

3471 383 3578 442 666

295 492 446 546 λίνου
468 506 482 520 ·
507 491 580 547 τὰ
602 492 660 547 δὲ
687 493 750 547 ἐκ
773 491 916 547 λίνου
942 495 1036 548 καὶ
1071 495 1129 562 ἐξ
1159 495 1319 567 ἐρέας
1343 496 1688 568 γεγενημένα
1709 495 1892 567 ἄψυχα

2007 511 2164 567 super
2206 504 2414 552 vestem
2445 497 2566 567 ejus
2606 499 2872 555 miserunt
2905 506 3107 555 sortem
3125 497 3168 553 ⁵.
3199 497 3356 564 Quod
3391 497 3436 554 si
3480 499 3580 554 ho-

297 602 424 640 τινα
444 581 514 656 ἦν
538 587 643 667 ’καὶ
662 585 980 658 ἀναίσθητα.
1025 586 1164 640 Ἀλλ’
1194 588 1284 641 ὅτε
1313 586 1545 658 ἠθέλησε
1577 586 1749 652 δεῖξαι
1789 589 1886 642 αὑ-

301 676 396 730 τοῦ
424 678 484 731 τὸ
515 678 744 733 δυνατὸν
777 680 873 750 τῆς
907 679 1181 751 θεότητος,
1212 679 1685 751 μεταμορφωθεὶς,
1719 679 1887 744 ἔδειξε
1921 707 1945 720 ι-

299 766 365 816 τδ
391 766 687 838 πρόσωπον
714 769 879 824 αὑτοῦ
910 769 987 833 ὡς
1012 769 1106 823 τὸν
1139 769 1289 840 ἥλιον
1314 808 1328 833 ,
1359 769 1454 822 καὶ
1483 769 1552 822 τά
1577 769 1767 838 ἱμάτια
1792 769 1889 822 αὐ·-

299 857 398 910 τοῡ
426 857 596 913 λευκά
633 860 764 913 ὡσεὶ
792 859 966 930 χιόνα.
1009 862 1193 916 Πάντα
1224 861 1334 932 γὰρ
1365 860 1442 931 τῷ
1485 860 1697 932 δυνατῷ
1725 861 1887 915 δυνα-

303 946 408 1013 τὰ,
463 950 542 1013 είς
579 949 641 1002 τὸ
678 950 967 1022 ὑποθήξειν
1009 953 1024 983 ¹
1070 951 1222 1023 παρά
1278 951 1633 1023 προσδοκίαν,
1681 951 1776 1004 καὶ
1821 950 1891 1004 τά

306 1040 611 1112 ἀναίσθητα
640 1043 734 1096 καὶ
769 1043 838 1098 τά
874 1046 1053 1100 ἄπνοα
1095 1047 1175 1110 είς
1227 1043 1385 1110 δόξαν
1419 1045 1511 1099 καί
1554 1043 1890 1114 φαιδρότητα

309 1133 719 1201 μετασκευάσαι
738 1152 752 1166 ο
783 1134 860 1200 ὡς
886 1135 985 1205 τὴν
1009 1135 1202 1207 ῥάϐδον
1224 1137 1359 1190 Μωῠ
1370 1135 1527 1199 σέως,
1554 1136 1631 1200 ὡς
1665 1135 1732 1190 τὰ
1756 1135 1890 1189 ὑπο-

304 1222 526 1294 δήματα
556 1225 666 1279 τῶν
697 1227 828 1280 υἱῶν
891 1228 1124 1299 Ἰσραήλ.
1165 1229 1308 1283 Πᾶσι
1360 1228 1470 1299 γὰρ
1521 1227 1887 1300 ὡμολόγηται,

305 1312 391 1365 ὃτι
423 1316 471 1366 οί
513 1315 801 1370 ἀπόστολοι
836 1317 981 1388 ἅγιοι
1011 1319 1287 1390 ἄνθρωποι
1327 1315 1468 1391 ἦσαν
1491 1358 1508 1384 ,
1543 1318 1773 1390 φθαρτοὶ⁵
1823 1319 1894 1372 τὰ

308 1403 536 1476 σώματα
567 1409 646 1473 είς
674 1410 824 1480 ήμᾶς
848 1414 891 1476 ’,
946 1412 1210 1484 ἄφθαρτοι
1266 1412 1321 1466 δὲ
1356 1412 1443 1466 διὰ
1472 1412 1572 1484 τὴν
1605 1411 1894 1483 ἐνοικήσα-

309 1512 412 1550 σαν
439 1499 623 1564 αὐτοῖς
657 1501 793 1555 Θεοῦ
848 1502 1025 1569 δόξαν.
1062 1504 1174 1557 Καὶ
1215 1503 1345 1557 σκιά
1387 1503 1486 1576 μὲν
1516 1503 1726 1575 Πέτρου
1754 1502 1894 1556 πάν-

304 1604 410 1652 τας
458 1592 585 1653 τοὺς
632 1595 1110 1666 προσφερομένους
1157 1594 1378 1666 ἔχοντας
1415 1595 1698 1659 ἀσθενείας
1732 1595 1849 1650 ἰᾶτο
1877 1609 1892 1624 °

306 1679 404 1733 ml.
443 1682 705 1755 σουδάρια
727 1725 744 1746 ,
791 1686 886 1740 καὶ
921 1686 1223 1758 σιμικίνθια
1254 1686 1364 1740 τῶν
1417 1686 1648 1758 ἱματίων
1680 1684 1894 1739 Παύλου

305 1768 567 1841 δυνάμεις
595 1774 941 1845 ἐργάζονται.

1997 588 2202 640 minum
2236 588 2472 643 artificio
2506 591 2675 646 vestis
2715 600 2837 647 erat
2871 592 2962 646 illa
3005 591 3280 656 confecta,
3323 591 3510 660 utique
3547 606 3582 647 e

1993 679 2116 733 lana
2153 681 2374 751 linoque
2420 690 2677 737 contexta
2727 684 2924 738 fuerat.
2973 684 3106 749 Quae
3145 693 3326 738 autem
3354 699 3421 739 ex
3467 683 3582 738 lino

1991 779 2177 825 essent
2217 771 2408 826 lanave
2451 772 2618 836 facta,
2653 775 2868 843 Opinor,
2901 775 3082 829 anima
3115 790 3180 829 ac
3219 790 3384 831 sensu
3427 789 3582 830 care-

1993 860 2144 916 bant.
2177 860 2380 917 Verum
2409 865 2499 919 ubi
2522 863 2829 920 divinitatis
2864 880 2976 920 suae
3007 866 3302 934 potentiam
3334 864 3582 919 indicare

1993 953 2171 1008 visum
2201 962 2307 1015 est.
2334 955 2727 1012 transformato
2753 971 3005 1027 corpore,
3039 957 3231 1012 faciem
3258 973 3416 1012 suam
3445 957 3581 1010 solis

1995 1043 2172 1100 instar
2207 1047 2416 1116 1011
2459 1050 2834 1118 splendentem
2859 1066 2923 1105 ac
2943 1052 3274 1106 vestimenta
3317 1065 3416 1106 sua
3439 1050 3581 1105 nivis

1996 1152 2148 1191 more
2173 1137 2464 1193 candentia
2489 1143 2817 1197 monstravit
2835 1144 2878 1196 '.
2897 1141 3042 1197 Nihil
3065 1153 3149 1199 est
3167 1142 3310 1198 enim
3327 1158 3434 1195 non
3451 1156 3586 1211 pra:-

1996 1233 2202 1301 potenti
2235 1232 2342 1287 Deo
2375 1236 2657 1304 possibile,
2691 1247 2752 1292 ut
2783 1239 2865 1293 vel
2892 1253 2956 1292 ea
2986 1252 3229 1308 quoque,
3258 1252 3380 1307 qua:
3403 1250 3573 1290 sensu

1995 1336 2059 1375 ac
2085 1322 2280 1391 spiritu
2314 1334 2558 1390 careant,
2599 1336 2880 1384 momento
2910 1343 2974 1382 ac
3016 1337 3212 1399 praeter
3243 1341 3460 1380 omnem
3487 1340 3584 1378 ex-

1997 1417 2402 1482 spectationem
2425 1417 2483 1471 in
2506 1418 2737 1488 gloriam
2767 1419 2946 1490 possit
2969 1421 3431 1489 splendoremque
3448 1433 3582 1472 con-

1995 1515 2209 1561 vertere
2237 1527 2250 1563 :
2283 1511 2744 1609 quemadmodum
2799 1514 2853 1568 in
2908 1513 3110 1583 Moysis
3142 1514 3292 1583 virga
3324 1522 3379 1567 et
3410 1511 3585 1567 lsrae—

1997 1594 2218 1651 litarum
2291 1594 2683 1658 calceafnentis
2750 1604 3010 1659 ostendit.
3077 1603 3172 1658 Est
3241 1603 3386 1658 enim
3436 1602 3580 1671 apud

1997 1701 2191 1745 omnes
2211 1689 2266 1745 in
2307 1692 2584 1758 confesso,
2618 1696 2899 1766 apostolos
2920 1696 3306 1750 sanctissimos
3329 1694 3582 1748 homines

2001 1777 2175 1836 fuisse
2219 1783 2443 1839 eosdem
2493 1787 2824 1856 corporibus
2876 1772 3105 1856 perinde
3139 1801 3202 1840 ac
3244 1801 3347 1840 nos
3385 1800 3581 1839 corru-

309 1864 553 1933 ptibiles,
600 1879 676 1928 ct.
721 1879 923 1940 praeter
989 1872 1231 1927 divinam
1273 1871 1507 1943 gloriam
1563 1886 1684 1941 quae
1725 1870 1782 1926 in
1850 1870 1962 1928 illis
2002 1874 2296 1944 insidebat,
2350 1879 2706 1952 incorruptos
2751 1883 3055 1937 exstitisse.
3108 1881 3475 1947 Quamobrem
3528 1887 3585 1932 et

309 1962 510 2017 umbra
547 1963 694 2022 Petri
749 1969 952 2024 oblatis
1010 1970 1173 2040 aegris
1234 1969 1494 2025 omnibus
1538 1969 1828 2025 sanitatem
1870 1972 2166 2039 contulit“,
2207 1982 2264 2029 et
2302 1976 2528 2032 sudaria
2568 1992 2633 2032 ac
2695 1976 3040 2033 semicinctia
3077 1992 3109 2032 e
3149 1975 3303 2030 Pauli
3342 1973 3587 2028 vestibus

308 2054 636 2114 admiranda
660 2063 910 2130 quaedam
943 2064 1192 2135 prodigia
1222 2064 1662 2134 praestiterunt".

384 2150 607 2208 1Η’.Καὶ
627 2151 744 2214 πῶς
759 2147 903 2207 οὗτοι
930 2153 1063 2208 Θεὸν
1081 2153 1630 2226 πολυπραγμονοῦσιν
1652 2152 1883 2224 αἰσχράς

2055 2141 2390 2219 Χνιιωιιῑά
2411 2167 2538 2208 vero
2557 2152 2753 2207 attinet
2767 2152 3173 2207 homunciones
3189 2152 3586 2223 istosquaedam

308 2257 466 2305 τινας
511 2243 766 2308 ὑπονοίας
801 2244 1228 2316 τεκταινόμενοι,
1260 2247 1352 2299 ἐπὶ
1373 2240 1448 2300 ὧν
1477 2246 1702 2318 οὐδεμία
1741 2249 1902 2320 χρεία

310 2335 637 2406 γεγέννηται
667 2335 887 2391 πώποτε
918 2337 1056 2410 πρὸς
1083 2337 1361 2408 διαλογὴν,
1395 2339 1455 2392 οὐ
1493 2340 1745 2410 προφήτῃ
1764 2381 1779 2403 ,
1802 2341 1904 2393 οὐκ

310 2426 676 2499 εὐαγγελιστῇ
698 2468 713 2491 ,
759 2429 862 2483 οὑκ
913 2429 1198 2498 ἀποστόλῳ
1221 2468 1234 2490 .
1271 2430 1331 2483 οὐ
1387 2433 1729 2502 συγγραφεῖ;
1763 2432 1904 2484 Ὅσα

321 2520 434 2592 γάρ
458 2520 684 2575 τοιαῦτα
713 2517 860 2577 οὗτοι
893 2523 1134 2592 λέγουσι,
1158 2523 1262 2577 κᾶν
1294 2523 1467 2594 μυρία
1497 2523 1756 2577 ἐπέκεινα
1781 2523 1905 2577 τού-

293 2627 427 2674 ,των
493 2611 681 2675 κακῶς
746 2612 1120 2683 ὑπονοήσωσιν
1149 2653 1164 2678 ,
1225 2614 1327 2668 οὐκ
1379 2613 1747 2685 ἀνατρέψουσι
1803 2613 1904 2685 τὴν

316 2703 592 2774 πατρικὴν
626 2702 784 2775 ἡμῶν
817 2703 1022 2769 πίστιν,
1046 2705 1144 2775 τὴν
1173 2708 1240 2776 τῇ
1269 2705 1496 2777 ἀληθείᾳ
1528 2710 1762 2776 Χριστὸν
1783 2730 1916 2768 κατ-

316 2788 709 2858 αγγέλλουσαν.
800 2796 1094 2868 Ἐγεννήθη
1126 2797 1235 2868 γὰρ
1263 2796 1496 2868 Χριστὸς
1524 2797 1582 2849 ἐν
1611 2797 1776 2868 σαρκὶ
1807 2815 1908 2851 κα-

318 2888 398 2941 τὰ
418 2885 676 2957 ἀλήθειαν
696 2887 807 2943 ἀπὸ
830 2888 1051 2961 Μαρίας
1065 2888 1165 2958 τῆς
1204 2888 1590 2960 Ἀειπαρθένου
1623 2888 1712 2942 διὰ
1736 2886 1908 2941 Πνεῦ-

324 2993 495 3047 ματος
527 2979 706 3047 ἁγίουσ
743 2980 839 3035 καὶ
896 2979 1058 3044 εὐθὺς
1113 2980 1221 3034 ἀπὸ
1263 2983 1513 3051 κυήσεως
1555 2977 1906 3051 Ἐμμανουὴλ

319 3071 590 3135 καλεῖται,
631 3073 660 3126 ὅ
705 3072 844 3140 ἐστι,
871 3072 1017 3136 Θεὸς
1039 3073 1170 3142 μεθ’
1219 3069 1402 3142 ἡμῶν
1439 3071 1624 3124 οὐκέτι
1653 3071 1906 3143 δεύτερον

317 3164 599 3229 γεννᾶται.
639 3163 748 3217 Καὶ
779 3163 990 3234 ἀπέδρα
1034 3164 1114 3226 εἰς
1155 3160 1254 3232 τὴν
1288 3161 1562 3229 Αἴγυπτον
1594 3159 1656 3212 τὸ
1695 3161 1907 3214 παιδίον

323 3253 466 3324 μετὰ
515 3253 714 3322 Ἰωσὴφ
733 3252 828 3306 καὶ
854 3254 1092 3324 Μαρίας.
1124 3249 1314 3322 ἐπειδὴ
1345 3251 1572 3321 ἐζήτουν
1600 3249 1698 3320 τὴν
1728 3249 1908 3320 ψυχὴν

318 3343 421 3400 τοῦ
445 3345 681 3406 παιδίου,
721 3344 799 3409 ὡς
831 3344 1135 3416 δυναμένου
1169 3342 1336 3398 αὐτοῦ
1367 3343 1424 3395 ἐν
1453 3342 1615 3413 σαρκὶ
1636 3342 1909 3395 ἀποκτανο

321 3437 502 3508 θῆναι.
547 3437 709 3491 Ἀλλὰ
732 3436 1114 3509 προσεκυνήθη
1145 3434 1250 3491 ὑπὸ
1282 3434 1391 3487 τῶν
1429 3435 1620 3506 μάγων
1648 3432 1724 3496 ὡς
1773 3432 1906 3496 θεὸς

319 3528 578 3599 ἀληθινὸς
600 3568 616 3593 ,
651 3529 709 3582 ἐν
739 3529 905 3598 σαρκὶ
927 3526 1208 3598 γεννηθεὶς
1233 3565 1248 3591 ,
1299 3523 1394 3579 καὶ
1423 3524 1484 3578 οὑ
1511 3524 1752 3595 δοκήσει.
1798 3523 1908 3576 Καὶ

322 3619 563 3674 ἀνελθὼν
615 3619 725 3674 ἀπὸ
760 3618 1036 3687 Αἰγύπτου
1070 3617 1211 3672 κατὰ
1244 3616 1408 3686 φόϐον
1453 3614 1548 3671 τοῦ
1589 3614 1785 3687 Ἰωσὴφ
1810 3613 1912 3666 οὐκ

320 3713 574 3784 εἰσῆλθεν
611 3715 691 3777 είς
733 3711 1120 3785 Ἰερουσαλὴμ,
1160 3710 1228 3764 δι’
1275 3709 1583 3782 Ἀρχέλαον,
1629 3706 1706 3772 ὡς
1747 3707 1908 3762 δυνα-

327 3805 494 3876 μένου
516 3805 611 3859 τοῦ
657 3804 871 3860 παιδίου
912 3803 1254 3873 κρατηθῆναι
1274 3842 1288 3865 ,
1321 3802 1415 3854 καὶ
1454 3799 1558 3872 πρὸ
1584 3797 1680 3854 τοῦ
1715 3797 1909 3871 καιροῦ

323 3899 386 3952 ἐν
420 3898 583 3969 σαρκὶ
610 3896 803 3950 παθεῖν
838 3897 976 3967 ὅπερ
999 3895 1194 3966 ἔμελλε
1228 3893 1480 3964 πάσχειν.
1528 3890 1692 3946 Ἀλλά
1721 3890 1914 3944 διεκω-

325 3989 464 4060 λύθη
504 3989 610 4042 ὑπὸ
672 3988 917 4042 Ἰωάννου
945 4026 960 4051 ,
1017 3985 1376 4056 ἐπιγνωσθεὶς
1427 3982 1533 4038 ὑπὸ
1591 3982 1685 4037 τοῦ
1724 3983 1912 4036 δούλου

325 4079 636 4153 Δεσπότης,
682 4081 930 4144 ὅτιθεὸς
971 4075 1040 4151 ἦν
1093 4078 1523 4150 ἐνανθρωπήσας
1570 4077 1629 4130 ἐν
1661 4075 1910 4147 ἀληθείᾳ.

327 4175 404 4228 Οὐ
435 4172 758 4240 κατεδέξατο
787 4174 844 4227 δὲ
875 4174 976 4245 τὴν
1022 4174 1118 4226 τοῦ
1160 4173 1290 4226 ἰδίου
1323 4171 1513 4227 δούλου
1547 4172 1604 4224 ἐν
1633 4174 1699 4242 τῇ
1731 4169 1914 4224 τοιαύ-

323 4281 397 4339 τῃ
424 4266 676 4319 ὑποθέσει
703 4266 891 4337 τιμὴν,
927 4265 1015 4340 ἵνα
1042 4262 1309 4337 πληρώσῃ
1342 4265 1522 4316 πᾶσαν
1567 4260 1914 4332 δικαιοσύνην

326 4360 386 4410 ἐν
420 4360 602 4430 σαρκὶ,
632 4360 690 4411 ἐν
718 4358 968 4430 ἀληθείᾳ,
997 4359 1092 4411 καὶ
1127 4356 1312 4427 τελεία
1343 4354 1753 4426 ἐνανθρωπήσει
1779 4395 1794 4419 ,
1823 4353 1914 4407 τὸν

329 4449 696 4522 ὑπογραμμὸν
721 4450 818 4521 τῆς
847 4448 1119 4520 σωτηρίας
1149 4449 1277 4518 ἡμῖν
1301 4445 1711 4517 ὑπολιμπάνων.
1753 4443 1916 4498 Ἀλλὰ

326 4542 424 4597 καὶ
461 4540 740 4611 κέκμηκεν
769 4541 878 4594 ἀπὸ
925 4541 1025 4609 τῆς
1075 4538 1382 4610 ὁδοιπορίας
1421 4538 1480 4592 ἐν
1513 4537 1743 4608 ἀληθείᾳ
1765 4553 1779 4568 ·
1820 4538 1912 4591 καὶ

324 4632 427 4700 οὐχ
460 4629 644 4693 ἁπλῶς
684 4629 889 4701 ἔκαμεν
913 4673 928 4696 ,
975 4628 1111 4683 ἀλλά
1139 4629 1235 4682 καὶ
1277 4627 1568 4698 ἐκαθέσθη.
1601 4627 1748 4680 Διότι
1781 4627 1916 4698 ἁλη-

327 4721 491 4786 θινῶς
519 4720 937 4793 ἐνηνθρὼπησεν
964 4760 980 4787 ,
1002 4717 1131 4773 ἐϐόα
1159 4725 1180 4754 ³
1204 4719 1376 4789 λέγων
1399 4737 1414 4751 ο
1448 4719 1646 4782 Δεῦτε,
1691 4718 1925 4787 πάντες·

329 4816 384 4868 οἱ
409 4813 737 4880 κοπιῶντες
782 4814 879 4868 καὶ
911 4813 1396 4883 πεφορτισμένοι,
1432 4811 1598 4881 κάγὼ
1643 4813 1914 4867 ἀναπαύ-

327 4919 420 4959 σω
454 4906 645 4975 ὑμᾶς’
691 4906 777 4964 ἵνα
807 4905 957 4976 δείξῃ
985 4905 1081 4976 τὴν
1127 4904 1294 4958 αὐτοῦ
1325 4903 1556 4974 θεότητα
1594 4904 1782 4975 ἱκανὴν
1821 4899 1912 4957 οὗ·

330 5013 429 5050 σαν
462 4997 639 5056 πάντα
682 4994 752 5050 τὰ
791 4995 969 5066 πλήθη
1020 4994 1114 5048 τοῦ
1171 4996 1378 5065 κόσμου
1435 4995 1505 5047 τὰ
1557 4995 1693 5066 πρὸς
1752 4995 1913 5049 αὑτὸν

327 5086 704 5156 ἀφικνούμενα
735 5085 1069 5142 ἀναπαῦσαι.
1131 5085 1291 5138 Ἀλλά
1321 5085 1417 5138 καὶ
1455 5085 1757 5157 ἑπειράσθη
1809 5087 1913 5140 ὑπὸ

327 5176 424 5229 τοῦ
454 5175 724 5238 διαϐόλου,
760 5174 855 5227 καὶ
892 5173 1074 5244 ἔμεινε
1096 5175 1504 5245 τεσσαράκοντα
1535 5174 1746 5244 ἡμέρας
1776 5175 1913 5245 μήτε

329 5267 548 5335 ἐσθίων,
581 5269 718 5339 μήτε
752 5267 923 5321 πίνων
941 5285 955 5300 ο
986 5268 1074 5320 ἵνα
1108 5263 1255 5337 δείξῃ
1275 5265 1336 5318 τὸ
1356 5265 1600 5329 ἀνενδεές
1623 5266 1720 5336 τῆς
1746 5266 1914 5319 αὑτοῦ

331 5363 605 5433 θεότητος.
639 5364 713 5418 Οὐ
739 5363 850 5434 γὰρ
879 5361 1080 5418 πεινῶν
1104 5361 1423 5432 ὑπέμεινεν,
1450 5361 1524 5423 ὡς
1550 5360 1916 5429 φιλοσοφικῶς

334 5454 454 5510 καθ’
482 5457 630 5527 ήμᾶς
659 5456 1126 5526 ἐγκρατευόμενος
1149 5493 1164 5517 ,
1206 5455 1302 5509 καὶ
1339 5454 1500 5507 αὑτὸν
1552 5453 1737 5524 ἄγχων
1760 5495 1774 5519 ,
1821 5454 1916 5508 καὶ

331 5546 652 5618 βιαζόμενος
671 5588 685 5612 ,
717 5547 854 5602 ἀλλὰ
875 5547 1254 5620 ἁνυστερήτως
1273 5545 1360 5599 διά
1392 5547 1490 5617 τὴν
1525 5546 1785 5616 ἀληθινὴν
1816 5547 1915 5600 αὐ-

407 5666 423 5697 ¹
453 5664 584 5719 Gor.
619 5661 883 5728 ὑπόθιξιν.
962 5663 982 5693 ¹
1011 5660 1072 5714 F.
1099 5661 1175 5723 ὡς
1206 5661 1388 5731 ἡμεῖς.

335 5807 382 5838 ³³
411 5803 607 5861 Matth.
633 5819 711 5866 χι.
746 5803 836 5859 Έ8.

1469 5659 1488 5690 ³
1523 5659 1582 5713 F.
1616 5661 1709 5714 ml
1733 5660 1882 5713 ἐϐόα.
1961 5658 1982 5691 ⁸
2021 5657 2180 5713 Joan.
2212 5672 2324 5719 nx,
2379 5654 2482 5716 24;
2511 5652 2658 5706 Psal.
2708 5665 2823 5715 ιιι,
2860 5649 2942 5703 l9.

331 5736 496 5788 ‘Act.
522 5750 574 5796 v,
608 5733 692 5786 15.
767 5734 786 5762 ⁷
831 5734 950 5789 Act.
985 5748 1098 5797 nx,
1141 5729 1259 5787 l2."
1301 5735 1322 5763 ⁸
1358 5730 1543 5787 Matth.
1572 5745 1609 5794 ι.
1636 5732 1726 5786 25.
1804 5731 1824 5763 ⁸
1849 5729 1906 5785 hi;

2007 5749 2035 5784 l.
2061 5746 2120 5797 ιι,
2153 5729 2218 5784 15
2240 5743 2361 5798 sqq.

2004 2246 2293 2316 subturpia
2325 2247 2665 2317 cogitatione
2698 2245 2966 2316 fingentes
2994 2246 3048 2298 in
3079 2245 3330 2300 divinum
3378 2263 3585 2302 numen

2003 2335 2280 2391 curiosius
2311 2335 2613 2406 inquirere,
2645 2351 2772 2391 eum
2815 2337 2884 2391 de
2920 2336 3006 2391 his
3052 2338 3238 2391 nullus
3294 2338 3587 2406 propheta,

2003 2429 2088 2484 vel
2114 2431 2471 2500 evangelista,
2511 2431 2594 2484 vel
2628 2430 2932 2500 apostolus,
2977 2429 3062 2484 vel
3107 2431 3335 2483 alterius
3363 2431 3586 2499 generis

2004 2521 2245 2590 scriptor
2280 2521 2566 2591 disputare
2591 2521 2697 2576 sibi
2724 2520 3101 2576 necessarium
3127 2519 3384 2573 duxerit?
3411 2520 3591 2573 Enim-

2005 2627 2136 2668 vero
2185 2612 2457 2684 quidquid
2507 2613 2584 2669 illi
2621 2621 2873 2675 narrant,
2919 2627 2984 2667 ac
3034 2612 3160 2666 licet
3215 2611 3428 2665 infinita
3483 2612 3589 2666 alia

2007 2713 2270 2773 praeterea
2303 2703 2442 2758 falsa
2473 2706 2596 2760 sine
2629 2705 2886 2774 opinione
2919 2703 3257 2774 confingant,
3303 2719 3590 2772 nunquam

2007 2802 2189 2849 tamen
2223 2795 2480 2849 traditam
2509 2810 2539 2848 a
2581 2795 2884 2865 majoribus
2915 2795 3121 2849 nostris
3154 2794 3333 2857 fidem,
3370 2811 3493 2864 quae
3525 2796 3594 2849 de

2007 2885 2229 2941 Christo
2264 2887 2483 2942 sincere
2510 2886 2695 2941 omnia
2722 2885 3008 2956 prwdieat,
3035 2892 3295 2955 poterunt
3319 2894 3592 2940 evertere.

2006 2980 2266 3036 Christus
2295 2982 2440 3037 enim
2465 2997 2532 3036 ex
2566 2980 2739 3035 Maria
2775 2980 3000 3051 Virgine
3033 2979 3339 3035 secundum
3371 2995 3594 3033 carnem

2008 3087 2200 3126 revera
2243 3072 2312 3126 de
2357 3071 2563 3142 Spiritu
2616 3081 2808 3127 sancto
2850 3071 3069 3140 genitus
3111 3076 3219 3124 est.
3274 3070 3353 3122 Ac
3407 3069 3594 3124 statim

2009 3170 2134 3230 post
2176 3170 2392 3230 partum
2448 3161 2793 3226 Emmanuel,
2848 3161 2954 3216 hoc
3000 3171 3084 3216 est
3121 3159 3411 3215 Nobiscum
3455 3160 3595 3212 Deus

2010 3255 2394 3323 appellatur“;
2431 3270 2534 3309 nec
2564 3254 2677 3324 jam
2714 3252 2960 3308 secundo
2991 3253 3258 3322 gignitur.
3306 3249 3440 3305 Post
3481 3251 3596 3304 haec

2013 3345 2198 3400 infans
2229 3346 2283 3399 in
2316 3344 2612 3416 Egyptum
2658 3360 2784 3400 cum
2827 3344 3068 3414 Josepho
3112 3359 3177 3397 ac
3208 3342 3377 3395 Maria
3415 3349 3595 3394 trans-

2016 3434 2172 3503 fugit,
2203 3435 2467 3503 quoniam
2498 3436 2816 3505 qumrebant
2843 3435 3080 3487 animam
3114 3433 3267 3502 pueri
3290 3433 3334 3492 ⁸,
3373 3439 3431 3485 ιιι
3460 3431 3595 3485 iliud

2014 3534 2339 3594 argumento
2365 3526 2437 3580 sit
2469 3525 2621 3579 illum
2653 3525 2706 3580 in
2737 3539 2905 3579 carne
2946 3524 3129 3580 necari
3177 3523 3444 3592 potuisse.
3491 3519 3595 3574 Vo-

2015 3630 2138 3670 rum
2174 3629 2208 3670 a
2242 3616 2415 3686 magis
2461 3615 2726 3671 adoratus
2776 3623 2881 3682 est,
2937 3623 3200 3684 tanquam
3237 3626 3400 3665 verus
3452 3608 3597 3665 Deus

2013 3723 2184 3765 carne
2213 3724 2356 3778 ipsa,
2395 3724 2507 3765 non
2554 3709 2673 3764 sola
2717 3706 2903 3779 specie
2939 3703 3470 3772 adumbrationeque
3501 3718 3596 3756 na-

2013 3811 2124 3859 tus.
2153 3801 2360 3858 Deinde
2386 3817 2512 3857 cum
2545 3817 2612 3858 ex
2634 3799 2873 3872 Egypto
2899 3798 3241 3860 revertisset,
3269 3794 3596 3850 Archelaum

2015 3896 2197 3951 adhuc
2227 3904 2506 3950 metuente
2529 3893 2796 3966 Josepho,
2829 3892 3264 3962 Hierosolymam
3304 3903 3414 3942 non
3441 3886 3598 3951 adiit,

2013 3995 2205 4059 utpote
2229 4003 2356 4043 cum
2384 3995 2439 4044 et
2479 3987 2662 4043 infans
2698 3983 3095 4058 comprehendi
3137 3991 3342 4052 posset,
3373 3988 3430 4036 et
3474 3985 3600 4033 ante

2013 4089 2234 4150 tempus
2269 4080 2324 4134 in
2359 4095 2528 4135 carne
2555 4079 2787 4149 perpeti,
2820 4092 2944 4147 quae
2973 4083 3093 4132 erat
3131 4072 3427 4143 aliquando
3470 4088 3598 4142 pas-

2014 4187 2200 4229 surus.
2255 4171 2458 4228 Praeter
2497 4172 2614 4225 haec
2653 4184 2683 4223 a
2713 4168 2925 4224 Joanne
2969 4165 3281 4237 prohibitus
3324 4171 3431 4229 est,
3471 4177 3600 4216 cum

2019 4267 2304 4328 dominum
2353 4277 2547 4317 servus
2587 4259 2928 4328 agnovisset,
2963 4257 3131 4311 Deum
3181 4269 3306 4309 esse
3359 4251 3600 4306 hominis

2016 4363 2216 4410 natura
2249 4369 2440 4410 revera
2482 4353 2767 4422 praeditum
2797 4349 2864 4406 ¹⁰.
2898 4349 2967 4402 At
2997 4349 3043 4403 is
3075 4347 3318 4400 habitum
3355 4344 3457 4398 sibi
3501 4343 3596 4396 ho-

2015 4461 2207 4503 norem
2256 4461 2287 4500 a
2336 4460 2494 4501 servo
2524 4444 2580 4496 in
2608 4457 2674 4497 eo
2707 4456 2906 4512 genere
2938 4438 3263 4493 detrectavit
3293 4450 3508 4489 onmem
3543 4433 3597 4486 in

2015 4553 2182 4596 carne
2218 4553 2283 4594 ex
2321 4535 2398 4590 rei
2448 4535 2698 4598 veritate,
2736 4541 2794 4586 ut
2842 4532 2895 4585 in
2940 4529 3180 4599 perfecta
3230 4524 3469 4580 hominis
3500 4540 3597 4576 na-

2015 4640 2140 4686 tura
2179 4626 2448 4699 justitiam
2495 4623 2764 4694 impleret.
2807 4621 2925 4687 Qua
2960 4620 3015 4672 in
3045 4634 3103 4672 re
3147 4618 3390 4670 salutare
3437 4613 3598 4666 nobis

2016 4721 2327 4792 exemplum
2359 4718 2602 4786 reliquit.
2635 4714 2780 4780 Quin
2806 4714 2969 4767 etiam
3004 4726 3132 4765 vere
3172 4708 3240 4764 de
3281 4708 3368 4761 via
3401 4704 3598 4774 fatiga-

1948 4829 1991 4884 ι)
2019 4819 2108 4867 tus
2133 4820 2239 4874 est,
2264 4822 2367 4863 nec
2399 4806 2656 4878 fatigatus
2681 4803 2865 4867 modo,
2907 4801 3002 4857 sed
3027 4800 3192 4856 etiam
3225 4813 3335 4867 pra:
3376 4796 3598 4850 lassitu-

2015 4904 2146 4958 dine
2189 4900 2392 4956 resedit
2421 4899 2485 4952 ἰ.
2518 4897 2599 4952 Ad
2641 4896 2756 4951 haec
2783 4897 3041 4965 quoniam
3071 4907 3180 4945 non
3211 4891 3332 4944 ficte
3363 4889 3600 4942 hominis

2017 5001 2270 5047 naturam
2358 4994 2714 5056 susceperat,
2778 4993 3038 5040 contenta
3093 4998 3226 5036 voce
3293 4980 3594 5035 clamavit:

2021 5084 2234 5154 1012
2286 5081 2485 5145 Venite,
2515 5095 2690 5134 omnes
2719 5077 2809 5148 qui
2837 5075 3094 5134 laboratis
3123 5084 3171 5129 et
3205 5077 3411 5128 onerati
3449 5075 3598 5136 estis,

2014 5187 2064 5229 et
2101 5192 2194 5245 ego
2233 5173 2470 5242 reﬁciant
2503 5187 2588 5224 vos
2617 5171 2659 5202 “
2690 5189 2701 5223 :
2731 5176 2789 5222 ut
2813 5169 2880 5221 ad
2913 5183 3104 5224 omnes
3135 5167 3286 5222 orbis
3330 5174 3597 5219 terrarum

2018 5267 2292 5333 homines,
2326 5265 2416 5336 qui
2455 5263 2520 5316 ad
2552 5278 2673 5319 sese
2700 5260 3081 5330 confugerent,
3114 5259 3444 5315 recreandos
3479 5257 3598 5308 ido-

2019 5378 2178 5418 neam
2211 5375 2335 5417 esse
2365 5356 2717 5412 Divinitatem
2751 5369 2907 5410 suam
2941 5353 3275 5407 ostenderet.
3327 5349 3595 5402 Praeterea

2017 5462 2258 5511 tentatus
2287 5469 2318 5506 a
2347 5450 2565 5506 diabolo
2589 5456 2692 5512 est,
2721 5455 2775 5502 et
2797 5446 3156 5517 quadraginta
3183 5445 3298 5498 dies
3333 5443 3451 5494 sine
3486 5441 3598 5492 ullo

2016 5549 2140 5603 cibo
2192 5553 2434 5616 potuque
2482 5539 2805 5612 permansit,
2844 5547 2903 5593 ut
2950 5536 3199 5592 eamdem
3250 5531 3592 5588 divinitatem

3045 5647 3066 5678 ⁵
3109 5641 3300 5696 Matth.
3365 5653 3501 5699 xvn,
3535 5638 3591 5698 2.

2441 5709 2484 5757 ιδ
2518 5723 2706 5780 Matth.
2747 5709 2832 5786 ιιι,
2869 5720 2934 5776 ιι
2972 5733 3091 5787 sqq.
3170 5714 3210 5746 “
3237 5711 3396 5767 ³0³11-
3432 5724 3510 5776 ιν»
3541 5709 3592 5766 δ·
