3964 6424
483 391 587 449 667

1877 389 1933 445 S.
1977 388 2315 444 EPIPIIANII
3601 388 3683 447 668

483 503 689 558 nullius
740 503 817 559 rei
861 502 1104 574 indigere
1145 511 1494 560 monstraret.
1547 502 1736 575 Neque
1763 506 1908 560 enim
1941 517 2055 560 tum

2167 507 2252 561 τοῦ
2290 503 2552 576 θεότητα,
2591 502 2685 557 καὶ
2710 501 2937 573 ὕστερον
2960 540 2977 566 ,
3007 499 3170 573 φησὶν
3197 502 3229 574 ἡ
3254 499 3440 573 Γραφὴ
3465 541 3477 564 .
3503 502 3682 556 ἐπείνα.

484 594 680 649 iamem
731 593 1060 656 sustinebat,
1115 595 1275 664 quasi
1325 595 1588 650 severiori
1639 595 1879 666 quodam
1937 597 2064 652 vitae

483 685 733 738 instituto
764 683 866 738 sibi
896 683 1287 739 abstinentiam
1321 683 1632 749 indixisset,
1677 700 1907 756 seseque
1948 686 2064 742 ine-

479 775 569 830 dia
622 776 874 831 cruciare
913 771 1354 845 ac‘perdomare
1406 776 1602 844 vellet;
1655 776 1750 832 sed
1802 786 2062 848 tanquam

483 880 666 921 veram
710 868 766 922 in
813 883 937 924 sese
972 868 1314 924 divinitatem
1347 868 1556 925 habens
1587 870 1793 925 nullius
1819 869 2018 940 egebat
2045 888 2059 924 :

482 967 670 1026 postea
702 968 908 1022 tamen,
955 967 1015 1014 ut
1065 959 1348 1030 Scriptura
1398 968 1588 1014 narrat
1617 963 1657 1025 ',
1691 961 1904 1016 esuriit.
1945 960 2064 1026 Qua

482 1051 695 1105 ratione
725 1067 852 1107 vere
895 1067 955 1106 se
995 1051 1270 1107 hominem
1311 1051 1514 1107 factum
1548 1069 1672 1109 esse
1707 1053 2062 1124 signiﬁcavit,

480 1157 605 1196 cum
634 1151 975 1213 assumptum
1003 1157 1033 1196 a
1089 1158 1148 1199 se
1181 1159 1379 1214 corpus
1421 1144 1566 1200 veris
1598 1159 1663 1199 ac
1692 1145 1894 1199 rationi
1929 1159 2064 1200 con-

481 1232 762 1288 sentaneis
801 1235 1230 1289 necessitatibus
1268 1235 1566 1290 obnoxium
1598 1249 1724 1291 esse
1755 1235 1939 1290 divina
1964 1249 2064 1289 na-

481 1335 606 1379 tura
637 1325 927 1390 voluisset,
956 1341 1044 1389 ne,
1072 1325 1219 1396 qttod
1243 1341 1308 1382 ex
1337 1326 1457 1396 ipsa
1491 1341 1682 1382 revera
1715 1339 2064 1397 consequens

479 1429 604 1470 esse
647 1414 956 1478 videbatur,
1004 1429 1190 1470 veram
1247 1417 1499 1471 humanm
1533 1424 1745 1471 natura
1791 1415 2064 1471 conditio-

480 1521 605 1561 nem
633 1507 1022 1578 exstingueret.
1069 1505 1225 1563 Unde
1261 1516 1316 1563 et
1348 1508 1414 1563 ad
1454 1507 1617 1562 iicum
1651 1508 1903 1564 arborem
1931 1522 2062 1563 esu-

479 1597 572 1650 riit
599 1599 652 1657 ',
682 1605 736 1650 et
765 1613 953 1652 verum
987 1599 1160 1653 lutum
1195 1598 1324 1654 fecit
1346 1600 1366 1631 ³
1388 1639 1404 1654 .
1441 1600 1525 1654 Ad
1556 1599 1810 1656 eamdem
1841 1614 1972 1655 vero
1998 1599 2062 1654 il-

477 1687 582 1740 lam
614 1685 773 1740 ﬁeum
806 1703 928 1743 cum
963 1691 1227 1743 nonnulla
1265 1691 1516 1754 dixisset,
1560 1706 1644 1756 ea,
1695 1690 1774 1745 uti
1811 1690 2054 1756 dixerat,

477 1775 861 1833 acciderunt‘.
897 1777 1028 1833 item
1081 1780 1138 1834 in
1176 1780 1397 1851 navigio
1441 1795 1566 1836 cum
1619 1790 1842 1835 ventum
1887 1781 2064 1836 incre-

2166 615 2287 654 σενο
2317 598 2401 652 ίνα
2430 596 2581 667 δείξῃ
2615 595 2714 666 τὴν
2761 595 3018 667 ἀληθινὴν
3050 593 3449 667 ἐνανθρώπησιν
3484 594 3568 664 τῆς
3586 589 3686 649 Θεό-

2162 707 2324 760 τητος
2347 727 2362 753 ,
2412 687 2718 758 ἐνδιδούσης
2749 689 2815 759 τῇ
2848 687 3099 758 ἐνσάρκῳ
3129 686 3395 760 παρουσίᾳ
3442 685 3539 740 τῶν
3569 687 3688 740 εὐλό-

2164 797 2277 848 γων
2323 778 2522 851 χρειῶν
2577 779 2672 832 καὶ
2723 777 2994 850 ἀληθινῶν
3054 776 3302 849 μετέχειν
3333 793 3347 806 ·
3399 777 3480 831 ἵνα
3530 777 3594 848 μὴ
3642 776 3691 830 τὸ

2165 868 2418 940 ἀληθινὸν
2444 867 2546 936 τῆς
2575 867 2894 932 ἀκολουθίας
2922 867 3162 940 ἀφανίσῃ
3189 867 3282 938 τὴν
3308 866 3550 938 ἀληθινὴν
3578 867 3692 920 ἐναν·

2166 959 2613 1038 θρώπησιν..Καὶ
2639 959 2747 1030 γὰρ
2779 961 2873 1013 καὶ
2904 959 2998 1012 ἐπὶ
3033 959 3131 1031 τῆς
3164 959 3331 1028 συκῆς
3358 957 3694 1019 ἐπείνασε,καὶ

2165 1049 2335 1121 πηλὸν
2373 1047 2627 1120 ἀληθινὸν
2674 1047 2952 1120 ἐποίησεν.
2999 1047 3164 1101 Ἀλλά
3216 1046 3371 1116 λόγον
3427 1041 3537 1099 εἷπε
3585 1047 3693 1117 πρὸς

2163 1142 2266 1214 τὴν
2317 1142 2493 1213 συκῆν
2545 1143 2576 1196 ό
2615 1141 2781 1204 Θεὸς,
2833 1139 2928 1194 καὶ
2957 1137 3194 1208 ἐγένετο.
3235 1139 3342 1191 Καὶ
3369 1137 3458 1189 ἐπὶ
3486 1136 3572 1206 τῆς
3595 1135 3695 1206 vr};

2165 1235 2464 1306 ἐπετίμησε
2491 1233 2572 1304 τῷ
2604 1231 2793 1304 ἀνέμῳ
2815 1273 2831 1296 ,
2867 1231 2961 1285 καὶ
3011 1231 3306 1284 ἐπαύσατο.
3357 1227 3462 1283 Καὶ
3510 1227 3589 1281 διὰ
3620 1226 3694 1279 τοῦ

2165 1324 2484 1395 πτύσματος
2521 1321 2617 1376 καὶ
2672 1320 2846 1392 πηλοῦ
2871 1359 2887 1384 ,
2936 1319 3016 1391 τῷ
3041 1319 3184 1390 λόγῳ
3219 1319 3317 1388 τῆς
3349 1315 3502 1370 αὐτοῦ
3537 1316 3694 1386 Θεὸτη-

2163 1432 2256 1477 τος
2281 1453 2295 1478 ,
2351 1413 2447 1467 καὶ
2487 1411 2566 1483 τῷ
2625 1411 2904 1482 πτύσματι
2935 1410 3035 1480 τῆς
3067 1408 3230 1463 αὐτοῦ
3259 1406 3694 1478 ἐνανθρωπήσεως,

2165 1484 2259 1561 καὶ
2288 1505 2367 1577 τῷ
2399 1503 2557 1575 πηλῷ
2581 1503 2743 1557 πάλιν
2765 1544 2780 1570 ,
2802 1502 2880 1566 ὡς
2908 1499 2986 1572 τῷ
3027 1499 3199 1570 Ἀδὰμ
3220 1541 3234 1564 ,
3261 1497 3356 1552 καὶ
3376 1497 3538 1567 τούτῳ
3558 1496 3610 1548 τὸ
3634 1496 3698 1548 ὲλ-

2165 1596 2322 1660 λιπὲς
2353 1595 2512 1667 μέλος
2563 1593 2814 1648 πλάττων
2866 1593 3160 1664 ἐχαρίσατο
3189 1605 3203 1620 ·
3242 1589 3350 1644 τῶν
3402 1589 3599 1642 πάντων
3628 1603 3698 1640 τε·

2163 1687 2323 1741 λείων
2349 1689 2406 1740 ἐν
2426 1685 2576 1756 αὐτῷ
2597 1686 2785 1749 ὄντων,
2821 1686 2880 1737 ἐν
2904 1683 3069 1754 σαρκὶ
3097 1681 3430 1753 πασχόντων,
3449 1682 3503 1734 ἐν
3528 1679 3699 1747 θεότητι

2168 1780 2226 1833 δὲ
2253 1777 2477 1832 ἀπαθῶν
2507 1777 2676 1830 ὄντων
2695 1817 2711 1844 ,
2746 1776 2849 1839 ἕως
2882 1775 3082 1846 ἀνέστη
3113 1777 3178 1828 ἐκ
3203 1773 3314 1827 τῶν
3340 1771 3539 1842 νεκρῶν
3556 1811 3569 1837 ,
3595 1769 3698 1832 ὅλως

477 1875 686 1933 passet,
717 1865 808 1921 hic
838 1868 1022 1923 subito
1051 1869 1216 1924 desiit
1235 1869 1279 1922 ⁸.
1311 1869 1450 1923 Tum
1485 1884 1618 1925 vero
1648 1877 1813 1941 sputo
1844 1885 1965 1937 suo,
1991 1885 2055 1925 ac

2167 1871 2236 1942 μὴ
2275 1870 2500 1939 πάσχων
2528 1867 2745 1930 λοιπὸν,
2777 1867 2916 1931 ὅλως
2949 1867 3148 1938 μηκέτι
3182 1866 3550 1937 ἀποθνήσκων.

477 1957 614 2021 Ιυιο,
667 1972 794 2011 cum
845 1958 1155 2014 Divinitatis
1217 1975 1330 2017 sum
1393 1975 1665 2021 sermone.
1741 1969 1856 2013 tum
1906 1959 2165 2024 hominis,
2231 1975 2392 2029 quem
2437 1965 2832 2028 assumpserat,
2873 1966 3064 2028 sputo,
3112 1957 3244 2022 luto,
3317 1957 3550 2026 inquam,
3599 1954 3708 2009 sicut

473 2050 684 2104 Adamo
726 2050 1030 2126 quondam,
1072 2052 1146 2106 ita
1181 2066 1332 2107 caeco
1388 2052 1467 2106 illi
1509 2051 1656 2121 quod
1703 2051 1773 2105 ad
1800 2051 2166 2122 integritatem
2207 2049 2395 2106 deerat
2434 2050 2741 2104 membrum
2780 2048 2937 2103 ﬂuxit
2963 2064 3028 2104 ac
3056 2048 3292 2104 reddidit
3321 2048 3403 2104 :si
3439 2045 3633 2117 quidem
3661 2043 3703 2096 in

472 2159 540 2198 eo
570 2151 728 2197 erant
771 2142 956 2196 omnia
1001 2143 1264 2212 perfecta,
1296 2143 1436 2198 adeo
1468 2149 1528 2197 ut
1579 2143 1636 2197 in
1690 2157 1860 2197 carne
1891 2149 2230 2212 paterentur,
2287 2142 2344 2196 in
2397 2140 2685 2196 divinitate
2726 2155 2857 2196 vero
2893 2140 3004 2212 pati
3053 2140 3187 2196 nihil
3235 2148 3474 2212 possent,
3514 2139 3704 2194 doneca

473 2236 708 2292 mortuis
731 2235 1002 2291 excitatus
1022 2247 1125 2304 est,
1151 2236 1287 2289 nihil
1311 2235 1548 2300 amplius
1573 2235 1800 2290 omnino
1821 2235 2056 2306 patiens,
2100 2251 2279 2306 neque
2309 2235 2552 2291 moriens
2583 2233 2810 2290 omnino
2837 2235 2881 2288 ⁸.

542 2325 746 2392 Quodsi
769 2327 1038 2392 nonnulli,
1072 2341 1173 2396 pro
1195 2343 1262 2383 eo
1288 2329 1437 2398 quod
1459 2342 1489 2383 e
1514 2327 1656 2381 virili
1682 2337 1803 2382 satu
1858 2342 2058 2398 corpus

475 2433 583 2470 non
615 2417 912 2486 acceperit,
950 2417 1153 2472 diversi
1191 2419 1478 2488 cujusdam
1509 2433 1634 2474 esse
1660 2419 1878 2489 generis
1912 2419 2066 2473 arbi-

473 2515 708 2570 trentur,
738 2523 847 2562 non
870 2516 955 2563 est
978 2509 1125 2578 quod
1151 2520 1439 2579 propterea
1462 2511 1637 2566 nostri
1667 2511 1920 2581 corporis
1941 2525 2066 2565 esse

473 2598 744 2653 dissimile
793 2606 1006 2669 putent.
1057 2599 1354 2669 Postquam
1400 2601 1548 2655 enim
1595 2617 1626 2656 e
1670 2600 1840 2655 Maria
1871 2609 2061 2655 natum

474 2703 601 2743 esse
628 2696 786 2742 extra
812 2687 1213 2744 dubitationem
1238 2705 1454 2746 omnem
1482 2701 1587 2754 est,
1616 2699 1869 2747 nostrum
1897 2690 2067 2747 fuisse

479 2794 710 2835 necesse
741 2788 849 2845 est,
884 2779 1056 2835 Maria
1097 2781 1299 2852 quippe
1332 2797 1440 2836 non
1474 2783 1723 2848 alterius,
1759 2797 1923 2853 quam
1964 2797 2066 2836 cu-

473 2869 568 2939 jus
599 2885 829 2940 corpora
857 2879 1048 2927 nostra
1091 2881 1242 2938 sunt,
1290 2874 1624 2930 conditionis
1664 2875 1874 2930 exstitit
1899 2893 1912 2930 :
1937 2889 2066 2928 nam

477 2969 534 3016 et
566 2961 811 3016 Adamus
838 2976 868 3014 a
896 2961 1018 3016 viro
1044 2962 1263 3034 genitus
1293 2979 1402 3018 non
1439 2962 1563 3029 fuit,
1596 2963 1692 3019 sed
1721 2979 1753 3020 e
1778 2972 1925 3018 terra
1959 2964 2066 3018 ior-

480 3052 730 3120 matus",
760 3067 861 3108 nec
903 3052 1027 3108 ideo
1065 3053 1317 3123 sequitur
1345 3055 1493 3125 quod
1528 3070 1636 3109 non
1676 3069 1708 3110 e
1745 3055 1889 3109 virili
1919 3063 2064 3119 satu,

2234 2329 2300 2383 Et
2330 2327 2388 2382 δέ
2424 2345 2602 2392 τινες,
2655 2325 2745 2381 διὰ
2768 2327 2830 2381 τὸ
2879 2326 2954 2398 μὴ
2986 2327 3095 2381 ἀπὺ
3124 2326 3440 2397 σπέρματος
3467 2323 3635 2395 ἀνδρὸς
3657 2319 3704 2373 τὸ

2169 2420 2330 2492 σῶμα
2357 2418 2518 2472 αὑτὸν
2545 2417 2846 2490 εἰληφέναι,
2873 2417 3083 2472 ἀλλοῖον
3111 2418 3420 2488 νοήσουσιν,
3441 2416 3500 2468 οὐ
3525 2414 3703 2476 πάντως

2166 2509 2256 2564 διὰ
2282 2509 2442 2562 τοῦτο
2485 2509 2587 2562 οὐκ
2623 2509 2741 2562 ἐστι
2767 2507 2909 2562 κατὰ
2950 2507 3012 2561 τὸ
3042 2507 3312 2579 ἡμέτερον
3342 2507 3512 2577 σῶμα.
3559 2503 3702 2568 Ἐξὸτε

2169 2599 2281 2671 γὰρ
2321 2599 2430 2654 ἀπὸ
2480 2598 2700 2671 Μαρίας
2744 2597 3089 2669 ὡμολόγηται
3118 2637 3133 2662 ,
3183 2599 3452 2668 ἡμέτερον
3498 2591 3579 2667 ἦν.
3622 2594 3704 2646 Καὶ

2171 2690 2281 2763 γὰρ
2317 2686 2507 2761 Μαρία
2540 2691 2638 2744 οὐκ
2665 2690 2800 2762 ἄλλη
2828 2685 2898 2762 ἦν
2926 2689 3076 2759 παρὰ
3103 2688 3172 2742 τὰ
3209 2689 3452 2760 ἡμέτερα
3477 2686 3700 2758 σώματα·

2171 2782 2296 2835 ἐπεὶ
2323 2783 2419 2836 καὶ
2443 2785 2471 2835 ὁ
2506 2780 2677 2851 Ἀδὰμ
2706 2781 2806 2834 οὐκ
2837 2780 2944 2834 ἀπὸ
2969 2779 3287 2850 σπέρματος
3313 2779 3496 2850 ἀνδρὸς
3517 2773 3595 2848 ἦν,
3618 2775 3703 2829 ἀλλ’

2171 2875 2238 2928 ἐκ
2282 2874 2382 2946 τῆς
2413 2873 2520 2944 γῆς
2565 2871 2968 2944 πεπλασμένος.
3019 2871 3124 2925 Καὶ
3155 2871 3217 2924 οὐ
3273 2871 3488 2933 πάντως
3513 2911 3526 2935 ,
3556 2866 3704 2934 ὲπεώὴ

2172 2965 2282 3020 ἀπὸ
2325 2965 2425 3036 τῆς
2458 2965 2564 3036 γῆς
2607 2960 2676 3036 ἦν
2703 3004 2718 3029 ,
2771 2966 2867 3018 καὶ
2898 2965 3001 3018 οὐκ
3049 2964 3160 3017 ἀπὸ
3194 2964 3504 3035 σπέρματος
3529 2959 3703 3028 ἀνδρὸς,

2171 3056 2383 3120 ἀλλοῖος
2427 3052 2498 3128 ἦν
2532 3055 2685 3128 παρὰ
2734 3055 2806 3108 τὰ
2857 3055 3099 3127 ἡμέτερα
3129 3053 3381 3125 σώματα.
3422 3053 3595 3122 Ἡμεῖς
3623 3048 3706 3117 γὰρ

483 3143 579 3199 sed
601 3143 669 3199 de
690 3153 831 3198 terra
859 3143 1143 3214 prodierit,
1174 3145 1448 3201 diversam
1472 3147 1764 3218 quamdam
1796 3163 1825 3201 a
1859 3149 2064 3204 nostris

2172 3147 2230 3214 ἐξ
2263 3146 2428 3200 αὐτοῦ
2463 3147 2861 3218 γεγεννήμεθα,
2897 3146 2989 3200 καὶ
3021 3147 3120 3198 οὐκ
3155 3146 3326 3215 ἐσμὲν
3358 3144 3550 3198 ἀλλοῖοι
3585 3137 3705 3210 παρὰ

479 3235 808 3304 corporibus
850 3242 1102 3289 naturam
1133 3251 1259 3291 esse
1292 3237 1568 3293 sortitum.
1612 3237 1823 3294 Etenim
1869 3255 1970 3296 nos
1999 3239 2068 3294 ab

482 3324 578 3378 illo
612 3325 784 3396 geniti
824 3325 895 3381 ab
921 3325 1166 3395 ejusdem
1195 3341 1426 3398 corpore
1453 3327 1659 3384 diversi
1693 3343 1806 3384 non
1837 3344 2064 3396 sumus;

480 3418 697 3472 tametsi
729 3417 937 3472 evirili
988 3426 1110 3473 satu
1160 3417 1426 3476 fuerimus
1500 3435 1565 3475 ac
1614 3421 1863 3477 mulieris
1909 3429 2067 3477 utero

482 3509 786 3579 propagati.
841 3508 947 3564 Sed
991 3510 1107 3565 haac
1153 3512 1400 3565 nonnulli
1453 3513 1712 3568 subtilius
1769 3513 2066 3568 identidem

480 3607 782 3654 tractantes
814 3608 870 3655 et
909 3601 967 3654 in
1007 3601 1192 3656 animo
1223 3609 1537 3666 versantes,
1578 3617 1608 3658 a
1644 3618 1814 3674 scopo
1848 3604 2065 3674 penitus

481 3689 833 3744 aberrarunt.
875 3690 984 3744 Alii
1033 3707 1199 3762 porro
1237 3707 1306 3749 ex
1360 3694 1572 3764 1013
1611 3695 1701 3757 iis,
1733 3695 1828 3766 qui
1865 3695 1932 3749 ad
1965 3709 2093 3750 nos-

483 3781 845 3845 ventitabant,
925 3782 1138 3838 inﬁnita
1184 3783 1432 3854 quaedam
1488 3786 1595 3840 alia
1644 3785 2064 3850 deblaterantes,

482 3872 660 3924 virum
691 3872 1129 3928 Iandatissimum
1163 3875 1279 3932 suis
1307 3877 1786 3934 criminationibus
1815 3878 2067 3933 traduce-

482 3963 634 4016 bant.
685 3962 763 4016 Ac
811 3963 1274 4021 vehementiorem
1314 3967 1559 4036 quidem,
1594 3983 1756 4038 quam
1794 3983 1894 4038 par
1925 3975 2064 4034 erat,

491 4054 787 4108 tumultum
816 4054 1204 4121 concitarunt,
1241 4057 1357 4114 sive
1381 4074 1447 4114 ex
1481 4059 1722 4125 inscitia,
1759 4060 1876 4116 sive
1921 4060 2068 4130 quod

483 4145 552 4198 ab
581 4146 877 4205 eodictutn
901 4155 1021 4202 erat
1043 4148 1264 4205 minime
1293 4151 1691 4222 percepissent,
1720 4159 1774 4207 et
1800 4152 1870 4208 ab
1898 4167 1965 4208 eo
1984 4152 2070 4207 di-

483 4236 660 4303 gressi
693 4253 815 4306 quae
849 4237 1137 4293 audierant
1159 4240 1416 4312 dogmata
1448 4242 1829 4312 prmdicarent.
1863 4243 2066 4299 Verum

483 4327 552 4381 de
574 4330 1004 4398 supervacaneis
1044 4331 1195 4387 hisce
1230 4333 1626 4402 quaestionibus
1665 4334 1950 4392 hactenus.
1992 4334 2066 4389 ll-

483 4418 576 4470 lud
597 4435 727 4474 vero
749 4419 982 4476 lectores
1009 4438 1202 4478 omnes
1234 4426 1609 4484 intellecturos
1634 4427 1892 4492 arbitror,
1917 4428 2065 4482 nulla

481 4525 582 4567 nos
611 4519 705 4566 aut
729 4513 955 4581 invidia,
993 4524 1087 4570 aut
1109 4516 1236 4571 odio
1267 4518 1322 4572 in
1358 4518 1635 4574 hominem
1665 4535 1789 4576 esse
1818 4535 2063 4576 commo-

481 4610 589 4658 tos.
627 4604 775 4660 Istud
817 4607 966 4661 enim
1005 4605 1059 4661 in
1104 4608 1296 4677 primis
1326 4622 1581 4680 optamus
1612 4625 1677 4666 ac
1707 4612 1967 4682 petimus,
2006 4619 2065 4667 ut

483 4713 552 4759 ne
580 4697 649 4753 ab
703 4696 952 4754 Ecclesia
1001 4699 1208 4756 Christi
1255 4708 1419 4772 atque
1457 4703 1528 4759 ab
1565 4704 1893 4761 suavissima
1947 4704 2062 4759 fra-

482 4797 626 4844 trum
653 4789 916 4846 societate
946 4790 1260 4856 divellatur,
1289 4793 1385 4848 sed
1411 4801 1470 4847 ut
1489 4793 1762 4864 ejusmodi
1790 4794 2062 4866 dogmatis

484 4879 709 4941 nimium
743 4881 986 4936 studium
1015 4883 1539 4954 contentionemque
1581 4884 1820 4956 deponat
1849 4900 1913 4940 ac
1939 4901 2062 4943 sese

484 4968 550 5023 ad
583 4971 809 5026 meliora
848 4984 1168 5042 convertat,
1211 4976 1357 5030 sicut
1407 4977 1672 5045 scriptum
1709 4983 1836 5032 est:
1875 4975 2064 5032 Rever-

2166 3241 2228 3294 τδ
2255 3240 2468 3294 ἐκείνου
2498 3241 2677 3312 σῶμα,
2720 3240 2901 3295 καίτοι
2926 3257 2987 3310 γε
3012 3241 3076 3292 ἐκ
3102 3239 3417 3309 σπέρματος
3443 3233 3614 3307 ἀνδρὸς
3634 3228 3705 3283 καὶ

2167 3331 2278 3386 ἀπὸ
2332 3333 2546 3405 μήτρας
2596 3333 2855 3402 γυναικὸς
2915 3331 3323 3404 γεγεννημένοι.
3387 3328 3537 3384 Ἀλλὰ
3567 3323 3704 3380 ταῦτα

2172 3424 2272 3495 μέν
2297 3442 2443 3488 τινες
2504 3425 2843 3496 σοφιζόμενοι
2884 3423 3144 3488 πολλάκις
3167 3465 3181 3488 ,
3215 3424 3314 3476 καὶ
3349 3424 3404 3476 ἐν
3448 3423 3511 3492 τῇ
3539 3413 3706 3482 διανοίᾳ

2168 3514 2423 3584 ἔχοντες,
2473 3516 2539 3569 ἐκ
2585 3514 2681 3569 τοῦ
2730 3516 3094 3587 προκειμένου
3151 3514 3410 3580 ἐξέπεσον
3441 3530 3453 3542 ·
3504 3509 3630 3570 τινὲς
3663 3505 3705 3557 δὲ

2169 3607 2332 3661 πάλιν
2381 3607 2442 3673 ἐξ
2498 3606 2676 3661 αὐτῶν
2719 3607 2827 3660 τῶν
2863 3607 2996 3678 πρὸς
3057 3607 3203 3676 ἡμᾶς
3239 3603 3569 3677 ἐρχομένων,
3599 3595 3704 3651 ἄλλα

2171 3698 2344 3772 μυρία
2393 3701 2489 3752 καὶ
2522 3699 2777 3752 ἐπέκεινα
2832 3695 3379 3770 περιττολογοῦντες,
3437 3692 3522 3745 τὸν
3571 3685 3704 3754 ἄνδρα

2166 3791 2260 3844 τὸν
2295 3791 2353 3844 ἐν
2383 3788 2599 3853 πολλοῖς
2638 3788 2882 3852 ἐπαίνοις
2917 3805 2990 3858 φη
3001 3787 3292 3858 μιζόμενον
3320 3781 3596 3838 διέϐαλλον.
3622 3772 3706 3828 Καὶ

2168 3881 2245 3954 τῷ
2283 3882 2382 3954 μέν
2410 3882 2524 3936 ὄντι
2556 3881 2936 3953 περιττότερον
2965 3876 3119 3952 οἶμαι
3151 3877 3248 3932 τοῦ
3279 3878 3485 3939 δέοντος
3510 3913 3523 3937 ,
3545 3872 3574 3942 ἢ
3598 3864 3706 3922 κατά

2173 3975 2434 4040 ίδιωτίαν,
2465 3975 2499 4046 ἢ
2529 3973 2671 4029 κατὰ
2702 3971 3216 4046 παρακολουθησίαν
3247 3972 3291 4034 ⁸,
3325 3970 3360 4041 ἢ
3400 3964 3523 4038 παρ’
3548 3957 3705 4017 αὐτοὺς

2168 4067 2541 4141 ἐξερχόμενοι,
2572 4067 2668 4121 καὶ
2695 4064 3190 4137 ἀποφθεγγόμενοι,
3224 4061 3326 4134 τὴν
3354 4054 3582 4130 ταραχὴν
3614 4050 3704 4141 εξρ·

2153 4135 2427 4228 ’γάσαντα
2480 4157 2640 4216 Ἀλλὰ
2671 4157 2769 4212 νῦν
2809 4135 2899 4230 μοι
2925 4155 3183 4228 περὶτῶν
3213 4151 3480 4226 περιττῶν
3513 4149 3604 4206 ἓως
3628 4135 3704 4194 εἶβε

2167 4250 2412 4322 ἀρκείτω
2449 4252 2478 4304 ὁ
2509 4251 2666 4320 λόγος
2686 4290 2701 4315 ,
2747 4249 3035 4304 συνιόντων
3055 4247 3164 4300 τῶν
3190 4241 3619 4315 ἐντυγχανόντων,
3644 4232 3704 4284 iit:

2169 4341 2292 4395 οὔτε
2343 4342 2524 4413 φθόνῳ
2552 4341 2844 4413 τετηκότες
2869 4381 2885 4404 ,
2919 4337 3044 4392 οὔτε
3087 4337 3233 4410 μίσει
3274 4337 3353 4408 τῷ
3383 4333 3511 4404 πρὸς
3538 4327 3614 4423 ﬁ"
3634 4322 3704 4423 ar

2168 4437 2292 4506 δρα.
2329 4434 2616 4505 Εὐχόμεθα
2668 4435 2778 4505 γὰρ
2805 4431 2965 4487 αὑτὸν
3023 4431 3098 4502 μὴ
3128 4429 3452 4502 μερισθῆναι
3499 4419 3594 4476 ἀπὸ
3627 4419 3702 4514 τῇς

2169 4524 2263 4578 τοῦ
2310 4522 2547 4595 Χριστοῦ
2607 4523 2933 4594 Ἐκκλησίας
2983 4521 3080 4574 καὶ
3126 4521 3224 4591 τῆς
3274 4517 3590 4588 γλυκύτητος

2155 4588 2375 4680 «me
2396 4609 2775 4680 ἀδελφότητος,
2794 4588 2947 4664 *ἀλλὰ
2995 4588 3297 4661 ἀποθέσθαι
3345 4605 3498 4660 αὐτὸν
3525 4599 3610 4668 τῆς
3632 4588 3702 4645 τοῦ

2168 4698 2328 4767 λόγου
2354 4699 2545 4752 τούτου
2579 4699 2912 4770 φιλονεικίας
2941 4698 3041 4770 τὴν
3073 4698 3345 4760 ἔνστασιν,
3386 4697 3475 4750 καὶ
3497 4681 3702 4756 ἐπιστρέ

2166 4789 2268 4860 ψαι
2295 4790 2436 4844 κατὰ
2454 4790 2516 4844 τὸ
2543 4792 2855 4863 εἰρημένον·
2911 4793 3280 4861 Ἐπίστρεςρε,
3310 4791 3349 4858 ἡ
3378 4779 3699 4874 Σουναμῖτιςί

2166 4884 2512 4954 ἐπίστρεφε,
2554 4884 2653 4939 καὶ
2686 4885 2956 4954 ὀψόμεθα
2988 4886 3057 4940 ἐν
3086 4887 3209 4940 σοί.
3255 4885 3443 4956 Ὅμως
3491 4875 3601 4946 περὶ
3628 4884 3699 4921 του

2171 4980 2535 5050 προκειμένου
2569 4976 2725 5044 αὖθις
2751 4979 3088 5050 ἐπιλήψομαι
3113 4979 3214 5048 τῆς
3246 4973 3570 5034 ἀκολουθίας.

486 5070 612 5121 tere,
644 5056 958 5128 Sunamitis,
989 5075 1274 5132 revertere,
1313 5073 1362 5120 et
1393 5065 1682 5121 videbimus
1714 5067 1769 5120 in
1809 5076 1856 5122 te
1872 5067 1914 5123 ⁸.
1952 5065 2136 5124 Redeo
2168 5066 2278 5140 jam
2311 5069 2379 5126 ad
2414 5070 2467 5126 id
2523 5071 2673 5142 quod
2706 5071 2864 5127 initio
2904 5085 3319 5140 proposueram,
3354 5077 3407 5125 et
3442 5059 3571 5137 quod
3597 5068 3701 5109 ϐοη-

484 5165 721 5220 sequens
748 5161 833 5208 est
859 5162 1114 5212 attexam.

557 5243 698 5306 XIX.
741 5244 913 5316 Negat
947 5262 978 5300 a
1015 5249 1238 5306 Christo
1278 5251 1574 5323 perfectam
1606 5253 1847 5309 hominis
1889 5261 2053 5308 natu-

487 5351 604 5391 ram
633 5351 755 5393 esse
785 5346 1118 5409 susceptam.
1150 5341 1261 5397 lmo
1287 5353 1342 5400 et
1365 5347 1661 5402 nonnullos
1691 5347 1759 5402 ab
1790 5346 1939 5401 omni
1969 5361 2069 5416 spe

487 5431 686 5486 salutis
722 5431 930 5502 dejicit,
963 5433 1318 5490 vehementer
1371 5437 1498 5494 illos
1545 5440 1806 5495 territans
1868 5453 1933 5493 ac
1978 5437 2064 5492 di-

490 5538 646 5591 cens,
679 5540 788 5581 non
814 5540 936 5582 esse
965 5513 1115 5596 quo'd
1150 5527 1446 5596 perlectam
1489 5531 1642 5586 illum
1694 5531 1933 5588 hominis
1977 5545 2065 5585 na-

567 5721 583 5751 ι
616 5718 803 5773 Matth.
865 5739 938 5785 tv,
989 5725 1044 5778 ﬂ.
1171 5727 1190 5756 ²
1223 5723 1416 5780 Matth.
1454 5744 1527 5786 xi.
1559 5729 1642 5784 13.

1750 5730 1948 5784 ³ειοειῐι.
2004 5742 2084 5793 ix,
2128 5732 2179 5786 6.
2271 5735 2291 5764 ⁸
2325 5731 2458 5786 an.
2521 5748 2635 5793 vm,
2675 5733 2764 5786 ει.

2244 5251 2344 5304 ΙΘ’.
2380 5249 2605 5304 Τελείαν
2635 5251 2696 5304 οὐ
2727 5250 2974 5319 βούλεται
2997 5251 3177 5320 λέγειν
3212 5251 3310 5324 τὴν
3336 5251 3576 5321 ένσαρκον
3594 5242 3696 5309 Χριο

2176 5341 2303 5395 στοῦ
2329 5342 2652 5412 παρουσίαν,
2685 5341 2822 5396 ἀλλὰ
2851 5343 2944 5395 καὶ
2965 5343 3063 5413 τὴν
3093 5343 3365 5414 σωτηρίαν
3388 5324 3698 5407 ἀποκρούεται

2175 5452 2356 5496 τινων,
2398 5433 2565 5503 φόϐον
2605 5434 2849 5505 ἐμποιῶν
2894 5434 2989 5487 καὶ
3021 5434 3215 5503 λέγων,
3270 5435 3350 5487 ὅτι
3383 5449 3402 5482 ι
3433 5430 3502 5484 Οὐ
3532 5426 3602 5480 δεῖ
3627 5414 3694 5472 τέ-

2172 5527 2314 5582 λειον
2341 5527 2628 5599 ἄνθρωπον
2646 5528 2738 5582 τὸν
2768 5528 2930 5583 αὑτὸν
2952 5527 3298 5598 ἀνειληφέναι
3321 5525 3507 5594 λέγειν,
3529 5539 3546 5572 ι
3568 5511 3695 5584 δῆθεν

2869 5735 2890 5765 ⁸
2924 5731 3082 5789 Joan.
3109 5747 3186 5799 ιχ,
3219 5731 3272 5787 6.
3346 5732 3366 5762 ⁸
3395 5726 3537 5783 Rom.
3565 5735 3624 5782 Vt.
3650 5720 3687 5776 9.

497 5786 516 5818 ⁷
543 5786 678 5846 Gen.
711 5805 772 5856 tt,
813 5791 868 5847 ’1.
941 5794 962 5826 ⁸
995 5794 1152 5851 Cant.
1187 5813 1260 5865 vt,
1293 5796 1379 5850 1‘2.
1445 5799 1463 5830 °
1491 5798 1551 5854 F.
1590 5801 2064 5874 ἁπαρακολουθησε

2181 5802 2245 5859 Et
2280 5819 2404 5858 mox
2435 5804 2565 5874 παρ’
2591 5786 2776 5858 αῖῦτοῦ.
