3964 6468
513 412 615 468 6'"
1920 410 1978 464 S.
2025 405 2363 462 liPll’llANll
3644 405 3725 461 εἴτε

515 523 810 579 tentiosam
845 523 990 577 illam
1026 537 1214 578 vocem
1247 529 1714 592 praetermitteret,
1761 521 1827 576 ad
1864 522 1977 577 hrcc
2025 522 2100 578 ita

2228 521 2364 574 dum
2414 517 2475 570 τὸ
2530 515 2832 586 φιλόνεικον
2885 513 3054 584 ῥῆμα.
3099 513 3156 566 ’0
3201 511 3259 566 δὲ
3310 510 3540 576 Βιτάλιος
3575 513 3718 584 ἔλεγε.

516 613 716 671 Vitalis
745 616 1108 670 occurrebat:
1133 613 1279 680 Quid
1307 621 1416 678 est,
1451 613 1653 683 inquit,
1684 621 2100 669 controversum

2228 611 2271 664 [Ἰ
2326 611 2438 681 γάρ
2489 609 2604 660 ἐστι
2649 605 2712 660 τὸ
2753 604 3024 675 ἀναμέσον
3067 603 3254 674 ἡμῶνς
3311 599 3435 672 Είχε
3485 602 3581 674 γὰρ
3607 600 3729 670 οὗτος

519 708 667 762 inter
724 722 824 762 nos
851 715 906 762 et
937 706 1297 776 ambiguum?
1340 705 1596 761 Habebat
1631 715 1811 760 autem
1854 705 2104 759 nonnihil

2228 703 2488 758 ῑιάστασιν
2525 699 2662 770 πρὸς
2709 697 2989 768 αίδέσιμόν
3023 712 3146 750 τινα
3169 694 3337 766 ἄνδρα
3372 695 3461 748 καὶ
3491 695 3729 766 ἐπίσημον,

518 813 642 852 cum
674 796 906 853 Paulino
935 797 1198 868 episcopo
1237 797 1498 868 religioso
1524 805 1690 866 atque
1719 797 1937 867 egregio
1986 798 2105 851 viro

2228 792 2475 847 Ιαυλῖνον
2499 790 2592 844 τὸν
2619 789 2939 852 ἐπίσκοπον,
2970 787 3066 840 καὶ
3090 784 3349 848 Παυλῖνος
3372 785 3501 856 πρὸς
3519 785 3598 838 τὸν
3617 787 3731 858 εἰρηο

517 889 832 955 discordiae,
863 889 1218 959 vicissimque
1245 887 1508 944 Paulinus
1530 905 1559 942 a
1585 887 1771 951 Vitali,
1803 904 1963 956 quem
1991 897 2106 942 tum

2228 886 2374 939 Lévov
2404 881 2673 944 Βιτάλιον,
2705 881 2794 950 ὑφ’
2829 878 2987 951 ἡμῶν
3014 875 3437 950 μετακληθέντα.
3467 876 3732 946 Βουλόμενοι

520 980 940 1043 accersivimus,
981 979 1312 1034 dissidebat.
1347 977 1499 1045 Quos
1532 979 1753 1048 quidem
1800 977 1946 1032 inter
1986 993 2110 1034 sese

2228 977 2388 1031 τοίνυν
2427 974 2772 1045 ἀμφοτέρους
2802 973 2881 1035 είς
2907 971 3131 1042 εἰρήνην
3161 967 3516 1038 συμϐιϐάσαι·
3548 967 3735 1038 ἀμφότε-

519 1072 820 1127 conciliare
845 1071 1163 1127 studuimus
1199 1090 1213 1126 :
1263 1071 1426 1125 ambo
1473 1070 1618 1125 enim
1649 1084 1773 1123 cum
1806 1077 2017 1133 rectam
2045 1084 2110 1123 ac

521 1162 798 1217 sinceram
826 1161 988 1216 ﬁdem
1018 1158 1260 1232 proﬁteri
1285 1160 1624 1226 viderentur,
1644 1159 1814 1214 certis
1839 1159 1907 1214 de
1925 1159 2112 1214 causis

525 1268 554 1305 a
593 1268 655 1308 se
683 1261 876 1307 mutuo
903 1251 1306 1308 dissentiebant
1338 1271 1350 1307 :
1378 1267 1506 1306 nam
1535 1249 1732 1307 Vitalis
1755 1251 1988 1306 Paulino
2009 1250 2113 1305 Sa-

527 1345 748 1399 belliani
779 1344 1072 1415 quamdam
1097 1343 1369 1415 dogmatis
1391 1357 1582 1399 vocem
1615 1343 1930 1411 objiciebat.
1955 1341 2116 1398 Unde

529 1451 656 1491 cum
697 1451 763 1490 eo
794 1451 896 1490 nos
928 1436 1393 1500 accessissemns,
1428 1435 1498 1490 ab
1531 1435 1784 1490 absoluta
1818 1450 1943 1489 eum
1972 1433 2116 1489 Pau-

525 1527 640 1581 lino
669 1525 1057 1580 communione
1085 1526 1534 1596 temperavimus,
1568 1525 1746 1582 donec
1775 1527 1959 1580 oblata
1991 1524 2116 1580 ﬁdei

526 1615 901 1688 professione,
931 1632 1094 1686 quam
1144 1619 1355 1688 scripto
1394 1619 1922 1688 comprehenderat,
1966 1617 2116 1672 aliud

527 1706 843 1776 persuasit:
879 1721 1042 1776 quam
1073 1707 1297 1777 quidem
1345 1705 1745 1777 professionem
1783 1707 1995 1778 1015
2025 1722 2118 1763 as-

529 1797 788 1852 sensione
811 1811 913 1852 sua
946 1796 1304 1852 conﬁrmarat
1337 1806 1520 1863 antea,
1557 1813 1680 1854 cum
1713 1814 1772 1854 se
1800 1799 1942 1868 apud
1983 1799 2112 1853 bea-

2215 1084 2296 1138 ροι
2325 1065 2435 1137 γὰρ
2457 1065 2675 1118 ἐδόκουν
2693 1061 2974 1134 ὁρθόδοξον
2998 1061 3184 1113 πίστιν
3210 1058 3512 1129 κηρύττειν,
3535 1059 3616 1112 καὶ
3639 1059 3737 1112 ἔκα-

2215 1174 2339 1221 στος
2382 1156 2665 1211 διάστασιν
2704 1151 2818 1224 εἶχε
2860 1153 2950 1206 διά
2980 1169 3104 1206 τινα
3148 1150 3451 1222 πρόφασινο
3477 1152 3505 1203 ὁ
3547 1151 3632 1220 μὲν
3657 1150 3738 1222 γὰρ

2216 1245 2462 1310 Βιτάλιος
2495 1245 2749 1314 Παυλίνῳ
2775 1242 3065 1313 ἐπέφερεν,
3094 1241 3170 1304 ὡς
3207 1239 3337 1313 περὶ
3360 1238 3627 1293 Σαϐελλίω
3652 1241 3738 1293 ὀνό-

2220 1321 2390 1410 ματος
2416 1337 2588 1410 ῥῆμα.
2621 1336 2733 1402 Διδ,
2759 1335 3068 1405 γενομένων
3092 1333 3269 1404 ἡμῶν,
3302 1331 3649 1401 ἐπεσχέθημεν
3667 1330 3739 1398 τῆς

2218 1429 2358 1500 πρὸς
2388 1429 2481 1482 τὸν
2520 1428 2784 1483 Παυλῖνον
2804 1426 3015 1488 τελείας
3063 1423 3371 1486 κοινωνίας.
3395 1422 3497 1485 ἕως
3532 1423 3612 1475 ὅτε
3639 1422 3738 1493 μετά

2218 1520 2490 1582 ἐκθέσεως
2513 1521 2662 1590 ἡμᾶς
2706 1519 2988 1590 ἐγγράφου
3023 1515 3241 1569 ἔπεισεν
3261 1531 3275 1545 ο
3311 1508 3380 1585 ἦς
3406 1512 3504 1583 ἤδη
3533 1513 3744 1583 πρότερον

2219 1609 2516 1677 ἀπολογίας
2564 1607 2724 1677 χάριν
2790 1605 2928 1677 πρὸς
2970 1603 3062 1657 τὸν
3119 1602 3429 1675 μακαρίτην
3489 1601 3741 1654 necem

2221 1699 2518 1769 ἐποιήσατο
2563 1699 2661 1767 τὴν
2697 1694 3117 1764 συγκατάθεσιν.
3163 1695 3510 1764 Προσήνεγκε
3553 1691 3643 1762 γὰρ
3675 1693 3742 1744 καὶ

2221 1789 2495 1842 ἐπέδωκεν
2523 1789 2657 1859 ἡμῖν
2698 1785 2904 1855 ταύτης
2934 1783 2995 1837 τὸ
3033 1783 3367 1853 ἀντίγραφον
3416 1780 3528 1851 μεθ’
3556 1779 3741 1850 ὑπογρα-

529 1897 646 1942 tum
663 1886 1027 1942 Athanasium
1057 1895 1338 1960 purgaret.
1368 1887 1544 1958 Hujus
1563 1890 1730 1961 igitur
1759 1891 1917 1946 nobis
1940 1905 2116 1944 exem-

2228 1885 2330 1954 φῆς
2365 1879 2553 1948 σαφῶς
2603 1879 2732 1950 περὶ
2785 1875 3018 1948 Τριάδος
3049 1874 3169 1946 ἔχον
3207 1871 3370 1944 ὁμοῦ,
3404 1874 3495 1927 καὶ
3534 1872 3644 1942 περὶ
3677 1871 3743 1924 νοῦ

533 1981 714 2050 plum,
753 1980 842 2034 eui
888 1980 1329 2050 subscripserat,
1361 1981 1560 2036 obtulit
1603 1999 1616 2035 :
1665 1982 1720 2036 in
1765 1997 1875 2052 quo
1926 1996 2117 2036 sacro-

525 2075 739 2124 sancta:
777 2067 1063 2125 Trinitatis
1092 2085 1158 2125 ac
1182 2071 1404 2134 mentis,
1435 2085 1556 2140 quae
1583 2071 1638 2124 in
1659 2071 1895 2125 humana
1913 2069 2121 2126 Christi

531 2167 731 2212 natura
762 2157 926 2223 inest,
961 2160 1295 2215 mentionem
1321 2167 1672 2230 expresserat
1705 2178 1718 2215 :
1759 2170 1989 2231 eratque
2026 2161 2121 2217 illa

531 2250 651 2318 ipsa
680 2248 979 2304 beatissimi
998 2248 1178 2306 Patris
1204 2251 1382 2306 nostri
1400 2250 1684 2306 Athanasii
1707 2266 1870 2306 manu
1890 2253 2119 2324 scripta.

533 2340 686 2396 llanc
718 2357 818 2396 nos
847 2341 1246 2412 subjiciendum
1286 2343 1392 2399 hoc
1425 2344 1546 2399 loco
1574 2346 1905 2414 putavimus.

534 2453 852 2523 Exemplum
889 2455 1236 2524 professionis
1266 2455 1410 2524 ﬁdei,
1433 2472 1593 2526 quam
1627 2454 1887 2511 Paulinus
1920 2456 2123 2525 episco-

857 2541 957 2595 pus
983 2543 1082 2579 sua
1113 2542 1276 2579 manu
1310 2525 1560 2595 scriptam
1593 2525 1803 2582 obtulit.

606 2634 750 2691 XXI.
791 2635 905 2710 Ego
931 2636 1196 2694 Paulinus
1242 2637 1325 2694 sic
1358 2640 1566 2704 sentio,
1600 2640 2059 2710 quemadmodum
2091 2655 2122 2694 a

534 2725 790 2784 Patribus
819 2731 1004 2799 accepi
1049 2748 1063 2785 :
1104 2729 1240 2787 Esse
1269 2739 1323 2786 et
1364 2732 1670 2786 subsistere
1697 2733 1996 2802 perfectum
2025 2732 2124 2787 Pa-

536 2831 698 2886 trem,
729 2831 784 2876 et
811 2821 1115 2876 subsistere
1139 2821 1441 2893 perfectum
1473 2821 1696 2885 Filium.
1724 2833 1778 2879 et
1822 2825 2125 2880 subsistere

535 2910 778 2982 denique
810 2912 1116 2981 perlectum
1147 2910 1413 2982 Spiritum
1446 2921 1722 2969 sanctum.
1755 2913 1937 2980 Quare
1975 2923 2030 2970 et
2059 2914 2123 2968 il-

540 3004 648 3055 lam
688 3001 855 3056 trium
888 3001 1283 3073 hypostaseon,
1331 3010 1387 3058 et
1421 3003 1589 3060 unius
1629 3003 1968 3076 hypostasis,
2008 3005 2127 3061 sive

539 3093 865 3149 substantia:
907 3093 1422 3167 interpretationem
1468 3110 1596 3151 cum
1636 3096 1704 3152 iis
1750 3097 1845 3167 qui
1892 3097 1966 3150 ita
2001 3111 2128 3151 sen-

539 3185 717 3249 tiunt,
753 3185 1072 3256 amplector.
1131 3184 1226 3240 Est
1268 3186 1415 3241 enim
1462 3187 1648 3257 pietati
1674 3199 2123 3256 consentaneum,
2155 3225 2198 3286 ο

539 3273 865 3330 Trinitatem
891 3275 947 3330 in
971 3291 1078 3330 una
1115 3274 1407 3332 Divinitate
1439 3291 1740 3350 agnoscere
1761 3292 1826 3332 ac
1847 3277 2119 3332 conﬁteri.

539 3365 619 3422 De
655 3366 1038 3422 incarnatione
1068 3382 1254 3438 porro,
1285 3383 1449 3439 quam
1483 3378 1707 3439 propter
1740 3385 1842 3425 nos
1881 3366 2122 3424 Verbum

542 3459 724 3515 Patris
779 3460 1046 3530 suscepit,
1075 3460 1172 3526 ita,
1199 3472 1258 3516 ut
1289 3471 1417 3517 ante
1454 3461 1720 3530 scriptum
1763 3469 1870 3524 est,
1910 3462 2120 3516 sentio:

541 3546 825 3614 nimirum,
857 3555 912 3602 ut
945 3547 1185 3605 Joannes
1219 3550 1462 3622 scripsit,
1493 3549 1732 3606 Verbum
1758 3564 1980 3606 carnem
2003 3564 2128 3606 esse

543 3637 749 3692 factum
779 3639 820 3692 ¹.
851 3637 1038 3708 Neque
1064 3639 1210 3694 enim
1251 3639 1438 3710 impiis
1489 3653 1554 3693 ac
1589 3640 1876 3696 sceleratis
1908 3639 2017 3696 illis
2044 3654 2129 3695 as-

541 3731 774 3795 sentior,
807 3730 900 3799 qui
930 3737 1200 3784 mutatum
1228 3730 1382 3785 illum
1401 3745 1526 3787 esse
1552 3729 1846 3798 deﬁniunt,
1886 3731 1982 3786 sed
2024 3747 2124 3803 po-

544 3823 654 3876 tius
695 3822 974 3877 hominem
1018 3838 1142 3878 esse
1177 3831 1368 3878 nostra
1417 3837 1586 3878 causa
1614 3822 1842 3890 factum,
1894 3830 2058 3894 atque
2096 3839 2129 3880 e

546 3912 898 3967 sanctissima
925 3910 1148 3982 Virgine
1171 3911 1239 3968 de
1259 3910 1470 3983 Spiritu
1491 3918 1685 3969 sancto
1713 3929 1837 3970 esse
1857 3915 2125 3984 genitum.

546 4003 739 4072 Neque
789 4017 917 4057 vero
961 4009 1055 4056 aut
1085 4002 1410 4066 inanimum,
1443 4009 1539 4057 aut
1579 4017 1776 4060 sensus
1817 4018 1883 4058 ac
1928 4005 2129 4061 mentis

547 4107 744 4162 expers
777 4107 977 4162 corpus
998 4089 1250 4148 Salvator
1269 4091 1482 4148 habuit.
1519 4091 1682 4165 [Illud
1709 4109 1929 4165 quoque
1960 4095 2130 4149 Atha-

545 4185 686 4239 nasii
716 4185 959 4256 episcopi
987 4199 1153 4240 manu
1193 4183 1372 4240 fuerat
1401 4185 1721 4258 adjectum]
1755 4186 1897 4242 Fieri
1924 4188 2126 4259 quippe

545 4291 655 4330 non
692 4283 895 4346 potest,
930 4283 989 4330 ut
1011 4274 1228 4330 Domini
1251 4278 1448 4341 nostri,
1476 4276 1568 4348 qui
1586 4286 1808 4349 propter
1832 4293 1934 4333 nos
1965 4279 2129 4332 homo

544 4367 724 4424 factus
759 4376 864 4434 est,
901 4369 1104 4424 mentis
1146 4384 1341 4440 expers
1367 4383 1570 4440 corpus
1613 4369 1705 4425 sit.
1753 4368 1909 4424 Unde
1947 4377 2001 4425 et
2036 4384 2130 4424 eos

543 4476 736 4516 utimes
774 4462 1122 4517 anathemate
1155 4461 1378 4530 damno,
1425 4462 1518 4533 qui
1559 4463 1898 4533 propositam
1941 4477 2005 4517 ac
2043 4477 2133 4517 re-

2221 1977 2320 2046 τῆς
2347 1973 2440 2028 τοῦ
2488 1971 2726 2043 Χριστοῦ
2777 1969 3272 2040 ἐνανορωπήσεως,
3314 1965 3458 2038 χειρὶ
3501 1965 3646 2019 αὑτοῦ
3675 1964 3742 2016 τοῦ

2225 2060 2529 2136 μακαρίτου
2563 2062 2778 2135 Πατρδς
2807 2060 2965 2133 ἡμῶν
3007 2059 3350 2125 Ἀθανασίου,
3379 2058 3444 2129 ἢν
3465 2056 3651 2111 ἔκθεσιν
3664 2048 3748 2102 καθ·

2223 2149 2488 2220 υπέταξα.
2550 2155 2660 2211 Καί
2693 2156 2840 2210 ἐστιν
2867 2154 2983 2227 ἥδε.

2273 2478 2661 2549 Ἀντίῃοαφον
2696 2476 2896 2548 χειρὸς
2919 2475 3230 2531 Παυλίνου
3265 2474 3373 2530 τοῦ
3402 2471 3714 2527 ἐπισκόπου.

2297 2635 2430 2690 KA'.
2483 2635 2624 2706 Ἐγὼ
2671 2635 2936 2700 Παυλῖνος
2972 2637 3002 2689 ὁ
3049 2633 3351 2696 ἐπίσκοπος
3390 2631 3554 2694 οὕτως
3595 2627 3746 2698 φρονῶν

2225 2727 2408 2792 καθὼς
2467 2728 2772 2801 παρέλαϐον
2833 2728 2946 2782 ἀπὸ
2998 2727 3108 2780 τῶν
3137 2725 3436 2797 Πατέρων,
3492 2723 3640 2776 Ὄντα
3682 2719 3746 2772 καὶ

2226 2820 2516 2891 ὑφεστῶτα
2562 2819 2782 2890 Πατέρα
2820 2818 3059 2880 τέλειον,
3109 2816 3206 2872 καὶ
3249 2815 3526 2886 ὑφεστῶτα
3561 2809 3748 2866 Υίὺντέ-

2225 2914 2399 2977 λειον,
2430 2913 2524 2966 καὶ
2555 2910 2803 2982 ὑφεστὼς
2830 2910 2893 2964 τὸ
2922 2909 3150 2979 Πνεῦμα
3187 2906 3253 2960 τὸ
3285 2906 3437 2974 ἆγιον
3461 2904 3657 2958 τέλειον.
3687 2898 3749 2950 Διὸ

2227 3007 2324 3059 καὶ
2412 2994 2748 3074 ἀποδέχομαι
2808 3002 2909 3073 τὴν
2951 2999 3455 3072 προγεγραμμένην
3518 2991 3752 3066 ἑρμηνείαν

2229 3094 2395 3167 τριῶν
2423 3094 2777 3148 ὑποστάσεων
2797 3129 2812 3156 ,
2857 3090 2954 3145 καὶ
2982 3090 3081 3160 τῆς
3113 3089 3244 3160 μιᾶς
3276 3086 3635 3146 ὑποστάσεως,
3667 3080 3752 3150 ητα

2229 3186 2441 3250 οὐσίας,
2489 3184 2584 3238 καὶ
2625 3184 2753 3246 τοὺς
2800 3181 3135 3253 φρονοῦντας
3190 3179 3389 3244 οὕτως.
3437 3174 3644 3236 Εὐσεϐὲς
3674 3169 3751 3237 γάρ

2232 3278 2348 3330 ἐστι
2397 3277 2612 3346 φρονεῖν
2651 3275 2746 3328 καὶ
2783 3273 3065 3345 ὁμολογεῖν
3091 3272 3191 3342 τὴν
3221 3270 3433 3342 Τριάδα
3458 3270 3513 3322 ὲν
3557 3265 3640 3336 μιᾷ
3657 3258 3751 3313 Θεό·

2230 3384 2374 3436 τητι.
2410 3368 2519 3420 Καὶ
2553 3367 2681 3437 περὶ
2705 3367 2804 3437 τῆς
2838 3365 3311 3436 ὲνανορωπήσεως
3339 3364 3436 3435 τῆς
3458 3362 3522 3415 δι’
3545 3358 3666 3429 ἡμᾶς
3686 3368 3752 3422 γει

2231 3459 2465 3530 νομένης
2496 3458 2591 3511 τοῦ
2628 3459 2802 3527 Λόγου
2835 3458 2930 3512 τοῦ
2976 3457 3186 3529 [Ia-:92);
3219 3457 3366 3510 οὕτω
3392 3451 3591 3527 φρονῶ,
3618 3445 3752 3506 καθὼς

2235 3550 2672 3622 προγέγραπται,
2703 3551 2784 3603 ὅτι
2815 3549 2960 3604 κατὰ.
2990 3549 3082 3603 τὸν
3120 3548 3380 3618 Ἰωάννην
3413 3549 3441 3599 ὁ
3461 3545 3632 3610 ,Λόγος
3655 3536 3752 3607 σὰρξ

2235 3642 2471 3712 ἐγένετο.
2521 3643 2596 3696 Οὐ
2637 3642 2748 3714 γὰρ
2797 3643 2939 3696 κατὰ
2970 3643 3098 3706 τοὺς
3131 3639 3525 3699 ἀσεϐεστάτους
3552 3634 3660 3694 τοὺς
3687 3627 3750 3680 λέ-

2233 3751 2429 3804 γοντας
2455 3733 2758 3806 μεταϐολὴν
2785 3733 2949 3788 αὐτὸν
2973 3732 3323 3796 πεπονθέναι,
3350 3730 3460 3786 ἀλλ’
3484 3731 3558 3783 ὅτι
3575 3725 3630 3778 δι’
3647 3719 3753 3793 ἡμᾶς

2234 3827 2521 3899 ἄνθρωπος
2554 3827 2777 3896 γέγονεν
2797 3866 2811 3891 ,
2847 3825 2912 3880 ἔκ
2955 3843 3017 3880 τε
3055 3824 3156 3895 τῆς
3190 3825 3358 3892 ἁγίας
3406 3817 3654 3893 Παρθένου
3687 3809 3753 3864 καὶ

2235 3916 2392 3984 ἀγίου
2426 3917 2744 3988 Πνεύματος
2783 3915 3086 3986 γεννηθείς.
3113 3912 3252 3969 Οῦτε
3298 3912 3407 3987 γὰρ
3437 3910 3636 3980 ἄψυχον,
3665 3899 3752 3954 οὔτε

2235 4010 2582 4081 ἀναίσθητον,
2613 4008 2738 4062 οὕτε
2769 4009 2998 4079 ἀνόητον
3022 4007 3180 4078 σῶμα
3205 4003 3353 4078 εἶχεν
3383 4008 3410 4059 ὁ
3440 4001 3628 4070 Σωτήρ.
3652 3991 3748 4067 [Καὶ

2235 4105 2294 4157 ἐν
2347 4104 2413 4173 τῇ
2464 4099 2610 4172 χειρὶ
2658 4097 2754 4153 τοῦ
2795 4099 3095 4152 ἐπισκόπου
3136 4095 3453 4150 Ἀθανασίου
3473 4090 3537 4162 ’.ι
3581 4087 3642 4141 Οὐ
3676 4082 3752 4150 γὰρ

2235 4191 2345 4249 οἷόν
2374 4212 2432 4248 τε
2464 4189 2534 4265 ἦν
2555 4191 2650 4246 τοῦ
2681 4189 2886 4262 Κυρίου
2919 4187 3208 4262 ἀνθρώπου
3241 4187 3310 4242 δι’
3339 4185 3478 4258 ἡμᾶς
3509 4174 3750 4265 γενομένου.

2237 4287 2464 4358 ἀνόητον
2489 4263 2676 4339 αὑτοῦ
2727 4279 2867 4336 εἶναι
2913 4282 2974 4335 τὺ
3017 4281 3196 4353 σῶμα.
3228 4279 3392 4334 Ὅθεν
3437 4263 3746 4364 ἀναθεματίζξυ

2238 4379 2366 4442 τοὺς
2416 4376 2743 4440 ἀθετοῦντας
2771 4375 2873 4446 τὴν
2913 4376 2970 4428 ἐν
3005 4371 3210 4443 Νικαίᾳ
3241 4365 3651 4455 ,ὁμολογηθεῖσαν

2241 4487 2380 4537 στιν,
2415 4469 2510 4523 καὶ
2541 4467 2616 4539 μὴ
2647 4465 3044 4538 ὁμολογοῦντας
3089 4467 3154 4518 ἐκ
3173 4464 3284 4533 ’τῆς
3313 4460 3524 4524 οὐσίας,
3551 4455 3578 4524 ἢ
3607 4453 3749 4539 eum:

544 4560 760 4622 ceptam
797 4555 852 4609 in
887 4553 1106 4610 Nieaena
1145 4554 1356 4626 synodo
1406 4531 1575 4611 ﬁdem
1602 4531 1891 4626 respuunt,
1958 4570 2124 4626 neque

2242 4531 2656 4616 σιοννεῖναιυτῦν
2681 4531 2926 4629 ’Υίὸνντῷ
2960 4555 3152 4627 Πατρί.
3194 4531 3665 4642 ’ᾸναθεματίζωΔςὲ
3686 4531 3751 4642 καί

546 4641 747 4698 Filium
775 4660 808 4701 e
844 4644 1027 4702 Patris
1065 4647 1373 4702 substantia
1403 4649 1772 4718 processisse,
1804 4655 1900 4703 aut
1954 4647 2133 4705 eidem

546 4737 1073 4795 consubstantialem
1105 4755 1230 4796 esse
1265 4741 1622 4798 conﬁtentur.
1666 4739 1772 4798 Sed
1803 4749 1857 4797 et
1888 4741 2010 4798 illos
2053 4741 2138 4796 in-

546 4845 713 4900 super
741 4831 1068 4896 condemno,
1099 4831 1194 4902 qui
1227 4830 1497 4903 Spiritum
1533 4841 1787 4889 sanctum
1817 4841 2132 4889 creaturam

545 4935 670 4975 esse
693 4936 790 4992 per
829 4919 1028 4977 Filium
1060 4923 1385 4993 productam
1417 4932 1696 4979 asserunt.
1723 4924 2012 4980 Postremo
2041 4923 2138 4980 Sa-

550 5007 694 5064 l-ellii
743 5027 808 5067 ac
844 5011 1089 5076 Photini,
1125 5015 1371 5086 adeoque
1400 5017 1641 5087 reliquas
1674 5032 1866 5071 omnes
1899 5017 2135 5073 lunrcses

2239 4654 2366 4718 τοὺς
2403 4653 2660 4722 λέγοντας
2694 4651 2755 4704 τὸ
2798 4649 3021 4720 Πνεῦμα
3059 4648 3123 4701 τὸ
3162 4649 3317 4716 ἆγιον
3349 4643 3542 4712 κτίσμα
3587 4632 3661 4722 διᾷ
3684 4640 3748 4722 7°”

2239 4717 2372 4799 Υίοῦ
2405 4717 2649 4812 γεγονός.
2679 4744 2800 4796 Ἔτι
2850 4741 2908 4794 δὲ
2938 4717 3323 4810 ἇναΟεματίξω
3366 4734 3460 4806 τὴν
3507 4717 3748 4816 ὣὸελλίοξδν

2239 4836 2335 4890 καὶ
2366 4833 2634 4888 Φωτεινοῦ
2655 4873 2670 4897 ,
2706 4834 2802 4888 καὶ
2835 4833 3017 4886 πᾶσαν
3056 4831 3268 4902 αἵρεσιν
3288 4869 3303 4891 ,
3355 4818 3566 4892 στοιχῶν
3597 4829 3653 4881 τη

2240 4946 2355 4982 στει
2389 4931 2457 5000 τῇ
2503 4928 2643 4982 κατὰ
2681 4927 2919 4980 Νίκαιαν
2953 4925 3047 4978 καὶ
3081 4925 3218 4979 πᾶσι
3248 4923 3358 4984 τοῖς
3401 4911 3748 4987 προγεγραμμε·

2238 5038 2372 5084 νοις.

550 5098 755 5154 damno
781 5102 941 5171 eique
961 5104 1086 5160 ﬁdei
1120 5107 1428 5173 subscribo,
1457 5122 1578 5178 quae
1607 5108 1661 5161 in
1684 5105 1904 5162 Nicaana
1929 5107 2140 5180 synodo
2172 5109 2393 5167 decreta
2435 5121 2519 5169 est
2545 5131 2559 5168 :
2591 5128 2657 5168 ac
2713 5113 2952 5184 denique
3005 5125 3068 5168 ea
3105 5107 3402 5178 amplector
3456 5092 3630 5155 omnia.
3664 5089 3748 5150 (1⁸³⁵

542 5203 718 5261 supra
741 5193 948 5262 scripta
981 5206 1130 5250 sunt.

977 5286 1246 5343 Hactenus
1277 5291 1399 5358 ﬁdei
1429 5292 1709 5362 professio.

621 5376 789 5436 XXII.
826 5376 1138 5434 Secundum
1200 5381 1318 5437 haec
1366 5383 1599 5440 Vitalem
1668 5386 1896 5456 ejusque
1962 5388 2141 5443 socios

2863 5290 3231 5360 Ἑπληρὼθη.
3634 5358 3644 5362 _
3714 5352 3727 5362 ,

2311 5386 2441 5441 ΚΒ’.
2481 5386 2779 5456 Ἐλὲὶγομεν⁵
2799 5381 2973 5438 δὲκαὶ
2999 5358 3077 5452 τῶ
3107 5378 3323 5449 ἀδελφῷ
3350 5367 3558 5436 Βιταλίιί³
3577 5358 3652 5456 vi

556 5472 773 5544 1016
799 5473 880 5530 sic
908 5473 1132 5529 allocuti
1161 5490 1352 5530 sumus
1396 5497 1410 5532 :
1440 5478 1582 5544 Quid
1613 5451 1890 5534 autem-et
1929 5495 2026 5534 vos
2053 5479 2124 5533 di-

2243 5479 2338 5531 σὺν
2388 5477 2540 5548 αὐτῷ
2561 5495 2572 5508 .
2606 5477 2670 5530 Τί
2705 5477 2799 5531 καὶ
2831 5478 2988 5546 ὑμεῖς
3016 5475 3238 5542 λέγετες
3271 5468 3336 5523 Εἴ
3361 5465 3411 5518 τί
3443 5462 3746 5556 ἐστινάναμῖ.

554 5543 825 5619 οἰιὶεἳίδί
858 5563 991 5634 quid
1019 5564 1256 5621 invicem
1299 5543 1514 5621 tlissidii
1558 5567 1797 5628 habetis,
1842 5568 2124 5622 conciliat:

2243 5583 2335 5619 σον
2391 5567 2586 5637 ὑμῶν,
2646 5565 3034 5638 διορθώσασοε.
3078 5564 3136 5615 '0
3187 5561 3245 5615 δὲ
3300 5559 3429 5627 ἔφη·
3478 5543 3740 5643 Λεγετωσῖθ-

556 5665 688 5720 pace
723 5653 940 5721 penitus
981 5655 1175 5711 tollite.
1210 5655 1279 5711 At
1324 5655 1413 5712 ille
1446 5673 1459 5708 :
1497 5655 1724 5723 Dicant,
1767 5657 1969 5739 inquit.
2001 5655 2124 5710 Tun

2236 5636 2498 5727 Ἐφησαν
2536 5659 2614 5719 δὲ,
2661 5636 2742 5712 ὅτι
2769 5661 2829 5711 οὺ
2872 5658 3091 5726 λέγουσι
3124 5655 3215 5709 τὸν
3243 5645 3462 5720 Χριστὸν
3487 5636 3742 5739 τέλειον

561 5742 952 5814 objicientibus
983 5749 1106 5805 aliis
1138 5764 1336 5820 negare
1372 5750 1522 5818 ipsos
1547 5749 1827 5804 Christum
1861 5735 2124 5804 hominen

2252 5751 2465 5819 γονέναι
2498 5752 2805 5823 ἄνθρωπον.
2843 5751 2903 5804 '0
2950 5749 3007 5803 δὲ
3036 5749 3199 5812 εὐθὺς
3239 5735 3511 5810 ἁπλρίθη,
3544 5741 3610 5782 οτι
3638 5714 3738 5766 ’Νι

630 5861 647 5893 ⁸
688 5854 852 5916 Joau.
892 5878 932 5929 ι,
967 5864 1052 5919 ll.
1125 5866 1144 5898 ³
1194 5864 1367 5924 Uncis
1395 5867 1607 5923 inclusa
1644 5867 1821 5920 aliena
1856 5867 2132 5923 videntur.
