3964 6424
258 391 370 475 im

870 389 1237 444 ADVEI'ISUS
1284 388 1621 444 llAEIlESES
1654 389 1783 444 LIB.
1827 391 1916 446 III.
1959 389 2124 446 ΤΟΜ.
2167 391 2241 444 II.
2278 423 2346 432 ——
2383 389 2657 446 ll/ERIiS.
2704 387 2961 444 LXXVII.

3424 387 3535 444 67!.

266 502 640 575 ἐμολογοῦμεν
671 503 762 558 τὸν
805 505 1039 576 Χριστὸν
1068 505 1272 558 τέλειον
1305 505 1594 573 ἄνθρωπον
1627 506 1846 578 εἰληφέ-

1959 521 2076 562 esse
2116 506 2441 577 perfectum,
2464 513 2656 561 contra
2689 503 2882 560 Vitalis
2907 501 3227 573 respondit:
3261 500 3377 556 Imo
3399 517 3533 554 vero

277 608 376 646 ιθαι.
422 588 531 646 Ἶιν
589 593 646 645 δέ
691 592 848 646 τοῦτο
897 592 1214 664 θαυμαστὸν
1271 596 1385 656 τοῖς
1439 594 1702 649 ἀκούσασι
1755 596 1849 649 καὶ

267 685 442 754 χαρᾶς
471 683 726 754 ἔμπλεον.
754 684 967 746 Εἰδότες
999 685 1160 755 ἡμεῖς
1185 686 1283 756 τὴν
1315 686 1556 740 διάνοιαν
1576 688 1686 740 τῶν
1715 705 1850 759 προ-

267 773 485 842 φάσεων
515 773 606 826 τὸν
639 771 762 826 νοῦν
800 772 910 827 τῶν
952 773 1098 827 ἰδίων
1124 773 1369 843 ἀδελφῶν
1400 775 1848 848 σφετεριζόντων,

267 863 331 916 τὸ
410 863 637 934 ἀκριϐὲς
710 865 1071 934 ἐνεμείναμεν
1131 865 1473 937 ἐρωτῶντες,
1531 868 1614 922 ὅτι
1687 869 1851 924 Φύσει

271 957 450 1026 σάρκα
473 955 754 1026 ὁμολογεῖς
772 955 862 1009 τὸν
885 957 1122 1028 Χριστὸν
1145 956 1424 1028 εἰληφέναι
1447 975 1462 1023 ;
1482 960 1540 1012 '0
1565 959 1620 1012 δὲ
1644 961 1852 1014 συνετί-

269 1046 416 1110 θετο,
449 1048 528 1100 ὅτι
559 1046 687 1102 Ναί.
706 1046 838 1100 Ἀπὸ
859 1047 1082 1120 Μαρίας
1104 1049 1202 1118 τῆς
1229 1049 1390 1118 ἁγίας
1419 1049 1695 1122 Παρθένου
1721 1051 1850 1106 ἄνευ

269 1142 585 1212 σπέρματος
625 1141 853 1213 ἀνδρὸς.
889 1142 988 1195 καὶ
1042 1142 1132 1196 διὰ
1170 1141 1488 1213 Πνεύματος
1534 1144 1712 1213 ἀγίον;
1786 1142 1850 1198 '0

265 1230 324 1284 δὲ
357 1231 451 1283 καὶ
495 1229 654 1283 τοῦτο
687 1229 976 1301 ὡμολόγει.
1023 1230 1187 1283 Φύσει
1219 1233 1285 1285 ἐκ
1312 1231 1412 1302 τῆς
1441 1231 1722 1303 Παρθένου
1765 1233 1848 1286 ἐλ-

265 1319 376 1373 θὼν
413 1321 512 1390 τὴν
548 1321 728 1392 σάρκα
771 1320 1062 1391 ἀνείληφεν
1093 1321 1121 1373 6
1151 1320 1284 1386 Θεὸς
1323 1323 1497 1392 Λόγος
1530 1323 1559 1375 6
1591 1323 1720 1388 Υἰὸς
1756 1323 1848 1378 τοῦ

264 1410 436 1476 θεοδς
464 1410 524 1463 '0
547 1409 604 1462 δὲ
625 1410 765 1480 μετὰ
786 1409 984 1482 βάρους
1004 1411 1329 1465 συνετίθετο.
1361 1414 1501 1486 Ἤδη
1527 1414 1586 1467 δέ
1613 1415 1673 1468 ἐν
1705 1415 1850 1486 χαρᾷ

264 1501 673 1572 καθιστάμεθα’
727 1501 916 1572 ἐπειδὴ
971 1501 1126 1574 παρά
1171 1520 1332 1558 τινων
1384 1504 1522 1576 πρὸς
1568 1507 1716 1576 ἡμᾶς
1771 1508 1851 1570 εἰς

265 1595 492 1662 Κύπρον
517 1593 778 1647 ἐλθόντων
810 1592 1126 1665 ἠκούσαμεν
1145 1594 1257 1648 τῶν
1284 1597 1697 1668 προειρημένων
1725 1598 1850 1651 παί-

263 1684 393 1750 δων,
426 1684 505 1736 ὃτι
541 1684 646 1737 οὐδ’
679 1685 816 1748 ὅλως
854 1685 888 1755 ἡ
928 1682 1066 1755 σὰρξ
1096 1685 1205 1738 ἀπὸ
1242 1686 1462 1757 Μαρίας
1497 1687 1848 1758 ὡμολογεῖτο.

267 1777 401 1830 ’Ὅτε
429 1775 487 1828 δὲ
525 1775 688 1839 αὐτὸς
732 1777 760 1829 6
799 1774 1190 1839 εὐλαϐέστατος
1224 1776 1362 1848 ἀνὴρ
1400 1778 1464 1830 ἐκ
1492 1778 1713 1849 Μαρίας
1748 1779 1850 1850 τὴν

1952 597 2236 652 Christum
2294 597 2531 652 fatemur
2576 597 2880 668 perfectum
2931 595 3206 650 hominem
3265 593 3531 648 induisse.

1952 687 2107 751 Ouod
2147 689 2266 756 ejus
2298 703 2622 759 responsum
2646 703 2756 740 non
2783 687 3045 741 minorem
3071 685 3420 740 audientibus
3444 700 3537 736 vo-

1954 777 2217 848 luptatem
2247 794 2412 849 quam
2445 777 2866 833 admirationem
2914 777 3116 830 attulit.
3150 779 3220 828 At
3267 790 3398 837 nos,
3440 773 3535 842 qui

1953 868 2276 923 callidorum
2306 868 2610 932 hominum,
2642 883 2670 920 a
2698 867 2898 937 quibus
2931 865 3128 921 fratres
3163 867 3334 919 nostri
3372 864 3425 917 in
3443 879 3536 918 er-

1955 976 2136 1015 rorem
2171 959 2610 1024 abducebantur,
2661 960 2886 1014 intimos
2927 973 3123 1012 sensus
3164 972 3227 1010 ac
3267 957 3535 1026 tergiver-

1955 1052 2198 1108 sationes
2220 1053 2468 1123 cognitas
2487 1052 2849 1115 habebamus,
2880 1051 3062 1104 acrius
3079 1050 3133 1102 in
3153 1047 3538 1119 interrogando

1957 1144 2318 1214 pcrstitimus.
2353 1143 2836 1208 Et,Christumne,
2875 1140 3138 1201 diximus,
3179 1140 3398 1210 proprie
3421 1153 3541 1192 car-

1954 1249 2078 1290 nem
2111 1234 2806 1304 assumpsisseprofiteris?
2827 1234 3115 1298 Proﬁteor,
3151 1233 3346 1303 inquit.
3378 1230 3539 1283 Eam-

1958 1325 2156 1381 denme
2199 1326 2267 1382 de
2315 1325 2484 1380 Maria
2525 1325 2748 1396 Virgine
2805 1327 2924 1381 sine
2975 1327 3114 1381 virili
3165 1333 3285 1380 satu
3338 1339 3403 1377 ac
3445 1337 3542 1392 per

1969 1419 2232 1488 Spiritum
2263 1429 2514 1475 sanctum
2547 1419 2865 1489 accepisse?
2900 1418 2980 1474 Ne
3018 1421 3160 1475 istud
3191 1418 3408 1488 quidem
3460 1416 3539 1468 in-

1955 1511 2172 1566 ficiatus
2232 1518 2337 1567 est.
2393 1510 2714 1566 Utrumnam
2784 1512 3004 1581 proprie
3085 1511 3250 1565 Deum
3298 1508 3539 1564 Verbum

1958 1601 2163 1672 Deique
2197 1600 2392 1655 Filium
2423 1602 2708 1655 existimas
2737 1617 2767 1657 e
2798 1602 2939 1655 emlo
2963 1601 3388 1655 descendentem
3420 1614 3538 1651 ear-

1956 1708 2078 1746 nem
2109 1693 2414 1761 sumpsisse
2447 1691 2515 1746 de
2551 1691 2808 1762 Virgine?
2837 1691 3031 1762 Magna
3068 1693 3160 1746 ille
3193 1707 3318 1746 cum
3360 1690 3536 1760 gravi-

1955 1791 2066 1839 tate
2096 1798 2360 1838 assensus
2397 1791 2504 1838 est.
2552 1781 2625 1836 Ea
2659 1799 2747 1838 res
2795 1785 2959 1838 nobis
3004 1798 3234 1838 summa:
3272 1780 3540 1851 voluptati

267 1868 448 1940 σάρκα
489 1867 840 1937 ἀνειληφέναι
886 1866 977 1921 τὸν
1026 1865 1232 1938 Κύριον
1264 1867 1424 1939 ἡμῶν
1465 1869 1672 1941 Ἰησοῦν
1711 1869 1847 1941 Χρι-

1959 1872 2080 1928 fuit.
2113 1872 2326 1943 Quippe
2357 1887 2386 1925 a
2416 1872 2702 1942 discipulis
2740 1873 2870 1938 illis,
2902 1889 3042 1943 quos
3095 1873 3149 1926 in
3193 1873 3436 1944 Cyprum
3475 1871 3541 1926 ad

269 1961 395 2016 στὸν
423 1961 741 2032 ὡμολόγησε
761 2002 777 2026 ,
807 1959 970 2014 πάλιν
999 1962 1130 2032 παρ’
1165 1961 1324 2032 ἡμῶν
1354 1963 1608 2034 ἡρωτᾶτο
1627 2003 1642 2029 ,
1673 1965 1722 2017 εἰ
1756 1965 1851 2019 καὶ

265 2053 444 2124 ψυχὴν
477 2053 718 2123 εἴληφεν.
757 2053 817 2105 '0
843 2053 900 2105 δέ
934 2053 1030 2104 καὶ
1053 2053 1134 2115 εἰς
1166 2052 1325 2106 τοῦτο
1354 2055 1556 2126 ὁμοίως
1583 2055 1723 2127 μετὰ
1756 2056 1853 2126 βά-

271 2163 399 2216 ρους
429 2145 753 2209 συνετίθετο,
789 2145 864 2208 ὼς
892 2145 953 2198 οὐ
980 2145 1086 2217 χρὴ
1111 2145 1288 2216 λέγειν
1320 2146 1515 2212 ἄλλως,
1547 2146 1684 2200 ἀλλά
1708 2148 1852 2202 κατά

269 2237 448 2292 πάντα
471 2235 775 2306 ἀληθεύειν.
799 2235 920 2308 Χρὴ
946 2236 1055 2306 γὰρ
1086 2237 1178 2290 τὸν
1202 2237 1331 2309 περὶ
1358 2237 1616 2308 ἀληθείας
1643 2238 1853 2312 ἀνθρὼ-

267 2347 393 2394 ποις
417 2330 714 2400 γράφοντα,
736 2328 826 2380 τὸν
855 2328 1033 2382 πάντα
1052 2328 1176 2382 νοῦν
1200 2328 1406 2394 δοῦναι,
1431 2329 1539 2401 πρὸ
1558 2329 1852 2401 ὀφθαλμῶν

271 2421 373 2492 μὲν
407 2421 499 2475 τὸν
548 2421 713 2490 φόϐον
749 2420 844 2474 τοῦ
879 2419 1014 2475 Θεοῦ
1056 2419 1220 2490 ἔχειν,
1270 2421 1366 2476 καὶ
1401 2421 1568 2492 μηδὲν
1596 2439 1854 2494 παραπε-

266 2512 564 2583 ποιημένον
616 2514 697 2577 εἰς
750 2511 850 2584 τὴν
906 2512 1008 2584 τῆς
1064 2513 1292 2585 Γραφῆς
1341 2511 1676 2582 ἐπαγγελίαν
1729 2529 1854 2566 συν-

263 2621 503 2661 τάττειν.

1956 1979 2058 2018 nos
2079 1964 2298 2019 venisse
2325 1971 2484 2019 antea
2516 1964 2881 2031 narravimus,
2903 1965 3174 2034 ejusmodi
3197 1981 3319 2022 esse
3345 1965 3543 2036 dogma

1953 2055 2172 2110 illorum
2203 2054 2574 2119 audieramus,
2617 2056 2826 2112 Christi
2869 2072 3091 2114 carnem
3131 2073 3162 2113 e
3191 2056 3360 2111 Maria
3392 2056 3542 2111 nullo

1956 2146 2120 2201 modo
2147 2161 2271 2201 esse
2310 2155 2644 2216 susceptam.
2691 2147 2875 2215 Quare
2916 2165 3042 2205 cum
3092 2151 3542 2222 religiosissimus

1956 2239 2062 2293 iste
2091 2236 2287 2292 Vitalis
2322 2237 2610 2292 Dominum
2637 2249 2886 2296 nostrum
2913 2241 3100 2299 Jesum
3114 2242 3395 2298 Christum
3421 2257 3539 2297 car-

1958 2343 2084 2383 nem
2123 2344 2154 2384 e
2195 2327 2365 2382 Maria
2409 2330 2646 2385 traxisse
2683 2331 3028 2401 praedicaret,
3067 2334 3265 2388 iterum
3306 2348 3336 2387 a
3380 2333 3541 2389 nobis

1958 2421 2330 2489 interrogatus
2364 2427 2469 2481 est,
2499 2435 2629 2474 num
2665 2430 2722 2477 et
2753 2423 2991 2478 animam
3022 2424 3267 2481 indidem
3294 2424 3538 2494 accepis-

1960 2521 2065 2568 set.
2109 2513 2202 2568 Ille
2227 2513 2342 2582 pari
2388 2514 2653 2583 gravitate
2697 2529 2762 2570 ac
2793 2518 3105 2572 constantia
3135 2519 3414 2588 accepisse
3437 2517 3546 2572 fas-

1962 2619 2058 2659 sus
2097 2611 2218 2671 est;
2247 2619 2424 2674 neque
2452 2605 2609 2660 aliter
2643 2607 3026 2674 asserendum,
3059 2609 3154 2664 sed
3196 2610 3251 2664 in
3281 2609 3542 2665 omnibus

263 2698 413 2768 quod
475 2711 660 2752 verum
706 2703 791 2753 est
828 2697 1298 2768 pronuntiandum
1339 2713 1466 2755 esse
1509 2698 1669 2754 dixit.
1732 2697 2027 2753 Enimvero
2091 2712 2318 2753 necesse
2359 2708 2445 2754 est
2486 2713 2668 2771 eum“
2689 2700 2785 2768 qui
2843 2701 2912 2756 de
2953 2702 3183 2758 veritate
3224 2702 3542 2758 hominibus
3617 2772 3623 2776 _

147 2841 156 2847 .
263 2791 492 2854 scribat,
523 2797 642 2845 toto
673 2791 842 2846 animi
873 2802 1073 2846 conatu
1115 2791 1170 2846 in
1214 2791 1270 2845 id
1307 2808 1478 2847 unum
1513 2792 1852 2856 incumbere,
1893 2799 1952 2846 ut
1997 2790 2090 2846 Dei
2123 2791 2226 2847 sibi
2254 2792 2505 2848 timorem
2556 2793 2630 2848 ob
2657 2794 2845 2851 oculos
2871 2807 3163 2868 proponat,
3215 2814 3392 2870 neque
3437 2801 3540 2854 ιυι.

265 2897 390 2940 sum
418 2883 716 2952 quidquam
763 2897 828 2937 ac
861 2891 1070 2938 temere
1103 2883 1399 2940 conﬁctam
1434 2883 1501 2938 ad
1529 2893 1844 2954 susceptam
1886 2883 2240 2952 scriptionem
2276 2883 2600 2948 admisceat.

339 2978 462 3033 KI".
513 2978 798 3050 Ὢμολόγει
831 2974 924 3034 οῦν
951 2982 980 3033 6
1018 2979 1266 3044 Βιτάλιος
1296 2981 1391 3033 καὶ
1418 2979 1598 3050 ψυχὴν
1624 2980 1726 3052 τὴν
1759 2979 1855 3032 ἀν-

262 3071 545 3143 θρωπίνην
600 3071 903 3143 εἰληφέναι.
961 3064 1134 3136 Οὗτος
1178 3072 1289 3143 γάρ
1337 3067 1406 3143 ἦν
1442 3073 1474 3124 6
1518 3069 1712 3134 εἰπὼν,
1772 3071 1854 3122 ὄτι

263 3163 378 3218 Ναὶ
424 3163 627 3227 τέλειος
655 3163 942 3236 ἄνθρωπος
975 3159 1044 3235 ἦν
1077 3166 1105 3216 6
1144 3163 1398 3234 Χριστός.
1453 3157 1590 3216 Εἶτα
1619 3161 1758 3230 μετά
1795 3160 1855 3214 τὸ

264 3253 544 3326 ἐρωτῆσαι
579 3256 728 3326 ἡμᾶς
768 3255 902 3326 περὶ
947 3255 1126 3326 ψυχῆς
1171 3254 1265 3307 καὶ
1307 3252 1530 3324 σαρκὸς,
1556 3251 1676 3304 τότε
1710 3251 1857 3321 ἠρω-

263 3350 544 3419 τὴσαμεν·
599 3346 744 3401 Νοῦν
785 3345 976 3401 ἐλαϐεν
1021 3345 1192 3400 ἐλθὼν
1241 3347 1270 3398 6
1329 3343 1601 3415 Χριστός;
1678 3342 1736 3395 Ὀ
1797 3341 1854 3394 δὲ

264 3438 430 3503 εὐθὺς
483 3439 792 3510 ἡρνὴσατο,
853 3437 1061 3507 λέγων·
1123 3436 1276 3506 Οὐχί.
1339 3431 1475 3488 Εἶτα
1519 3435 1681 3504 ἡμεῖς
1715 3431 1855 3502 πρὸς

264 3529 432 3582 αὐτόν
451 3547 466 3560 ⁸
504 3527 629 3590 Πῶς
653 3524 746 3582 οῦν
772 3526 954 3596 λέγεις
981 3526 1184 3579 τέλειον
1214 3524 1495 3594 γεγονέναι
1523 3521 1811 3592 ἄνθρωπον
1836 3537 1852 3585 ;

277 3618 341 3671 '0
378 3617 438 3671 δὲ
478 3617 571 3670 τὸν
614 3615 872 3687 λογισμὸν
913 3615 1006 3669 τὸν
1050 3615 1182 3668 ἴδιον
1225 3613 1578 3668 ἀπεκάλυπτε
1611 3611 1711 3682 τῆς
1739 3610 1857 3664 δια-

265 3709 456 3776 νοίας,
506 3709 590 3761 ὅτι
623 3708 840 3762 Τέλειον
883 3707 1169 3778 ἄνθρωπον
1205 3705 1438 3776 λέγομεν
1466 3700 1642 3768 εἶναι,
1677 3704 1727 3756 εἰ
1753 3703 1856 3773 τὴν

265 3802 504 3872 θεότητα
527 3802 828 3872 ποιήσομεν
856 3799 977 3853 ἀντὶ
1004 3796 1101 3852 τοῦ
1133 3796 1248 3863 νοῦ,
1276 3797 1372 3851 καὶ
1398 3795 1496 3868 τὴν
1517 3784 1732 3866 σάρκα,
1760 3794 1855 3849 καὶ

262 3892 369 3962 τὴν
401 3892 610 3963 ψυχὴψ
645 3891 720 3953 ὡς
752 3886 894 3944 εἷναι
930 3889 1135 3943 τέλειον
1167 3887 1454 3957 ἄνθρωπον
1504 3887 1571 3940 ἐκ
1620 3886 1852 3958 σαρκὸς,

265 3981 365 4035 καὶ
391 3981 591 4052 ψυχῆς,
625 3981 718 4035 καὶ
753 3979 1024 4051 θεότητος,
1045 3979 1165 4033 ἀντὶ
1191 3978 1286 4033 τοῦ
1314 3978 1429 4032 νοῦ.
1448 3977 1559 4047 Τῆς
1587 3973 1680 4031 οῦν
1712 3977 1857 4046 φιλο-

264 4073 478 4136 νεικίας
519 4073 886 4143 γνωσθείσης,
943 4071 1039 4126 καὶ
1071 4070 1240 4124 πολλά
1278 4069 1438 4141 ἡμῶν
1484 4069 1612 4139 περὶ
1661 4068 1854 4122 τούτου

260 4164 680 4234 διαλεχθέντων,
704 4165 799 4218 καί
821 4163 933 4217 ἀπὸ
964 4162 1189 4236 Γραφῆς
1206 4160 1614 4231 συστησάντων,
1639 4160 1722 4212 ὅτι
1747 4159 1854 4230 χρὴ

261 4254 552 4323 ὁμολογεῖν
585 4254 652 4307 τά
685 4255 862 4308 πάντα
900 4253 1124 4316 τελείως
1162 4252 1424 4323 εἰληφότα
1456 4252 1547 4305 τὸν
1587 4251 1722 4305 Θεὸν
1751 4252 1856 4306 Λό·

258 4363 387 4417 γον,
412 4346 632 4410 τελείως
676 4363 735 4400 τε
780 4345 1194 4416 ᾠκονομηκέναι
1243 4346 1302 4397 ἐν
1333 4346 1400 4414 τῇ
1431 4343 1684 4414 ἐνσάρκῳ
1712 4361 1855 4416 παρ·
1887 4387 1930 4443 D

259 4439 454 4510 ουσία,
488 4439 583 4492 καὶ
622 4441 679 4492 ἐν
707 4437 1008 4508 τελειότητι
1055 4435 1283 4505 ταύτην,
1335 4437 1430 4489 καὶ
1484 4435 1624 4503 μετὰ
1653 4435 1753 4508 τὴν
1791 4438 1855 4490 ἐκ

256 4529 478 4601 νεκρῶν
521 4528 821 4584 ἀνάστασιν
866 4526 1256 4598 συνηνωκέναι,
1298 4527 1394 4580 καὶ
1439 4524 1666 4591 ἐνδόξως
1693 4543 1855 4580 πνευ-

265 4622 509 4693 ματικὴν
542 4621 713 4693 αὐτὴν
741 4621 892 4691 ὅλην,
916 4620 1011 4675 καὶ
1036 4620 1138 4672 οὐκ
1169 4617 1335 4688 ἀλλην
1359 4618 1456 4671 σὺν
1488 4621 1555 4690 τῇ
1595 4617 1699 4688 ἰδίᾳ
1736 4618 1855 4672 θεός

259 4731 392 4781 τητι
413 4753 428 4777 ,
463 4714 520 4766 ἐν
554 4713 731 4782 ἐαυτῷ
763 4711 1049 4782 ἡνωμένην
1079 4709 1224 4780 ἔχειν
1255 4709 1353 4780 τὴν
1396 4709 1524 4780 ὅλην
1555 4709 1854 4775 τελείωσιν,

263 4806 398 4878 μίαν
429 4805 670 4875 Θεότητα
701 4803 1170 4867 ἀποτετελεκέναι,
1204 4801 1299 4855 καὶ
1325 4799 1652 4865 καθέζεσθαι
1686 4802 1746 4853 ἐν
1771 4799 1858 4854 ού-

263 4897 420 4970 ρανῷ
440 4939 457 4960 ,
507 4899 568 4950 ἐν
598 4895 749 4968 δεξιᾷ
780 4894 877 4948 τοῦ
926 4894 1142 4966 Πατρὸς
1164 4934 1180 4960 ,
1215 4893 1311 4948 ἐπὶ
1345 4891 1536 4963 θρόνου
1569 4888 1728 4962 δόξης
1753 4891 1854 4960 τῆς

259 4989 435 5043 αὐτοῦ
479 4987 650 5043 ἀϊδίου
699 4987 1018 5058 κυριότητός
1062 5001 1122 5039 τε
1173 4985 1269 5038 καὶ
1313 4982 1624 5054 βασιλείαςο
1669 4981 1857 5035 λοιπὸν

258 5078 575 5150 ἀνέστημεν
601 5079 677 5150 μὴ
703 5078 1026 5141 πεπεικότες
1051 5075 1339 5147 ἀμφότερα
1370 5074 1439 5128 τὰ
1468 5075 1610 5147 μέρη
1641 5073 1731 5127 διά
1757 5075 1858 5144 τὴν

263 5171 643 5242 προκειμένην
671 5169 1024 5239 φιλονεικίαν.
1057 5169 1327 5238 Νενόηται
1367 5168 1426 5220 δὲ
1449 5169 1603 5238 ἡμῖν,
1637 5167 1721 5220 ὅτι
1747 5165 1858 5220 ἀπὸ

258 5265 463 5318 τούτου
503 5263 602 5334 οὐχ
641 5263 830 5316 ἕνεκεν
873 5261 967 5316 τοῦ
1016 5259 1109 5314 νοῦ
1150 5262 1334 5324 αὐτοῖς
1384 5261 1414 5312 6
1473 5260 1668 5328 λόγος,
1719 5257 1858 5314 ἀλλά

261 5357 379 5410 ἀπὸ
411 5355 503 5408 τοῦ
531 5355 624 5407 νοῦ
662 5353 850 5424 ἔτερόν
888 5355 1007 5406 ἐστι
1035 5351 1098 5404 τὸ
1123 5351 1396 5423 φρόνημα.
1435 5349 1574 5404 [lore
1603 5349 1713 5420 γὰρ
1754 5349 1855 5419 οὐχ

260 5444 584 5515 ὡμολόγουν
599 5443 722 5498 οὔτε
737 5443 917 5513 ψυχὴν
937 5441 1096 5496 αὐτόν
1119 5441 1418 5510 εἰληφέναι.
1437 5439 1499 5492 Ἦ
1509 5440 1624 5509 μῶν
1650 5439 1707 5492 δὲ
1723 5437 1856 5492 ἀνθ-

261 5536 678 5606 υποφερόντων,
727 5535 823 5588 καὶ
856 5533 1123 5602 λεγόντων
1143 5547 1155 5560 ’
1202 5532 1267 5583 Τί
1320 5531 1427 5602 γάρ
1462 5532 1610 5584 ἐστιν
1637 5533 1665 5584 6
1694 5529 1853 5597 νοῦς;

277 5625 613 5677 ’Υπόστασιν
630 5624 834 5677 τούτων
854 5624 870 5653 ⁸
903 5621 1149 5692 νομίζετε
1177 5615 1316 5673 εἶναι
1339 5621 1399 5673 ἐν
1428 5620 1505 5691 τῷ
1539 5618 1812 5691 ἀνθρώπῳ
1836 5637 1852 5688 ;

259 5715 485 5771 Οὐκοῦν
515 5715 806 5778 πολλοστός
850 5715 998 5768 ἐστιν
1027 5714 1056 5766 6
1085 5711 1390 5783 ἄνθρωπος.
1422 5707 1556 5766 Εἶτα
1587 5712 1740 5782 παρά
1770 5729 1854 5766 τι-

348 5832 365 5863 ¹
398 5827 710 5902 Legendum
743 5839 825 5886 est
846 5824 1057 5884 τοῦτον.

2033 2973 2221 3029 XXIII.
2256 2973 2426 3047 Igitur
2451 2974 2649 3033 Vitalis
2681 2976 2979 3034 humanam
3012 2993 3042 3032 a
3064 2977 3285 3034 Christo
3305 2979 3545 3033 animam

1882 3051 1927 3112 C
1959 3075 2274 3137 susceptam
2317 3082 2442 3122 esse
2493 3068 2785 3125 confessus
2823 3079 2928 3126 est.
2970 3069 3063 3124 Sic
3109 3070 3255 3126 enim
3305 3070 3486 3126 aiebat
3525 3087 3542 3126 :

1959 3154 2192 3212 Omnino
2235 3157 2510 3228 perfectus
2556 3159 2722 3216 homo
2786 3161 3042 3217 Christus
3080 3162 3311 3218 exstitit.
3340 3160 3542 3217 Deinde

1957 3257 2246 3317 postquam
2278 3248 2347 3304 de
2381 3249 2565 3305 anima
2592 3258 2647 3306 et
2683 3263 2852 3306 carne
2876 3252 3146 3308 sciscitati
3169 3267 3384 3318 sumus,
3426 3260 3542 3306 tum

1956 3340 2174 3394 demum
2214 3338 2361 3394 istud
2387 3340 2456 3394 ab
2489 3355 2555 3413 eo
2591 3342 2950 3410 qumsivimus
2985 3359 2998 3396 :
3045 3342 3350 3397 Mentemne
3387 3341 3541 3396 Chri.

1958 3437 2078 3485 stus
2109 3429 2375 3484 Dominus
2408 3433 2653 3502 accepit?
2682 3431 2813 3489 Sine
2849 3435 2956 3488 ulla
2989 3435 3344 3489 cunctatione
3377 3449 3540 3505 nega-

1955 3519 2054 3572 vit.
2101 3518 2238 3573 Tum
2285 3535 2387 3576 nos
2439 3535 2506 3575 ex
2552 3521 2786 3578 adverso
2849 3542 2864 3578 :
2933 3523 3170 3590 Quinam
3215 3525 3380 3595 igitur
3419 3541 3536 3596 per-

1958 3608 2160 3664 fectum
2203 3610 2359 3665 illum
2407 3611 2684 3668 hominem
2721 3612 2895 3670 fuisse
2925 3617 3157 3671 censes?
3194 3616 3277 3670 Ad
3309 3616 3427 3671 haec
3456 3616 3543 3671 ille

1959 3701 2184 3756 intimos
2217 3702 2388 3758 animi
2421 3705 2506 3759 sui
2541 3720 2739 3761 sensus
2783 3707 2944 3762 nobis
2975 3708 3196 3779 aperuit
3230 3725 3244 3761 :
3295 3707 3361 3762 Et
3397 3719 3542 3766 eate-

1957 3807 2082 3855 nus,
2137 3791 2334 3862 inquit,
2381 3794 2686 3864 perfectum
2735 3797 3016 3852 hominem
3063 3798 3235 3855 fuisse
3281 3797 3544 3866 dicimus,

1957 3883 2005 3937 si
2038 3882 2385 3948 divinitatem
2409 3886 2484 3940 illi
2525 3887 2646 3943 loco
2689 3891 2890 3945 mentis
2941 3891 3308 3954 ascribamus,
3336 3898 3392 3945 et
3427 3907 3543 3946 car-

1956 3990 2102 4036 nem,
2131 3983 2294 4046 atque
2323 3978 2562 4033 animam
2604 3979 3002 4051 adjungamus,
3048 3982 3129 4036 sic
3173 3990 3232 4035 ut
3271 3982 3546 4051 perlectus

1956 4064 2122 4119 homo
2148 4081 2214 4121 ex
2254 4081 2441 4133 carne,
2485 4070 2691 4133 anima,
2735 4071 3044 4135 divinitate,
3089 4088 3213 4142 qua:
3243 4073 3315 4128 sit
3351 4075 3549 4128 mentis

1957 4159 2155 4219 instar,
2180 4160 2432 4214 exsistat.
2465 4159 2578 4216 Hoc
2597 4163 2765 4234 igitur
2789 4164 2952 4218 modo
2979 4151 3320 4233 deprehensa
3364 4165 3418 4218 in
3457 4167 3548 4219 illo

1957 4258 2106 4304 tanta
2127 4253 2501 4308 contentionis
2524 4254 2770 4320 libidine,
2789 4270 2915 4309 cum
2931 4255 2996 4308 ad
3023 4271 3142 4310 eam
3167 4270 3278 4309 rem
3299 4255 3547 4324 pluribus

1956 4339 2422 4410 disputassemus,
2456 4343 2668 4412 1017
2709 4353 2763 4398 et
2799 4360 2864 4399 ex
2902 4358 3186 4399 sacrarum
3215 4342 3545 4398 Litterarum

1962 4433 2294 4488 auctoritate
2317 4435 2859 4504 comprobassemus,
2889 4437 3207 4490 necessario
3251 4435 3410 4490 fateri
3444 4451 3546 4491 nos

1960 4533 2217 4596 upon-tere
2247 4568 2262 4592 ,
2293 4527 2477 4582 omnia
2507 4541 2538 4580 a
2567 4526 2758 4582 Verbo
2787 4527 3026 4597 perfecte
3063 4529 3232 4584 fuisse
3264 4539 3544 4600 suscepta,

1960 4627 2014 4674 et
2041 4620 2095 4672 in
2135 4629 2414 4688 assumpta
2444 4635 2614 4675 carne
2641 4620 2883 4690 perfecte
2914 4620 3103 4676 itidem
3138 4621 3545 4685 administrata,

1960 4725 2123 4779 quam
2157 4718 2288 4778 post
2337 4712 2802 4765 resurrectionem
2850 4724 3005 4766 suam
3039 4709 3279 4780 perfecte
3311 4709 3417 4765 sibi
3457 4724 3545 4765 co-

1961 4800 2166 4870 pularit
2191 4819 2204 4855 :
2237 4799 2373 4855 adeo
2396 4807 2456 4854 ut
2482 4801 2730 4856 eamdem
2764 4799 2929 4854 modo
2950 4800 3296 4870 spiritualem
3321 4801 3548 4856 omnino

1958 4891 2230 4948 redditam
2256 4933 2272 4957 ,
2312 4908 2423 4945 non
2491 4892 2655 4946 aliam
2715 4905 2781 4945 ac
2823 4891 3132 4955 diversam,
3165 4905 3290 4944 cum
3328 4892 3548 4962 propria

1961 4983 2247 5040 divinitate
2279 4984 2332 5037 in
2363 4984 2660 5052 semetipso
2691 4981 3043 5052 conjunctam
3099 4981 3312 5046 habeat,
3346 4989 3401 5036 et
3442 4997 3548 5034 una

1962 5091 2032 5131 ex
2074 5075 2166 5129 illa
2197 5073 2540 5145 perfectione
2575 5073 2842 5129 divinitas
2875 5080 3214 5144 consurgat;
3251 5083 3418 5144 atque
3459 5075 3548 5127 illa

1964 5174 2247 5237 postrema
2282 5173 2480 5220 natura
2509 5165 2578 5219 ad
2620 5165 2903 5220 dexteram
2933 5164 3114 5221 Patris
3142 5165 3197 5219 in
3221 5166 3384 5230 caelo,
3409 5174 3464 5219 et
3495 5167 3548 5218 in

1964 5259 2315 5329 sempiternae
2368 5255 2764 5313 dominationis
2821 5271 2887 5311 ac
2933 5256 3089 5327 regni
3155 5256 3547 5326 augustissimo

1963 5349 2165 5404 throno
2194 5347 2499 5404 consideat.
2544 5346 2672 5401 Haec
2701 5347 2794 5402 ubi
2827 5347 3212 5414 disseruimus,
3251 5361 3374 5401 cum
3409 5347 3557 5400 utri-

1962 5457 2069 5511 que
2099 5441 2241 5512 parti
2293 5447 2517 5510 propter
2545 5438 2855 5494 animorum
2892 5440 3252 5510 pertinaciam
3313 5447 3544 5495 conten-

1965 5535 2282 5601 tionemque
2315 5531 2450 5585 nihil
2481 5531 2965 5601 persuaderemus,
3008 5547 3067 5585 re
3107 5530 3312 5584 infecta
3340 5529 3543 5585 disces-

1965 5619 2160 5676 simus.
2211 5619 2553 5674 Intellectum
2605 5635 2736 5675 vero
2785 5620 2933 5675 istud
2984 5630 3093 5686 est,
3143 5635 3255 5674 non
3305 5620 3374 5675 de
3424 5621 3544 5676 sola

1965 5720 2148 5770 mente
2211 5711 2644 5782 disputationem
2698 5709 2840 5767 hanc
2886 5710 3014 5768 illos
3064 5711 3384 5784 ingressos,
3445 5712 3542 5769 sed
