3964 6418
511 370 618 425 675
1906 365 1965 422 S.
2007 366 2348 425 EPIPIIANII
3623 372 3702 434 576

512 491 710 554 praeter
731 479 862 536 illud
883 478 950 534 de
977 483 1179 542 mente,
1203 479 1348 535 aliud
1378 490 1601 548 quoque
1632 477 1832 545 dogma
1855 482 2077 534 sectari.

2142 505 2155 543 ι
2189 500 2274 536 σιν
2328 481 2618 552 ἐνομίζετο
2667 476 2805 535 εἶναι
2847 480 2910 533 τὸ
2951 480 3189 551 πνεῦμα,
3235 480 3296 534 τὸ
3325 480 3408 535 ἀεὶ
3439 481 3494 537 ἐν
3517 485 3578 556 τῇ
3613 485 3707 560 θείᾳ

511 574 795 630 Interdum
845 586 990 628 emm
1027 585 1096 624 ne
1129 570 1369 623 animam
1419 569 1640 639 quidem
1685 571 1965 626 Christum
1998 588 2076 629 as-

2198 575 2410 646 Γραφῇ,
2438 576 2496 626 ὲν
2515 573 2594 644 τῷ
2621 571 2892 644 ἀνθρώπῳ
2919 571 3196 642 ᾀδόμενον.
3228 571 3356 625 Ὅτε
3381 571 3435 624 δὲ
3459 572 3707 644 ἐδείξαμεν»

510 664 814 734 sumpsisse
864 661 1130 716 ferebant.
1174 659 1381 714 Contra
1426 675 1552 731 quae
1601 661 1736 715 illud
1786 663 2075 732 ohjicieba-

2197 665 2272 727 ὼς
2296 665 2392 733 οὐχ
2421 666 2450 716 ό
2474 663 2598 726 νοῦς
2623 664 2740 716 ἐστι
2768 663 2830 716 τὸ
2860 662 3098 732 πνεῦμα,
3119 662 3213 716 τοῦ
3248 662 3544 716 ’Δποστόλου
3564 665 3710 733 σαφῶς

509 770 632 809 mus
661 771 676 809 :
709 752 849 819 Quid
896 751 1118 806 tandem
1165 751 1370 821 putatis
1405 767 1531 807 esse
1567 755 1842 807 mentem?
1877 753 2074 808 Utrum

2197 754 2476 822 λέγοντος·
2513 753 2690 807 Ψαλῶ
2723 751 2805 817 τῷ
2831 753 2947 815 νοῒ,
2987 751 3166 821 ψαλῶ
3195 750 3275 818 τῷ
3300 755 3584 822 πνεύματι.
3625 756 3712 808 Ἕν-

508 863 634 900 nam
664 845 986 917 hypostasin
1016 859 1145 900 esse
1167 844 1462 915 quamdam
1494 847 1550 899 in
1573 845 1794 902 homine
1823 848 2073 903 creditisf

2196 844 2388 898 τεῦθεν
2419 843 2604 896 πολλοὶ
2633 843 2730 913 μὲν
2758 839 2898 914 ἦσαν
2931 844 2980 896 οἱ
3016 843 3166 911 λόγοι
3190 861 3204 875 σ
3227 845 3324 897 οὐκ
3347 844 3653 916 ἠδυνήθημεν
3670 846 3711 898 δι

507 938 786 1008 Multiplex
818 944 903 993 est
935 937 1099 1003 igitur
1138 937 1319 991 homo.
1364 937 1444 991 Ad
1482 939 1593 992 hzec
1632 940 1913 994 nonnullis
1970 941 2072 1011 pla-

1532 953 1593 992 ec
1632 940 1913 994 nonnullis
1970 941 2092 1011 pla-
2198 938 2394 999 αὐτοὺς
2425 938 2609 989 πεῖσαι
2636 935 3097 1004 φιλονεικοῦντας.

507 1031 685 1095 cebat,
719 1029 855 1083 nihil
883 1044 1008 1084 esse
1040 1038 1275 1084 mentem
1310 1029 1458 1083 aliud
1490 1045 1654 1100 quam
1688 1033 1961 1103 spiritum,
1996 1032 2088 1102 qui
2129 1031 2338 1085 homini
2371 1030 2574 1100 passim
2610 1029 2663 1082 in
2701 1028 3007 1098 Scripturis
3056 1027 3343 1083 tribuitur.
3388 1026 3571 1082 Verum
3619 1043 3713 1084 cum

505 1131 744 1176 mentem
819 1135 1165 1190 nequaquam
1214 1121 1468 1187 Spiritum
1522 1135 1646 1177 esse
1720 1123 2276 1188 demonstraremus,
2336 1137 2404 1176 ex
2485 1133 2550 1174 eo
2610 1119 2757 1188 quod
2834 1121 3042 1174 diserte
3116 1119 3339 1187 scripsit
3417 1118 3708 1189 Apostolus:

507 1207 752 1265 Psallam
786 1221 976 1274 mente,
1025 1211 1256 1278 psallam
1284 1221 1334 1264 et
1368 1212 1593 1279 spiritu'
1626 1230 1640 1278 ;
1691 1213 1897 1270 multus
1927 1229 1991 1269 ea
2024 1215 2094 1264 de
2130 1230 2186 1268 re
2215 1213 2377 1267 nobis
2421 1217 2588 1265 natus
2614 1219 2697 1264 est
2724 1224 2932 1274 sermo,
2969 1225 3071 1265 nec
3127 1211 3262 1279 iPS'IS
3303 1217 3480 1264 tamen
3529 1219 3712 1265 εοιιιθει·

506 1302 649 1357 tiose
688 1303 1030 1357 certantibus
1068 1301 1400 1372 persuadere
1432 1303 1732 1372 potuimus.

572 1395 761 1452 XXIV.
805 1394 1000 1450 Postea
1041 1411 1171 1448 vero
1204 1411 1330 1448 cum
1377 1396 1678 1450 nonnullos
1711 1411 1780 1452 ex
1827 1396 1896 1452 iis
1935 1396 2084 1450 hunc

2258 1393 2385 1446 ΚΝ.
2429 1386 2564 1446 Εῐτα
2607 1389 2770 1444 πάλιν
2813 1391 2957 1445 τισὶν
3005 1391 3165 1461 ἡμῶν
3205 1390 3491 1460 λεγόντων
3531 1390 3589 1443 Τί
3612 1393 3713 1462 γάρ;

504 1486 558 1539 in
598 1486 817 1538 modum
855 1485 1296 1555 aggrederemur.
1335 1485 1476 1552 Quid
1511 1488 1772 1543 tandem?
1801 1487 1940 1543 Num
1982 1488 2069 1560 by-

2193 1483 2490 1538 ὑπόστασιν
2548 1481 2640 1536 τὸν
2655 1481 2782 1536 νοῦν
2808 1479 2946 1537 εἶναι
2965 1483 3182 1552 λέγετε;
3211 1483 3382 1537 Τινῶν
3407 1483 3460 1536 δὲ
3475 1483 3630 1536 αὐτῶν
3651 1484 3715 1536 λε-

502 1576 748 1645 postasin
779 1589 901 1629 esse
950 1584 1185 1630 mentem
1231 1578 1523 1632 asseritis?
1565 1579 1654 1632 cui
1685 1593 1810 1633 cum
1852 1579 1923 1632 ita
1964 1579 2067 1649 qui-

2189 1574 2396 1642 γόντων
2425 1572 2499 1643 μὴ
2529 1566 2668 1624 εἶναι
2702 1571 3000 1625 ὑπόστασιν
3018 1613 3033 1637 ,
3069 1571 3176 1624 ἀπὸ
3206 1571 3300 1624 τοῦ
3345 1573 3488 1642 ἡμᾶς
3510 1571 3717 1626 πεπεικέ-

500 1667 626 1720 dam
683 1672 1082 1730 occurrerent,
1138 1674 1196 1720 ut
1243 1667 1564 1736 hypostasin
1616 1675 1878 1734 negarent
1926 1681 2048 1722 esse

2184 1682 2273 1720 ναι
2313 1665 2531 1730 αὐτοὺς,
2561 1666 2643 1718 ὅτι
2688 1665 2750 1718 ού
2779 1663 2887 1735 χρὴ
2916 1663 3160 1734 νομίζειν
3194 1665 3375 1728 αὐτὸν,
3419 1663 3535 1717 οὔτε
3568 1665 3623 1716 τὸ
3644 1681 3716 1716 κα-

499 1757 644 1826 quod
670 1757 749 1811 eis
780 1771 1259 1826 persuaseramus,
1295 1771 1406 1809 non
1441 1755 1494 1809 id
1531 1771 1655 1810 esse
1700 1763 1961 1823 mentem,
1988 1771 2064 1811 ne

2151 1822 2155 1826 δ
2184 1755 2448 1826 λούμενον
2478 1756 2797 1822 ἀνθρώπου
2839 1753 3097 1822 πνεῦμα,
3133 1755 3221 1807 διὰ
3255 1754 3317 1807 τὸ
3357 1755 3550 1808 εἰπεῖν·
3578 1750 3716 1807 Ψαλῶ

497 1815 605 1918 que
651 1815 898 1916 spiritum
953 1846 1145 1914 illum,
1191 1815 1284 1916 qui
1328 1847 1633 1917 appellatur
1668 1815 2062 1912 hominisicuu

2151 1822 2158 1867 ι
2187 1815 2418 1912 τῷινοῒ,
2449 1815 2627 1914 ψαλῶ
2658 1845 2756 1898 καὶ
2787 1843 2866 1909 τῷ
2895 1815 3210 1914 πνεύματι,
3239 1845 3315 1917 μὴ
3344 1847 3562 1916 ἐχόντων
3580 1844 3716 1898 αὐτῶν

497 1939 764 2008 scriptum
797 1939 872 1992 sit
904 1957 917 1991 :
953 1937 1200 1992 Psallam
1253 1949 1424 1993 meme
1449 1977 1465 2003 ,
1509 1938 1737 2007 psallam
1783 1947 1834 1992 et
1865 1939 2058 2008 spiritu

2188 1938 2326 2008 πρὸς
2347 1937 2506 1991 τοῦτο
2532 1937 2586 1990 τί
2618 1936 2819 2007 λέγειν,
2849 1935 3110 2006 ἐλέγομεν
3133 1950 3148 1964 ⁸
3179 1938 3392 1993 Ούκοῦν
3423 1939 3471 1990 εί
3498 1938 3588 1990 οὐκ
3609 1937 3717 1989 ἐστιν

497 2045 623 2084 cum
671 2030 939 2084 adversus
989 2029 1104 2083 hmc
1156 2030 1291 2084 nihil
1342 2030 1608 2086 haberent
1660 2030 1805 2100 quod
1849 2045 2062 2100 Oppone

2189 2031 2488 2093 ὑπόστασις
2520 2031 2550 2083 ό
2591 2029 2750 2094 νοῦς,
2805 2027 2942 2082 ἀλλὰ
2987 2027 3202 2096 κίνησις
3245 2029 3348 2099 τῆς
3391 2027 3539 2099 ἡμῶν
3579 2027 3719 2096 πάσης

497 2133 620 2178 rent
661 2142 674 2178 :
732 2132 846 2178 tum
878 2141 1073 2196 urgere
1105 2124 1187 2180 sic
1220 2126 1492 2196 cmpimus
1519 2145 1531 2180 :
1560 2124 1620 2180 Si
1649 2140 1802 2182 mens
1834 2141 1944 2180 non
1985 2127 2062 2198 hy'

2188 2121 2559 2185 ὑποστάσεως,
2603 2119 2729 2173 νοῦν
2753 2119 2809 2172 δὲ
2839 2119 3027 2187 λέγετε
3057 2117 3149 2171 τὸν
3177 2118 3413 2190 Χριστὸν
3442 2118 3571 2172 κατὰ
3598 2117 3718 2170 τοῦτο

497 2218 734 2288 postasis
761 2227 844 2272 est
864 2256 879 2280 ,
915 2218 1008 2271 sed
1039 2217 1210 2273 totius
1248 2219 1563 2288 hypostasis
1595 2227 1800 2274 nostra;
1831 2221 2062 2290 qumdau

2185 2212 2248 2265 τὸ
2270 2212 2434 2283 μέρος
2454 2211 2592 2280 ’ἄρα
2617 2205 2710 2264 οὗν
2743 2207 3086 2280 φαντάζεσθε
3115 2209 3486 2264 ἀνυπόστατον
3513 2205 3632 2262 εἶναι
3651 2207 3718 2260 τὸν

497 2309 698 2372 motio,
733 2322 859 2362 cum
891 2307 1173 2364 Christum
1214 2317 1452 2364 mentem
1499 2323 1625 2366 esse
1667 2309 1774 2364 hac
1812 2325 1878 2365 ex
1925 2318 2062 2381 parte

2187 2301 2444 2372 Χριστὸν,
2478 2301 2574 2354 καὶ⁸
2607 2300 2768 2370 μόνον
2806 2299 2910 2362 ἕως
2939 2298 3100 2366 λόγου
3128 2301 3222 2351 καὶ
3245 2299 3514 2370 δοκήσεως
3543 2296 3629 2369 τὴν
3657 2297 3720 2348 ὲν-

493 2398 699 2460 velitis,
727 2399 977 2454 eumdem
1012 2399 1238 2453 minime
1306 2394 1700 2456 subsistentem
1745 2399 1975 2472 fingitis,
2015 2415 2058 2455 ai

2185 2389 2388 2460 δημίαν
2415 2388 2517 2458 τῆς
2543 2389 2810 2460 ὲνσάρκου
2862 2386 3165 2458 παρουσίας
3197 2386 3364 2441 αὑτὸν
3413 2385 3718 2456 πεποιηκότα.

492 2491 674 2546 verbis
735 2498 898 2546 tenus
927 2497 982 2545 et
1014 2491 1197 2561 specie
1222 2497 1401 2545 totum
1430 2490 1564 2546 illud
1594 2493 1871 2565 negotium
1899 2493 2057 2548 iucar

2197 2480 2472 2543 Ὡσαύτως
2491 2480 2592 2539 οὐκ
2618 2475 2765 2551 εῑχον
2793 2478 3088 2536 ἀποδοῦναι
3113 2479 3292 2548 λόγον.
3321 2480 3431 2535 Καὶ
3451 2478 3604 2550 πολλὴ
3619 2479 3720 2549 ἡμῖν

493 2581 733 2636 nationis
757 2583 982 2637 obiisse.
1016 2580 1202 2635 Nihilo
1234 2581 1412 2654 magis
1447 2581 1516 2637 ad
1544 2583 1662 2638 haec
1693 2585 1965 2640 rationem
1995 2585 2058 2639 ult

2185 2571 2377 2642 γέγονε
2405 2571 2527 2624 τότε
2557 2569 2780 2642 λυπηρὰ
2824 2573 2856 2641 ἡ
2900 2572 3000 2642 τῆς
3030 2570 3177 2640 ζωῆς
3206 2571 3554 2633 κατάστασις,
3582 2571 3650 2624 δτι
3678 2571 3719 2621 έν

491 2673 600 2726 lam
642 2673 912 2727 extricare
957 2681 1235 2743 poterant.
1277 2672 1472 2729 Ex_iis
1501 2674 1664 2745 longe
1720 2675 2056 2732 acerbissimi

2183 2665 2297 2726 τοῖς
2329 2662 2754 2734 προειρημένοις
2792 2661 3043 2730 ἀδελφοῖς
3081 2662 3176 2714 καὶ
3205 2663 3508 2725 ἐπαινετοῖς
3537 2659 3719 2730 ἐϐλήθη-

491 2763 683 2818 dolore
733 2778 798 2816 ac
826 2763 1078 2818 molestia
1104 2778 1300 2819 sumus
1333 2763 1536 2829 allecti,
1589 2765 1733 2836 quod
1769 2765 1913 2823 inter
1938 2781 2056 2837 prae

2186 2771 2288 2809 σαν
2315 2754 2504 2818 ἁπλῶς
2529 2754 2874 2824 φιλονεικίαι,
2907 2755 2996 2808 ἴνα
3025 2753 3340 2816 διαστάσεις
3389 2755 3444 2806 ὲν
3480 2755 3599 2824 ἡμῖν
3620 2752 3722 2805 πάν-

492 2856 674 2909 claros
703 2854 825 2909 i‘llos
876 2868 942 2909 ac
995 2853 1157 2908 laude
1188 2853 1383 2924 dignos
1413 2853 1613 2911 fratres
1648 2863 1869 2912 nostros
1911 2865 2057 2912 tanta

2183 2863 2306 2901 τοτε
2333 2849 2362 2901 ό
2396 2845 2801 2918 προειρημένος
2829 2845 2940 2900 τῶν
2971 2844 3276 2917 ἀνθρώπων
3307 2844 3556 2915 πολέμιος
3580 2841 3723 2897 διάδο-

491 2945 882 3000 contentioues
929 2958 993 2999 ac
1044 2943 1354 3000 simultates
1387 2945 1792 3002 intercederent
1813 2987 1829 3013 ,
1863 2958 1922 3004 ut
1951 2966 2056 3021 per

2183 2938 2274 3002 λος
2299 2937 2684 3010 ἐξεργάσηται.
2710 2937 2888 3008 Πολλὴ
2920 2937 2979 2990 δέ
3008 2939 3125 2990 ἐστι
3157 2935 3260 3006 τῆς
3282 2935 3535 3006 τοιαύτης
3562 2933 3720 2992 αἰτίας.

492 3043 686 3105 petuas
733 3035 789 3088 in
843 3049 948 3089 nos
997 3033 1377 3090 dissensiones
1427 3036 1934 3107 lmportunissimus
1985 3042 2057 3096 ἱΙΙε

2185 3030 2438 3100 ἀδελφοὶ,
2468 3032 2502 3101 ὴ
2532 3030 2652 3083 κατ’
2684 3028 2893 3083 ἔννοιαν
2925 3028 3119 3100 βλάϐη.
3152 3029 3216 3084 Ei
3245 3028 3350 3099 μὲν
3376 3028 3484 3098 γὰρ
3510 3026 3563 3094 ἑξ
3586 3024 3722 3097 ἀρχῆς

492 3125 717 3179 humani
757 3124 974 3193 generis
1001 3123 1180 3180 hostis
1215 3123 1468 3181 diabolus
1529 3127 1807 3186 immittat.
1860 3132 2057 3204 ιοιε

2183 3123 2313 3194 περὶ
2337 3122 2529 3176 τούτου
2559 3122 2658 3174 οὐκ
2687 3119 2912 3192 ἐκινήθη
2962 3119 3142 3188 λόγος,
3173 3119 3543 3176 ἁπλούστατον
3567 3116 3653 3190 ἢν·
3682 3116 3722 3169 τί

492 3216 559 3270 Et
578 3232 707 3273 vero
729 3218 826 3271 tali
858 3218 914 3272 in
942 3218 1148 3274 erroris
1175 3227 1521 3290 argumento,
1549 3220 1769 3290 fratres,
1795 3226 2057 3296 praecipua

2181 3213 2291 3285 γὰρ
2323 3214 2481 3268 τοῦτο
2509 3213 2602 3266 τὸν
2631 3212 2834 3282 κόσμον
2867 3211 3043 3281 ὢνησε
3071 3210 3134 3262 τὸ
3162 3211 3562 3282 καινοτόμημα,
3588 3209 3620 3280 ἢ
3647 3205 3723 3278 τὴν

488 3308 739 3379 quaedam
769 3306 923 3363 fraus
949 3307 1448 3366 circumveniendis
1479 3310 1762 3367 hominum
1795 3315 2053 3370 mentibus

2187 3305 2516 3376 Ἐκκλησίαν
2545 3304 2863 3375 ὠφέλησεν;
2900 3304 2972 3356 Ἦ
3016 3302 3137 3372 οὐχὶ
3169 3302 3379 3372 μᾶλλον
3407 3301 3611 3371 ἑόλαψε,
3649 3301 3717 3370 μί·

489 3406 760 3455 versatur.
803 3397 918 3456 Nisi
966 3400 1112 3455 enim
1144 3399 1214 3458 de
1246 3415 1312 3456 ea
1360 3417 1421 3458 re
1469 3403 1625 3460 initio
1657 3403 1798 3461 foret
1835 3408 2054 3462 excitat:

2174 3415 2267 3462 σος
2297 3398 2390 3451 καὶ
2423 3397 2613 3450 στάσιν
2636 3394 3040 3467 ὲργασάμενονς
3075 3393 3294 3466 Ἐπειδὴ
3321 3394 3378 3448 δὲ
3401 3396 3431 3448 ὁ
3457 3393 3599 3462 λόγος
3628 3403 3724 3458 προ-

486 3491 819 3562 disputatio,
850 3491 1323 3564 simplicissimum
1351 3493 1614 3566 quiddam
1643 3505 1782 3553 erat.
1826 3497 2051 3568 Ecquan

2175 3488 2402 3559 εϐλήθη,
2437 3487 2668 3559 φοσερὸς
2713 3486 2960 3556 γέγονεν.
3009 3485 3086 3539 υύ
3128 3483 3238 3554 γὰρ
3281 3487 3370 3549 εἰς
3413 3486 3474 3540 τὸ
3513 3485 3722 3556 κρεῖσσον

485 3582 634 3637 enim
669 3582 879 3637 mmdo
916 3583 1137 3639 novitas
1167 3583 1285 3638 haec
1317 3585 1608 3640 utilitatem
1642 3587 1948 3643 conscivit?
1975 3602 2045 3643 au

2175 3582 2274 3653 τῆς
2299 3579 2457 3653 ἡμῶν
2483 3577 2780 3650 σωτηρίας.
2817 3578 3084 3649 Ἀρνησις
3107 3577 3219 3648 γάρ
3244 3577 3397 3631 ἐστιν
3423 3578 3484 3630 οὐ
3512 3575 3653 3646 μόνον
3675 3569 3721 3625 ιν

486 3673 619 3743 quid
658 3673 918 3730 Ecclesia
950 3673 1200 3744 profuit?
1235 3673 1429 3731 Nonne
1467 3677 1829 3734 vehementer
1863 3679 2049 3734 nocuit

2175 3674 2351 3745 τούτῳ
2383 3673 2462 3744 τῷ
2512 3673 2667 3745 μέρει
2713 3669 2792 3742 τῷ
2841 3669 2916 3742 μὴ
2960 3669 3337 3740 ὁμολογοῦντι,
3386 3667 3518 3724 ἀλλὰ
3564 3665 3645 3722 καὶ
3677 3664 3723 3714 ἐν

490 3779 614 3818 cum
656 3764 979 3820 intestinum
1039 3765 1229 3820 odium
1288 3766 1733 3838 simultatemque
1778 3769 2055 3824 conﬂarit‘

2179 3764 2508 3837 βραχυτάτῳ
2536 3762 2662 3818 τινί.
2693 3763 2768 3815 υύ
2793 3759 2900 3832 χρὴ
2929 3760 3038 3830 γὰρ
3066 3759 3190 3813 οὐδὲ
3222 3758 3330 3813 κᾶν
3357 3761 3414 3814 ὲν
3443 3758 3518 3828 τῷ
3541 3752 3720 3824 τυχόντι

491 3852 598 3908 Sed
627 3855 721 3909 ubi
748 3855 916 3910 semel
950 3853 1150 3924 dogma
1184 3853 1320 3908 illud
1349 3856 1518 3927 coepit
1549 3872 1850 3928 emergere,
1887 3858 2056 3914 formi-

2177 3853 2618 3928 παρεξέρχεσθαι
2649 3853 2750 3924 τῆς
2776 3850 2898 3906 ὁδοῦ
2921 3851 3020 3921 τῆς
3050 3848 3338 3920 ἀληθείας.
3366 3847 3610 3918 Λέξωμεν
3636 3841 3720 3895 τοί-

490 3943 906 3999 dolosissimum
938 3946 1170 4001 exstitit.
1221 3946 1342 4003 Non
1393 3947 1540 4004 enim
1573 3947 1643 4002 ad
1675 3949 2055 4020 expeditioren

2176 3966 2275 4004 νυν
2303 3947 2401 4004 καὶ
2429 3945 2571 4002 κατά
2600 3944 2808 4016 ταύτης
2833 3943 2935 4014 τῆς
2969 3941 3302 4006 ὑποθέσεως,
3346 3939 3636 4010 βουλόμενοι
3661 3930 3719 4002 μὴ

493 4035 735 4104 aliquam
766 4035 962 4092 salutis
990 4044 1194 4092 nostra;
1223 4037 1367 4092 viam
1425 4052 1491 4093 ac
1513 4039 1783 4094 rationem
1816 4039 2054 4096 refertur

2177 4040 2285 4107 ἔξω
2317 4039 2417 4110 τῆς
2451 4036 2667 4092 ἑαυτῶν
2695 4034 2843 4106 ζωῆς
2876 4034 3100 4105 βαίνειν,
3151 4032 3288 4103 μηδὲ
3315 4031 3408 4086 τὸν
3432 4027 3619 4084 κανόνα
3640 4039 3713 4076 κα-

489 4124 816 4194 Quicunque
843 4140 974 4180 vero
1003 4115 1112 4182 non
1143 4126 1198 4181 in
1233 4127 1335 4181 hac
1365 4126 1529 4181 modo
1561 4136 1736 4197 parte,
1785 4126 1882 4183 sed
1907 4127 1990 4183 vel
2017 4127 2054 4182 il

2175 4128 2536 4201 ταλιμπάνειν
2565 4127 2666 4198 τῆς
2700 4125 2860 4195 ἁγίας
2895 4123 3031 4178 Θεοῦ
3073 4122 3406 4193 Ἐκκλησίας
3438 4119 3527 4173 καὶ
3571 4113 3718 4184 ὁμολο-

489 4213 768 4269 levissima
815 4215 996 4289 aliqua
1041 4216 1326 4271 veritatem
1366 4216 1592 4272 minime
1645 4215 1956 4288 profitetur,
2009 4217 2054 4272 ﬁl

2177 4221 2324 4292 γίας.
2357 4219 2545 4273 Οὐδενὶ
2585 4217 2696 4290 γὰρ
2743 4217 2966 4271 πώποτε
2997 4215 3108 4269 τῶν
3149 4212 3400 4268 παλαιῶν
3425 4208 3574 4266 τοῦτο
3598 4203 3718 4275 εἴρη-

487 4301 612 4357 dem
649 4303 696 4359 is
723 4301 970 4372 ejurasse
999 4304 1339 4359 censebitur.
1384 4305 1598 4376 Quippe
1641 4321 1710 4361 ne
1741 4305 1796 4360 in
1845 4306 2052 4361 minimi

2176 4331 2289 4377 ται,
2306 4310 2432 4364 οὔτε
2455 4311 2731 4382 προφήτῃ,
2747 4306 2872 4363 οὔτε
2901 4305 3206 4377 ὰποστόλῳ,
3235 4302 3362 4362 οὔτε
3383 4295 3715 4368 εὐαγγελιστῇν

495 4392 715 4463 quidem
747 4408 781 4448 a
811 4393 1061 4450 veritatis
1090 4395 1177 4450 via
1222 4393 1514 4451 deﬂectere
1545 4405 1783 4468 oportet.
1816 4395 2060 4466 Quapro-

2178 4403 2240 4459 οὗ
2273 4421 2380 4458 τινι
2403 4401 2512 4457 τῶν
2558 4400 2862 4472 ἐξηγητῶν,
2912 4398 3018 4462 ἕως
3072 4395 3275 4452 τούτων
3321 4394 3430 4451 τῶν
3477 4387 3715 4462 ἡμετέρων

490 4493 612 4555 pter
637 4485 802 4540 etiam
842 4485 1110 4541 adversus
1157 4485 1475 4555 opinionem
1507 4485 1655 4542 illam
1702 4486 2055 4557 disputemus

2176 4495 2415 4567 xpdev'
2443 4493 2501 4558 ἐξ
2529 4485 2592 4546 οῦ
2622 4491 2817 4563 καιροῦ
2851 4489 2961 4544 ἀπὸ
2990 4486 3086 4542 τοῦ
3136 4483 3532 4558 προειρημένου
3561 4480 3714 4544 λογιωο

488 4590 614 4632 cum
639 4590 739 4631 nec
773 4575 1075 4632 abhorrere
1103 4591 1135 4631 a
1161 4578 1275 4632 vita
1302 4586 1514 4642 nostra,
1539 4593 1718 4648 neque
1749 4587 1954 4634 sanctas
1976 4577 2052 4634 De

2167 4587 2331 4641 τάτου
2363 4584 2556 4655 ἀνδρὸς
2598 4584 2661 4637 τὸ
2696 4582 2937 4637 τοιοῦτον
2968 4579 3282 4649 σοφιστικὸν
3305 4575 3542 4648 προῆλθε
3571 4569 3711 4641 ῥῆμα.

489 4661 747 4722 Ecclesia!
780 4664 1014 4736 ﬁdeique
1043 4668 1286 4736 regulam
1332 4669 1587 4724 deserere
1618 4671 1770 4724 omni
1817 4685 1923 4740 ope
1951 4679 2054 4725 stu-

2172 4677 2392 4749 Παιδείᾳ
2425 4676 2535 4747 γὰρ
2566 4677 2628 4728 ού
2663 4678 2731 4748 τῇ
2759 4673 2995 4746 τυχούσῃ
3033 4674 3064 4725 ό
3116 4671 3258 4742 ἀνὴρ
3291 4666 3598 4739 ἐξήσκηται,

489 4757 736 4812 deamus.
771 4755 966 4814 Nullus
1013 4757 1162 4812 enim
1196 4774 1438 4828 unquam
1484 4775 1554 4815 ex
1605 4761 1884 4816 veteribus
1929 4761 2054 4817 illud

2169 4770 2268 4840 τῆς
2295 4747 2403 4822 τῶγν
2435 4767 2608 4836 λόγων
2637 4747 3081 4838 προπαιδεύσεώς
3103 4779 3164 4817 τε
3197 4763 3291 4816 καὶ
3335 4751 3636 4828 Ἑλληνικῆς
3653 4747 3711 4800 δι-

490 4847 726 4902 asseruit
755 4865 771 4902 :
801 4862 912 4901 non
953 4847 1244 4918 propheta,
1276 4864 1388 4904 non
1422 4851 1734 4918 apostolus.
1769 4866 1881 4911 non
1906 4867 2055 4907 evan‘

2168 4859 2464 4922 δασκαλίας
2483 4856 2825 4930 ὁρμώμενος,
2861 4855 3042 4912 πᾶσάν
3070 4871 3132 4907 τε
3161 4849 3503 4917 διαλεκτικὴν
3532 4843 3614 4897 καὶ
3637 4853 3710 4930 σο·

491 4938 716 5006 gelista,
753 4955 863 4994 non
900 4947 1262 5010 mterpretum
1293 4942 1529 5012 aliquis,
1562 4946 1658 5013 qui
1691 4943 1758 4998 ad
1813 4955 2056 5000 nostrum

2174 4951 2430 5021 φιστικὴν
2471 4929 2924 5019 πεπαιδευμένος
2966 4945 3102 5000 ἀλλὰ
3146 4943 3242 5000 καὶ
3297 4942 3389 4998 τὸν
3432 4938 3578 4994 ἄλλον
3620 4929 3709 5002 βίον

493 5041 667 5094 usque
711 5034 927 5098 tempus
975 5031 1344 5095 exstiterunt;
1405 5045 1434 5084 a
1463 5047 1573 5101 quo
1613 5033 1920 5102 50phistica
1979 5035 2058 5088 illa

2168 5043 2526 5114 σεμνότατος,
2572 5041 2667 5094 καὶ
2701 5039 2808 5093 τῶν
2839 5038 2978 5109 πρὸς
3003 5034 3315 5107 όρθοδόξους
3344 5033 3432 5085 ἀεὶ
3464 5031 3518 5083 ἐν
3551 5022 3709 5114 ἀγάπῃ

453 5111 938 5188 jcavillatoriaque
979 5137 1084 5176 vos
1121 5137 1188 5178 ex
1231 5123 1593 5178 eruditissimi
1633 5125 1779 5181 illius
1831 5126 2015 5180 homin

2166 5111 2449 5204 hil-7cmth
2477 5130 2697 5202 ἀριθμῷ
2730 5129 3075 5199 ταττόμενος,
3096 5126 3203 5190 ἕως
3230 5123 3420 5179 τούτου
3452 5119 3542 5174 τοῦ
3579 5113 3709 5204 λόγου

492 5223 589 5266 ore
645 5210 932 5279 processit.
995 5210 1112 5266 Non
1159 5213 1304 5268 enim
1371 5214 1702 5270 mediocrem
1759 5218 2057 5272 litterarum

2166 5201 2454 5294 διέμεινεν.
2495 5201 2654 5275 Ἀλλὰ
2689 5220 2786 5273 καὶ
2810 5218 3025 5290 ἑξορίαν
3049 5216 3330 5287 ὑπέμεινε,
3351 5211 3439 5265 διὰ
3461 5210 3518 5263 τὸ
3539 5205 3606 5276 μὴ
3621 5201 3712 5260 τοῖς

493 5299 778 5355 scientiam
811 5298 985 5355 fuerat
1012 5301 1100 5356 ille
1129 5311 1487 5367 consecutus,
1536 5319 1661 5360 cum
1688 5313 1740 5360 et
1769 5307 2058 5360 humanio-

2184 5314 2480 5383 Ἀρειανοῖς
2519 5309 2957 5380 συγκαταθεῖναι.
3014 5308 3128 5365 Καὶ
3177 5306 3230 5360 τί
3269 5321 3336 5376 με
3398 5303 3480 5355 δεῖ
3534 5297 3705 5383 λέγευίς

492 5392 645 5447 ribus
695 5391 1009 5462 Craicisque
1038 5392 1348 5462 disciplinis
1377 5402 1526 5451 esset
1553 5397 1831 5462 excultus,
1875 5405 1930 5450 et
1958 5397 2057 5450 dia-

2172 5382 2348 5474 Πολλὴ
2381 5404 2536 5474 ἡμῶν
2575 5406 2608 5473 ή
2637 5402 2779 5473 λύπη
2801 5441 2816 5466 ,
2854 5400 2949 5456 καὶ
2974 5399 3168 5463 πένθος
3193 5400 3226 5469 ἡ
3252 5397 3363 5466 ζωὴ
3386 5436 3402 5459 ,
3438 5393 3515 5445 ὅτι
3555 5382 3713 5474 λυπεῖν

494 5486 741 5542 lecticam
774 5501 837 5543 ac
867 5489 1224 5558 sophisticam
1267 5495 1440 5545 artem
1491 5490 1546 5544 in
1583 5491 1774 5559 primis
1809 5492 2059 5557 calleret;

2171 5471 2358 5546 εἴωθεν
2386 5471 2687 5557 salsae)»;
2714 5471 2860 5563 ἡμᾶς
2887 5492 3005 5556 ἀει,
3047 5489 3122 5552 ὡς
3165 5489 3262 5559 ηδη
3293 5483 3542 5544 πολλάκις
3568 5471 3709 5529 εἶπον.

490 5588 638 5634 esset
671 5577 814 5632 idem
844 5594 1007 5648 porro
1055 5578 1428 5650 praecipuain
1470 5584 1618 5636 omni
1670 5583 1775 5636 vita
1822 5585 2093 5654 gravitate
2125 5587 2384 5655 praeditus
2417 5627 2432 5652 ,
2481 5587 2589 5642 imo
2625 5602 2752 5642 vero
2799 5594 2852 5640 et
2901 5582 3223 5641 orthodoxis
3281 5577 3550 5639 omnibus,
3585 5572 3712 5622 ante-

569 5731 635 5786 ιι
673 5730 802 5785 Cor.
830 5751 944 5801 xxv,
993 5737 1079 5792 15.
