3964 6468
278 407 388 462 677
889 409 1254 467 ADVERSUS
1295 411 1637 467 ll/ERrISES
1675 411 1802 467 LIB.
1845 411 1855 464 l

1968 410 2132 466 ΤΟΜ.
2177 412 2239 466 ll.
2265 442 2335 453 —-
2373 411 2651 470 HAERES.
2691 412 2947 470 LXXVII.
3447 412 3554 471 678

281 535 445 590 quam
490 518 799 575 istiusmodi
834 519 1029 590 dogma
1068 530 1418 592 proponeret,
1460 522 1618 593 longe
1666 521 2050 578 charissimus.
2105 521 2418 588 Quinetiam
2459 530 2514 580 et
2572 523 2826 579 exsilium
2890 523 3155 581 sustinuit
3213 523 3358 596 quod
3394 525 3555 581 Aria.

279 615 371 670 uis
403 614 665 670 assentiri
705 615 893 670 nollet.
937 613 1042 671 Sed
1071 616 1205 686 quid
1252 617 1446 673 attinet
1475 616 1727 687 pluribus
1766 617 1868 672 ista
1925 616 2229 687 prosequi?
2284 615 2538 689 Magnum
2598 617 2825 672 omnino
2858 617 3102 675 dolorem
3146 633 3214 673 ea
3255 633 3350 675 res
3387 619 3556 677 nobis

293 707 500 774 attulit,
544 715 601 764 et
646 709 902 764 acerbam
934 709 1102 764 vitam
1144 711 1400 776 reddidit,
1451 712 1713 783 quoniam
1761 712 2014 774 diabolus
2045 712 2293 767 molestia
2328 728 2453 779 nos,
2484 720 2545 768 ut
2571 728 2715 784 saepe
2755 713 2914 780 dixit,
2956 715 3097 771 solet
3135 714 3372 772 allicere.

351 805 483 859 KE'.
508 803 779 876 Ἀρξομαι
825 804 1007 859 τοίνυν
1038 806 1166 877 περὶ
1208 807 1400 867 τούτου
1437 806 1534 862 τοῦ
1576 805 1741 880 ῥητοῦ
1768 806 1855 860 λέ-

2046 805 2210 862 XXV.
2255 805 2360 863 Sed
2390 823 2538 863 nunc
2563 808 2632 866 de
2661 808 2765 863 hoc
2793 818 3114 880 argumento
3137 807 3419 881 disputare
3454 825 3550 884 ag-

277 911 418 968 τειν,
436 895 524 950 ἵνα
553 895 720 967 μηδέν
747 914 822 961 τι,
836 897 914 961 ὡς
932 895 1091 969 έφην,
1113 898 1215 968 τῆς
1237 898 1494 970 ἀληθείας
1515 898 1855 971 παραλείψω.

1969 897 2214 970 gredior,
2242 913 2311 955 ne
2339 899 2527 966 ullam,
2557 909 2616 955 ut
2643 899 2798 954 initio
2825 899 3034 965 monui,
3061 900 3310 956 veritatis
3341 908 3551 972 partem

277 989 348 1041 Τί
375 991 524 1060 ἡμᾶς
547 987 795 1059 ὠφέλησε
821 988 884 1042 τὸ
913 988 1314 1060 παρεκὸάλλειν
1352 991 1446 1046 τὸν
1469 991 1594 1047 νοῦν
1623 991 1734 1047 ἀπὺ
1761 992 1855 1063 τῆς

1971 991 2400 1060 praetermittam.
2449 989 2593 1058 Quid
2633 991 2798 1062 igitur
2845 1007 2946 1047 nos
3011 991 3256 1061 adjuvat,
3289 993 3437 1062 quod
3483 993 3553 1048 ab

277 1083 547 1155 ὲνσάρκου
573 1082 876 1154 παρουσίας
903 1083 1172 1154 Χριστοῦ;
1214 1084 1280 1138 Et
1307 1083 1416 1154 γάρ
1456 1083 1595 1147 ὅλως
1615 1083 1711 1138 τοῦ
1743 1083 1866 1156 βοη-

278 1173 466 1245 θῆσαι,
499 1173 564 1226 ἵν’
599 1172 772 1237 οὕτως
796 1173 954 1236 εἴπω,
997 1173 1077 1245 τῷ
1102 1174 1290 1246 Κυρίῳ
1328 1174 1488 1246 ἡμῶν
1524 1173 1699 1246 Ἰησοῦ
1731 1176 1866 1246 Χρι-

278 1265 392 1336 στῷ
412 1266 504 1319 καὶ
529 1264 649 1336 Θεῷ
684 1265 842 1336 Λόγῳ
877 1266 973 1319 καὶ
1013 1265 1125 1337 Υἱῷ
1185 1266 1321 1321 Θεοῦ
1388 1269 1419 1321 ό
1474 1266 1742 1340 ὑμέτερος
1777 1267 1866 1321 λο-

273 1355 478 1425 γισμὸς
520 1355 789 1427 προήχθη,
829 1355 920 1410 ἵνα
972 1355 1048 1428 μὴ
1082 1358 1329 1428 εἴπωμεν
1373 1356 1538 1413 αὑτὸν
1585 1357 1865 1430 είληφέναι

270 1446 426 1515 νοῦν,
459 1447 608 1512 ὅπως
639 1447 714 1518 μὴ
742 1447 1028 1518 νοήσωμεν
1071 1447 1366 1503 ἐλάττωσιν
1409 1449 1537 1521 περὶ
1565 1447 1666 1521 τὴν
1695 1446 1862 1503 αὐτοῦ

273 1537 508 1607 θεότητα
526 1555 540 1566 ’
569 1537 750 1608 πολλῷ
799 1536 1000 1608 μᾶλλον
1041 1539 1436 1612 προτιμότερον
1473 1539 1631 1612 ἡμῶν
1663 1540 1865 1612 τυγχά-

273 1643 429 1680 νουσι
457 1628 746 1696 Μανιχαῖοι
799 1627 892 1680 καὶ
924 1627 1344 1699 Μαρκιωνισταὶ
1379 1630 1476 1686 καὶ
1525 1630 1682 1685 ἄλλαι
1709 1631 1866 1703 αἱρέ-

275 1735 411 1782 σεις,
438 1719 512 1789 μὴ
543 1718 724 1790 σάρκα
756 1719 905 1790 αὐτῷ
931 1721 1272 1792 προσάπτειν
1303 1721 1640 1794 βουλόμενοι,
1663 1722 1753 1778 ἵνα
1787 1725 1864 1795 μὴ

273 1811 571 1865 ἐλάττωσιν
597 1813 662 1882 τῇ
686 1811 902 1882 θεότητι
929 1812 1095 1866 αὐτοῦ
1127 1815 1610 1886 περιποιήσωνται.
1640 1816 1780 1872 Ἀλλ’
1801 1817 1862 1872 οὐ

273 1902 422 1955 κατά
460 1901 560 1972 τὴν
605 1901 717 1954 τῶν
763 1901 1069 1974 ἀνθρώπων
1117 1903 1374 1976 βούλησιν
1404 1907 1438 1976 ἡ
1473 1906 1702 1978 ἀλήθεια
1751 1907 1864 1977 ἔχει

271 1993 375 2064 τὴν
407 1993 657 2065 δύναμιν,
691 1994 824 2048 ἀλλά
851 1994 996 2049 κατά
1032 1995 1133 2067 τὴν
1162 1997 1336 2068 αὐτῆς
1369 1998 1864 2072 διακυϐερνητικὴν

273 2083 468 2152 σοφίαν
513 2084 607 2140 καὶ
657 2086 1009 2157 οἰκονομικὴν
1047 2087 1448 2159 ἀκαταληψίαν.
1486 2090 1677 2144 Τοίνυν
1705 2091 1863 2161 ὴμῶν

1967 1092 2250 1151 assumpta
2286 1081 2527 1140 hominis
2586 1083 2640 1137 in
2669 1081 2893 1139 Christo
2943 1091 3140 1138 natura
3184 1093 3420 1139 mentem
3453 1099 3554 1138 ex-

1966 1171 2282 1228 cludimus?
2311 1171 2449 1228 Nam
2492 1173 2538 1229 si
2587 1189 2653 1228 eo
2696 1174 2958 1245 cogitatio
2985 1184 3175 1230 nostra
3213 1172 3552 1244 perducitur,

1968 1271 2030 1316 ut
2055 1261 2286 1319 Domino
2313 1271 2504 1320 nostro
2535 1262 2665 1320 Jesu
2700 1266 2922 1321 Christo
2959 1280 3024 1320 ac
3053 1265 3164 1322 Deo
3207 1264 3386 1321 Verbo
3430 1264 3552 1320 Dei-~

1966 1372 2076 1428 que
2115 1356 2276 1422 Filio,
2316 1365 2376 1412 ut
2408 1357 2483 1412 ita
2517 1359 2785 1423 dixerim,
2819 1359 3158 1424 subveniret,
3211 1359 3282 1427 si,
3307 1359 3554 1430 inquam,

1966 1456 2204 1503 mentem
2260 1447 2382 1504 ideo
2428 1448 2580 1504 illum
2630 1449 2998 1518 assumpsisse
3038 1463 3325 1520 negemus,
3366 1455 3425 1502 ut
3460 1463 3552 1511 ne,

1967 1538 2115 1610 quod
2155 1540 2220 1594 ad
2251 1539 2596 1596 divinitatem
2648 1541 2906 1612 pertinet,
2944 1540 3205 1598 inferiore
3237 1541 3390 1596 illum
3431 1556 3555 1596 esse

1967 1631 2089 1690 loco
2119 1632 2367 1688 dicamus
2397 1671 2412 1697 ,
2446 1632 2606 1703 longe
2643 1634 2802 1689 nobis
2830 1633 3197 1704 anteponendi
3233 1643 3393 1688 erunt
3433 1632 3550 1686 Ma-

1966 1723 2162 1781 nichaei
2213 1738 2278 1778 ac
2342 1722 2708 1779 Marcionistae
2741 1735 3056 1794 caeteraeque
3106 1725 3363 1787 haereses,
3399 1738 3546 1794 quae,

1966 1829 2037 1872 ne
2081 1814 2318 1871 divinam
2351 1815 2692 1884 majestatem
2729 1816 3056 1871 imminuere
3084 1815 3391 1878 videantur,
3427 1831 3552 1869 car-

1966 1920 2092 1962 nem
2140 1906 2192 1962 ei
2228 1905 2580 1962 tribuendam
2631 1922 2756 1963 esse
2799 1923 2908 1963 non
2957 1906 3295 1963 existimant.
3348 1905 3551 1963 Verum

1965 2013 2077 2056 non
2125 2013 2194 2054 ex
2239 1997 2522 2055 hominum
2565 1999 2848 2055 voluntate
2885 2000 3132 2054 veritatis
3182 1998 3399 2069 1019
3438 2014 3556 2053 sus-

1967 2103 2136 2160 pensa
2164 2089 2246 2144 vis
2283 2097 2390 2154 est,
2423 2090 2518 2144 sed
2546 2105 2613 2144 ex
2643 2089 2889 2157 ejusdem
2914 2090 3302 2160 gubernatrice
3336 2089 3556 2160 sapien-

270 2173 448 2237 οὕτως
490 2175 914 2246 ὁμολογούντων,
963 2176 1058 2230 καὶ
1109 2178 1185 2248 μὴ
1230 2180 1373 2233 κατά
1422 2179 1514 2234 τὸν
1563 2183 1855 2253 Μανιχαῖον

1966 2182 2065 2246 tia,
2100 2180 2635 2250 administrandique
2682 2180 2978 2244 facultate,
3031 2195 3153 2250 quae
3191 2180 3358 2234 nullo
3391 2177 3556 2234 modo

270 2264 506 2334 ἐχόντων
551 2265 632 2335 (ού
675 2266 836 2338 χάριν
887 2266 998 2338 γάρ
1049 2269 1256 2333 ἐκεῖνος
1306 2268 1489 2334 δώσει,
1541 2269 1712 2331 δοκῶν
1773 2274 1856 2337 είς

270 2356 496 2410 ἔπαινον
535 2356 776 2428 Χριστοῦ
809 2357 989 2428 σάρκα
1030 2357 1211 2428 λέγειν
1243 2359 1408 2414 αὐτόν
1448 2360 1522 2434 μὴ
1557 2361 1859 2432 εἰληφέναι,

268 2445 408 2500 άλλά
447 2445 649 2516 μᾶλλον
689 2449 790 2518 τῆς
821 2447 1080 2518 ἀληθείας
1109 2451 1392 2514 πεσεῖται,
1423 2451 1646 2523 δοκήσει
1673 2455 1864 2525 ὁμολο-

266 2539 384 2606 γῶν
418 2539 516 2610 τὴν
548 2539 811 2611 ένσαρκον
841 2539 1081 2610 Χριστοῦ
1124 2543 1450 2614 παρουσίαν)
1472 2561 1487 2576 ο
1513 2543 1660 2600 οὕτω
1680 2547 1775 2600 καὶ
1803 2549 1863 2604 ὲν

268 2629 352 2702 τῷ
381 2631 606 2702 παρόντι
639 2634 754 2696 τοῖς
803 2632 1092 2703 ἡμετέροις
1124 2633 1376 2703 ἀδελφοῖς
1401 2633 1554 2690 ἔσται
1580 2638 1611 2706 ἡ
1645 2637 1861 2707 χυδαιο-

267 2724 428 2793 λογία
483 2723 686 2796 ματαία
730 2725 891 2796 χάρις
916 2723 1282 2798 τυγχάνουσα.
1336 2725 1696 2796 Ὠμολόγηται
1748 2729 1866 2797 γὰρ.

265 2815 402 2887 παρ’
433 2815 616 2880 αὐτοῖς
640 2833 701 2869 τε
738 2817 834 2870 καὶ
860 2817 991 2888 παρ’
1026 2817 1180 2889 ἡμῖν,
1223 2816 1322 2872 ἐάν
1369 2815 1448 2888 μὴ
1475 2817 1701 2873 θέλωσιν
1746 2819 1861 2873 ἐτέ-

267 2926 386 2982 ρως
415 2911 652 2980 φρονεῖν,
683 2907 866 2974 καθώς
891 2925 1038 2973 τινες
1073 2908 1334 2974 πολλάκις
1375 2909 1470 2963 ἀπ’
1496 2910 1678 2965 αὐτῶν
1707 2911 1859 2976 ὄντες

263 3001 514 3054 ἑάλωσαν
544 2998 875 3070 πιεζόμενοι,
896 2998 985 3053 διὰ
1014 2998 1174 3054 τοῦτο
1205 2999 1301 3054 καὶ
1326 3000 1651 3071 ἀρνούμενοι
1680 3003 1860 3074 σάρκα

263 3091 528 3164 ἀληθινὴν
551 3091 642 3145 τὸν
687 3090 922 3163 Χριστὸν
954 3090 1271 3162 είληφέναι·
1313 3091 1390 3156 ὡς
1429 3092 1544 3148 ἀνω
1577 3109 1669 3164 μοι
1714 3095 1860 3165 εἴρη-

261 3202 380 3249 ται,
416 3185 498 3238 ὃτι
522 3183 664 3246 τινὲς
693 3181 1001 3254 ἐτόλμησαν
1049 3181 1232 3250 λέγειν
1257 3181 1547 3252 όμοούσιον
1587 3178 1730 3236 εἶναι
1758 3183 1858 3254 τὴν

266 3277 450 3349 σάρκα
474 3277 540 3348 τῇ
585 3275 749 3329 αὐτοῦ
775 3273 1010 3345 θεότητι.
1048 3272 1188 3326 Ἀλλ’
1221 3273 1421 3328 ἐκεῖνοι
1452 3274 1552 3346 μὲν
1583 3275 1857 3345 παρεκϐα-

262 3367 546 3422 λέσθωσαν
579 3368 655 3429 ὼς
684 3366 1079 3438 μεταγνόντες,
1119 3366 1214 3420 καὶ
1243 3365 1594 3436 ἐλεγχθέντες
1642 3367 1734 3418 ἐπὶ
1773 3365 1860 3437 τῷ

1965 2272 2353 2341 comprehendi
2405 2279 2582 2341 potest
2615 2311 2632 2337 ,
2690 2272 3033 2326 aestimanda.
3090 2271 3361 2337 Quocirca
3424 2285 3552 2325 cum

1965 2363 2234 2432 eiusmodi
2283 2365 2356 2420 sit
2403 2365 2528 2420 fidei
2581 2372 2786 2420 nostrae
2836 2363 3142 2434 professio,
3187 2377 3366 2432 neque
3423 2375 3550 2416 cum

1965 2456 2268 2514 Manichaee
2299 2459 2603 2518 sentiamus
2653 2458 2786 2529 (non
2825 2458 2972 2514 enim
3001 2455 3294 2528 gratiﬁcari
3330 2455 3420 2508 ille
3451 2469 3554 2524 pu-

1964 2549 2162 2604 tandus
2191 2555 2276 2603 est
2299 2587 2315 2612 ,
2361 2563 2486 2605 cum
2533 2548 2602 2603 ad
2640 2547 2910 2618 majorem
2957 2547 3167 2603 Christi
3201 2544 3549 2600 commenda-

1962 2639 2164 2694 tionem
2195 2653 2420 2694 carnem
2455 2638 2505 2694 ei
2545 2638 2822 2706 detrahit;
2877 2637 2971 2693 sed
3017 2651 3050 2692 a
3091 2636 3326 2692 veritate
3365 2634 3550 2705 potius

1961 2731 2242 2796 abhorret,
2302 2731 2434 2788 dum
2485 2731 2635 2786 illius
2687 2730 3124 2786 incarnationem
3185 2727 3368 2796 specie
3430 2725 3548 2780 sola

1960 2831 2215 2878 constare
2266 2821 2494 2893 docet):
2554 2821 2745 2876 eodem
2805 2820 2967 2890 plane
3026 2817 3190 2871 modo
3251 2815 3548 2871 vanissima

1963 2913 2192 2968 fratrum
2230 2921 2550 2968 nostrorum
2599 2912 2704 2967 crit
2754 2911 2845 2965 illa
2892 2909 3233 2980 disputatio,
3284 2905 3539 2961 inanissi—

1959 3017 2218 3071 mumquc
2251 3001 2390 3055 bene
2412 3003 2480 3056 de
2508 2999 2730 3055 Christo
2758 3000 3002 3056 merendi
3035 2997 3304 3055 studium.
3334 2993 3549 3049 Etenim

1960 3099 2070 3144 tam
2103 3091 2179 3144 illi
2208 3105 2373 3161 quam
2405 3105 2507 3146 nos
2538 3091 2644 3160 ipsi
2675 3092 2740 3145 de
2765 3106 2932 3146 carne
2961 3089 3168 3144 Christi
3199 3089 3429 3143 veritate
3462 3103 3549 3140 te-

1958 3187 2044 3234 cte
2078 3181 2348 3236 sentimus
2370 3223 2385 3247 ,
2421 3181 2528 3235 nisi
2562 3181 2703 3236 forte
2753 3182 2913 3237 aliter
2963 3191 3208 3238 statuere
3238 3179 3547 3246 voluerint;

1957 3271 2415 3344 quemadmodum
2438 3273 2684 3329 nonnulli
2712 3288 2855 3346 saepe
2880 3288 2942 3329 ex
2968 3274 3184 3329 illorum
3208 3286 3438 3327 numero
3456 3285 3549 3326 ar-

1957 3370 2340 3436 gumentorum
2367 3362 2419 3418 vi
2449 3363 2622 3418 coacti
2649 3363 2999 3431 convictique
3023 3370 3172 3425 sunt,
3212 3371 3272 3415 ut
3301 3375 3484 3416 veram
3517 3374 3550 3414 a

260 3458 492 3529 τοιούτῳ
519 3458 856 3528 άτοπήματι,
880 3455 1033 3527 παρὰ
1058 3457 1169 3520 τοῖς
1193 3456 1323 3526 περὶ
1354 3456 1556 3528 σαρκὸς
1581 3458 1640 3511 ὲν
1669 3455 1853 3519 αὐτοῖς

1960 3453 2177 3529 Christo
2199 3468 2420 3509 carnem
2439 3461 2778 3523 assumptam
2811 3454 3042 3508 inticiari
3063 3453 3349 3517 auderent,
3370 3457 3428 3504 ut
3453 3464 3552 3503 an-

262 3550 449 3612 καλῶς
490 3547 767 3620 φρονοῦσι.
815 3545 1042 3609 Πάντως
1083 3546 1192 3618 γάρ
1229 3562 1333 3600 που
1375 3547 1404 3600 ὁ
1435 3545 1598 3611 αὐτὸς
1625 3545 1850 3603 εὐλαϐέ-

1960 3553 2040 3609 tea
2054 3544 2313 3608 diximus,
2330 3560 2396 3601 eo
2419 3544 2628 3601 scilicet
2647 3542 2912 3599 adductos
2932 3544 3219 3614 quosdam,
3241 3551 3299 3596 ut
3324 3557 3547 3597 carnem

263 3657 460 3704 στατος
499 3637 904 3709 Ἀπολλινάριος
931 3638 1032 3692 οὐκ
1057 3637 1372 3708 ἀρνήσεται.

1960 3635 2239 3692 divinitati
2287 3635 2814 3694 consubstantialem
2853 3635 3114 3690 facerent.
3159 3633 3265 3690 Sed
3325 3642 3550 3705 praeter—

261 3733 515 3789 mittendi
563 3748 593 3787 a
643 3733 804 3789 nobis
837 3732 914 3787 illi
947 3739 1112 3797 sunt,
1148 3739 1336 3802 utpote
1390 3730 1484 3802 qui
1519 3731 1854 3792 sententiam
1897 3731 2254 3799 mutaverint,
2281 3739 2336 3788 et
2365 3746 2397 3788 a
2429 3733 2646 3789 caeteris
2693 3746 2758 3789 ex
2817 3730 3008 3786 eodem
3063 3745 3224 3802 grege
3249 3729 3316 3784 de
3340 3726 3548 3783 Christi

260 3839 432 3879 carne
480 3839 590 3879 non
638 3823 781 3878 male
849 3822 1220 3879 sentientibus
1278 3828 1391 3876 tam
1469 3821 1771 3878 absurdum
1829 3820 1900 3877 ob
1932 3837 2176 3879 errorem
2238 3820 2509 3878 confutati
2571 3822 2703 3883 sint.
2757 3819 2866 3882 Sed
2910 3819 3172 3891 quidquid
3203 3819 3274 3874 sit
3304 3817 3371 3873 de
3403 3817 3548 3880 aliis,

261 3925 418 3974 certe
446 3915 894 3987 religiosissimus
924 3913 1059 3969 illud
1086 3929 1196 3970 non
1231 3913 1456 3983 negabit
1488 3913 1842 3984 Apollinaris.

336 4007 482 4073 KC’.
502 4007 568 4059 Ei
597 4004 778 4059 τοίνυν
811 4004 992 4075 σάρκα
1015 4003 1236 4074 εἴληφεν
1273 4001 1442 4061 ἐλθὼν
1470 4002 1500 4053 ό
1531 4002 1726 4072 Λόγος,
1751 4003 1845 4057 καὶ

258 4098 374 4153 ἀπὸ
395 4097 614 4169 Μαρίας
637 4099 695 4151 ὲν
721 4095 974 4168 ἀληθείᾳ,
1007 4095 1110 4151 οὐκ
1136 4095 1246 4150 ἀπὺ
1279 4093 1596 4166 σπέρματος
1628 4094 1839 4165 ἀνδρὸς,

255 4191 400 4248 ἀλλά
427 4190 516 4245 διά
543 4188 859 4260 Πνεύματος
905 4187 1085 4257 ἁγίου,
1111 4185 1507 4257 ὲγκυμονηθεὶς
1535 4185 1591 4240 δὲ
1619 4187 1676 4239 έν
1716 4185 1850 4257 ἀλη-

257 4284 405 4357 θείᾳ,
437 4283 531 4337 καὶ
562 4280 1014 4351 ἀναπλασάμενος
1042 4278 1260 4345 ἑαυτοῦ,
1295 4279 1372 4344 ὡς
1404 4279 1538 4344 Θεὸς
1592 4280 1687 4334 καὶ
1719 4279 1851 4334 πλά-

258 4392 396 4446 στης
429 4374 504 4428 ὣν
543 4373 638 4427 τοῦ
677 4370 1104 4445 πρωτοπλάστου
1146 4368 1436 4440 ἀνθρώπου
1466 4370 1564 4425 καὶ
1594 4371 1814 4424 πάντων
1833 4384 1849 4402 ⁸

255 4468 372 4540 ἀρα
393 4485 456 4537 γε
478 4467 579 4521 οὐκ
605 4464 893 4536 ἠλαττώθη
921 4463 1093 4518 ἐλθὼν
1124 4464 1152 4516 ὁ
1175 4461 1367 4530 Λόγος,
1400 4462 1516 4516 ἀλλ’
1549 4461 1760 4533 ἔμεινεν
1788 4463 1847 4515 ὲν

253 4563 327 4631 τῇ
379 4559 486 4631 ίδίᾳ
530 4557 788 4629 ἀτρέπτῳ
817 4555 1000 4626 φύσει.
1033 4555 1109 4609 Οὐ
1151 4552 1260 4624 γὰρ
1311 4553 1490 4606 λαϐὼν
1535 4552 1631 4624 τὴν
1665 4553 1847 4625 σάρκα

2024 3995 2213 4052 XXVI.
2259 3995 2442 4066 Quare
2467 4011 2591 4050 cum
2619 3995 2859 4053 Verbum
2895 3996 2987 4052 Dei
3018 3997 3237 4053 caelitus
3261 3997 3545 4069 delapsum

1955 4103 2077 4144 vere
2120 4104 2186 4142 ex
2227 4086 2399 4142 Maria
2443 4085 2691 4159 Virgine,
2745 4102 2852 4141 non
2897 4102 2962 4140 ex
2996 4089 3140 4143 virili
3176 4089 3408 4152 semine,
3451 4089 3545 4145 scd

1953 4176 2019 4232 de
2051 4174 2259 4246 Spiritu
2299 4182 2493 4231 sancto
2549 4190 2769 4230 carnem
2811 4176 3135 4242 susceperit,
3179 4181 3233 4228 ct
3285 4173 3338 4226 in
3393 4174 3540 4229 illius

1958 4275 2117 4322 utero
2159 4281 2217 4320 re
2243 4267 2361 4336 ipsa
2385 4274 2630 4336 gestatus
2663 4264 2753 4326 sit,
2788 4278 2851 4317 ac
2886 4263 2990 4318 sibi
3020 4277 3223 4333 corpus
3252 4261 3543 4328 eﬂlnxerit,

1962 4365 2154 4429 utpote
2190 4355 2357 4422 Deus,
2401 4371 2464 4411 ac
2506 4363 2616 4408 tam
2647 4353 2809 4425 primi
2854 4352 3028 4405 nostri
3068 4351 3333 4420 parentis,
3381 4365 3546 4419 quam

1956 4453 2292 4523 reliquarum
2349 4456 2596 4504 omntum
2622 4461 2805 4501 rerum
2835 4444 2992 4498 fictor
3027 4457 3091 4496 ac
3133 4441 3406 4505 conditor,
3434 4456 3545 4494 non

1953 4547 2142 4616 utique
2183 4542 2345 4599 Verbi
2391 4542 2538 4596 illius
2579 4549 2664 4594 est
2695 4538 2981 4592 imminuta
3033 4535 3296 4603 dignitas,
3347 4533 3440 4588 sed
3488 4533 3542 4586 in

501 4625 850 4717 ὑπέστηξὼς
898 4642 1182 4714 όμοούσιος
1210 4641 1330 4712 Θεῷ
1360 4641 1570 4712 Πατρὶ,
1617 4640 1711 4695 καὶ
1747 4639 1848 4693 ούκ

1960 4637 2176 4709 propria
2223 4645 2278 4691 et
2320 4633 2646 4690 immutabili
2692 4639 2889 4688 natura
2947 4627 3206 4700 perstitit.
3237 4625 3372 4679 Nam
3416 4641 3541 4679 cum

250 4720 540 4812 ἀλλότριος
593 4739 746 4809 παρὰ
794 4739 888 4791 τὸν
937 4735 1160 4806 Πατέρα
1208 4733 1302 4787 καὶ
1345 4733 1406 4786 τὸ
1465 4733 1619 4802 ἆγιον
1677 4731 1842 4786 αὐτοῦ

1960 4745 2175 4787 carnem
2219 4727 2416 4790 induit,
2454 4726 2661 4780 nullam
2709 4720 3148 4778 vicissitudinem
3186 4724 3271 4772 est
3318 4730 3539 4786 passus,

253 4833 504 4903 Πνεῦμα.
554 4832 618 4885 Εἰ
647 4830 826 4884 τοίνυν
853 4828 1200 4900 ὡμολόγηται
1244 4825 1430 4895 σαφῶς
1469 4825 1649 4894 σάρκα
1679 4825 1843 4880 αὑτὸν

252 4923 560 4993 εἰληφέναι,
588 4922 684 4974 καὶ
718 4918 979 4991 ἡδρύνθαι
999 4959 1015 4984 ,
1051 4918 1161 4989 ἄρα
1200 4917 1300 4972 οὐκ
1332 4916 1490 4980 ὲκτὺς
1525 4917 1704 4988 ψυχῆς
1724 4934 1848 4986 τυγ-

255 5013 433 5084 χάνει.
465 5012 582 5065 Πᾶν
607 5012 715 5082 γάρ
739 5010 806 5062 τὸ.
825 5009 1213 5082 άδρυνόμενον,
1241 5006 1381 5078 πλὴν
1409 5005 1520 5060 τῶν
1549 5007 1844 5077 ἀκινήτων,

253 5107 323 5158 ἐκ
354 5104 532 5174 ψυχῆς
569 5103 664 5156 καὶ
706 5099 957 5172 σώματος
985 5099 1283 5170 συνέστηκε
1303 5137 1318 5162 ,
1354 5097 1496 5152 κατὰ
1525 5097 1586 5150 τὸ
1616 5095 1845 5168 εἰρημέο

250 5213 349 5251 νον
367 5213 382 5228 ·
413 5197 475 5249 '0
494 5195 563 5248 δὲ
597 5192 838 5263 Ἰησοῦς
868 5191 1241 5261 προέκοπτεν
1269 5189 1340 5243 ἐν
1367 5190 1557 5259 σοφίᾳ
1580 5189 1678 5242 καὶ
1707 5189 1845 5257 ἠλι-

247 5290 360 5356 κίςι
379 5304 392 5318 ·
428 5288 514 5341 ἵνα
547 5286 698 5359 δείξῃ
725 5285 823 5355 τὴν
845 5283 1064 5355 ἡλικίαν
1095 5281 1185 5336 διὰ
1206 5281 1305 5353 τὴν
1337 5281 1547 5350 σάρκα·
1577 5278 1762 5349 ἡλικία
1788 5277 1846 5332 δὲ

246 5379 366 5436 ἀπὸ
391 5379 491 5449 τῆς
524 5377 722 5448 ψυχῆς,
763 5375 839 5439 ὡς
881 5373 1041 5445 ἔφην,
1099 5373 1194 5427 καὶ
1230 5372 1483 5442 σώματος
1519 5369 1841 5424 τελειοῦται.

247 5470 416 5528 Μετά
445 5469 504 5522 δὲ
543 5469 605 5521 τὸ
644 5468 844 5529 εἰπεῖν,
893 5465 1242 5537 Προέκοπτεν
1275 5463 1481 5534 ἡλικίᾳ,
1539 5460 1848 5524 ἀκολούθως

246 5563 412 5629 φησι,
451 5561 562 5613 Καὶ
589 5559 770 5629 σοφίᾳ.
809 5557 867 5610 Ὁ
895 5556 969 5609 ὢν
1011 5555 1066 5608 δὲ
1098 5554 1258 5622 σοφία
1293 5553 1529 5623 Πατρὸς,
1566 5552 1683 5616 πῶς
1717 5569 1848 5622 atpo—

246 5656 491 5709 έκοπτεν
521 5652 578 5704 ὲν
610 5650 794 5720 σοφίᾳ,
824 5651 872 5704 εί
900 5648 1180 5718 ἀλλότριον
1217 5643 1284 5717 ἦν
1318 5646 1380 5700 τὸ
1412 5645 1605 5710 σκεῦος
1635 5645 1726 5699 νοῦ
1755 5645 1848 5700 ἀνι

329 5812 346 5841 ⁸
383 5807 518 5868 Luc,
546 5821 609 5872 ιι,
641 5807 730 5862 52.

1956 4826 2134 4898 utqui
2170 4823 2282 4878 Deo
2337 4819 2485 4875 Patri
2533 4815 3022 4874 consubstantialis
3076 4811 3330 4874 exsistat,
3374 4825 3476 4864 nec
3511 4825 3541 4862 a

1952 4916 2088 4980 Deo,
2115 4915 2199 4970 vel
2227 4912 2294 4967 ab
2328 4912 2474 4966 illius
2503 4909 2710 4980 Spiritu
2743 4915 2935 4962 sancto
2965 4904 3242 4965 diversus,
3285 4908 3378 4954 aut
3408 4901 3543 4953 alic-

1952 5023 2079 5064 nus.
2108 5003 2315 5071 Quodsi
2349 5000 2495 5057 istud
2535 5001 2591 5053 in
2622 4996 2881 5052 confesso
2933 5001 3054 5058 est,
3112 5006 3336 5046 carnem
3382 4991 3538 5044 illum

1947 5100 2196 5156 induisse
2255 5103 2419 5165 atque
2457 5093 2796 5146 incrementa
2839 5087 3074 5157 cepisse,
3117 5083 3314 5138 animae
3343 5098 3541 5153 expers

1944 5207 2069 5248 esse
2107 5205 2218 5244 non
2256 5194 2455 5258 potest.
2483 5179 2762 5252 Quidquid
2803 5178 2948 5233 enim
3003 5176 3288 5240 adolescit,
3333 5172 3380 5228 si
3431 5175 3538 5225 im-

1946 5282 2177 5337 mobiles
2220 5295 2308 5334 res
2355 5276 2624 5346 excipias,
2681 5271 2862 5325 anima
2916 5275 3136 5325 constat
3175 5274 3230 5322 et
3281 5277 3533 5334 corpore.

1946 5372 2024 5428 Eo
2059 5386 2225 5442 porro
2252 5370 2551 5440 Scripturze
2590 5365 2755 5419 verba
2792 5363 2884 5417 illa
2926 5360 3214 5416 referenda
3247 5366 3374 5410 sunt
3403 5374 3414 5408 :
3440 5354 3525 5406 Je-

1945 5481 2034 5518 sus
2063 5472 2240 5516 autent
2270 5459 2538 5514 crescebat
2565 5457 2829 5526 sapientia
2851 5463 2901 5508 et
2931 5463 3087 5507 artate
3112 5452 3149 5503 ⁸.
3183 5448 3281 5503 Ubi
3313 5453 3539 5516 propter

1945 5569 2188 5619 carnem,
2229 5559 2443 5617 aetatem
2482 5547 2847 5621 significavit;
2879 5552 3011 5602 attas
3049 5556 3179 5597 vero
3220 5554 3286 5593 ex
3326 5536 3532 5598 anima,

1947 5645 2024 5700 uti
2053 5642 2190 5708 dixi,
2213 5649 2268 5697 ct
2289 5655 2525 5710 corpore
2548 5637 2850 5712 perﬁcitur.
2887 5637 2963 5690 Ac
2990 5639 3344 5704 posteaquam
3371 5629 3530 5680 actate
