3964 6398
491 387 601 444 679

1908 378 1967 436 s.
2013 376 2357 435 EPIPIIANII
3616 388 3700 449 διο

487 501 641 554 ilum
679 499 1014 570 processisse
1052 497 1211 566 dixit,
1245 505 1635 562 consentanee,
1686 496 1754 552 Et
1786 498 2074 570 sapientia,

2187 496 2495 568 θρωπίνου;
2533 496 2646 552 Καὶ
2689 498 2738 551 εί
2781 497 2910 552 ἄνευ
2954 495 3074 561 νοὸς
3107 495 3385 568 ἐτύγχανε,
3433 495 3542 561 πῶς
3573 499 3706 570 σοφία

484 592 754 644 subdidit.
783 588 903 643 Jain
937 603 1067 644 vero
1101 591 1196 659 qui
1241 589 1512 659 sapientia
1538 586 1718 642 Patris
1758 595 1927 650 esset,
1957 588 2084 656 qui-

487 695 614 734 nam
660 679 794 735 ullas
843 679 1126 750 sapientia:
1170 680 1588 750 progressiones
1641 678 1842 734 habere
1884 680 2078 748 potuit,

494 772 536 826 si
570 772 640 825 ab
680 771 922 825 humana
956 781 1140 826 mente
1172 772 1452 826 diversum
1483 785 1577 825 vas
1609 771 1766 834 illud,
1799 779 1857 824 ut
1892 771 1965 824 ita
1991 770 2078 824 di-

490 879 634 926 cam,
683 862 822 916 fuit?
849 863 928 917 Ac
969 864 1018 918 si
1068 866 1269 919 mentis
1306 879 1500 933 expers
1536 863 1750 933 1020
1774 863 2077 927 exstiterit,

490 955 584 1024 qui
631 954 749 1009 fieri
796 956 998 1025 potuit,
1061 963 1121 1009 ut
1185 956 1455 1025 sapientia
1501 971 1733 1025 corpore
1783 955 2077 1025 animaque

494 1063 815 1117 progressus
851 1047 1094 1102 faceret?
1121 1046 1309 1112 Vides,
1340 1063 1503 1118 quam
1534 1047 1750 1100 detorta
1798 1047 2038 1100 violenta
2059 1075 2077 1087 -

491 1155 599 1207 que
630 1139 701 1194 sit
736 1138 954 1192 illorum
974 1140 1267 1204 sententia,
1297 1153 1529 1208 quorum
1558 1152 1712 1192 mens
1735 1151 1767 1190 a
1799 1144 1950 1190 recto
1983 1151 2077 1190 ve-

497 1227 675 1282 ritatis
707 1228 900 1283 itinere
946 1228 1198 1284 deﬂexit?
1224 1230 1290 1282 At
1322 1231 1489 1292 enim,
1523 1229 1797 1297 inquiunt,
1835 1235 2073 1282 mentem

494 1315 700 1370 idcirco
749 1318 898 1370 illum
941 1320 1252 1388 suscepisse
1303 1335 1470 1389 nego;
1527 1319 1732 1388 alioqui
1775 1319 2076 1388 cupiditate

493 1407 645 1460 illum
693 1407 851 1473 allici,
885 1410 964 1463 vel
1007 1409 1211 1463 irritari
1261 1425 1394 1464 sane
1431 1405 1699 1473 (ﬂeamus,
1747 1423 1874 1463 cum
1918 1423 2074 1464 mens

496 1499 606 1561 illa,
637 1515 758 1567 qua:
797 1500 956 1554 nobis
1009 1500 1171 1564 inest,
1221 1500 1498 1554 variarum
1541 1513 1726 1555 rerum
1768 1499 2072 1569 cupiditate

493 1601 759 1645 teneatur.
795 1593 880 1657 Et,
909 1603 967 1645 iit
993 1609 1103 1647 uno
1129 1593 1296 1648 verbo
1323 1593 1526 1655 dicam,
1560 1593 1697 1646 inira
1725 1600 1812 1647 est
1841 1593 2070 1648 istorum

493 1684 777 1736 hominum
825 1684 1117 1754 argutandi
1159 1699 1224 1738 ac
1257 1683 1558 1738 ‘cavillaiidi
1609 1683 1816 1738 libido:
1847 1683 2072 1753 perinde

491 1790 556 1828 ac
591 1775 856 1843 scriptum
891 1783 1016 1830 est:
1050 1773 1200 1828 Fecit
1238 1774 1376 1829 Deus
1410 1774 1702 1844 simplicem
1764 1783 1814 1829 et
1846 1774 2071 1844 pruden-

2183 591 2242 641 ἐν
2271 588 2415 658 ψυχῇ
2443 589 2536 642 καὶ
2573 588 2788 660 σώματι
2827 589 3170 660 προέκοπτε;
3205 589 3314 642 Καὶ
3337 589 3464 659 ὁρᾷς
3493 590 3620 660 πόση
3642 590 3710 655 τις

2184 681 2301 733 ἐστι
2341 680 2676 752 βεϐιασμένη
2710 681 2918 734 διάνοια
2950 680 3062 733 τῶν
3100 680 3194 732 τὸν
3219 678 3340 732 νοῦν
3377 679 3708 750 παραϐάλλον-

2179 789 2327 838 των;
2388 773 2571 838 Ἀλλά,
2621 774 2788 844 φησὶν
2807 815 2822 840 ,
2873 774 2935 826 οὐ
2975 774 3140 842 λέγω,
3204 773 3285 826 ὅτι
3355 771 3477 824 νοῦ-ο
3525 771 3708 843 εἴληφεν

2179 863 2548 934 ἀνθρώπινονο
2606 865 2730 920 ἐπεὶ
2783 866 3101 936 ποιήσωμεν
3151 864 3310 918 αὐτὸν
3365 862 3711 932 ἐπιθυμοῦντα,

2177 955 2583 1028 ἐρεθιζόμενονο
2617 957 2806 1028 ἐπειδὴ
2831 957 2938 1029 γὰρ
2969 959 3028 1010 ἐν
3060 959 3191 1028 ἡμῖν
3213 955 3543 1026 ἐπιθυμητὴς
3569 957 3594 1008 6
3615 956 3715 1018 νοῦς

2177 1049 2455 1118 τυγχάνει.
2517 1049 2629 1102 Καὶ
2677 1049 2866 1113 ἁπλῶς
2911 1048 3080 1119 πολλὴ
3127 1047 3235 1101 τῶν
3281 1045 3572 1118 ἀνθρώπων
3619 1048 3715 1116 ipso

2179 1139 2385 1210 σχελία,
2401 1139 2477 1203 ὡς
2498 1139 2721 1211 εἴρηκεν
2735 1155 2748 1168 °
2781 1141 3110 1206 Ἐποίησεν
3131 1142 3164 1193 ὁ
3188 1139 3330 1205 Θεὸς
3352 1139 3579 1193 ἁπλοῦν
3603 1155 3717 1192 συν·

2175 1231 2316 1285 ετὸν
2359 1232 2682 1300 ἄνθρωπον
2700 1249 2715 1264 ο
2754 1232 2925 1286 αὐτοὶ
2953 1231 3022 1284 δε
3048 1231 3347 1298 ἐποίησαν
3391 1230 3610 1296 ἑαυτοῖς
3633 1234 3715 1283 .10-

2176 1323 2432 1392 γισμοὺς
2500 1324 2791 1388 πολλοὺς.
2853 1324 2915 1375 Ei
2970 1323 3079 1394 γὰρ
3134 1324 3269 1385 ὅλως
3289 1363 3303 1386 ,
3358 1321 3717 1392 ὁμολογούντων

2177 1414 2334 1485 ἡμῶν
2363 1413 2490 1468 νοῦν
2528 1415 2812 1486 εἰληφέναι
2849 1414 2943 1466 τὸν
2981 1413 3320 1484 ἀνθρώπινον
3339 1453 3354 1478 ,
3380 1415 3627 1484 νοήσομεν
3656 1416 3717 1476 εἰς

2175 1506 2367 1558 ἑαυτὸν
2416 1505 2516 1576 τῆς
2553 1506 2830 1577 ἡμετέρας
2875 1504 3227 1568 ἐλαττώσεως
3274 1503 3342 1557 τὰ
3377 1503 3544 1575 μέρη,
3575 1502 3720 1572 πολλῷ

2177 1597 2401 1668 μᾶλλον,
2429 1597 2838 1668 ὁμολογούντων
2870 1597 3030 1668 ἡμῶν
3061 1597 3242 1668 σάρκα
3271 1597 3433 1651 αὐτὸν
3457 1596 3719 1667 εἰληφέναι,

2180 1689 2426 1761 δώσομεν
2453 1690 2600 1744 κατά
2629 1689 2690 1743 τὺ
2713 1691 2878 1762 μέρος
2902 1689 3081 1754 τοῦτο,
3103 1689 3247 1742 κατά
3271 1689 3365 1742 τὸν
3396 1688 3554 1742 αὑτὸν
3574 1687 3718 1756 λόγον,

2171 1782 2254 1835 ὅτι
2287 1782 2346 1834 ἐν
2379 1781 2545 1852 σαρκὶ
2584 1780 2893 1852 ἠλάττωται
2920 1797 2934 1810 ·
2969 1780 3110 1850 ὅπερ
3145 1779 3222 1850 μὴ
3259 1778 3501 1847 γένοιτοι
3553 1777 3629 1838 Ὧς
3647 1771 3719 1830 οὖν

494 1878 595 1920 tein
618 1866 916 1930 hominem;
945 1864 1034 1919 sed
1061 1866 1163 1933 ipsi
1189 1867 1366 1919 varias
1401 1866 1502 1918 sibi
1531 1865 1872 1935 cogitationes
1899 1866 2070 1934 ﬁnxe-

2178 1873 2234 1926 ἐν
2252 1873 2318 1942 τῇ
2345 1871 2511 1944 σαρκὶ
2536 1870 2846 1942 ἠλαττώθη,
2875 1869 3079 1941 καίπερ
3109 1868 3371 1941 ἀληθινὴν
3400 1869 3572 1940 σάρκα
3589 1866 3717 1937 ἔχων,

494 1957 674 2010 runt‘.
711 1955 846 2009 Nam
891 1956 937 2010 si
977 1973 1043 2010 ex
1086 1970 1152 2011 eo
1199 1956 1345 2025 quod
1385 1956 1681 2010 humanam
1719 1957 1797 2010 illi
1834 1965 2072 2012 mentem

489 2047 864 2110 attribuimus,
925 2055 1144 2101 nOstros
1191 2046 1370 2102 eidem
1424 2047 1677 2103 defectus
1725 2046 2072 2119 alliiigamus,

492 2154 617 2193 cum
663 2147 720 2195 et
758 2140 937 2208 ipsum
979 2154 1202 2195 carnem
1253 2139 1502 2195 induisse
1560 2139 1848 2205 fateamur,
1899 2140 2074 2196 multo

504 2231 676 2302 magis
722 2231 826 2286 hac
869 2246 934 2288 ex
975 2238 1149 2301 parte,
1195 2231 1240 2286 si
1277 2232 1494 2286 illorum
1533 2233 1884 2288 sermonibus
1923 2233 2080 2288 adhi-

505 2323 680 2379 benda
730 2323 866 2378 fides
909 2330 1016 2388 est,
1071 2323 1394 2380 imminutus
1447 2325 1611 2380 debet
1653 2325 1826 2380 videri
1873 2342 1890 2380 :
1930 2324 2078 2396 quod

493 2415 714 2486 quidem
747 2414 912 2480 absit,
967 2424 1030 2470 ut
1067 2432 1306 2487 unquam
1365 2417 1671 2486 opinemur.
1706 2416 2076 2483 Quamobrem

489 2511 568 2563 uti
599 2507 836 2564 Verbum
880 2510 1086 2565 nullam
1120 2514 1173 2564 in
1200 2525 1367 2566 carne
1389 2507 1810 2564 diminutionem
1848 2523 2074 2578 passum

488 2608 598 2668 est,
633 2606 854 2660 tametsi
885 2620 1071 2659 veram
1099 2603 1204 2658 sibi
1229 2617 1452 2657 carnem
1485 2600 1827 2670 imposuerit,
1870 2602 1946 2655 ita
1973 2615 2076 2656 nec

490 2691 548 2745 in
577 2693 819 2748 humana
849 2703 1032 2749 mente
1059 2693 1359 2764 quidquam
1396 2691 1676 2762 cogitavit,
1715 2691 1862 2761 quod
1893 2692 2077 2748 minus

2181 1962 2350 2018 ἐλθὼν
2381 1965 2410 2017 6
2442 1962 2632 2032 Λόγος,
2675 1962 2796 2016 οὐδὲ
2841 1963 2900 2016 ἐν
2930 1960 3011 2032 τῷ
3051 1961 3128 2031 νῷ
3166 1960 3236 2014 τὰ
3281 1959 3357 2031 μὴ
3388 1959 3646 2031 πρέποντα
3669 1958 3720 2028 τῇ

2181 2051 2348 2110 αὐτοῦ
2371 2053 2584 2124 θεότητι
2608 2053 2946 2123 διανενόηται
2963 2070 2979 2085 ο
3001 2052 3118 2106 ἀλλ’
3145 2052 3246 2105 ὅσα
3264 2046 3336 2122 ἦν
3358 2050 3549 2120 εῦλογα
3591 2048 3724 2118 σαρκὶ

2182 2145 2279 2199 καὶ
2302 2143 2473 2215 ψυχῇ,
2508 2143 2602 2198 καὶ
2629 2143 2707 2216 νῷ
2733 2142 3081 2215 ἀνθρωπίνῳ,
3111 2140 3287 2195 ταῦτα
3320 2140 3561 2195 ἐπετέλει
3585 2137 3722 2193 ἐλθὼν

2183 2238 2214 2290 6
2257 2237 2502 2309 Κύριος,
2541 2236 2630 2290 ἴνα
2679 2234 2755 2307 μὴ
2798 2233 3010 2306 ταράξῃ
3048 2231 3150 2303 τῆς
3195 2230 3458 2303 ἀληθινῆς
3495 2229 3723 2300 ἐνσάρκου

2187 2327 2492 2401 παρουσίας
2535 2328 2638 2399 τὴν
2669 2325 3015 2380 ἀκολουθίαν.
3064 2322 3303 2392 Εῦλογον
3336 2322 3448 2393 γὰρ
3492 2316 3556 2393 ἦν
3594 2321 3724 2373 πεῖνα

2183 2421 2279 2476 καὶ
2302 2420 2453 2491 δίψα,
2491 2420 2586 2474 καὶ
2616 2419 2862 2489 κάματος
2907 2416 3003 2471 καὶ
3051 2414 3242 2479 ῦπνος,
3269 2413 3546 2484 ὁδοιπορία
3575 2429 3627 2465 τε
3651 2409 3724 2464 καὶ

2182 2513 2355 2584 λύπη,
2392 2511 2672 2583 κλαυθμὸς
2711 2509 2808 2564 καὶ
2849 2508 3203 2581 ἐμὸρίμησις.
3239 2505 3428 2561 Ταῦτα
3462 2506 3517 2559 δὲ
3542 2501 3724 2558 ἀκολού-

2183 2605 2291 2669 θως
2318 2606 2376 2659 ἐν
2406 2603 2555 2674 αὐτῷ
2575 2602 2896 2657 τελεσθέντα
2929 2598 3127 2670 εῦλογα
3156 2599 3258 2669 τῆς
3282 2598 3550 2670 ἐνσάρκου
3571 2595 3720 2664 ἀληθι-

2184 2695 2280 2765 νῆς
2311 2694 2618 2766 παρουσίας
2655 2693 2954 2764 ὑπέφηνεν.

487 2791 638 2838 esset
688 2785 978 2841 άίνὶηἱιίιῑθ
1023 2786 1291 2857 dignum:
1347 2783 1444 2840 sed
1499 2799 1564 2840 ea
1614 2783 1904 2848 duntaxat,
1950 2799 2074 2854 quae
2098 2788 2274 2852 carni,
2307 2788 2510 2844 animae
2560 2798 2616 2844 et
2663 2787 2919 2842 humana!
2949 2784 3122 2840 menti
3177 2789 3553 2838 consentanea
3605 2775 3726 2830 vide-

487 2880 712 2949 bantur,
751 2881 1019 2938 accedens
1067 2881 1330 2938 Dominus
1375 2879 1669 2952 expressit,
1708 2894 1777 2935 ne
1807 2895 1951 2936 verae
1980 2897 2094 2938 suae
2125 2883 2526 2949 incarnationis
2540 2883 2791 2939 ordinem
2823 2881 3136 2952 seriemque
3183 2878 3551 2951 perturbaret.
3587 2875 3725 2932 Erant

489 2990 657 3048 porro
722 2975 828 3030 ista
892 2983 1266 3032 consentanea
1309 2993 1323 3030 :
1371 2974 1566 3036 fames.
1622 2972 1788 3040 sitis,
1853 2973 2124 3046 fatigatio,
2180 2992 2430 3045 somniis,
2494 2977 2889 3048 peregrinatio,
2933 2973 3113 3040 dolor,
3177 2973 3364 3035 fletus,
3418 2968 3724 3040 indignatio.

485 3080 629 3136 ηοω,
661 3073 720 3119 οι
762 3080 862 3136 par
903 3073 1046 3131 erat,
1087 3067 1146 3120 in
1197 3079 1320 3121 sese
1350 3064 1594 3136 perfecta
1638 3077 1764 3118 cum
1797 3062 2064 3134 hominis,
2120 3081 2286 3138 quam
2341 3083 2535 3126 revera
2589 3073 2914 3139 susceperat
2967 3071 3167 3122 natura
3201 3063 3521 3135 conjuncta,
3560 3071 3727 3115 conve-

487 3153 808 3224 nientiaque
839 3154 1192 3212 monstravit.

559 3245 775 3303 XXVII.
815 3244 1004 3316 Neque
1045 3243 1193 3300 enim
1226 3238 1491 3316 scriptum
1525 3254 1611 3304 est
1652 3247 1864 3319 uspiam
1902 3260 2069 3318 prava

2249 3242 2374 3299 KZ'.
2399 3243 2475 3299 οὐ
2498 3243 2609 3314 γὰρ
2633 3241 3064 3315 γέγραπται,ὅτι
3095 3239 3449 3312 ἐπεθύμησεν
3471 3240 3723 3313 ἐπιθυμίαν

487 3339 642 3395 illum
701 3339 1002 3412 cupiditate
1054 3337 1228 3394 fuisse
1285 3348 1623 3412 correptum.
1687 3341 1834 3408 Quin
1893 3341 2074 3412 potius

2178 3336 2408 3408 φαύλην.
2450 3334 2687 3407 ’Δγαθὴν
2727 3335 2788 3389 δὲ
2816 3333 3112 3406 ἐπιθυμίαν
3155 3333 3476 3405 ἐπεθύμησε
3497 3375 3512 3398 ,
3545 3334 3720 3404 φήσας·

485 3435 693 3506 optima
725 3433 882 3489 illum
916 3432 1190 3503 cupiditas
1223 3433 1388 3504 cepit,
1424 3448 1550 3488 cum
1583 3434 1660 3488 ita
1692 3433 1910 3488 locutus
1940 3439 2026 3488 est
2058 3451 2072 3488 :

486 3529 763 3586 Desiderio
811 3529 1106 3586 desideravi
1151 3528 1248 3584 hoc
1290 3529 1487 3598 pascha
1537 3530 1862 3586 manducare
1910 3529 2080 3584 vobis-

486 3639 607 3678 cum
627 3625 671 3676 ί.
718 3622 885 3693 Atqui
915 3621 1248 3677 desiderium
1294 3638 1472 3693 neque
1503 3637 1530 3676 a
1587 3623 1872 3678 divinitate
1911 3621 2078 3692 profl-

487 3715 739 3779 ciscitur,
763 3729 943 3784 neque
969 3729 1037 3770 ex
1072 3713 1189 3769 sola
1219 3729 1409 3778 carne,
1443 3723 1538 3768 aut
1565 3729 1631 3769 ex
1655 3715 1838 3770 anima
1874 3713 2078 3770 mentis

488 3815 735 3875 experte,
773 3803 872 3860 sed
915 3819 946 3857 a
976 3802 1226 3875 perfecta
1258 3804 1496 3860 hominis
1524 3813 1744 3868 natura,
1788 3821 1910 3875 qua:
1949 3819 2078 3858 cor-

490 3908 595 3964 pus
627 3901 682 3949 et
709 3903 946 3950 mentem
983 3911 1050 3953 ac
1121 3895 1390 3966 quidquid
1423 3894 1568 3950 inest
1589 3895 1643 3948 in
1683 3893 1905 3949 homine
1928 3907 2080 3948 com-

489 3985 767 4055 plectitur.
828 3985 926 4042 His
973 3987 1121 4043 enim
1180 3987 1458 4053 omnibus,
1521 4000 1776 4056 corpore,
1829 3986 2075 4055 inquam,

491 4075 677 4130 anima
719 4083 774 4132 et
799 4086 1002 4150 mente,
1018 4093 1083 4134 ac
1137 4079 1389 4149 reliquis,
1431 4093 1552 4149 qua:
1579 4077 1634 4132 in
1671 4077 1892 4132 homine
1926 4085 2076 4140 sunt,

489 4164 750 4226 omnibus
794 4171 1084 4240 praeditum
1129 4168 1367 4226 Verbum
1411 4169 1658 4235 advenit;
1710 4168 1754 4225 si
1791 4176 2077 4239 peccatum

495 4275 561 4318 ac
593 4261 866 4318 defectum
900 4278 1118 4318 omnem
1149 4263 1414 4334 excipias,
1463 4277 1561 4334 pro
1603 4276 1668 4318 eo
1699 4276 1766 4316 ac
1806 4261 2075 4330 scriptum

491 4361 610 4409 est:
639 4353 896 4409 Tentata:
921 4371 1014 4424 per
1039 4355 1216 4409 omnia
1239 4365 1295 4408 ut
1314 4355 1490 4419 homo,
1510 4361 1703 4421 prater
1741 4361 2016 4422 peccatum
2032 4350 2073 4403 ⁸.

485 4444 691 4513 Quodsi
739 4447 924 4501 omnia
963 4454 1224 4517 expertus
1281 4455 1402 4514 est,
1468 4461 1700 4503 necesse
1751 4452 1838 4501 est
1890 4443 2076 4498 omnia

487 4552 654 4608 penes
701 4535 943 4593 Verbum
995 4538 1187 4593 fuisse.
1241 4535 1442 4594 Veruni
1489 4551 1615 4592 cum
1677 4535 1793 4590 hinc
1846 4534 2074 4589 haberet

485 4731 632 4788 rant,
662 4729 718 4778 et
748 4723 869 4778 sine
895 4722 1006 4776 ulla
1036 4722 1158 4778 labe
1186 4729 1402 4776 servata
1445 4729 1593 4786 sunt,
1628 4736 1752 4776 cum
1785 4720 2071 4792 perfectus

486 4823 633 4870 esset
670 4813 810 4869 Deus
838 4830 904 4868 ex
944 4827 1111 4868 carne
1139 4813 1378 4886 genitus,
1403 4813 1496 4883 qui
1534 4814 1775 4884 perfecte
1821 4812 2070 4882 implevit

486 4906 694 4966 omnia,
729 4905 936 4974 1021
972 4911 1232 4976 tanquam
1271 4902 1498 4975 perfecti
1540 4903 1691 4958 vasis
1736 4903 1935 4958 artifex
1971 4921 1984 4957 :
2014 4903 2067 4957 in

487 5009 597 5062 quo
623 5010 810 5064 neque
857 5009 987 5049 caro
1036 4995 1218 5049 minus
1265 4993 1614 5048 convenienti
1664 4992 1851 5062 aliquo
1888 4991 2072 5048 studio

488 5084 663 5138 divisa
702 5085 798 5148 sit,
829 5102 929 5140 nec
950 5087 1065 5154 ipse
1103 5087 1280 5141 alieno
1313 5085 1496 5156 aliquo
1528 5085 1726 5139 mentis
1751 5099 1938 5150 sensu,
1970 5099 2071 5138 cu-

484 5175 725 5244 jiismodi
782 5175 838 5228 in
880 5177 1039 5232 nobis
1088 5179 1354 5241 cernitur,
1406 5178 1479 5232 sit
1534 5179 1869 5239 abstractus.
1917 5174 2071 5229 Mens

485 5269 630 5322 enim
668 5275 853 5322 nostra
877 5283 988 5321 non
1015 5269 1080 5320 ad
1115 5277 1398 5338 peccatum
1437 5267 1861 5339 perpetrandum
1900 5267 2066 5322 insita

485 5359 643 5413 nobis
673 5366 777 5420 est,
804 5356 900 5412 sed
927 5355 994 5409 ad
1015 5372 1204 5410 earum
1225 5373 1427 5422 rerum,
1448 5373 1568 5427 quae
1599 5359 1651 5412 in
1684 5358 1842 5413 nobis
1865 5365 2068 5410 utram-

484 5465 588 5516 que
617 5451 671 5504 in
709 5458 918 5520 partem
959 5449 1397 5514 considerantur,
1431 5449 1908 5520 contemplandam
1941 5465 2068 5518 per-

488 5540 795 5607 rectionem,
845 5558 1058 5598 necnon
1102 5533 1156 5597 et
1209 5542 1384 5596 oilicia
1441 5543 1688 5610 iustitiae,
1723 5543 1809 5597 vel
1855 5543 1903 5597 ei
1937 5558 2063 5597 con-

485 5635 650 5687 traria
684 5633 1079 5703 dignoscenda.
1130 5634 1344 5704 Quippe
1386 5636 1586 5692 mentis
1634 5645 1718 5692 est
1766 5637 1934 5693 verba
1978 5635 2065 5690 di-

2189 3428 2506 3495 Ἐπιθυμίᾳ
2545 3427 2899 3496 ἐπεθύμησα
2948 3426 3128 3482 τοῦτο
3175 3425 3242 3479 τὸ
3293 3426 3508 3496 πάσχα
3548 3424 3725 3496 φαγεῖν

2171 3521 2302 3592 μεθ’
2342 3517 2531 3589 ὑμῶν.
2575 3517 2872 3588 Ἐπιθυμία
2903 3518 2962 3572 δὲ
3004 3519 3070 3571 ἐκ
3115 3517 3374 3588 θεότητος
3421 3520 3481 3572 οὐ
3528 3520 3722 3588 γίνεται,

2175 3613 2300 3667 οὐδὲ
2331 3613 2397 3666 ἐκ
2423 3611 2626 3685 σαρκὸς
2667 3611 2985 3683 μονωτάτης
3008 3649 3024 3674 ,
3055 3609 3175 3664 οὐδὲ
3207 3612 3272 3664 ἐκ
3304 3612 3487 3682 ψυχῆς
3511 3611 3722 3680 ἀνοήτους

2175 3705 2313 3760 ἀλλά
2353 3706 2419 3760 ἐκ
2455 3703 2670 3768 τελείας
2715 3703 3184 3775 ἐνανθρωπήσεως
3224 3701 3480 3773 σώματος
3521 3702 3604 3755 καὶ
3649 3696 3723 3750 τοῦ

2175 3799 2269 3852 νοῦ
2289 3837 2304 3862 ,
2335 3798 2428 3852 καὶ
2457 3797 2660 3860 παντὸς
2691 3788 2901 3859 οὗτινος
2938 3795 3033 3849 τοῦ
3077 3797 3134 3848 ἐν
3170 3795 3450 3867 ἀνθρώπῳ
3476 3792 3723 3862 τυγχάνον-

2175 3907 2288 3952 τος.
2340 3890 2507 3958 Ἔσχε
2555 3889 2667 3959 γάρ
2714 3885 2890 3940 ταῦτα
2935 3884 3106 3940 ἐλθὼν
3159 3887 3190 3938 6
3241 3887 3417 3956 Λόγος
3466 3885 3612 3955 σῶμα
3651 3882 3723 3932 καὶ

2175 3979 2354 4052 ψυχὴν
2412 3979 2508 4033 καὶ⁷
2558 3978 2684 4032 νοῦν
2740 3978 2835 4031 καὶ
2878 3978 3058 4032 πάντα
3087 3977 3141 4030 εἴ
3181 3977 3235 4030 τί
3266 3978 3419 4030 ἐστιν
3447 3976 3720 4048 ἄνθρωπος,

2177 4073 2347 4142 χωρὶς
2370 4071 2668 4141 ἁμαρτίας.
2707 4070 2878 4140 χωρὶς
2920 4067 3334 4138 ἐλαττώματος·
3373 4067 3585 4122 κατὰτὸ
3607 4065 3722 4132 είρηο

2181 4165 2341 4236 μένον
2359 4180 2372 4193 ·
2439 4160 2880 4232 Πεπειραμένος
2909 4161 3060 4215 κατὰ
3091 4161 3292 4215 πάντα
3331 4162 3412 4227 ὡς
3435 4161 3718 4228 ἅνθρωπος.

2177 4255 2355 4326 χωρὶς
2369 4255 2680 4325 ἁμαρτίας.
2701 4255 2762 4308 El.
2777 4254 2834 4308 δὲ
2849 4255 2918 4308 τὰ
2934 4253 3111 4306 πάντα
3131 4253 3486 4324 πεπείραται,
3498 4251 3559 4304 τὰ
3579 4247 3720 4301 πάντα

2177 4347 2335 4420 ἔσχεν
2387 4347 2557 4402 ἐλθὼν
2601 4349 2630 4401 6
2658 4347 2851 4415 Λόγος.
2900 4347 3086 4400 Πάντα
3115 4347 3174 4400 δέ
3233 4345 3398 4416 ἔχων,
3435 4346 3652 4416 ἀήττητα
3675 4337 3719 4387 ἐν

2179 4440 2329 4510 αὐτῷ
2353 4435 2443 4511 ἦν.
2482 4438 2727 4511 ἀχραντά
2749 4455 2809 4491 τε
2843 4438 3154 4510 διετήρησε,
3179 4437 3384 4500 τέλειος
3411 4435 3484 4489 ὢν
3515 4432 3646 4494 Θεὸς,
3669 4427 3719 4480 ἐκ

2178 4548 2247 4585 σα
2254 4530 2380 4601 ρκδς
2392 4547 2522 4600 γεγε
2529 4547 2622 4600 ννη
2631 4529 2812 4601 μένος,
2833 4530 2928 4582 καὶ
2942 4528 3164 4591 τελείως
3175 4528 3244 4582 τὰ
3257 4527 3438 4582 πάντα
3448 4520 3718 4611 πληρώσας,

485 4629 690 4691 omnia,
722 4629 910 4683 eadem
947 4642 1130 4684 tamen
1183 4626 1238 4682 iii
1277 4628 1397 4698 ipso
1465 4629 1714 4699 superari
1763 4642 1874 4681 non
1917 4635 2071 4698 pote-

2179 4625 2256 4686 ὠς
2317 4621 2614 4693 πληρωτὴς
2645 4621 2722 4674 ὢν
2755 4619 2880 4674 ὅλου
2926 4617 3024 4672 τοῦ
3068 4619 3318 4686 σκεύους,
3373 4620 3447 4690 μὴ
3487 4607 3718 4699 μερισθελί-

2180 4731 2280 4786 σης
2307 4715 2406 4785 τῆς
2427 4711 3012 4802 σαρκὸςὼαρμόστως
3034 4708 3442 4802 ⁵νέπιτηδεύσει,
3460 4705 3540 4802 μὴ

2179 4802 2403 4866 κυσθεὶς
2436 4802 2516 4873 τῷ
2568 4801 2662 4856 τοῦ
2710 4802 2802 4856 νοῦ
2833 4801 3034 4872 ἀλλοίῳ
3061 4801 3119 4854 ἐν
3147 4801 3278 4871 ἡμῖν
3307 4799 3619 4870 φρονήματι.
3660 4791 3716 4841 οὐ
3811 4791 3869 4879 l

2177 4897 2288 4970 γὰρ
2320 4898 2350 4951 ὁ
2374 4897 2498 4959 νοῦς
2527 4895 2685 4968 ἡμῶν
2718 4897 2801 4960 είς
2833 4895 2896 4948 τὸ
2923 4893 3259 4966 ἁμαρτάνειν
3285 4894 3420 4964 ἡμῖν
3451 4886 3714 4958 γεγένηται,
3811 4884 3867 4970 Il

2179 4966 2316 5044 ἀλλὰ
2347 4989 2436 5044 διὰ
2473 4966 2558 5042 τδ-
2585 4990 2809 5042 σκοπεῖν
2849 4986 2958 5042 τῶν
3003 4988 3063 5041 ὲν
3099 4988 3231 5058 ἡμῖν
3268 4975 3715 5052 ἀναθεωρουμένων

2180 5083 2301 5135 κατ’
2347 5083 2552 5151 ἀμφοῖν
2597 5079 2941 5152 πραγμάτων
2987 5078 3058 5132 τά
3089 5077 3290 5142 τέλεια,
3325 5077 3420 5130 καὶ
3456 5075 3548 5144 τὴν
3579 5071 3712 5138 ἔργα·

2178 5173 2300 5226 σίαν
2328 5173 2427 5242 τῆς
2459 5170 2827 5242 δικαιοσύνης,
2863 5171 3254 5239 ἐναντιότητος.
3289 5167 3434 5229 Νοῦς
3461 5165 3482 5197 ⁸
3515 5161 3602 5234 μὲν
3628 5153 3712 5247 id?
3813 5153 3861 5247 ll

2179 5267 2398 5337 ῥήματα
2448 5265 2751 5336 διακρίνει,
2803 5262 3013 5334 λάρυγξ
3060 5263 3118 5316 δὲ
3173 5265 3294 5315 σῖτα
3350 5258 3591 5328 γεύεται’
3637 5244 3711 5300 καὶ
3816 5244 3867 5337 Ι

2174 5356 2450 5427 ὀφθαλμὸς
2500 5358 2774 5419 κατανοεῖ,
2823 5356 2918 5410 καὶ
2959 5355 3084 5418 νοῦς
3130 5356 3250 5426 ὁρᾷ.
3290 5353 3515 5422 ’Ὁρασις
3566 5340 3710 5397 τοίνυν

2175 5449 2270 5502 καὶ
2303 5447 2490 5515 γεῦσις
2522 5448 2616 5501 καὶ
2647 5447 2920 5518 διάκρισις
2959 5449 2990 5499 ὁ
3047 5445 3172 5510 νοῦς
3231 5447 3288 5498 ἐν
3327 5445 3458 5514 ἡμῖν
3497 5437 3694 5503 ὑπάρχει

2169 5542 2234 5593 ἐκ
2277 5539 2412 5592 Θεοῦ
2444 5543 2576 5610 ἡμῖν
2611 5539 3029 5611 κεχαρισμένος.
3065 5537 3234 5592 υῦτοω
3277 5537 3332 5591 δὲ
3367 5525 3708 5602 συγκαταθετι-

2169 5633 2263 5698 κὸς
2299 5631 2409 5686 τῶν
2456 5633 2544 5687 ἀεὶ
2591 5633 2913 5704 γινομένων,
2958 5630 3058 5687 ἐὰν
3103 5631 3179 5704 μὴ
3215 5629 3346 5702 θέλῃ
3385 5629 3415 5681 6
3444 5621 3703 5696 ἄνθρωπος,

553 5785 573 5818 ⁸
602 5784 785 5840 Eccle.
810 5804 906 5854 vn,
929 5789 1019 5845 '50.
1094 5790 1114 5820 ⁸
1151 5787 1282 5844 Luc.
1317 5802 1452 5850 xxii.
1489 5789 1570 5844 l5.
1647 5787 1668 5821 ⁸
1699 5787 1862 5845 Hebr.
1896 5805 1972 5856 tv,
1999 5787 2074 5844 l5.

2178 5803 2184 5819 ’
2212 5784 2273 5844 F.
2300 5787 2650 5860 ἀναρμόστῳ.
2724 5789 2747 5822 ⁸
2779 5788 2955 5860 Vulgo
2983 5782 3118 5858 οῦς..

3837 1103 3876 2660 ἐ

3837 2643 3875 2734 ΞΕ

3833 2701 3875 2940 ί

3869 2955 3875 3064 l

3871 3099 3875 3172 ξ

3828 4516 3867 4587 εγ

3822 4594 3833 4717 ἑ

3822 4726 3865 4835 ξ,
