3964 6434
202 354 299 412 681

830 347 1199 406 ADVERSUS
1239 342 1584 403 IIAEBESES
1616 345 1751 402 LIB.
1785 345 1873 403 III.
1912 347 2073 403 TOM.
2109 346 2253 404 II.—-
2276 346 2549 404 IIASRES.
2585 345 2841 403 LXXVII.

3335 305 3444 409 osa

221 474 276 528 'll
301 472 358 525 δὲ
393 470 527 542 σὰρξ
558 470 645 524 ἀεὶ
684 470 742 524 ὲν
787 471 936 541 πάσῃ
979 471 1168 541 Γραφῇ
1214 467 1652 538 ἀποκηρύττεται
1683 468 1773 521 διὰ

1894 484 2153 535 teet-nere,
2186 468 2265 523 uti
2290 467 2529 522 faucium
2553 466 2844 539 degustare
2865 464 3054 520 cibos’
3077 484 3091 521 :
3118 465 3199 521 sic
3228 476 3282 522 ct
3310 483 3445 521 oeu-

208 564 298 634 τὴν
341 566 398 617 ὲν
441 565 577 634 αὐτῇ
629 563 922 632 γινομένην
972 561 1289 631 ἐπιθυμίαν.
1340 560 1415 613 Οὐ
1458 560 1673 624 πάντως
1715 560 1774 612 δὲ

206 652 368 724 αὐτὴν
409 651 508 724 τὴν
554 653 732 722 σάρκα
776 650 1165 721 ἀποκηρύττει,
1215 648 1353 702 ἀλλὰ
1382 649 1452 702 τὰ
1501 647 1561 714 ἐξ
1605 648 1774 719 αὐτῆς

210 742 457 813 γινόμενα
487 740 834 812 ἀπεκήρυξεν
863 741 889 792 ὁ
911 738 1089 806 λόγος,
1104 737 1182 801 ὡς
1213 737 1315 806 ἔφη
1348 737 1379 789 ὁ
1422 737 1739 800 Ἀπόστολος
1758 752 1773 768 '

211 831 346 887 οἶδα
382 835 510 903 γὰρ,
541 832 631 886 ὅτι
656 834 769 886 οὐκ
802 830 957 884 οἰκεῖ
979 830 1049 883 ἐν
1082 829 1232 898 ἐμοὶ,
1260 827 1572 882 τουτέστιν
1600 827 1671 881 ἐν
1700 826 1776 895 τῇ

208 924 381 992 σαρκί
415 941 557 993 μου,
591 921 834 993 ἀγαθὸν,
862 920 953 974 atat
982 919 1052 973 τὰ
1086 922 1150 974 ὲκ
1175 919 1274 989 τῆς
1307 918 1509 992 σαρκὸς
1550 917 1775 986 ἐπιφυό-

210 1034 361 1090 μενα.
400 1017 518 1071 Ἵνα
545 1014 602 1067 δὲ
631 1012 1039 1084 ἀποκρούσηται
1076 1009 1183 1063 τῶν
1226 1009 1491 1079 αἱρέσεων
1528 1006 1626 1078 τὴν
1658 1007 1776 1060 διά-

211 1125 368 1170 νοιαν,
409 1107 483 1177 μή
527 1120 642 1168 πως
689 1103 950 1173 νομίσωσι
998 1099 1096 1171 τὴν
1146 1099 1325 1170 σάρκα
1371 1098 1479 1152 ἀπὸ
1523 1098 1622 1168 τῆς
1669 1097 1777 1151 τῶν

212 1198 411 1268 νεκρῶν
461 1195 811 1258 ἀναστάσεως
873 1193 1248 1266 ἀπηλπίσθαι,
1305 1191 1491 1261 λέγει·
1562 1190 1664 1243 Δεῖ
1708 1189 1775 1242 τὸ

208 1286 465 1358 φθαρτὸν
516 1284 691 1338 τοῦτο
744 1283 1115 1338 ἐνδύσασθαι
1161 1280 1534 1351 ἀφθαρσίαν,
1574 1277 1675 1332 καὶ
1710 1276 1779 1331 τὸ

207 1379 428 1447 θνητὸν
478 1375 655 1430 τοῦτο
714 1374 1085 1429 ἐνδύσασθαι
1133 1373 1475 1427 ἀθανασίαν
1494 1387 1507 1400 ·
1562 1370 1650 1422 ἵνα
1703 1367 1779 1439 μὴ

213 1468 596 1542 παρεκϐάλλων
634 1467 702 1520 τὰ
734 1466 871 1538 ἔργα
913 1466 1014 1535 τῆς
1048 1464 1269 1536 σαρκὸς,
1298 1462 1334 1516 ἃ
1368 1464 1545 1533 σάρκα
1592 1460 1780 1514 εἴωθεν

210 1565 246 1633 ἡ
276 1560 459 1631 Γραφὴ
497 1559 701 1623 καλεῖν,
738 1557 1019 1629 νομισθείη
1052 1555 1148 1628 τὴν
1179 1554 1368 1609 ὲλπίδα
1395 1554 1497 1623 τῆς
1542 1552 1781 1607 ἀναστά·

211 1670 344 1714 σεως
371 1652 470 1721 τῆς
508 1648 710 1722 σαρκὸς
748 1648 1164 1721 παρεκῆάλλειν.
1205 1646 1285 1699 Τὰ
1319 1645 1427 1717 γὰρ
1459 1644 1595 1716 ἔργα
1625 1643 1692 1696 τὰ
1723 1644 1781 1695 ἐν

206 1742 340 1812 αὐτῇ
390 1741 650 1812 γινόμενα
696 1739 875 1809 φαῦλα
904 1738 1090 1809 σαφῶς
1123 1736 1489 1807 ἀπεκήρυξεν,
1520 1734 1687 1805 αὐτὴν
1723 1733 1782 1787 δὲ

1876 560 1962 615 lus
1996 560 2331 624 considerat,
2370 567 2425 615 et
2463 573 2619 613 mens
2658 558 2923 613 intuetur.
2973 558 3243 623 Quocirca
3289 572 3446 614 meus

1877 652 1991 714 illa,
2035 666 2156 721 qua:
2186 650 2241 704 in
2269 650 2431 706 nobis
2475 649 2680 705 residet.
2733 657 2789 705 et
2818 663 2849 701 a
2895 648 3004 704 Deo
3041 663 3302 704 concessa
3334 656 3443 713 est,

1877 741 2028 796 visus
2059 748 2141 795 est
2166 740 2413 812 quidam,
2459 751 2515 795 et.
2541 748 2754 811 gustus,
2801 755 2867 794 ac
2897 740 3239 795 discernendi
3271 741 3444 796 lacul-

1877 838 1981 887 tas.
2027 829 2216 901 Neque
2240 847 2372 888 vero
2407 831 2473 887 iis
2502 846 2625 902 qua:
2665 831 2957 887 identidem
3012 832 3167 897 Iiunt,
3209 836 3446 888 assenti-

1878 925 1989 985 tur,
2032 920 2139 975 nisi
2181 920 2391 975 homini
2440 920 2770 976 collibuerit.
2814 919 2885 973 At
2929 934 3056 990 caro
3089 922 3144 975 in
3190 923 3446 978 omnibus

1878 1008 1991 1064 fere
2023 1011 2199 1066 sacris
2228 1010 2451 1066 Litteris
2482 1012 2553 1067 ob
2585 1012 2732 1065 illam
2775 1026 2897 1081 qua
2929 1012 2985 1065 in
3014 1013 3132 1083 ipsa
3175 1020 3259 1068 est
3292 1016 3450 1084 cupi-

1878 1100 2100 1155 ditatem
2124 1101 2372 1156 damnari
2402 1102 2559 1159 solet.
2582 1101 2906 1173 Quanquam
2937 1118 3046 1157 non
3072 1105 3295 1160 omnino
3316 1120 3451 1160 caro

1880 1191 1999 1262 ipsa
2034 1192 2347 1259 damnatur,
2379 1193 2474 1248 sed
2503 1210 2624 1263 qua:
2650 1194 2717 1248 ab
2763 1195 2855 1248 illa
2890 1194 3317 1265 proﬁciscuntur
3360 1211 3449 1252 sa-

1881 1297 2099 1336 crorum
2136 1280 2422 1337 Librorum
2452 1285 2754 1358 auctoritas
2788 1286 3104 1354 proscribit.
3135 1285 3287 1341 Unde
3309 1288 3456 1358 Apo—

1880 1373 2054 1427 stolus
2083 1373 2156 1426 ita
2194 1357 2478 1442 loquitur}
2510 1372 2632 1428 Scio
2676 1375 2812 1431 enim
2852 1376 2992 1444 quod
3037 1393 3141 1430 non
3169 1357 3372 1431 habitat
3400 1379 3456 1431 in

1881 1478 1982 1525 me,
2031 1460 2129 1516 hoc
2172 1472 2250 1516 est
2290 1462 2345 1515 in
2388 1479 2550 1516 carne
2601 1479 2738 1528 mea,
2781 1462 2969 1517 bonum
2996 1464 3017 1495 ⁸
3044 1484 3057 1518 :
3088 1465 3237 1535 quod
3284 1466 3354 1519 ad
3390 1481 3455 1521 ea

1882 1551 2228 1608 referendum
2254 1561 2477 1623 estquae
2505 1569 2569 1608 ex
2595 1569 2761 1608 carne
2791 1563 3168 1612 succreswnt.
3193 1555 3372 1626 Atque
3396 1563 3459 1611 ut

1858 1628 2266 1699 'ltaareticorum
2305 1645 2590 1713 opiniones
2631 1644 2924 1710 refelleret,
2965 1661 3033 1701 ne
3082 1662 3305 1702 carnem
3349 1648 3459 1703 sibi

1885 1736 2279 1808 persuaderent
2307 1738 2379 1791 ab
2417 1737 2566 1791 onmi
2609 1738 3029 1793 resurrectionis
3076 1753 3174 1807 spe
3205 1746 3260 1794 et
3301 1754 3458 1794 com-

208 1831 303 1903 τὴν
339 1831 517 1901 σάρκα
566 1830 719 1900 ἀγιον
785 1830 911 1885 ναὸν
951 1827 1246 1893 ἐπέδειξεν,
1294 1830 1351 1880 ὲν
1394 1826 1470 1897 τῷ
1504 1826 1789 1894 ἀγιάσαντι

1894 1828 2151 1882 munione
2197 1826 2485 1896 deiectam,
2524 1826 2642 1882 haec
2691 1827 2979 1898 adjunxit:
3013 1827 3231 1897 Oportet
3278 1847 3462 1884 corruo

206 1922 368 1978 αὑτοῦ
411 1923 510 1993 τὴν
553 1923 731 1993 σάρκα
767 1921 906 1977 κατά
936 1922 995 1975 τὸ
1056 1919 1462 1992 γεγραμμένον,
1510 1920 1592 1972 ὅτι
1639 1921 1785 1985 Θρη-

204 2014 379 2076 σκεία
418 2013 485 2067 δὲ
524 2015 750 2082 καθαρὰ
790 2013 869 2077 τῷ
901 2010 1022 2077 Θεῷ
1054 2013 1153 2065 καὶ
1191 2011 1373 2079 Πατρὶ
1405 2010 1553 2077 αὕτη
1590 2009 1783 2072 ἐστὶν,

203 2103 668 2158 ἐπισκέπτεσθαι
699 2101 1000 2171 ὀρφανοὺς
1033 2100 1131 2154 καὶ
1157 2099 1346 2168 χήρας
1373 2099 1443 2152 ἐν
1472 2097 1549 2166 τῇ
1582 2098 1787 2165 θλίψει

207 2194 425 2258 αὐτῶν,
455 2194 719 2248 ἄσπιλον
742 2193 960 2248 ἑαυτὸν
999 2192 1200 2260 τηρεῖν
1243 2190 1362 2246 ἀπὸ
1397 2190 1501 2245 τοῦ
1531 2191 1783 2259 κόσμου.

208 2286 318 2340 Καὶ
349 2285 493 2356 ἄλλῳ
512 2302 526 2315 ’
567 2285 844 2356 Μακάριοι
872 2285 923 2337 οἱ
966 2282 1136 2353 ἁγνὴν
1179 2282 1277 2354 τὴν
1309 2283 1488 2352 σάρκα
1515 2281 1788 2352 τηρήσαν-

206 2396 314 2441 τες.
350 2376 616 2439 Πολλάκις
647 2376 703 2429 δὲ
744 2376 863 2431 κατ’
894 2376 1064 2446 αὐτῆς
1097 2376 1331 2445 λέγουσα
1362 2375 1396 2443 ἡ
1438 2372 1649 2445 Γραφὴ,
1684 2369 1789 2424 ἐδί-

202 2467 360 2532 δαξεν
417 2467 564 2539 ἡμᾶς
608 2465 706 2530 τὰς
750 2466 1051 2537 ἐπιθυμίας
1101 2466 1196 2520 καὶ
1252 2463 1447 2536 ἡδονὰς
1505 2462 1566 2528 ἐξ
1617 2460 1788 2531 αὐτῆς

202 2556 560 2628 βλαστάνεινο
617 2557 758 2612 κατά
816 2556 875 2611 δὲ
926 2557 1019 2611 τοῦ
1058 2556 1168 2611 ¹νοῦ
1217 2556 1371 2610 οὐδὲν
1430 2554 1706 2625 ἐξηγεῖται
1750 2552 1784 2621 ἠ

202 2649 416 2722 Γραφὴ,
467 2649 635 2713 ἀλλὰ,
689 2646 871 2706 Ψαλῶ
940 2647 1018 2714 τῷ
1074 2647 1189 2711 νοῒ,
1244 2645 1421 2716 ψαλῶ
1480 2646 1560 2712 τῷ
1602 2644 1787 2700 πνεύ-

198 2757 377 2811 ματι·
419 2740 535 2805 καὶ,
580 2738 705 2793 Ἐὰν
752 2738 907 2811 ψαλῶ
967 2738 1128 2792 πάλιν
1191 2737 1269 2809 τῷ
1333 2737 1631 2809 πνεύματι,
1663 2738 1692 2792 ὁ
1730 2737 1790 2793 ὃὶ

204 2830 333 2894 νοῦς
371 2849 473 2903 μου
535 2831 783 2904 ἄκαρπός
843 2834 980 2885 ἐστι.
1031 2831 1143 2884 Καὶ
1186 2831 1340 2902 ὁρᾷς,
1404 2830 1489 2884 ὅτι
1532 2831 1591 2883 ἐν
1640 2828 1792 2901 αύτῴ

208 2920 445 2992 καρπὸς,
478 2921 534 2975 ἐν
564 2919 642 2991 τῷ
671 2920 746 2992 νῷ
766 2937 780 2952 ·
813 2920 916 2975 κᾶν
946 2937 1005 2973 τε
1038 2919 1112 2991 μὴ
1212 2919 1442 2990 καρπὸς,
1473 2920 1536 2972 οὐ
1575 2918 1792 2983 πάντως

204 3011 302 3064 τὸν
352 3010 476 3065 νοῦν
531 3011 820 3077 κατέλεξεν
866 3013 923 3065 ὲν
973 3010 1292 3086 ἁμαρτίαις,
1331 3010 1466 3064 ἀλλὰ
1512 3010 1579 3064 δι’
1626 3007 1789 3063 αὑτοῦ

209 3101 413 3171 μᾶλλον
447 3104 537 3157 τὸν
564 3103 776 3174 καρπὸν
800 3104 1137 3173 ἀπεφήνατο.

1885 1920 2068 1989 ptibile
2117 1921 2214 1974 hoc
2257 1920 2472 1974 induere
2514 1921 2981 1990 incorruptionem,
3028 1930 3077 1975 et
3113 1923 3338 1977 mortale
3365 1922 3463 1977 hoc

1887 2013 2106 2067 induere
2148 2013 2653 2066 immortalitatemi
2684 2030 2698 2069 :
2725 2028 2794 2068 ne
2842 2028 3007 2082 opera
3054 2014 3238 2068 carnis
3283 2015 3463 2069 exclu-

1887 2101 2044 2165 dens,
2085 2117 2207 2172 qua:
2238 2103 2423 2157 carnis
2460 2104 2682 2157 nomine
2716 2101 3004 2172 Scriptura
3050 2104 3189 2158 solet
3226 2104 3462 2168 allicere,

1887 2208 1995 2246 una
2051 2200 2104 2248 et
2161 2193 2582 2250 resurrectionis
2652 2209 2804 2264 spem
2867 2209 2898 2247 a
2968 2210 3134 2250 carne
3188 2196 3464 2252 videretur

1886 2284 2196 2340 excludere.
2230 2284 2514 2355 Siquidem
2545 2301 2666 2356 quae
2704 2286 2760 2339 in
2802 2286 2889 2340 illa
2915 2297 3244 2342 exercentur
3272 2288 3465 2358 depra-

1888 2382 2013 2429 vata
2045 2390 2210 2446 opera
2231 2375 2526 2431 manifeste
2550 2374 2864 2442 damnavit;
2885 2390 3106 2430 carnem
3138 2377 3312 2445 ipsam
3336 2393 3465 2431 vero

1890 2476 2140 2521 sanctum
2170 2467 2443 2537 quoddam
2476 2481 2601 2522 esse
2621 2467 2890 2537 templum
2925 2467 2980 2520 in
3009 2482 3093 2529 eo,
3124 2468 3214 2537 qui
3245 2482 3466 2523 carnem

1891 2571 2046 2613 suam
2103 2555 2495 2623 sanctiﬁcavit,
2554 2572 2678 2613 esse
2731 2558 2951 2623 docuit,
3008 2558 3467 2626 quemadmodum

1892 2649 2157 2718 scriptum
2193 2656 2316 2704 est:
2350 2646 2549 2719 Religio
2583 2647 2783 2702 munda
2812 2647 2919 2702 Deo
2962 2655 3010 2701 et
3040 2647 3196 2701 Patri
3229 2647 3338 2703 haec
3366 2658 3470 2713 est,

1890 2740 2104 2794 visitare
2141 2741 2404 2808 orphanos
2432 2748 2481 2793 et
2510 2739 2697 2793 viduas
2722 2741 2775 2793 in
2807 2740 3085 2810 aﬂlictione
3117 2755 3215 2793 sua
3234 2778 3250 2804 ,
3276 2748 3325 2794 et
3357 2740 3471 2792 im-

1892 2830 2220 2885 maculatum
2245 2846 2299 2884 se
2320 2845 2633 2884 conservare
2667 2831 2730 2883 ab
2765 2829 2862 2882 hoc
2895 2835 3096 2883 mundo
3119 2829 3161 2881 ⁸.
3200 2828 3334 2884 Item
3365 2829 3474 2882 alio

1891 2922 2013 2978 loco
2042 2940 2056 2976 :
2087 2922 2234 2978 Beati
2276 2922 2370 2991 qui
2423 2937 2619 2992 puram
2678 2929 3001 2992 castamque
3045 2936 3266 2977 carnem
3317 2937 3473 2976 suam

1892 3014 2254 3070 servaverint.
2287 3013 2460 3068 Porro
2506 3012 2791 3084 Scriptura
2834 3014 3100 3069 adversus
3129 3013 3276 3067 illam
3333 3028 3476 3082 saepe

1892 3104 2202 3174 disputans,
2246 3104 2576 3173 cupiditates
2623 3121 2688 3161 ac
2746 3107 3057 3176 voluptates
3102 3108 3171 3162 ab
3218 3108 3317 3159 hac
3350 3106 3476 3177 ipsa

205 3193 480 3263 pullulare
527 3210 631 3250 nos
678 3195 895 3262 docuit;
936 3203 1129 3249 contra
1171 3202 1405 3250 mentem
1456 3208 1585 3249 vero
1640 3193 1776 3248 nihil
1809 3196 2036 3251 omnino
2067 3196 2226 3260 dixit,
2290 3195 2386 3251 sed
2420 3197 2553 3251 illud
2595 3198 2861 3253 duntaxat
2908 3197 3199 3253 :Psallam
3266 3206 3473 3258 mente,

201 3285 440 3352 psallunt
469 3296 517 3340 et
553 3286 745 3354 spiritu
768 3287 807 3342 ⁸.
832 3288 960 3340 Item
994 3304 1009 3340 ς
1045 3285 1101 3340 Si
1125 3287 1350 3356 psallam
1376 3287 1592 3356 spiritu,
1645 3302 1799 3343 mens
1834 3296 2012 3343 autem
2050 3303 2169 3344 mea
2207 3286 2548 3344 infructuosa
2575 3290 2714 3344 sit".
2754 3290 2853 3345 Ubi
2910 3290 3063 3346 vides
3100 3305 3259 3346 suum
3310 3289 3476 3342 menti

204 3371 450 3430 fructum
481 3378 801 3431 attributum
831 3395 845 3432 :
873 3392 939 3432 ac
985 3378 1201 3432 tametsi
1234 3368 1447 3432 fructus
1477 3378 1661 3433 nullus
1695 3379 1946 3445 exsistat,
1984 3380 2137 3434 nullo
2190 3386 2372 3434 tamen
2418 3381 2579 3435 modo
2619 3389 2855 3436 mentem
2895 3382 3038 3437 inter
3094 3388 3318 3452 peccata
3373 3394 3478 3432 nu-

208 3467 472 3533 meravit,
505 3468 598 3522 sed
627 3483 694 3522 ex
726 3467 845 3538 ipsa
884 3467 1067 3538 potius
1092 3467 1228 3521 oriri
1260 3466 1499 3521 fructum
1531 3467 1792 3523 asseruit.

282 3562 422 3616 KII'.
477 3560 542 3614 Τί
578 3560 635 3613 δὲ
676 3560 865 3612 τούτου
910 3560 1048 3631 πρὸς
1093 3560 1193 3632 τὴν
1238 3558 1333 3613 τοῦ
1387 3558 1594 3631 Κυρίου
1641 3560 1793 3631 ήμῶν

1971 3558 2210 3617 XXVIII.
2250 3558 2461 3631 Ecquid
2495 3574 2622 3615 vero
2647 3575 2717 3615 ex
2742 3559 2874 3615 istis
2926 3558 3182 3615 omnibus
3213 3559 3425 3614 advers
3452 3578 3480 3616 s

205 3655 445 3727 δύναμιν
488 3653 588 3724 τῆς
634 3652 887 3723 θεότητος
934 3651 1230 3723 ὲνσκήψει;
1281 3652 1333 3705 τί
1383 3652 1440 3706 δὲ
1495 3651 1796 3722 ἠμαύρωσε

205 3747 312 3818 τὴν
337 3742 505 3800 αὐτοῦ
545 3740 772 3813 δύνηαιν
797 3742 897 3811 τῆς
936 3741 1097 3811 ἁγίας
1129 3741 1386 3810 γυναικὸς
1411 3742 1658 3813 γαστήρς
1696 3743 1801 3813 μή-

203 3853 323 3907 τρα
352 3831 672 3905 Παρθένου;
706 3828 941 3884 τοκετῶν
975 3831 1162 3901 πόροι;
1198 3831 1434 3900 ἀγκάλαι
1478 3830 1799 3902 Συμεῶνος;

207 3926 538 4000 ἀνθρωπίνη
579 3923 813 3995 ὑποδοχή
858 3923 1005 3993 (95);
1050 3923 1269 3997 Μαρίας
1310 3924 1660 3996 βασταγμός;
1702 3924 1801 3994 τῆς

212 4020 427 4092 πόρνης
469 4017 643 4087 ἀφαίς
696 4017 882 4089 τρίχες
929 4016 1184 4085 γυναικὸς
1231 4016 1408 4071 ποδῶν
1460 4017 1800 4088 ἀπτόμεναις

209 4112 359 4168 ἀλλά
389 4109 458 4163 τὰ
487 4109 736 4177 δάκρυα;
772 4107 909 4162 ἀλλά
939 4109 1223 4180 μνήματος
1255 4107 1311 4161 αί
1357 4107 1567 4173 θέσεις;
1603 4104 1803 4160 Σινδὼν

210 4203 329 4277 γὰρ
360 4200 626 4274 εἱλήσασα
655 4201 716 4254 τὸ
745 4200 903 4270 σῶμα
934 4197 1098 4253 αὐτοῦ
1130 4200 1191 4253 ού
1220 4200 1564 4269 περιεγένετο
1595 4197 1804 4251 ἐκείνου

210 4295 316 4348 τοῦ
349 4290 712 4368 ἀκραιφνοῦς,
745 4292 840 4345 καὶ
870 4291 971 4360 τῆς
1002 4289 1167 4344 αὐτοῦ
1204 4289 1466 4362 μεγίστης
1500 4288 1802 4359 δυνάμεως.

211 4384 336 4439 Καὶ
367 4384 473 4456 γὰρ
505 4382 586 4436 ἔτι
616 4383 674 4437 ὲν
703 4382 880 4453 κοιλίᾳ
924 4381 1207 4452 τυγχάνων
1259 4381 1511 4451 Ἰωάννης
1555 4379 1804 4451 ἐσκίρτα,

209 4478 433 4550 χαίρων
462 4476 557 4529 ἐπὶ
582 4477 649 4545 τῇ
690 4473 786 4528 τοῦ
815 4473 1087 4526 Δεσπότου
1120 4470 1286 4526 αὑτοῦ
1328 4472 1464 4543 πρὸς
1496 4471 1658 4525 αὐτὸν
1691 4472 1807 4525 είσ-

216 4562 332 4637 ὀδῳ
383 4566 472 4620 διὰ
517 4568 617 4636 τῆς
669 4565 1088 4636 ὲγκυμονήσεως
1131 4564 1229 4633 τῆς
1279 4562 1442 4631 ἁγίας
1505 4561 1806 4632 Παρθένου.

216 4654 513 4726 Γεννηθεὶς
550 4654 628 4719 δὲ,
660 4653 754 4707 καὶ
780 4656 838 4707 ὲν
867 4653 1042 4725 φάτνῃ
1070 4649 1343 4721 κείμενος,
1370 4649 1429 4703 ού
1462 4647 1683 4719 λέληθεν
1711 4649 1812 4717 ἀγ⁴

212 4746 404 4817 γέλων
445 4742 627 4817 χορόν.
666 4738 1018 4816 Παρεμϐολαὶ
1052 4742 1111 4796 δὲ
1143 4741 1235 4795 ἐπὶ
1282 4743 1350 4812 τῇ
1404 4739 1499 4794 τοῦ
1550 4738 1812 4809 βασιλέως

211 4835 324 4891 τοῦ
375 4835 568 4898 αἰῶνος
615 4830 805 4905 εἰσόδῳ
840 4830 1159 4905 δορυφορεῖν
1206 4822 1616 4893 ἀπεστέλλοΨιο,
1655 4828 1812 4899 ὕμνοι

1904 3650 2209 3708 divinitatis
2239 3650 2451 3706 Domini
2475 3651 2647 3709 nostri
2682 3652 2892 3721 1022
2922 3650 3029 3706 vim
3064 3666 3128 3707 ac
3158 3660 3482 3722 potestatem

1906 3741 2076 3797 facit?
2108 3747 2203 3796 aut
2227 3757 2337 3813 qua
2382 3743 2436 3797 in
2471 3757 2531 3797 re
2569 3743 2816 3798 eamdem
2865 3743 3015 3796 illam
3052 3742 3161 3796 vim
3195 3742 3482 3797 sanctissi-

1906 3848 2009 3887 mae
2048 3833 2295 3889 mulieris
2329 3842 2520 3889 venter
2554 3833 2912 3889 obscuravit?
2955 3841 3050 3887 aut
3089 3832 3328 3904 Virginis
3365 3844 3485 3890 ute-

1909 3924 2043 3981 rus?
2070 3933 2164 3980 aut
2188 3936 2379 3996 partus
2415 3926 2594 3982 exitus
2659 3940 2723 3980 ac
2764 3926 3015 3981 meatus?
3063 3933 3157 3980 aut
3198 3925 3487 3997 Symeonis

1910 4016 2091 4070 nium?
2119 4024 2214 4070 aut
2238 4017 2521 4072 hominum
2543 4018 2832 4088 exceptio?
2865 4017 3047 4072 Mariae
3083 4019 3353 4089 gestatio?
3379 4034 3486 4075 me-

1912 4106 2129 4162 retricis
2152 4109 2498 4164 attrectatio?
2527 4111 2774 4166 mulieris
2796 4110 2999 4179 capilli,
3032 4111 3127 4179 qui
3156 4110 3301 4165 illius
3324 4111 3488 4180 pedes

1914 4197 2294 4267 contigerunt?
2322 4209 2414 4253 aut
2441 4200 2733 4270 Iacrymze?
2761 4208 2854 4253 aut
2878 4201 2971 4253 illa
3000 4200 3056 4254 in
3088 4200 3489 4255 monimentum

1913 4286 2221 4356 depositio?
2249 4288 2461 4359 Quippe
2508 4290 2706 4345 sindon
2747 4291 2859 4355 illa,
2898 4305 3023 4361 quae
3076 4292 3250 4360 ipsius
3287 4305 3492 4360 corpus

1915 4379 2173 4443 obvolvit,
2199 4379 2475 4435 sincerum
2506 4380 2662 4435 illum
2691 4388 2744 4436 et
2782 4383 3076 4451 integrum,
3108 4381 3189 4436 vel
3219 4396 3491 4437 summam

1915 4470 2064 4525 illius
2104 4476 2431 4539 potestatem
2476 4485 2741 4539 superare
2784 4471 3007 4537 minime
3041 4471 3239 4540 potuit.
3276 4469 3489 4525 Etenim

1915 4558 2157 4646 Joannes
2181 4574 2303 4614 cum
2336 4561 2391 4613 in
2418 4559 2613 4615 matris
2640 4568 2794 4617 utero
2825 4569 3158 4627 versaretur,
3195 4562 3265 4615 ob
3287 4562 3497 4632 ingres-

1918 4667 2039 4708 sum
2088 4651 2157 4706 ad
2209 4666 2330 4707 sese
2368 4650 2583 4707 Domini
2625 4654 2731 4719 sui,
2767 4669 2931 4723 quem
2982 4654 3138 4708 beata
3174 4652 3336 4723 Virgo
3371 4668 3496 4723 par-

1920 4741 2176 4806 turiebat,
2196 4756 2306 4812 prro
2320 4741 2504 4812 gaudii
2530 4743 2906 4813 magnitudine
2928 4744 3262 4799 subsultavit
3278 4743 3319 4796 ⁸.
3347 4743 3493 4799 I-Jem

1921 4849 2086 4903 porro
2116 4830 2381 4891 Dominus
2414 4834 2595 4890 editus
2627 4835 2684 4889 in
2735 4835 2933 4899 lucem,
2965 4842 3020 4889 et
3059 4834 3115 4889 in
3148 4835 3375 4904 prmsepi
3407 4835 3499 4903 ja«

217 4923 546 4987 ἐτελοῦντο,
604 4925 799 4996 εἰρήνη
864 4925 921 4977 ὲν
980 4925 1093 4988 τοῖς
1151 4920 1404 4993 ποιμέσιν
1461 4920 1790 4991 ἐκηρύττετο

1920 4941 2049 4980 cens
2089 4925 2158 4979 ab
2193 4927 2507 4997 angelorum
2544 4936 2627 4980 est
2666 4925 2833 4979 choro
2882 4926 3157 5003 cognitus.
3209 4925 3499 4980 Mittebau-

196 5018 403 5100 ’Ἀλλὰ
451 5018 502 5071 τί
535 5015 831 5088 ἠμαύρωσε
879 5015 977 5088 τὴν
1010 5011 1174 5067 αὐτοῦ
1219 5013 1480 5084 δύναμινς
1533 5013 1652 5065 Ἔτι
1700 5010 1811 5082 γὰρ

214 5110 382 5173 ὄντος
431 5107 596 5161 αὐτοῦ
659 5105 891 5177 βρέφους
942 5105 1038 5158 καὶ
1087 5103 1529 5175 βασταζομένου,
1586 5103 1813 5174 ἀστέρος

218 5201 335 5273 μὲν
359 5201 566 5270 γίνεται
595 5198 796 5268 σημεῖα
822 5194 932 5250 ἀπὸ
960 5195 1253 5263 ἀνατολῶν,
1306 5195 1491 5263 μάγων
1521 5192 1814 5264 παρουσία,

1920 5025 2008 5070 tur
2036 5024 2150 5070 tum
2179 5018 2431 5072 caelestes
2454 5017 2840 5079 illiexercitus,
2866 5017 2961 5085 qui
2992 5017 3309 5087 sempiterni
3333 5015 3499 5085 Regis

1920 5106 2229 5176 ingressum
2278 5107 2648 5177 apparitorum
2706 5122 2769 5161 ac
2796 5106 3093 5166 satellitum
3125 5122 3277 5161 more
3320 5108 3498 5177 stipa—

1841 5229 1849 5236 -
1921 5203 2061 5263 rent,
2095 5197 2442 5267 triumphalia
2487 5198 2730 5252 carmina
2774 5198 3232 5262 concinebantur’,
3281 5213 3386 5269 pax
3424 5200 3481 5251 in

217 5290 602 5366 προσκύνησίς
649 5307 710 5343 τε
757 5288 853 5343 καὶ
893 5287 1187 5359 δορυφορία
1219 5288 1261 5353 ί,
1300 5285 1673 5357 γραμματέων
1716 5283 1793 5356 ζὴ.

1925 5301 2090 5357 super
2112 5289 2429 5359 pastoribus
2475 5289 2852 5344 nuntiabatur.
2890 5286 3008 5356 Qua
3047 5289 3215 5361 igitur
3245 5290 3300 5343 in
3346 5304 3404 5343 re
3433 5289 3493 5341 il-

305 5412 409 5467 ‘F.
465 5411 793 5484 δωροφορία.
873 5407 1026 5484 ’Job
1083 5423 1180 5473 xu,
1234 5407 1321 5463 12.
1398 5403 1609 5461 ’Rom.
1645 5422 1743 5474 vn,
1789 5406 1876 5464 I8.

216 5487 244 5519 '
292 5485 430 5540 ibid.
467 5478 556 5538 I6:
624 5478 828 5535 ‘Luc.
868 5494 907 5544 ι,
942 5478 1032 5533 44.

1971 5407 1993 5438 δ
2026 5407 2197 5465 ICor.
2224 5425 2313 5475 xv,
2359 5409 2450 5465 55.
2528 5411 2549 5441 ⁸
2574 5408 2692 5465 Jac.
2721 5424 2764 5475 ι,
2786 5409 2877 5463 27.
2990 5410 3011 5442 θ
3046 5409 3063 5463 l
3098 5408 3227 5463 Cor.
3258 5422 3368 5471 xiv,
3413 5406 3502 5467 15.

306 5614 422 5688 (95)
459 5610 1141 5688 ’Arﬂpwm'afnﬂzodoxri.
1170 5610 1442 5688 Scriptum
1463 5617 1586 5688 erat
1604 5607 1793 5688 ἀνρρω

1921 5609 2178 5688 l_ibrarius
2229 5610 2574 5688 ἀνθρωπίνης
2621 5624 2811 5688 verum
2856 5623 2980 5688 esse
3022 5605 3303 5688 credidit;
3366 5619 3497 5663 nam

154 5737 167 5741 ,
217 5677 419 5758 πίνης,
461 5699 560 5755 pro
593 5677 702 5754 quo
757 5677 1075 5758 ἀνθρωπίνη
1107 5677 1313 5758 nescio
1335 5677 1813 5758 quissubstituit.

215 5746 493 5828 Legi—est
543 5746 724 5808 au'tem
756 5746 973 5824 Ἀννης,
1005 5746 1075 5805 ιη’
1114 5760 1201 5807 est
1252 5751 1311 5806 in
1353 5746 1547 5821 Regio.
1590 5746 1668 5803 Ex
1705 5762 1815 5818 quo

609 5846 884 5910 PATnOL.
926 5848 1042 5913 Gu.
1098 5846 1280 5913 XLII.

1919 5685 2087 5753 ἀννης
2123 5695 2223 5753 pro
2254 5680 2600 5753 ἀνθρωπίνης
2632 5680 2802 5739 scribi
2836 5680 3062 5734 assolet.

3107 5837 3187 5901 22
