3964 6398
533 331 639 389 683

1961 326 2020 384 s.
2062 325 2408 383 EPli‘llANll
2795 310 2808 316 ‘
3643 326 3728 388 εει

521 446 630 503 lius
657 455 745 502 est
774 445 1048 504 infuscata
1070 443 1368 515 majestas?
1391 440 1528 498 Nam
1561 456 1687 498 cum
1716 441 1896 499 adhuc
1920 442 2104 499 infans

2215 458 2366 513 τησις
2413 437 2643 510 βασιλεῖ,
2695 441 2728 510 ἡ
2773 439 2900 510 περὶ
2945 436 3108 491 αὐτοῦ
3157 435 3434 508 ἀπόκρισις
3465 437 3549 508 καὶ
3580 439 3730 510 ὁμολο-

520 550 706 604 esset,
759 549 812 593 et
873 537 1068 593 alienis
1124 521 1367 590 brachiis
1428 542 1793 606 gestarctur,_
1837 549 1990 590 nova:
2038 535 2108 590 ab

519 629 744 686 Oriente
779 629 950 684 stella:
1011 629 1318 700 prodigium
1353 628 1644 698 apparuit‘
1679 627 1865 697 :quod
1912 628 2106 684 subse-

519 731 682 777 cutus
731 721 993 791 deinceps
1040 736 1324 788 magorum
1383 720 1648 775 adventus
1677 761 1692 786 ,
1752 720 2001 775 adoratio
2049 726 2105 774 et

517 814 864 884 obsequium.
896 811 1035 866 Tum
1083 813 1153 866 ab
1188 828 1313 883 rege
1359 811 1500 866 facta
1540 827 1570 866 a
1619 810 1828 866 Scribis
1873 810 2104 880 inquisi-

518 909 617 971 tio,
643 904 1073 974 eorumdemque
1114 919 1439 974 reSponsum
1483 919 1547 958 ac
1608 903 1852 958 veritatis
1891 900 2106 957 confes-

518 999 623 1054 sio.
660 997 893 1066 Reliqua
923 995 1141 1050 demum
1185 995 1290 1048 alia
1325 1008 1448 1064 qua:
1485 998 1885 1061 consequenter
1939 1005 2107 1059 expo-

518 1097 749 1155 nuntur,
795 1088 927 1160 quid
975 1087 1248 1143 divinitati
1302 1087 1448 1140 illius
1492 1083 1712 1139 ofﬁcere
1763 1082 2107 1154 potuerunt?

520 1179 806 1247 Quodnam
843 1193 972 1234 vero
1007 1186 1066 1232 ut
1095 1177 1151 1231 in
1192 1176 1350 1231 nobis
1388 1174 1664 1239 usuveuit,
1699 1173 1885 1227 carnis
1913 1173 2102 1228 deten-

519 1274 620 1336 tio,
687 1273 833 1328 velut
880 1272 1314 1342 integumentum
1379 1268 1453 1321 illi
1501 1273 1566 1341 et.
1603 1265 1954 1320 involucrum
2009 1265 2110 1320 ob-

524 1364 722 1418 duxit?
769 1361 904 1416 Nam
949 1372 1004 1417 et
1047 1366 1425 1431 tempestatem
1462 1373 1587 1412 cum
1618 1358 1818 1420 ventis,
1864 1371 1928 1410 ac
1973 1356 2112 1410 mari

519 1453 850 1522 increpat”:
887 1466 986 1506 nec
1015 1450 1200 1504 divina
1241 1449 1388 1503 illius
1413 1455 1677 1518 potestas,
1713 1460 1838 1500 cum
1874 1443 1928 1498 id
1962 1443 2110 1514 quod

517 1553 731 1598 natura:
764 1557 878 1599 suae
908 1549 1340 1597 consentaneum
1371 1546 1456 1594 est
1486 1536 1743 1602 elliceret,
1771 1535 1957 1590 carnis
1981 1535 2090 1588 ulla

517 1636 848 1706 contagione
869 1633 1324 1705 praepediebatur.
1347 1633 1490 1698 Quin
1509 1631 1672 1686 etiam
1693 1645 1817 1684 cum
1839 1643 1937 1684 sua
1959 1628 2113 1682 carui

2211 534 2328 603 γία.
2366 535 2446 586 Τά
2491 533 2542 586 δὲ
2589 533 2723 586 ἄλλα
2753 533 2953 597 πάντα,
2991 533 3093 586 ὅσα
3125 532 3362 605 περιέχει
3407 533 3438 602 ἠ
3478 532 3730 599 ἀκολουθία,

2210 627 2264 681 τί
2307 625 2578 696 ἐνέσκηψε
2621 629 2685 698 τῇ
2718 625 2886 680 αὐτοῦ
2939 625 3186 695 θεότητι;
3237 626 3390 678 Ποῖον
3439 625 3734 696 ἐπικάλυμμα

2213 718 2393 789 ἔσχεν,
2427 718 2504 782 ὡς
2537 721 2594 772 ὲν
2625 719 2776 789 ἡμῖν,
2808 719 2841 788 ἡ
2882 717 3085 788 σαρκὸς
3115 717 3314 787 κατοχή
3342 731 3356 781 ;
3411 715 3639 786 Ἐπιτιμᾷ
3663 716 3735 785 μὲν

2210 809 2467 873 κλύδωνι,
2498 809 2593 862 καὶ
2623 811 2738 873 τοῖς
2782 808 3028 880 ἀνέμοις,
3062 808 3157 862 καὶ
3188 809 3251 878 τῇ
3284 807 3534 880 θαλάσσῃ,
3567 809 3645 860 καὶ
3663 809 3738 860 οὐκ

2210 902 2464 971 ὲπέχεται
2494 901 2601 955 ἀπὸ
2629 901 2730 970 τῆς
2775 899 2977 972 σαρκὸς
3023 900 3056 969 ἡ
3101 899 3200 969 τῆς
3248 897 3409 952 αὑτοῦ
3435 897 3655 970 θεότητος
3673 899 3738 950 δύο

2209 1011 2393 1064 ναμις,
2454 993 2782 1047 ὲπιτελοῦσα
2834 993 2896 1046 τὸ
2952 993 3095 1046 κατά
3157 993 3318 1062 φύσιν
3374 991 3467 1062 τῆς
3519 991 3737 1063 θεότητος.

2222 1085 2384 1139 Ἀλλά
2446 1085 2543 1138 καὶ
2587 1085 2752 1154 ὄγκου
2797 1086 2892 1138 καὶ
2926 1084 3126 1155 βάρους
3154 1085 3252 1155 τῆς
3291 1084 3482 1155 σαρκὸς
3517 1085 3740 1154 ὑπαρχού-

2216 1194 2336 1246 σης,
2368 1178 2429 1230 οὐ
2460 1177 2618 1249 βάρει
2661 1177 2964 1248 συνέχεται.
2999 1178 3302 1248 Περιπατεῖ
3326 1178 3432 1248 γὰρ
3458 1178 3526 1240 ὡς
3552 1177 3629 1229 ἐπὶ
3658 1178 3741 1239 τοῖς

2213 1267 2423 1334 ὕδασιν,
2459 1269 2536 1333 ὼς
2569 1270 2839 1340 ἄτρεπτος
2885 1269 3039 1334 Θεὸς,
3073 1269 3132 1322 ὲν
3180 1269 3341 1341 σαρκὶ
3381 1268 3474 1339 μὲν
3514 1267 3740 1338 ὑπάρχων,

2212 1361 2314 1413 οὐκ
2356 1361 2464 1414 ἀπὸ
2500 1362 2705 1433 σαρκὸς
2736 1360 2792 1413 δὲ
2840 1359 3244 1431 ἁλλοιούμενος.
3295 1358 3399 1412 Καὶ
3431 1358 3573 1412 καλεῖ
3598 1359 3740 1428 φωνῇ’

2211 1451 2460 1521 Λάζαρε,
2496 1453 2674 1522 δεῦρο
2704 1453 2820 1518 ἔξω
2839 1469 2853 1483 ⁸
2882 1453 2983 1506 οὐκ
3006 1451 3284 1506 ἀντίθετον
3314 1452 3448 1522 ἔχων
3473 1452 3562 1521 τὴν
3587 1451 3741 1520 σάρκα,

2213 1543 2332 1595 οὐδὲ
2363 1544 2462 1614 τῆς
2494 1543 2750 1617 θεότητος
2781 1545 2840 1600 ὲν
2873 1545 3036 1617 σαρκὶ
3071 1547 3137 1617 τῇ
3173 1545 3364 1618 τελείᾳ
3392 1543 3740 1618 ὲνανθρωπήςει

2214 1633 2638 1707 δεδουλωμένης.

515 1728 692 1784 moles
743 1727 1097 1798 gravitasque
1151 1731 1468 1788 constaret,
1530 1735 1879 1792 nequaquam
1929 1728 2112 1775 tamen
2153 1722 2268 1780 haec
2316 1727 2469 1782 illum
2511 1729 2758 1801 gravitas
2833 1728 3157 1784 retardavit.
3235 1727 3373 1784 Nam
3419 1741 3573 1799 supra
3615 1737 3746 1795 aquas

517 1821 874 1885 ambulavit’,
913 1823 991 1874 uti
1032 1817 1427 1873 immutabilem
1473 1815 1642 1872 Deum
1694 1830 1792 1885 par
1836 1821 1972 1879 erat,
2010 1818 2102 1884 qui
2151 1819 2231 1873 sic
2272 1819 2324 1874 in
2351 1837 2518 1878 carne
2554 1825 2899 1887 versabatur,
2933 1823 3080 1878 nulla
3158 1832 3214 1881 ut
3261 1825 3317 1878 in
3379 1823 3547 1893 ipsum
3589 1834 3646 1874 ex
3680 1816 3746 1871 illa

523 1913 759 1970 mutatio
809 1909 1166 1966 redundaret.
1212 1905 1402 1977 Itaque
1451 1913 1505 1960 et
1551 1911 1808 1959 contenta
1851 1919 1984 1958 voce
2032 1905 2114 1959 sic
2153 1909 2465 1966 exclamat:
2498 1911 2726 1977 Lazare,
2772 1917 2885 1969 veni
2909 1915 3120 1985 [οναεδ.
3156 1914 3214 1969 ln
3245 1931 3355 1987 quo
3417 1926 3618 1969 carnem
3669 1906 3748 1963 sibi

519 2011 913 2074 repugnantem
965 1997 1192 2050 minime
1222 2003 1307 2051 est
1346 2003 1639 2064 expertus;
1692 2008 1869 2061 neque
1907 1993 2167 2052 divinitas
2201 1998 2319 2070 ipsa
2369 2000 2424 2056 in
2499 2017 2684 2070 carne,
2757 2005 3111 2078 perfectaque
3155 2005 3398 2061 hominis
3455 2013 3631 2059 natura
3683 2014 3749 2054 re-

520 2093 709 2148 sidens
736 2092 884 2145 velut
917 2088 1182 2144 servitute
1211 2085 1447 2156 quadam
1475 2092 1562 2139 est
1601 2099 1889 2155 Oppressa.

589 2181 784 2238 XXIX.
826 2181 1131 2236 Possumus
1180 2190 1234 2234 et
1289 2179 1396 2233 alia
1438 2177 1721 2248 complura
1768 2177 2108 2233 subtexere:

2288 2177 2418 2233 KG’.
2448 2181 2560 2234 Καὶ
2603 2182 2773 2236 πολλά
2803 2184 2892 2254 μοί
2932 2185 3048 2238 ἐστι
3077 2183 3172 2238 τοῦ
3206 2184 3387 2254 λέγειν
3410 2201 3424 2214 ο
3455 2183 3575 2239 ἀλλά
3603 2184 3680 2237 καὶ
3701 2184 3750 2237 ὲκ

518 2277 666 2331 velut
700 2273 847 2344 quod
896 2289 928 2328 a
976 2272 1213 2328 mortuis
1246 2271 1521 2326 excitatus
1560 2278 1666 2332 est,
1717 2268 1866 2339 quod
1915 2267 2114 2323 infero-

517 2381 639 2419 rum
673 2366 914 2418 claustra
953 2361 1236 2433 perfregit,
1269 2360 1413 2430 quod
1443 2359 1786 2429 captivorum
1827 2374 2023 2429 agmen
2057 2361 2112 2413 in

516 2464 840 2528 potestatem
867 2454 1074 2525 redegit
1096 2462 1151 2508 et
1172 2451 1366 2508 eduxit
1387 2452 1406 2483 ⁵
1442 2490 1456 2514 ,
1483 2450 1629 2520 quod
1681 2452 1842 2505 tertia
1874 2451 1961 2505 die
1986 2465 2111 2504 cum

517 2563 685 2602 carne
718 2561 818 2601 sua
867 2544 1238 2611 sanctissima,
1288 2557 1506 2598 necnon
1543 2549 1597 2595 et
1630 2540 1842 2610 1023
1905 2541 2109 2604 anima,

516 2644 720 2704 mente,
762 2650 826 2690 ac
854 2642 969 2689 toto
993 2632 1231 2704 denique
1259 2647 1390 2688 vase
1419 2632 1538 2702 ipso
1589 2632 1857 2695 surrexit;
1889 2639 1944 2685 et
1986 2646 2114 2686 cum

517 2729 806 2784 divinitate
835 2725 1129 2796 copulatus
1149 2725 1314 2778 homo
1347 2723 1626 2794 perfectus
1651 2722 1886 2786 exstitit,
1919 2721 2116 2776 huma-

519 2836 765 2890 namque
797 2828 1050 2873 naturam
1083 2815 1153 2871 ad
1181 2815 1489 2871 divinitatis
1516 2815 1860 2870 consortium
1888 2815 2069 2870 evexit
2096 2833 2110 2870 :

518 2913 657 2968 adeo
693 2919 752 2966 ut
795 2925 944 2966 mors
970 2908 1078 2980 ipsi
1117 2923 1228 2963 non
1259 2907 1580 2963 dominetur
1619 2907 1856 2976 amplius
1875 2908 1916 2960 ⁸.
1946 2906 2116 2977 Igitur

518 3021 644 3061 cum
678 3005 969 3060 divinitate
1011 3001 1365 3072 coniunctus,
1411 3001 1560 3072 quod
1617 3016 1865 3057 crassum
1909 3009 2028 3055 erat
2062 3010 2115 3054 et

531 3106 850 3152 concretum
876 3135 891 3161 ,
949 3102 1114 3151 tenue
1155 3109 1220 3149 ac
1259 3093 1463 3149 subtile
1518 3092 1777 3158 reddidit,
1820 3101 1934 3146 tum
1987 3107 2112 3147 cum

518 3189 725 3245 clausis
766 3188 982 3253 foribus
1031 3188 1316 3258 ingressus
1366 3194 1490 3254 est;
1527 3193 1586 3241 et
1659 3201 1784 3240 cum
1826 3186 2109 3251 intrasset,

518 3296 742 3337 carnem
775 3289 830 3337 et
891 3294 1020 3337 ossa
1059 3278 1409 3344 monstravit,
1442 3285 1503 3332 ut
1532 3285 1588 3332 et
1623 3278 1920 3332 salutarem
1956 3291 2112 3334 suam

518 3374 818 3446 potentiam
850 3372 1189 3439 ostenderet,
1222 3380 1277 3428 et
1304 3371 1449 3442 quod
1475 3372 1592 3442 spei
1621 3379 1829 3426 nostra;
1858 3369 2116 3442 proposi-

522 3477 634 3522 tum
688 3474 773 3522 est
831 3466 1152 3526 exhiberet.
1197 3466 1532 3535 planumque
1578 3463 1784 3519 faceret
1834 3463 2019 3517 omnia
2080 3475 2110 3514 a

521 3559 703 3614 Verbo
732 3566 859 3628 post
888 3565 1202 3628 susceptam
1249 3558 1473 3613 c’arnem
1515 3571 1641 3611 esse
1671 3553 1936 3626 perfecta.
1971 3553 2112 3608 Prae-

518 3661 665 3706 terea
695 3648 888 3704 eodem
918 3648 1012 3703 illo
1039 3662 1272 3718 corpore
1299 3647 1590 3718 magnifice
1621 3647 1874 3703 sublatus
1920 3647 1974 3702 in
1999 3659 2112 3702 eaa-

518 3742 631 3794 lum
663 3739 730 3794 ad
774 3737 954 3794 Patris
985 3739 1267 3794 dexteram
1306 3737 1577 3805 consedit,
1629 3753 1742 3794 non
1791 3739 1934 3794 mole
1971 3753 2114 3808 pra;-

519 3839 780 3902 g-ravatus
825 3829 1098 3899 corporis,
1143 3835 1238 3883 aut
1265 3843 1398 3884 vero
1441 3842 1676 3898 corpore
1727 3828 1849 3900 ipso
1891 3829 2110 3900 penitus

520 3922 846 3988 exsolutus,
909 3920 1006 3978 sed
1058 3921 1203 3977 idem
1258 3922 1439 3993 ipsum
1487 3921 1737 3992 spiritale
1797 3923 2108 3978 suscitavit.

520 4017 676 4084 Quod
709 4017 754 4071 si
789 4025 1039 4071 nostrum
1076 4015 1208 4069 illud
1241 4029 1442 4085 corpus
1474 4017 1525 4070 in
1557 4017 1915 4086 corruptione
1945 4015 2111 4071 semi-

522 4115 708 4171 natur,
762 4106 937 4178 surgit
977 4106 1034 4160 in
1066 4106 1512 4176 incorruptione,
1561 4106 1866 4162 seminatur
1905 4121 2110 4179 corpus

523 4199 782 4264 animale,
809 4198 1056 4270 spiritale
1077 4211 1281 4270 corpus
1303 4198 1637 4254 excitatur':
1666 4204 1875 4268 quanto
1902 4197 1957 4254 id
1987 4213 2107 4252 ma-

522 4295 606 4366 gis
635 4294 705 4350 de
731 4293 999 4364 unigeniti
1029 4290 1152 4347 Filii
1180 4290 1272 4350 Dei
1308 4305 1542 4361 corpore
1579 4306 1678 4362 par
1701 4299 1786 4347 est
1814 4289 2114 4346 arbitrari?

523 4386 817 4459 Propterea
849 4385 997 4441 istud
1030 4384 1312 4455 impletum
1355 4391 1439 4439 est
1466 4401 1478 4437 :
1503 4381 1628 4437 Non
1671 4382 1822 4437 dabis
1867 4393 2108 4437 sanctum

525 4493 673 4537 tuum
704 4482 877 4538 videre
921 4485 1332 4550 corruptionem,
1377 4494 1540 4550 neque
1570 4477 1830 4549 relinques
1871 4480 2110 4533 animam

521 4592 692 4632 meam
740 4576 796 4630 in
844 4573 1054 4644 inferno
1075 4573 1119 4626 ⁸.
1161 4573 1340 4642 Atque
1380 4572 1505 4646 haec
1549 4570 1770 4642 quidem
1814 4572 1998 4625 omnia
2042 4569 2112 4626 de

521 4668 766 4740 perfecta
813 4665 1056 4722 hominis
1103 4673 1301 4718 natura
1333 4663 1402 4718 ab
1433 4663 1527 4718 illo
1563 4671 1817 4734 suscepta
1849 4677 1914 4718 eo
1945 4677 1976 4716 a
2024 4677 2111 4718 me

520 4763 800 4832 disputata
841 4766 988 4824 sunt,
1032 4773 1103 4813 ne
1145 4758 1234 4812 cui
1266 4757 1476 4812 veniret
1503 4757 1558 4810 in
1602 4763 1861 4819 mentem,
1899 4771 2000 4826 pro
2043 4769 2110 4810 eo

2218 2269 2428 2340 νεκρῶν
2477 2272 2798 2339 ἀνίσταται,
2837 2275 2932 2328 καὶ
2981 2275 3347 2347 ἀναμοχλεύει
3385 2274 3452 2330 τὰ
3486 2275 3594 2330 καθ’
3633 2275 3749 2347 ᾆδον,

2217 2361 2310 2414 καὶ
2339 2362 2474 2415 ἑλὼν
2501 2364 2770 2435 ἀνήνεγκε
2800 2366 2898 2438 τὴν
2925 2367 3329 2438 αἰχμαλωσίαν,
3366 2369 3456 2422 καὶ
3484 2367 3688 2430 ἀναστὰς
3707 2366 3752 2419 τὸ

2214 2455 2515 2527 τριήμερον
2545 2457 2601 2509 ὲν
2623 2458 2759 2530 αὑτῇ
2786 2462 2852 2531 τῇ
2883 2459 3016 2530 ἁγίᾳ
3039 2459 3222 2530 σαρκὶ,
3261 2460 3356 2513 καλ⁸
3386 2460 3523 2531 ψυχῇ
3547 2462 3605 2530 τῇ
3633 2457 3750 2528 ἁγίᾳ,

2216 2545 2311 2596 καὶ
2357 2545 2469 2615 νῷ,
2525 2546 2619 2600 καὶ
2653 2548 2817 2600 παντὶ
2862 2548 2940 2618 τῷ
2995 2547 3218 2612 σκεύει,
3260 2547 3357 2601 καὶ
3406 2549 3460 2602 ὲν
3493 2550 3552 2617 τῇ
3584 2545 3752 2613 θεότητι

2216 2635 2495 2706 ἡνωμένος
2523 2676 2538 2701 ,
2593 2636 2798 2701 τέλειος
2837 2639 3058 2707 γέγονεν
3121 2637 3410 2709 ἄνθρωπος
3438 2679 3452 2702 ,
3501 2633 3752 2694 συνενώσας

2215 2727 2314 2798 τὴν
2347 2726 2761 2798 ὲνανθρὼπησιν
2795 2729 2987 2782 ἑαυτοῦ
3011 2732 3074 2800 τῇ
3107 2729 3348 2800 θεότητι,
3381 2729 3596 2782 θανάτου
3623 2725 3753 2779 αὑτοῦ

2220 2819 2419 2891 μηκέτι
2450 2819 2816 2891 κυριεύοντος.
2861 2821 2940 2891 Τῇ
2979 2821 3036 2873 δὲ
3070 2821 3290 2891 θεότητι
3331 2815 3752 2892 συνηνωμένος,τδ

2218 2918 2535 2988 παχυμερὲς
2566 2917 2900 2988 λεπτομερὲς
2929 2916 3186 2982 ὲτελείου,
3219 2917 3587 2988 εἰσερχόμενος
3614 2912 3752 2982 θυρῶν

2217 3007 2642 3078 κεκλεισμένων,
2701 3008 2796 3061 καὶ
2835 3007 2973 3078 μετὰ
3021 3009 3120 3078 τὴν
3158 3008 3364 3062 εἴσοδον
3396 3007 3591 3069 δεικνὺς
3614 3004 3751 3074 σάρκα

2217 3099 2311 3152 καὶ
2337 3098 2518 3161 ὀστέα,
2549 3099 2636 3153 ἴνα
2663 3098 2721 3151 τὸ
2756 3101 3024 3170 σωτήριον
3059 3100 3158 3170 τῆς
3212 3100 3496 3171 δυνάμεως
3525 3097 3747 3166 ὑποφάνῃ·

2218 3191 2303 3244 ἵνα
2329 3191 2427 3263 τὴν
2461 3191 2618 3262 ἡμῶν
2650 3190 2842 3245 ἐλπίδα
2882 3191 3136 3264 ὑποδείξῃ
3163 3233 3176 3258 ,
3215 3192 3300 3245 ὅτι
3352 3192 3418 3246 τὰ
3467 3191 3624 3252 πάντα
3665 3188 3753 3239 t1:-

2215 3280 2441 3334 λείοισεν
2495 3280 2666 3334 ἐλθὼν
2699 3283 2728 3334 ὁ
2762 3281 2952 3351 Λόγος.
3016 3281 3127 3334 Καὶ
3177 3283 3233 3333 ὲν
3293 3281 3439 3352 αὐτῷ
3470 3279 3540 3350 τῷ
3582 3279 3754 3348 σώματι

2215 3372 2551 3442 ἀναληφθεὶς
2615 3373 2841 3440 ἐνδόξως
2890 3372 3142 3427 ἐκάθισεν
3167 3374 3224 3426 ἐν
3257 3373 3407 3444 δεξιᾷ
3437 3371 3526 3425 τοῦ
3562 3366 3751 3439 Πατρὺς.

2216 3464 2316 3517 οὐκ
2342 3466 2449 3518 ἀπὸ
2480 3465 2574 3518 τοῦ
2619 3465 2785 3534 δγκου
2821 3465 3142 3535 πιεζόμενος
3167 3506 3181 3529 ,
3227 3465 3332 3518 οὐκ
3371 3465 3521 3527 ὲκτὸς
3554 3459 3634 3515 τοῦ
3672 3456 3753 3510 σώ-

2217 3574 2387 3627 ματος
2417 3555 2675 3627 ὑπάρχων
2699 3597 2713 3621 ,
2744 3556 2805 3609 τὸ
2843 3556 2899 3610 δὲ
2942 3556 3102 3627 σῶμα
3146 3555 3516 3628 πνευματικὸν
3557 3552 3752 3622 ἐγείρας·

2215 3652 2278 3704 Εἰ
2310 3651 2373 3702 τὸ
2428 3651 2693 3721 ἡμέτερον
2737 3649 3023 3720 σπείρεται
3063 3651 3120 3703 ὲν
3152 3651 3332 3722 φθορᾷ
3357 3691 3372 3715 ,
3428 3647 3672 3719 ἐγείρεται
3711 3643 3754 3693 ὲν

2213 3741 2495 3813 ἀφθαρσίᾳ
2517 3758 2530 3772 ·
2563 3742 2846 3812 σπείρεται
2882 3740 3042 3811 σῶμα
3062 3741 3321 3812 ψυχικὸν,
3347 3741 3603 3812 ἐγείρεται
3632 3735 3756 3804 σῶμα

2214 3831 2603 3904 πνευματικόν’
2639 3831 2790 3902 πόσῳ
2823 3848 2888 3901 γε
2945 3832 3143 3902 μᾶλλον
3186 3832 3286 3886 τοῦ
3326 3827 3626 3904 μονογενοῦς
3653 3821 3754 3884 Υἱοῧ

2213 3925 2307 3979 τοῦ
2359 3924 2530 3992 Θεοῦ;
2576 3925 2668 3979 Διὸ
2706 3925 3096 3997 πεπλήρωται⁸
3143 3929 3225 3980 Οὐ
3249 3927 3467 3994 δώσεις
3498 3924 3594 3980 τὸν
3618 3919 3756 3974 ὅσιόν

2213 4033 2330 4072 σου
2376 4016 2525 4072 ἰδεῖν
2557 4015 2925 4087 διαφθορὰν,
2978 4017 3122 4072 οὐδὲ
3170 4018 3383 4086 ἐάσεις
3435 4017 3544 4087 τὴν
3583 4007 3757 4085 ψυχήν

2207 4125 2329 4179 μου
2363 4109 2452 4173 είς
2484 4106 2658 4175 ᾅδην.
2704 4106 2862 4160 Ἀλλὰ
2892 4105 3065 4162 ταῦτά
3103 4125 3192 4180 μοι
3231 4109 3414 4164 πάντα
3443 4107 3560 4180 περὶ
3589 4105 3672 4176 τῆς
3694 4113 3755 4152 τε·

2212 4200 2363 4266 λείας
2416 4199 2582 4253 αὑτοῦ
2626 4198 3092 4272 ὲνανθρωπήσεως
3140 4200 3398 4273 εἴρηται,
3440 4201 3520 4254 ἵνα
3552 4197 3616 4270 μή
3641 4206 3756 4253 τινες

2213 4291 2513 4364 νομίσωσι,
2548 4290 2634 4344 διά
2671 4290 2733 4344 τὸ
2766 4291 2945 4363 σάρκα
2974 4291 3136 4346 αὐτὸν
3190 4293 3534 4364 ἀνειληφέναι
3561 4285 3753 4344 τελείαν,

2217 4383 2292 4457 μὴ
2341 4383 2452 4455 ἄρα
2505 4382 2599 4436 καὶ
2644 4381 2712 4435 τὰ
2746 4381 2847 4452 τῆς
2882 4382 3084 4454 σαρκὸς
3118 4382 3293 4452 ἄλογα
3325 4382 3570 4456 ἔπραξεν.
3601 4373 3754 4434 Οὐδεὶς

2214 4477 2320 4550 γὰρ
2349 4475 2458 4528 τῶν
2490 4472 2732 4537 εὐσεϐῶς
2767 4473 3134 4527 πιστευόντων
3178 4475 3262 4539 είς
3294 4475 3456 4529 αὑτὸν
3486 4471 3625 4526 τοῦτο
3650 4466 3750 4524 νοεῖ.

2213 4569 2248 4639 ἢ
2278 4567 2448 4637 λέγει.
2480 4566 2544 4618 Εἰ
2572 4565 2628 4618 δὲ
2656 4564 2834 4629 οὐδεὶς
2869 4567 2981 4618 νοεῖ
3019 4564 3149 4635 περὶ
3179 4565 3346 4619 αὐτοῦ
3377 4565 3446 4618 τὰ
3474 4563 3564 4633 τῆς
3591 4551 3752 4627 σαρκὸς

2215 4661 2387 4729 ἄλογα
2445 4657 2827 4730 πεπραχέναι,
2877 4656 3001 4711 οὔτε
3049 4660 3118 4712 τὰ
3163 4659 3261 4713 τοῦ
3307 4659 3399 4715 νοῦ
3437 4658 3592 4724 ἄλογα
3623 4647 3753 4705 αὐτὸν

2217 4749 2578 4820 πεποιηκέναι
2609 4749 2872 4818 νοήσειεν.
2911 4749 3023 4802 Καὶ
3052 4749 3136 4802 ὅτι
3166 4749 3266 4819 μὲν
3301 4742 3512 4810 τελείως
3536 4733 3755 4811 ἐνηνθρὼ·

521 4855 670 4924 quod
707 4852 1008 4922 perfectam
1053 4865 1277 4906 carnem
1313 4849 1576 4915 induerit,
1615 4863 1679 4905 ea
1711 4848 1829 4919 ipsa
1864 4864 2105 4920 quoque,

2220 4859 2393 4914 πησεν
2423 4837 2593 4894 ὲλθὼν
2645 4841 2673 4893 ὁ
2718 4839 2914 4909 Λόγος,
2945 4839 3104 4893 τοῦτο
3141 4840 3325 4910 δῆλον.
3362 4838 3468 4894 Καὶ
3497 4834 3582 4887 ἐὰν
3616 4831 3755 4882 εἴπω⁹

521 4965 642 5018 (ιιιαι
683 4949 748 5001 ad
780 4962 1002 5001 carnem
1031 4946 1334 5018 pertinent,
1376 4942 1615 4999 absur‘da
1646 4943 2110 5014 abhorrentiaque

523 5039 869 5109 praestitisse.
912 5036 1084 5093 Nemo
1133 5039 1300 5102 enim,
1349 5035 1444 5108 qui
1484 5035 1706 5107 quidem
1759 5035 2012 5106 religiose
2044 5035 2112 5090 de

523 5133 615 5187 illa
653 5131 875 5193 sentiat,
906 5131 974 5185 de
1011 5146 1077 5186 eo
1116 5130 1386 5201 ejusmodi
1413 5130 1673 5200 quiddam
1709 5130 1894 5184 animo
1923 5129 2112 5184 conci-

523 5223 658 5293 piat,
710 5231 803 5274 aut
836 5219 1020 5275 verbis
1062 5221 1352 5290 exprimat.
1387 5219 1544 5287 Quod
1594 5221 1640 5276 si
1673 5235 1835 5276 nemo
1879 5227 1981 5285 est,
2018 5218 2112 5290 qui

523 5315 722 5372 rationi
754 5314 1028 5368 contraria
1058 5321 1113 5368 et
1145 5315 1386 5371 absurda
1419 5314 1510 5368 illa
1539 5313 1725 5369 carnis
1756 5311 1933 5368 oflicia
1967 5327 2111 5382 pra:-

521 5411 733 5466 stitisse
757 5408 908 5462 illum
940 5407 1239 5473 existimet,
1274 5424 1344 5465 ne
1377 5423 1440 5464 ea
1462 5406 1685 5478 quidem
1717 5420 1840 5478 quae
1866 5419 1895 5458 a
1926 5411 2111 5460 mente

520 5502 981 5572 proficiscuntur,
1039 5499 1246 5556 absona
1293 5510 1347 5556 et
1399 5499 1753 5556 abhorrentia
1808 5497 2108 5568 perfecisse

524 5591 803 5661 putandus
828 5598 933 5646 est.
957 5588 1078 5646 Jum
1114 5605 1240 5645 vero
1263 5587 1356 5644 Dei
1388 5587 1625 5644 Verbum
1657 5587 1902 5660 perfecte
1935 5586 2110 5642 horni-

2221 4933 2587 5011 μεντελείως,
2615 4932 2677 4984 οὐ
2700 4931 2794 4986 δύο
2820 4933 3088 5005 Χριστοὺς
3116 4931 3334 5004 ἔχομεν,
3351 4932 3409 4984 οὐ
3433 4929 3520 4983 δύο
3541 4920 3754 4996 βασιλέας

2219 5031 2383 5090 Υίοὺς
2410 5026 2568 5089 Θεοῦ,
2595 5024 2729 5079 ἀλλά
2752 5024 2842 5078 τόν
2876 5025 3040 5079 αὐτὸν
3072 5024 3206 5078 Θεὸν
3227 5066 3241 5089 ,
3279 5023 3370 5078 τὸν
3398 5020 3552 5076 αὐτὸν
3580 5011 3753 5081 ἀνθρω-

2220 5139 2352 5177 πον·
2391 5121 2490 5190 οὐχ
2539 5117 2613 5182 ὡς
2647 5120 2706 5172 ἐν
2763 5116 3036 5190 ἀνθρώπῳ
3096 5118 3378 5189 οἰκήσαντι
3406 5117 3448 5179 ⁹,
3493 5108 3596 5166 ἀλλ’
3621 5101 3750 5159 αὐτὸν

2218 5216 2338 5271 ὅλον
2373 5211 2692 5284 ὲνανθρωπή
2703 5227 2870 5263 σαντα
2895 5251 2908 5274 ,
2937 5210 3039 5264 οὐκ
3064 5210 3349 5282 ἄνθρωπον
3385 5208 3509 5261 ὄντα
3528 5245 3542 5269 ,
3571 5197 3750 5284 ἐλθόντα

2218 5309 2300 5371 είς
2329 5305 2614 5377 προκοπὴν
2656 5295 2946 5374 θεότητοξ,
2994 5302 3130 5357 ἀλλά
3165 5301 3295 5355 Θεὸν
3320 5301 3416 5360 ἀπ’
3444 5290 3662 5368 οὐρανῶν
3686 5283 3753 5377 ξλ·

2221 5376 2420 5466 θόντα,
2469 5397 2565 5451 καὶ
2631 5398 2711 5460 εἰς
2765 5395 2956 5449 ἑαυτὸν
3009 5395 3461 5464 ἀναπλασάμενον
3507 5386 3594 5456 τὴν
3643 5376 3752 5466 ἰδίαν

2217 5488 2631 5561 ὲνανθρώπησιν
2661 5485 2806 5540 κατά
2837 5485 2935 5557 τὴν
2963 5485 3131 5539 αὐτοῦ
3174 5485 3402 5554 δυνατὴν
3431 5477 3637 5544 θεότητα

2215 5555 2489 5654 λέγει,’ὅτι
2516 5555 2708 5650 Λόγος
2738 5555 2903 5648 σὰρξ.
2929 5579 3189 5650 ἐγένετο.
3217 5577 3288 5632 Τὸ
3317 5577 3394 5644 δὲ,
3425 5571 3597 5640 Λόγος
3622 5555 3750 5625 σὰρξ

593 5704 609 5734 ¹
640 5701 836 5778 aiam).
873 5718 933 5769 ιι,
967 5703 1156 5778 iusqq.
1278 5699 1410 5778 L_uc.
1449 5717 1566 5778 vnit,
1600 5701 1691 5778 ει.
1771 5699 2013 5778 ’dlatth.
2048 5715 2110 5752 ιιι

2334 5695 2377 5778 ,⁸
2392 5692 2560 5778 goat}.
2589 5707 2674 5778 τι,
2701 5692 2787 5748 45.
2866 5694 2886 5726 ⁸
2919 5691 3118 5765 Ephes.
3159 5709 3231 5761 tv,
3262 5689 3315 5746 8.
3391 5687 3412 5720 ⁸
3438 5683 3586 5741 Rom.
3612 5688 3674 5742 ﬂ,
3707 5664 3750 5722 9-

525 5772 542 5806 ⁷
571 5772 593 5828 Ι
633 5773 762 5825 Cor.
825 5764 929 5842 xv,
970 5764 1159 5828 42."
1194 5772 1342 5828 i’sal.
1379 5787 1468 5838 xv,
1502 5764 1568 5829 l0
1592 5791 1606 5840 ;
1629 5773 1746 5827 Act.
1779 5787 1842 5837 ιι,
1873 5772 1934 5827 51
1965 5788 1978 5838 ;
2011 5785 2108 5824 xm

2215 5770 2252 5824 5.
2334 5768 2354 5801 ’
2391 5764 2453 5822 F.
2487 5765 2811 5835 οἰκήσαντα.
