3964 6412
177 414 286 474 uss
781 414 1149 473 aovunsus
1182 409 1527 472 umnssss
1559 408 1686 469 LIB.
1728 395 1814 471 in.
1857 415 2019 471 τον.
2062 415 2203 471 ιι.-
2243 414 2513 470 turnus.
2552 411 2807 469 Lxxvu.
3330 407 3439 467 osa

181 526 446 596 ἐγένετο,
483 524 569 579 ἵνα
623 522 697 597 μή
734 540 880 589 τινες
925 526 1219 597 νομίσωσιν
1245 565 1262 591 ,
1295 526 1378 579 ὅτι
1421 525 1636 595 πρῶτος
1665 524 1760 579 ἅν-

1892 540 1987 579 lem
2017 538 2139 580 esse
2175 518 2378 578 (aetum
2422 536 2581 577 nemo
2614 536 2721 576 non
2767 517 3041 590 intelligit.
3080 516 3216 574 Cum
3248 511 3432 575 autem

180 616 401 687 θρωπος
454 612 552 687 ἦν,
591 617 686 670 καὶ
735 612 866 686 ἦλθε
919 617 1155 687 Χριστὸς
1198 617 1280 681 είς
1323 615 1628 688 ἄνθρωπον.
1661 612 1761 669 Διὰ

1892 615 2169 671 perfectum
2201 615 2455 678 dicimus,
2492 627 2607 667 non
2640 612 2781 668 duos
2828 610 3035 666 idcirco
3070 608 3322 667 Christos
3359 625 3445 667 as-

184 704 342 758 ¹τοῦτο
367 704 538 772 Λόγον
567 704 780 775 πρῶτον
808 703 966 771 ἔταξε
992 703 1053 757 τὸ
1079 703 1220 758 θεῖον
1246 696 1596 773 Εὑαγγέλιον.
1625 701 1764 758 Εἶτα

1892 707 2128 771 ιρι-ἰιηιιε,
2180 707 2263 760 vel
2293 705 2430 761 dites
2478 710 2636 774 reges
2680 700 2773 758 Dei
2824 700 3010 766 Fitios,
3056 702 3150 758 sed
3189 701 3445 758 eumdem

186 797 283 867 τὴν
317 796 496 867 σάρκα
530 794 912 865 ὡμολόγησεν,
948 797 1031 849 ὅτι
1086 795 1150 849 '0
1185 796 1375 865 Λόγος
1424 792 1585 864 σὰρξ
1636 793 1764 865 ἐγέ-

1892 794 2062 857 )eum,
2096 802 2151 849 et
2186 795 2439 849 eumdem
2471 794 2785 850 hominem:
2824 806 2932 847 non
2963 793 3083 848 ideo
3119 794 3262 865 quod
3297 793 3449 849 habi-

186 902 344 939 rero.
386 885 463 937 Οὐ
495 884 603 955 γὰρ
632 880 782 937 εἶπεν
806 924 821 951 ,
870 884 934 938 Ἠ
970 884 1107 955 σὰρξ
1157 884 1329 954 Λόγος
1379 886 1628 956 ἐγένετο,
1676 886 1763 939 ἴνα

184 975 338 1046 δείξῃ
362 976 577 1047 πρῶτον
602 974 775 1043 Λόγον
802 977 896 1029 ἀπ’
919 974 1165 1047 οὐρανῶν
1196 977 1441 1040 ἐλθόντα,
1469 970 1548 1041 είς
1573 976 1764 1032 ἑαυτὸν

187 1065 251 1118 δὲ
299 1068 680 1138 ὑποστήσαντα
710 1067 810 1139 τὴν
863 1068 1041 1140 σάρκα
1081 1066 1188 1122 ἀπὸ
1244 1068 1348 1140 τῆς
1400 1061 1615 1142 μήτρας
1667 1071 1766 1142 τῆς

1870 884 2000 939 tarit
2030 885 2085 939 in
2126 885 2366 950 homine,
2401 886 2499 943 sed
2532 887 2680 958 quod
2724 886 2842 957 ipse
2882 894 3029 943 totus
3063 887 3225 941 homo
3258 887 3332 943 sit
3365 885 3447 940 fa-

1871 981 2016 1030 ctus.
2049 973 2236 1045 Neque
2265 988 2429 1046 porro
2458 990 2668 1032 merum
2704 978 2858 1032 illum
2884 978 3158 1033 hominem
3187 990 3446 1049 progres-

1873 1065 2029 1120 sione
2067 1066 2301 1136 quadam
2349 1067 2419 1122 ad
2468 1066 2772 1124 divinitatis
2813 1068 3180 1124 conditionem
3223 1084 3449 1139 proces-

189 1156 352 1223 ἁγίας
387 1148 662 1227 Παρθένου
690 1197 707 1224 ,
736 1160 832 1213 καὶ
870 1161 1050 1213 πᾶσαν
1082 1157 1180 1230 τὴν
1229 1160 1646 1231 ὲνανθρώπησιν
1677 1176 1769 1213 τε·

1892 1156 2014 1212 tisse
2054 1157 2491 1213 credimuszsed
2536 1157 2708 1213 Deum
2756 1173 2787 1214 e
2816 1160 2958 1213 creto
2997 1152 3300 1228 delapsum,
3349 1173 3448 1228 pro

191 1244 351 1307 λείως
384 1245 465 1308 είς
494 1246 686 1300 ἑαυτὸν
719 1247 1187 1317 ἁναπλασάμενον.
1223 1247 1345 1301 Κάν
1381 1263 1442 1299 τε
1472 1246 1583 1319 γὰρ
1615 1246 1790 1316 εἴπῃ(

1892 1247 2178 1303 iivinitatis
2220 1262 2332 1303 suae
2387 1249 2664 1318 potentia,
2719 1260 2874 1304 suam
2921 1249 3025 1304 sibi
3078 1249 3317 1306 hominis
3369 1249 3454 1304 af-

206 1334 273 1388 '0
300 1334 490 1404 Λόγος
512 1335 671 1405 σὰρξ
699 1337 938 1407 ἐγένετο
960 1372 978 1403 ,
1013 1339 1111 1408 οὐχ
1162 1338 1244 1391 ὅτι
1296 1338 1508 1410 ἐτράπη
1542 1340 1573 1391 ὁ
1598 1338 1770 1406 Λόγος

1892 1337 2101 1394 inxisse
2130 1348 2400 1393 naturam.
2433 1337 2486 1393 id
2520 1340 2667 1409 quod
2697 1338 2996 1409 Scriptura:
3028 1338 3120 1393 illa
3157 1340 3325 1395 verba
3358 1339 3455 1396 de-

194 1427 277 1488 εἰς
326 1425 538 1495 σάρκα,
585 1428 679 1481 καὶ
718 1429 943 1496 γέγονεν
995 1427 1027 1480 ό
1066 1427 1237 1496 Λόγος
1279 1426 1446 1500 σὰρξ,
1507 1426 1605 1499 iii;
1656 1427 1772 1481 θεό-

1892 1431 2127 1484 :larant:
2163 1430 2387 1485 Verbum
2410 1448 2539 1486 caro
2567 1431 2769 1508 factum
2807 1438 2885 1485 est
2907 1433 2947 1485 ’.
2981 1429 3115 1498 Quae
3142 1430 3348 1488 idcirco
3380 1432 3455 1486 ita

194 1530 297 1585 της
353 1516 651 1588 μετεϐλήθη
705 1519 789 1582 είς
836 1519 1051 1589 σάρκαο
1104 1517 1242 1572 ἀλλὰ
1277 1520 1374 1573 σὺν
1434 1521 1500 1589 τῇ
1558 1518 1771 1590 θεότητι

1892 1530 2143 1592 :oncepta
2172 1530 2320 1585 sunt,
2352 1536 2421 1577 ne
2454 1524 2727 1594 quispiam
2758 1523 2860 1579 sibi
2893 1521 3035 1579 forte
3062 1514 3453 1595 persuaderet,

195 1603 361 1658 ιλαόε
392 1605 490 1677 τὴν
541 1606 678 1661 ἰδίαν
716 1607 882 1662 αὐτοῦ
920 1606 1331 1680 ινανθρώτιησιν
1373 1608 1544 1663 δλθὼν
1575 1611 1605 1663 6
1639 1610 1773 1674 Θεὸς

1892 1611 2117 1680 primum
2153 1610 2427 1668 hominem
2460 1614 2761 1679 exstitisse,
2798 1614 2852 1669 in
2882 1628 3119 1686 eumque
3154 1623 3343 1686 postea
3378 1617 3453 1671 in-

199 1696 398 1763 Λόγος.
1878 1702 2089 1759 fudisse
2137 1719 2198 1760 se
2247 1703 2548 1761 Christum.
2585 1704 2666 1761 Ob
2716 1705 2772 1759 id
2815 1704 3054 1761 Verbum
3105 1708 3285 1778 primo
3333 1708 3455 1764 loco

199 1796 616 1844 sacrosanctum
657 1789 1007 1861 Evangelium
1045 1792 1264 1862 posuit;
1310 1784 1508 1849 deinde
1541 1792 1674 1865 quid
1718 1793 1789 1849 de
1824 1796 2005 1851 carne'
2033 1795 2383 1865 profiteretur
2435 1795 2672 1866 subjecit
2712 1818 2725 1853 :
2768 1795 3015 1863 Verbum,
3074 1796 3272 1868 indu-it,
3333 1812 3458 1853 caro

200 1878 407 1948 [actum
453 1890 564 1935 est.
622 1880 835 1952 1m
859 1880 975 1937 Non
1023 1883 1183 1948 dixit,
1233 1882 1375 1939 Caro
1416 1882 1656 1940 Verbum
1717 1891 1802 1941 est
1870 1884 2037 1951 facta,
2073 1900 2184 1957 quo
2236 1887 2495 1941 nimirum
2554 1884 2791 1942 Verbum
2849 1886 3100 1958 inprimis
3146 1886 3459 1944 ostenderet

199 1975 561 2031 descendisse
586 1975 655 2031 de
690 1978 851 2043 caelo,
888 1973 1103 2047 sibique
1146 1990 1366 2035 carnem
1398 1990 1430 2034 ε
1471 1993 1630 2034 sacro
1658 1978 1906 2051 Virginis
1949 1989 2106 2037 utero
2145 1980 2450 2049 formasse,
2510 1988 2675 2047 atque
2727 1996 2943 2038 onmem
2986 1983 3044 2038 in
3113 1994 3236 2040 sese
3285 1982 3458 2053 perfe-

200 2076 297 2123 cte
356 2072 602 2122 naturam
650 2068 889 2123 hominis
921 2069 1282 2145 expressisse.
1328 2070 1465 2127 Cum
1514 2072 1660 2126 enim
1700 2074 1775 2127 ita
1816 2073 2079 2144 loquitur,
2118 2071 2345 2129 Verbum
2372 2088 2497 2128 caro
2526 2072 2731 2143 factum
2751 2080 2854 2139 est,
2879 2082 2988 2129 nun
3039 2068 3173 2131 illud
3228 2075 3458 2144 indicat,

204 2160 447 2217 Verbum
479 2161 535 2215 in
576 2175 800 2216 carnem
841 2161 1012 2217 fuisse
1041 2174 1391 2227 conversum,
1433 2173 1529 2218 aut
1562 2165 1619 2219 in
1656 2179 1776 2219 eam
1816 2167 2044 2221 omnino
2090 2167 2380 2232 transisse,
2435 2168 2551 2222 sive
2588 2165 2935 2223 divinitatem
2968 2164 3025 2222 in
3062 2176 3286 2224 carnem
3340 2185 3463 2227 esse

207 2262 495 2317 mutatam,
522 2268 714 2309 verum
743 2266 866 2308 cum
908 2253 1194 2313 divinitate
1230 2255 1473 2313 Verbum
1504 2262 1783 2329 propriam
1824 2258 2067 2315 hominis
2097 2261 2468 2329 assumpsisse
2491 2267 2766 2314 naturam.

280 2347 360 2400 Ν.
391 2342 498 2400 Καὶ
535 2344 903 2414 προέκοπτε,
937 2348 1100 2417 φησὶν
1124 2388 1138 2414 ,
1172 2348 1245 2403 ἐν
1293 2348 1499 2416 ἡλικίᾳ
1546 2349 1783 2417 Ἰησοῦς

1962 2348 2133 2407 XXX.
2167 2349 2308 2417 Quin
2350 2350 2513 2406 etiam
2539 2348 2872 2419 procedebat,
2899 2346 3097 2417 inquit,
3124 2340 3284 2403 Jesus
3308 2356 3463 2419 (etate

208 2436 313 2489 καί
340 2437 546 2506 σοφίᾳ.
608 2437 754 2511 ὀίδὲ
801 2438 929 2493 νοῦν
979 2439 1053 2509 μὴ
1099 2438 1241 2511 ἔχων
1292 2439 1632 2511 ἀνθρώπινον
1666 2443 1786 2507 πῶς

210 2525 518 2598 προέκοπτε
544 2543 561 2592 ;
592 2525 776 2590 καθὼς
803 2526 903 2598 ήδη
940 2542 1031 2598 μοι
1062 2529 1275 2599 εἴρηται
1295 2545 1310 2560 ·
1343 2528 1419 2592 ὡς
1445 2531 1538 2584 καὶ
1574 2548 1787 2601 μαρτυο

212 2618 301 2688 ρεῖ
347 2614 522 2686 τούτῳ
569 2615 647 2686 τῷ
694 2615 845 2687 λόγῳ
877 2619 907 2670 6
961 2616 1115 2686 ἅγιος
1167 2619 1261 2672 τοῦ
1320 2619 1455 2674 Θεοῦ
1503 2624 1788 2694 προφήτης

220 2706 450 2769 Ἡσαΐας
468 2708 664 2775 φήσας
682 2707 827 2762 Ἰδοὺ
855 2707 1119 2776 σωθήσει
1145 2711 1180 2763 ό
1205 2706 1346 2775 παῖς
1363 2726 1482 2779 μου
1503 2714 1537 2765 ὁ
1566 2713 1789 2782 ἀγαπη-

211 2798 337 2864 τὸς,
354 2799 445 2867 ἐφ’
469 2791 519 2863 ᾧ
535 2799 859 2869 εὐδόκησα.
890 2802 1000 2855 Καὶ
1027 2803 1178 2874 ὁρᾷς,
1207 2802 1291 2856 ὅτι
1312 2803 1373 2856 τὸ
1393 2804 1654 2875 συνήσει
1692 2806 1789 2859 ἐπὶ

210 2888 424 2943 τελείαν
455 2890 867 2963 ὲνανθρώπησιν
896 2892 1156 2964 (peperat;
1192 2893 1267 2946 Οὐ
1314 2894 1537 2952 δύναται
1567 2897 1678 2970 γάρ
1705 2914 1789 2963 τις

218 2981 453 3034 συνιέναι
480 2982 605 3036 νοῦν
645 2983 725 3055 μη
773 2982 945 3053 [xor
982 2982 1104 3039 οὔτε
1139 2986 1232 3041 tari
1262 2988 1330 3061 τῇ
1364 2988 1580 3060 θεότητι
1627 2990 1789 3045 τοῦτο

220 3069 536 3140 πληροῦται.
567 3074 682 3126 Οὐκ
704 3073 922 3144 ἐπιδεὴς
954 3074 1062 3146 γὰρ
1095 3076 1364 3142 συνέσεως
1388 3080 1423 3149 ἡ
1452 3076 1588 3133 οὖσα
1630 3081 1791 3135 αὑτο-

217 3159 466 3227 σύνεσις,
496 3161 621 3214 οὐδὲ
658 3162 929 3217 ἐπιδέεται
972 3167 1161 3234 σοφίας
1205 3169 1237 3237 ἡ
1285 3162 1419 3222 οὖσα
1454 3168 1783 3238 αὑτοσοφίαί

216 3250 353 3305 ἀλλὰ
371 3252 435 3305 τὸ
450 3253 715 3320 συνήσει
742 3255 836 3308 ἐπὶ
866 3256 944 3331 τῷ
977 3256 1054 3327 νῷ
1088 3258 1413 3331 ἀνθρωπίνῳ
1428 3259 1785 3329 λαμϐάνεται.

215 3341 391 3395 Πόθεν
426 3344 484 3396 δὲ
511 3344 722 3410 ἐπείνα,
751 3345 875 3414 λέγε
916 3364 1025 3417 μοι.
1064 3349 1128 3401 Εἰ
1169 3350 1269 3419 μὲν
1298 3350 1407 3421 γὰρ
1445 3350 1583 3422 σὰρξ
1629 3353 1790 3422 μόνον

214 3428 306 3504 ἦν,
342 3432 459 3497 πῶς
491 3433 723 3502 ἠδύνατο
755 3436 1056 3508 μνησθῆναι
1089 3439 1319 3509 πείνηςς
1361 3441 1457 3494 καὶ
1487 3442 1536 3493 εί
1570 3444 1634 3494 ὲκ
1680 3442 1787 3511 ψυ-

214 3522 320 3592 χῆς
365 3524 457 3576 καὶ
509 3523 758 3595 σώματος
781 3523 850 3597 ἦν
886 3529 1087 3599 μόνης,
1128 3531 1305 3600 ψυχῆς
1348 3532 1421 3602 μὴ
1457 3532 1686 3603 ἐχούσης
1727 3533 1790 3586 τὸ

215 3611 436 3682 λογικὸν
458 3614 550 3667 τοῦ
587 3615 700 3681 νοῦ,
732 3618 821 3671 τὸν
858 3618 1115 3691 λογισμὸν
1151 3624 1252 3692 τῆς
1283 3622 1747 3695 ὲνανθρωπήσεως
1769 3640 1785 3654 ο

216 3702 281 3755 οὐ
320 3702 411 3755 τὸν
440 3704 643 3772 φαῦλον
674 3706 816 3775 λέγω
834 3750 849 3773 ,
879 3684 1131 3764 ἁλλὰ-τὸν
1161 3684 1254 3765 ἐπὶ
1287 3716 1355 3784 τῇ
1387 3684 1601 3784 εὐλόγῳ,
1626 3684 1788 3786 χρείᾳ
1819 3684 1860 3741 C

214 3795 549 3865 τεταγμένον
577 3801 1009 3872 συμπρεπόντως
1036 3806 1101 3874 τῇ
1135 3804 1345 3874 θεότητι
1373 3821 1388 3836 θ
1417 3805 1532 3869 πῶς
1560 3807 1788 3877 ἠδύνατο

217 3886 495 3950 πεινόισαι,
523 3888 557 3958 ἦ
587 3889 929 3962 διανοηθῆναι
951 3897 1171 3959 πεῖναν;
1195 3894 1365 3948 Πόθεν
1388 3896 1445 3949 δὲ
1470 3896 1787 3969 λελύπηται,

214 3977 344 4046 λέγε
366 3994 475 4048 μοι,
507 3979 684 4051 ψυχῆς
715 3981 789 4052 μὴ
822 3983 1053 4055 ἐχούσης
1081 3985 1226 4049 νοῦν,
1257 3986 1352 4040 καὶ
1374 3987 1436 4040 τὸ
1460 3986 1788 4057 λογίζεσθαι,

214 4068 415 4137 ἀλόγου
441 4069 616 4141 ψυχῆς
645 4070 838 4142 οὔσης,
870 4073 903 4144 ἢ
939 4076 1141 4147 σαρκὸς
1173 4076 1385 4148 ἀψύχου
1415 4079 1619 4150 οὖσης;
1654 4080 1795 4133 Οὔτε

216 4156 327 4209 ὑπὸ
363 4157 537 4229 λύπην
564 4159 888 4227 ὑπέπιπτεν,
915 4161 1039 4216 οὔτε
1080 4166 1159 4228 είς
1182 4166 1441 4236 ἀθυμίαν.
1472 4168 1585 4221 Καὶ
1618 4168 1791 4222 πολλά

214 4248 368 4300 ἐστιν
396 4247 431 4302 ἃ
462 4247 569 4319 χρὴ
592 4251 740 4322 ἡμᾶς
775 4251 1189 4323 διανοουμένους
1224 4255 1441 4320 εἰδέναι,
1476 4256 1557 4310 ὅτι
1583 4257 1652 4311 τὰ
1698 4276 1791 4312 σο-

216 4339 451 4408 φιστικὰ
485 4342 714 4411 περιττὰ
743 4344 1018 4414 τυγχάνει,
1055 4346 1149 4399 καὶ
1193 4346 1416 4416 πλήττει
1446 4348 1645 4418 μᾶλλον
1667 4351 1794 4414 τοὺς

217 4429 363 4500 ὑπὲρ
395 4429 456 4483 τό
491 4430 610 4485 δέον
658 4432 1012 4505 βουλομένους
1042 4435 1367 4491 διανοεῖσθαι
1394 4479 1410 4504 ,
1441 4439 1533 4491 καὶ
1566 4439 1640 4509 μὴ
1694 4458 1793 4509 με·

216 4520 370 4589 τρεῖν
402 4522 626 4586 ἑαυτοὺς
662 4526 720 4577 ὲν
751 4524 831 4596 τῷ
865 4524 1046 4596 μέτρῳ
1081 4525 1161 4595 τῷ
1202 4528 1331 4598 ἡμῖν
1369 4527 1512 4581 κατὰ
1538 4529 1796 4599 παραίνε-

218 4627 308 4664 σιν
355 4611 627 4683 εἰρημένῳ
654 4614 766 4669 ἀπὸ
809 4614 904 4670 τοῦ
952 4616 1257 4685 ἁγιωτάτου
1300 4618 1622 4673 ’Δποστόλου
1648 4656 1664 4684 ,
1699 4618 1793 4673 τοῦ

215 4702 490 4771 φήσαντος
507 4743 522 4769 ,
554 4703 649 4773 Μὴ
678 4705 1074 4776 ὑπερφρονεῖν
1094 4709 1246 4777 παρὸ
1275 4708 1373 4763 δεῖ
1391 4709 1656 4778 φρονεῖν.

215 4806 459 4849 maerore
482 4797 729 4851 contrahi
771 4799 964 4867 potuit.
1004 4799 1226 4855 Suntet
1274 4801 1381 4855 alia
1430 4803 1648 4872 generis
1703 4802 1949 4872 ejusdem
2005 4803 2407 4874 quamplurima

1892 2449 1955 2488 ac
1980 2436 2244 2503 sapientia
2264 2436 2307 2489 '.
2334 2436 2494 2505 Atqui
2523 2434 2569 2489 si
2602 2434 2839 2488 humana
2865 2442 3044 2488 mente
3074 2441 3307 2499 careret,
3338 2451 3462 2505 pro-

1887 2526 2078 2581 cedere
2099 2527 2191 2597 qui
2226 2527 2403 2596 potuit
2425 2527 2449 2578 Υ
2469 2532 2528 2581 ut
2560 2539 2590 2579 a
2620 2524 2779 2579 nobis
2831 2534 2956 2579 ante
2988 2524 3325 2591 disputatum
3356 2532 3462 2581 est.

1888 2613 1989 2669 Cui
2020 2621 2077 2670 et
2128 2627 2356 2671 sanctus
2388 2614 2481 2669 Dei
2512 2614 2778 2684 prepheta
2812 2612 2984 2668 Isaias
3013 2614 3344 2684 astipulatur
3374 2615 3462 2670 his

1890 2704 2072 2759 verbis
2106 2722 2120 2760 :
2160 2703 2293 2758 Ecce
2327 2704 2583 2774 intelliget
2611 2716 2790 2759 servus
2826 2719 2971 2757 metu
2998 2701 3242 2771 dilectus,
3284 2704 3339 2759 in
3365 2720 3466 2775 quo

1893 2798 2029 2852 mihi
2076 2797 2255 2867 placui
2283 2797 2325 2854 ³.
2377 2796 2485 2854 Ubi
2523 2811 2626 2854 vox
2698 2799 2813 2863 illa,
2851 2798 3129 2869 intelliget,
3174 2797 3243 2852 ad
3290 2797 3465 2869 peric.

1892 2897 2039 2944 ctam
2073 2889 2316 2955 heminis
2333 2895 2588 2943 naturam
2630 2888 2888 2944 refertur.
2912 2888 3031 2943 Non
3070 2889 3217 2945 enim
3264 2888 3467 2945 intelli-

1892 2994 2021 3054 gere
2080 2981 2370 3052 quisquam
2422 2987 2622 3051 potest,
2677 2980 2784 3036 nisi
2835 2964 3018 3036 mente
3070 2981 3145 3037 sit
3186 2981 3468 3051 praeditus,
3560 2992 3575 3009 '

1891 3088 1996 3130 nec
2041 3072 2099 3128 in
2149 3072 2439 3129 divinitate
2481 3080 2665 3143 potest
2724 3072 2871 3127 istud
2918 3072 3155 3143 impleri.
3198 3070 3469 3138 Quoniam

1893 3180 1995 3220 nec
2052 3165 2406 3234 intelligentia
2452 3163 2701 3234 indiget,
2754 3172 2876 3233 qua:
2910 3162 3028 3237 ipsa
3085 3176 3184 3233 per
3220 3176 3344 3219 sese
3397 3164 3473 3219 sit

1894 3256 2293 3326 intelligentia;
2337 3266 2514 3323 neque
2547 3253 2819 3323 sapientia
2849 3267 2993 3323 opus
3021 3253 3208 3318 habet,
3241 3266 3364 3323 qua:
3384 3261 3470 3308 est

1893 3347 2010 3417 ipsa
2049 3346 2317 3416 sapientia
2365 3362 2379 3399 :
2427 3344 2573 3399 unde
2642 3342 2983 3414 intelligendi
3025 3343 3352 3398 vocabulum
3402 3344 3471 3397 ad

1897 3440 2190 3494 humanam
2246 3443 2479 3492 mentem
2526 3436 2842 3491 necessario
2884 3435 3137 3505 pertinet.-
3200 3435 3471 3491 Praeterea

1896 3529 2019 3584 volo
2049 3528 2181 3583 illud
2231 3526 2363 3581 mihi
2404 3525 2579 3583 dicas.
2623 3522 3079 3594 quemadmodum
3120 3523 3334 3577 esurire
3373 3538 3473 3593 po-

1895 3620 2086 3674 tuerit.
2142 3616 2277 3672 Nam
2326 3617 2373 3671 si
2428 3616 2565 3670 nihil
2609 3621 2809 3685 praeter
2837 3630 3055 3669 carnem
3090 3614 3302 3677 habuit,
3341 3628 3474 3684 quo-

1894 3710 2060 3765 modo
2103 3708 2264 3764 famis
2321 3705 2603 3763 recordari
2661 3700 2883 3777 potuit?
2938 3712 3034 3760 aut
3086 3705 3134 3760 si
3178 3719 3243 3760 ex
3290 3705 3474 3759 anima

1895 3800 2013 3855 sola
2040 3805 2327 3855 constaret
2383 3804 2440 3853 et
2479 3811 2731 3867 corpore,
2771 3798 2843 3851 ita
2875 3804 2937 3852 ut
2968 3795 3232 3851 facultate
3266 3796 3356 3851 illa
3385 3810 3475 3852 ca-

1895 3899 2043 3947 reret
2071 3890 2274 3954 anima,
2306 3903 2428 3959 quae
2461 3890 2673 3944 ratione
2711 3889 2938 3957 praedita
2969 3896 3072 3953 est,
3098 3887 3200 3942 hoc
3231 3894 3317 3942 est
3348 3902 3474 3957 pro-

1897 3981 2020 4050 pria
2061 3988 2244 4037 mente
2293 3979 2534 4035 hominis
2573 3988 2630 4035 et
2671 3979 3024 4051 intelligentia
3073 3980 3204 4050 (quo
3258 3979 3477 4035 nomine

1900 4088 2011 4127 non
2057 4072 2409 4141 depravatum
2471 4070 2619 4125 illam
2672 4071 2973 4141 signiﬁcari
3015 4070 3161 4137 volo,
3213 4070 3307 4126 sed
3353 4083 3477 4123 eam

1898 4177 2019 4233 qua:
2056 4162 2124 4216 ad
2175 4162 2437 4216 honestos
2484 4162 2611 4217 vitae
2655 4174 2792 4217 usus
2823 4160 3108 4230 officiaque
3151 4161 3473 4230 requiritur,

1899 4269 2127 4325 quaeque
2152 4254 2287 4309 nihil
2326 4255 2511 4319 habet,
2539 4253 2688 4323 quod
2713 4251 3063 4309 Divinitatem
3096 4267 3203 4306 non
3232 4252 3472 4318 deceat),

1901 4347 1994 4416 qui
2051 4346 2272 4402 tandem
2320 4347 2555 4411 esurire,
2597 4347 2679 4402 vel
2704 4344 2945 4402 esuriem
2978 4343 3222 4414 cogitare
3255 4341 3474 4412 potuit?

1900 4437 2100 4494 Dolore
2135 4453 2263 4494 vero
2285 4438 2562 4508 quomodo
2589 4436 2766 4509 potuit
2791 4435 2954 4500 attici,
2987 4435 3033 4490 si
3056 4435 3239 4515 anima
3290 4442 3473 4488 mente

1901 4545 1968 4585 ac
2020 4529 2385 4585 ratiocinandi
2441 4529 2705 4584 facultate
2732 4527 2994 4582 destituta
3037 4524 3222 4589 fuerit,
3273 4530 3334 4578 ut
3378 4530 3475 4578 aut

1899 4621 2131 4675 rationis
2175 4634 2369 4690 expers
2416 4628 2582 4681 esset,
2641 4624 2738 4673 aut
2785 4616 3025 4673 animam,
3068 4626 3200 4670 caro
3253 4613 3459 4668 nuiiam

1899 4711 2162 4767 haberet?
2206 4710 2363 4767 Certe
2391 4711 2438 4765 si
2461 4708 2732 4779 ejusmodi
2780 4706 2901 4772 fuit,
2951 4706 3142 4763 dolore
3185 4704 3335 4760 nullo
3367 4703 3454 4758 vel

2459 4819 2474 4855 :
2534 4800 2737 4872 quibus
2783 4800 2967 4855 animo
3032 4797 3466 4869 commetiensis,

214 4886 632 4956 intelligendum
659 4888 792 4943 illud
822 4889 979 4946 nobis
1007 4900 1129 4958 est;
1173 4891 1442 4961 ejusmodi
1477 4893 1852 4951 cavillationes
1914 4903 1971 4950 et
2004 4894 2271 4965 argutias.
2315 4894 2507 4949 inanes
2565 4907 2630 4947 ac
2691 4902 3131 4961 strpervacaneas
3195 4898 3341 4952 esse.
3398 4897 3458 4943 et

215 4977 289 5032 ad
330 4978 544 5032 illorum
595 4976 867 5035 l'eriendos
909 4982 1121 5036 animos
1167 4989 1414 5051 spectare
1448 4982 1653 5052 potius,
1707 4983 1801 5052 qui
1841 4983 1982 5037 ultra
2027 4998 2189 5053 quam
2226 4996 2323 5051 par
2370 4987 2458 5036 est
2504 4980 2699 5035 efferre
2746 4995 2805 5035 se
2848 4976 3209 5048 intelligendo
3255 4978 3470 5043 volunt,

215 5085 396 5139 neque
436 5084 494 5123 se
535 5084 600 5123 eo
641 5069 818 5124 metiri
855 5068 1074 5125 modulo
1131 5085 1194 5124 ac
1221 5084 1497 5135 mensura,
1527 5070 1594 5123 ad
1622 5087 1785 5141 quam
1829 5088 1930 5127 nos
1963 5071 2345 5127 sanctissimus
2406 5070 2659 5123 hortatur
2714 5067 3031 5149 Apostolus,
3082 5082 3207 5122 cum
3240 5069 3323 5123 sic
3367 5068 3474 5123 ad-

213 5168 445 5217 monet:
481 5158 561 5213 Ne
598 5158 865 5228 sapiamus
905 5167 1252 5227 praeterquam
1290 5157 1429 5229 quod
1459 5169 1661 5228 oportet
1707 5176 1889 5230 sapere
1912 5154 1955 5217 ⁸.
3389 5164 3396 5178 ‘

291 5251 419 5306 ΛΝ.
449 5252 678 5323 Φέρουσι
707 5248 764 5303 δὲ
788 5251 920 5320 ἡμῖν
969 5249 1062 5301 καὶ
1086 5247 1256 5312 λέξεις
1297 5248 1468 5314 τινὰς,
1499 5250 1604 5314 ὅτι,
1637 5250 1790 5320 φησι,

1978 5248 2190 5322 1025
2237 5249 2430 5306 XXXI.
2470 5251 2683 5307 Atenim
2713 5250 3006 5304 nonnullas
3039 5248 3340 5321 Scriptura:
3372 5264 3475 5304 no-

222 5340 420 5412 Ἡμεῖς
443 5341 510 5395 δὲ
532 5342 682 5397 γοῦν
708 5339 963 5410 Χριστοῦ
982 5338 1218 5409 ἐχομεν.
1247 5340 1354 5393 Καί
1377 5358 1560 5410 φασιν·
1612 5342 1795 5411 Ὁρᾷς,

212 5436 302 5489 ὅτι
331 5433 423 5488 τοῦ
450 5432 683 5505 Χριστοῦ
714 5433 742 5485 6
775 5431 899 5494 νοῦς
927 5430 1112 5501 ἔτερος
1163 5429 1315 5501 παρὰ
1350 5432 1440 5487 τὸν
1475 5431 1747 5504 ἡμέτερον
1778 5450 1793 5500 ;

212 5525 333 5581 Καὶ
377 5524 423 5578 ὢ
451 5524 617 5596 πολλὴ
653 5523 762 5578 τῶν
794 5520 1094 5594 ἀνθρώπων
1141 5520 1435 5594 ὰφελότηςί
1497 5523 1621 5577 Ὅτι
1655 5525 1735 5588 εἰς
1767 5524 1795 5578 ὅ

213 5615 481 5690 ἑκάτερος
507 5616 756 5688 βούλεται
785 5613 954 5669 κλίνει
973 5631 987 5646 ·
1015 5613 1110 5669 καὶ
1134 5614 1191 5669 ὲν
1219 5604 1264 5683 ᾧ
1286 5613 1435 5669 δοκεῖ
1457 5614 1813 5688 σοφίζεσθαι,¹

1902 5343 1986 5399 bis
2037 5345 2395 5401 auctoritates
2440 5343 2726 5413 objiciunt.
2775 5343 3097 5413 Cujusmodi
3149 5343 3296 5398 istud
3346 5353 3472 5396 est:

1904 5433 2019 5489 Nos
2054 5442 2229 5489 autem
2256 5445 2475 5490 mentem
2501 5435 2701 5490 Christi
2726 5434 3048 5492 habemusf.
3082 5433 3149 5487 Et
3175 5453 3189 5489 :
3217 5432 3473 5499 Videsne,

1867 5524 2177 5595 ,inquiunt,
2210 5522 2414 5582 Christi
2455 5534 2691 5582 mentem
2724 5541 2755 5581 a
2785 5534 2974 5581 nostra
3007 5538 3131 5581 esse
3159 5521 3474 5578 diversam?

1902 5615 1947 5672 Ο
1970 5617 2258 5673 mirificam
2306 5616 2590 5673 hominum
2638 5616 3010 5690 imperitiam!
3053 5612 3191 5669 Nam
3219 5611 3289 5670 ad
3324 5610 3470 5683 quod

296 5768 316 5799 '
347 5764 505 5822 Joan.
541 5781 578 5829 ι,
617 5766 702 5820 ii.
778 5766 798 5798 ²
832 5764 964 5822 Luc.
991 5780 1051 5835 ιι,
1086 5764 1175 5822 52.
1254 5764 1276 5798 ⁸
1304 5761 1409 5823 lsa.
1442 5767 1576 5835 xui,
1610 5767 1662 5822 i.
1741 5765 1790 5820 δ]

1892 5781 1942 5821 n.
1977 5784 2074 5837 xu,
2115 5767 2169 5825 ὅ.
2244 5765 2452 5841 'lCor.
2489 5782 2553 5836 ιι,
2593 5766 2680 5824 16.
