3964 6396
513 367 616 424 687

1942 358 2007 412 S.
2042 349 2384 408 EPIPIIANII
3644 355 3728 413 688

513 485 714 552 cuique
744 482 958 538 libitum
988 487 1073 539 est
1121 479 1420 552 Scriptura:
1468 491 1754 536 sermones
1786 476 2101 531 accommo—

2212 467 2409 538 μᾶλλον
2446 465 2660 539 ἰδιώτης
2691 467 3029 540 εὑρίσκεται.
3074 466 3262 540 ἠμῶν
3288 466 3393 541 γὰρ
3424 468 3580 525 ὄντων
3617 471 3732 526 ista»

517 580 611 630 dat
637 593 650 628 :
679 581 732 628 et
763 573 816 626 in
844 587 952 642 quo
978 569 1217 626 callidus
1241 577 1298 625 et
1330 576 1560 640 argutus
1603 582 1728 624 esse
1766 563 2004 628 videtur,
2047 563 2104 616 in

517 681 584 720 eo
621 665 741 734 ipso
793 661 948 718 rudis
1006 669 1172 732 atque
1221 661 1512 731 imperitus
1563 658 1830 715 cernitur.
1893 654 2103 709 Etenim

516 758 662 830 quod
699 757 767 811 ad
811 771 915 811 nos
952 754 1172 821 attinet,
1201 754 1297 823 qui
1328 751 1568 822 imperiti
1601 763 1856 837 sermone
1887 759 2102 808 sumus,

516 867 628 907 non
667 846 926 912 scientia,
960 845 1038 898 uti
1079 845 1351 913 scriptum
1383 849 1466 896 est
1499 841 1538 906 ',
1579 835 1784 910 quique
1809 847 1863 892 et
1890 835 2103 892 medio-

518 961 642 1001 cres
697 940 992 998 admodum
1049 952 1267 1001 sumus,
1320 944 1373 990 et
1422 932 1737 990 istiusmodi
1791 929 2101 992 hominum,

519 1038 611 1109 qui
644 1036 712 1090 ab
739 1033 1052 1090 eruditione
1085 1027 1422 1100 paratissimi
1459 1032 1609 1088 sunt,
1643 1022 1979 1077 admiramur
2019 1019 2105 1074 in-

519 1131 700 1202 genia.
736 1127 920 1182 animo
961 1111 1812 1188 vehementer'ohstupescimus,
1854 1112 2002 1185 quod
2035 1113 2105 1166 ad

521 1223 740 1276 inanem
815 1232 878 1272 ac
920 1214 1256 1286 pertinacem
1286 1225 1446 1266 suum
1477 1209 1642 1264 istum
1674 1221 1920 1263 errorem
1951 1219 2104 1260 assc-

520 1311 841 1373 verandum,
890 1308 1044 1362 illum
1088 1303 1313 1361 omnino
1359 1300 1659 1372 Scriptura:
1695 1298 1876 1354 locum
1908 1294 2105 1350 aIl'erre

520 1420 629 1460 non
671 1401 1064 1464 dubitaverint,
1111 1411 1235 1451 cum
1266 1411 1336 1450 ne
1369 1394 1652 1448 minimam
1684 1391 1905 1461 quidem
1945 1389 2105 1443 istius

521 1492 793 1566 dogmatis
853 1488 1306 1560 significationem
1335 1483 1554 1540 habeat.
1591 1480 1707 1536 Nos
1733 1481 1896 1547 enim,
1929 1478 2107 1550 inquit

515 1587 832 1659 Apostolus,
880 1582 1080 1639 Christi
1129 1587 1354 1635 utentem
1411 1576 1686 1632 habemus.
1726 1574 1893 1645 Igitur
1922 1574 1942 1604 ²
1971 1571 2104 1643 quid

517 1679 740 1733 tandem
780 1676 1036 1732 Christus
1072 1673 1167 1738 sit,
1210 1671 1532 1740 Christique
1561 1685 1718 1724 mens
1751 1668 1819 1724 de
1847 1666 1956 1722 illis
1981 1681 2106 1737 per-

518 1769 728 1826 contari
768 1784 868 1824 nos
895 1773 1131 1839 Oportet.
1166 1764 1280 1820 Iloc
1305 1762 1525 1834 quidem
1557 1762 1613 1816 in
1653 1763 1774 1816 loco
1805 1759 1952 1814 aliud
1976 1772 2102 1814 esse

515 1865 820 1927 Christum,
879 1859 1024 1914 aliud
1081 1856 1289 1912 Christi
1335 1855 1702 1920 divinitatem,
1738 1850 1996 1907 arbitrari
2045 1864 2106 1908 se

518 1958 920 2012 demonstrant.
980 1951 1060 2006 Ac
1109 1949 1157 2006 si
1214 1948 1415 2005 mentis
1457 1949 1579 2004 loco
1617 1947 1899 2002 Christum
1955 1944 2106 1999 acci-

517 2047 694 2117 piant,
723 2043 1006 2100 Christum
1057 2055 1188 2096 vero
1233 2040 1405 2095 solam
1445 2053 1476 2093 a
1514 2039 1736 2095 Christo
1784 2044 2100 2108 susceptam

519 2137 760 2192 hominis
786 2143 1038 2190 naturam
1067 2131 1362 2203 appellent,
1408 2130 1464 2186 in
1503 2129 1668 2184 aliam
1701 2145 1804 2185 nos
1837 2128 2104 2200 quaestio-

516 2243 640 2283 nem
673 2225 995 2296 conjiciunt.
1049 2221 1208 2290 Quod
1265 2221 1434 2292 igitur
1490 2226 1616 2290 post
1669 2220 2102 2275 incarnationem

515 2321 611 2375 Dei
643 2317 887 2374 Verbum
919 2330 983 2370 ac
1039 2314 1133 2370 Dei
1169 2312 1342 2370 Filius
1374 2313 1707 2377 declaretur,
1738 2311 2093 2383 perspicuum

515 2421 639 2481 est;
683 2426 749 2466 ac
792 2407 1012 2464 tametsi
1046 2407 1313 2463 nonnulla
1358 2406 1426 2462 de
1472 2421 1531 2462 ea
1578 2406 1895 2462 testimonia
1948 2411 2105 2460 ante-

519 2505 811 2567 cesserint,
848 2500 1050 2572 quibus
1086 2500 1171 2556 vel
1211 2506 1338 2554 ante
1371 2499 1807 2554 incarnationem
1845 2496 2103 2552 Christus

517 2594 778 2667 appellari
811 2593 1050 2656 videtur,
1088 2591 1144 2645 in
1173 2591 1294 2661 ipsa
1323 2589 1684 2646 nihilominus
1716 2590 2101 2646 incarnatione

519 2689 892 2757 complentur.
964 2683 1238 2738 Caeterum
1302 2697 1480 2752 neque
1539 2681 1802 2737 divinitas
1861 2680 1929 2736 ab
1985 2681 2107 2751 ipsa

515 2781 723 2838 Christi
758 2778 1124 2851 appellatione
1159 2774 1484 2838 secluditur,
1521 2790 1699 2845 neque
1744 2775 1892 2832 illius
1924 2775 2108 2830 incar-

516 2884 669 2930 natio
699 2886 750 2929 et
801 2873 1041 2927 humana
1087 2877 1344 2939 suscepta
1388 2876 1585 2922 natura
1640 2868 1761 2924 sine
1803 2867 1898 2922 tali
1951 2883 2108 2922 voca-

519 2967 650 3023 bulo
705 2964 1070 3022 nominatur:
1106 2962 1252 3017 velut
1305 2961 1360 3015 in
1412 2961 1506 3015 illo
1561 2961 1681 3016 loco
1724 2967 1986 3015 constat:
2024 2957 2109 3014 Ne

517 3062 716 3114 dixeris
753 3060 806 3112 in
840 3056 996 3111 corde
1028 3065 1117 3110 tuo
1152 3071 1170 3109 :
1214 3054 1347 3120 Quis
1385 3054 1623 3110 ascendit
1664 3055 1718 3108 in
1749 3054 1982 3108 caelum?
2009 3052 2107 3109 hoc

2205 557 2314 612 τῶν
2342 556 2420 629 τῷ
2445 558 2590 628 λόγῳ
2609 599 2624 625 ,
2666 559 2783 612 ἀλλ’
2812 559 2873 611 οὑ
2907 562 2975 630 τῇ
3014 559 3212 628 γνώσει
3230 602 3245 626 ,
3297 560 3435 614 κατὰ
3469 560 3524 614 τὸ
3549 564 3734 633 εἰρημέ-

2206 667 2317 715 νον,
2346 649 2593 721 βραχέων
2618 649 2674 704 δὲ
2715 651 2919 722 σφόδρα
2951 652 3140 720 ὄντων,
3176 651 3548 722 θαυμαζόντων
3573 655 3622 707 δὲ
3649 656 3735 708 τῶν

2205 743 2464 797 τοιούτων
2510 743 2814 815 ἀνθρώπων
2834 783 2849 809 ,
2881 744 2977 797 καὶ
2999 744 3105 796 ἀπὸ
3133 743 3304 812 λόγων
3333 743 3644 815 ὁρμωμένων
3665 744 3737 798 τὸν

2206 833 2331 888 νοῦν
2357 875 2372 900 ,
2417 835 2653 906 ἀπορίας
2695 835 2827 906 ἡμῖν
2880 834 3216 898 κατάστασις
3248 835 3371 905 περὶ
3418 834 3512 904 τὴν
3541 833 3738 888 διάνοιαν

2209 926 2494 998 συμϐαίνει
2519 967 2532 992 ,
2564 927 2647 980 ὅτι
2699 926 2760 980 τὸ
2794 927 2956 997 ῥητὸν
3003 927 3165 981 τοῦτο
3201 929 3280 990 εἰς
3314 927 3631 996 παράστασιν
3660 926 3739 995 τῆς

2207 1018 2465 1090 τοιαύτης
2499 1017 2677 1072 αὐτῶν
2737 1018 2924 1082 ἁπλῶς
2979 1019 3157 1090 άργῆς
3214 1019 3534 1089 φιλονεικίας
3563 1018 3741 1088 λαμῦάο

2207 1129 2386 1165 νουσιν
2437 1112 2604 1176 ὅλως,
2638 1111 2733 1166 τοῦ
2784 1111 3111 1183 πράγματος
3166 1112 3241 1184 μὴ
3291 1111 3502 1183 ἔχοντος
3544 1111 3741 1181 ἔμφασιν

2207 1203 2666 1258 ἐπικοινωνοῦσαν
2724 1207 2790 1278 τῇ
2847 1204 3075 1278 τοιαύτῃ
3135 1205 3335 1276 σχέσει.
3399 1203 3592 1274 Ἥμεῖς
3636 1205 3740 1273 γὰρ,

2208 1295 2372 1367 φησὶ,
2421 1296 2573 1350 νοῦν
2599 1297 2861 1365 Χριστοῦ
2889 1299 3128 1368 ἔχομεν.
3162 1298 3228 1351 Τί
3253 1297 3310 1351 δὲ
3334 1297 3440 1368 ἄρα
3466 1297 3546 1368 εἴη
3574 1297 3600 1348 ὁ
3633 1298 3742 1367 Χρι-

2211 1387 2336 1451 στὸς
2357 1427 2371 1452 ,
2403 1388 2534 1460 παρ’
2565 1389 2751 1452 αὐτοῖς
2779 1390 3080 1463 ἐρωτητέω
3107 1430 3123 1456 ,
3173 1390 3207 1461 ἦ
3253 1392 3282 1442 ὁ
3310 1389 3434 1453 νοῦς
3465 1389 3676 1461 Χριστοῦ
3699 1389 3744 1442 τί

2210 1481 2317 1554 ἄρα
2351 1481 2460 1553 εἴη.
2504 1482 2771 1537 Ἐνταῦθα
2812 1482 2868 1536 δὲ
2900 1484 3288 1552 ὑποφαίνουσιν
3314 1483 3500 1554 ἕτερον
3523 1483 3606 1537 τὸν
3637 1483 3746 1553 Χρι-

2211 1576 2335 1628 στὸν
2364 1571 2504 1628 εἶναι
2531 1577 2850 1645 νενοηκότες
2875 1615 2890 1640 ,
2920 1577 3014 1630 καὶ
3058 1576 3249 1647 ἑτέραν
3281 1576 3379 1647 τὴν
3407 1573 3564 1629 αὑτοῦ
3594 1574 3746 1645 θεότη-

2209 1685 2296 1721 τα.
2328 1668 2392 1721 Εἰ
2431 1667 2540 1740 γὰρ
2563 1667 2682 1722 ἀντὶ
2715 1668 2811 1720 τοῦ
2836 1667 2927 1722 νοῦ
2951 1667 3042 1722 τὸν
3071 1668 3303 1739 Χριστὸν
3329 1667 3745 1739 ὑπολαμϐάνωσι,

2211 1760 2446 1831 Χριστὸν
2475 1760 2534 1813 δὲ
2571 1759 2670 1831 τὴν
2701 1759 2966 1831 ἔνσαρκον
3017 1761 3184 1831 μόνην
3222 1760 3460 1831 Χριστοῦ
3488 1758 3748 1832 παρουσίαν

2207 1851 2602 1923 ὀνομάζουσιν·
2655 1853 2767 1927 ἄρα
2798 1851 2960 1906 πάλιν
3007 1854 3088 1916 εἰς
3140 1852 3335 1924 ἑτέραν
3381 1851 3595 1922 ζήτησιν
3630 1851 3749 1921 ἡμᾶς

2207 1945 2362 2013 ἄγειν
2397 1944 2717 2016 πειρῶνται.
2748 1945 2861 1999 Καὶ
2887 1944 2970 1998 ὅτι
3003 1945 3102 2016 μὲν
3126 1939 3219 1998 οῦν
3258 1943 3367 1998 άπὸ
3397 1944 3495 2015 τῆς
3520 1943 3748 2014 ὲνσάρκου

2207 2035 2513 2106 παρουσίας
2563 2035 2696 2100 Θεὸς
2733 2037 2906 2105 Λόγος
2960 2039 3054 2092 καὶ
3104 2037 3233 2102 Υἱὸς
3300 2037 3397 2091 τοῦ
3441 2037 3568 2091 Θεοῦ
3609 2038 3752 2108 ἑρμη-

2208 2127 2422 2182 νεύεται
2447 2168 2462 2194 ,
2505 2127 2664 2198 δῆλον
2685 2145 2698 2158 ·
2735 2129 2783 2182 εί
2831 2129 2925 2183 καὶ
2955 2129 3194 2202 προῆγον
3225 2130 3356 2201 περὶ
3389 2129 3549 2184 αὑτοῦ
3577 2143 3751 2201 μαρτυ-

2210 2218 2347 2292 ρίαι,
2383 2218 2476 2272 τὸν
2523 2219 2761 2290 Χριστὸν
2793 2219 2959 2273 αὐτὸν
2983 2219 3268 2273 καλεῖσθαι
3295 2220 3392 2275 καὶ
3428 2220 3533 2292 πρὸ
3556 2220 3644 2290 τῆς
3683 2220 3754 2271 ὲν-

2210 2311 2412 2382 σάρκου
2447 2311 2749 2383 παρουσίας
2773 2350 2790 2377 ,
2826 2313 2884 2365 ὲν
2923 2313 2989 2382 τῇ
3040 2312 3314 2383 παρουσίᾳ
3365 2311 3752 2384 πεπλήρωνται·

2211 2407 2347 2476 μήτε
2398 2403 2498 2478 τῆς
2553 2403 2807 2476 θεότητος
2835 2403 2993 2468 ὲκτδς
3018 2403 3256 2476 Χριστοῦ
3295 2405 3637 2476 ὑπαρχούσης
3657 2403 3754 2457 ὀνό-

2211 2514 2412 2568 ματος,
2451 2498 2590 2569 μήτε
2626 2496 2894 2568 ὲνσάρκου
2925 2497 3260 2569 παρουσίας,
3309 2498 3407 2552 καὶ
3439 2497 3595 2551 αὐτοῦ
3627 2499 3755 2550 ἐναν-

2208 2588 2545 2662 θρωπήσεως
2565 2630 2580 2656 ,
2611 2589 2741 2644 ἄνευ
2785 2589 2887 2659 τῆς
2922 2587 3177 2660 τοιαύτης
3209 2589 3505 2660 ὀνομασίας
3532 2587 3756 2659 ὀνομαζο-

2211 2682 2410 2754 μένης·
2461 2682 2536 2746 ὡς
2588 2680 2732 2736 κατὰ
2780 2681 2842 2734 τὺ
2890 2680 3214 2752 εἰρημένονο
3265 2681 3367 2752 Μὴ
3401 2682 3575 2750 εἴπῃς
3605 2681 3668 2734 ἐν
3697 2675 3757 2746 τῇ

2209 2772 2425 2841 καρδίᾳ
2457 2787 2573 2827 σου
2599 2789 2612 2802 ·
2673 2771 2770 2839 Τίς
2797 2771 3164 2839 ἀναϐήσεται
3211 2775 3300 2839 εἰς
3352 2771 3462 2826 τὸν
3495 2769 3757 2840 οὐρονόν;

2197 2864 2485 2919 -τουτέστι
2522 2864 2788 2934 Χριστὸν
2813 2864 3204 2935 καταγατεῒνο
3242 2863 3282 2934 ἢ
3322 2865 3417 2932 τίς
3459 2862 3754 2931 καταϐήσε-

2210 2973 2304 3012 ται
2340 2957 2428 3023 εἰς
2463 2955 2578 3025 τὴν
2624 2957 2936 3023 ἄϐυσσον;
2967 2955 3242 3011 τουτέστι
3289 2956 3548 3028 Χριστὸν
3573 2955 3756 3022 ἀναγα-

2211 3049 2339 3120 γεῖν
2380 3051 2449 3104 ἐκ
2487 3050 2738 3119 νεκρῶν.
2765 3051 2879 3104 Kal.
2927 3049 3089 3104 πάλιν
3135 3053 3163 3104 ὁ
3214 3050 3381 3114 αὐτὸς
3433 3049 3614 3120 λέγει·
3646 3047 3757 3102 Ἵνα

518 3164 596 3205 est
628 3150 902 3205 Christum
937 3146 1239 3210 deducere;
1276 3156 1366 3200 aut
1401 3147 1518 3215 quis
1563 3145 1838 3201 descendet
1869 3147 1924 3200 in
1955 3146 2106 3216 abys-

2212 3141 2556 3212 γινώσκωσι
2584 3156 2660 3196 σε
2688 3143 2797 3196 τὸν
2824 3142 3019 3212 μόνον
3057 3143 3351 3212 ἀληθινὸν
3379 3143 3562 3205 Θεὸν..
3587 3141 3676 3195 καί
3701 3138 3759 3192 ὃν

518 3241 675 3294 sum?
705 3239 800 3292 hoc
835 3245 913 3292 est
940 3235 1211 3292 Christum
1242 3251 1270 3290 e
1310 3236 1536 3290 mortuis
1570 3235 1824 3292 deducere
1845 3238 1888 3292 ³.
1958 3235 2107 3292 Pras-

520 3340 667 3388 terea
704 3331 845 3387 idem
873 3329 992 3400 ipse
1031 3329 1113 3386 sic
1151 3329 1394 3399 loquitur
1423 3347 1437 3384 :
1469 3327 1536 3382 Ut
1590 3337 1910 3400 cognoscant
1940 3337 1987 3383 te
2016 3345 2107 3384 s0-

519 3425 628 3478 lum
659 3424 848 3488 Deum,
876 3433 925 3478 et
957 3439 1108 3494 (ptem
1151 3423 1347 3478 misisti
1385 3415 1572 3477 Jesum
1600 3421 1875 3478 Christum
1897 3424 1938 3475 ι.
1975 3421 2109 3488 Qua:

519 3516 737 3586 quidem
775 3531 904 3581 vox,
950 3513 1170 3576 misisti,
1203 3527 1329 3567 cum
1368 3510 1438 3567 de
1469 3512 1681 3567 caelesti
1718 3512 1810 3566 illa
1845 3509 2110 3566 missione

520 3606 841 3676 accipienda
877 3605 974 3669 sit,
1006 3604 1074 3660 ab
1102 3620 1169 3660 eo
1203 3612 1384 3660 tamen
1413 3603 1556 3673 quod
1592 3602 1791 3659 Petrus
1821 3601 1982 3669 dixit,
2017 3617 2109 3657 se-

522 3699 700 3768 parari
736 3713 844 3752 non
883 3697 1045 3751 debet
1076 3713 1089 3750 :
1122 3693 1312 3749 Jesum
1359 3693 1728 3749 Nazarwnum
1768 3697 1940 3749 virum
1986 3709 2111 3763 pro-

521 3790 704 3841 batum
765 3787 820 3840 in
882 3787 1026 3842 vobis
1076 3788 1330 3858 prodigiis
1370 3803 1432 3840 ac
1479 3787 1642 3856 signis
1663 3787 1706 3851 ⁸,
1757 3803 1910 3856 quem
1956 3788 2111 3841 unxit

530 3878 666 3932 Deus
702 3876 911 3947 Spiritu
935 3887 1120 3931 sancto
1145 3877 1166 3908 ‘
1193 3895 1206 3934 :
1233 3893 1299 3933 ac
1323 3877 1534 3948 reliqua
1571 3877 1626 3932 id
1660 3893 1858 3948 genus.

594 3976 814 4031 XXXII.
853 3975 965 4031 Sed
993 3990 1092 4031 nec
1128 3975 1215 4032 his
1244 3974 1465 4047 quidem
1509 3978 1752 4033 contenti
1793 3977 2111 4035 suavissimi

529 4069 606 4124 illi
643 4070 844 4126 fratres
869 4069 1068 4133 nostri,
1100 4084 1226 4124 cum
1276 4069 1412 4124 illud
1454 4070 1560 4126 sibi
1603 4071 1769 4127 semel
1817 4086 2114 4143 proposueo

521 4165 657 4229 rint,
713 4170 775 4218 ut
819 4163 875 4217 in
922 4161 1177 4218 omnibus
1221 4162 1688 4233 opiniosissimam
1749 4179 1908 4219 suam
1951 4163 2112 4219 nobis

523 4255 892 4326 pervicaciam
950 4261 1250 4325 opponant,
1301 4254 1468 4310 etiam
1517 4254 1862 4311 divinitatem
1899 4257 2115 4328 1026

525 4347 731 4404 Christi
782 4361 1005 4416 passam
1047 4361 1171 4402 esse
1208 4360 1423 4401 summa
1469 4362 1595 4402 cum
1637 4347 1866 4403 audacia
1914 4349 2113 4418 praedi-

431 4431 451 4451 ’
525 4448 672 4495 cant.
731 4437 815 4494 Ad
867 4438 1013 4509 quod
1064 4439 1172 4494 illis
1223 4438 1474 4508 Apostoli
1529 4439 1710 4495 verbis
1762 4439 2108 4494 abutuntur:

2211 3233 2578 3301 ἀπέστειλας
2622 3234 2870 3302 Ἰησοῦν
2888 3237 3166 3303 Χριστόν.
3200 3237 3273 3290 Τὸ
3318 3237 3379 3290 δὲ
3410 3235 3756 3296 ἀπέστειλας,

2210 3324 2417 3379 ἄνωθεν
2469 3325 2592 3397 ἔχον
2643 3327 2740 3398 τὴν
2790 3327 3024 3398 θεωρίαν
3049 3367 3064 3392 ,
3115 3328 3231 3382 ἀλλ’
3260 3329 3366 3382 οὐκ
3411 3329 3567 3390 ὲκτὸς
3593 3326 3647 3380 ὂν
3673 3324 3760 3376 τῶν

2211 3416 2316 3470 ὑπὸ
2356 3418 2564 3489 Πέτρου
2613 3417 2920 3490 εἰρημένων
2952 3459 2968 3484 ,
3013 3420 3097 3474 ὅτι
3150 3419 3398 3488 Ἰησοῦν
3450 3419 3557 3473 τὸν
3601 3413 3762 3475 Ναζω-

2203 3507 2408 3577 ραῖον,
2465 3509 2658 3578 ἄνδρα
2712 3509 3216 3582 ἀποδεδειγμένον
3265 3513 3360 3579 εἰς
3397 3511 3550 3582 ὑμᾶς
3588 3507 3760 3578 τέρασι

2211 3603 2312 3657 καί
2369 3605 2644 3674 σημείοις
2665 3645 2716 3677 ,ι
2745 3604 2819 3658 ὃν
2872 3605 3120 3675 ἔχρισεν
3200 3609 3234 3661 ὁ
3295 3607 3447 3673 Θεὸς
3502 3605 3760 3671 [Ii-stipa“

2212 3695 2360 3766 ἁγίῳ
2383 3711 2396 3725 ·
2428 3697 2523 3750 καὶ
2559 3695 2630 3751 τὰ
2656 3695 2866 3763 τούτοις
2895 3698 3078 3769 ὅμοια.

2283 3965 2409 4023 AB'.
2442 3960 2579 4022 Εἶτα
2614 3966 2672 4020 δὲ
2699 3965 2864 4023 πάλιν
2904 3967 2955 4021 οἰ
2988 3967 3316 4036 γλυκύτατοι
3363 3969 3520 4043 ήμῶν
3555 3966 3761 4036 ἀδελφοὶ,

2215 4060 2534 4133 βουλόμενοι
2585 4060 2727 4116 κατὰ
2762 4059 2941 4115 πάντα
2989 4061 3330 4131 φιλονείκους
3366 4065 3498 4135 ἡμῖν
3525 4062 3764 4132 εἰσφέρειν

2212 4153 2486 4220 διανοίας,
2532 4153 2626 4208 καὶ
2677 4154 2776 4224 τὴν
2809 4153 2972 4208 αὑτοῦ
3027 4154 3256 4226 θεότητα
3293 4156 3652 4218 πεπονθυῖαν,
3684 4151 3765 4203 οὐκ

2214 4249 2537 4321 ἀτολμήτως
2559 4247 2921 4320 κηρύττουσιν
2949 4250 3015 4302 ὲκ
3041 4247 3136 4302 τοῦ
3166 4247 3329 4320 ῥητοῦ
3359 4249 3454 4304 τοῦ
3487 4246 3764 4320 είρημὲνου’

2217 4345 2288 4397 El
2319 4341 2430 4412 γὰρ
2461 4341 2773 4411 ἔγνωσαν,
2825 4343 2936 4396 οὐκ
2967 4341 3044 4397 ἂν
3075 4341 3184 4395 τὸν
3214 4343 3439 4410 Κύριον
3473 4341 3580 4410 τῆς
3611 4335 3767 4402 δόξης

2217 4434 2628 4502 ἐσταύρωσαν.
2664 4434 2821 4496 Τινὲς
2849 4433 2905 4486 δὲ
2937 4432 3045 4486 τῶν
3077 4433 3241 4488 αὑτοῦ
3271 4434 3479 4488 παίδων
3517 4434 3587 4505 μὴ
3615 4427 3766 4484 νοοῦν-

526 4529 587 4584 Si
647 4530 791 4584 enim
837 4528 1224 4599 cognovissent,
1266 4545 1540 4598 nunquam
1579 4528 1869 4584 Dominum
1925 4529 2108 4602 gloria:

2219 4542 2310 4588 τες
2335 4525 2524 4602 τοῦτο,
2540 4524 2616 4588 ὡς
2640 4519 2815 4594 οἶμαι,
2850 4524 2988 4595 μετὰ
3015 4524 3123 4579 τῶν
3153 4525 3327 4579 ἄλλων
3352 4523 3764 4598 προϐαλλόμενοι,

525 4621 988 4688 cruciﬁxissent".
1036 4620 1114 4674 Ac
1163 4634 1282 4675 mea
1333 4621 1556 4690 quidem
1617 4621 1890 4675 sententia
1943 4615 2112 4692 aliqui

529 4713 860 4783 Apollinaris
889 4711 1168 4782 discipuli,
1201 4713 1294 4782 qui
1323 4712 1505 4767 minus
1531 4711 1679 4768 istud
1719 4712 2116 4784 intelligerent,

527 4817 652 4857 cum
692 4803 818 4859 aliis
860 4803 1148 4859 erroribus
1194 4803 1343 4858 hunc
1383 4804 1562 4874 ipsum
1596 4813 1986 4876 propellentes,
2026 4822 2115 4860 ar-

470 4969 472 4971 }
531 4897 703 4963 gutuli
736 4897 926 4951 volunt
954 4897 1151 4952 videri.
1188 4895 1356 4950 Miror
1389 4899 1535 4952 enim
1568 4900 1614 4952 si
1642 4899 1916 4969 ejusmodi
1950 4901 2112 4972 quid-

533 4985 674 5050 piam
708 4987 775 5040 ab
801 5002 866 5042 eo
907 4987 1071 5045 fuerit
1116 4996 1412 5043 assertum.
1451 4987 1640 5060 Neque
1668 5005 1799 5044 vero
1831 4991 2113 5046 admiran-

533 5074 660 5129 dum
692 5086 798 5142 est,
841 5080 990 5148 quod
1049 5078 1334 5151 Scriptura
1386 5097 1544 5137 sacra
1592 5082 1883 5138 Dominum
1931 5086 2118 5156 gloriae

533 5166 855 5220 cruciﬁxum
899 5185 1022 5225 esse
1061 5170 1282 5226 dixerit.
1343 5172 1623 5244 Siquidem
1676 5183 1729 5229 et
1776 5185 2116 5246 assumptam

534 5255 774 5311 hominis
829 5262 1084 5311 naturam
1129 5261 1317 5330 gloriae
1368 5263 1660 5320 Dominum
1720 5265 2112 5336 appellamus:

531 5349 733 5420 quippe
759 5365 882 5422 qua:
906 5349 976 5404 ab
1005 5349 1290 5410 divinitate
1315 5356 1542 5414 minime
1577 5367 1830 5430 separata
1873 5359 1964 5414 sit.
2006 5357 2119 5416 Nec

534 5442 704 5496 ullum
751 5443 806 5497 in
847 5459 910 5499 eo
939 5457 1140 5515 genere
1187 5459 1349 5515 opus,
1405 5459 1501 5503 aut
1561 5459 1945 5522 argumentum
2012 5461 2118 5517 est,

533 5537 677 5604 quod
709 5552 817 5591 non
845 5538 1134 5594 commode
1163 5542 1339 5610 possit
1377 5542 1604 5616 intelligi
1630 5565 1644 5613 ;
1671 5546 1916 5617 adeoque
1944 5555 2117 5602 totum

535 5624 932 5686 incarnationis
961 5632 1240 5704 negotium
1270 5635 1338 5689 ad
1401 5652 1568 5692 unam
1615 5641 1978 5712 eamdemque
2018 5643 2116 5698 ad-

2220 4599 2524 4685 βούλονται
2558 4611 2994 4682 ὲπισοφίζεσθαι.
3043 4613 3321 4685 Θαυμάζω
3379 4615 3488 4688 γάρ
3537 4614 3583 4667 εἰ
3630 4607 3767 4669 αὐτὸς

2217 4706 2392 4771 οὕτως
2424 4706 2646 4776 φάσκει.
2700 4707 2775 4758 Οὐ
2804 4705 3115 4776 θαυμαστὸν
3143 4706 3252 4776 γὰρ
3280 4747 3295 4772 ,
3336 4707 3435 4761 ἐὰν
3460 4708 3582 4777 εἴπῃ
3611 4705 3640 4773 ἡ
3668 4700 3767 4753 θεία

2218 4800 2411 4872 Γραφὴ
2453 4800 2546 4852 τὸν
2572 4797 2776 4869 Κύριον
2807 4800 2906 4870 τῆς
2932 4798 3090 4870 δόξης
3125 4797 3520 4867 ἐσταυρῶσθαι.
3551 4794 3653 4849 Καὶ
3678 4789 3766 4859 γὰρ

2221 4893 2317 4946 καὶ
2341 4892 2544 4964 Κύριον
2582 4891 2742 4963 δόξης
2761 4891 3132 4963 ὁμολογοῦμεν
3164 4894 3259 4946 καὶ
3293 4893 3460 4964 αὐτὴν
3483 4890 3576 4960 τὴν
3599 4888 3766 4954 Eusap-

2226 5001 2322 5038 κον
2348 4985 2689 5056 παρουσίαν’
2717 4985 2778 5038 οὐ
2813 4985 2920 5058 γάρ
2972 4985 3226 5057 διῄρηται
3265 4984 3375 5038 άπὸ
3408 4985 3503 5055 τῆς
3549 4983 3769 5048 θεότητος

2220 5081 2254 5152 ἡ
2293 5079 2558 5152 ἕνσαρκος
2608 5079 2883 5152 παρουσία
2907 5096 2922 5109 ·
2956 5079 3052 5150 τῆς
3101 5079 3337 5150 ἑκάστης
3371 5076 3668 5136 ὑποθέσεως
3697 5070 3767 5122 εὑ-

2220 5172 2394 5241 λόγως
2457 5171 2758 5243 νοουμένης
2791 5211 2806 5235 ,
2865 5172 2959 5226 καὶ
3010 5173 3104 5226 ἐπὶ
3159 5172 3220 5226 τὸ
3275 5171 3405 5226 αὐτὸ
3464 5169 3563 5240 τῆς
3617 5163 3766 5231 πάσης

2221 5265 2607 5337 πραγματείας
2633 5266 2712 5330 εἰς
2738 5266 2868 5336 μίαν
2901 5265 3212 5338 οἰκονομίαν
3243 5265 3336 5319 καὶ
3368 5265 3496 5336 μίαν
3527 5258 3767 5323 τελειότηο

2221 5375 2293 5412 τα
2329 5360 2462 5428 ημῖν
2489 5357 2896 5430 συνηνωμένης.
2926 5358 3176 5430 Παθητὸς
3229 5359 3334 5429 γάρ
3375 5358 3504 5427 ἡμῖν
3537 5348 3769 5422 κηρύττε-

2223 5469 2313 5505 ται
2343 5451 2577 5523 Χριστὸς
2623 5453 2719 5505 καὶ
2745 5451 3080 5516 πιστεύεται,
3131 5451 3194 5504 ού
3215 5449 3335 5504 καθ’
3369 5450 3557 5501 ἑαυτὸν
3586 5437 3766 5496 παθὼν,

2223 5544 2343 5596 οὐδὲ
2393 5545 2472 5597 ὅτι
2519 5544 2675 5606 ἄλλος
2703 5545 2850 5597 ἐστὶν
2876 5545 2905 5597 ὁ
2943 5542 3227 5606 πεπονθὼς
3253 5584 3266 5607 ,
3309 5541 3399 5596 καὶ
3437 5538 3585 5599 ἄλλος
3620 5535 3644 5586 ὁ
3675 5527 3767 5582 Κύ-

2226 5654 2375 5707 ριοθ
2424 5635 2544 5690 οὐδὲ
2597 5637 2680 5689 δτι
2739 5635 2998 5706 1Ἴθ¹εέ⁵τ⁴¹Ὶς
3047 5631 3314 5687 πέπονθεν
3339 5646 3352 5660 ’
3395 5625 3527 5681 ἀλλὰ
3562 5613 3767 5675 πέπονθε

607 5785 623 5816 ³
656 5781 842 5841 lICor.
867 5803 944 5857 ιι,
975 5787 1028 5843 6.
1107 5791 1126 5821 ²
1156 5788 1325 5848 lCor.
1355 5809 1415 5862 ιι,
1440 5793 1526 5852 16.
1595 5793 1932 5870 'Rom.x,6.
2000 5801 2021 5833 ⁸
2059 5800 2108 5858 Jt

2212 5815 2374 5872 .xvn,
2400 5802 2454 5859 5.
2533 5802 2692 5857 l’Act.
2728 5817 2786 5868 ιι,
2813 5798 2903 5858 20.
2981 5798 3140 5854 “Act.
3174 5813 3226 5864 ιι,
3259 5795 3348 5852 ‘58.
3421 5791 3443 5826 "
3471 5783 3760 5845 ICor.n,5.
