3964 6396
219 383 333 443 089

884 390 1249 448 ADVERSUS
1286 387 1620 445 ΙΙᾸΞΒΕΞΕΒ
1673 386 1799 444 LIB.
1847 388 1931 443 Ill.
1973 385 2136 443 TOM.
2179 384 2596 471 lL—HAERES‘.
2639 382 2897 439 LXXVII.

3401 385 3505 440 690

223 505 328 574 μὲν
361 503 390 556 ό
421 500 628 575 Κύριος
661 504 817 574 ἡμῶν
858 506 1065 577 Ἰησοῦς
1103 508 1340 579 Χριστὸς
1367 547 1380 571 ,
1435 508 1537 578 τῆς
1565 507 1809 577 θεότητος

1935 505 2390 560 ministrationem
2428 501 2929 572 perfectionemque
2980 498 3282 570 conspirat.
3316 499 3504 570 Itaque

219 597 502 668 ἀτρέπτου
540 596 811 666 μενούσης
846 615 927 663 τε,
965 601 1059 652 καὶ
1100 600 1347 664 ἀπαθοῦς
1372 641 1386 663 ,
1419 599 1735 670 πασχούσης
1766 599 1822 652 δὲ

219 689 284 740 ἐν
309 691 375 759 τῇ
420 689 606 759 σαρκὶ,
636 688 732 742 καὶ
764 689 1010 753 ἀπαθοῦς
1044 692 1330 762 μενούσης.
1362 693 1425 745 Ei
1451 692 1561 764 γὰρ
1583 693 1821 746 ἀπέθανε

218 778 464 848 Χριστὸς
495 779 634 850 ὑπὲρ
663 780 842 850 ἡμῶν,
878 783 974 835 καὶ
995 782 1165 846 ὅντως
1196 783 1487 849 ἀπέθανεν,
1514 784 1611 854 ούχ
1645 785 1678 854 ἡ
1709 784 1820 836 θεό-

217 885 326 938 της
372 868 646 923 ἀπέθανεν
673 911 687 935 ,
730 869 868 923 ἀλλὰ
919 871 1190 926 ἀπέθανεν
1228 873 1287 926 ὲν
1338 874 1534 944 σαρκὶ,
1572 872 1712 926 κατά
1757 871 1819 925 τὸ

223 959 521 1030 εἰρημένον
542 977 557 992 ο
592 960 962 1026 Garanum-21¢
987 962 1170 1030 σαρκὶ
1192 1002 1207 1026 ,
1243 961 1620 1030 ζωοποιηθεὶς
1646 962 1715 1015 δὲ
1739 961 1819 1028 τῷ

216 1051 517 1119 πνεύματι
541 1068 556 1082 ο
607 1052 704 1106 καὶ
751 1051 913 1106 πάλιν
941 1067 957 1083 '
1008 1054 1269 1122 Χριστοῦ
1315 1053 1616 1120 παθόντος
1665 1055 1817 1124 ὑπὲρ

215 1139 393 1206 ἡμῶν
422 1143 624 1209 σαρκί.

1927 596 2201 666 patibilem
2231 611 2332 649 nos
2370 593 2650 648 Christum
2685 593 3064 662 praedicamus,
3094 607 3157 646 ac
3184 593 3502 648 credimus:

1925 703 2034 742 non
2066 689 2210 758 quod
2243 704 2339 758 per
2365 703 2488 743 sese
2517 687 2588 742 sit
2615 700 2841 757 passus,
2879 701 3058 755 neque
3089 684 3236 755 quod
3267 684 3409 739 alius
3433 686 3504 741 sit

1925 795 1954 834 a
1990 782 2228 851 patiente
2281 780 2568 844 Dominus,
2629 795 2808 849 neque
2857 779 3004 850 quod
3065 778 3248 834 divina
3304 787 3504 833 natura

1924 887 2084 941 passa
2119 873 2190 927 sit
2225 891 2237 926 :
2294 888 2478 928 verum
2512 872 2587 926 ita
2613 870 2879 926 Dominus
2921 877 3108 926 noster
3149 869 3310 925 Jesus
3344 870 3505 924 Chri-

1922 972 2042 1018 stus
2082 978 2280 1034 passus
2308 971 2414 1029 est,
2452 973 2510 1017 ut
2541 963 2715 1033 ipsius
2747 962 3004 1017 divinitas
3037 962 3356 1018 mutationis
3387 977 3505 1016 om-

1921 1054 2010 1108 nis
2037 1063 2090 1108 et
2129 1037 2400 1123 passionis
2432 1069 2630 1123 expers
2667 1053 3027 1108 nihilominus
3059 1052 3115 1107 in
3145 1067 3309 1108 cruce
3350 1059 3504 1123 pate-

1924 1155 2095 1212 retur,
2130 1155 2184 1200 et
2217 1146 2333 1214 ipsa
2379 1145 2585 1199 nullam
2636 1145 2692 1199 in
2733 1159 2855 1200 sese
2887 1146 3201 1215 passionem
3229 1146 3505 1215 experire-

217 1239 334 1285 tur.
370 1232 527 1297 Quod
552 1233 698 1288 enim
724 1233 981 1290 Christus
1040 1242 1231 1291 nostra
1259 1249 1426 1290 causa
1463 1244 1713 1290 mortuus
1759 1244 1866 1301 est,
1924 1251 2162 1307 vereque
2217 1244 2493 1300 mortuus,
2547 1252 2653 1290 non
2708 1237 2764 1290 in
2819 1236 3160 1292 divinitatem
3211 1252 3362 1292 mors
3411 1237 3502 1290 illa

215 1325 456 1393 cecidit;
499 1327 592 1381 sed
626 1328 682 1382 in
717 1343 882 1384 carne
920 1335 1172 1384 mortuus
1201 1336 1329 1395 est,
1381 1328 1841 1399 quemadmodum
1908 1330 2172 1398 scriptum
2216 1338 2345 1385 est:
2397 1327 2756 1398 Marti/icatus
2801 1345 3000 1394 carne,
3054 1329 3347 1398 viviﬁcatus
3399 1345 3498 1383 au-

218 1424 334 1469 tem
404 1417 656 1484 spiritu'.
712 1415 884 1472 ltem:
937 1417 1149 1473 Christo
1199 1434 1357 1488 passo
1411 1436 1508 1488 pro
1565 1419 1712 1473 nobis
1763 1419 1820 1472 in
1856 1434 2014 1472 carne
2041 1419 2084 1472 ³.

294 1509 637 1580 Θαυμάσαι-ὦς
668 1512 804 1581 ἡμῖν
850 1511 1198 1584 ὡμολόγηται
1238 1511 1526 1576 πεπονθὼς
1575 1515 1634 1565 ὲν
1675 1512 1809 1581 ἀλησ

217 1597 346 1668 Θείᾳ
365 1637 380 1660 ,
407 1599 501 1652 καὶ
523 1597 744 1668 ἀπαθὴς
777 1601 835 1653 ὲν
869 1600 1099 1671 ἀληθείᾳ
1123 1617 1136 1632 ο
1178 1601 1276 1671 τῆς
1301 1600 1554 1673 θεότητος
1589 1600 1663 1672 μὴ
1701 1619 1810 1654 πα-

218 1689 427 1761 θούσης
449 1690 536 1744 διά
561 1691 622 1745 τὸ
649 1692 918 1762 ἄτρεπτον
937 1734 952 1760 ,
1003 1695 1095 1748 καὶ
1123 1696 1331 1758 ἀπαθὲς
1349 1735 1362 1758 ,
1397 1695 1490 1749 καὶ⁸
1528 1695 1811 1766 ὁμοούσιον

217 1783 303 1851 τῷ
353 1782 529 1854 Πατρί
549 1799 562 1814 ·
610 1784 895 1856 παθούσης
941 1785 998 1838 δὲ
1034 1787 1133 1856 τῆς
1169 1787 1404 1857 σαρκὸς,
1446 1786 1540 1840 καὶ
1568 1786 1630 1838 οὐ
1661 1804 1815 1858 μερι-

221 1872 450 1945 σθείσης
481 1875 583 1945 τῆς
629 1875 879 1947 θεότητος
913 1877 1020 1931 ἀπὸ
1075 1878 1174 1948 τῆς
1205 1878 1474 1949 ὲνσὰρκου
1508 1879 1812 1947 παρουσίας

218 1965 286 2017 ἔν
310 1965 390 2036 τῷ
431 1966 613 2020 πάθει.
647 1968 824 2038 Συνῆν
853 1967 964 2039 γὰρ
1004 1969 1100 2021 καὶ
1132 1971 1164 2039 ἡ
1198 1967 1388 2039 θεότης
1409 2009 1422 2032 ,
1459 1969 1553 2021 καὶ
1587 1971 1618 2036 ἡ
1652 1971 1810 2021 ἐναν-

223 2054 536 2126 θρώπησις,
579 2058 668 2110 ὅτε
702 2059 795 2110 ἐπὶ
845 2057 922 2128 τῷ
963 2057 1180 2130 σταυρῷ
1213 2058 1416 2128 ἔπασχε
1455 2058 1552 2129 μὲν
1579 2059 1812 2130 Χριστὸς

223 2148 412 2217 σαρκὶ,
445 2148 661 2220 ἀπαθὴς
689 2149 745 2202 δὲ
779 2149 962 2220 ἔμεινε
986 2150 1202 2222 θεότητι
1231 2168 1244 2181 °
1280 2151 1369 2206 ἵνα
1407 2153 1506 2222 τὴν
1532 2153 1812 2206 δικαίωσιν

225 2239 428 2309 μηκέτι
452 2240 512 2292 ὲν
546 2240 710 2309 σαρκὶ
744 2241 902 2310 μόνον
931 2241 1177 2311 ἔχωμεν,
1205 2241 1339 2296 ἀλλά
1365 2243 1424 2296 ὲν
1460 2245 1524 2313 τῇ
1551 2241 1768 2312 θεότητι
1793 2257 1807 2270 ·

223 2329 324 2381 καὶ
357 2329 443 2381 ἵνα
471 2330 529 2383 ὲν
557 2332 624 2401 τῇ
680 2330 896 2402 θεότητι
925 2332 1022 2384 καὶ
1061 2334 1120 2386 ὲν
1157 2335 1222 2404 τῇ
1267 2333 1430 2404 σαρκὶ
1468 2335 1584 2385 κατ’
1611 2335 1813 2403 ἀμφοῖν

221 2421 358 2488 ἡμῖν
401 2421 647 2490 σωτηρία
675 2421 922 2491 γένηται.
977 2422 1051 2474 Οὐ
1095 2423 1205 2494 γάρ
1233 2423 1391 2493 ψιλὸς
1439 2426 1570 2493 ἡμῖν
1599 2424 1811 2494 ι5¹ινθρω⁶

223 2525 330 2571 πος
374 2510 402 2561 ὁ
430 2509 664 2580 Χριστὸς·
688 2550 702 2573 ,
734 2511 846 2563 ἀλλ’
878 2513 906 2564 ὁ
945 2513 1119 2581 Λόγος
1170 2513 1535 2577 ὲνυπόστατος
1560 2553 1575 2576 ,
1621 2512 1814 2584 ἕνσαρ-

221 2616 352 2663 κος,
381 2600 476 2652 καὶ
511 2601 642 2664 Θεὸς
679 2601 966 2672 ἄνθρωπος
996 2602 1237 2670 γεγονὼς
1270 2604 1327 2655 ὲν
1364 2602 1612 2674 ἀληθεία,
1655 2602 1812 2673 ἡμῶν

227 2689 308 2759 μὴ
363 2689 594 2759 ἑχόντων
641 2691 741 2761 τὴν
792 2690 983 2745 ἐλπίδα
1017 2683 1103 2745 ἐπ’
1144 2692 1431 2763 ἄνθρωπον
1458 2733 1473 2757 ,
1509 2691 1626 2746 ἀλλ’
1657 2695 1714 2746 ὲν
1745 2694 1811 2762 τῇ

225 2778 444 2850 θεότητι
464 2796 480 2810 ·
511 2781 602 2834 καὶ⁹
627 2781 782 2852 ἡμῶν
819 2783 895 2852 μὴ
929 2784 1166 2852 ἑχόντων
1205 2783 1338 2836 Θεὸν
1372 2785 1670 2854 πάσχοντα,
1698 2783 1811 2836 ἀλλ’

226 2871 414 2941 ἀπαθῆ
432 2887 445 2900 ⁸
485 2871 641 2936 ἐκτὸς
665 2872 723 2926 δὲ
756 2873 962 2938 πάθους
993 2875 1092 2944 τὴν
1124 2876 1400 2947 σωτηρίαν
1427 2875 1584 2946 ήμῶν
1611 2877 1685 2948 μὴ
1715 2893 1814 2928 πε-

227 2960 496 3031 ποιηκότα
521 3004 536 3030 ,
572 2963 688 3016 ἀλλ’
738 2966 796 3016 ὲν
840 2964 918 3034 τῷ
973 2967 1112 3036 ὑπὲρ
1144 2968 1301 3038 ἡμῶν
1331 2967 1624 3022 ἀποθανεῖν
1651 3010 1665 3033 ,
1718 2970 1813 3024 καὶ

226 3053 422 3107 ἑαυτὸν
451 3054 815 3125 προσενέγκαι
838 3055 914 3127 τῷ
940 3057 1116 3128 lla-cpi.
1143 3055 1334 3112 θυσίαν
1366 3059 1506 3130 ὑπὲρ
1540 3061 1648 3112 τῶν
1678 3062 1814 3132 ἡμε-

224 3146 402 3216 τέρων
427 3146 615 3217 ψυχῶν
636 3187 650 3210 ,
683 3149 741 3200 ἐν
775 3146 853 3217 τῷ
884 3148 1075 3218 αἵματι
1111 3149 1273 3202 αὐτοῦ
1313 3150 1614 3220 καθαρίσας
1644 3154 1810 3222 ἡμᾶς,

229 3235 426 3305 σχίσας
460 3236 522 3290 τὸ
552 3235 672 3290 καθ’
710 3235 868 3306 ἡμῶν
897 3239 1262 3308 χειρόγραφον
1315 3239 1409 3291 καὶ
1456 3239 1818 3311 προσηλώσας

223 3325 361 3378 αὐτὸ
408 3325 487 3397 τῷ
519 3326 773 3399 σταυρῷ,
825 3327 1009 3392 καθὼς
1061 3328 1240 3400 πάντη
1279 3331 1312 3400 ἡ
1352 3330 1540 3401 Γραφὴ
1573 3330 1814 3384 διδάσκει

225 3421 397 3490 ἡμᾶς.

1987 1511 2352 1577 Quamobrem
2398 1509 2665 1582 singulari
2696 1509 2932 1581 quadam
2991 1517 3046 1567 et
3075 1509 3381 1566 admirabili
3409 1527 3500 1566 ra-

1917 1601 2068 1656 tione
2095 1617 2223 1656 vere
2254 1617 2480 1672 passu-m
2512 1602 2663 1656 illum
2696 1617 2820 1656 esse
2860 1602 3204 1668 conﬁtemur,
3248 1609 3303 1657 et
3343 1618 3498 1657 eum-

1919 1692 2042 1748 dem
2101 1702 2284 1748 tamen
2329 1708 2457 1748 vere
2505 1692 2780 1762 passionis
2829 1701 3106 1763 expertem
3135 1713 3149 1748 :
3177 1694 3323 1764 quod
3365 1695 3502 1749 nihil

1921 1785 2186 1840 divinitas
2227 1785 2346 1855 ipsa
2392 1787 2634 1855 patiatur
2661 1827 2676 1852 ,
2716 1788 2976 1856 quoniam
3013 1788 3080 1842 ab
3105 1787 3253 1842 omni
3294 1788 3506 1844 vicissi-

1922 1879 2112 1932 tudine
2161 1888 2216 1932 et
2247 1878 2508 1948 passione
2550 1877 2812 1933 immunis
2852 1887 2954 1944 est,
2997 1878 3355 1948 ejusdemque
3379 1895 3512 1935 cum.

1917 1967 2079 2023 Patre
2113 1969 2451 2024 substantia.
2504 1967 2584 2022 Ita
2631 1985 2796 2038 porro
2853 1984 3073 2039 passam
3115 1985 3240 2026 esse
3285 1986 3511 2026 carnem

1920 2061 2240 2125 asserimus,
2277 2068 2336 2114 ut
2360 2061 2415 2114 in
2449 2063 2568 2130 ipsa
2597 2061 2956 2131 perpessione
2992 2062 3254 2119 divinitas
3296 2078 3508 2135 nequa-

1919 2167 2082 2221 quam
2134 2152 2202 2206 ab
2250 2159 2532 2222 assumpta
2577 2151 2820 2208 hominis
2865 2161 3063 2208 natura
3116 2153 3366 2225 sejuncta
3409 2156 3504 2212 sit.

1922 2242 2058 2296 Tum
2091 2242 2234 2296 enim
2265 2243 2526 2299 divinitas
2553 2258 2678 2298 cum
2710 2243 2949 2298 humana
2979 2251 3176 2300 natura
3211 2247 3506 2315 conjuncta

1926 2334 2049 2394 l'uit,
2079 2333 2299 2402 quando
2327 2334 2584 2390 Christus
2625 2335 2678 2388 in
2708 2350 2872 2390 cruce
2924 2334 3151 2391 sullix'us
3177 2351 3341 2392 carne
3381 2353 3506 2404 pas-

1922 2437 2019 2477 sus
2047 2430 2159 2489 est,
2211 2423 2347 2477 nihil
2370 2424 2486 2492 ipsa
2524 2422 2812 2478 divinitate
2852 2424 3124 2493 patiente,
3175 2440 3282 2493 quo
3309 2424 3508 2492 justiﬁ-

1920 2515 2062 2569 catio
2093 2521 2282 2569 nostra
2314 2529 2425 2568 non
2456 2514 2694 2584 amplius
2721 2515 2773 2569 in
2807 2516 2924 2571 sola
2948 2529 3134 2579 carne,
3201 2514 3299 2570 sed
3340 2516 3505 2569 etiam

1921 2605 1976 2659 in
2029 2605 2318 2661 divinitate
2360 2605 2712 2671 consisteret,
2766 2614 2928 2676 atque
2961 2613 3021 2659 ut
3051 2620 3081 2658 a
3113 2605 3400 2660 divinitate
3429 2605 3509 2660 si-

1922 2697 2036 2750 mul
2083 2704 2138 2751 et
2166 2712 2332 2753 carne
2376 2698 2527 2752 salus
2572 2706 2763 2753 nostra
2793 2697 3252 2766 proﬁcisceretur.
3290 2695 3505 2752 Etenim

1920 2788 2178 2844 Christus
2239 2804 2352 2843 non
2406 2790 2638 2859 simplex
2679 2804 2742 2844 ac
2785 2789 2968 2844 nudus
3001 2789 3166 2843 homo
3221 2787 3343 2855 fuit,
3413 2788 3518 2864 sed"

1922 2878 2166 2935 Verbum
2216 2881 2562 2945 subsistens,
2605 2882 2974 2949 incarnatum,
3034 2897 3097 2936 ac
3149 2879 3293 2937 Deus
3345 2882 3510 2937 homo

1921 2988 2116 3028 revera
2161 2972 2362 3040 factus,
2413 2983 2474 3029 ut
2513 2991 2663 3045 spem
2712 2982 2960 3031 nostram
3010 2989 3117 3028 non
3169 2975 3403 3045 amplius
3452 2975 3507 3029 in

1921 3064 2161 3131 homine,
2211 3067 2307 3122 sed
2353 3067 2407 3121 in
2449 3066 2735 3121 divinitate
2781 3068 3152 3139 collocemus,
3199 3085 3374 3138 neque
3415 3083 3510 3138 pa-

1845 3189 1886 3246 Ο
1923 3157 2147 3211 tientem
2183 3156 2373 3221 Deum,
2411 3158 2507 3213 sed
2549 3173 2574 3212 a
2604 3160 2962 3229 perpessione
3009 3162 3156 3215 omni
3209 3160 3508 3215 immunem

1932 3246 2253 3302 habeamus.
2293 3249 2506 3319 1027
2540 3248 2643 3315 Qui
2693 3250 2913 3318 quidem
2964 3267 3073 3306 non
3115 3251 3234 3306 sine
3281 3268 3509 3323 perpes-

1929 3338 2084 3392 sione
2115 3339 2344 3394 salutem
2383 3341 2543 3395 nobis
2578 3341 2845 3404 attulerit,
2879 3341 2975 3395 sed
3009 3343 3063 3396 in
3097 3343 3382 3397 moriendo
3408 3359 3508 3413 pro

1931 3430 2115 3495 nobis,
2153 3447 2321 3501 seque
2346 3430 2456 3486 Deo
2487 3432 2632 3486 Patri
2667 3449 2766 3504 pro
2792 3435 2997 3490 nostris
3024 3435 3312 3492 animabus
3343 3438 3514 3492 sacri.

229 3512 341 3567 ﬁcii
369 3511 544 3568 instar
572 3513 850 3570 offerendo
882 3515 1226 3585 praestiterit,
1251 3531 1375 3570 cum
1418 3531 1519 3571 nos
1570 3515 1840 3586 sanguine
1873 3532 1974 3573 suo
2005 3522 2336 3590 repurgarit,
2401 3537 2466 3575 ac
2519 3523 2792 3592 scriptum
2831 3533 3023 3579 contra
3055 3540 3173 3589 _nos
3223 3526 3513 3598 chirogra-

228 3608 401 3678 phum
443 3608 751 3676 disciderit,
786 3619 842 3665 et
873 3612 1024 3665 cruci
1069 3626 1184 3665 suae
1215 3611 1362 3666 istud
1405 3609 1633 3666 aﬁixerit
1660 3610 1681 3642 ⁸
1705 3652 1720 3677 ,

300 3699 421 3753 ΛΓ¹.
455 3699 566 3752 Καὶ
583 3698 735 3753 ἔσται
771 3717 862 3770 μοι
890 3702 1020 3770 περὶ
1053 3699 1281 3763 τούτων,
1315 3701 1364 3753 εί
1395 3699 1556 3770 χρεία
1575 3701 1810 3766 γένοιτο,

226 3791 312 3852 είς
346 3787 694 3859 παράστασιν
726 3791 903 3843 εἰπεῖν
937 3789 1129 3842 πολλά.
1167 3789 1278 3842 Καὶ
1309 3788 1418 3858 γὰρ
1448 3790 1504 3840 ὲν
1529 3788 1712 3851 ἄλλοις
1737 3790 1814 3841 εί-

228 3882 501 3954 ρὴ-καμεν,
545 3880 644 3951 τὴν
691 3879 925 3951 θεωρίαν
971 3879 1177 3951 ταύτην
1229 3879 1640 3949 σαφηνίζοντες,
1683 3880 1814 3950 περὶ

226 3974 332 4041 τῆς
358 3971 512 4042 ἡμῶν
544 3970 766 4040 βεϐαίας
803 3971 1098 4042 σωτηρίας,
1143 3973 1226 4024 ὅτι
1329 3971 1416 4034 Ὧς
1440 3970 1506 4024 ἂν
1537 3972 1602 4024 ὲκ
1632 3973 1814 4041 ῥαντι-

227 4063 371 4133 σμοῦ
405 4064 635 4134 αἵματος
663 4065 918 4134 τυγχάνει
947 4063 1093 4134 βαφὴ
1115 4067 1172 4116 ὲν
1194 4063 1417 4134 ίματίῳ,
1441 4063 1502 4115 τὸ
1528 4063 1627 4132 μὲν
1652 4062 1813 4132 σῶμα

225 4157 332 4209 οὐκ
359 4155 525 4225 ἔϐαψε
559 4157 655 4211 τοῦ
683 4157 1000 4228 φοροῦντος,
1024 4159 1057 4227 ἡ
1085 4157 1142 4209 δὲ
1171 4155 1318 4227 βαφὴ
1341 4156 1435 4209 τοῦ
1472 4155 1690 4226 ἱματίου
1715 4156 1818 4212 οὐκ

225 4251 313 4312 εἰς
341 4249 406 4302 τὸ
441 4249 654 4320 ἱμάτιον
689 4249 1018 4317 λελόγισται,
1044 4248 1160 4300 ἀλλ’
1182 4249 1264 4311 εἰς
1293 4248 1384 4301 τὸν
1418 4246 1708 4318 ἄνθρωπον
1725 4246 1816 4299 τὸν

225 4339 527 4410 φοροῦνταν
553 4339 697 4393 οὕτω
728 4341 824 4394 καὶ
853 4340 914 4393 τὸ
941 4339 1111 4402 πάθος
1141 4341 1207 4409 τῇ
1235 4337 1452 4406 θεότητι
1487 4339 1584 4408 μὲν
1604 4339 1702 4390 οὑκ
1731 4339 1816 4390 ὲν-

225 4430 489 4501 ἑσκηψεν,
525 4429 640 4484 ἀλλ’
668 4433 726 4483 ὲν
761 4434 825 4502 τῇ
856 4430 1272 4502 ὲνανθρωπήσει
1302 4429 1540 4498 ἐγένετοο
1568 4429 1669 4481 οὐκ
1693 4429 1813 4500 ἑλο-

1766 3612 1819 3666 id
1849 3613 1993 3684 quod
2028 3615 2233 3682 ubique
2255 3612 2537 3685 Scriptura
2569 3623 2821 3671 testatur.

1993 3699 2238 3758 XXXIII.
2279 3701 2537 3766 Possem,
2587 3703 2634 3758 si
2684 3718 2912 3759 necesse
2945 3706 3244 3774 videretur,
3293 3709 3363 3764 ad
3390 3708 3508 3779 ejus

1921 3793 2197 3866 dogmatis
2258 3797 2544 3850 veritatem
2605 3795 3040 3852 conﬁrmandam
3099 3800 3207 3854 alia
3264 3802 3511 3872 proferre

1921 3901 2086 3956 quam
2117 3885 2371 3954 plurima.
2407 3883 2499 3940 Sic
2541 3886 2687 3940 enim
2740 3887 2849 3942 alio
2885 3887 3041 3953 loco,
3086 3905 3208 3945 cum
3242 3891 3384 3946 idem
3419 3907 3511 3945 ar-

1919 3987 2240 4049 gumentum
2293 3986 2787 4048 pertractaremus,
2843 3979 2912 4034 de
2967 3989 3117 4037 certa
3178 3983 3511 4054 minimeque

1920 4069 2085 4124 dubia
2116 4077 2304 4124 nostra
2335 4069 2512 4125 salute
2553 4071 2950 4126 constituimus
2982 4089 2994 4124 :
3033 4071 3508 4138 Quemadmodum

1916 4160 2203 4229 sanguinis
2233 4162 2525 4230 aspergine
2551 4163 2720 4216 vestis
2753 4161 3018 4226 inﬁcitur,
3047 4164 3178 4219 licet
3214 4166 3336 4234 ejus
3360 4206 3375 4229 ,
3415 4170 3508 4236 qui

1915 4258 2116 4303 vestem
2135 4248 2512 4317 gerit,corpus
2532 4264 2876 4319 nequaquam
2906 4250 3170 4305 infectum
3189 4253 3282 4320 sit,
3309 4255 3507 4308 nihilo-

1923 4340 2105 4395 minus
2140 4339 2231 4392 illa
2275 4339 2446 4394 vestis
2479 4355 2704 4410 aspersa
2757 4341 2970 4394 macula
3003 4358 3111 4396 non
3139 4345 3299 4410 vesti,
3335 4345 3428 4400 sed
3460 4347 3507 4400 ei

1915 4430 2010 4501 qui
2053 4437 2257 4485 vestem
2289 4431 2452 4501 gerit,
2481 4432 2779 4498 tribuitur;
2816 4432 3006 4486 eodem
3039 4434 3203 4488 modo
3236 4435 3360 4489 licet
3389 4452 3507 4506 per-

225 4523 394 4594 γίσθη
431 4523 489 4575 δὲ
521 4525 587 4594 τῇ
627 4523 1042 4594 ὲνανθρωπήσει
1096 4522 1254 4593 μόνη·
1306 4521 1420 4575 ἀλλ’
1453 4521 1540 4574 ἵνα
1572 4520 1646 4592 μὴ
1676 4519 1809 4589 πλη-

1922 4519 2102 4588 pessio
2127 4519 2181 4573 in
2224 4519 2562 4575 divinitatem
2615 4535 2726 4576 non
2769 4521 3101 4585 incubuerit,
3134 4525 3226 4579 sed
3258 4525 3510 4580 humana:

227 4614 379 4686 ρωθῇ
413 4615 469 4666 ὲν
501 4617 566 4685 τῇ
603 4614 847 4684 σωτηρία
885 4614 986 4682 τῆς
1022 4613 1336 4684 οἰκονομίας
1383 4612 1466 4676 τὸ,
1532 4613 1806 4665 Ἐπικατ-

224 4706 447 4774 άρατος
488 4705 626 4772 πᾶς,
657 4705 725 4772 ὃς
763 4706 888 4775 ἔχει
929 4705 1045 4774 τὴν
1079 4704 1301 4760 ἐλπίδα
1330 4704 1423 4757 ἐπ’
1474 4703 1810 4771 ἄνθρωπον.

237 4797 382 4851 Ἀλλ’
415 4797 668 4868 ἐλογίσθη
702 4797 798 4852 καὶ⁸
823 4799 902 4861 είς
923 4799 1021 4868 τὴν
1044 4797 1298 4866 θεότητα,
1323 4795 1424 4865 τῆς
1453 4795 1706 4865 θεότητος
1732 4793 1808 4864 μὴ

223 4888 567 4958 πασχούσης,
598 4889 685 4941 ἵνα
721 4889 778 4940 ὲν
809 4891 875 4959 τῇ
918 4888 1130 4958 θεότητι.
1172 4886 1394 4957 λογισθῇ
1439 4888 1504 4956 τῇ
1545 4883 1682 4956 ἁγίᾳ
1711 4884 1806 4937 τοῦ

219 4981 361 5034 Θεοῦ
398 4980 696 5052 Ἐκκλησία
737 4981 830 5034 τοῦ
889 4980 1096 5043 πάθους
1129 4983 1162 5049 ἡ
1198 4979 1462 5051 σωτηρία.
1525 4978 1685 5032 Ἀλλὰ
1708 4977 1808 5031 πά-

221 5073 308 5125 λιν
346 5073 420 5143 μὴ
451 5071 673 5144 λεξίθηρ
706 5071 781 5126 ὢν
808 5090 893 5136 τις
918 5073 1110 5125 ἑαυτὸν
1141 5070 1346 5144 θελήσῃ
1376 5069 1577 5140 μᾶλλον
1609 5069 1802 5122 συλλο-

221 5159 504 5226 γίσασθαι,
549 5161 583 5230 ἢ
605 5163 621 5192 ι
671 5162 798 5232 περ)⁵
833 5161 895 5214 τὸ
929 5162 1159 5230 αἴνιγμα
1189 5160 1283 5213 τοῦ
1318 5160 1687 5231 ὁμοιώματος.
1727 5160 1802 5213 Ού

221 5247 338 5316 γὰρ
368 5248 517 5301 πᾶσα
545 5248 832 5319 παραϐολὴ
872 5251 929 5302 ὲν
961 5251 1024 5320 τῇ
1065 5250 1256 5319 Γραφῇ
1293 5249 1389 5319 ὅλῃ
1429 5249 1768 5319 λαμϐάνεται
1789 5287 1806 5312 ,

222 5338 304 5400 ὡς
328 5336 409 5400 τὸ,
441 5339 717 5408 Σκύμνος
743 5340 991 5406 λέοντος
1024 5339 1232 5400 Ἰούδα,
1255 5338 1342 5392 διὰ
1370 5340 1430 5393 τὺ
1459 5341 1808 5412 ἰσχυρότερον

218 5425 321 5480 τοῦ
355 5427 494 5492 {mou
526 5431 623 5482 καὶ
649 5431 1094 5500 βασιλικώτατον,
1122 5429 1238 5483 ἀλλ’
1261 5431 1381 5500 ούχὶ
1401 5430 1489 5484 διὰ
1519 5432 1580 5484 τὸ
1604 5431 1804 5500 ἄλογον

220 5519 325 5574 καὶ
348 5521 706 5590 ἁρπακτικὸν.
733 5523 889 5578 Οὕτω
924 5523 1018 5577 καὶ
1049 5523 1143 5576 ἐπὶ
1171 5523 1264 5576 τοῦ
1305 5524 1548 5593 ἱματίου,
1586 5525 1686 5577 οὐκ
1714 5525 1804 5578 ὲν-

217 5609 512 5680 δυομένου,
535 5613 628 5665 καὶ
661 5613 1008 5685 ἑκδυομένου·
1044 5613 1162 5668 ἀλλ*
1191 5613 1338 5680 ἅπαξ
1373 5615 1517 5668 κατὰ
1555 5615 1615 5668 τὸ
1649 5617 1804 5686 είρη-

1921 4611 2191 4666 duntaxat
2238 4619 2447 4666 natum
2494 4614 2810 4684 contigerit,
2857 4628 2964 4667 non
3015 4614 3142 4670 huic
3190 4624 3371 4672 tamen
3405 4619 3506 4673 soli

1921 4702 2291 4769 tribuendam,
2328 4719 2516 4758 verum
2543 4719 2610 4758 ne
2645 4703 2701 4757 in
2737 4706 3081 4776 procuranda
3117 4722 3214 4776 per
3252 4708 3508 4763 incarna-

1923 4793 2126 4848 tionem
2165 4792 2327 4849 Verbi
2381 4795 2560 4850 salute
2605 4804 2823 4863 nostra,
2874 4797 2927 4849 in
2961 4797 3110 4850 illam
3156 4797 3504 4854 incurramus

1916 4884 2215 4954 Scriptura
2243 4887 2575 4942 sententiam
2618 4907 2629 4941 :
2669 4887 2985 4941 Maledictus
3016 4890 3208 4952 omnis,
3242 4891 3333 4959 qui
3362 4907 3504 4959 spem

1911 4975 2062 5029 habet
2082 4977 2134 5028 in
2155 4975 2417 5043 homine".
2447 4975 2748 5047 Propterea
2783 4977 3053 5032 divinitati
3071 4980 3232 5034 etiam
3263 4980 3502 5051 imputa-

1919 5078 2045 5134 tur,
2093 5083 2216 5122 cum
2259 5069 2394 5122 nihil
2437 5069 2552 5140 ipsa
2592 5083 2689 5138 per
2718 5083 2839 5124 sese
2865 5071 3125 5138 patiatur,
3180 5078 3238 5125 ut
3278 5072 3501 5128 humani

1908 5157 2125 5226 generis
2151 5158 2302 5213 salus
2335 5174 2431 5228 per
2462 5157 2667 5213 Christi
2699 5159 3017 5229 passionem
3057 5162 3331 5232 acquisita
3364 5177 3392 5216 a
3427 5179 3507 5218 sa-

1912 5258 2201 5305 crosancta
2227 5249 2319 5306 Dei
2363 5250 2606 5306 Ecclesia
2642 5250 2916 5307 divinitati
2953 5269 3174 5326 quoque
3205 5257 3503 5310 tribuatur.

1912 5338 2120 5395 Vereor
2144 5356 2216 5396 ne
2244 5342 2370 5412 quis
2416 5357 2482 5398 ex
2516 5343 2627 5398 illis
2659 5358 2858 5397 vocum
2896 5347 3281 5416 captatoribus
3324 5345 3500 5400 subti-

1910 5434 2033 5489 liori
2086 5435 2507 5490 ratiocinatione
2553 5436 2915 5507 semetipsum
2979 5439 3262 5508 implicare
3323 5437 3496 5498 malit,

1912 5540 2074 5594 quam
2102 5525 2320 5579 allatam
2348 5541 2377 5579 a
2419 5525 2581 5583 nobis
2622 5528 3040 5584 similitudinem
3085 5535 3244 5582 caute
3275 5540 3340 5580 ac
3370 5540 3500 5594 pru-

1912 5616 2103 5670 denter
2131 5616 2404 5686 accipere.
2438 5615 2624 5688 Neque
2657 5618 2805 5673 enim
2849 5619 2958 5672 ulla
2991 5618 3167 5674 sacris
3192 5617 3244 5670 in
3271 5614 3498 5679 Litteris

296 5769 316 5806 ι
349 5767 574 5828 Mutilus
599 5771 770 5827 locus.
847 5774 866 5805 ²
895 5771 915 5826 l
947 5772 1089 5828 Petr.
1136 5787 1215 5841 ιιι,
1250 5773 1332 5827 18.
1411 5771 1478 5826 ³1
1512 5772 1655 5829 Petr.
1694 5789 1766 5840 IV,
1807 5793 1809 5802 λ

1935 5773 1958 5805 δ
1988 5772 2199 5830 Coloss.
2227 5790 2287 5841 ιι,
2324 5775 2409 5831 Η.
2495 5777 2513 5809 ³
2549 5773 2659 5830 Jcr.
2705 5792 2837 5845 xvu,
2871 5777 2924 5831 5.
