3964 6396
570 392 676 450 695

1983 398 2042 455 S.
2085 399 2426 456 EPlPHANlI

3671 412 3749 471 698

568 505 712 563 Tum
767 504 1011 577 ejusdem
1051 521 1259 579 corpus
1305 523 1435 565 vere
1475 508 1546 566 de
1592 524 1760 567 cruce
1806 510 2112 569 detractum
2136 553 2153 580 ,

2266 514 2459 586 μένους
2487 513 2546 568 ἐν
2572 512 2795 584 ἀνδρείᾳ
2828 513 2922 567 καὶ
2955 513 3013 567 ὲν
3042 512 3288 584 δυνάμει,
3314 515 3637 589 ἀνερχόμενος
3651 522 3747 588 θεδς

568 599 825 654 manibus
848 606 1272 664 centreetatum,
1296 616 1325 655 a
1349 599 1589 672 Josepho
1613 603 1797 660 linteis
1823 605 2150 673 involutum,

568 690 709 743 etin
762 701 1180 746 monumentum
1238 708 1426 748 revera
1480 692 1795 765 depositum
1831 715 1845 752 :
1886 697 1974 752 cui
2015 697 2183 768 lapis.

567 779 636 832 ad
689 778 1114 836 custodiendum
1167 781 1442 839 obductus
1470 793 1575 839 est.
1614 785 1760 850 Quin
1799 785 1964 841 etiam
2003 795 2059 843 et
2087 787 2157 842 ad

566 867 781 926 inferos
806 869 988 940 ipsius
1007 870 1273 928 divinitas
1299 888 1424 927 ctua
1459 873 1644 927 anima
1682 873 1999 943 descendit,
2030 891 2155 933 eos-

564 975 697 1028 que,
731 959 827 1030 qui
859 961 1030 1015 vincti
1053 961 1171 1015 illic
1206 962 1610 1031 attinebantur,
1651 979 1702 1018 vt
1730 980 1831 1020 sua
1855 980 1921 1020 ae
1960 974 2156 1037 poten-

567 1051 642 1105 tia
675 1051 967 1107 liberavit:
1000 1059 1117 1110 tum
1142 1053 1283 1109 idem
1310 1053 1405 1109 Dei
1423 1053 1661 1111 Verbum
1695 1071 1821 1112 cum
1849 1059 2031 1112 anima
2055 1074 2156 1116 sua

569 1142 919 1197 sanctissima
953 1157 1175 1199 sursum
1204 1160 1519 1216 emergens,
1560 1154 1614 1201 et
1640 1146 1985 1216 captivorum
2015 1164 2157 1219 quos

568 1234 869 1304 eripuerat,
916 1235 1186 1290 comitatu
1245 1245 1436 1306 sepius
1492 1244 1619 1307 post
1658 1237 1901 1293 triduum
1962 1256 2155 1297 revera

570 1338 696 1378 cum
733 1338 999 1394 corpore,
1041 1326 1225 1381 anima
1252 1366 1266 1389 ,
1301 1326 1549 1398 adeoque
1582 1335 1698 1382 toto
1728 1330 1850 1400 ipso
1890 1332 2036 1387 velut
2068 1333 2153 1387 in-

570 1421 879 1469 strumento
900 1416 1141 1470 surrexit
1180 1430 1212 1470 a
1254 1418 1523 1486 mortuis;
1555 1419 1756 1476 deinde
1789 1422 2154 1493 quadraginta

568 1502 763 1558 diebus
791 1519 917 1559 cum
945 1505 1236 1577 discipulis
1264 1517 1519 1565 versatus
1543 1521 1629 1566 est
1665 1530 1678 1565 :
1715 1513 1918 1580 quibus
1944 1529 2071 1567 cum
2101 1516 2155 1570 in

566 1591 853 1649 Olivarum
909 1605 1103 1653 monte
1140 1612 1332 1655 revera
1376 1600 1788 1667 benedixisset,
1839 1603 1898 1658 in
1952 1606 2155 1661 etelum

567 1685 867 1741 subvectus
910 1694 1032 1752 est,
1086 1703 1325 1760 eumque
1355 1690 1614 1762 discipuli
1668 1693 1737 1748 ad
1772 1695 1948 1751 nubes
1982 1712 2157 1767 usque

566 1776 897 1834 subeuntem
923 1778 1203 1847 viderunt,
1236 1788 1290 1837 et
1337 1782 1404 1837 ad
1436 1782 1619 1840 Patris
1656 1783 1936 1844 dexteram
1966 1803 2153 1844 revera

2255 603 2431 672 Λόγος
2457 603 2556 656 σὺν
2581 603 2729 676 ψυχῇ
2752 606 2823 676 τῇ
2846 603 3000 675 ἁγίᾳ,
3028 604 3151 675 μεθ’
3173 601 3508 679 ἧςὲρῤύσατο
3536 612 3753 683 αἰχμαλω-

2257 694 2402 759 σίας,
2430 694 2493 747 τὸ
2518 696 2819 767 τριήμερον
2856 697 2916 749 ὲν
2958 695 3187 768 ἀληθείᾳ
3226 698 3549 771 ἐγειρόμενος
3577 704 3654 755 σὺν
3677 703 3756 757 σῶ-

2259 802 2414 857 ματι,
2447 786 2545 840 καὶ
2573 785 2741 857 ψυχῇ,
2778 787 2881 839 καὶ.
2918 788 3082 841 παντὶ
3109 786 3188 859 τῷ
3229 789 3437 861 ὀργάνῳ
3470 792 3524 844 ὲν
3563 791 3753 867 ἀληθείᾳ,

2257 876 2646 948 εὑρισκόμενος
2690 876 2831 948 μετὰ
2860 876 2971 932 τῶν
3002 875 3258 951 μαθητῶν
3300 880 3396 952 τὴν
3427 884 3755 954 τεσσαρακονθ-

2256 967 2484 1041 ήμερον,
2530 967 2769 1038 εὐλογῶν
2799 985 2858 1022 τε
2898 970 3096 1034 αὐτοὺς
3123 971 3183 1024 ἐν
3209 970 3285 1044 τῷ
3308 971 3421 1044 δρει
3451 974 3547 1027 τῶν
3582 975 3756 1031 Ἐλαιῶν

2257 1061 2318 1115 ἐν
2350 1061 2602 1134 ἀληθείᾳ,
2628 1061 2994 1133 ἀνερχόμενος
3020 1064 3103 1128 είς
3121 1063 3345 1135 οὐρανὸν
3370 1065 3427 1119 ὲν
3447 1065 3657 1138 ἀληθεία,
3681 1067 3760 1123 τῶν

2260 1152 2520 1225 μαθητῶν
2550 1154 2717 1208 αὑτὸν
2756 1153 3107 1226 θεωρούντων
3140 1156 3244 1220 ἕως
3284 1156 3390 1212 τῶν
3427 1157 3635 1228 νεφελῶν
3664 1160 3760 1213 ἀνα-

2256 1244 2670 1317 λαμϐανόμενον
2707 1248 2766 1300 ὲν
2805 1246 3056 1319 ἀληθείᾳ.
3083 1247 3439 1315 καθεσθέντα,
3475 1250 3560 1304 καὶ
3588 1250 3760 1313 καθεξό-

2261 1351 2421 1407 μενον
2458 1338 2517 1389 ὲν
2545 1336 2695 1408 δεξιᾷ
2726 1336 2821 1391 τοῦ
2850 1338 3066 1410 Πατρὸς
3108 1339 3166 1391 ὲν
3206 1339 3448 1412 ἀληθείᾳ,
3493 1343 3544 1395 ἐν
3570 1340 3763 1411 αὐτῷτῷ

2260 1426 2495 1497 σώματι,
2526 1428 2623 1481 καὶ
2648 1431 2716 1499 τῇ
2740 1429 2975 1501 θεότητι,
3007 1431 3066 1483 ἐν
3096 1430 3232 1502 αὐτῇ
3260 1433 3327 1503 τῇ
3360 1432 3532 1502 τελείᾳ
3554 1432 3762 1502 ὲνανθρω-

2257 1519 2444 1589 πήσει,
2549 1521 2823 1591 συνήνωσε
2852 1519 2919 1573 τὰ
2948 1519 3045 1574 ὅλα
3071 1521 3152 1586 εἰς
3179 1520 3256 1586 ἓν,
3296 1521 3387 1575 καὶ
3433 1519 3550 1591 μίαν
3578 1537 3765 1590 πνευμα-

2255 1611 2417 1683 τικὴν
2429 1612 2727 1680 τελείωσιν,
2757 1611 2887 1676 Θεὸς
2917 1611 2993 1667 ὢν
3016 1614 3075 1667 ὲν
3102 1613 3232 1686 δόξῃ
3257 1612 3610 1684 καθεζόμενος,
3630 1614 3767 1682 κρῖναι
3838 1656 3839 1663 η

2258 1701 2466 1768 ζῶντας
2517 1704 2611 1758 καὶ
2661 1705 2923 1776 νεκροὺς,
2975 1704 3271 1777 ἐρχόμενος
3319 1705 3377 1759 ὲν
3421 1704 3644 1777 ἀληθείᾳ..
3685 1703 3769 1758 Καὶ

2254 1794 2408 1849 οὐδέν
2454 1797 2570 1850 εστι
2616 1796 3092 1868 παρηλλαγμένον,
3140 1797 3276 1853 ἀλλὰ
3314 1798 3487 1853 πάντα
3530 1796 3684 1851 τέλεια
3703 1811 3767 1848 τε-

565 1869 972 1936 considentem,
1002 1863 1238 1944 corpore
1289 1873 1431 1945 ipso,
1479 1875 1787 1943 divinitate,
1822 1893 1887 1934 ac
1926 1886 2043 1935 tota
2071 1881 2153 1937 de-

2259 1885 2423 1952 λείως
2447 1889 2506 1942 ἐν
2535 1863 2775 1961 αὐτῷ-ὲν
2795 1863 3093 1961 τελειότητι
3114 1891 3464 1964 εἰργασμένα.

566 1961 738 2030 nique
765 1975 931 2031 quam
969 1972 1350 2033 assumpserat
1384 1963 1626 2021 hominis
1660 1973 1859 2022 natura
1887 1983 1901 2022 :
1956 1982 2067 2038 quo
2102 1968 2159 2023 in
2192 1968 2594 2031 lncarnationis
2624 1977 2888 2047 mysterio
2918 1976 2973 2030 in
3004 1961 3177 2032 unum
3236 1961 3441 2043 omnia,
3470 1986 3520 2032 et
3560 1976 3607 2030 in
3651 1988 3762 2028 cam-

564 2050 690 2106 dem
739 2051 1043 2122 spiritalem
1082 2054 1475 2124 perfectionem
1510 2056 1831 2127 conjunxit,
1893 2057 2036 2116 Deus
2090 2062 2281 2133 utique
2330 2064 2387 2120 in
2438 2066 2615 2138 gloria
2677 2068 2977 2125 considens
3021 2076 3075 2125 et
3128 2068 3195 2123 ad
3261 2069 3414 2124 vivos
3470 2065 3765 2134 mortuosque

558 2135 893 2204 iudicandos
923 2160 1055 2203 vere
1080 2148 1378 2218 aliquando
1400 2157 1685 2208 venturus.
1719 2150 1864 2207 Nihil
1892 2152 2061 2224 igitur
2086 2154 2144 2210 in
2178 2155 2273 2214 illo
2293 2135 2574 2217 diversum
2616 2174 2682 2216 ac
2711 2160 3035 2233 discrepans
3088 2170 3195 2228 est,
3258 2159 3356 2218 sed
3390 2162 3562 2217 omnia
3609 2157 3655 2212 in
3685 2155 3775 2225 ipso

562 2233 811 2304 perfecta
870 2239 1217 2312 perfecteque
1246 2257 1476 2312 prorsus
1498 2245 1797 2301 elaborata.

632 2353 877 2411 XXXVI.
921 2355 1029 2412 Sed
1059 2373 1184 2415 cum
1215 2359 1283 2417 de
1315 2360 1404 2417 his
1428 2362 1646 2420 abunde
1682 2364 1953 2422 hactenus
1979 2367 2163 2438 egisse

560 2446 871 2513 videamur,
914 2464 1036 2518 qua:
1079 2444 1224 2507 dicta
1284 2461 1416 2508 sunt
1457 2470 1581 2511 esse
1630 2457 1771 2512 satis
1801 2458 2157 2514 arbitramur.

564 2536 700 2607 Quae
727 2556 858 2597 vero
892 2541 962 2598 de
983 2543 1198 2599 caeteris
1223 2545 1542 2603 vanissimis
1578 2548 1794 2604 illorum
1812 2550 2161 2622 dogmatibus

560 2643 630 2683 ex
653 2628 889 2684 aliorum
917 2631 1238 2688 narratione
1267 2632 1585 2700 didicimus,
1617 2637 1942 2707 explicanda
1967 2654 2162 2696 neces-

565 2721 717 2774 sario
757 2731 906 2778 sunt.
945 2722 1273 2795 Quanquam
1328 2726 1402 2781 ita
1434 2728 1550 2782 hac
1592 2728 1661 2783 ab
1724 2730 1834 2786 illis
1870 2731 2157 2801 praedicari

566 2811 813 2868 nondum
853 2816 1080 2870 omnino
1131 2832 1457 2888 persuasum
1515 2819 1802 2878 habemus.
1862 2823 2157 2894 Uteunque

563 2919 697 2961 vero
731 2920 791 2961 se
817 2921 907 2963 res
940 2908 1159 2973 habeat,
1194 2926 1317 2981 qua:
1338 2911 1407 2966 ab
1423 2912 1548 2968 aliis
1581 2914 1885 2983 accipimus
1911 2931 2022 2971 non
2051 2916 2157 2972 dis-

563 2997 875 3053 simulanda
910 3001 1247 3071 putavimus.
1282 3001 1395 3058 [loc
1426 3004 1570 3059 enim
1604 3004 1875 3063 allirmare
1905 3008 2155 3079 plerique

2331 2368 2473 2436 AG".
2503 2365 2700 2431 Καλῶς
2731 2366 2788 2421 δὲ
2820 2367 2963 2439 ἔχειν
2991 2366 3119 2438 περὶ
3147 2368 3361 2422 τούτων
3375 2364 3681 2436 νομίσαντες,
3699 2361 3775 2425 ἕως

2258 2458 2451 2513 τούτου
2490 2458 2621 2531 περὶ
2657 2458 2865 2515 τούτων
2889 2457 3144 2531 εἰρῆσθαι
3168 2457 3579 2528 ὲδικαιὼααμεν.
3605 2452 3717 2526 Περὶ
3735 2450 3776 2504 δὲ

2257 2542 2333 2605 ὧν
2362 2550 2710 2623 ἐνηχήθημεν
2743 2550 2907 2604 πάλιν
2937 2549 3363 2620 περιπολογιῶν
3388 2548 3492 2603 τῶν
3524 2549 3585 2601 τὰ
3605 2544 3778 2599 τοιαῦτα

2256 2643 2546 2713 λεγόντων,
2574 2644 2870 2714 ἀναγκαῖον
2901 2642 2996 2697 καὶ
3021 2642 3161 2697 αὐτὰ
3194 2640 3491 2707 ὑποδεῖξαι.
3518 2639 3585 2692 Οὐ
3610 2633 3777 2690 miqu

2257 2732 2728 2804 πεπιστεύκαμεν,
2750 2733 2833 2785 ὅτι
2853 2732 3026 2795 οὕτως
3048 2730 3181 2804 παρ’
3205 2732 3392 2795 αὐτοῖς
3417 2730 3606 2801 ᾄδεται.
3632 2728 3778 2794 Ὅμως

2262 2819 2334 2875 τὰ
2366 2818 2700 2893 ὲνηχηθὲντα
2728 2820 2789 2873 οὗ
2827 2820 3202 2892 σιωπήσομεν.
3249 2819 3408 2883 Τινὲς
3438 2817 3539 2891 γὰρ
3569 2816 3648 2870 καὶ
3667 2812 3777 2868 ἐτόλ-

2259 2930 2440 2985 μησαν
2469 2912 2666 2982 λέγειν,
2703 2912 2784 2966 ὅτι
2811 2912 2973 2966 πάλιν
3006 2912 3148 2976 τινὲς
3176 2911 3239 2977 ἐξ
3269 2911 3446 2966 αὐτῶν
3473 2910 3666 2978 λέγουσι
3685 2902 3777 2973 mp‘.

2255 3004 2495 3076 Μαρίας,
2533 3003 2673 3073 μετὰ
2707 3004 2769 3057 τὸ
2799 3003 3186 3074 γεγεννηκέναι
3219 3004 3329 3077 τὸν,
3348 3002 3588 3074 Χριστὸν,
3609 3000 3777 3051 ἐπισυν-

562 3103 676 3143 non
707 3088 998 3159 dubitant,
1031 3094 1298 3163 quosdam
1338 3110 1403 3150 ex
1456 3096 1563 3152 illis
1599 3095 1654 3150 in
1684 3111 1749 3151 ea
1781 3111 1906 3153 esse
1934 3106 2153 3153 senten-

2258 3096 2428 3169 ἧφθαι
2455 3095 2609 3168 ἀνδρὶ
2635 3095 2713 3167 τῷ
2755 3096 2974 3165 Ἰωσήφ.
3023 3094 3304 3166 Θαυμάζω
3346 3095 3405 3149 δὲ
3450 3095 3497 3147 εἰ
3545 3090 3626 3145 καὶ
3666 3084 3779 3141 αὐτοὶ

561 3178 660 3246 tia,
694 3178 916 3234 Mariam
957 3190 1082 3251 post
1097 3182 1300 3237 editum
1323 3182 1600 3239 Christum
1624 3199 1747 3240 cum
1770 3184 2010 3256 Josepho
2039 3187 2153 3242 viro

2260 3186 2419 3241 τοῦτο
2439 3186 2703 3255 λέγουσιν.
2734 3185 2852 3240 Εἰσὶ
2875 3185 2933 3238 δὲ
2960 3176 3188 3239 οἱτοῦτο
3209 3185 3482 3256 λέγοντες,
3509 3183 3595 3246 οὓς
3612 3180 3690 3234 καὶ
3712 3178 3780 3231 aiio

562 3284 667 3324 suo
695 3272 1152 3328 consuetudinem
1193 3273 1478 3330 habuisse.
1508 3273 1667 3340 Quod
1698 3275 1767 3330 ab
1801 3275 1912 3332 illis
1937 3291 2152 3333 assere.

2260 3280 2387 3343 τοὺς
2412 3279 2470 3332 ὲν
2492 3281 2603 3342 τοῖς
2633 3278 2927 3349 σχίσμασιν
2952 3276 3367 3349 ¹ῐγριθμήσαμεν,
3395 3274 3698 3347 αἰτηθέντες.
3714 3267 3780 3321 καὶ

564 3361 673 3416 rari
694 3363 995 3432 permirum
1031 3364 1160 3418 mihi
1193 3365 1424 3422 videtur.
1459 3366 1571 3422 Nec
1593 3367 1796 3423 desunt
1825 3368 1940 3431 alii,
1973 3369 2064 3439 qui
2098 3368 2153 3423 in

2261 3368 2576 3441 γράψαντες
2597 3366 2886 3439 ἐπιστολὴν
2912 3368 2969 3421 ὲν
2999 3369 3065 3439 τῇ
3103 3367 3342 3438 Ἀραϐίᾳ
3370 3365 3503 3438 πρός
3522 3378 3657 3424 τινας
3676 3356 3780 3412 κατὰ

559 3451 760 3507 eodem
791 3469 982 3512 errore
1033 3464 1347 3526 versantur,
1401 3475 1543 3529 quos
1590 3459 1737 3514 inter
1766 3459 2153 3516 sehismaticos

2261 3459 2371 3514 τῶν
2399 3459 2561 3514 τοῦτο
2581 3458 2866 3528 λεγόντων.
2901 3458 3080 3513 Πολλὰ
3108 3458 3164 3512 δὲ
3188 3459 3374 3511 ἐκεῖσε
3402 3456 3524 3527 περὶ
3550 3452 3710 3508 τούτου
3727 3448 3782 3500 εἰ·

565 3544 775 3616 1031
816 3548 1228 3605 numeravimus
1262 3551 1321 3605 in
1355 3565 1420 3606 ea
1452 3551 1715 3620 epistola,
1751 3565 1916 3620 quam
1946 3553 2153 3607 amico-

2264 3552 2517 3624 ρήκαμεν
2535 3551 2593 3605 ὲν
2617 3553 2684 3622 τῇ
2719 3552 2839 3604 κατ’
2865 3551 3064 3613 αὐτοὺς
3097 3550 3378 3606 ὑποθέσει.
3418 3547 3644 3619 Καθεξῆς
3670 3543 3717 3597 δὲ
3739 3540 3781 3593 ὲν

561 3649 687 3689 rum
726 3637 950 3693 hortatu
988 3638 1256 3697 adversus
1300 3642 1450 3697 illius
1482 3642 1754 3714 dogmatis
1793 3654 2058 3714 patronos
2087 3643 2156 3699 ad

2263 3642 2383 3713 Θεῷ
2411 3643 2508 3696 καὶ
2539 3640 2708 3713 αὐτὴν
2738 3640 3042 3705 ἰδιάζουσαν
3073 3639 3461 3706 καθυποτάξω.

561 3730 863 3787 nonnullos
909 3732 967 3786 in
1005 3733 1207 3788 Arabia
1237 3734 1564 3804 scripsimus
1607 3755 1621 3790 :
1663 3736 1720 3791 in
1757 3751 1867 3806 qua
1902 3737 2150 3806 pluribus
2181 3750 2374 3792 contra
2404 3734 2529 3790 illos
2581 3732 2651 3788 de
2706 3734 2811 3787 hoc
2877 3740 3201 3804 argumento
3251 3730 3651 3804 disputavimus.
3682 3724 3779 3779 Eam

562 3834 667 3876 nos
700 3833 834 3874 vero
879 3820 1146 3888 haeresin,
1179 3822 1485 3894 opitulante
1527 3824 1639 3879 Deo
1664 3866 1680 3892 ,
1712 3829 2011 3896 separatim
2054 3842 2118 3881 ac
2149 3841 2250 3882 suo
2278 3826 2404 3880 loco
2434 3831 2624 3895 postea
2667 3837 3063 3894 proponemus.

632 3933 912 4000 Iamvcro
961 3937 1127 3998 etiam
1167 3939 1273 3999 hoc
1317 3939 1654 4010 Apollinaris
1700 3956 1825 3997 esse
1873 3941 2157 3999 decretum

565 4025 817 4089 nonnulli
857 4025 1181 4103 praedicant,
1230 4027 1291 4082 in
1334 4028 1506 4098 priori
1556 4029 1962 4085 resurrectione
2010 4029 2157 4084 mille

566 4135 682 4176 nos.
719 4134 989 4181 annorum
1038 4120 1277 4195 spatium
1334 4120 1528 4175 iisdem
1575 4121 1631 4175 in
1683 4121 1806 4176 vita:
1860 4121 2152 4188 institutis,

564 4211 769 4284 quibus
822 4227 970 4267 nunc
1006 4211 1235 4278 utimur,
1287 4228 1410 4269 esse
1445 4213 1832 4281 confecturos,
1885 4223 1946 4269 ut
1990 4222 2046 4270 et
2087 4216 2156 4270 le-

563 4282 685 4377 gem
726 4318 860 4366 cum
890 4304 1015 4360 aliis
1058 4282 1415 4361 observemus
1455 4305 1736 4369 omnibus,
1781 4314 1837 4361 et
1879 4304 2148 4377 quidquid

561 4405 648 4451 est
691 4395 747 4456 in
787 4396 1012 4463 mundo,
1050 4394 1200 4466 quod
1238 4396 1308 4450 ad
1353 4411 1515 4455 usum
1550 4396 1936 4469 quotidianum
1976 4395 2148 4466 perti-

562 4495 683 4554 net,
709 4487 862 4549 velut
891 4489 1133 4559 nuptias.
1162 4488 1670 4553 circumcisionem,
1698 4503 1763 4543 ac
1797 4497 1995 4543 caetera
2029 4502 2148 4542 om-

2299 3940 2512 3996 ιἊλλοι
2544 3940 2606 3994 δὲ
2627 3940 2835 4010 ἔφασαν
2858 3939 2949 3996 τὸν
2977 3940 3207 4012 γέροντα
3242 3940 3540 4013 εἰρηκέναι,
3566 3938 3638 3991 ὅτι
3669 3931 3781 4001 sui

2255 4036 2446 4106 πρώτῃ
2472 4033 2766 4089 ἀναστάσει
2798 4034 3273 4106 χιλιοψταετηρίδα
3305 4034 3431 4090 τινὰ
3466 4028 3781 4098 ἐπιτελοῦμεν.

2252 4127 2365 4188 τοῖς
2392 4125 2575 4188 αὐτοῖς
2599 4123 3099 4195 ὲμπολιτευόμενοι,
3128 4126 3341 4190 ὁποίοις
3368 4126 3461 4179 καὶ
3494 4123 3602 4187 νῦν,
3632 4120 3695 4182 ὡς
3713 4114 3781 4169 καὶ

2252 4217 2415 4288 νόμον
2468 4218 2561 4271 καὶ
2589 4216 2726 4271 ἄλλα
2742 4215 3121 4284 φυλάττοντες,
3152 4218 3252 4271 καὶ
3270 4219 3451 4273 πάντα
3476 4218 3568 4287 τῆς
3587 4214 3782 4286 χρήπως

2252 4307 2350 4376 τῆς
2381 4309 2440 4361 ἐν
2470 4306 2549 4379 τῷ
2586 4307 2797 4379 κόσμῳ,
2833 4306 3015 4377 γάμου
3039 4325 3099 4363 τε
3123 4309 3217 4363 καὶ
3254 4310 3571 4382 περιτομῆς,
3598 4298 3782 4359 καὶτῶν

2252 4398 2430 4453 ἄλλων
2479 4399 2827 4470 μετέχοντες·
2858 4400 2995 4471 ὅπερ
3025 4402 3085 4455 οὒ
3121 4401 3267 4456 πάνυ
3301 4403 3432 4474 περὶ
3472 4396 3626 4454 αὐτοῦ
3659 4406 3781 4447 πεπι-

2257 4487 2583 4560 στεύκαμεν.
2627 4490 2716 4554 Ὦς
2742 4489 2800 4549 δέ
2831 4507 2975 4555 τινες
3011 4490 3486 4558 διεϐεϐαιώσαντο,
3516 4488 3656 4545 τοῦτο
3678 4483 3781 4553 ἔφη·

564 4582 678 4646 nia,
731 4579 1128 4652 participemus
1156 4580 1510 4651 :_cujusmodi
1566 4580 1635 4637 ab
1674 4580 1768 4635 illo
1817 4579 2014 4652 dogma
2060 4578 2150 4634 de-

2254 4597 2351 4634 σαν
2378 4581 2542 4644 αὐτὸν
2571 4582 2879 4654 εἰρηκέναι.

562 4674 709 4733 tendi
741 4675 1072 4748 persuadere
1120 4677 1289 4736 nobis,
1312 4676 1538 4739 omnino
1571 4692 1678 4735 non
1706 4691 2002 4746 possumus
2023 4718 2040 4738 ,
2073 4690 2388 4748 quanquam
2418 4677 2570 4732 illum
2596 4683 2933 4735 assertorem
2970 4691 3094 4734 esse
3116 4690 3152 4731 ο
3181 4677 3469 4733 nonnullis
3495 4679 3776 4742 accepimus-

629 4791 902 4848 C'aaterum
933 4791 1005 4848 de
1032 4791 1139 4846 hoc
1165 4791 1474 4847 millenario
1503 4800 1750 4862 tempore
1782 4790 2008 4854 alicubi,
2045 4789 2153 4848 hoc

559 4890 650 4939 est
676 4882 731 4936 in
752 4880 983 4939 Joannis
1015 4881 1368 4956 Apocavasi,
1405 4883 1740 4971 mentionem
1773 4881 1915 4947 ﬁeri,
1945 4889 2001 4937 et
2022 4897 2149 4937 eum

562 4976 765 5030 librum
794 4990 824 5029 a
851 4976 1131 5046 plerisque
1174 4975 1319 5031 inter
1357 4973 1658 5031 canonicos
1684 4973 1880 5044 recipi,
1905 4972 2152 5044 religiosi

563 5065 819 5123 homines
875 5082 987 5123 non
1049 5068 1325 5138 ignorant.
1384 5065 1588 5127 Yerum
1654 5066 1730 5120 ita
1795 5065 2146 5137 complures,

563 5156 840 5225 iidemque
872 5156 970 5226 pii,
1003 5171 1069 5212 ac
1109 5157 1443 5229 spiritalium
1475 5171 1661 5212 rerum
1697 5155 1859 5226 periti
1897 5156 1953 5209 in
1997 5155 2150 5211 illius

560 5249 801 5306 lectione
822 5256 1141 5317 versantur,
1159 5258 1220 5309 ut
1236 5265 1359 5320 qua:
1377 5252 1436 5307 in
1450 5250 1571 5320 ipso
1591 5249 1901 5320 spiritalem
1915 5263 2145 5307 sensum

559 5338 852 5398 continent
875 5337 1232 5407 accipientes,
1263 5355 1393 5394 vera
1423 5339 1520 5397 illa
1548 5340 1795 5410 quidem,
1831 5339 1930 5396 sed
1960 5339 2146 5393 altiori

560 5431 799 5499 quadam
833 5430 1194 5501 intelligentia
1224 5431 1494 5500 explicata
1539 5431 1837 5491 fateantur.
1863 5429 2001 5486 Nam
2032 5444 2144 5485 non

562 5524 695 5579 illud
742 5524 922 5580 solum
952 5537 1064 5594 quo
1113 5523 1183 5579 de
1225 5522 1429 5593 agitur,
1484 5525 1581 5581 sed
1624 5534 1679 5580 et
1714 5525 1821 5581 alia
1868 5523 2149 5595 permulta

564 5615 1012 5687 profundioribus
1041 5613 1329 5669 sententiis
1349 5607 1697 5669 enarrantur.

636 5725 896 5780 XXXVII.
940 5722 1100 5779 Nune
1130 5732 1310 5779 autem
1352 5724 1419 5778 ad
1460 5725 1567 5778 alia
1617 5730 1980 5793 properantes
2022 5722 2143 5778 bre-

563 5814 702 5877 viter
729 5812 1057 5876 admonendi
1091 5831 1257 5875 causa
1299 5816 1450 5877 istud
1479 5817 1846 5888 aspersimus,
1897 5831 2008 5886 quo
2049 5829 2141 5871 rc—

1314 5980 1351 5995 θ’

2310 4790 2432 4845 *Καὶ
2463 4791 2549 4844 ὅτι
2585 4790 2689 4861 μὲν
2711 4791 3021 4862 γέγραπται
3057 4790 3189 4862 negl.
3215 4790 3319 4861 τῆς
3350 4784 3780 4862 χιλιονταετηρίδος

2249 4883 2471 4955 ταύτης,
2519 4885 2603 4938 ὅτι.
2647 4886 2709 4937 ὲν
2762 4886 2831 4955 τῇ
2883 4875 3253 4952 ’Δποκαλῦψει
3304 4884 3566 4947 Ἰωάννου,
3603 4879 3685 4932 καὶ
3718 4876 3777 4927 ὅτι

2248 4976 2402 5047 παρὰ
2451 4975 2727 5038 πλείστοις
2767 4975 2800 5045 ἡ
2851 4972 3034 5044 βίϐλος
3069 4974 3501 5046 πεπιστευμένη,
3544 4972 3627 5027 καὶ
3663 4963 3779 5036 παρὰ

2244 5070 2357 5131 τοῖς
2390 5066 2693 5135 θεοσεϐέσι,
2712 5066 2902 5140 δῆλοψ
2929 5067 3030 5138 τὴν
3055 5066 3113 5120 δὲ
3146 5065 3333 5135 βίϐλον
3368 5064 3776 5133 ἀναγινώσκοντες

2245 5161 2297 5212 οἱΔ
2337 5159 2602 5223 πλεῖστοι,
2642 5159 2739 5213 καὶ
2788 5158 3061 5222 εὐλαϐεῖς,
3111 5158 3242 5229 περὶ
3277 5157 3392 5211 τῶν
3443 5145 3778 5224 πνευματικῶν

2246 5251 2468 5315 εἰδότες,
2510 5250 2607 5303 καὶ
2649 5250 2714 5308 ἐν
2754 5240 2890 5320 αὐτῇ
2943 5248 3337 5319 πνευματικῶς
3377 5248 3563 5319 ἔχοντα
3609 5234 3777 5309 ὴμῦἀν

2246 5359 2451 5407 νοντες,
2490 5342 2665 5414 ἀληθῆ
2717 5341 2816 5413 μὲν
2859 5341 3011 5408 ὄντα,
3055 5342 3114 5394 ἐν
3145 5339 3408 5410 βαθύτητι
3452 5338 3508 5392 δὲ
3536 5325 3777 5402 σαφηνιζά-

2250 5453 2387 5506 μενα
2416 5434 2864 5488 πεπιστεύκασιν.
2889 5433 2964 5487 Οὐ
2993 5432 3155 5503 μόνον
3173 5431 3421 5503 γὰριὲκεῖ
3436 5427 3588 5484 τοῦτο
3609 5419 3775 5495 βαθέως

2245 5527 2487 5599 εἴρηται,
2511 5525 2648 5582 ἀλλὰ
2678 5527 2775 5587 καὶ
2809 5525 2947 5607 ᾄλλᾳ
2972 5524 3165 5580 πολλὰ.

2320 5721 2441 5776 AZ‘.
2486 5719 2576 5774 Ἐν
2600 5720 2658 5774 δὲ
2683 5718 2769 5790 τῷ
2792 5718 3019 5790 παρόντι
3055 5714 3234 5786 καιρῷ
3261 5709 3357 5767 διὰ
3397 5714 3493 5783 τὴν
3532 5698 3778 5806 συντομίαν

2253 5813 2412 5885 μόνον
2436 5814 2494 5873 ὲν
2523 5812 2824 5888 ὑπομνήσει
2847 5810 3151 5882 γεγένημαι
3173 5805 3248 5879 τῷ
3264 5805 3429 5878 λόγῳν
3454 5806 3592 5866 ὅπως
3609 5805 3774 5869 me;
