3964 6416
398 398 405 404 ’
422 400 529 458 697

1022 401 1388 459 ADVERSUS
1424 403 1762 460 ΙΙιΕΚΕΒΕδ
1792 402 1919 459 LIB.
1959 403 2048 459 Ill.
2089 403 2250 463 TOM.
2291 406 2444 462 II.—
2490 406 2758 467 "JERES.
2802 410 3062 469 LXXVII.

3558 413 3664 470 698

418 519 469 569 οἱ
496 516 790 582 θεοσεϐεῖς,
823 517 905 572 δτι
949 519 1112 573 παντὶ
1142 518 1446 590 βουλομένῳ
1489 520 1836 590 ὑπερϐαίνειν
1867 521 1993 587 τοὺς

2102 523 2328 594 ligiosus
2352 525 2589 596 quilibet
2623 527 3111 595 animadverteret,
3145 529 3460 601 quicunque
3491 532 3663 587 semel

419 606 578 678 ὄρους
619 609 717 679 τῆς
743 610 904 677 ἁγίας
950 609 1086 664 Θεοῦ
1129 611 1472 682 Ἐκκλησίας,
1519 614 1613 664 καὶ
1642 611 1994 682 παραδόσεως

419 700 518 770 τῆς
564 700 911 772 προφητικῆς
955 701 1048 753 καὶ
1095 701 1480 771 ἀποπολικῆς,
1532 702 1767 766 πίστεώς
1809 719 1868 755 τε
1899 703 1994 756 καὶ

418 790 765 853 ὃιδχσκαλίας
793 790 890 863 τὴν
909 790 1120 857 ἐλπίδα,
1149 791 1257 857 ἀπὸ
1278 793 1375 862 τῆς
1408 793 1534 863 μιᾶς
1566 792 1873 856 ὑποθέσεως
1898 792 1992 846 τοῦ

423 880 642 952 μικροῦ,
671 882 767 935 καὶ
797 881 1026 952 βραχέος
1058 882 1216 950 λόγου
1241 924 1256 950 ,
1294 883 1434 936 κατὰ
1473 883 1535 937 τὸ
1564 884 1867 954 ἀκαριαῖον,
1901 885 1993 938 καὶ

390 975 582 1044 τυχὸν
642 976 701 1027 ὲν
757 973 1092 1045 παρεκδάσει
1149 974 1432 1044 γινόμενος
1483 975 1847 1044 φρονήματος,
1917 976 1993 1037 εἰς

421 1065 622 1129 πολλὰς
645 1064 830 1118 λοιπὸν
873 1064 1207 1133 κενοφωνίας
1250 1065 1344 1117 καὶ
1387 1064 1659 1135 σφαλερὰς
1689 1065 1938 1129 ὑπονοίας
1964 1065 1994 1117 ό

420 1156 697 1226 λογισμὸς,
729 1155 821 1208 καὶ
853 1157 933 1219 είς
964 1156 1357 1226 ἀναρμόστους,
1389 1156 1483 1208 καὶ
1521 1154 1678 1222 ξένας
1712 1154 1990 1227 ζητήσεις,

419 1249 514 1302 καὶ
547 1247 885 1316 ἀπεράντους
906 1246 1276 1315 γενεαλογίας,
1300 1247 1441 1300 κατὰ
1466 1247 1534 1300 τὰ
1558 1247 1662 1299 ὑπὸ
1692 1247 1785 1301 τοῦ
1826 1249 1993 1301 Ἀπο-

421 1340 610 1393 στόλου
630 1339 911 1411 εἰρημένα,
933 1340 1293 1409 τραπήσεται.
1321 1336 1472 1392 Εἶναι
1493 1338 1599 1409 γὰρ
1620 1338 1778 1393 τοῦτο
1800 1338 1992 1411 εὔηθες

419 1432 578 1496 πολὺ,
601 1433 698 1485 καὶ
737 1431 874 1501 μήτε
902 1430 1092 1501 χρείαν
1129 1429 1250 1500 ἔχον
1282 1430 1597 1501 ἑρμηνείας,
1635 1430 1796 1483 παντὶ
1825 1428 1993 1498 σαφές

418 1524 536 1575 ἐστι
561 1520 638 1591 τῷ
659 1522 872 1574 σύνεσιν
902 1521 1243 1592 κεκτημένῳ,
1274 1520 1356 1574 ὅτι
1383 1520 1501 1573 οὐδὲ
1534 1520 1804 1573 ἐπιδέεται
1830 1519 1993 1591 ζητή-

421 1630 559 1678 σεως
599 1612 882 1685 ἡτοιαύτη
930 1613 1089 1681 σοφία
1130 1614 1226 1666 καὶ
1275 1611 1530 1674 ὑπόθεσις
1578 1609 1671 1663 τοῦ
1715 1608 1892 1677 λόγου.
1929 1608 1992 1661 Εἰ

417 1703 527 1774 γὰρ
565 1700 891 1772 ὲγειρόμεθα
942 1701 1099 1754 πάλιν
1128 1701 1571 1772 περιτέμνεσθαι,
1598 1700 1703 1753 τίνι
1731 1699 1809 1769 τῷ
1850 1698 1994 1769 λόγῳ

415 1799 479 1851 οὐ
518 1796 927 1867 προειλήφαμεν
964 1794 1028 1848 τὸ
1065 1793 1522 1864 περιτέμνεσθαις
1551 1792 1693 1862 Ἀρα
1724 1785 1817 1843 οὖν
1853 1788 1993 1842 κατὰ

413 1887 577 1941 ⁴τοῦτο
599 1886 1020 1957 ἀναγκαιότερος
1045 1886 1061 1917 ⁸
1087 1883 1245 1955 ἡμῶν
1271 1882 1628 1953 τυγχάνουσιν
1652 1881 1701 1934 οί
1729 1877 1994 1933 ἀπεντεῦ-

416 1980 513 2032 θεν
535 1978 594 2031 τὸ
624 1977 826 2031 τέλειον
865 1976 1199 2045 ἐπιγνόντες,
1226 1974 1318 2029 καὶ
1348 1973 1738 2047 προειληφότες
1760 1969 1990 2027 τελειοῦο

419 2071 565 2137 σθαι,
593 2072 651 2124 ὲν
691 2074 756 2142 τῇ
800 2068 923 2123 τότε
975 2067 1245 2141 μελλούσῃ
1296 2066 1612 2137 τελειότητι.
1655 2064 1765 2120 Ποῦ
1795 2059 1888 2117 οὗν
1934 2062 1997 2115 τὸ

418 2162 572 2234 παρὰ
598 2161 679 2233 τῷ
730 2160 1040 2230 Ἀποστόλῳ
1083 2159 1409 2232 εἰρημένον,
1452 2158 1534 2211 ὅτι
1593 2156 1734 2211 Ἐὰν
1765 2155 1995 2225 περιτέ-

408 2258 669 2325 μνησθε,
687 2254 945 2323 Χριστὸς
976 2252 1131 2323 ὑμᾶς
1151 2252 1329 2306 οὐδὲν
1355 2250 1819 2321 ὠφελήσεωκαὶ,
1846 2250 1997 2303 01n-

413 2364 523 2411 νες
551 2346 622 2398 ἐν
646 2347 808 2415 νόμῳ
839 2343 1202 2406 δικαιοῦσθε,
1233 2342 1344 2413 τῆς
1369 2343 1609 2413 χάριτος
1634 2339 1993 2406 ἐξεπέσατεο

414 2438 514 2489 καὶ
559 2435 674 2499 πῶς
714 2437 776 2489 τὸ
819 2434 969 2505 παρᾶ
1015 2433 1094 2504 τῷ
1137 2433 1329 2504 Κυρίῳ
1372 2434 1688 2504 εἰρημένονο
1742 2432 1840 2484 Ἐν
1887 2432 1997 2501 τὰρ

414 2527 496 2595 τῇ
527 2526 855 2581 ἀναστάσει
886 2526 1024 2580 οὔτε
1052 2526 1372 2595 γαμοῦσιν,
1405 2526 1544 2579 οὔτε
1568 2525 1992 2595 γαμίσκονται·

415 2617 583 2672 ἀλλὰ
628 2616 935 2687 ἰσάγγελοι
972 2621 1112 2676 εισι.
1160 2616 1236 2669 Τὸ
1263 2616 1340 2681 δὲ,
1383 2614 1732 2682 Καθήσεσθε
1762 2614 1861 2668 ἐπὶ
1891 2611 1999 2682 τῆς

414 2708 706 2777 τραπέζης
727 2710 832 2763 τοῦ
860 2710 1089 2777 Πατρός
1098 2725 1216 2778 μου
1241 2707 1550 2773 ἐσθίοντες
1575 2707 1673 2760 καὶ
1695 2707 1994 2772 πίνοντες·

417 2798 538 2862 καὶ,
574 2799 747 2851 Ὅταν
777 2799 921 2852 αὐτὸ
945 2798 1058 2850 πίω
1090 2798 1302 2851 καινὸν
1329 2795 1461 2865 μεθ’
1486 2795 1655 2864 ὑμῶν
1685 2795 1756 2847 ἐν
1780 2792 1856 2862 τῇ
1878 2795 1996 2858 βα-

415 2892 622 2958 σιλείᾳ
650 2889 768 2943 τῶν
791 2888 1080 2959 οὐρανῶν,
1129 2889 1264 2960 μετὰ
1294 2887 1610 2959 προσθήκης
1641 2886 1734 2940 τοῦ
1751 2888 1963 2941 καινόν
1980 2901 1995 2918 ο

420 2985 518 3037 καὶ
545 2984 625 3047 τὸ,
670 2981 798 3035 Ἐπί
826 2982 936 3050 τῆς
967 2979 1255 3050 τραπέζης
1276 2981 1387 3049 τῆς
1417 2981 1741 3046 ,ϐασιλείας
1759 3019 1774 3044 ,
1812 2979 2000 3048 ἕτερον

415 3075 514 3127 τὸν
546 3074 670 3127 νοῦν
706 3073 976 3144 σημαίνει.
1004 3073 1116 3126 Καὶ⁵
1145 3072 1254 3143 γὰρ
1292 3073 1386 3126 καὶ
1414 3070 1566 3124 αὐτοί
1596 3088 1795 3141 φαμεν,
1830 3088 1999 3141 μεμα-

2093 620 2426 675 constitutos
2460 619 2516 673 in
2552 618 2795 674 Ecclesia
2829 622 3120 687 terminos,
3147 637 3212 677 ac
3254 625 3586 694 prophetiam
3611 636 3666 681 et

2093 700 2410 781 apostolica:
2465 710 2611 774 ﬁdei,
2662 726 2829 781 quam
2868 712 3127 767 traditam
3182 714 3522 784 accepimus,
3565 716 3667 771 do-

2092 803 2394 872 ctrinaeque
2440 817 2592 873 spem
2639 802 2822 873 egredi
2862 805 3115 872 voluerit,
3156 806 3279 875 ejus
3319 807 3562 861 animum
3595 822 3667 861 ex

2092 895 2358 951 levissimi
2388 894 2627 965 alicujus
2673 896 2969 951 occasione
2999 896 3155 963 dicti,
3184 897 3241 951 in
3268 913 3328 953 re
3355 898 3571 953 modica
3601 911 3668 952 ac

2093 988 2299 1044 nullius
2322 1003 2461 1058 pene
2486 989 2751 1044 momenti
2784 1005 2814 1041 a
2846 989 3121 1043 communi
3148 989 3236 1043 via
3263 987 3665 1053 deﬂectentem,

2094 1078 2162 1132 ad
2200 1077 2540 1133 vanissimas
2583 1077 2819 1133 subinde
2860 1078 3222 1145 assertiones,
3254 1078 3667 1148 periculosissi-

2091 1183 2318 1238 masque
2358 1169 2684 1233 sententias,
2729 1177 2783 1223 et
2828 1169 2896 1223 ad
2939 1169 3213 1225 absurdas
3255 1154 3321 1223 ac
3348 1169 3670 1239 peregrinas

2036 1258 2045 1321 ξ
2092 1254 2444 1325 quaestiones,
2477 1264 2664 1326 atque,
2693 1266 2754 1311 ut
2776 1257 3075 1326 Apostolus
3103 1257 3348 1327 loquitur
3368 1259 3414 1322 ¹,
3440 1258 3673 1313 inextri-

2092 1348 2296 1403 cabiles
2330 1349 2696 1419 genealogias,
2741 1362 2866 1404 esse
2908 1348 3211 1419 Iapsurum.
3244 1348 3400 1414 Quod
3449 1347 3670 1418 quidem

2095 1438 2160 1492 ad
2195 1437 2248 1492 id
2275 1437 2341 1493 de
2366 1453 2476 1509 quo
2505 1438 2558 1492 in
2602 1440 2898 1509 praesentia
2928 1453 3112 1493 sermo
3145 1447 3250 1505 est,
3282 1438 3501 1502 attinet,
3529 1438 3671 1493 stulo

2096 1530 2377 1586 tissimum
2444 1529 2589 1586 istud
2650 1547 2810 1598 esse,
2875 1547 3053 1600 neque
3111 1531 3474 1600 esplicatione
3530 1543 3674 1599 opus

2094 1619 2320 1684 habere,
2361 1620 2615 1691 quisquis
2642 1620 2929 1690 paululum
2978 1620 3122 1690 sapit
3157 1620 3422 1675 facillime
3462 1633 3674 1688 cogno-

2091 1709 2217 1777 scit,
2247 1725 2350 1766 nec
2387 1710 2442 1765 in
2476 1710 2747 1780 ejusmodi
2799 1711 3068 1780 sapientia
3100 1710 3467 1780 Opinioneque
3503 1710 3672 1780 quid-

2096 1816 2260 1871 quam
2300 1816 2443 1869 esse,
2490 1800 2635 1872 quod
2669 1801 3080 1871 inquisitiduem
3109 1800 3400 1856 desideret.
3442 1797 3580 1853 Nam
3621 1798 3671 1854 si

2097 1892 2278 1947 denuo
2307 1899 2368 1946 ut
2398 1891 2860 1947 circumcidamur
2892 1892 3248 1961 resurgimus,
3286 1904 3387 1944 cur
3417 1903 3525 1943 non
3564 1889 3673 1942 cir-

2096 1982 2487 2039 eumcisionem
2531 1981 2958 2038 antevertimus?
2991 1980 3135 2037 Sane
3177 1979 3270 2051 qui
3319 1978 3377 2033 in
3423 1979 3527 2033 hac
3561 1977 3671 2032 vita

2095 2072 2357 2143 idipsum,
2397 2072 2543 2143 quod
2591 2073 2891 2143 perfectum
2933 2071 3187 2135 habetur,
3221 2070 3431 2141 1032
3463 2084 3672 2140 cogno-

2096 2166 2297 2230 verint,
2331 2174 2385 2220 et
2427 2172 2583 2219 tanto
2613 2172 2739 2221 ante
2780 2178 3049 2234 usurpare
3085 2162 3371 2233 cmperint,
3417 2161 3671 2217 luculen-

2096 2257 2210 2312 tius
2236 2256 2303 2309 ad
2338 2255 2575 2310 futuram
2607 2255 2753 2308 illam
2782 2252 3170 2325 perfectionem
3196 2250 3552 2306 obtinendam
3579 2250 3677 2320 jus

2096 2350 2242 2404 nacti
2287 2354 2437 2404 sunt.
2498 2346 2773 2413 Quorsum
2828 2344 2992 2414 igitur
3043 2343 3111 2398 ab
3162 2342 3419 2411 Apostolo
3464 2340 3675 2395 dictum

2096 2447 2211 2497 est:
2258 2439 2319 2494 Si
2350 2436 2827 2501 circumcidamini,
2867 2434 3112 2489 Christus
3154 2432 3286 2486 nihil
3336 2431 3480 2487 vobis
3511 2430 3679 2500 prodo

2096 2534 2196 2586 erit
2218 2531 2276 2584 '?
2304 2529 2438 2584 Item
2465 2546 2478 2583 :
2508 2528 2614 2594 Qui
2644 2530 2700 2581 in
2725 2527 2834 2597 lege
2851 2526 3251 2595 justiﬁcamini,
3277 2541 3308 2577 a
3329 2524 3507 2595 gratia
3534 2523 3679 2576 exci-

2097 2623 2253 2677 distis
2276 2621 2318 2676 ⁸.
2371 2621 2514 2675 Tum
2564 2619 2697 2674 illud
2755 2618 2919 2673 etiam
2973 2615 3277 2672 Salvatoris
3323 2614 3576 2669 dictum:
3613 2611 3680 2666 In

2099 2713 2489 2769 resurrectione
2522 2713 2663 2766 enim
2703 2727 2865 2779 neque
2896 2709 3096 2763 ducunt
3127 2722 3341 2771 uxores,
3383 2720 3545 2775 neque
3580 2719 3680 2757 uu-

2101 2806 2228 2861 bunt
2246 2822 2267 2870 ;
2301 2803 2392 2859 sed
2425 2803 2653 2873 wquales
2685 2811 2809 2857 sunt
2834 2800 3036 2871 angelis
3058 2800 3099 2853 '.
3135 2797 3295 2865 Quod
3324 2805 3506 2852 autem
3540 2793 3684 2850 scri-

2099 2905 2253 2967 ptum
2285 2903 2370 2952 est
2403 2914 2416 2948 :
2450 2894 2711 2950 Sedebitis
2748 2892 2816 2945 ad
2847 2907 3081 2945 mensam
3142 2888 3326 2942 Patris
3373 2886 3499 2949 mei,
3538 2900 3684 2937 com-

2098 2990 2307 3045 edentes
2350 2996 2400 3042 et
2441 2986 2730 3050 bibentes“,
2784 2990 2838 3039 ct
2885 2981 3060 3039 :Cum
3097 2980 3230 3034 illud
3272 2978 3448 3033 bibam
3493 2992 3685 3031 novum

2099 3082 2367 3136 uobiscum
2393 3079 2450 3132 in
2497 3094 2654 3148 regno
2687 3075 2936 3130 caelorum
2958 3077 3003 3139 ",
3029 3090 3093 3130 ex
3128 3088 3195 3129 eo
3231 3073 3379 3144 quod
3423 3071 3676 3132 additur,

419 3166 649 3237 θηκότες
690 3166 797 3219 ἀπὸ
830 3164 940 3218 τῶν
971 3163 1131 3217 θείων
1173 3163 1367 3231 λόγων,
1418 3162 1723 3234 μετάληψίν
1751 3180 1871 3215 τινα
1900 3161 1969 3215 πό

2102 3187 2306 3234 novum,
2363 3177 2440 3235 et,
2476 3170 2544 3222 ad
2578 3184 2815 3222 mensam
2845 3166 3022 3236 regni,
3060 3165 3168 3220 alio
3198 3179 3364 3220 sensu
3403 3162 3681 3230 accipien-

423 3271 595 3324 ματος
633 3253 727 3307 καὶ
758 3251 1046 3324 βρώματος
1090 3250 1394 3324 ἀμϐροσίου
1417 3267 1431 3281 ’
1482 3252 1610 3321 περὶ
1641 3245 1715 3303 ὧν
1759 3248 1997 3320 εἴρηται,

416 3347 504 3400 ὅτι
541 3346 612 3398 Ἀ
643 3342 950 3414 ὀφθαλμὸς
993 3344 1103 3396 οὐκ
1141 3338 1285 3407 οἶδε,
1321 3342 1419 3395 καὶ
1459 3336 1570 3407 οὖς
1599 3342 1711 3394 οὐκ
1747 3339 1995 3408 ἤκουσε,

418 3436 524 3491 καὶ
555 3436 650 3490 ἐπὶ
684 3434 934 3504 καρδίαν
960 3433 1272 3501 ἀνθρώπου
1307 3436 1416 3487 οὐκ
1451 3432 1632 3501 ἀνέθη
1653 3447 1665 3460 ·
1698 3430 1737 3486 ἂ
1760 3431 2003 3503 ἡτοίμα-

421 3544 541 3586 σεν
568 3530 600 3581 ό
630 3526 773 3593 Θεὸς
801 3526 927 3593 τοῖς
956 3523 1271 3596 ἀγαπῶσιν
1301 3526 1509 3580 αὐτόν.

501 3800 631 3854 ΛῐΡ.
672 3799 834 3854 Ἀλλὰ
876 3815 1059 3870 φησιν,
1091 3799 1173 3852 ὃτι
1257 3798 1479 3869 Πρῶτον
1508 3798 1606 3868 μὲν
1635 3799 1691 3852 ἐν
1715 3800 1779 3869 τῇ
1809 3791 2019 3868 χιλιον-’

420 3889 707 3965 ταετηρίδι
736 3888 844 3942 τῶν
876 3887 1124 3958 φυσικῶν
1157 3887 1644 3959 μεταλαμϐάνομεν
1683 3888 1853 3959 ἡδέων
1877 3887 2004 3941 ἄνευ

424 3980 679 4050 καμάτου
729 3979 821 4034 καὶ
855 3977 1243 4049 λύπηςνμετὰ
1287 3978 1344 4031 δὲ
1376 3978 1473 4051 τὴν
1522 3976 2006 4050 χιλιονταετηρίδα,

424 4072 553 4126 τότε
599 4072 1083 4144 μεταλαμϐάνομεν
1115 4064 1189 4125 ὧν
1222 4069 1459 4142 εἴρηται,
1511 4072 1649 4124 κατὰ
1681 4070 1741 4123 τὸ
1783 4069 2010 4140 εἰρημέ-

424 4181 524 4219 νον
539 4180 554 4196 ο
578 4165 645 4220 Ἀ
664 4164 973 4235 ὀφθαλμός
994 4166 1106 4219 οὐκ
1128 4163 1273 4228 οἵδε,
1292 4164 1389 4219 καί
1415 4159 1525 4229 οὖς
1547 4160 1655 4217 οΰκ
1675 4161 1960 4231 ἤκουσεν.

516 4340 814 4403 ’Δντίθετος
857 4340 914 4393 δέ
947 4341 1094 4393 ἐστιν
1124 4340 1153 4392 ὁ
1201 4339 1359 4406 λόγος
1399 4337 1536 4408 πρὸς
1561 4337 1658 4407 τὴν
1688 4339 1868 4390 πᾶσαν
1909 4335 2010 4405 τῆς

431 4431 659 4503 Γραφῆς
688 4432 941 4503 θεωρίαν.
973 4431 1037 4483 El
1079 4431 1186 4500 γὰρ
1217 4430 1246 4482 ό
1276 4429 1440 4499 νόμος
1469 4428 1658 4481 οὐδένα
1704 4426 2006 4489 ἐτελείωσε,

2102 3263 2234 3318 dum
2270 3261 2407 3315 illud
2444 3259 2687 3314 videtur.
2738 3257 2952 3326 Quippe
3002 3265 3057 3311 et
3109 3269 3229 3317 nos,
3260 3253 3314 3307 id
3344 3251 3489 3321 quod
3521 3265 3552 3306 e
3594 3265 3682 3304 sa-

2102 3353 2213 3408 cris
2238 3349 2422 3406 Libris
2466 3348 2785 3412 didicimus,
2828 3354 3016 3416 potum
3069 3358 3134 3398 ac
3171 3343 3354 3397 cibum
3390 3342 3682 3410 quemdam

2104 3443 2216 3499 illic
2246 3439 2583 3496 ambrosium
2631 3452 2757 3493 esse
2789 3436 3156 3500 defendimus,
3189 3435 3257 3490 de
3301 3434 3501 3503 quibus
3543 3432 3685 3487 scri-

2102 3538 2257 3602 ptum
2281 3536 2367 3584 est
2397 3547 2412 3584 :
2437 3528 2569 3594 Qua:
2623 3526 2807 3580 oculus
2830 3540 2933 3579 non
2970 3523 3127 3589 uidit,
3168 3539 3264 3578 nec
3304 3523 3451 3577 auris
3486 3521 3684 3585 audiit,

2103 3637 2263 3691 neque
2307 3622 2363 3676 in
2410 3636 2501 3674 cor
2548 3618 2774 3672 hominis
2812 3614 3191 3680 ascenderunt;
3222 3629 3337 3685 qua:
3363 3613 3684 3682 preparavit

2104 3712 2246 3768 Deus
2275 3708 2612 3782 diligentibus
2637 3724 2692 3762 se
2714 3708 2758 3762 ⁸.

2178 3801 2461 3858 XXXVIII.
2506 3801 2612 3855 Sed
2661 3800 2738 3854 ita
2772 3799 2863 3855 ille
2902 3798 3094 3854 statuit
3128 3792 3413 3851 :Primum
3464 3792 3525 3848 in
3564 3800 3685 3847 toto

2107 3896 2202 3951 illo
2227 3891 2538 3949 milienario
2565 3889 2853 3945 curriculo
2885 3885 3233 3942 naturalibus
3258 3900 3361 3941 nos
3389 3883 3689 3953 voluptati-

2107 3989 2210 4043 bus
2241 4000 2362 4041 esse
2398 3983 2687 4061 (ruiturus,
2716 3980 2904 4036 labore
2952 3977 3102 4034 omni
3133 3993 3199 4045 ac
3228 3977 3416 4033 dolore
3437 3975 3677 4037 sublato,

2107 4091 2217 4147 quo
2273 4073 2495 4147 quidem
2556 4072 2775 4129 evoluto
2827 4078 3099 4140 tempore,
3141 4082 3332 4124 eorum
3376 4080 3499 4137 quae
3537 4065 3687 4121 dicta

2107 4175 2255 4233 sunt,
2311 4164 2606 4235 participes
2656 4162 2895 4218 futuros.
2938 4160 3094 4227 Quod
3130 4158 3246 4215 haec
3291 4158 3458 4214 verba
3501 4156 3686 4213 decla-

2108 4263 2232 4310 rant
2261 4274 2275 4310 :
2308 4256 2440 4321 Quae
2473 4271 2564 4309 nec
2583 4253 2766 4308 oculus
2791 4250 2944 4316 vidit,
2977 4265 3068 4304 nec
3096 4250 3244 4302 auris
3283 4246 3507 4301 audivit.

2179 4345 2381 4402 Verum
2430 4346 2518 4401 hic
2563 4346 2782 4399 illorum
2843 4355 3030 4398 sermo
3078 4339 3337 4394 omnibus
3385 4335 3689 4403 Scriptura.-

2113 4437 2402 4495 sententiis
2438 4444 2725 4507 repugnat.
2766 4433 2906 4488 Cum
2935 4433 3082 4487 enim
3116 4430 3203 4487 lex
3246 4427 3517 4485 neminem
3559 4440 3686 4496 per-

433 4524 674 4593 νόμονδὲ
709 4524 847 4595 μετὰ
889 4522 1185 4577 ἀνάστασιν
1219 4519 1509 4591 φυλάττειν
1538 4516 2000 4595 προσταττόμεθα,

2113 4530 2313 4585 fectum
2366 4526 2685 4592 reddiderit,
2742 4532 2796 4580 et
2834 4524 3081 4579 eamdem
3135 4529 3319 4575 tamen
3357 4518 3533 4588 legem
3564 4524 3687 4586 post

435 4617 534 4669 καὶ
556 4615 638 4669 ὅτι
668 4594 823 4683 ἅγιος
863 4613 1026 4683 νόμος
1056 4614 1084 4666 ὁ
1115 4610 1203 4665 διὰ
1241 4609 1521 4672 Μωῦσέως
1558 4607 1664 4661 ὑπὸ
1692 4607 1897 4679 Κυρίου
1930 4594 2012 4660 66-

436 4710 556 4773 θεὶς
584 4708 932 4777 παιδαγωγὸς
968 4707 1050 4771 είς
1081 4705 1314 4776 Χριστὸν
1341 4705 1472 4774 ἡμῖν
1503 4700 1746 4771 γέγονεν,
1770 4700 1845 4769 ὡς
1881 4700 2014 4754 ὐπο-

433 4800 717 4873 δεέστερος
752 4798 862 4853 τῶν
898 4798 1291 4869 τελειουμένων
1310 4795 1388 4866 τῷ
1420 4794 1649 4866 μείζονι,
1685 4794 1779 4848 καὶ
1811 4793 2013 4846 τελειο-

434 4892 584 4963 τάτῳ
646 4892 944 4961 προσάγειν
1001 4887 1453 4959 πεπιστευμένος.
1512 4885 1753 4958 Χριστοῦ
1808 4885 1866 4939 δὲ
1917 4885 2012 4939 τοῦ

433 4984 644 5038 τελείου
673 4982 941 5046 ἐλθόντος,
961 4982 1057 5035 καὶ
1083 4980 1373 5042 Δεσπότου,
1405 4979 1500 5031 καὶ
1525 4976 1921 5049 παρειληφότος
1950 4977 2013 5029 ὲκ

436 5076 622 5149 χειρὸς
649 5075 744 5129 τοῦ
777 5074 1297 5144 παιδαγωγήσαντος
1335 5071 1428 5124 τὸν
1450 5068 1824 5139 εἰσαγόμενον,
1853 5085 2011 5121 τουτ-

439 5170 558 5223 έστι
583 5167 694 5221 τῶν
723 5166 935 5220 πιστῶν
974 5165 1072 5234 τὴν
1126 5164 1289 5233 ἁγίαν
1318 5162 1616 5233 Παρθένον,
1654 5162 1751 5214 καὶ
1787 5158 2015 5230 Ἐκκλη-

443 5258 589 5321 σίαν,
620 5259 714 5313 καὶ
727 5257 883 5329 ἡμῶν
897 5255 1248 5324 ὲπιγνόντων,
1281 5254 1371 5308 διὰ
1400 5255 1501 5325 μὲν
1537 5252 1704 5324 νόμου
1733 5253 1827 5306 τοῦ
1859 5251 2017 5307 παιδ-

442 5348 663 5417 αγωγοῦ
706 5348 799 5402 τὸν
859 5344 1082 5417 μείζονα
1131 5345 1227 5401 καὶ
1275 5343 1565 5414 τελειωτὴν
1615 5342 1844 5414 Ἰησοῦν,
1897 5343 2016 5407 πῶς

441 5439 565 5510 οὐχὶ
610 5438 809 5507 μᾶλλον
849 5436 1107 5509 βραχείας
1146 5435 1354 5499 ἑννοίας
1400 5436 1496 5488 καὶ
1528 5434 1782 5505 εὐηθείας
1817 5434 2017 5505 μᾶλλον

442 5528 787 5600 δειχθήσεται
816 5530 847 5582 ὁ
884 5527 1041 5596 λόγος
1077 5525 1185 5581 τῶν
1225 5526 1294 5580 τὰ
1334 5524 1559 5581 τοιαῦτα
1608 5525 1896 5594 λεγόντων,
1932 5526 2019 5580 ὅτι

521 5708 539 5780 _'
573 5703 1093 5780 F.&vayxat61:spoy:
1187 5708 1208 5739 ³
1238 5706 1253 5760 Ι
1279 5704 1490 5780 Τίηῃηι,
1650 5705 1703 5780 η⁸
1731 5705 1848 5761 Gal.
1880 5722 1940 5780 tt,
1971 5708 2023 5762 5.

2108 4620 2562 4676 resurrectionem
2611 4618 2904 4673 observare
2953 4629 3056 4669 nos
3112 4612 3346 4681 jubeant
3371 4609 3403 4679 ξι
3449 4621 3689 4677 cumque

2110 4720 2297 4768 sancta
2330 4710 2422 4765 illa
2451 4711 2559 4777 lex,
2596 4724 2760 4781 quam
2803 4723 2898 4779 per
2929 4706 3168 4771 Moysem
3214 4700 3481 4758 Dominus
3523 4697 3688 4755 nobis

2109 4805 2297 4873 edidit,
2356 4805 2633 4876 pzedagogi
2686 4820 2786 4860 nos
2840 4801 3056 4859 instar’
3097 4797 3165 4852 ad
3222 4794 3503 4851 Christum
3560 4807 3688 4862 per-

2111 4898 2350 4962 duxerit,
2387 4897 2502 4959 cui,
2543 4897 2692 4965 quod
2732 4896 2895 4964 longe
2945 4889 3214 4947 absolutis
3263 4886 3376 4942 illis
3417 4900 3484 4941 ac
3516 4882 3691 4954 perle-

2111 4991 2216 5047 ctis
2249 4999 2396 5046 esset
2421 4988 2672 5049 inferior,
2708 4986 2897 5042 datum
2941 4982 3220 5053 negotium
3252 4986 3358 5043 est,
3392 4986 3453 5032 ut
3487 4990 3589 5030 nos
3618 4973 3685 5027 ad

2110 5080 2475 5138 excellentius
2533 5076 2711 5139 illud,
2761 5089 2826 5129 ac
2885 5073 3035 5128 velut
3088 5077 3255 5141 caput
3306 5081 3687 5136 summumque

2111 5171 2431 5234 deduceret,
2488 5182 2612 5221 cum
2645 5174 2769 5237 post
2819 5164 2935 5219 haec
2983 5161 3239 5218 Christus
3270 5159 3546 5232 perfectus
3595 5157 3688 5211 ille

2112 5277 2177 5316 ac
2211 5260 2476 5314 Dominus
2511 5255 2809 5318 advenerit,
2833 5268 2898 5308 ac
2914 5254 2981 5308 de
2998 5251 3277 5324 pmdagogi
3310 5265 3475 5305 manu
3514 5247 3685 5301 alum-

2113 5366 2244 5406 num
2303 5364 2368 5405 ac
2427 5349 2685 5413 tironem,
2748 5346 2852 5400 hoc
2894 5352 2981 5400 est
3037 5343 3321 5399 collectam
3358 5357 3390 5396 e
3436 5337 3685 5393 ﬁdelibus

2114 5440 2449 5504 Ecclesiam,
2505 5438 2654 5492 velut
2699 5438 2994 5508 quamdam
3046 5432 3316 5503 virginem
3370 5425 3683 5497 acceperit;

2116 5534 2253 5589 adeo
2299 5537 2358 5584 ut
2401 5526 2839 5599 praestantiorem
2893 5523 3085 5586 alium,
3120 5518 3378 5574 nimirum
3428 5527 3681 5569 consumo

2134 5704 2156 5736 ι
2187 5702 2305 5757 Gal.
2345 5666 2399 5757 ι,
2434 5701 2487 5754 ι.

456 5771 476 5801 ⁸
505 5775 642 5835 Luc.
674 5771 808 5845 uti,
830 5778 918 5835 '50.
982 5771 1011 5812 ’⁷
1044 5776 1210 5833 Marc.
1241 5791 1350 5840 xw,
1373 5771 1487 5833 24.’
1539 5777 1563 5809 ⁸
1595 5774 1614 5831 ι
1642 5773 1771 5835 Cor.
1805 5792 1863 5841 ιι,
1892 5778 1946 5836 9.
2025 5778 2046 5810 ⁸
2070 5775 2188 5831 Gul.
2222 5789 2306 5839 su,
2344 5771 2434 5827 24.

2596 5699 2617 5730 "
2655 5696 3008 5760 Mattb.sxtt,
3070 5687 3176 5756 50;
3259 5683 3392 5744 Luc.
3452 5699 3544 5751 ιι,
3597 5682 3695 5738 '55.

3730 3739 3769 3765 κ’
