3964 6396
380 327 489 387 699
1796 326 1854 382 S.
1887 327 2013 385 EPII

2127 330 2231 386 .Nll
3530 335 3618 392 ’ΝΟ

382 448 654 496 maturem
681 438 898 506 Jesum,
932 438 1092 507 legis,
1131 439 1212 495 sic
1243 446 1506 510 tanquam
1537 437 1844 512 pmdagogi,
1889 439 1979 496 be-
2010 497 2013 505 ,

2127 443 2235 495 ,ετά
2278 442 2377 515 τὴν
2403 442 2498 498 τοῦ
2529 441 2770 516 Χριστοῦ
2818 443 3098 500 τελείωσιν
3130 444 3287 501 πάλιν
3313 445 3620 519 παιδαγωγοῦ

383 533 585 590 nelicio
636 533 1097 604 cognoverimus;
1142 547 1329 588 nonne
1379 546 1596 589 summa
1647 547 1714 587 ex
1767 532 1973 603 ingenii

2127 534 2258 604 ρεία,
2289 535 2438 600 ὅπως
2480 536 2905 609 ἐπιστρέψωμεν
2929 537 3024 591 ἐπὶ
3058 536 3155 607 τὴν
3193 535 3484 607 ἀρχὴντῶν
3508 556 3624 596 στοι-

387 624 576 694 inopia
623 638 689 679 ac
744 623 980 679 stultitia
1025 622 1334 694 profectum
1377 631 1486 688 est,
1522 622 1669 693 quod
1720 623 1788 679 ab
1826 623 1976 678 illius

2127 624 2263 691 είων,
2300 628 2394 680 καὶ
2442 625 2685 697 διδαχῆς,
2718 627 2815 681 καὶ
2856 626 3155 691 ἐπιθέσεως
3178 626 3405 699 χειρῶν,
3436 628 3628 684 κατὰτὸ

388 715 661 787 dogmatis
688 717 938 786 patronis
977 716 1290 771 asseritur:
1320 723 1446 786 post
1474 716 1731 770 collatam
1762 716 1908 771 illam
1946 730 1978 769 a

2127 718 2510 789 εγραμμένονς
2571 718 2758 789 σαφῶς
2809 721 2939 791 ἡμῖν
2986 719 3082 774 τοῦ
3128 720 3439 775 ’Δποστόλου
3474 720 3631 790 λέγον-

398 807 621 862 Christo
651 805 1070 877 perfectionem,
1108 806 1403 879 paedagogo
1431 807 1625 862 iterum
1658 822 1798 876 opus
1836 821 1980 872 esse,

2127 821 2192 870 ις,
2245 805 2328 858 ὅτι
2392 804 2521 862 Πᾶν
2573 806 2641 862 τὸ
2694 811 3142 880 παλαιούμενον
3208 809 3309 864 καὶ
3363 810 3634 881 γηράσκον

393 908 455 953 ut
489 898 557 955 ad
601 899 786 968 priora
826 900 919 954 illa
967 899 1147 965 initia,
1179 908 1235 955 et
1278 904 1587 966 elementa,
1644 899 1979 954 doctrinam-

2127 897 2266 967 ,wrbc
2289 898 2637 969 ἀφανισμοῦ
2665 902 2921 973 γίνεται·
2950 902 3027 969 ὡς
3057 904 3186 975 περὶ
3210 903 3444 968 Παλαιᾶς
3471 902 3638 976 Διαθή-

392 1002 522 1058 que,
554 1001 619 1043 ac
646 1003 907 1042 manuum
930 987 1337 1058 impositionem
1374 996 1737 1052 revertamur,
1756 995 1814 1042 ut
1848 987 1984 1041 alic-

2127 1006 2189 1060 ης
2223 990 2319 1043 καὶ
2354 991 2697 1059 νομοθεσίας.
2732 993 3185 1064 Μετατιθεμένης
3225 994 3354 1066 γὰρ,
3387 994 3530 1065 φησι,
3559 993 3639 1063 τῆς

395 1078 488 1137 ubi
538 1079 806 1150 scriptum
865 1090 950 1135 est
973 1081 1031 1134 ‘i
1067 1096 1192 1136 cum
1235 1089 1418 1137 tamen
1453 1080 1752 1151 Apostolus
1777 1078 1986 1133 diserte

2127 1078 2391 1150 ερωσύνης
2424 1080 2485 1146 ἐξ
2519 1081 2765 1154 ἀνάγκης
2798 1083 2893 1137 καὶ
2919 1084 3087 1156 νόμου
3126 1082 3411 1154 μετάθεσις
3440 1083 3639 1152 γίνεται.

393 1186 497 1228 nos
543 1171 740 1227 doceat
789 1190 801 1225 :
858 1171 1130 1242 Quidquid
1178 1174 1527 1227 inveteratum
1581 1181 1700 1232 est.
1773 1167 1986 1239 1033

2127 1170 2164 1222 Η
2194 1170 2214 1200 ⁸
2242 1169 2300 1222 δέ
2335 1172 2597 1245 μετετέθη
2623 1174 2656 1245 ἡ
2694 1173 2929 1242 Παλαιά,
2957 1177 3053 1230 καὶ
3092 1173 3440 1244 ἀνεκαινίσθη
3473 1173 3643 1243 ﬁmi.

396 1280 460 1317 ac
497 1264 642 1318 senio
662 1263 977 1333 confectum,
1002 1266 1240 1334 proxime
1265 1264 1336 1318 ad
1360 1263 1630 1318 interitum
1659 1270 1897 1332 spectare
1926 1260 1983 1325 ἐ

2131 1259 2175 1325 ἰς
2210 1260 2342 1333 ἡμῖν
2387 1262 2552 1319 πάλιν
2596 1264 2889 1339 τολμηρῶς
2938 1268 3266 1340 παρεισάγοι
3312 1265 3545 1319 Παλαιὰν
3583 1264 3648 1327 είς

397 1354 545 1425 quod
584 1356 653 1411 de
680 1354 875 1411 Vetere
905 1355 1263 1411 Testamento
1300 1370 1365 1410 ac
1396 1355 1510 1426 lege
1556 1348 1936 1424 pronuntiavit
1970 1364 1984 1401 :

2127 1352 2311 1424 pﬁatv,
2364 1355 2464 1427 τὴν
2503 1357 2715 1429 Καινὴν
2761 1360 2842 1423 εἰς
2892 1359 3197 1414 παλαίωσιν
3238 1356 3649 1431 μετατιθέμενος,

402 1448 684 1502 Translata
717 1448 878 1511 enim,
914 1447 1111 1517 inquit,
1152 1447 1474 1514 sacerdotio,
1520 1443 1818 1500 necessario
1848 1441 1908 1510 ﬁt
1940 1449 1990 1495 et

2128 1442 2196 1512 ἧς
2237 1444 2338 1515 μὲν
2366 1447 2589 1519 χάριτος
2621 1451 2920 1504 ἀποπεσεῖν
2950 1447 3410 1523 παρασκευάζων,
3445 1447 3532 1502 καὶ
3564 1446 3656 1499 ἀπὸ

397 1537 527 1608 legis
577 1539 865 1594 translatio
888 1538 928 1594 ⁸.
991 1538 1178 1605 Quare
1216 1554 1343 1595 cum
1397 1536 1588 1594 Vetere
1636 1535 1993 1591 Testamento

2127 1532 2197 1604 ἧς
2230 1535 2497 1605 ὡφελείας
2531 1541 2770 1614 Χριστοῦ
2799 1544 2950 1614 ἡμᾶς
2990 1542 3280 1614 ἐκτρέπειν
3308 1538 3653 1613 πειρώμενοςς

398 1633 688 1698 translato,
748 1632 959 1688 Novum
1016 1633 1385 1691 instauratum
1439 1629 1640 1694 fuerit,
1694 1625 1824 1698 quis
1878 1631 1965 1679 est
2010 1623 2239 1681 audacia
2293 1637 2447 1686 tanta
2496 1634 2780 1703 pra'ditus,
2815 1636 2910 1707 qui
2952 1633 3124 1692 Vetus
3188 1633 3256 1690 ad
3299 1647 3459 1691 usum
3505 1630 3661 1686 denuo

399 1739 657 1782 revocare
713 1725 1047 1792 contendat,
1105 1724 1317 1781 Novum
1373 1732 1552 1779 autem
1615 1722 1682 1777 ad
1741 1721 1909 1776 situm
1975 1724 2418 1795 vetustatemque
2464 1727 2786 1796 transferre,
2831 1739 2892 1786 ut
2953 1738 3010 1787 et
3044 1744 3271 1788 causam
3349 1727 3508 1784 nobis
3545 1739 3661 1796 pra-

401 1819 545 1885 beat,
591 1835 694 1878 cur
740 1820 1061 1879 excidamus
1089 1835 1121 1875 a
1152 1820 1350 1893 gratia,
1379 1826 1436 1876 ct
1467 1819 1537 1875 ab
1567 1832 1633 1873 co
1667 1815 1875 1879 fructu,
1905 1811 1998 1885 qui
2028 1827 2126 1885 per
2179 1815 2460 1878 Christum
2505 1824 2666 1881 nobis
2725 1834 3077 1898 comparatus
3122 1834 3249 1894 est,
3290 1832 3538 1882 avertere
3571 1834 3653 1877 co-

399 1913 603 1972 ﬂetur?

469 2006 571 2064 llis
597 2007 837 2063 breviter
861 2005 929 2063 ad
972 2021 1097 2063 eum
1128 2004 1350 2061 modum
1392 2002 1702 2075 explicatis,
1743 2015 1866 2073 quae
1892 2014 1995 2055 nos

2170 1995 2465 2069 Συντόμως
2506 1998 2563 2053 δὲ
2610 1999 2785 2056 ταῦτα
2835 2002 2915 2076 τῷ
2950 2003 3096 2076 λόγῳ
3143 2004 3434 2075 διελόντες,
3484 2011 3571 2064 καὶ
3615 2012 3670 2068 τδ

401 2114 505 2171 pro
535 2097 783 2154 instituti
818 2098 1006 2168 operis
1034 2097 1249 2152 ratione
1276 2096 1413 2152 satis
1436 2111 1561 2150 esse
1590 2093 1897 2158 credimus,
1926 2091 1997 2146 ad

2127 2087 2287 2144 κανὸν
2319 2089 2692 2161 λογισάμενοι,
2738 2092 2827 2148 διὰ
2862 2096 2925 2149 τὸ
2971 2096 3176 2163 πλάτος
3224 2098 3330 2169 τῆς
3369 2100 3668 2168 συντάξεως,

402 2190 617 2261 reliqua
655 2198 1040 2257 transeamus;
1075 2204 1139 2244 ac
1170 2189 1265 2244 Dei
1296 2187 1552 2258 inprimis
1610 2200 1767 2256 opem
1807 2184 2003 2256 implo-

2133 2178 2195 2231 π¹ι
2227 2177 2297 2232 τά
2329 2179 2455 2251 ἑξῆς
2485 2182 2676 2253 ίωμεν,
2706 2184 3001 2254 ἀγαπητοὶ,
3031 2185 3165 2239 Θεὸν
3209 2186 3408 2257 βοηθὸν
3453 2190 3673 2262 συνήθως

402 2296 611 2348 remus,
652 2290 712 2336 ut
762 2281 830 2336 ad
878 2292 1077 2337 caetera
1116 2280 1440 2352 _tractanda,
1491 2278 1802 2335 enarranda
1849 2294 2003 2335 ever-

403 2371 681 2444 tendaque
708 2371 940 2427 feliciter
970 2372 1328 2429 accedamus.

603 2483 978 2541 ADVERSUS
1015 2482 1805 2548 ANTIDICOMARIANITAS,

565 2600 700 2669 Qua:
737 2607 818 2655 est
849 2599 1067 2655 hwresis
1108 2596 1335 2661 LVIII,
1366 2598 1471 2653 sive
1503 2595 1842 2653 LXXVIII.

479 2710 523 2765 1.
564 2707 711 2765 Idem
741 2708 875 2765 illud
906 2708 1102 2781 dogma
1129 2709 1318 2780 (cujus
1353 2718 1662 2765 assertores
1703 2710 1873 2765 etiam
1911 2706 2002 2761 Di-

412 2802 651 2859 mmritaa
680 2802 846 2872 vulgo
875 2802 1316 2873 nuncupantur),
1349 2802 1497 2871 quod
1526 2811 1800 2872 susceptae
1829 2800 2006 2855 homi-

413 2896 503 2951 nis
531 2909 562 2949 ιι
600 2894 822 2950 Christo
858 2900 1069 2949 natura:
1110 2902 1348 2949 mentem
1383 2895 1650 2959 detrahit,
1684 2895 1823 2950 alias
1854 2895 2010 2950 insn-

414 2999 513 3055 per
537 2984 828 3040 molestias
885 2997 951 3037 ac
985 2984 1203 3053 negotia
1239 2987 1469 3054 peperit,
1511 2994 1675 3053 atque
1711 2985 1765 3038 in
1805 2984 2009 3039 Arabia

414 3076 719 3147 praesertim
753 3092 768 3130 :
800 3075 870 3130 de
918 3075 1122 3145 quibus
1174 3075 1448 3149 religiosis
1494 3076 1827 3145 quibusdam
1874 3076 2009 3131 viris

415 3183 611 3223 sumus
662 3165 954 3221 admoniti.
1008 3166 1086 3219 Ac
1119 3166 1245 3220 licet
1291 3172 1452 3220 antea
1502 3166 1572 3221 de
1616 3165 1807 3222 eodem
1854 3180 2012 3238 argu-

419 3267 607 3314 mento
656 3257 947 3328 epistolam
990 3258 1404 3327 scripserimus,
1459 3264 1642 3312 tamen
1693 3256 1838 3328 quod
1892 3258 2011 3314 batc

2102 2270 2545 2344 ἐπικαλούμενοι,
2595 2276 2675 2338 είς
2713 2275 2812 2348 τὴν
2836 2276 2947 2330 τῶν
2987 2276 3189 2332 λοιπῶν
3226 2279 3489 2334 ὑπόθεσίν
3512 2298 3569 2334 τε
3596 2280 3678 2335 καὶ

2104 2359 2397 2427 ὑπόδειξιν,
2433 2365 2529 2417 καὶ
2556 2364 2761 2420 τούτων
2787 2365 3119 2440 ἀνατροπὴν.

2317 2482 2506 2537 ΚΑΤΑ
2545 2483 3314 2541 ΛΝΤΞΔΙΚΟΜΑΡΙΑΝῘΤΩΝ
3352 2490 3488 2561 (96),

2175 2594 2572 2663 Πεντηκοο-τὴ
2605 2594 2810 2665 ὀγδόη,
2846 2597 2885 2665 ἡ
2908 2598 3003 2652 καὶ
3035 2598 3386 2671 ἑπτακοστὴ
3424 2602 3617 2673 ὀγδόη.

2175 2704 2256 2758 A'.
2305 2703 2438 2758 Ἀπὸ
2460 2704 2660 2777 ταύτης
2689 2707 2792 2778 τῆς
2824 2709 2978 2780 παρά
3006 2727 3113 2763 τισι
3142 2712 3477 2783 Διμοιριτῶν
3505 2713 3686 2785 κεκλη-

2111 2796 2300 2867 μένης,
2348 2796 2382 2868 ἢ
2432 2798 2601 2868 χωρὶς
2646 2797 2739 2852 νοῦ
2779 2800 3047 2872 ἐνσάρκου
3097 2802 3339 2874 Χριστοῦ
3404 2804 3686 2875 παρουσίας

2108 2885 2539 2957 ὀνομαζομένης.
2578 2887 2718 2960 ἐφύη
2749 2890 2871 2944 τινὰ
2898 2890 3063 2961 ἔτερα
3097 2892 3430 2963 πράγματα,
3470 2895 3686 2965 μάλιστα

2110 2977 2168 3028 ἐν
2195 2978 2261 3047 τῇ
2310 2977 2577 3048 Ἀραϐίᾳ·
2618 2978 2890 3050 ἀνηνέχθη
2933 2980 2991 3033 δὲ
3034 2983 3101 3052 τῇ
3147 2981 3304 3052 ἡμῶν
3352 2984 3691 3057 ταπεινότητι

2110 3068 2241 3138 περὶ
2287 3068 2493 3121 τούτων
2538 3069 2645 3124 ὑπό
2686 3087 2849 3124 τινων
2877 3070 3141 3129 εὐλαϐὦν.
3176 3074 3286 3127 Καὶ
3336 3077 3558 3148 πρῶτον
3599 3078 3688 3148 μὲν

2111 3156 2400 3230 ἐπιστολὴν
2424 3164 2551 3231 περὶ
2570 3160 2670 3230 τῆς
2690 3160 3000 3225 ὑποθέσεως
3015 3163 3218 3236 ταύτης
3239 3172 3689 3238 γεγραφήκαμεν·

2112 3251 2261 3321 ὅμως
2291 3250 2348 3304 δέ
2373 3250 2460 3304 διὰ
2484 3250 2583 3322 τῆς
2608 3251 2930 3315 ἀκολουθίας
2957 3252 3053 3305 τοῦ
3078 3245 3313 3325 ἀριθμοῦ
3340 3258 3441 3311 καὶ
3473 3257 3694 3311 ἐνταῦθα

420 3351 649 3407 haeresis
699 3349 895 3405 ordine
968 3364 1068 3405 suo
1121 3364 1468 3419 numeroque
1526 3350 1827 3414 succedat,
1862 3350 2006 3405 banc

2127 3343 2283 3414 ιύτὴν
2322 3344 2497 3398 διόλου
2540 3344 2639 3416 τὴν
2679 3344 2971 3417 ἐπιστολὴν
3008 3345 3146 3417 μετά
3193 3346 3289 3400 καὶ
3324 3348 3441 3404 τῶν
3471 3349 3694 3418 εὐλόγως

417 3442 593 3511 ipsam
634 3457 735 3498 nos
769 3442 1081 3512 epistolam,
1119 3440 1454 3511 quibusdam
1501 3442 1700 3497 merito
1734 3442 1820 3497 vel
1853 3441 2012 3496 addi-

420 3536 513 3598 tis,
544 3535 631 3589 vel
659 3535 946 3598 detractis,
978 3530 1246 3588 adversus
1273 3534 1422 3587 illam
1455 3532 1836 3602 subjiciemus.

491 3626 708 3685 Etenim
765 3642 835 3682 ex
900 3625 1582 3681 Antidicomarianitarum
1648 3639 1812 3695 grege
1870 3640 2011 3680 non-

423 3718 584 3784 nulli,
634 3718 794 3789 quasi
845 3718 1124 3787 praaeipuo
1162 3718 1403 3788 quodam
1455 3717 1512 3771 in
1556 3714 1835 3786 Virginem
1885 3717 2012 3772 odio

424 3816 700 3877 suscepto,
737 3814 796 3860 ut
836 3807 957 3875 ejus
987 3808 1217 3877 gloriam
1266 3806 1665 3873 obscurarent,
1699 3808 1817 3861 sive
1865 3808 2013 3861 invi-

424 3898 538 3962 dia,
569 3898 687 3953 sive
708 3898 920 3951 erroris
946 3897 1193 3953 tenebris
1234 3897 1525 3968 obcaecati,
1557 3912 1670 3968 quo
1696 3898 2012 3953 mortalium

426 3990 644 4046 animos
679 3988 1059 4059 inquinarent,
1089 4005 1157 4044 eo
1188 3990 1521 4046 temeritatis
1556 3990 1834 4061 progressi
1863 3998 2012 4055 sunt,

425 4091 490 4138 ut
535 4082 947 4138 sanctissimam
995 4082 1218 4137 Mariam
1251 4090 1375 4153 post
1413 4082 1695 4137 Christum
1732 4083 1786 4137 in
1836 4082 2014 4159 lucem

424 4173 635 4228 editum
670 4188 796 4227 cum
843 4174 966 4230 viro
1007 4190 1110 4230 suo
1144 4172 1384 4244 Joseplio
1420 4174 1874 4230 consuetudinem
1917 4174 2017 4229 ba-

424 4266 615 4321 bnisse
644 4266 914 4321 dicerent.
955 4266 1130 4332 Quam
1165 4266 1388 4337 quidem
1423 4268 1763 4338 opinionem.
1815 4278 1876 4321 ut
1919 4283 2011 4323 su-

426 4369 524 4427 pra
556 4355 693 4420 dixi,
746 4355 817 4410 ab
853 4371 984 4411 sene
1016 4357 1109 4411 illo
1144 4357 1472 4429 Apollinari,
1532 4368 1628 4411 aut
1668 4358 1736 4411 ab
1784 4358 1905 4429 ejus
1933 4359 2016 4413 dio

427 4447 656 4517 scipulis
689 4463 950 4504 manasse
976 4449 1301 4518 praedicant,
1338 4449 1405 4503 de
1438 4463 1551 4520 quo
1599 4449 1842 4504 nondum
1884 4448 2015 4502 mihi

424 4538 640 4608 liquido
684 4546 923 4595 constat.
980 4537 1271 4610 Utcunque
1326 4555 1447 4596 sese
1489 4555 1578 4595 res
1625 4540 1842 4603 habeat,
1892 4553 2017 4593 cum

427 4632 744 4686 necessario
769 4644 799 4683 a
840 4631 1002 4687 nobis
1037 4632 1117 4686 illi
1158 4631 1440 4687 refutandi
1470 4633 1602 4695 sint,
1654 4647 1721 4687 ne
1763 4630 2015 4687 eumdem

426 4720 672 4777 laborem
705 4722 918 4794 1035.
945 4722 1127 4778 denuo
1173 4732 1507 4794 repetamus,
1540 4693 1829 4793 subjiciam
1871 4722 2019 4777 illam
2053 4693 2098 4749 Β

429 4809 721 4880 ipsamniet
751 4815 1065 4884 epistolam,
1103 4828 1269 4885 quam
1295 4813 1354 4868 in
1386 4813 1649 4869 Arabiam
1677 4830 1706 4869 a
1736 4829 1824 4870 me
1857 4822 2020 4870 antea

430 4901 695 4971 scriptam
725 4919 851 4961 esse
880 4905 1202 4962 memoravi.
1232 4905 1366 4973 Qum
1398 4913 1482 4963 est
1512 4906 1785 4977 ejusmodi
1826 4924 1841 4961 :

496 5011 784 5083 Epiphanii
812 5018 1037 5087 epistola
1062 5019 1316 5077 adversus
1352 5021 1953 5076 Antidicomarianitas.

454 5167 459 5171 η
505 5128 573 5184 ll.
617 5126 863 5187 Dominis
892 5131 1026 5187 meis
1055 5130 1349 5204 plurimum
1374 5132 1759 5198 observandis,
1793 5149 1860 5190 ac
1893 5134 2025 5190 cha-

434 5221 676 5281 rissimis
709 5220 857 5287 filiis,
887 5230 944 5275 et
973 5223 1204 5282 sinceris
1233 5227 1517 5294 fratribus,
1545 5227 1794 5296 ejusdem
1825 5228 2018 5287 ortho-

436 5313 593 5371 doxae
624 5313 747 5371 fidei
782 5311 1211 5390 professoribus,
1252 5327 1360 5375 tam
1383 5320 1810 5388 sacerdotibus,
1851 5336 2016 5392 quam

2116 3433 2320 3506 ταύτην
2345 3434 2367 3466 ⁸
2390 3433 2879 3505 προστεθειμένὼν,
2901 3435 2936 3507 ἢ
2958 3435 3069 3489 ἀπὸ
3089 3436 3257 3509 αὐτῆς
3280 3437 3697 3511 ἐξαιρουμένων,

2117 3531 2197 3593 είς
2232 3529 2329 3602 τὴν
2360 3530 2575 3602 αἵρεσιν
2603 3528 2859 3601 ἐροῦμεν.

2191 3620 2797 3693 Ἀντιδικομαριανιτῶν
2851 3622 2960 3694 γάρ
3015 3639 3184 3687 τινες,
3231 3622 3429 3697 ὥσπερ
3484 3623 3700 3696 ἐχθρίαν

2120 3714 2257 3786 πρὸς
2286 3714 2383 3785 τὴν
2409 3714 2684 3786 Παρθένον
2715 3713 2951 3785 ἔχοντες,
2984 3716 3078 3769 καὶ
3107 3713 3427 3785 βουλόμενοι
3453 3730 3701 3769 κατευτε·

2120 3804 2292 3868 λίζειν
2322 3805 2539 3876 ἐκείνης
2567 3803 2626 3857 τὸ
2649 3803 2828 3868 κλέος,
2857 3804 3037 3876 φθόνῳ
3057 3804 3166 3858 τινὶ
3193 3802 3459 3875 ἀρθέντες
3483 3804 3517 3875 ἢ
3551 3802 3702 3872 σφάλ-

2124 3915 2277 3967 ματι,
2334 3901 2429 3952 καὶ
2484 3898 2681 3968 κρᾶναι
2740 3897 3057 3970 βουλόμενοι
3100 3896 3339 3962 διανοίας
3380 3896 3702 3968 ἀνθρώπων,

2122 3989 2428 4061 ἐτόλμησαν
2472 3988 2653 4057 λέγειν
2696 3990 2795 4060 τὴν
2841 3990 3005 4059 ἁγίαν
3036 3990 3261 4061 Μαρίαν
3299 3988 3444 4060 μετά
3483 3989 3584 4060 τὴν
3613 3985 3702 4040 τοῦ

2121 4079 2359 4149 Χριστοῦ
2386 4079 2640 4151 γέννησιν
2684 4079 2836 4152 ἀνδρὶ
2866 4076 3155 4152 συνῆφθαι,
3186 4082 3332 4151 φημι
3358 4079 3416 4133 δὲ
3455 4078 3605 4148 αὺτῷ
3632 4077 3705 4149 τῷ

2124 4171 2345 4241 Ἰωσήφ.
2375 4171 2512 4223 Φασὶ
2541 4170 2619 4235 δὲ,
2655 4170 2732 4233 ὡς
2765 4169 2879 4224 ἀνω
2912 4186 3003 4241 μοι
3027 4169 3266 4238 εἴρηται,
3302 4168 3386 4221 ὅτι
3412 4170 3513 4222 ἀπ’
3545 4165 3703 4220 αὐτοῦ

2122 4262 2217 4316 τοῦ
2272 4262 2580 4336 πρεσϐύτου
2620 4261 3031 4333 ’Δπολλιναρίου
3077 4260 3341 4331 ἐξήχηται
3378 4260 3409 4312 ὁ
3455 4259 3632 4327 λόγος,
3672 4255 3706 4325 ἢ

2124 4357 2233 4411 ἀπό
2275 4374 2436 4409 τινων
2480 4355 2591 4411 τῶν
2634 4354 2785 4427 αὐτῷ
2816 4352 3349 4426 μεμαθητευμένωνθ
3401 4351 3502 4406 καὶ
3544 4351 3709 4420 ἀμφι·

2125 4449 2325 4505 ϐάλλω.
2359 4450 2497 4523 Περὶ
2529 4450 2588 4505 δέ
2630 4448 2742 4503 τῶν
2785 4447 2959 4502 ταῦτα
3004 4446 3271 4515 λεγόντων
3314 4444 3567 4514 ἀνάγκην
3604 4441 3707 4512 ἔχω

2126 4542 2328 4611 λέγειν.
2371 4542 2490 4596 Ἵνα
2521 4541 2580 4596 δὲ
2615 4540 2691 4612 μὴ
2718 4540 2797 4603 είς
2835 4537 3084 4610 δεύτερον
3124 4536 3371 4608 κάματον
3396 4533 3593 4588 ἐαυτδν
3614 4547 3708 4584 πε·

2129 4636 2439 4708 ριϐἀλλοιμι
2458 4674 2474 4700 ,
2506 4634 2744 4705 καθεξῆς
2774 4634 2843 4704 ἢν
2872 4633 3134 4703 προεῖπον
3163 4630 3470 4700 γραφεῖσαν
3494 4627 3707 4680 ἐπιστο-

2127 4728 2225 4800 λὴν
2275 4730 2356 4794 είς
2402 4726 2499 4800 τὴν
2556 4725 2805 4798 ’Δράϐων
2849 4721 3035 4798 χώραν
3081 4719 3355 4787 ὑποτάξω.
3379 4718 3517 4780 ,Καὶ
3566 4716 3710 4771 ἐστιν

2124 4824 2242 4897 ἤδει

2134 5020 2493 5090 Ἐπιςσανιου
2518 5015 2819 5086 ἐπιστολὴ
2849 5016 3004 5071 κατά
3037 5005 3707 5081 Ἀντιδικομαριιινιτῶν.

2192 5132 2269 5186 B'.
2294 5132 2518 5203 Κυρίοις
2550 5148 2652 5202 μου
2689 5127 3044 5200 τιμιωτάτοις
3092 5126 3189 5181 καὶ
3217 5122 3606 5195 ποθηνοτάτοις
3629 5118 3713 5172 τέο

2124 5243 2293 5289 κνοις,
2328 5227 2421 5279 καὶ
2450 5224 2700 5294 ἀδελφοῖς
2721 5221 2989 5293 γνησίοις,
3019 5218 3114 5272 καὶ
3141 5216 3460 5287 ὀμοπίστοες
3496 5209 3710 5284 690056-

2127 5320 2240 5386 ξοις
2270 5319 2381 5373 ἀπὸ
2411 5317 2601 5388 ἱερέως
2628 5317 2761 5388 ᾶχρι
2785 5312 3004 5379 λαῖκοῦ,
3033 5310 3129 5365 καὶ
3150 5307 3578 5381 κατηχουμένοις
3601 5302 3711 5363 τοίς

535 5495 554 5527 ⁸
590 5494 751 5557 licbr.
786 5511 840 5563 ν,
873 5495 981 5563 12;
1012 5511 1084 5561 νι,
1113 5492 1169 5551 2.
1266 5497 1287 5528 ²
1322 5495 1486 5554 llebr.
1514 5515 1637 5565 vm,
1674 5498 1761 5556 15.
1838 5499 1859 5532 ³
1893 5497 2007 5555 ch

2127 5513 2185 5565 tt,
2216 5496 2316 5554 12..
2382 5495 2406 5528 ⁸
2434 5494 2505 5555 F.
2532 5497 2603 5549 εἰ.
2679 5494 2704 5528 ⁵
2736 5492 2870 5564 Reg.
2898 5490 3093 5589 ταξτα.
3130 5487 3292 5544 Forte
3318 5485 3507 5558 ταύτῃ.

516 5643 628 5714 (96)
666 5643 1332 5722 ἶΑντιὸικομαριανιτῷν.
1390 5650 1465 5708 De
1511 5652 2034 5709 Antidicomariani—
2136 5662 2327 5708 curate
2375 5650 2639 5722 disputat
2664 5648 3052 5722 Hieronymus.
3087 5638 3708 5722 “Vide_et_.._Ambr08iuul

448 5718 627 5772 tarum
659 5718 925 5790 dogmate,
952 5718 1104 5794 quod
1134 5721 1460 5779 Jovinianus
1499 5723 1903 5796 propngnabat,
1940 5739 2032 5780 ac-

2137 5739 2263 5780 cutu
2294 5722 2418 5779 aliis
2450 5715 2506 5779 in
2537 5720 2700 5790 locis,
2732 5730 2847 5778 tum
2873 5715 3053 5792 Epist.
3085 5719 3119 5778 ὅ
3149 5724 3203 5775 et
3227 5716 3295 5788 -7,
3312 5715 3405 5774 lib.
3435 5729 3479 5774 r.
