3964 6434
329 361 440 422 τοι

943 362 1317 422 ADVERSUS
1356 363 1701 422 HERESES
1735 364 1868 427 LIB,
1906 363 1993 420 Ill.
2035 364 2200 425 TOM.
2237 365 2391 421 ll.-—--
2427 364 2704 423 ILERES.
2738 360 3024 420 LXXVIII.

3508 360 3616 419 702

335 479 486 534 κατὰ
508 478 609 552 τὴν
651 477 910 553 ’Δρασίαν
942 480 1263 553 Ἐπιφάνιος
1286 484 1570 556 ἐλάχιστος
1615 488 1928 545 ἐπισκόπων

2030 487 2187 545 laicis
2242 495 2298 543 et
2341 486 2776 552 catechumenis,
2821 482 3163 556 Epiphanius
3224 482 3612 554 episcOporum

334 570 577 643 χαίρειν.

412 660 732 733 Θαυμάζειν
787 661 936 724 ἔστιν
973 665 1032 721 ὲν
1063 665 1142 740 τῷ
1194 668 1425 738 παρόντι
1479 669 1676 742 καιρῷ,
1708 672 1803 729 καὶ
1853 672 1929 744 μὴ

334 750 680 824 θαυμάζεινο
724 753 1027 833 θαυμάζειν
1082 758 1219 831 μὲν,
1270 760 1353 815 ὅτι
1405 760 1499 815 ἐπὶ
1558 764 1627 833 τῇ
1683 763 1930 836 ἡμετέρα

334 848 504 920 γενεᾷ
525 846 708 906 πάντα
736 848 1040 921 πληροῦται
1063 867 1078 880 ·
1110 851 1203 905 καὶ
1237 852 1310 923 μὴ
1342 851 1643 924 θαυμάζειν
1665 869 1680 883 ·
1718 855 1801 910 δεῖ
1818 854 1930 927 γὰρ

335 936 702 1011 πληροῦσθαι.
744 940 1048 1014 Ὀσημέραι
1089 941 1198 1013 γὰρ
1235 942 1378 997 κατὰ
1422 943 1681 1015 πρόθεσιν
1715 944 1812 1007 νῦν
1839 946 1928 1015 γίεο

335 1047 491 1088 νεται
509 1032 640 1107 ἡμῖν
667 1031 734 1087 ἐκ
758 1031 1035 1104 λογισμῶν
1057 1034 1413 1106 ἀνθρωπίνων
1439 1036 1532 1089 καὶ
1555 1036 1930 1109 διανοημάτων

337 1122 629 1192 σοφιστικὴ
673 1121 920 1197 ὑπόνοια,
953 1125 1048 1178 καὶ
1080 1125 1174 1178 ἐπὶ
1210 1125 1269 1179 τὸ
1308 1128 1491 1196 χεῖρον
1522 1128 1926 1201 προκύπτουσα,

335 1212 831 1284 καταλιμπάνουσά
876 1231 937 1269 τε
984 1214 1084 1286 τὴν
1139 1216 1501 1290 ἀποστολικὴν
1544 1220 1925 1280 διδασκαλίαν

335 1301 522 1367 καθὼς
548 1304 579 1363 ὁ
604 1301 908 1371 ἀγιὼτατος
948 1303 1271 1371 Ἀπόστολος
1308 1311 1589 1379 προεῖπεν,
1624 1310 1708 1363 ὅτι
1753 1313 1927 1369 Ἀπο·

332 1391 677 1460 στήσονταί
723 1409 887 1460 τινες
915 1392 1022 1466 τῆς
1053 1399 1451 1466 ὑγιαινούσης
1493 1397 1890 1467 διδασκαλίας
1910 1440 1928 1467 ,

335 1483 749 1561 προσέχοντες
795 1485 1030 1558 μύθοις,
1085 1487 1185 1540 καὶ
1242 1487 1668 1556 διδασκαλίαις
1725 1489 1931 1560 damo-

331 1573 509 1639 rlw,
557 1573 656 1633 καὶ
708 1573 779 1628 τὰ
832 1573 983 1647 ἑξῆς.
1030 1572 1100 1627 El
1139 1591 1193 1628 τι
1232 1574 1342 1647 γὰρ
1371 1575 1452 1630 ἔνι
1481 1577 1800 1651 ἀνερευνᾷν,
1837 1579 1931 1631 καὶ

334 1663 577 1717 ἐπινοεῖν
599 1661 752 1727 ὁδοὺς
791 1662 1058 1735 πονηρὰς,
1092 1660 1266 1719 ταῦτα
1305 1665 1509 1737 μᾶλλον
1534 1668 1932 1732 σπουδάζουσιν

330 1753 389 1815 οἱ
425 1752 723 1824 ἄνθρωποι,
762 1754 908 1826 ἤπερ
949 1753 1287 1825 πληροῦντες
1331 1756 1430 1828 τὴν
1463 1758 1683 1829 ἐντολὴν
1714 1757 1814 1831 τὴν
1842 1759 1932 1813 λέ-
1978 1784 1989 1795 ~

2030 579 2313 644 minimus,
2346 579 2622 635 salutem;

2105 669 2203 729 Est
2254 672 2360 727 hoc
2424 680 2671 741 tempore
2716 669 2864 740 quod
2916 665 3300 723 admirandam
3354 665 3517 723 simul
3562 670 3618 719 et

2032 775 2145 816 non
2191 760 2579 819 admirandum
2616 759 2868 819 videatur
2904 757 3325 814 :admirandum
3371 754 3616 826 quidem,

2026 852 2178 922 quod
2212 860 2376 909 aetate
2408 860 2601 909 nostra
2634 851 2967 922 impleantur
2992 849 3212 915 omnia;
3239 848 3461 902 minime
3488 860 3619 901 vero

2028 945 2364 1010 mirandum,
2413 943 2561 1014 quod
2607 944 2799 999 eadem
2851 942 2942 996 illa
2987 940 3202 1011 impleri
3253 953 3478 994 necesse
3521 938 3614 993 sit.

2030 1033 2247 1090 Etenim
2284 1035 2531 1105 quotidie
2565 1034 2729 1090 nobis
2765 1031 3068 1103 sophistica
3115 1031 3300 1100 aliqua
3339 1028 3617 1083 cavillatio

2029 1140 2319 1197 perperam
2348 1125 2603 1183 allectat:
2643 1125 2905 1180 humanis
2933 1140 3000 1180 ex
3030 1122 3267 1192 ingeniis
3308 1134 3373 1175 ac
3423 1120 3620 1175 menti-

2029 1217 2137 1272 bus
2168 1216 2428 1287 erumpit,
2476 1228 2644 1287 atque
2673 1217 2731 1272 in
2760 1215 3008 1272 deterius
3036 1226 3329 1284 progressa
3374 1211 3443 1264 ab
3485 1224 3618 1280 apo-

2030 1309 2233 1367 stolica
2262 1307 2517 1364 doctrina
2545 1302 2829 1371 desciscit,
2856 1302 3316 1375 quemadmodum
3341 1300 3623 1371 apostolus

2028 1398 2233 1457 Paulus
2255 1401 2584 1472 praedixerat
2607 1399 2892 1470 :Deﬁeient
2909 1395 3121 1467 quidem
3143 1412 3176 1449 α
3194 1410 3330 1449 sana
3353 1392 3619 1457 doctrina,

2030 1492 2356 1549 attendentes
2395 1492 2594 1564 fabulis
2639 1500 2691 1547 ει
2728 1490 2989 1545 doctrinis
3025 1487 3411 1543 damoniorum
3434 1484 3478 1550 ⁸,
3510 1491 3619 1540 etc.

2029 1582 2168 1638 Nam
2213 1585 2260 1640 si
2285 1599 2395 1654 qua
2430 1599 2552 1640 sese
2586 1596 2975 1655 perversarum
3009 1579 3227 1634 viarum
3270 1575 3624 1647 inquirenda-

2030 1688 2154 1729 rum
2212 1681 2378 1744 atque
2441 1672 2927 1745 excogitandarum
2983 1668 3204 1726 occasio
3257 1674 3312 1723 et
3379 1664 3619 1722 lacultas
3694 1656 3719 1670 ’

2034 1763 2325 1828 obtulerit,
2355 1764 2411 1820 in
2450 1779 2516 1819 eo
2550 1764 2733 1835 potius
2778 1761 3063 1817 hominum
3093 1759 3279 1816 studia
3304 1764 3620 1821 versantur,

331 1859 559 1913 γουσαν,
592 1843 736 1899 καλά
768 1845 864 1900 καὶ
916 1845 1290 1918 εὐπρόσδεκτα
1318 1847 1506 1920 ζητεῖν
1529 1862 1543 1879 ⁸
1577 1850 1693 1916 καὶ,
1742 1850 1805 1905 '0
1823 1850 1928 1906 λό-

2030 1869 2194 1926 quam
2219 1870 2285 1910 ex
2308 1862 2585 1926 praecepto
2602 1854 2700 1911 illo
2726 1850 3099 1923 exsequendo,
3118 1850 3266 1921 quod
3291 1850 3526 1904 honesta
3562 1854 3620 1902 et

332 1952 445 2007 γος
494 1935 673 1993 ἅλατι
723 1937 763 2008 ᾗ
818 1938 1172 2009 ἠρτυμένος,
1227 1940 1388 2007 ὅπως
1435 1937 1519 2005 δῷ
1569 1940 1750 2010 χάριν⁶
1799 1940 1926 2009 τοῖς

330 2029 653 2084 ἀκούουσι.
686 2031 796 2086 Καὶ
840 2032 890 2085 εί
939 2032 1111 2089 ταῦτα
1155 2032 1590 2104 διανοηθείημεν,
1631 2034 1714 2091 ὅτι
1761 2034 1926 2090 πόθεν

332 2119 628 2195 συμϐαίνει
651 2121 774 2174 καθ’
804 2122 1045 2191 ἑκάστην
1078 2124 1291 2195 ἡμέραν
1322 2124 1767 2189 ἀνακαινίζεσθαι
1793 2127 1927 2198 ἡμῖν

326 2210 408 2265 τὰ
444 2210 650 2281 φαῦλα,
709 2213 948 2284 ἐσόμεθα
994 2215 1088 2275 καὶ
1134 2214 1289 2277 αὐτοὶ
1339 2214 1416 2279 ὡς
1460 2215 1794 2280 ἀπαίδευτοι,
1830 2217 1925 2273 καὶ

332 2297 417 2371 μὴ
446 2301 803 2372 προσέχοντες
830 2305 943 2366 τοῖς
963 2303 1129 2367 θείοις
1168 2304 1263 2358 καὶ
1297 2306 1690 2376 προρρητικοῖς
1721 2306 1921 2375 λόγοις.

328 2390 430 2443 Δεῖ
452 2389 562 2460 γὰρ
609 2391 784 2446 ταῦτα
823 2393 1187 2463 πληροῦσθαι.
1236 2396 1324 2448 Ἐν
1356 2394 1528 2457 ἅπασι
1573 2395 1684 2467 γὰρ
1732 2396 1924 2467 μέρεσι

327 2484 437 2555 τῆς
456 2484 694 2549 πίστεως
717 2485 799 2538 δεῖ
819 2485 1085 2543 τελεῖσθαι
1112 2485 1173 2539 τὸ
1203 2486 1489 2558 εἰρημένον
1512 2502 1526 2516 °
1552 2482 1705 2555 Ἆρα
1730 2488 1927 2545 ἐλθὼν

328 2577 369 2629 ὁ
412 2574 543 2642 Υίὸς
564 2575 669 2631 τοῦ
700 2576 1017 2644 ἀνθρώπου
1040 2577 1286 2646 εὑρήσει
1311 2577 1428 2646 τὴν
1455 2578 1668 2635 πίστιν
1693 2579 1792 2633 ἐπὶ
1813 2578 1926 2647 τῆς

324 2666 491 2737 τῆς;
544 2666 657 2721 Ποῦ
694 2667 805 2739 γὰρ
842 2667 1147 2739 ἔφθασεννή
1203 2668 1412 2722 διάνοια
1455 2667 1567 2721 τῶν
1619 2667 1924 2739 ἀνθρώπων

326 2760 628 2831 ἐγκειμένη
661 2760 755 2821 ἐπὶ
784 2760 845 2814 τὸ
892 2759 1129 2831 πονηρὸν
1171 2761 1238 2815 ὲκ
1280 2760 1567 2833 νεότητος;
1609 2762 1745 2825 Ποῖα
1780 2761 1923 2832 μέρη

325 2851 432 2923 τῆς
461 2851 697 2916 πίστεως
720 2851 822 2905 οὐκ
865 2852 1184 2917 ἀπώλεσεν;
1230 2853 1318 2906 Ἐν
1368 2852 1541 2917 ποίοις
1575 2851 1633 2913 δὲ
1678 2851 1857 2921 λόγοις
1888 2854 1923 2924 ἡ

330 2941 662 3015 καηοὸουλία
685 2941 748 2997 τὸ
775 2943 1046 3017 χρήσιμον
1076 2942 1177 2995 οὐκ
1217 2940 1480 3014 ὲτάραξε;
1514 2943 1530 2973 ί
1566 2940 1677 2998 τῶν
1704 2941 1761 2995 δὲ
1790 2960 1925 3013 πρε-

319 3032 715 3095 πωδεστάτων,
748 3032 841 3087 καὶ
864 3034 921 3088 ὲν
948 3016 1298 3091 καταστάσει
1326 3016 1559 3103 ’λογικῆς
1592 3032 1827 3101 φύσεως,
1854 3025 1923 3102 ἦς

305 3123 397 3204 ’τὸ
423 3123 633 3196 πρέπον
658 3119 728 3199 ἦν
747 3123 820 3178 τὰ
850 3123 1024 3194 σεμνὰ
1062 3123 1263 3197 μᾶλλον
1297 3122 1646 3188 διανοεῖσθαι,
1682 3124 1776 3177 καὶ
1801 3122 1924 3179 τού-

328 3232 449 3280 τοις
482 3215 832 3285 προστιθέναι
869 3213 1175 3285 βιάζεσθαι,
1207 3216 1256 3268 εί
1294 3214 1390 3269 καὶ
1423 3213 1530 3269 ἔδει
1564 3213 1716 3283 παρὰ
1742 3214 1924 3284 φύσιν,

326 3308 434 3363 καὶ
460 3307 536 3381 μὴ
579 3306 780 3380 μᾶλλον
805 3307 875 3363 τὰ
916 3296 1147 3381 ἀληθινὰ
1178 3309 1257 3371 εἰς
1282 3306 1351 3361 τὰ
1397 3306 1611 3376 ἄσεμνα
1652 3306 1929 3378 παρατρέ-

328 3416 460 3457 πειν
493 3397 848 3476 βιαζομένους
876 3398 970 3452 ἐπὶ
999 3398 1060 3452 τὺ
1091 3401 1292 3469 χεῖρον.

2028 1945 2428 2014 approbatione
2446 1945 2611 2014 digna
2637 1958 2887 2015 quaerere
2912 1942 3070 2013 jubet
3091 1940 3145 2008 ";
3172 1948 3266 1995 aut
3294 1940 3469 1995 altero
3492 1937 3618 1992 illo:

2026 2034 2214 2093 Sermo
2244 2045 2413 2092 vester
2445 2037 2559 2091 sale
2586 2037 2658 2091 sit
2675 2034 2940 2101 conditus,
2962 2042 3020 2087 ut
3041 2032 3127 2087 det
3152 2032 3384 2102 gratiam
3407 2027 3624 2083 audien-

2029 2128 2168 2184 tibus
2193 2130 2235 2182 ⁸.
2272 2129 2431 2195 Quod
2480 2129 2526 2184 si
2567 2130 2683 2183 haec
2717 2127 2982 2183 attentius
3023 2125 3207 2179 animo
3232 2123 3583 2178 revolvamus
3605 2156 3624 2182 ,

2029 2221 2180 2277 unde
2209 2222 2326 2288 ﬁat,
2365 2231 2426 2277 ut
2454 2222 2696 2292 pessima
2731 2235 2962 2289 quaeque
2990 2218 3152 2272 nobis
3181 2215 3238 2270 in
3266 2214 3388 2269 dies
3418 2214 3624 2267 instau-

1998 2320 2244 2383 _renlur,
2290 2318 2346 2367 et
2394 2327 2495 2367 nos
2544 2311 2652 2381 ipsi
2700 2313 3083 2379 imperitorum
3135 2305 3348 2361 similes
3386 2302 3623 2366 erimus,

2024 2403 2119 2472 qui
2169 2402 2376 2458 divinis
2428 2403 2613 2458 verbis
2688 2412 2744 2457 et
2792 2399 3071 2456 vaticiniis
3127 2399 3372 2451 animum
3438 2395 3621 2449 minus

2026 2494 2405 2550 adhibeamus.
2455 2493 2583 2557 Hm:
2616 2495 2762 2553 enim
2793 2491 3008 2562 impleri
3057 2503 3284 2545 necesse
3311 2493 3419 2551 est,
3457 2494 3625 2554 atque

2026 2584 2080 2639 in
2108 2586 2369 2640 omnibus
2396 2585 2519 2639 ﬁdei
2550 2585 2804 2655 partibus
2832 2582 3016 2653 perlici
3049 2580 3195 2651 quod
3232 2578 3441 2633 dictum
3484 2582 3571 2630 est
3602 2590 3620 2628 :

2027 2675 2159 2732 Cum
2208 2679 2404 2732 venerit
2462 2676 2641 2730 Filius
2696 2673 2949 2737 hominis,
2984 2689 3053 2726 an
3095 2671 3253 2740 ﬁdem
3296 2667 3520 2722 inveniet
3566 2665 3624 2719 in

2027 2777 2171 2824 terra
2192 2769 2250 2822 °?
2275 2769 2397 2834 Quo
2421 2767 2569 2823 enim
2600 2767 2825 2821 tandem
2855 2764 3137 2819 hominum
3172 2777 3327 2831 mens
3364 2774 3535 2831 prona
3566 2758 3622 2812 in

2025 2853 2229 2908 malum
2257 2854 2328 2911 ab
2358 2862 2547 2911 tenera
2571 2861 2731 2907 aetate
2762 2852 3034 2923 processit
3056 2851 3114 2904 7?
3162 2849 3337 2915 Quam
3362 2863 3475 2903 non
3497 2846 3625 2901 iidel

2026 2954 2237 3017 partem
2260 2946 2680 3015 pessumdedit?
2710 2945 3001 3012 Quodnam
3033 2958 3164 2999 vero
3193 2942 3391 3011 dogma
3427 2948 3536 3003 est,
3566 2938 3623 2993 in
3740 2958 3745 2963 ε

2026 3052 2136 3107 quo
2169 3039 2441 3107 perditum
2472 3038 2693 3093 illorum
2737 3037 3057 3102 consilium,
3101 3033 3369 3104 quidquid
3408 3032 3627 3088 fruetus

2026 3137 2147 3183 erat
2180 3139 2234 3184 et
2267 3131 2542 3194 utilitatis,
2578 3146 2687 3185 non
2718 3127 3101 3199 pert‘urharit?
3124 3141 3249 3180 cum
3291 3125 3425 3178 illud
3452 3125 3625 3183 semel

2029 3221 2384 3291 neglexisset,
2407 3221 2555 3291 quod
2587 3221 2837 3290 apprime
2869 3220 3120 3283 decebat,
3149 3225 3205 3273 et
3234 3216 3454 3271 ratione
3489 3229 3625 3284 prae-

2028 3312 2160 3368 ditas
2181 3320 2395 3366 natura;
2414 3312 2580 3371 statui
2606 3318 3040 3365 consentaneum
3072 3318 3190 3363 erat
3220 3327 3235 3362 :
3268 3308 3358 3361 cui
3396 3306 3624 3376 quidem

2024 3400 2156 3455 illud
2197 3401 2381 3468 potius
2422 3399 2802 3464 conveniebat,
2864 3407 2925 3453 ut
2986 3398 3217 3452 honesta
3265 3409 3498 3466 qumque
3543 3408 3614 3447 ac

328 3488 594 3559 religiosa
626 3488 896 3565 cogitaret
923 3488 1129 3551 animo,
1162 3495 1217 3542 et
1246 3486 1317 3542 ad
1345 3500 1409 3542 ea
1433 3501 1557 3543 sese
1584 3486 1668 3541 vel
1714 3485 1941 3545 invitam
2008 3497 2206 3559 praeter
2260 3498 2516 3545 naturam
2559 3503 2736 3551 suam,
2791 3488 2838 3543 si
2888 3488 2961 3542 ita
3013 3501 3240 3542 necesse
3311 3486 3472 3548 foret,
3529 3497 3626 3537 ac-

330 3673 706 3743 detorqueret.

407 3765 482 3825 I".
512 3764 714 3819 Λοιπὸν
746 3762 881 3835 γὰρ,
921 3761 1114 3835 ἐπειδὴ
1146 3761 1325 3827 πάντα
1370 3762 1527 3835 ἡμῶν
1566 3762 1928 3834 πεπλήρωται

328 3856 406 3927 τῇ
436 3855 617 3931 γενεᾷ,
639 3853 711 3908 τά
733 3871 794 3906 τε
823 3852 1142 3925 βλάσφημα,
1165 3852 1260 3907 καὶ
1282 3852 1352 3906 τὰ
1379 3851 1534 3916 ἐκτὸς
1561 3851 1719 3920 ἁγίου
1752 3853 1929 3909 Ilvet't-e

335 3960 534 4016 ματος,
564 3942 650 4012 ἐφ’
677 3942 842 4013 ἕτερα
868 3942 1034 3996 πάλιν
1062 3940 1226 3997 καινὰ
1256 3941 1571 4013 τρέπονται.
1600 3942 1665 3995 0i
1699 3941 1797 4017 μὲν
1819 3940 1929 4014 γὰρ

328 4033 432 4087 τὸν
480 4033 698 4104 Πατέρα
750 4030 1155 4106 βλασφημοῦσι,
1182 4032 1275 4086 τὸν
1319 4032 1429 4086 τῶν
1472 4031 1608 4093 ὅλων
1658 4031 1790 4087 Θεὸν
1837 4034 1930 4089 καὶ

330 4124 688 4196 δημιουργὸν,
723 4126 772 4179 οἱ
812 4124 957 4195 ἀμφὶ
982 4124 1081 4195 τὴν
1114 4123 1317 4194 γνῶσιν
1356 4123 1750 4193 λεγόμενοι·ὀὶ
1788 4125 1835 4178 δ’
1862 4118 1929 4178 αὗ

333 4214 503 4271 πάλιν
532 4217 859 4289 Μαρκίωνες
909 4217 1003 4271 καὶ
1067 4215 1405 4286 ’Λρχοντικοὶ
1450 4213 1797 4285 καλούμενοι,
1831 4214 1927 4270 καὶ

331 4311 551 4379 τούτοις
585 4312 637 4365 οἱ
667 4310 1025 4381 συνεπόμενοι
1055 4310 1369 4377 Μανιχαῖοι,
1409 4307 1459 4360 οἱ
1491 4307 1590 4377 τὴν
1631 4306 1927 4378 ὀνομασίαν

331 4404 660 4461 δικαιότατα
708 4403 992 4475 εἰληφότες
1046 4403 1112 4465 ἐκ
1164 4400 1375 4463 δικαίας
1422 4400 1568 4463 τινὸς
1614 4400 1926 4470 οἰκονομίας

228 3609 233 3612 ’
306 3580 732 3643 .commodaret,
767 3591 934 3650 quam
991 3576 1203 3651 1035
1235 3583 1294 3633 ut
1334 3576 1403 3641 ad
1467 3575 1742 3639 deteriora
1803 3575 2071 3634 violenter
2115 3579 2329 3635 enitens
2381 3593 2505 3649 quae
2541 3591 2665 3633 vera
2714 3584 2845 3633 sunt
2886 3576 2953 3632 ad
2989 3575 3241 3647 profana,
3291 3590 3357 3631 ac
3390 3571 3624 3629 ridicula

2102 3758 2191 3814 ιιι.
2236 3758 2447 3816 Etenim
2476 3764 2849 3829 posteaquam
2899 3752 3365 3825 blasphemiarum
3422 3766 3626 3823 genera

2031 3852 2215 3907 omnia
2238 3867 2303 3907 ac
2331 3864 2674 3921 quaecunque
2701 3863 2732 3902 a
2768 3846 2979 3918 Spiritu
3024 3855 3217 3903 sancto
3256 3845 3433 3905 aliena
3471 3852 3627 3908 sunt,

2033 3943 2089 4003 in
2127 3943 2232 3997 hac
2266 3949 2427 3997 aetate
2451 3951 2641 3996 nostra
2671 3949 2798 3994 sunt
2821 3939 3111 4000 exhausta,
3149 3935 3216 3990 ad
3250 3936 3358 3989 alia
3386 3951 3445 3990 se
3476 3949 3627 4004 quae-

2033 4034 2158 4090 dam
2192 4050 2332 4089 nova
2357 4040 2707 4089 convertunt.
2730 4030 2963 4098 Quidam
2989 4029 3133 4085 enim
3172 4029 3227 4082 in
3265 4027 3482 4082 Patrem
3509 4026 3630 4081 uni-

2036 4141 2318 4181 versorum
2382 4125 2555 4181 Deum
2609 4138 2675 4179 ac
2718 4122 3063 4178 conditorem
3129 4119 3492 4177 contumelias
3539 4117 3631 4188 ja-

2028 4218 2217 4285 ciunt,
2267 4218 2459 4287 quales
2505 4216 2756 4285 suntqui
2792 4213 3042 4269 Gnostici
3073 4212 3354 4266 dicuntur.
3380 4209 3451 4262 At
3477 4206 3627 4263 Mar.

2028 4311 2216 4365 rienes
2245 4350 2260 4374 ,
2306 4316 2366 4364 et
2399 4308 2742 4372 Archontici,
2794 4320 3008 4360 necnon
3052 4310 3106 4365 et
3149 4304 3366 4363 illorum
3402 4302 3631 4360 assecltn
3746 4346 3755 4355 ,

2031 4398 2336 4461 Maniclnei,
2368 4398 2464 4467 qui
2493 4412 2604 4452 non
2646 4397 2767 4452 sine
2790 4394 2977 4448 divina
3008 4393 3243 4462 quadam
3280 4391 3627 4461 providentia

333 4494 501 4565 Θεοῦ,
533 4494 595 4548 τὸ
624 4494 893 4565 μανιῶδες
916 4493 1116 4565 ὄνομα·
1143 4484 1294 4559 οὗτοι
1333 4490 1535 4554 πάντες
1570 4491 1727 4562 μετὰ(
1746 4490 1928 4545 πλειό-

2032 4491 2303 4547 furiosum
2329 4490 2465 4546 illud
2489 4504 2689 4545 nomen
2720 4486 2901 4547 sortiti
2925 4487 3199 4543 videntur.
3230 4482 3400 4555 Igitur
3426 4497 3624 4543 omnes

334 4591 450 4644 νων
481 4588 766 4660 αἱρέσεων,
808 4586 1049 4651 Καῖνῶν,
1099 4602 1173 4656 φη
1185 4586 1266 4659 μὶ,
1313 4583 1611 4653 Σητιανῶν,
1661 4583 1931 4654 Μελχισες

332 4678 627 4745 δεκιανῶν,
674 4677 1084 4750 Κολορϐασίων,
1121 4674 1532 4748 Κερδωνιανῶν,
1566 4676 1661 4730 καὶ
1689 4674 1799 4731 τῶν
1830 4675 1929 4731 άλο·

334 4771 474 4836 λων,
511 4770 849 4841 βλασφημεῖν
874 4771 894 4800 ²
922 4770 1002 4832 εἰς
1038 4768 1130 4821 τὸν
1166 4766 1274 4827 τῶν
1313 4766 1451 4823 ὅλων
1494 4765 1743 4837 Πατέραε
1766 4767 1825 4820 ὲν
1850 4764 1931 4837 τῷ

334 4863 534 4920 τοῦτον
560 4862 841 4935 ἀρνεῖσθαι
869 4856 1010 4923 εἶναι
1039 4860 1170 4914 Θεὸν
1192 4858 1285 4919 τὸν
1310 4860 1367 4913 ἐν
1401 4857 1552 4928 νόμῳ
1584 4858 1677 4915 καὶ
1709 4860 1769 4913 ἐν
1799 4874 1934 4930 προ-

337 4956 545 5027 φήταις
590 4955 919 5026 λαλήσαντα,
952 4952 1175 5015 δικαίως
1222 4967 1282 5011 τε
1312 4946 1790 5021 προσκυνούμενον
1827 4949 1933 5003 ὑπὸ

339 5047 566 5109 πάντων
592 5045 928 5115 κτισμάτων,
955 5042 1031 5107 ὡς
1059 5041 1283 5111 κτίστην
1311 5041 1405 5103 καὶ
1426 5038 1755 5109 δημιουργὸν
1786 5031 1934 5093 οὗτοι

343 5138 497 5212 μετὰ
532 5137 628 5191 τοῦ
665 5136 1006 5219 σεϐάσματος
1052 5134 1297 5204 ἀναιρεῖν
1336 5131 1636 5202 πειρῶνται
1689 5129 1785 5184 καὶ
1835 5129 1932 5201 τὴν

337 5227 696 5301 δεσποτείανο
736 5226 826 5280 τὸν
857 5226 955 5297 μὲν
985 5224 1156 5286 ὅντως
1201 5223 1331 5277 ὄντα
1366 5219 1712 5293 ἀρνούμενοι,
1746 5221 1933 5293 ἕτερον

337 5319 407 5374 δὲ
426 5319 516 5373 τὸν
546 5319 622 5390 μὴ
655 5312 785 5379 ὄντα
815 5319 883 5389 τῇ
924 5313 1159 5388 μυθώδει
1192 5313 1371 5375 αὐτῶν
1402 5312 1627 5383 ὑπονοίᾳ
1659 5312 1930 5381 φανταζό-

346 5425 505 5482 μενοι
524 5426 537 5440 ’
576 5409 661 5462 ἵνα
686 5412 751 5463 ὲκ
773 5407 867 5473 τοῦ
898 5405 1046 5470 ὄντος
1078 5405 1308 5469 πέσωσι,
1336 5405 1431 5469 καὶ
1453 5403 1513 5465 ὃν
1538 5402 1824 5465 ὑπονοοῦσι
1856 5402 1933 5475 μὴ

342 5499 603 5575 εὕρωσιν.
638 5500 796 5555 Οὕτω
826 5498 935 5571 γὰρ
970 5500 1005 5570 ἡ
1049 5496 1311 5569 ληρῳδία,
1351 5496 1446 5551 ml.
1482 5497 1518 5569 ἡ
1546 5494 1641 5550 τοῦ
1687 5495 1933 5575 διαϐόλου

424 5681 439 5753 ξ
477 5679 675 5736 Deesse
701 5679 994 5753 quidpiam
1010 5679 1246 5733 videtur.
1268 5679 1342 5753 Μ’
1371 5675 1432 5735 F.
1466 5677 1864 5753 βλασφημοῦσι.

343 5755 369 5786 ⁸
420 5748 556 5808 Luc.
596 5746 755 5816 xvni,
780 5746 852 5807 8.’
908 5753 927 5785 ⁷
956 5749 1094 5808 Gen.
1118 5763 1239 5817 vni,
1265 5746 1358 5802 2i.

2026 4582 2117 4638 isti
2148 4597 2275 4636 cum
2304 4582 2585 4652 plerisque
2630 4580 2756 4643 aliis
2786 4577 3110 4641 haeresihus,
3166 4575 3485 4639 Cainorum,
3519 4572 3623 4630 Se.

2027 4674 2304 4729 tianorum
2328 4714 2344 4739 ,
2403 4668 3018 4729 Melchisedoeianorum
3047 4706 3062 4733 ,
3129 4664 3573 4721 Colorbasiorum
3604 4703 3620 4726 ,

2026 4764 2523 4829 Cerdonianorum,
2553 4778 2617 4823 ac
2645 4762 2859 4823 caneris
2884 4761 2936 4816 id
2958 4774 3155 4831 genus,
3185 4755 3437 4813 eumdem
3464 4754 3623 4810 illum

2027 4856 2413 4919 universorum
2464 4854 2687 4913 Patrem
2745 4850 3099 4908 contumeliis
3149 4847 3431 4911 alliciunt,
3488 4846 3621 4901 dum

2029 4947 2208 5019 ipsum
2242 4956 2445 5018 negant
2477 4946 2647 5002 Deum
2680 4946 2835 5000 illum
2868 4941 3183 5007 exstitisse,
3209 4940 3304 5011 qui
3327 4940 3380 4994 in
3405 4940 3520 5011 lege
3557 4953 3624 4994 ae

2030 5030 2316 5110 prophetis
2356 5040 2578 5095 loeutus
2606 5047 2721 5103 est,
2762 5036 2968 5108 quique
2990 5034 3117 5105 jure
3153 5048 3184 5087 a
3223 5031 3427 5088 creatis
3454 5029 3626 5086 rebus

2030 5134 2312 5197 omnibus,
2346 5139 2606 5203 tanquam
2642 5138 2857 5188 creator
2882 5138 2939 5186 et
2980 5126 3162 5199 opifex
3205 5125 3467 5187 adorator
3491 5141 3508 5179 :
3534 5138 3628 5178 cna

2025 5223 2118 5293 jus
2143 5225 2218 5278 illi
2251 5224 2460 5280 cultum
2495 5238 2603 5278 una
2647 5238 2772 5278 cum
2813 5222 3096 5276 dominatu
3137 5234 3202 5274 ac
3231 5222 3501 5288 potestate
3529 5227 3623 5268 co-

2030 5323 2235 5375 nantur
2267 5323 2537 5381 evertere,
2562 5323 2624 5373 ut
2643 5322 2699 5370 et
2726 5314 2902 5380 illum,
2931 5312 3025 5383 qui
3055 5326 3244 5369 revera
3274 5317 3378 5371 est,
3405 5307 3622 5376 ejurent

2041 5406 2233 5474 Deum,
2258 5418 2314 5464 et
2343 5409 2600 5473 alterum,
2631 5408 2725 5478 qui
2763 5419 3037 5476 nusquam
3065 5411 3169 5468 est,
3204 5401 3339 5455 falsa
3369 5413 3434 5451 ac
3462 5394 3620 5450 fabu-

2041 5499 2161 5556 losa
2187 5501 2449 5573 opinione
2483 5516 2582 5557 sua
2612 5486 2956 5572 confingant;
2993 5508 3155 5565 atque
3181 5499 3235 5547 et
3252 5503 3440 5546 verum
3464 5486 3617 5541 illum

1981 5677 2052 5733 ³1
2092 5680 2233 5749 Tim.
2274 5697 2351 5751 tv,
2387 5683 2440 5739 ι.
2517 5681 2816 5755 δηΡιιὶιίρρ.
2873 5694 2945 5745 Iv,
3003 5675 3057 5732 8.
3173 5672 3193 5704 '
3229 5669 3349 5729 Col.
3415 5683 3489 5735 IV.
3559 5664 3615 5723 6ο
