3964 6410
320 358 431 419 795

949 367 1322 437 ADV'ERSUS
1361 367 1706 425 IIEBESES
1743 367 1872 423 LIB.
1914 365 2003 426 Ill.
2045 365 2210 422 TOM.
2250 367 2316 421 Il.
2353 399 2421 408 —
2465 367 2742 425 II/ERES.
2787 365 3068 424 LXXVIII.

3499 375 3602 431 706

319 483 669 554 αἰσχύνεται.
722 486 1058 558 Παρέδωκαν
1107 492 1308 544 ἐκεῖνοι
1356 491 1448 545 τὸν
1488 491 1670 546 αὐτῶν
1710 491 1911 564 Κύριον

2020 503 2188 543 canes
2239 486 2493 543 factitare
2551 488 2769 552 solent,
2827 489 2914 558 qui
2972 487 3318 542 dominorum
3375 503 3600 544 suorum

319 577 408 638 εἰς
449 576 511 628 τὸ
555 579 958 650 σταυρωθῆναι,
1008 583 1297 655 προφήτας
1335 600 1396 636 τε
1440 584 1567 647 τοὺς
1604 585 1915 648 οίκειακοὺς

318 665 420 717 τοῦ
457 666 625 720 αὐτοῦ
652 670 943 734 Δεσπότου,
980 671 1074 725 τὸν
1106 673 1204 743 μὲν
1247 672 1500 744 ἐπρισαν,
1526 673 1618 726 τὸν
1651 674 1706 726 δὲ
1747 673 1915 737 λίθοις

322 757 684 826 κατέλευσαν,
736 760 894 815 ἄλλον
933 761 988 815 δὲ
1024 763 1170 834 φόνῳ
1217 764 1490 836 μαχαίρας
1535 765 1910 835 διεχρήσαντο.

318 849 483 904 Μετά
507 850 726 915 τούτους
753 852 808 906 δὲ
840 853 1102 918 ὡσαύτως
1134 855 1229 909 νῦν
1258 857 1307 908 οἱ
1333 856 1442 909 νέοι
1489 855 1729 909 Ἰουδαῖοι
1781 855 1908 908 ἀλλ-

320 942 645 1012 επαλλήλως
669 946 736 1015 τῇ
764 945 898 1016 αὐτῇ
927 948 1256 1019 κεχρημένοι
1298 950 1510 1018 ἀγωγῇ,
1547 948 1597 999 οἱ
1629 947 1724 1017 μὲν
1759 964 1915 1015 φυσι-

323 1034 417 1086 κοὶ
462 1035 702 1088 Ἰουδαῖοι
743 1037 886 1090 κατὰ
917 1038 1096 1109 σάρκα
1134 1041 1231 1110 μὲν
1264 1039 1592 1110 ἠρνήσαντο,
1623 1040 1672 1091 oi
1701 1038 1758 1091 δὲ
1793 1037 1909 1106 νῦν,

320 1127 651 1198 ἀρνούμενοι
680 1129 779 1199 τὴν
806 1131 901 1184 τοῦ
932 1131 1064 1185 Υίοῦ
1097 1127 1192 1185 τοῦ
1217 1132 1353 1186 Θεοῦ
1388 1131 1599 1186 τελείαν
1636 1133 1771 1205 πρὸς
1801 1133 1912 1185 Πα-

318 1220 459 1290 τέρα
491 1220 858 1292 γνησιότητα,
911 1223 1118 1294 κτίσμα
1167 1223 1352 1286 αὐτὸν,
1403 1224 1498 1277 καὶ
1541 1223 1772 1294 ποίημα,
1818 1223 1913 1276 καὶ

316 1310 600 1382 ἀλλότριον
629 1313 840 1386 Πατρὸς
883 1314 1199 1368 παντάπασι
1228 1316 1534 1387 μεμηνότες
1565 1317 1656 1370 καὶ
1685 1314 1910 1386 βεϐρον·

318 1400 550 1472 τημένοι
582 1400 942 1467 ἀδιαλείπτως
975 1403 1420 1476 διισχυρίζονται.

399 1657 476 1710 E'.
517 1658 612 1714 Ἐκ
637 1657 840 1714 τούτων
865 1660 923 1714 δὲ
960 1661 1120 1716 πάλιν
1152 1662 1301 1717 ἄλλοι
1338 1664 1569 1734 ἀφέντες
1592 1665 1693 1728 τὰς
1722 1683 1908 1737 προει-

312 1749 570 1822 ρημένας
599 1749 951 1822 βλασφήμους
974 1753 1346 1818 διδασκαλίας,
1375 1753 1559 1819 καθὼς
1579 1758 1781 1820 εἰπεῖν,
1812 1758 1908 1810 αύ-

314 1838 421 1911 τὴν
449 1840 548 1909 τὴν
582 1841 724 1896 κατά
752 1843 913 1912 φύσιν
938 1843 1265 1913 θεασάμενοι
1296 1847 1617 1918 ἐπουράνιον
1648 1847 1904 1919 θεωρίαν,
1939 1840 1982 1894 Β

316 1933 420 1985 καὶ
450 1931 518 1985 τὰ
557 1932 668 1987 ἄνω
712 1934 1172 2004 ἐμϐατεύσαντες,
1205 1939 1300 1993 καὶ
1344 1939 1908 2012 πολυπραγμονήσαν-

312 2040 432 2088 τες,
463 2022 538 2087 ὡς
564 2024 768 2080 ἀνωθεν
799 2029 1046 2098 ἥκοντες,
1073 2030 1332 2101 αὐθαδείᾳ
1363 2031 1787 2100 ἀπαγγέλλουσι,
1815 2033 1908 2086 καὶ

318 2113 563 2184 ἰσχυρῶς
596 2115 1045 2188 διισχυρίςονται,
1092 2120 1445 2183 ἐκϐάλλοντες
1481 2123 1546 2174 ἐκ
1587 2122 1685 2192 τῆς
1714 2121 1906 2193 θεότη-

311 2223 414 2269 τος
440 2207 501 2260 τὸ
528 2206 683 2276 ἆγιον
718 2210 961 2282 Πνεῦμα.
999 2212 1108 2266 Καὶ
1141 2213 1231 2265 τὸν
1279 2213 1379 2283 μὲν
1425 2213 1648 2284 Πατέρα
1677 2215 1779 2268 οὐκ
1808 2215 1907 2284 ήρ-

312 2313 530 2368 νηνται,
566 2297 689 2350 οὔτε
731 2299 829 2371 τὴν
857 2301 951 2354 τοῦ
997 2300 1126 2355 Υἱοῦ
1162 2302 1299 2374 πρὸς
1349 2303 1512 2356 αὑτὸν
1549 2305 1902 2374 γνησιότητα,

313 2389 406 2457 ἐφ’
440 2389 632 2460 ἑτέραν
670 2390 726 2443 δὲ
779 2390 942 2444 πάλιν
973 2392 1091 2447 ὁδὸν
1135 2393 1464 2464 βαδίζουσιν,
1500 2395 1589 2449 ἵνα
1638 2395 1905 2450 πάντοθεν

314 2478 582 2550 πληρωθῇ
610 2480 692 2544 τὸ,
735 2479 1044 2544 Ἑξέλιπεν
1143 2485 1346 2550 πίστις
1377 2485 1446 2538 ἐκ
1477 2485 1777 2554 στόματος
1801 2488 1906 2541 αὐ-

313 2568 458 2623 τῶν.
493 2571 557 2623 Τί
587 2571 694 2643 γὰρ
729 2572 842 2625 ἀλλ’
874 2574 905 2644 ἢ
949 2577 1030 2639 είς
1060 2575 1123 2629 τὸ
1150 2576 1376 2646 Πνεῦμα
1413 2575 1476 2629 τὸ
1504 2578 1657 2645 ἅγιον
1696 2577 1903 2644 λοιπὸν,

311 2658 382 2712 τὸ
404 2659 503 2712 οὐκ
535 2660 816 2734 ἀλλότριον
843 2663 1054 2735 Πατρὸς
1100 2665 1192 2717 καὶ
1219 2664 1374 2730 Υίοῦ,
1405 2665 1464 2718 τὸ
1510 2665 1574 2718 ἐκ
1602 2665 1699 2734 τῆς
1733 2667 1907 2736 αὐτῆς

314 2751 574 2822 θεότητος
601 2753 682 2821 ὃν,
713 2755 808 2807 καὶ
843 2755 918 2826 μὴ
947 2756 1296 2827 ἐνδεχόμενον
1324 2755 1464 2810 εἶναι
1493 2757 1774 2828 ἀλλότριον
1805 2759 1908 2828 τῆς

315 2844 575 2915 θεότητος
599 2887 614 2911 ,
671 2846 989 2917 βούλονται,
1065 2849 1141 2913 ὼς
1196 2850 1352 2904 αὐτοὶ
1430 2850 1681 2916 ἐξουσίαν
1761 2851 1910 2923 εχον-

314 2951 431 2998 τες,
470 2935 711 2990 κελεύειν
762 2937 962 3008 μᾶλλον
1014 2937 1134 3010 Θεῷ
1180 2940 1328 3010 ήπερ
1383 2939 1738 3007 κελεύεσθαι;
1793 2941 1910 2995 Ούκ

315 3029 699 3100 αἰσχυνόμενοι
727 3030 837 3102 γὰρ
871 3031 1148 3103 ἀλλότριον
1174 3033 1236 3085 τὸ
1283 3034 1512 3105 Πνεῦμα
1543 3033 1784 3102 λέγουσι,
1814 3033 1909 3088 καὶ

315 3115 528 3181 δοῦλον,
560 3120 654 3171 καὶ
680 3120 908 3190 κτίσμα,
938 3121 1031 3174 καὶ
1062 3122 1400 3192 πρόσφατον,
1437 3123 1532 3176 καὶ
1561 3123 1784 3193 ποιητὸν
1813 3124 1908 3179 καὶ

313 3207 374 3259 εἴ
401 3225 450 3260 τι
492 3208 677 3280 ἕτερον
707 3212 932 3282 αἰσχρὸν
968 3213 1105 3283 πρὸς
1135 3213 1396 3266 ὑπόνοιαν
1428 3215 1556 3286 περὶ
1582 3215 1747 3268 αὐτοῦ
1777 3217 1906 3268 έαυ-
1934 3198 1976 3255 C

313 3302 433 3364 τοῖς
471 3302 670 3371 μᾶλλον
711 3304 988 3358 ἐπινοοῦσι
1023 3306 1519 3377 προσπορίσασθαι.
1566 3307 1720 3360 Ἐπεὶ
1751 3303 1843 3361 οὖν
1877 3310 1907 3362 ό

316 3391 528 3462 κόσμος
569 3394 686 3447 νυνὶ
720 3394 890 3458 οὕτως
935 3395 1134 3466 μᾶλλον
1169 3396 1398 3467 πληγεὶς
1433 3396 1648 3467 πληγὴν
1690 3397 1907 3451 ἀνίατον

316 3484 600 3547 ἀπιστίας,
641 3484 726 3538 ἵνα
763 3486 928 3556 μηδὲν
955 3504 1008 3539 τι
1049 3487 1360 3558 παραλείψῃ
1391 3490 1424 3558 ή
1463 3488 1664 3558 ἀνομία
1710 3491 1741 3559 ἡ
1781 3489 1908 3553 τοὺς

315 3573 642 3645 ἀνθρώπους
695 3577 1036 3630 ἀπολλύουσα
1080 3573 1148 3650 τῇ
1193 3580 1473 3651 κακονοίᾳ,
1508 3582 1604 3634 καὶ
1632 3583 1905 3653 ¹ἅπιστίςξι,

313 3663 420 3718 καὶ
463 3665 736 3738 ἀγνωσία·
777 3662 866 3720 οἷα
910 3669 1038 3734 τοὺς
1074 3670 1489 3742 ἀποδράσαντας
1517 3673 1618 3743 τῆς
1648 3673 1778 3744 περὶ
1809 3674 1908 3745 τὴν

318 3757 489 3828 ἁγίαν
534 3757 739 3830 Τριάδα
775 3759 1124 3833 βλασφημίας
1166 3764 1247 3826 εἰς
1297 3763 1458 3836 ἕτερα
1491 3764 1716 3837 πάλινὴ
1761 3767 1907 3838 ἀργὴ

316 3850 419 3903 καὶ
450 3849 778 3916 κακόϐουλος
810 3852 988 3907 ἔννοια
1019 3853 1386 3925 περιέσπασεν
1409 3872 1421 3884 ·
1453 3857 1540 3912 ἵνα
1579 3857 1772 3927 μηδεὶς
1813 3857 1909 3911 Mt-

318 3939 408 3993 θοι
438 3941 784 4013 ἁμαρτάνων.
828 3944 1002 3997 Κενὸν
1025 3945 1133 4015 γάρ
1163 3962 1218 3998 τι
1252 3945 1436 3999 ἀκούω
1466 3946 1596 4016 περὶ
1623 3947 1720 4016 τῆς
1750 3947 1909 4016 ἁγίας

319 4031 544 4102 Μαρίας
575 4034 677 4104 τῆς
720 4033 1084 4106 ἀειπαρθένου
1114 4035 1236 4090 τινὰ
1267 4037 1618 4102 διανοεῖσθαι,
1649 4039 1745 4091 καὶ
1786 4038 1910 4092 τολ-
1944 4050 1956 4060 °

321 4125 435 4196 μᾷν
465 4124 782 4198 βλάσφημόν
805 4144 928 4182 τινα
949 4128 1212 4184 ὑπόνοιαν
1241 4130 1326 4183 ἐπ’
1361 4130 1531 4200 αὐτὴν
1557 4131 1908 4202 ἐνσκήπτειν,

318 4219 407 4279 είς
437 4217 498 4270 τὸ
546 4219 611 4272 ἐκ
642 4219 981 4290 πανταχόθεν
1026 4216 1168 4273 εἶναι
1195 4221 1289 4273 τὸν
1321 4221 1512 4291 χρόνον
1553 4220 1712 4291 ἡμῶν
1753 4222 1911 4294 δίκην

318 4307 500 4362 κακοῦ
531 4309 727 4379 ὄφεως,
761 4309 926 4381 θηρὸς
961 4310 1167 4362 ίοϐόλου
1189 4311 1248 4364 ἐν
1274 4311 1450 4380 σκότῳ
1480 4311 1908 4381 ἐμφωλεύοντος,

321 4399 422 4452 καὶ
450 4401 561 4461 τοῖς
596 4398 835 4468 δήγμασι
874 4398 1085 4462 πάντας
1117 4399 1491 4471 πειράζοντος,
1521 4399 1611 4454 τὸν
1654 4401 1751 4470 μὲν
1781 4402 1912 4473 περὶ

2017 595 2215 636 manus
2250 593 2315 634 ac
2359 581 2544 636 vultus
2585 581 2934 636 incurrentes
2984 580 3192 636 laniare
3229 580 3365 634 nihil
3410 597 3602 634 verens

2017 678 2129 734 tur,
2161 671 2243 726 sic
2273 672 2353 725 illi
2383 671 2674 727 Dominum
2712 671 2778 725 ad
2823 672 3007 726 crucis
3059 671 3390 741 supplicium
3433 672 3600 726 tradi-

2015 766 2238 829 derunt,
2271 767 2564 836 prophetas
2593 766 2836 836 ejusdem
2869 766 3200 821 domesticos
3225 764 3419 834 partim
3446 778 3600 817 serra

2015 869 2446 923 consecuerunt,
2490 859 2688 928 partim
2719 858 2990 927 lapidibus
3023 857 3362 919 obruerunt,
3399 855 3599 924 partim

2014 950 2193 1022 gladio
2228 951 2627 1005 interfecerunt
2656 951 2703 999 ¹.
2727 949 3037 1004 Secundum
3075 948 3197 1003 illos
3223 961 3351 1002 vero
3374 945 3600 1016 perinde

2013 1050 2067 1095 et
2119 1032 2444 1095 hodie'novi
2485 1040 2561 1093 illi
2598 1037 2768 1094 Judaei
2819 1038 3012 1093 iisdem
3050 1037 3283 1090 invicem
3330 1035 3599 1090 institutis

2015 1148 2080 1186 ac
2111 1132 2404 1202 disciplina
2443 1131 2681 1197 formati,
2714 1131 2796 1185 uti
2827 1131 2944 1186 veri
2985 1131 3062 1184 illi
3097 1128 3268 1184 Judrei
3305 1127 3598 1182 Dominum

2013 1239 2137 1278 cum
2186 1239 2353 1278 carne
2401 1233 2725 1293 praesentem
2779 1223 3140 1292 abnegarunt,
3193 1221 3268 1275 ita
3323 1219 3427 1289 ipsi
3473 1217 3600 1272 Filii

2013 1312 2108 1367 Dei
2143 1312 2440 1383 perfectam
2467 1327 2590 1366 cum
2624 1310 2785 1366 Patre
2817 1314 3230 1382 germanitatem
3262 1308 3596 1373 inliciantes,

2012 1413 2319 1459 creaturam
2353 1418 2478 1459 esse
2522 1403 2698 1470 illum,
2731 1409 2784 1457 et
2817 1402 3118 1472 opificium,
3148 1408 3201 1456 et
3231 1415 3261 1453 a
3302 1399 3462 1454 Patre
3499 1413 3598 1468 pe-

2011 1495 2163 1549 nitus
2207 1495 2444 1551 alienum
2487 1492 2681 1548 furiosi
2725 1507 2790 1547 ac
2834 1491 3098 1547 vecordes
3159 1489 3456 1545 identidem
3513 1487 3600 1542 af-

2015 1585 2260 1640 ﬁrmant.-

2087 1677 2298 1747 1037
2339 1676 2404 1731 ν.
2446 1677 2552 1730 Alii
2583 1690 2747 1747 porro
2782 1674 3177 1731 contumeliosa
3212 1672 3304 1727 illa
3335 1671 3390 1726 in
3427 1669 3599 1725 Deum

2013 1770 2269 1838 dogmata
2299 1769 2692 1838 relinquentes,
2729 1769 2885 1838 quasi
2917 1768 3154 1822 divinam
3185 1767 3358 1834 ipsam
3382 1764 3436 1816 in
3460 1761 3600 1817 cmlo

2009 1869 2284 1925 naturam,
2317 1867 2377 1914 ut
2407 1860 2481 1914 ita
2519 1859 2718 1923 dicam,
2765 1857 3060 1928 aliquando
3092 1854 3442 1926 contemplati
3484 1852 3602 1907 fue-

2010 1952 2140 2017 rint,
2165 1961 2217 2004 et
2237 1952 2401 2006 altius
2428 1951 2480 2004 in
2510 1965 2710 2004 arcana
2751 1950 2840 2004 illa
2880 1965 2944 2004 ac
2971 1947 3214 2003 crelestia
3242 1943 3597 2015 penetrarint,

2009 2055 2074 2096 ac
2117 2041 2405 2111 diligenter
2435 2040 2866 2111 introspexerint
2898 2038 2980 2111 (ut
3023 2053 3054 2093 e
3089 2037 3230 2092 cmlo
3277 2044 3435 2106 putes
3478 2047 3601 2088 esse

2009 2132 2308 2201 delapsos),
2337 2132 2660 2199 arroganter
2687 2129 2822 2183 illud
2860 2125 3182 2198 praedicant,
3222 2139 3286 2178 ac
3309 2123 3603 2178 vehemen-

2011 2230 2091 2276 ter
2130 2221 2438 2275 afﬁrmant:
2477 2219 2740 2290 Spiritum
2780 2226 3030 2274 sanctum
3065 2232 3094 2270 a
3121 2215 3426 2271 divinitatis
3453 2228 3603 2268 com-

2009 2312 2270 2366 munione
2309 2311 2696 2381 separandum.
2747 2311 2850 2375 Qui
2881 2323 3004 2363 cum
3049 2323 3225 2377 neque
3253 2305 3468 2359 Patrem
3500 2305 3600 2358 ab-

2008 2409 2228 2473 negent,
2261 2417 2364 2456 nec
2391 2402 2459 2456 ab
2483 2415 2739 2472 germana
2773 2415 2898 2454 eum
2940 2400 3033 2453 illo
3075 2397 3464 2466 conjunctione
3505 2391 3602 2447 Fi-

2007 2494 2142 2549 lium
2183 2495 2518 2564 abjudicent,
2563 2493 2630 2547 ad
2680 2493 2826 2547 aliud
2866 2492 2965 2546 vim
3006 2489 3390 2545 diverticulum
3439 2483 3603 2540 deﬂev-

2009 2593 2188 2653 ctunt,
2227 2594 2288 2640 ut
2335 2586 2563 2641 omnino
2611 2584 2817 2638 dictum
2877 2582 3009 2637 illud
3051 2581 3342 2651 impleatur
3383 2596 3396 2632 :
3432 2576 3602 2631 Periit

2010 2679 2142 2749 ﬁdes
2172 2695 2236 2733 ea:
2266 2695 2355 2733 ore
2388 2678 2684 2747 ipsorum”.
2727 2675 2867 2742 Quid
2896 2674 3040 2728 enim
3064 2670 3208 2726 aliud
3241 2670 3468 2734 faciunt,
3493 2668 3601 2721 nisi

2009 2771 2236 2841 perinde
2266 2785 2331 2825 ac
2371 2769 2416 2824 si
2449 2770 2506 2823 in
2538 2768 2803 2839 Spiritum
2847 2773 3096 2822 sanctum
3129 2763 3222 2831 jus
3253 2776 3316 2816 ac
3359 2767 3605 2831 potesta-

2010 2872 2119 2919 tem
2153 2863 2416 2917 haberent
2454 2860 2568 2930 (qui
2599 2860 2820 2930 quidem
2850 2873 2879 2911 a
2913 2855 3072 2910 Patre
3116 2853 3364 2923 Filioque
3391 2865 3602 2921 nequa-

2009 2970 2175 3026 quam
2219 2955 2453 3020 alienus,
2502 2969 2568 3008 ex
2610 2951 2799 3007 eadem
2845 2957 2930 3005 cst
2969 2946 3273 3011 divinitate,
3307 2959 3408 3000 nec
3442 2943 3510 2997 ab
3539 2956 3604 2997 ea

2011 3049 2258 3119 separari
2310 3049 2533 3119 potest),
2571 3046 2646 3099 ita
2695 3043 2806 3100 Deo
2852 3042 3238 3113 praescribere,
3273 3055 3435 3110 quam
3483 3038 3604 3108 ejus

2011 3140 2348 3210 praescriptis
2385 3139 2766 3207 obtemperare
2817 3134 3068 3189 malunt?
3122 3133 3239 3187 Non
3289 3133 3434 3185 enim
3481 3131 3604 3185 illos

2013 3231 2201 3302 pudet,
2239 3231 2476 3285 alienum
2514 3228 2780 3299 Spiritum
2825 3233 3100 3292 sanctum,
3147 3239 3390 3288 servum,
3444 3237 3604 3276 crea-

2009 3333 2210 3387 turam,
2251 3319 2632 3384 recentiorem,
2672 3334 2738 3372 ac
2772 3317 2976 3371 factum
3014 3317 3236 3379 dicere,
3270 3329 3334 3368 ac
3374 3314 3420 3369 si
3472 3313 3605 3382 quid
3673 3297 3678 3307 ’

2009 3415 2156 3468 aliud
2181 3413 2249 3467 de
2273 3413 2366 3465 illo
2389 3410 2626 3479 confingi
2650 3417 2806 3479 turpe
2830 3415 3028 3478 potest,
3056 3422 3121 3461 eo
3145 3408 3198 3460 in
3228 3407 3407 3477 ipsum
3431 3406 3605 3460 liben-

2010 3504 2120 3558 tius
2158 3503 2492 3572 excogitare.
2532 3500 2624 3554 Sic
2672 3501 2838 3570 igitur
2879 3499 3116 3553 mundus
3165 3497 3270 3552 iste
3309 3497 3606 3584 vehemen-

2008 3595 2134 3648 tiori
2184 3604 2238 3649 et
2282 3593 2576 3648 insanabili
2631 3591 2968 3646 infidelitatis
3027 3591 3254 3644 vulnere
3305 3586 3602 3644 confossus

2009 3693 2114 3750 est,
2161 3694 2220 3740 ut
2249 3686 2552 3755 iniquitas,
2599 3699 2722 3754 quae
2770 3683 3076 3737 humanum
3137 3696 3310 3751 genus
3355 3680 3604 3734 funditus

2009 3777 2223 3848 perdit,
2271 3778 2408 3832 nihil
2457 3777 2525 3830 ad
2577 3791 2847 3832 summam
2913 3775 3256 3844 nequitiam,
3320 3773 3602 3845 perfidiam

2008 3867 2486 3937 ignorantiamque
2525 3865 2926 3935 praetermittat.
2964 3862 3083 3929 Qua
3115 3864 3329 3918 ratione
3362 3862 3605 3917 miseros

1983 3960 2170 4027 istos,
2219 3962 2314 4031 qui
2355 3960 2592 4030 priorem
2634 3958 2781 4012 illam
2815 3958 2869 4010 in
2903 3964 3316 4012 sacrosanctam
3360 3954 3606 4010 Trinita-

2011 4059 2119 4107 tem
2153 4051 2538 4106 contumeliam
2575 4051 2899 4121 effugerant,
2945 4050 3123 4104 otiosa
3159 4065 3225 4105 ac
3266 4048 3607 4119 nequissima

2016 4158 2117 4200 sua
2150 4143 2412 4213 cogitatio
2444 4143 2508 4197 ad
2543 4143 2647 4196 alia
2677 4142 2925 4212 quaedam
2962 4151 3309 4196 transversos
3344 4139 3604 4208 abripuit,

2017 4247 2086 4287 ne
2116 4233 2242 4302 quis
2281 4241 2564 4303 peceatum
2598 4247 2758 4286 suum
2787 4231 3138 4285 dissimulare
3162 4230 3357 4300 possit.
3389 4228 3607 4284 Etenim

2013 4325 2202 4380 nescio
2247 4317 2407 4394 quem
2441 4321 2604 4377 audio
2639 4322 2904 4376 adversus
2949 4320 3356 4375 sanctissimam
3409 4333 3608 4388 perpe-

2015 4424 2276 4484 tuamque
2319 4413 2598 4484 Virginem
2646 4410 2873 4464 Mariam
2919 4409 3170 4464 meditari
3221 4409 3492 4474 nonnihil,
3544 4423 3609 4463 ac

319 4487 389 4541 τδ
413 4489 725 4559 πρόσωπον,
760 4490 918 4544 ἄλλον
961 4489 1090 4560 περὶ
1118 4491 1218 4561 τὴν
1261 4491 1521 4562 πτέρναν,
1562 4491 1748 4563 ἕτερον
1781 4495 1911 4562 περὶ

2017 4506 2414 4562 contumeliosa
2452 4502 2687 4573 quadam
2732 4497 2990 4573 opinione
3034 4501 3184 4556 illius
3219 4501 3482 4554 honorem
3524 4500 3609 4553 in-

317 4581 426 4654 τὴν
454 4585 611 4653 χεῖρα
630 4599 644 4612 ·
677 4584 762 4636 ἵνα
792 4584 994 4655 μηδένα
1019 4583 1173 4638 λάθοι
1194 4583 1254 4637 τὸ
1280 4583 1460 4654 δῆγμα
1482 4584 1582 4654 τῆς
1613 4585 1871 4648 ἀπιστίας
1892 4600 1905 4613 ·

321 4672 467 4727 ἀλλὰ
497 4675 525 4726 ὁ
557 4674 728 4729 δοκῶν
760 4677 818 4728 ἐν
839 4675 1013 4746 τούτῳ
1043 4675 1345 4746 ἀποδρᾶναι
1381 4675 1582 4746 ἑτέρως
1607 4676 1696 4729 τὸν
1730 4677 1805 4730 ίὸν
1833 4677 1908 4748 μὴ

323 4764 499 4835 λάθῃ⁸
536 4767 564 4818 ό
593 4766 648 4818 δὲ
676 4769 732 4820 ἐν
769 4766 912 4838 ἄλλῳ
938 4767 1066 4838 ὑγιῆ
1089 4767 1229 4838 ἔχων
1253 4767 1352 4837 τὴν
1384 4767 1566 4820 πίστιν
1595 4767 1768 4832 ἄλλως
1792 4786 1910 4833 πως

326 4859 662 4928 βλάπτεσθαι
694 4861 882 4913 ἐαυτὸν
911 4860 1311 4931 προξενήσειεν.

2016 4613 2252 4654 cessere.
2290 4597 2368 4650 Ex
2395 4609 2505 4666 quo
2534 4593 2670 4648 illud
2717 4601 2962 4665 apparet,
3004 4600 3251 4648 nostram
3290 4592 3431 4645 hanc
3472 4598 3611 4646 tem-

2015 4695 2286 4759 pestatem
2324 4686 2540 4743 letifero
2578 4686 2797 4741 cuidam
2823 4685 3065 4756 serpenti
3095 4699 3158 4739 ac
3191 4690 3460 4740 venenato
3485 4699 3610 4739 esse

2018 4779 2378 4841 simillimam,
2409 4778 2504 4849 qui
2532 4777 2588 4832 in
2628 4778 2870 4832 tenebris
2900 4777 3227 4831 delitescens
3257 4773 3472 4829 infestis
3498 4790 3609 4829 om-

2018 4886 2116 4926 nes
2142 4873 2417 4928 morsibus
2444 4878 2684 4942 appetat,
2723 4878 2886 4941 atque
2924 4870 2977 4923 in
3004 4868 3169 4937 hujus
3199 4867 3430 4930 vultum,
3460 4867 3609 4922 illius

316 4955 556 5018 calcem,
591 4969 810 5007 manum
858 4953 1082 5008 alterius
1119 4954 1386 5017 incurrat,
1432 4960 1492 5006 ut
1525 4969 1593 5010 ne
1631 4955 1755 5024 quis
1785 4955 2126 5017 infidelitatis
2153 4976 2398 5016 morsum
2431 4962 2653 5031 penitus
2704 4961 2878 5029 possit
2931 4958 3195 5024 evadere;
3255 4957 3350 5012 sed
3410 4956 3506 5027 qui
3553 4959 3609 5012 in

320 5066 436 5105 uno
469 5060 674 5117 genere
712 5044 863 5100 virus
905 5043 1189 5113 etl'ugerit,
1223 5046 1278 5098 in
1309 5046 1482 5100 altero
1523 5061 1582 5101 se
1616 5047 1682 5100 ab
1716 5063 1783 5102 eo
1813 5049 2122 5106 subducere
2155 5067 2219 5107 ac
2271 5053 2514 5106 devitarc
2562 5057 2832 5120 nequeat:
2875 5063 2939 5103 ac
2975 5049 3070 5121 qui
3128 5048 3182 5103 in
3240 5047 3364 5103 aliis
3423 5048 3611 5103 incor-

320 5157 549 5218 ruptam
583 5142 741 5199 fidem
775 5143 998 5207 retinet,
1026 5141 1135 5196 alio
1166 5141 1328 5197 modo
1359 5140 1607 5198 fraudem
1639 5143 1745 5198 sibi
1771 5143 2182 5214 perniciemque
2220 5143 2552 5198 consciscat.

400 5244 489 5308 (ζ’.
544 5239 718 5294 Πόθεν
767 5237 905 5306 αὕτη
957 5236 990 5306 ἡ
1038 5235 1326 5301 κακόνοια;
1380 5234 1551 5289 Πόθεν
1595 5237 1629 5307 ἠ
1685 5237 1922 5308 τοσαύτη

319 5333 534 5403 τόλμα;
564 5331 704 5386 Αὐτὸ
741 5327 806 5379 τὸ
830 5327 999 5397 ὖνομα
1041 5327 1101 5380 οὐ
1135 5328 1422 5397 μαρτυρεῖ,
1454 5327 1516 5380 οὐ
1550 5327 1729 5380 πείθει
1765 5345 1846 5390 σε,
1877 5322 1923 5381 ὦ

322 5422 634 5493 φιλόνεικε;
671 5423 768 5485 Τίς
810 5417 1018 5488 ποτε,ἤ
1050 5417 1108 5469 ὲν
1145 5417 1276 5488 ποίᾳ
1306 5419 1469 5489 γενεᾷ
1496 5417 1798 5489 τετόλμηκε
1823 5437 1924 5472 κα-

313 5518 440 5572 λεῖν
462 5514 524 5568 τὸ
542 5514 712 5585 ὄνομα
736 5511 964 5586 Μαρίας
987 5509 1085 5579 τῆς
1113 5509 1296 5577 ἁγίας,
1321 5511 1415 5564 καὶ
1443 5510 1794 5583 ἐρωτώμενος
1820 5513 1922 5566 οὐκ

324 5607 490 5671 εὐθὺς
535 5607 808 5678 ἐπήνεγκε
855 5611 944 5666 τὸ,
985 5601 1292 5673 Παρθένον;
1327 5602 1387 5667 ἐξ
1431 5602 1612 5658 αὐτῶν
1655 5603 1765 5675 γὰρ
1811 5603 1920 5662 τῶν

399 5770 419 5799 ⁸
461 5769 625 5825 Ilebr.
669 5786 745 5836 xx,
777 5769 863 5826 57.
942 5769 967 5801 ί
993 5763 1114 5822 Jcr.
1147 5762 1361 5832 vn,28.

2103 5236 2188 5291 VI.
2235 5235 2515 5292 Undenam
2542 5251 2671 5292 vero
2695 5237 2808 5291 haec
2829 5235 3152 5306 improbitas
3177 5235 3436 5291 emersit?
3456 5235 3610 5290 Unde

2026 5334 2177 5382 tanta
2213 5328 2466 5398 prorupit
2511 5326 2774 5382 audacia?
2823 5326 3016 5382 Nonne
3057 5327 3142 5381 vel
3190 5327 3367 5395 ipsum
3410 5339 3609 5380 nomen

2025 5419 2242 5476 abunde
2269 5420 2628 5476 testificatur?
2656 5418 2774 5475 Non
2800 5419 2920 5485 tibi,
2946 5419 3111 5473 homo
3134 5416 3605 5486 pervicacissime,

2026 5513 2171 5568 istud
2207 5512 2388 5582 ipsum
2424 5513 2755 5583 persuadet?
2790 5512 2925 5579 Quis
2955 5513 3067 5566 ullo
3111 5509 3325 5578 1038
3364 5513 3610 5580 tempore

2024 5620 2268 5677 unquam
2301 5606 2534 5676 exstitit,
2582 5606 2678 5678 qui
2718 5614 2921 5662 sancta:
2955 5603 3137 5658 Mariae
3180 5617 3374 5658 nomen
3422 5600 3610 5672 appel.
