3964 6444
440 378 543 437 ’107

1796 430 1807 436 ,
1845 370 1908 427 5.
1953 364 2294 425 EPIPIIAN“

3598 378 3686 437 708

440 498 557 554 lare
587 496 835 566 auderet,
867 503 1058 555 etnon
1087 502 1314 568 rogatus
1341 493 1578 554 subinde
1602 492 1847 566 Virginis
1877 507 2034 548 voca-

2136 490 2401 545 ἐπιθέτων
2447 489 2731 562 ὀνομάτων
2773 489 2869 546 καὶ
2915 489 3015 563 τῆς
3064 492 3269 565 ἀρετῆς
3323 493 3600 564 ὑποφαίνει
3634 498 3690 552 τὰ

440 589 633 645 bulum
661 588 960 661 adiiceret?
988 588 1127 645 Nam
1163 591 1220 644 in
1253 587 1532 659 adjunctis
1572 584 1884 643 istiusmodi
1935 599 2027 640 vo-

440 678 600 734 cibus
631 679 851 735 virtutis
886 678 1090 736 indicia
1117 679 1419 734 collucent.
1466 676 1681 748 Quippe
1710 675 1881 745 justis
1913 689 2031 731 om-

440 766 627 833 nibus,
669 782 769 839 pro
798 782 866 824 eo
891 783 959 824 ac
986 768 1235 840 singulos
1261 767 1513 832 decebat,
1546 781 1645 821 sua
1673 767 1873 835 cuique
1900 771 2030 819 sunt

438 857 721 929 dignitatis
771 861 1038 915 attributa
1091 859 1339 916 nomina.
1373 856 1449 912 Ita
1491 857 1806 912 Abrahamo
1866 856 2029 911 amici

440 946 535 1003 Dei
580 949 776 1005 titulus
819 951 1274 1005 accommodatus
1308 958 1391 1005 est
1415 950 1455 1017 ¹,
1489 964 1668 1019 neque
1704 952 1751 1003 is
1785 962 2027 1019 unquam

439 1037 758 1094 intercidet.
791 1038 965 1095 Iacob
989 1054 1117 1095 vero
1145 1034 1365 1093 Israelis
1388 1040 1408 1070 ¹
1437 1054 1741 1109 cognomen
1773 1039 1895 1095 sine
1919 1039 2028 1091 ulla

439 1129 749 1184 mutatione
782 1146 1129 1187 concessum.
1160 1129 1407 1199 Apostoli
1443 1144 1662 1200 quoque
1705 1131 2025 1202 Boaucrgeo,

440 1217 548 1271 hoc
576 1224 680 1284 est,
713 1219 940 1273 tonitrui
960 1217 1064 1287 [illi
1095 1217 1134 1284 ³,
1158 1219 1429 1273 nominati
1461 1228 1613 1282 sunt,
1641 1233 1744 1273 nec
1772 1219 1882 1273 ulla
1904 1218 2027 1272 dies

441 1321 645 1363 nomen
706 1307 852 1363 istud
900 1310 1231 1365 obliterabit.
1282 1308 1375 1364 Sic
1421 1320 1612 1366 sancta
1646 1310 1815 1365 Maria
1864 1307 2031 1383 Virgo

440 1408 826 1467 nuncupatur,
867 1415 969 1454 nec
1017 1401 1313 1471 appellatio
1363 1401 1470 1457 ista
1522 1402 1822 1473 aliquando
1877 1418 2031 1457 com-

440 1488 764 1545 mutabitur.
794 1488 919 1543 Haec
947 1491 1093 1546 enim
1119 1500 1385 1561 perpetuo
1415 1492 1737 1564 incorrupta
1772 1508 2031 1564 perman-

440 1581 535 1637 sit.
570 1581 680 1635 Cur
716 1581 885 1651 igitur
919 1598 1017 1638 vos
1046 1584 1417 1661 natura‘ipsa
1452 1599 1563 1640 non
1605 1585 1809 1641 docet?
1843 1584 1889 1640 Ο
1941 1586 2031 1640 in—

440 1671 686 1728 auditam
752 1674 1064 1729 insaniam!
1132 1690 1166 1731 ο
1219 1684 1613 1748 praeposteram
1691 1677 2025 1733 novitatem!

441 1764 611 1820 Multa
640 1773 773 1820 sunt
814 1750 1101 1836 prmteréa,
1137 1782 1263 1838 qua:
1295 1767 1496 1838 priscis
1538 1768 1877 1839 temporibus
1912 1785 2030 1824 ma-

2104 574 2429 654 ’τεκμήρια
2466 581 2783 653 ’Δξιώματα
2814 583 2915 654 μὲν
2948 583 3061 655 γὰρ
3090 583 3405 655 ὀνομασιῶν
3440 585 3694 658 εἰλήφασιν

2127 676 2180 728 oi.
2220 673 2418 728 δίκαιοι
2450 673 2668 744 ἑκάστῳ
2699 673 3041 745 πρεπόντως,
3076 676 3171 729 καὶ
3203 676 3290 740 ὡς
3333 668 3564 748 ἥρμοζε.
3603 678 3696 732 Καὶ

2129 763 2210 835 τῷ
2249 764 2350 835 μὲν
2388 763 2643 836 ’Δᾶραάμ
2681 761 2987 838 προσετέθη
3016 766 3098 828 τὸ,
3127 767 3308 835 φίλος
3334 766 3509 833 Θεοῦ,
3538 767 3624 822 καὶ
3648 771 3696 823 οὐ

2128 856 2543 928 διαλυθήσεταν
2576 856 2654 929 τῷ
2678 857 2738 911 δὲ
2787 858 3007 926 Ἰακὼϐ,
3038 859 3098 912 τὸ
3132 858 3387 928 Ἰσραὴλ
3422 860 3696 924 καλεῖσθαι,

2132 948 2228 1002 καὶ
2276 948 2376 1002 οὐκ
2418 948 2844 1020 ἀλλοιωθήσεται
2866 967 2880 980 ’
2939 951 3035 1003 καὶ
3088 952 3201 1013 τοῖς
3258 950 3603 1015 ἀποστόλοις,
3650 953 3700 1005 τὸ

2124 1041 2478 1111 βοαηρτὲς,
2513 1021 2812 1108 τουτέστίν,
2854 1042 2973 1096 υἱοὶ
2997 1042 3289 1111 βροντῆς,
3322 1044 3421 1096 καὶ
3461 1044 3559 1096 οὐκ
3587 1046 3697 1097 ἀπο-

2111 1116 2631 1205 ’καταλειφθήσεται
2651 1150 2665 1165 ο
2697 1133 2794 1188 καὶ
2820 1136 2885 1206 τῇ
2916 1135 3048 1206 ἁγίᾳ
3068 1135 3266 1206 Μαρία
3286 1134 3374 1199 τὸ,
3403 1133 3700 1203 Παρθένος,

2133 1226 2230 1279 καὶ
2254 1226 2313 1279 οὐ
2344 1227 2711 1296 τραπήσεται.
2757 1224 3060 1296 ’Δχραντος
3078 1226 3187 1298 γὰρ
3216 1225 3495 1296 διέμεινεν
3518 1228 3551 1297 ή
3574 1226 3701 1294 ἁγία.

2132 1319 2280 1389 Αὐτὴ
2311 1320 2344 1389 ή
2391 1317 2551 1387 φύσις
2580 1319 2642 1371 οὺ
2684 1317 2932 1371 διδάσκει
2956 1316 3135 1388 ὑμᾶς
3164 1319 3231 1371 Ὢ
3256 1318 3462 1389 καινῆς
3495 1317 3699 1389 μανίαςι

2131 1409 2179 1462 ὣ
2226 1408 2431 1465 καινῶν
2463 1409 2845 1481 πραγμάτωνε
2877 1408 3057 1464 Πολλά
3092 1410 3150 1463 δέ
3177 1411 3330 1464 ἔστιν
3379 1409 3562 1480 ἔτερα,
3590 1409 3625 1463 ἃ
3656 1410 3704 1463 ὲν

2132 1504 2245 1565 τοῖς
2292 1501 2544 1566 παλαιοῖς
2592 1502 2808 1574 χρόνοις
2848 1502 2949 1555 οὐκ
2988 1503 3259 1574 ἐτολμήθη
3309 1504 3429 1566 τοῖς
3469 1502 3700 1573 πατράσι.

2132 1592 2245 1646 Νῦν
2271 1592 2327 1645 δὲ
2358 1592 2514 1656 ἄλλος
2551 1592 2650 1662 μὲν
2684 1592 2998 1665 βλασφημεῖ
3035 1596 3115 1658 είς
3148 1596 3247 1665 τὴν
3285 1594 3556 1665 ἔνσαρκον
3589 1596 3705 1665 Χρι-

2135 1684 2261 1737 στοῦ
2294 1684 2627 1757 παρουσίαν,
2650 1684 2815 1756 ἔτερα
2839 1684 3017 1738 λαλῶν
3037 1688 3119 1748 εἰς
3141 1684 3312 1755 αὐτήν
3345 1684 3449 1756 τὴν
3472 1683 3703 1753 θεότητα’

2134 1774 2294 1838 ἄλλος
2335 1774 2395 1827 δὲ
2443 1774 2635 1847 ἐλλιπῆ
2671 1778 2906 1829 ποιεῖται
2956 1776 3015 1829 ὲν
3043 1773 3220 1846 ἐαυτῷ
3259 1774 3366 1847 τὴν
3400 1775 3504 1842 τῆς
3550 1774 3709 1844 πάσης

434 1856 588 1928 iores
624 1858 803 1914 nosu'i
833 1873 1180 1930 nequaquam
1211 1860 1451 1929 aggressi
1497 1868 1644 1915 sunt.
1690 1859 1865 1917 Hodie
1904 1877 2035 1917 vero

2136 1867 2401 1939 ὲνσάρκου
2448 1867 2754 1937 παρουσίας
2792 1868 3178 1939 πραγματείαν
3199 1881 3214 1895 ’
3244 1866 3444 1938 ἓτερος
3482 1865 3538 1919 δὲ
3572 1866 3625 1918 ὲν
3651 1867 3706 1935 τῇ

438 1949 587 2006 alius
617 1949 675 2004 in
695 1958 1038 2020 assumptam
1070 1965 1101 2003 a
1126 1949 1348 2005 Christo
1380 1961 1639 2005 naturam
1668 1954 2037 2009 contumelio-

440 2054 542 2097 sus
568 2050 675 2109 est,
711 2046 766 2095 et
786 2041 1046 2095 inusitata
1067 2041 1317 2111 quaedam
1344 2040 1412 2095 de
1438 2041 1726 2099 divinitate
1751 2043 1871 2115 ipsa
1894 2061 2037 2115 prae-

438 2128 618 2197 dicat;
670 2130 814 2185 alius
871 2130 1047 2200 ipsum
1096 2122 1232 2184 illud
1286 2130 1688 2188 incarnationis
1755 2136 2034 2205 negotium

386 2251 389 2255 ν
440 2236 701 2277 mancum
743 2229 909 2293 atque
956 2222 1338 2293 imperfectum
1383 2225 1710 2292 constituit;
1755 2227 1900 2282 alius
1947 2243 2037 2284 re-

437 2313 787 2369 surrectione
836 2323 1178 2370 mortuorum
1226 2314 1557 2385 oﬂ‘enditur;
1606 2318 1747 2374 alius
1795 2318 2034 2389 denique

438 2405 589 2461 aliud
610 2406 716 2475 sibi
740 2407 808 2462 ad
839 2409 1270 2478 oppugnandum
1302 2410 1516 2480 arripit.
1564 2408 1610 2467 0
1650 2411 2031 2467 turbulentum

438 2508 691 2553 nostrum
714 2500 975 2555 saeculum
1000 2538 1015 2564 ,
1055 2498 1113 2554 in
1141 2515 1251 2570 quo
1286 2499 1574 2556 hominum
1610 2502 1720 2557 vita
1751 2516 2029 2559 sununum

439 2588 496 2643 in
528 2589 828 2645 discrimen
877 2588 1194 2657 adducitur,
1244 2605 1366 2659 qua:
1408 2592 1652 2662 undique
1696 2593 1956 2663 pessimis
1997 2607 2031 2648 a

439 2680 686 2736 daemone
732 2682 1046 2751 propagatis
1094 2682 1415 2753 Opinionum
1458 2684 1741 2740 erroribus
1779 2699 1845 2740 ac
1900 2699 2030 2755 per-

443 2771 584 2825 ﬁdiae
631 2774 958 2827 commentis
1013 2773 1298 2827 obruitur!
1348 2772 1601 2838 Quanam
1659 2789 1790 2831 vero
1850 2774 2034 2833 fronte

2134 1956 2430 2010 ἀναστάσει
2472 1955 2731 2027 ἀσχάλλει
2771 1954 2881 2009 τῶν
2919 1955 3168 2028 νεκρῶν·
3202 1954 3399 2027 ἕτερος
3443 1954 3501 2008 δὲ
3545 1953 3705 2025 μέρος.

2134 2044 2248 2101 Καὶ
2280 2041 2640 2113 ἁπαξαπλῶς,
2670 2047 2719 2102 ὣ
2761 2048 2861 2119 τῆς
2889 2048 3050 2119 ἡμῶν
3082 2045 3473 2118 τεθολωμένης
3497 2046 3705 2114 γενεάςῑ

2132 2134 2202 2211 ἧς
2239 2142 2273 2211 ή
2309 2139 2422 2210 ζωὴ
2457 2141 2519 2192 ἐν
2557 2139 2789 2209 κινδύνῳ
2829 2137 3119 2205 διάκειται,
3161 2140 3227 2192 ὲκ
3252 2136 3592 2208 πανταχόθεν
3629 2152 3709 2188 πε-

2137 2228 2532 2302 ριαντλουμένη
2572 2231 2771 2293 κακαῖς
2803 2227 2908 2282 ὑπὸ
2938 2226 3185 2282 διαϐόλου
3232 2229 3569 2298 ὲπισποραῖς
3607 2227 3709 2279 δια.

2135 2319 2448 2392 νοημάτων,
2466 2337 2527 2373 τε
2555 2322 2651 2375 καὶ
2690 2320 2969 2393 λογισμῶν
3011 2319 3405 2384 κακοπιστίας.
3446 2318 3570 2382 Πῶς
3606 2315 3709 2371 τολ-

2137 2410 2279 2482 μῶσι
2323 2412 2421 2485 τὴν
2470 2412 2738 2485 εχραντον
2781 2414 3082 2486 Παρθένον,
3112 2413 3204 2467 καὶ
3256 2411 3363 2483 τὴν
3417 2411 3711 2480 οἰκητήριον

2135 2500 2567 2568 καταξιωθεῐσαν
2594 2503 2848 2573 γενέσθαι
2875 2504 2969 2558 τοῦ
2989 2502 3137 2571 Υίοῦ,
3157 2502 3256 2575 τὴν
3279 2505 3365 2567 εἰς
3390 2501 3554 2555 ταυτί)
3575 2499 3713 2554 τοῦτο

2136 2592 2485 2665 ὲκλεχθεῖσαν
2516 2598 2580 2650 ὲκ
2610 2597 2722 2650 τῶν
2755 2597 3031 2669 μυριάδων
3080 2595 3322 2668 Ἰσραὴλ,
3362 2595 3513 2657 ὅπως
3542 2590 3713 2654 σκεῦος

2138 2687 2234 2740 καὶ
2258 2688 2573 2759 οίκητήριον
2597 2686 2902 2760 ἠξιωμένος
2944 2690 3025 2753 εἰς
3052 2690 3275 2759 σημεῖον
3320 2686 3488 2757 μόνον
3514 2681 3713 2757 ὑπάρξῃ

2139 2779 2378 2832 τοκετῶν
2400 2778 2456 2847 ἰς

440 2863 821 2932 incorruptam
878 2862 1027 2916 illam
1087 2861 1366 2934 Virginem
1420 2864 1840 2934 aggrediuntur,
1890 2882 2013 2938 quae
2059 2865 2157 2923 Dei
2197 2868 2319 2926 Filii
2351 2869 2692 2933 domicilium
2749 2884 2873 2925 esse
2929 2866 3168 2934 meruit,
3239 2882 3367 2942 quae
3388 2880 3455 2925 ex
3526 2864 3712 2923 inﬁnito

442 2950 815 3009 lsraelitarum
838 2968 1066 3009 numero
1090 2954 1155 3010 ad
1182 2955 1234 3010 id
1260 2970 1431 3010 unum
1446 2962 1535 3011 est
1559 2956 1753 3024 electa,
1787 2967 1845 3014 ut
1869 2973 1965 3015 vas
2005 2958 2285 3030 quoddam
2338 2968 2393 3017 et
2434 2962 2699 3018 habitatio
2760 2961 2857 3017 uni
2913 2970 3059 3018 esset
3116 2960 3309 3018 divino
3369 2961 3553 3034 partui
3598 2974 3713 3015 con-

443 3055 659 3107 secrata
689 3051 711 3105 ?

419 3154 423 3158 ’
518 3138 635 3200 Vll.
679 3142 796 3199 Hoc
827 3144 971 3200 enim
1014 3152 1167 3201 certo
1203 3161 1270 3202 ex
1300 3155 1533 3203 auctore
1579 3146 1834 3217 cognovi,
1889 3159 2032 3200 non-

2200 3143 2278 3200 Z’.
2319 3144 2570 3197 Ἤκουσα
2619 3141 2731 3215 γὰρ
2780 3141 2935 3213 παρά
2981 3159 3146 3207 τινος,
3185 3138 3263 3207 ὣς
3297 3153 3451 3207 τινες
3495 3138 3715 3211 τολμῶσι

441 3236 627 3292 nullos
661 3236 717 3293 id
762 3237 833 3293 de
872 3238 965 3292 illa
1013 3237 1282 3295 aliirmare
1319 3255 1488 3295 ausos
1535 3255 1659 3295 esse
1691 3257 1705 3293 :
1744 3248 2035 3310 postquam

445 3329 785 3386 Salvatorem
817 3330 1060 3401 peperit,
1105 3346 1233 3386 cum
1279 3332 1399 3387 viro
1447 3329 1907 3386 consuetudinem
1938 3329 2040 3383 ba-

442 3420 657 3478 buisse.
694 3420 850 3489 Quod
880 3422 1137 3493 equidem
1170 3425 1354 3480 minus
1377 3423 1643 3479 admiror.
1674 3421 1811 3477 Nam
1839 3435 2032 3476 eorum

441 3513 685 3581 inscitia,
713 3515 809 3587 qui
833 3531 1011 3587 neque
1037 3531 1227 3572 sacras
1253 3515 1491 3572 Litteras
1523 3522 1785 3572 accurate
1810 3514 2039 3580 callent,

443 3602 709 3677 neque‘in
743 3616 989 3667 veterum
1028 3609 1387 3665 historiarum
1432 3608 1667 3663 lectione
1716 3606 1834 3660 triti
1880 3614 2043 3668 sunt,

445 3694 548 3751 bos
580 3696 730 3765 ipsos
756 3697 829 3753 ab
855 3699 978 3754 aliis
1019 3698 1089 3753 ad
1128 3700 1234 3753 alia
1270 3697 1532 3755 transfert
1560 3707 1615 3754 et
1643 3696 1879 3767 abripit,
1909 3710 2037 3749 cum

444 3798 516 3838 ex
552 3784 772 3855 ingenio
810 3802 912 3842 suo
955 3802 1019 3842 ac
1057 3795 1242 3843 mente
1280 3788 1528 3843 veritatis
1562 3787 1791 3857 vestigia
1844 3800 2041 3841 conse«

446 3879 693 3927 ctantur.
732 3872 792 3928 ln
822 3875 1016 3945 primis
1052 3876 1239 3946 itaque
1264 3892 1389 3932 cum
1415 3877 1573 3932 beata
1612 3876 1774 3947 Virgo
1800 3874 2041 3946 losepbo

446 3962 649 4018 tradita
679 3970 787 4032 est,
819 3981 930 4035 quo
970 3965 1119 4020 illam
1158 3967 1324 4022 sortis
1358 3967 1665 4021 necessitas
1706 3965 2036 4030 adduxerat,

447 4069 795 4125 nequaquam
844 4058 894 4112 ei
949 4056 1020 4113 ad
1067 4058 1473 4129 copulationem
1520 4068 1606 4115 est
1645 4072 1938 4122 concessa,
1990 4057 2047 4113 si.

449 4147 596 4218 quod
621 4164 710 4205 res
744 4156 831 4204 est
870 4163 1192 4205 asseverare
1235 4150 1511 4216 volumus,
1555 4165 1683 4207 cum
1713 4150 1906 4220 utique
1954 4149 2043 4204 vi-

448 4238 594 4297 duus
622 4248 790 4297 esset.
829 4239 934 4296 Sed
967 4247 1191 4311 propter
1220 4242 1394 4313 legem
1426 4250 1610 4298 tamen
1639 4241 1724 4296 vir
1755 4241 1905 4296 illius
1943 4255 2043 4310 ap-

446 4331 702 4401 pellatur.
734 4330 908 4387 Porro
946 4349 1013 4390 ex
1044 4332 1277 4388 Judaica
1320 4332 1539 4403 1039
1572 4332 1873 4387 traditione
1902 4346 2045 4385 con-

449 4431 746 4492 sequenter
777 4423 923 4479 istud
953 4423 1288 4489 ostenditur,
1322 4438 1456 4488 non,
1490 4430 1550 4477 ut
1576 4437 1704 4477 cum
1732 4422 1826 4477 illo
1867 4437 2039 4492 copu-

2141 3237 2271 3308 περὶ
2319 3235 2527 3307 ταύτης
2573 3234 2773 3304 λέγειν,
2807 3234 2891 3288 δτι
2943 3233 3082 3306 μετά
3111 3233 3171 3287 τὸ
3215 3234 3609 3305 γεγεννηκέναι
3637 3229 3715 3284 τὸν

2140 3323 2373 3397 Σωτῆρα
2420 3324 2665 3398 συνήφθη
2700 3324 2874 3397 ἀνδρί.
2907 3324 3017 3378 Καὶ
3043 3324 3104 3377 οὐ
3139 3323 3436 3394 θαυμάζω.
3481 3322 3590 3376 ’Δεὶ
3621 3320 3717 3393 γὰρ

2141 3419 2175 3489 ﬂ
2207 3417 2401 3485 ἄγνοια
2441 3415 2552 3469 τῶν
2586 3416 2660 3486 μὴ
2693 3414 2763 3469 τὰ
2799 3414 3006 3485 ἀκριϐῆ
3054 3414 3381 3482 ἐγνωκότων
3417 3413 3526 3468 τῶν
3576 3411 3715 3466 θείων

2139 3501 2395 3579 Γραφῶν,
2421 3506 2556 3576 μηδὲ
2582 3503 2846 3576 ἱστορίαις
2877 3503 3385 3575 προσεγγισάντων,
3415 3503 3509 3573 ἀφ’
3535 3502 3714 3572 ἑτέρων

2140 3602 2220 3663 εἰς
2260 3600 2425 3667 ἕτερα
2473 3597 2682 3668 τρέπει,
2715 3596 2808 3649 καὶ
2852 3597 3117 3667 περισπᾷ,
3148 3595 3240 3649 τὸν
3287 3595 3542 3650 ἀσπιδέου
3568 3595 3591 3625 ⁸
3614 3591 3714 3656 νοὸς

2143 3690 2469 3763 βουλόμενόν
2502 3704 2555 3743 τι
2589 3690 2718 3761 περὶ
2747 3691 2848 3761 τῆς
2870 3689 3130 3759 ἀληθείας
3157 3689 3489 3761 ἰχνηλατεῖν.
3517 3687 3713 3758 Πρῶτον

2139 3784 2252 3854 γὰρ
2276 3782 2366 3837 ὅτε
2395 3782 2429 3852 ἡ
2462 3780 2738 3852 Παρθένος
2779 3779 3100 3851 παρεδίδοτο
3142 3777 3220 3850 τῷ
3263 3779 3489 3850 Ἰωσὴφ,
3523 3777 3714 3849 κλήρων

2139 3877 2220 3939 εις
2261 3872 2424 3927 τοῦτο
2469 3874 2903 3941 ἀναγκασάντων
2944 3870 3116 3943 αὐτὴν
3144 3870 3325 3942 ήκειν,
3368 3872 3432 3924 οὐ
3465 3865 3712 3941 παρεδόθη

2141 3963 2292 4035 αὐτῷ
2329 3965 2409 4028 εἰς
2444 3962 2760 4033 συνάφειαν,
2794 3965 2843 4015 εἱ
2881 3961 2963 4014 δεῖ
2998 3961 3067 4015 τὰ
3096 3959 3275 4033 ἀληθῆ
3311 3960 3517 4030 λέγειν,
3550 3955 3713 4030 ἐπειδὴ

2141 4054 2312 4128 χῆρος
2336 4051 2424 4126 ἦν.
2461 4054 2623 4107 Ἀλλὰ
2648 4054 2738 4108 διὰ
2765 4053 2857 4107 τὸν
2881 4053 3047 4124 νόμον
3069 4053 3166 4123 μὲν
3187 4052 3330 4125 ἀνὴρ
3354 4052 3611 4124 κέκληται
3629 4048 3713 4119 τῆς

2140 4148 2311 4217 αὐτῆς
2331 4162 2346 4178 ·
2378 4145 2520 4200 κατὰ
2541 4145 2596 4198 δὲ
2630 4146 2729 4215 τὴν
2756 4144 3077 4199 ἀκολουθίαν
3103 4145 3168 4197 ὲκ
3195 4142 3299 4214 τῆς
3318 4142 3430 4198 τῶν
3470 4140 3713 4197 Ἰουδαίων

2141 4237 2491 4309 παραδόσεως
2523 4237 2819 4302 δείκνυται,
2859 4235 2937 4299 ὡς
2962 4235 3060 4307 οὐχ
3091 4236 3280 4289 ἕνεκεν
3311 4232 3407 4290 τοῦ
3444 4234 3711 4304 ζευχθῆναι

2142 4328 2294 4398 αὐτῷ
2331 4327 2651 4398 παρεδίδοτο
2683 4326 2836 4398 αὐτῷ
2871 4328 2904 4397 ἡ
2952 4326 3250 4398 Παρθένος,
3292 4327 3409 4380 ἀλλ’
3442 4329 3585 4389 ὅπως
3610 4324 3710 4376 δια-

2144 4418 2445 4488 φυλαχθείη
2480 4420 2559 4481 εις
2603 4418 2903 4488 μαρτύριον
2941 4416 3049 4470 τῶν
3088 4416 3385 4488 ἐσομένων,
3420 4418 3501 4471 ὅτι
3545 4415 3601 4469 οὐ
3635 4413 3723 4469 νόο,

446 4514 678 4580 laretur,
730 4515 1007 4588 Virginem
1054 4516 1107 4571 ei
1159 4515 1335 4571 fuisse
1383 4515 1667 4582 traditam,
1721 4513 1818 4569 sed
1872 4522 1929 4567 ut
1973 4512 2035 4567 ad

2148 4510 2239 4572 θος
2276 4512 2311 4580 ἡ
2348 4511 2450 4580 τῆς
2480 4511 2749 4582 ἒνσάρκου
2802 4510 3105 4582 παρουσίας
3140 4512 3426 4582 οἰκονομία
3464 4507 3709 4578 ἐπεδήμη-

448 4604 759 4662 luturorum
803 4607 1179 4664 testimonium
1227 4615 1579 4672 servaretur,
1634 4605 1924 4676 palamque
1954 4603 2043 4659 lie-

449 4706 554 4764 ret,
597 4706 908 4771 susceptam
937 4699 1182 4755 hominis
1210 4715 1241 4753 a
1274 4698 1383 4754 Deo
1412 4705 1667 4752 naturam
1714 4710 1827 4751 non
1877 4696 2039 4750 adul-

450 4793 681 4847 terinam
711 4807 777 4848 ac
818 4794 1065 4864 spuriam
1095 4791 1269 4847 fuisse
1288 4832 1303 4857 ,
1348 4791 1445 4847 sed
1474 4789 1804 4846 certissimis
1836 4787 2038 4845 suﬂra-

449 4885 1075 4954 gantibustestimoniis
1108 4884 1229 4940 sine
1254 4884 1395 4940 virili
1423 4893 1568 4950 satu,
1600 4882 1841 4953 Spiritus
1862 4880 2039 4936 sancti

450 4970 502 5024 vi
552 4978 607 5025 et
644 4972 932 5028 efﬁcientia
969 4973 1354 5031 constitutam.
1404 4971 1695 5041 Quomodo
1727 4971 1874 5027 enim
1924 4978 2038 5024 tam

450 5059 625 5117 eﬂ'ette
699 5078 866 5120 senex
945 5067 1120 5123 aetatis
1197 5064 1469 5135 virginem
1539 5064 1744 5120 habere
1809 5077 2036 5119 uxorem

450 5151 648 5222 potuit,
706 5154 799 5222 qui
855 5161 939 5209 tot
984 5158 1147 5214 annis
1189 5168 1349 5213 antea
1404 5157 1581 5227 priori
1622 5154 1859 5226 conjuge
1890 5148 2039 5210 esset

449 5244 725 5300 orbatus?
764 5244 1047 5315 Siquidem
1073 5248 1161 5304 hic
1194 5249 1315 5319 ipse
1332 5248 1609 5320 Josephus
1644 5246 1903 5318 Cleopbae
1933 5246 2039 5300 fra-

2148 4616 2260 4666 σεν,
2320 4600 2457 4656 ἀλλὰ
2511 4604 2983 4676 μεμαρτυρημένη
3032 4607 3090 4658 ὲν
3132 4602 3387 4677 ἀληθείᾳ,
3433 4602 3584 4665 ἐκτὸς
3626 4599 3707 4671 μὲν

2148 4693 2462 4764 σπέρματος
2497 4693 2710 4764 ἀνδρὸς,
2742 4695 2802 4747 ὲν
2836 4693 3115 4765 Πνεύματι
3148 4695 3289 4767 ἁγίῳ
3320 4691 3708 4765 οίκονομηθεῖσα

2145 4787 2205 4841 ὲν
2248 4783 2496 4856 ἀληθείᾳ.
2557 4783 2684 4849 Πῶς
2722 4784 2830 4860 γὰρ
2884 4785 3123 4856 ἠδύνατο
3170 4789 3199 4841 ὁ
3252 4787 3505 4851 τοσοῦτος
3549 4784 3707 4854 γέρων

2147 4877 2416 4950 παρθένον
2457 4877 2600 4944 ἕξειν
2656 4882 2913 4947 γυναῖκα,
2948 4878 3023 4933 ὣν
3075 4880 3183 4933 ἀπὸ
3218 4879 3441 4952 πρώτης
3475 4871 3707 4947 γυναικὸς

2144 4970 2312 5043 χῆρος
2339 4969 2579 5024 τοσαῦτα
2608 4970 2741 5042 ἐτης
2772 4967 2943 5035 θῦτος
2995 4972 3093 5043 μὲν
3126 4972 3234 5042 γὰρ
3283 4974 3311 5025 ὁ
3378 4970 3569 5040 Ἰωσὴφ
3611 4961 3705 5035 (98)

2145 5063 2374 5137 ἀδελφὸς
2398 5064 2607 5134 γίνεται
2639 5064 2733 5118 τοῦ
2768 5065 2998 5131 Κλωπᾶ,
3038 5060 3107 5137 ἦν
3146 5064 3203 5120 δὲ
3240 5065 3355 5129 υἱὸς
3382 5061 3475 5117 τοῦ
3506 5053 3703 5117 ’ῐακὼῦν

2146 5153 2471 5225 ἐπίκληνδὲ
2518 5156 2745 5228 Πάνθηρ
2798 5156 3158 5228 καλουμένου.
3219 5156 3539 5229 Ἀμφότεροι
3577 5142 3701 5203 οὗτοι

2143 5245 2254 5300 ἀπὸ
2275 5245 2369 5299 τοῦ
2400 5248 2683 5318 Πάνθηρος
2715 5247 2945 5319 ἐπίκλην
2991 5245 3305 5317 γεννῶνται.

450 5345 556 5404 ter,
586 5337 779 5395 Jacobi
806 5338 954 5394 ﬁlius
968 5348 1330 5409 cognomento
1357 5340 1671 5410 Pantheris,
1693 5340 1827 5396 luit:
1846 5339 2033 5404 ambo,
2074 5336 2321 5409 inquam,
2347 5339 2427 5394 illi
2455 5337 2731 5396 Panthere
2758 5349 2913 5412 patre
2944 5341 3061 5396 nati
3088 5348 3238 5397 sunt.

522 5498 537 5529 '
567 5497 685 5555 Jac.
744 5516 808 5568 tt,
847 5496 940 5553 25.

1050 5498 1071 5529 ¹
1110 5495 1247 5553 Gen.
1285 5513 1457 5566 xxx",
1486 5499 1578 5556 23.

452 5565 612 5628 Βίου.

525 5722 640 5792 (98)
669 5717 856 5798 οὗτος
880 5725 998 5798 μὲν
1020 5726 1133 5798 γὰρ
1160 5727 1194 5780 ὀ
1226 5724 1469 5798 Ἰωσήφ.
1504 5726 1580 5782 De
1617 5726 1721 5798 bac
1747 5723 2039 5798 Epiphanii

458 5795 745 5863 sententia,
769 5803 824 5850 et
853 5795 1077 5868 quinam
1107 5796 1322 5853 Domini
1353 5799 1548 5856 fratres
1582 5797 1661 5854 illi
1689 5795 1915 5864 fuerint,
1946 5812 2038 5854 co-

1676 5498 1697 5531 ³
1737 5495 1906 5554 Marc.
1937 5513 1998 5552 ιιι
2024 5536 2035 5564 ,

2136 5495 2169 5551 ί.
2246 5497 2268 5529 ⁸
2300 5497 2361 5555 F.
2403 5500 2484 5564 εἰς
2544 5499 2689 5553 θεῖον
2722 5500 2887 5571 μόνον
2922 5501 3017 5554 ὑπ.
3071 5500 3314 5555 τοκετόν.
3386 5499 3408 5532 ⁸
3454 5497 3575 5552 Cor.
3613 5485 3697 5546 ἀπ’

2147 5723 2358 5794 piosam
2399 5722 2570 5778 babes
2599 5722 3030 5794 disputationem
3048 5722 3117 5794 in
3144 5721 3416 5792 Apparatu
3454 5716 3521 5774 ad
3541 5714 3690 5771 Amm-

2149 5793 2220 5851 les
2247 5794 2660 5863 ecclesiasticos,
2691 5793 2746 5850 ιι.
2775 5793 2891 5864 Lit,
2927 5807 2992 5849 ac
3026 5793 3309 5864 deinceps.
