3964 6406
281 330 388 386 709

859 337 1228 396 ADVERSUS
1266 339 1610 398 HASRESES
1647 342 1776 398 LIB.
1817 341 1904 398 Ill.
1948 339 2113 401 TOM.
2151 341 2222 398 11.
2261 373 2333 387 —
2370 343 2648 402 HIERES.
2691 343 2987 402 LXXVIII.

3449 353 3558 410 7H)

348 451 517 521 Ἔσχε
547 450 603 504 δὲ
627 443 781 516 οὗτος
824 453 854 507 6
893 454 1093 527 Ἰωσὴφ
1127 454 1227 525 τὴν
1278 453 1378 525 μὲν
1412 453 1636 529 πρώτην
1689 457 1858 511 αὐτοῦ

2032 458 2304 515 Caeterum
2325 457 2597 529 Josephus
2625 460 2862 530 primam
2879 475 2910 514 c
2934 459 3078 516 tribu
3100 458 3253 518 Iudae
3271 458 3559 534 coniugem

271 543 513 612 γυναῖκα
562 543 625 596 ὲκ
681 545 781 614 τῆς
833 543 1008 614 φυλῆς
1077 544 1265 610 Ἰούδα,
1319 545 1415 601 καὶ
1467 548 1685 601 κυΐσκει
1719 547 1868 620 αὐτῷ

271 632 414 704 αὕτη
441 633 637 697 παῖδας
668 633 761 687 τὸν
787 634 1020 706 ἀριθμὸν
1055 635 1136 703 ἒξ,
1165 637 1437 708 τέσσαρας
1471 637 1571 706 μὲν
1603 639 1863 710 ἄρρενας,

271 723 498 794 θηλείας
543 723 600 776 δὲ
636 723 764 777 δύοο
821 724 1074 799 καθάπερ
1115 727 1178 781 τὸ
1225 728 1560 797 Εὑαγγέλιον
1612 730 1674 783 τὸ
1717 730 1868 802 ,κατὰ

271 817 503 887 Μάρκον
533 816 628 868 καὶ
665 817 808 870 κατὰ
865 818 1120 889 Ἰωάννην
1153 821 1514 893 ὲσαφήνισαν.
1549 822 1715 892 Ἔσχε
1767 823 1867 894 μὲν

272 905 369 962 οὖν
439 908 785 979 πρωτότοκον
855 910 947 964 τὸν
1025 911 1282 966 Ἰάκωϐον
1352 912 1444 967 τὸν
1503 915 1867 987 ἐπικληθέντα

285 1001 546 1066 utilior,
601 1000 1037 1071 ἑρμηνευόμενον
1075 1004 1274 1073 τεῖχος
1316 1003 1452 1075 (99),
1508 1005 1602 1058 καὶ
1660 1007 1866 1060 δίκαιον

272 1091 656 1161 ἐπικληθέντα,
690 1089 1011 1162 Ναζωραῖον
1039 1092 1098 1145 δὲ
1125 1091 1276 1157 ὄντα,
1323 1094 1461 1167 ὅπερ
1502 1096 1864 1166 ἑρμηνεύεται

258 1181 450 1252 ἅγιος.
487 1182 598 1236 Καὶ
637 1182 852 1253 πρῶτος
893 1175 1050 1246 οὗτος
1081 1184 1272 1256 εἴληφε
1303 1185 1400 1256 τὴν
1447 1203 1500 1240 κ.
1524 1186 1717 1258 θέδραν
1765 1188 1866 1258 τῆς

271 1274 599 1346 ἐπισκοπῆς,
641 1269 686 1344 ᾧ
731 1275 1064 1329 πεπίστευκε
1103 1276 1307 1348 Κύριος
1339 1278 1429 1330 τὸν
1464 1276 1653 1349 θρόνον
1698 1278 1863 1333 αὑτοῦ

270 1365 368 1418 ἐπὶ
395 1366 495 1435 τῆς
538 1366 644 1435 γῆς
680 1365 917 1438 πρώτῳ·
953 1365 1013 1430 ὃς
1045 1366 1141 1421 καὶ
1213 1368 1463 1422 ἐκαλεῖτο
1514 1372 1547 1424 ό
1599 1369 1865 1438 ἁδελφὸς

267 1457 380 1510 τοῦ
425 1458 681 1526 Κυρίου·
730 1458 979 1530 καθάπερ
1039 1459 1133 1512 καὶ
1183 1461 1212 1513 6
1273 1460 1595 1524 ’Λπόστολος
1652 1461 1864 1532 συνᾴδει

270 1547 508 1612 τούτοις,
542 1542 643 1601 ὧδέ
683 1565 785 1602 που
820 1548 1026 1618 λέγων·
1062 1551 1304 1618 "Etspor
1337 1549 1405 1602 δὲ
1450 1550 1569 1604 τῶν
1605 1552 1866 1605 ἀποστό-

267 1643 404 1695 λων
431 1641 542 1694 οὐκ
567 1637 750 1704 εἶδον,
782 1643 837 1693 εί
857 1639 950 1710 μὴ
999 1640 1278 1695 Ἰάκωϐον
1313 1641 1422 1694 τὸν
1454 1641 1724 1711 ἀδελφὸν
1757 1641 1862 1694 τοῦ

268 1733 513 1800 Κυρίου,
561 1734 656 1786 καὶ
685 1733 752 1786 τὰ
787 1731 936 1802 ἑξῆς.
987 1732 1238 1802 Ἀδελφὸς
1261 1732 1319 1784 δὲ
1345 1731 1438 1786 τοῦ
1473 1733 1679 1804 Κυρίου
1709 1728 1864 1795 οὗτος

269 1826 513 1880 καλεῖται
560 1823 649 1876 διὰ
677 1825 737 1876 τὸ
787 1824 1111 1894 ὁμότροφον,
1158 1824 1280 1894 οὐχὶ
1323 1823 1461 1877 κατὰ
1496 1823 1680 1893 φύσιν,
1725 1823 1862 1878 ἀλλὰ
1894 1857 1934 1911 Β

267 1914 414 1968 κατὰ
433 1915 611 1985 χάριν.
646 1913 834 1983 Μαρία
868 1913 964 1982 μὲν
994 1912 1123 1982 γὰρ,
1158 1913 1494 1984 ἁρμοσθεῖσα
1525 1913 1603 1983 τῷ
1637 1913 1855 1985 Ἰωσὴφ,

267 2007 446 2060 ἐδόκει
479 2005 613 2075 γυνὴ
648 2000 786 2057 εἶναι
823 2003 915 2056 τοῦ
947 2004 1160 2074 ἀνδρὸς,
1200 2003 1274 2075 μὴ
1299 2003 1498 2074 ἔχουσα
1533 2005 1670 2076 πρὸς
1696 2005 1857 2059 αὑτὸν

267 2097 542 2168 σωμάτων
590 2095 921 2164 συνάφειαν·
970 2083 1035 2148 ὲκ
1077 2092 1278 2165 ταύτης
1321 2096 1378 2149 δὲ
1412 2096 1512 2165 τῆς
1545 2096 1859 2160 ὑποθέσεως

265 2192 302 2261 ἡ
343 2189 636 2258 γειτνίασις
683 2187 1001 2258 ἀγχιστείας
1041 2186 1150 2241 τῶν
1195 2187 1331 2240 υἱῶν
1372 2187 1569 2260 Ἰωσὴφ
1604 2188 1739 2259 πρὸς
1769 2189 1860 2241 τὸν

264 2283 500 2352 Σωτῆρα
533 2283 590 2334 ὲν
629 2278 873 2349 ἀδελφῶν
906 2278 1056 2345 τάξει
1088 2277 1376 2349 κέκληται’
1419 2280 1640 2350 «μᾶλλον
1673 2279 1728 2332 δὲ
1767 2279 1861 2332 καὶ

265 2372 544 2444 ἐλογίσθη.
607 2372 698 2435 Ὦς
749 2371 858 2442 γὰρ
899 2371 993 2423 καὶ
1032 2370 1192 2434 αὐτὸς
1245 2370 1274 2422 6
1320 2369 1540 2441 Ἰωσὴφ,
1599 2370 1674 2442 μὴ
1715 2369 1860 2442 σχὼν

265 2463 552 2517 κοινωνίαν
597 2461 734 2533 πρὸς
767 2461 868 2532 τὴν
909 2461 1164 2532 γέννησιν
1209 2459 1309 2531 τὴν
1358 2460 1498 2514 κατὰ
1538 2459 1716 2530 σάρκα
1760 2459 1854 2513 τοῦ

265 2557 541 2628 Σωτῆρος,
573 2557 630 2608 ἐν
656 2554 806 2618 τάξει
834 2554 1039 2626 πατρὸς
1067 2554 1340 2622 λογίζεται
1370 2554 1490 2606 κατ’
1511 2553 1820 2623 οἰκονομίαν
1838 2569 1852 2584 δ

265 2647 454 2710 καθὼς
495 2646 643 2714 λέγει
690 2645 906 2707 Λουκᾶς
957 2643 1348 2714 εύαγγελιστὴς
1387 2642 1516 2712 περὶ
1561 2641 1724 2694 αὐτοῦ
1762 2641 1857 2696 τοῦ

266 2739 540 2810 Σωτῆρος,
601 2737 681 2790 ὅτι
738 2737 845 2789 Ὧν
894 2736 1052 2800 υἱὸς,
1101 2736 1183 2800 ὡς
1226 2734 1544 2804 ἐνομίζετο,
1613 2735 1854 2804 Ἰωσήφ.

278 2831 371 2892 Ὠς
398 2829 492 2881 καὶ
523 2828 658 2898 αὐτὴ
700 2829 732 2898 ἡ
767 2826 1001 2897 Μαριὰμ
1031 2826 1135 2897 ἔφη
1174 2826 1309 2898 πρὸς
1338 2827 1498 2880 αὐτὸν
1523 2828 1580 2880 ὲν
1615 2825 1692 2896 τῷ
1720 2826 1861 2880 κατὰ

263 2921 482 2975 Λουκᾶν
526 2917 874 2989 Εὐαγγελίῳ·
935 2917 1092 2972 Ἰδοὺ
1123 2918 1260 2988 ἐγὼ,
1303 2919 1402 2972 καὶ
1437 2923 1472 2972 ό
1502 2919 1700 2987 πατήρ
1739 2935 1857 2973 σου

262 3013 590 3081 ἐζητοῦμέν
621 3026 695 3066 σε
743 3009 1126 3080 ὀδυνώμενοι.
1184 3011 1281 3074 Τίς
1327 3008 1420 3064 οὖν
1457 3009 1522 3064 ἂν
1576 3012 1719 3064 εἴποι
1768 3010 1860 3063 τὸν

277 3103 480 3171 Ἰωσὴφ
526 3101 738 3172 πατέρα
791 3099 884 3153 τοῦ
937 3099 1166 3172 Κυρίου,
1213 3101 1272 3163 ὃς
1322 3100 1472 3153 οὐδὲν
1522 3101 1659 3170 πρὸς
1698 3101 1860 3155 αὑτὸν

261 3192 414 3264 εἶχεν
443 3194 633 3257 αἴτιον,
671 3192 906 3263 μάλιστα
931 3191 1032 3261 τῆς
1064 3191 1332 3262 ὲνσάρκου
1363 3193 1666 3262 παρουσίας
1701 3192 1856 3256 ἐκτὸς
1884 3218 1926 3274 C

262 3286 589 3356 σπέρματος
615 3285 804 3356 ἀνδρδς
834 3283 1220 3355 ὑπαρχούσης;
1267 3283 1424 3336 Ἀλλὰ
1465 3283 1553 3336 διὰ
1583 3285 1682 3354 τῆς
1708 3287 1855 3337 οἱκο-

258 3378 464 3449 νομίας
490 3375 678 3430 τοῦτον
710 3375 900 3446 εἴληφε
927 3374 1017 3427 τὸν
1048 3374 1250 3446 κλῆρον
1289 3375 1358 3429 τὰ
1391 3375 1714 3446 πράγματα.

343 3557 424 3614 H'.
475 3558 661 3611 Τίκτει
717 3557 817 3628 μὲν
860 3553 1050 3611 τοῦτον
1099 3555 1191 3610 τὸν
1233 3554 1488 3608 Ἰάκωϐον
1539 3555 1708 3624 ἐγγύς
1752 3571 1855 3609 που

261 3652 400 3724 περὶ
462 3651 555 3721 ἐτη
607 3646 849 3719 γεγονὼς
905 3648 1320 3720 τεσσαράκοντα
1372 3647 1542 3700 πλείω
1607 3645 1853 3701 ἐλάσσωο

265 3747 390 3818 μετ’
429 3745 590 3799 αὑτὸν
620 3745 676 3797 δὲ
709 3742 917 3812 γίνεται
949 3742 1079 3804 παῖς
1121 3739 1276 3810 Ἰωσῆ
1326 3738 1689 3810 καλούμενοςσ
1736 3735 1856 3792 εἷτα

265 3838 392 3908 μετ’
425 3835 587 3889 αὑτὸν
631 3832 860 3904 Συμεών
880 3847 893 3860 ’
941 3830 1134 3884 ἔπειτα
1162 3827 1364 3892 Ἰούδας
1385 3845 1399 3860 θ
1437 3828 1532 3881 καὶ
1568 3828 1664 3882 δύο
1694 3827 1859 3898 θυγα-

259 3927 446 3999 τέρες,
474 3928 507 3998 ἡ
550 3925 742 3996 Μαρία
776 3923 870 3977 καὶ
906 3922 940 3994 ἡ
990 3919 1228 3991 Σαλώμη
1257 3918 1590 3989 καλουμένη.
1627 3918 1738 3972 Kal.
1768 3919 1856 3970 τέ-

261 4020 467 4090 θνηκεν
500 4017 666 4071 αὑτοῦ
701 4019 736 4087 ἠ
776 4015 913 4087 γυνή
934 4030 948 4045 ·
973 4013 1068 4068 καὶ
1102 4010 1241 4083 μετὰ
1274 4009 1367 4081 ἔτη
1392 4009 1562 4064 πολλὰ
1591 4007 1857 4080 λαμϐάνει

259 4110 368 4183 τὴν
398 4108 616 4181 Μαρίαν
646 4108 835 4179 χῆρος,
865 4103 1124 4173 κατάγων
1155 4101 1373 4174 ἠλικίαν
1406 4101 1534 4171 περί
1571 4117 1674 4154 που
1702 4100 1858 4169 ὀγδο-

262 4201 476 4271 ήκοντα
507 4197 644 4251 ὲτῶν
693 4197 790 4250 καὶ
835 4195 1024 4266 πρόσω
1068 4194 1097 4245 6
1144 4191 1307 4261 ἀνήρ.
1363 4189 1474 4251 Καὶ
1509 4188 1646 4258 μετὰ
1685 4186 1858 4241 ταῦτα

261 4292 536 4364 λαμϐάνει
589 4290 686 4363 τὴν
738 4287 982 4359 Μαρίαν,
1028 4284 1105 4348 ὡς
1154 4284 1252 4336 καὶ
1300 4285 1359 4336 ὲν
1410 4280 1492 4351 τῷ
1540 4280 1857 4351 Εὑαγγελίῳ

262 4386 458 4456 λέγει’
511 4381 1014 4450 Μνηστευθείσης
1048 4377 1193 4447 γὰρ,
1243 4373 1414 4443 φησὶ,
1464 4371 1576 4440 τῆς
1605 4372 1853 4440 Μαρίας.

267 4479 387 4532 Καὶ
418 4477 519 4530 οὐκ
551 4471 692 4539 εἷπε,
724 4471 1098 4543 Γαμηθείσης.
1132 4465 1245 4521 Καὶ
1291 4463 1452 4520 πάλιν
1481 4463 1690 4520 ἄλλοτεο
1728 4467 1854 4519 Οὐκ

264 4571 405 4643 ﬁdet
434 4568 646 4636 αὐτὴν.
691 4565 984 4637 Θαυμάσαι
1018 4562 1078 4615 δὲ
1133 4560 1279 4615 ἔστιν
1323 4559 1418 4613 ἐπὶ
1464 4559 1650 4621 πᾶσιν,
1679 4553 1760 4621 οἷς
1803 4559 1858 4611 ai.

1966 4574 2031 4614 ac
2061 4557 2274 4629 species
2298 4563 2605 4626 captantes,
2634 4568 2823 4610 eorum
2847 4569 2969 4623 quae
2990 4552 3126 4606 nihil
3157 4550 3298 4608 scire
3322 4550 3546 4614 attinet,
3656 4583 3659 4585 -

266 4663 573 4736 προφάσεις
610 4658 888 4731 θηρῶνται
932 4657 990 4711 αἱ
1040 4654 1276 4726 πονηραὶ
1305 4655 1347 4720 ί,
1379 4654 1473 4708 καὶ
1509 4648 1584 4709 ὧν
1609 4656 1710 4708 οὐκ
1739 4652 1855 4706 ἐστι

263 4755 431 4829 χρεία
458 4754 682 4825 ὲρευνᾷν
723 4751 821 4814 τὰς
857 4749 1057 4814 αἰτίας,
1087 4748 1182 4802 καὶ
1207 4745 1391 4818 ζητεῖν
1428 4747 1498 4801 τὰ
1543 4747 1619 4819 μὴ
1663 4744 1854 4817 ζητού-

265 4864 436 4919 μενα,
465 4845 572 4900 ἀπὸ
603 4845 661 4898 δὲ
688 4841 796 4896 τῶν
844 4841 1156 4909 ἀναγκαίων
1193 4838 1489 4912 τρέπεσθαι
1535 4839 1627 4892 ἐπὶ
1663 4837 1854 4909 μωρὰς

261 4938 551 5009 ζητήσεις,
599 4935 686 4988 ἵνα
730 4931 949 4994 πάντως
997 4947 1102 4984 που
1136 4931 1201 4983 ὲκ
1233 4929 1572 5001 πανταχόθεν
1607 4929 1850 5000 συναφθῇ

260 5029 405 5099 ἡμῖν
435 5023 656 5098 ὄλεθρος
682 5020 939 5083 ἀπιστίας
973 5020 1068 5072 καὶ
1096 5019 1445 5091 βλασφημίας
1472 5017 1560 5072 διὰ
1588 5017 1687 5082 τὰς
1718 5019 1855 5090 πρὸς

259 5121 397 5182 τοὺς
443 5117 634 5186 ἁγίους
670 5112 911 5182 ἀτιμίας.
960 5111 1072 5165 Καί
1115 5111 1330 5183 πρῶτον
1371 5111 1471 5182 μὲν
1515 5105 1608 5164 οὖν
1643 5109 1855 5181 ἐλέγχει

261 5210 470 5273 αὐτοὺς
528 5204 866 5276 πανταχόθεν
912 5204 946 5274 ὴ
967 5201 1302 5270 ’ἁκολουθία,
1349 5203 1432 5256 ὅτι
1487 5200 1704 5272 πρῶτον
1757 5201 1854 5271 μὲν

260 5301 451 5373 γέρων
508 5299 652 5371 ὑπὲρ
720 5295 1050 5366 ὀγδοήκοντα
1100 5293 1194 5365 ἐτη
1260 5291 1500 5363 γεγονὼς
1547 5291 1647 5344 οὐκ
1693 5290 1855 5343 ἔλαϐε

1969 549 2183 615 habuit,
2208 565 2239 604 e
2261 564 2369 619 qua
2404 565 2500 604 sex
2531 551 2732 604 liberos
2771 551 3036 620 suscepit,
3081 566 3263 607 mares
3297 560 3556 622 quatuor,

1969 639 2202 696 feminas
2245 640 2383 696 duas
2413 658 2426 695 :
2454 639 2507 694 id
2542 640 2688 711 quod
2719 640 2977 696 Marciae
3026 639 3258 699 Joannis
3299 641 3554 713 Evange-

1969 729 2042 784 lia
2079 730 2383 785 declarant.
2417 728 2636 784 Primus
2667 745 2735 785 ex
2775 731 2924 785 omni
2959 732 3130 801 stirpe
3166 741 3329 786 natus
3368 731 3446 786 illi
3495 732 3561 785 ll-

1968 820 2076 874 lius
2114 827 2197 874 est
2246 817 2522 884 Jacobus,
2571 827 2936 890 cognomento
2977 820 3165 876 Oblias
3201 819 3381 892 (quod
3435 837 3560 874 mu-

1967 927 2106 978 rum,
2138 913 2220 967 vel
2256 911 2533 966 castellum
2563 911 2910 981 interpretari
2942 911 3127 982 licet),
3154 914 3248 983 qui
3287 921 3340 968 et
3355 913 3544 984 justus

1937 1045 1939 1048 ‹
1967 1005 2271 1075 appellatus
2305 1013 2412 1069 est,
2444 1009 2498 1056 et
2525 1002 2819 1058 Nazaraeus
2853 1002 2986 1069 fuit,
3033 1003 3180 1074 quod
3225 1005 3554 1060 vocabulum

1967 1106 2212 1151 sanctum
2276 1096 2568 1167 significat.
2604 1095 2750 1152 idem
2795 1097 2888 1152 ille
2928 1097 3141 1168 primus
3189 1099 3557 1169 episcopalem

1966 1185 2286 1254 cathedram
2312 1187 2477 1256 cepit,
2510 1201 2634 1241 cum
2669 1189 2719 1242 ei
2747 1197 2874 1242 ante
2905 1195 3136 1244 caeteros
3166 1202 3360 1245 omnes
3392 1204 3556 1244 suum

1966 1273 2021 1328 in
2055 1276 2220 1330 terris
2248 1276 2506 1330 thronum
2538 1276 2804 1332 Dominus
2827 1278 3166 1341 tradidisset.
3195 1278 3302 1345 Qui
3331 1279 3556 1350 quidem

1965 1364 2180 1419 Domini
2213 1365 2381 1421 frater
2402 1373 2486 1420 est
2509 1367 2670 1437 vulgo
2693 1367 3030 1423 nominatus.
3058 1369 3268 1435 Quibus
3296 1369 3559 1425 omnibus

1965 1456 2294 1526 astipulatur
2328 1455 2623 1526 Apostolus
2659 1458 2744 1514 his
2788 1459 3011 1515 verbis:
3045 1461 3226 1513 Alium
3266 1471 3448 1515 autem
3491 1475 3557 1515 ea:

1964 1549 2221 1617 apostolis
2264 1548 2370 1602 vidi
2416 1550 2697 1614 neminem,
2737 1552 2840 1604 nisi
2872 1549 3134 1604 Jacobum
3179 1551 3405 1620 fratrem
3437 1551 3554 1606 Do-

1964 1640 2160 1703 mini”,
2199 1647 2304 1694 etc.
2340 1639 2543 1694 Verum
2576 1640 2791 1695 Domini
2839 1642 2929 1697 ille
2974 1641 3143 1698 frater
3192 1642 3264 1696 ob
3305 1656 3556 1697 commu-

1964 1746 2087 1786 nem
2119 1731 2522 1796 educationem,
2567 1747 2677 1786 non
2706 1741 2922 1796 natura,
2956 1736 3049 1790 sed
3095 1735 3269 1806 gratia
3296 1743 3552 1791 vocatur.

1964 1822 2098 1876 Nam
2143 1822 2312 1876 Maria
2345 1838 2470 1878 cum
2504 1822 2745 1895 Joscpho
2787 1826 3107 1894 conjuncta,
3139 1827 3240 1881 viri
3266 1842 3404 1881 uxor
3431 1841 3556 1882 esse

1968 1914 2275 1981 videbatur,
2311 1931 2437 1969 cum
2471 1916 2681 1970 nullum
2716 1916 2858 1971 inter
2890 1918 3038 1987 ipsos
3079 1932 3371 1987 corporum
3402 1931 3556 1972 com-

1963 2007 2228 2059 mercium
2281 2007 2589 2062 interesset.
2640 2005 2719 2059 Ex
2765 2021 2874 2077 quo
2917 2008 3009 2061 illa
3050 2004 3277 2078 Joseplii-
3317 2007 3554 2062 filiorum

1963 2110 2087 2150 cum
2122 2095 2408 2152 Salvatore
2439 2097 2868 2168 propinquitatis
2898 2099 3131 2153 aliinitas
3153 2107 3238 2154 est
3259 2106 3409 2163 nata,
3434 2113 3557 2168 quas

1963 2184 2261 2242 fraternam
2319 2187 2739 2258 appellationem
2783 2187 3074 2254 obtineret,
3122 2189 3208 2243 vel
3257 2203 3322 2243 ea
3369 2189 3557 2259 potius

1960 2278 2373 2334 necessitudine
2418 2286 2760 2334 censeretur.
2797 2276 2868 2332 Ut
2896 2278 3042 2332 enim
3085 2276 3361 2347 Iosephus
3409 2279 3554 2348 ipse,

1964 2371 2093 2425 licet
2123 2370 2257 2423 nihil
2283 2370 2508 2425 haberet
2531 2385 2654 2423 cum
2680 2367 2979 2424 Salvatorls
3003 2367 3308 2424 secundum
3331 2382 3555 2424 carnem

1965 2465 2180 2534 origine
2201 2478 2516 2528 commune,
2549 2470 2702 2518 certa
2739 2472 2922 2518 tamen
2955 2462 3314 2532 providentia:
3337 2463 3553 2518 ratione

1961 2556 2083 2611 loco
2117 2556 2290 2626 patris
2317 2563 2402 2610 est
2426 2555 2667 2621 habitus,
2695 2553 3160 2625 quemadmodum
3188 2553 3367 2609 Lucas
3389 2568 3558 2608 evan-

1961 2648 2155 2719 gelista
2178 2647 2244 2703 de
2271 2647 2553 2702 Salvatore
2583 2647 2704 2717 ipso
2736 2653 2969 2700 testatur
2996 2663 3009 2698 :
3039 2644 3144 2709 Qui
3171 2655 3310 2711 erat,
3337 2644 3552 2715 inquit,

1961 2740 2142 2809 ﬁlius,
2178 2750 2236 2792 ut
2279 2738 2611 2801 credebatur,
2648 2736 2844 2806 Ioseph
2974 2735 3081 2790 Sed
3124 2745 3179 2792 et
3222 2735 3395 2790 Maria
3438 2737 3556 2805 ipsa

1962 2832 2116 2886 illum
2151 2832 2436 2901 alloquens
2479 2830 2535 2884 in
2580 2829 2875 2900 Evangelio
2923 2827 3085 2883 Lucas
3126 2827 3269 2882 idem
3315 2828 3553 2883 asserit:

1963 2917 2097 2974 Ecce
2141 2935 2232 2989 ego
2270 2928 2319 2972 et
2363 2926 2512 2988 pater
2558 2928 2678 2972 tuus
2739 2917 2974 2972 dolentes
3015 2917 3383 2986 quaerebamus
3431 2926 3479 2972 te
3509 2918 3554 2971 δ.

1961 3008 2099 3074 Quis
2129 3008 2296 3078 igitur
2322 3007 2620 3077 Josephum
2650 3007 2862 3062 Domini
2890 3015 3096 3076 patrem
3125 3007 3322 3062 audeat
3342 3008 3555 3072 dicere,

1960 3113 2197 3166 quocum
2229 3099 2437 3152 nullam
2497 3099 2752 3168 principii
2802 3106 2896 3153 aut
2938 3113 3119 3155 causa:
3149 3099 3421 3154 rationem
3452 3100 3552 3154 ha-

1961 3187 2145 3252 bebat,
2190 3201 2314 3241 cum
2357 3187 2666 3242 incarnalio
2697 3189 2813 3258 ipsa
2861 3188 2982 3243 sine
3023 3188 3170 3242 virili
3201 3189 3414 3244 semine
3441 3204 3558 3258 per-

1959 3276 2106 3331 fecta
2159 3275 2658 3346 administrataque
2715 3275 2916 3328 fuerit?
2972 3273 3115 3340 Sed,
3160 3273 3374 3345 1M0
3408 3274 3556 3344 quod

1959 3366 2316 3438 providentiae
2367 3367 2510 3421 ratio
2560 3365 2909 3436 postulabat,
2959 3380 3026 3420 ea
3077 3365 3246 3420 rebus
3296 3371 3382 3420 est
3433 3379 3556 3419 sors

1934 3456 2124 3529 atque
2152 3457 2398 3514 conditio
2422 3459 2652 3512 tributa.

2030 3549 2169 3606 Vill.
2212 3550 2398 3605 Redeo
2437 3549 2506 3603 ad
2545 3547 2813 3602 Iacobum
2857 3545 3034 3610 illum,
3077 3561 3240 3616 quem
3283 3543 3558 3615 Iosephus

1957 3656 2132 3698 annos
2178 3642 2304 3711 plus
2335 3641 2518 3695 minus
2548 3646 2712 3694 natus
2745 3654 2813 3692 χι.
2841 3638 3048 3709 genuit.
3081 3636 3216 3692 Post
3246 3637 3392 3691 hunc
3415 3639 3556 3694 alius

1958 3733 2010 3788 ei
2058 3731 2204 3787 ﬁlius
2240 3730 2509 3796 nascitur,
2555 3728 2645 3783 cui
2686 3726 2816 3783 Jose
2866 3742 3064 3782 nomen
3113 3725 3233 3780 fuit.
3272 3724 3401 3780 Inde
3449 3723 3555 3798 Sy-

1958 3839 2119 3880 meon
2150 3838 2215 3878 ac
2242 3821 2446 3887 ludas;
2489 3822 2611 3876 (ilia:
2640 3836 2771 3877 vero
2821 3821 2974 3887 dum,
3010 3819 3181 3873 Maria
3218 3825 3272 3872 et
3313 3817 3553 3874 Salome.

1960 3917 2102 3972 Tum
2135 3923 2349 3971 mortua
2381 3930 2574 3979 uxore,
2615 3915 2805 3971 multis
2836 3921 2962 3985 post
2993 3913 3156 3967 annis
3191 3911 3390 3967 viduus
3431 3913 3556 3966 Ma-

1959 4008 2098 4062 riam
2144 4007 2324 4069 duxit,
2372 4021 2498 4061 cum
2547 4006 2943 4077 octogesimum
2987 4014 3152 4075 atque
3197 4018 3264 4058 eo
3317 4005 3555 4074 amplius

1960 4113 2168 4153 annum
2203 4099 2500 4168 attigisset.
2538 4097 2790 4164 Mariam,
2823 4097 3070 4166 inquam,
3101 4095 3158 4150 id
3188 4097 3372 4152 aetatis
3405 4109 3558 4150 acce-

1959 4191 2060 4261 pit,
2089 4197 2148 4244 ut
2183 4189 2535 4260 Ev'angelium
2565 4197 2802 4243 narrat:
2847 4188 2981 4242 Cum
3018 4197 3176 4251 esset,
3201 4188 3398 4257 inquit,
3445 4188 3546 4240 de-

1960 4289 2219 4351 sponsata
2250 4280 2495 4335 Maria“.
2531 4279 2652 4335 Non
2701 4280 2855 4345 dicit,
2899 4295 3023 4335 cum
3067 4277 3369 4348 nupsisset.
3415 4276 3550 4331 Item

1961 4374 2071 4428 alio
2107 4374 2230 4428 loco
2261 4391 2276 4426 :
2306 4374 2428 4426 Non
2475 4373 2718 4442 cognouit
2761 4371 2916 4424 illam
2940 4371 2985 4427 ⁸.
3040 4367 3198 4422 Subit
3250 4380 3383 4421 vero
3427 4366 3552 4421 illos

1960 4481 2154 4522 omnes
2198 4463 2488 4529 admirari,
2524 4464 2619 4533 qui
2662 4475 2860 4533 pravas
2902 4459 3170 4531 quasdam
3223 4457 3548 4513 occasionrs

1961 4665 2162 4706 causas
2203 4647 2564 4717 investigarit,
2613 4660 2678 4701 ac
2726 4660 2850 4714 qua:
2884 4643 3108 4698 minime
3152 4641 3550 4712 perscrutanda

1967 4747 2098 4797 sunt
2142 4740 2465 4810 inquirunt,
2500 4747 2556 4794 et
2597 4751 2628 4790 a
2671 4736 3001 4792 necessariis
3045 4733 3210 4788 rebus
3231 4732 3316 4788 'ad
3351 4732 3552 4787 stultas

1971 4833 2306 4904 quaestiones
2335 4845 2457 4887 sese
2487 4835 2840 4892 convertunt,
2873 4837 2933 4882 ut
2966 4841 3034 4882 ex
3077 4839 3142 4880 ea
3178 4841 3303 4896 quae
3341 4825 3551 4880 sanctis

1964 4923 2290 4993 imponitur,
2337 4919 2659 4990 ignominia,
2710 4915 3064 4970 inﬁdelitatis
3092 4912 3161 4970 ei
3200 4913 3350 4969 omni
3395 4922 3552 4983 parte

1961 5014 2122 5069 nobis
2155 5027 2218 5066 ac
2250 5010 2601 5082 blasphemia:
2631 5007 2928 5078 perniciem
2960 5014 3124 5076 atque
3159 5005 3392 5061 exitium
3448 5006 3552 5059 im-

1964 5113 2204 5177 portent.
2245 5103 2518 5170 Quocirca
2578 5102 2819 5172 primum
2870 5099 2994 5156 illos
3043 5100 3123 5154 rei
3169 5098 3340 5154 series
3390 5105 3552 5169 atque

1963 5198 2100 5253 ordo
2157 5198 2273 5267 ipse
2315 5196 2622 5261 convincit,
2676 5193 2822 5264 quod
2877 5192 3130 5264 inprimis
3175 5191 3340 5247 homo
3385 5207 3550 5247 senex

1963 5303 2130 5360 supra
2167 5303 2311 5343 Lux
2351 5302 2529 5344 annos
2557 5294 2723 5342 natus
2758 5285 3026 5357 virginem
3057 5283 3128 5338 ad
3165 5297 3327 5338 usum
3353 5297 3540 5352 corpo-

344 5460 365 5492 ¹
403 5458 530 5515 Cor.
557 5457 609 5511 οἱ
638 5454 884 5528 πονηροί.
961 5454 982 5485 ³
1023 5449 1142 5506 Gal.
1173 5465 1213 5515 ι,
1246 5449 1333 5505 t9.
1412 5447 1433 5479 ³
1463 5445 1596 5502 Luc.
1629 5461 1713 5514 ιιι,
1740 5445 1832 5502 25.

1967 5445 2102 5502 Luc.
2134 5459 2197 5512 ιι,
2228 5444 2322 5500 48.
2397 5446 2419 5477 ι
2452 5423 2714 5510 Manilii,
2749 5443 2831 5500 l8.
2904 5441 3086 5498 °ibid.
3122 5439 3213 5495 26.

347 5615 460 5688 (99)
491 5615 731 5669 Ὠϐλίαν
751 5611 1231 5688 ἐριέηνευόίηενον
1246 5604 1674 5688 τεῒχοςὲμθιίιιεξ
1692 5618 1857 5688 quam

262 5675 616 5758 lie‘gcsippus
653 5675 796 5754 apud
815 5675 1153 5758 'Euseb‘.;l_ib.
1182 5693 1250 5758 ιι,
1275 5693 1396 5746 cap.
1428 5676 1522 5758 25,
1564 5675 1710 5730 unde
1745 5676 1862 5758 haec

263 5745 567 5828 desvumpia
600 5745 761 5822 sunt;
796 5754 888 5824 qui
937 5750 1152 5805 Ὠϐλίαν
1182 5745 1570 5819 interpretatur
1601 5745 1862 5817 περιοχὴν

1957 5604 2053 5658 τοῦ
2083 5603 2236 5673 λαοῦ,
2274 5606 2369 5657 καὶ
2409 5602 2780 5676 δικαιοσύνην.
2822 5599 2928 5657 Sed
2959 5607 3044 5656 est
3084 5593 3352 5654 Hebraice
3373 5571 3546 5664 719551

1961 5691 2084 5744 arx,
2120 5676 2236 5732 sive
2263 5675 2486 5730 munitio
2529 5673 2650 5732 Dei.
