3964 6394
499 315 598 370 7H
1916 306 1978 363 S.
2012 305 2075 361 EI

2180 304 2353 361 [IANH
3627 315 3706 369 'll‘i

497 428 576 483 ris
612 442 721 482 non
751 425 1045 497 acceperit,
1079 425 1174 482 sed
1219 423 1403 481 divina
1437 426 1622 497 potius
1654 427 1996 498 providentia
2025 444 2075 481 ai

2199 427 2466 500 παρθένον
2500 428 2580 490 είς
2617 430 2832 499 χρῆσιν,
2865 426 3001 481 ἀλλὰ
3051 427 3249 498 μᾶλλον
3277 427 3572 501 ᾠκονομήοη
3594 433 3710 504 αὺτῷ

500 519 650 574 illam
719 517 1132 572 custodiendam
1183 526 1268 572 est
1311 519 1621 588 appositus.
1675 519 1881 575 Deinde
1931 519 2075 574 ambt

2195 522 2272 584 είς
2306 520 2368 573 τὸ
2397 518 2686 589 φυλάττειν
2705 535 2716 546 ·
2749 518 3001 588 δεύτερον
3027 518 3083 571 δὲ
3114 518 3329 582 πάντως
3355 536 3450 572 που
3487 521 3570 573 καὶ
3593 523 3711 576 αὐτοὶ

494 617 654 665 erant
690 610 878 678 utique
903 609 1078 678 justi;
1118 625 1296 679 neque
1325 610 1420 680 qui
1457 610 1561 663 hoc
1590 612 1760 665 semel
1800 609 2068 665 audiisset

2195 613 2438 684 ὑπῆρχον
2465 612 2688 669 δίκαιοι.
2734 612 2843 665 Καὶ
2876 612 2978 665 οὐκ
3011 611 3213 682 ὲτόλμα
3237 614 3266 664 ὁ
3295 611 3536 676 ἀκούσας,
3559 614 3630 667 ὅτι
3665 618 3714 669 ἐκ

498 702 666 756 fctum
699 701 871 767 illum,
902 716 1067 770 quem
1101 701 1156 755 in
1187 708 1345 756 utero
1383 701 1502 770 ipsa
1533 701 1802 770 gestabat,
1824 716 1854 755 e
1882 699 2075 769 Spiritt

2194 704 2513 776 Πνεύματος
2549 704 2708 772 ἁγίου
2749 703 2867 756 ἐστὶ
2897 702 2959 755 τὸ
2991 705 3048 756 ὲν
3079 704 3240 774 αὐτῇ,
3270 703 3348 757 ἔτι
3387 703 3714 774 ἐπιϐάλλεσθαι

496 809 622 849 esse
650 801 867 858 sancto,
891 801 1018 861 post
1039 799 1248 846 tantam
1278 791 1373 847 Dei
1401 791 1936 846 administrationem
1962 805 2075 844 vast

2196 797 2336 868 μετὰ
2386 794 2644 865 τοιαύτην
2689 794 3002 864 οἰκονομίαν
3052 794 3287 867 χρῆσθαι
3336 795 3410 865 τῷ
3459 795 3620 848 σκεύει
3655 796 3715 866 τῷ

496 884 594 936 illo
628 883 853 936 auderet
885 882 986 946 uti,
1027 881 1175 951 quod
1204 897 1329 936 eum
1366 896 1564 951 capere
1599 888 1894 942 meruerat,
1928 895 2075 949 quea

2191 887 2584 955 καταξιωθέντι
2611 887 2882 958 χωρῆσαι.
2911 887 2970 940 ὃν
2997 886 3225 957 οὐρανὸς
3246 887 3338 940 καὶ
3359 887 3428 957 γῆ
3448 889 3538 940 οὐκ
3563 887 3716 959 ἐχώρει

494 973 567 1028 ob
606 973 967 1028 excellentem
1014 972 1241 1042 gloriam
1275 972 1476 1028 cmlum
1514 985 1579 1026 ae
1626 980 1772 1026 terra
1806 970 2075 1026 contineri

2188 984 2256 1039 δι’
2292 982 2594 1054 ὑπερϐολὴν
2625 983 2724 1052 τῆς
2752 982 2916 1036 αὑτοῦ
2948 981 3128 1050 δόξης.
3162 981 3224 1034 El
3257 980 3363 1051 γὰρ
3409 980 3497 1034 καὶ
3537 980 3620 1034 νῦν
3657 983 3717 1044 εἰς

494 1081 603 1120 non
639 1074 891 1137 possunt.
924 1063 1058 1118 Nam
1083 1065 1131 1119 si
1159 1065 1261 1118 hoc
1297 1064 1415 1133 ipso
1457 1071 1704 1132 tempore
1746 1061 1988 1132 virgines
2034 1061 2075 1115 ir.

2189 1073 2361 1144 ὄνομα
2417 1070 2583 1127 αὑτοῦ
2633 1072 2894 1142 παρθένοι
2922 1069 3188 1125 διατελεῖν
3235 1069 3607 1138 ἀγωνίζονται,
3647 1073 3717 1124 καὶ

493 1157 615 1226 ejus
650 1157 872 1211 nomine
909 1170 1261 1226 perseverare
1301 1156 1357 1209 in
1397 1156 1490 1209 illo
1529 1161 1698 1218 statu,
1736 1167 1800 1208 ac
1825 1153 2075 1208 castimo-

2191 1165 2464 1234 ἁγνεύειν,
2513 1163 2609 1218 καὶ
2642 1163 3072 1235 ὲγκρατεύεσθαι
3096 1179 3110 1193 ·
3167 1162 3282 1226 πῶς
3331 1163 3520 1233 μᾶλλον
3555 1163 3640 1216 οὐκ
3666 1158 3718 1235 ἦν

494 1248 644 1303 niam
676 1259 733 1302 et
773 1247 1170 1302 continentiam
1204 1261 1425 1302 servare
1465 1245 1832 1311 contendunt,
1875 1253 2075 1314 quantt

2190 1257 2508 1328 πιστότερος
2547 1255 2768 1325 Ἰωσὴφ,
2797 1254 2892 1307 καὶ
2919 1253 3058 1324 αὐτὴ
3101 1254 3134 1324 ἡ
3178 1253 3368 1324 Μαρία
3405 1254 3569 1307 πάντα
3609 1272 3719 1324 συμ-

495 1339 676 1408 major
700 1338 922 1411 Iosephi
952 1337 1145 1409 religio
1176 1348 1295 1394 erat
1331 1352 1396 1393 ac
1445 1337 1648 1401 Mariae,
1686 1352 1830 1407 qua),
1860 1346 1922 1392 ut
1948 1336 2075 1391 scri-

2190 1348 2460 1402 δάλλουσα
2507 1348 2587 1409 εἰς
2627 1345 2858 1415 καρδίαν
2902 1345 3093 1416 αὐτῆς,
3133 1345 3209 1408 ὡς
3252 1345 3577 1415 γέγραπταις
3615 1345 3720 1398 ἀλλὰ

494 1438 653 1502 ptum‘
675 1438 778 1498 est,
808 1432 992 1487 omnia
1018 1428 1076 1490 in
1109 1434 1274 1486 corde
1304 1446 1408 1485 suo
1445 1429 1766 1485 conferebat
1793 1430 1850 1484 ‘?
1888 1427 2075 1498 Cujus-

2191 1437 2332 1509 μετὰ
2356 1437 2624 1508 τοσαύτην
2668 1439 2760 1491 καὶ
2791 1437 3048 1510 τοιαύτην
3091 1439 3185 1492 καὶ
3211 1440 3532 1511 τηλικαύτην
3559 1444 3724 1495 οἰκονο-

487 1525 640 1578 modi
675 1538 804 1578 vero
833 1531 952 1578 erat
989 1519 1160 1588 illud,
1197 1529 1323 1593 post
1365 1523 1474 1576 tale
1519 1531 1846 1592 tantumque
1885 1520 2075 1574 divina

2191 1530 2341 1600 μίαν,
2370 1530 2707 1600 συναφθῆναι
2741 1530 2904 1592 πάλιν
2942 1531 3173 1602 γέροντα
3213 1532 3474 1603 Παρθένῳ
3507 1534 3627 1604 ἁγνῇ
3649 1533 3722 1587 καὶ

491 1613 848 1671 urovidentiae
900 1615 1259 1686 mysterium,
1316 1612 1659 1683 decrepitum
1717 1626 1904 1667 senem
1957 1626 2075 1665 cum

2185 1621 2547 1692 τετιμημένῃ,
2600 1621 2695 1674 καὶ
2742 1619 2924 1674 σκεύει
2969 1623 3282 1693 χωρήσαντι
3325 1623 3418 1675 τὸν
3462 1623 3720 1693 ἀχὼρητον,

490 1706 701 1777 virgine
741 1705 1058 1762 castissima
1108 1713 1165 1761 et
1200 1704 1630 1760 honoratissima
1684 1716 2075 1766 consuescere,

2187 1714 2281 1768 καὶ
2310 1713 2695 1784 ὑποδεξαμένῳ
2733 1712 2974 1766 τοιοῦτον
3023 1714 3320 1784 μυστήριον
3353 1714 3568 1785 σημείου
3593 1715 3722 1768 ἐπον-

485 1811 612 1850 cu.n
642 1811 730 1859 eo,
765 1795 1014 1865 inquam,
1053 1810 1202 1861 vase,
1236 1795 1382 1864 quod
1419 1809 1543 1849 eum
1563 1793 1654 1864 qui
1687 1793 1808 1864 capi
1836 1809 1949 1847 non
1987 1807 2075 1862 po-

2188 1805 2370 1878 ρανίου
2402 1807 2498 1860 καὶ
2527 1807 2668 1877 ζωῆς
2703 1805 3041 1878 ἀνθρώπων;

488 1895 601 1943 test
632 1894 876 1957 ceperat,
932 1901 996 1941 ac
1042 1894 1151 1940 tam
1197 1885 1533 1955 stupendum
1569 1882 1802 1954 prodigii
1839 1883 2082 1939 cmlestis

484 1987 545 2034 et
577 1977 830 2034 humana:
867 1978 1063 2034 salutis
1099 1977 1424 2047 mysterium
1470 1976 1820 2046 complexum
1863 1973 2084 2030 fuerat?

565 2070 658 2124 IX.
701 2071 840 2124 Nam
867 2067 990 2140 quae
1013 2070 1258 2124 rationes
1283 2069 1350 2123 ad
1381 2067 1515 2123 illud
1548 2067 1948 2123 ostendendum
1973 2081 2075 2120 non

2257 2067 2335 2122 8’.
2378 2069 2550 2124 Πόθεν
2583 2070 2693 2142 γάρ
2735 2071 2796 2124 οὐ
2845 2070 3131 2143 δείξωμεν,
3167 2074 3249 2128 ὅτι
3289 2074 3431 2146 ἁγνὴ
3475 2073 3727 2129 διετέλεσεν

487 2170 807 2234 suppetant,
853 2163 1070 2218 beatam
1097 2161 1389 2232 Virginem
1415 2161 1476 2215 in
1511 2160 1842 2217 castimonia
1886 2159 2075 2228 persti-

2186 2159 2220 2230 ἡ
2251 2159 2563 2230 Παρθένος;
2609 2159 2957 2227 Δειξάτωσαν
2987 2164 3117 2232 ἡμῖν
3155 2163 3340 2227 εὐθὺς,
3389 2165 3470 2217 ὅτι
3501 2166 3624 2234 μετὰ
3651 2165 3729 2233 τὴν
3761 2162 3765 2164 ’

487 2254 669 2309 tisse?
709 2253 952 2307 Doceant
990 2267 1092 2307 nos
1129 2253 1227 2318 illi,
1273 2259 1396 2322 post
1429 2250 1768 2306 Salvatorem
1805 2250 1860 2304 in
1907 2249 2075 2303 lucem

2183 2248 2280 2302 τοῦ
2311 2251 2563 2323 Σωτῆρος
2592 2251 2750 2323 ἡμῶν
2776 2252 2971 2324 κύησιν
3006 2254 3158 2318 τινὰς
3185 2255 3475 2327 ἐγέννησεν
3498 2259 3530 2327 ὴ
3556 2255 3728 2326 Μαρία.

483 2344 697 2401 editum
731 2344 874 2399 ullos
913 2342 1138 2396 Mariam
1185 2343 1465 2413 peperisse
1497 2341 1721 2397 liberos.
1756 2339 1954 2395 Dicant
1983 2340 2075 2394 ho-

2185 2340 2396 2394 Είπωσι
2431 2341 2500 2395 τὰ
2542 2343 2783 2414 ὀνόματα
2832 2345 3158 2408 πλάττοντες
3189 2347 3240 2398 οι
3282 2347 3637 2418 πλαστουργοὶ
3660 2346 3732 2398 καὶ

488 2450 612 2492 rum
635 2434 880 2498 nomina,
907 2431 1115 2504 1041
1158 2447 1241 2498 ac,
1273 2432 1320 2488 si
1342 2432 1542 2502 placet,
1567 2431 1883 2502 conﬁngant
1935 2429 2075 2484 frau-

2186 2431 2427 2503 ῥαψῳδοὶ
2478 2433 2575 2504 τῆς
2623 2434 2838 2505 ἀπάτης
2889 2435 2984 2489 καὶ
3030 2434 3479 2506 κακομηχανίας”
3531 2437 3615 2488 καὶ
3653 2433 3731 2485 οὐκ

2183 2523 2368 2595 ἔχουσι
2408 2525 2596 2588 δεῖξαι.
2648 2526 2723 2579 Οὐ
2767 2525 2874 2598 γὰρ
2905 2527 3152 2598 συνήιρθη
3182 2527 3203 2559 ’⁸
3232 2526 3312 2579 ἔτι
3344 2526 3627 2597 Παρθένος·
3675 2525 3732 2594 μὴ

2183 2613 2391 2682 γένοιτο
2417 2615 2428 2667 !
2466 2615 2529 2667 Εί
2558 2613 2667 2685 γὰρ
2696 2614 2985 2686 ἐγέννησεν
3017 2615 3103 2668 ἀεί
3148 2630 3276 2667 ποτε
3306 2614 3407 2666 σὺν
3433 2607 3572 2678 αὐτῷ
3598 2609 3737 2675 ὑπάρ-

491 2526 580 2581 dis
644 2539 709 2579 ac
751 2524 1016 2580 versutia:
1065 2523 1246 2578 omnis
1283 2522 1594 2589 architecti.
1638 2521 1746 2579 Sed
1799 2523 1931 2577 illud
1988 2522 2084 2578 de-

483 2623 796 2672 monstrare
848 2631 1132 2685 nunquam
1185 2623 1464 2685 poterunt.
1517 2613 1640 2670 Non
1693 2614 1839 2669 enim
1909 2613 2079 2668 ullam

490 2706 659 2776 Virgo
683 2708 783 2761 viri
811 2706 1272 2762 consuetudinem
1303 2705 1518 2760 habuit.
1552 2706 1710 2761 Absit
1741 2713 1801 2760 ut
1823 2705 2075 2761 habuisse

2183 2725 2355 2778 χουσα
2393 2706 2471 2777 τῷ
2507 2707 2742 2778 Σωτῆρι,
2778 2707 2896 2777 ἅμα
2941 2706 3125 2776 ἔλεγον
3155 2707 3248 2760 καὶ
3283 2706 3355 2759 τὰ
3403 2705 3562 2758 τέκνα
3597 2701 3736 2769 αὐτῆς

486 2800 774 2869 putemus!
817 2799 873 2852 Si
921 2800 1065 2852 enim
1101 2798 1317 2868 aliquos
1349 2797 1552 2853 liberos
1603 2798 1927 2869 peperisset,
1960 2813 2075 2868 qua:

2184 2802 2447 2856 συνεῖναι.
2481 2798 2665 2869 Πλανᾷ
2707 2799 2764 2852 δὲ
2814 2800 3012 2862 αὐτοὺς
3054 2799 3116 2852 τὸ
3161 2798 3491 2870 εἰρημένον·
3543 2792 3677 2849 Ἰδοὺ
3702 2791 3731 2856 ἡ

485 2905 616 2946 eum
673 2891 960 2946 Salvatore
1011 2891 1133 2960 ipso
1189 2890 1512 2946 versabatur
1566 2890 1810 2954 assidue,
1869 2905 1978 2944 una
2027 2898 2075 2946 et

2180 2891 2376 2960 μήτηρ
2413 2907 2552 2956 σου,
2593 2891 2693 2944 καὶ
2735 2881 2788 2945 ὀί
2845 2891 3100 2961 ἀδελφοί
3142 2909 3257 2945 σου
3307 2889 3431 2955 ἔξω
3480 2886 3734 2956 ἑστήκασι

486 2983 664 3054 ipsius
701 2982 842 3039 ﬁlios
872 2982 1078 3039 vixisse
1109 2981 1382 3038 dicerent.
1416 2982 1524 3038 Sed
1558 2982 1663 3038 hoc
1692 2983 1801 3038 illis
1835 2981 2075 3054 Evange-

2181 2981 2496 3052 ζητοῦντές
2545 3000 2640 3038 σε.
2688 2984 2799 3036 Καὶ
2845 2985 2946 3036 οὐκ
2993 2984 3199 3038 οἴδασιν
3242 2982 3271 3036 ὃ
3313 2985 3427 3053 πρὸ
3472 2979 3646 3033 τούτου
3682 2971 3735 3045 ἦν

490 3077 550 3130 lii
584 3057 790 3131 dictum
829 3076 1093 3145 imposuit
1121 3096 1133 3131 :
1162 3076 1297 3132 Ecce
1341 3086 1510 3131 mater
1545 3085 1640 3129 tua
1691 3084 1742 3130 et
1775 3077 1970 3145 fratres
2001 3077 2075 3128 tui

2181 3075 2560 3146 γεγραμμένον
2581 3089 2593 3102 ο
2628 3074 2750 3126 Ὅτι
2791 3076 2846 3128 οὶ
2885 3073 3134 3144 ἀδελφοί
3185 3072 3416 3128 αὐτοῦ’
3451 3072 3736 3128 ἐπίστευον

485 3168 620 3236 [oris
649 3176 816 3233 stant,
847 3177 1136 3238 quwrentes
1166 3179 1213 3224 te
1239 3171 1284 3223 ².
1308 3167 1420 3224 Nec
1452 3168 1586 3222 illud
1610 3167 2073 3233 autimadvertunt,

2180 3167 2268 3233 είς
2302 3165 2510 3219 αὐτόν.
2539 3165 2958 3236 ΠροϐαίνοντεςΔ
2991 3165 3099 3237 γὰρ
3151 3167 3244 3218 καὶ
3276 3166 3441 3236 ἡμεῖς
3469 3163 3543 3235 τῷ
3569 3161 3734 3234 χρόνῳ,

482 3259 630 3330 quod
663 3267 824 3314 antea
856 3261 1130 3331 scriptum
1155 3269 1240 3318 est
1265 3280 1279 3318 :
1306 3261 1575 3328 Quoniam
1605 3258 1802 3329 fratres
1830 3259 1946 3329 ejus
1975 3276 2080 3313 non

480 3351 766 3406 credebant
806 3353 861 3406 in
888 3352 1044 3407 illum
1077 3353 1118 3408 ³.
1161 3353 1455 3409 Enimvero
1487 3369 1587 3408 nos
1615 3367 1912 3422 progressu
1941 3357 2079 3405 tem-

483 3445 634 3513 poris
678 3444 1063 3500 instructiores
1111 3444 1334 3510 redditi,
1371 3460 1496 3500 cum
1547 3443 1846 3512 aliquando
1889 3457 2078 3498 sacras

480 3533 718 3590 Litteras
760 3542 874 3589 tam
921 3535 1247 3605 simpliciter
1289 3535 1529 3606 scriptas
1560 3550 1684 3590 esse
1718 3534 2072 3597 miraremur,

483 3635 775 3698 postquam
813 3627 1033 3699 penitus
1080 3628 1264 3681 omnia
1309 3626 1672 3697 pervidimus,
1721 3625 1835 3682 Deo
1873 3627 2078 3696 gratias

482 3734 645 3790 agere
671 3721 966 3789 coepimus,
1000 3721 1098 3788 qui
1134 3717 1487 3788 paucissimis
1519 3717 1852 3788 quihusdam
1894 3719 2076 3774 verbis

483 3824 674 3862 eorum
697 3811 965 3876 omnium,
992 3825 1116 3878 quae
1141 3811 1198 3864 in
1225 3809 1398 3865 sacris
1424 3809 1650 3865 Litteris
1677 3810 1888 3880 scripta
1917 3819 2072 3874 sunt,

485 3899 754 3953 munitam
786 3915 850 3955 ac
892 3901 1194 3956 stabilitam
1242 3901 1530 3956 veritatem
1581 3901 1846 3958 exhibere
1876 3902 2070 3956 voluit.

486 3990 625 4045 Cum
652 3991 800 4044 enim
831 3991 900 4047 de
924 3990 1134 4047 Iacobo
1166 3992 1389 4048 assidue
1423 3991 1558 4048 illud
1589 3992 1930 4058 audiremus,
1968 3991 2078 4047 fra-

486 4089 627 4136 trem
652 4083 835 4152 ipsum
866 4081 1088 4138 Domini
1117 4093 1371 4140 vocatum
1422 4083 1616 4153 fuisse,
1649 4085 1782 4156 quid
1805 4087 1952 4142 istud
1985 4093 2073 4141 to-

486 4175 592 4231 ties
637 4191 866 4232 necesse
905 4175 1048 4231 foret
1079 4184 1327 4247 repetere
1362 4177 1748 4233 admirabundi
1788 4179 2076 4249 quaereba-

485 4282 630 4323 mus.
663 4266 820 4323 Nunc
848 4276 1031 4324 autem
1065 4285 1164 4324 cur
1193 4269 1245 4324 id
1291 4269 1344 4324 in
1385 4272 1560 4327 sacris
1589 4269 1814 4327 Litteris
1849 4279 1976 4328 ante
2002 4273 2075 4328 sit

486 4360 821 4415 inculcatum
851 4361 1230 4432 intelligimus.
1261 4359 1528 4419 Videlicet
1558 4373 1618 4418 ut
1637 4379 1764 4420 eum
1795 4365 2071 4422 audimus.

483 4450 623 4507 Ecce
660 4463 828 4508 mater
857 4463 948 4508 tua
973 4464 1023 4509 et
1052 4455 1253 4524 fratres
1283 4457 1362 4511 tui
1408 4455 1542 4526 foris
1578 4466 1744 4525 stant,
1779 4467 2071 4528 quwrentes

2181 3259 2278 3314 καὶ
2318 3257 2692 3329 θαυμάζοντες
2734 3259 2828 3312 ἐπὶ
2873 3261 2986 3322 τοῖς
3038 3259 3095 3312 ὲν
3139 3261 3260 3323 ταῖς
3306 3259 3484 3322 θείαις
3528 3255 3739 3329 Γραφαῖς

2179 3350 2254 3414 ὡς
2290 3350 2523 3412 εὐτελῶς
2563 3350 2994 3422 γεγραμμένοις,
3029 3350 3139 3403 ἰδοὺ
3169 3349 3311 3404 κατὰ
3343 3353 3454 3405 πᾶν
3492 3351 3549 3405 ἐν
3579 3346 3736 3415 αἰσθή-

2182 3461 2263 3496 σει
2299 3443 2598 3514 γινόμενοι,
2627 3442 3056 3514 εὐχαριστοῦμεν
3083 3441 3202 3514 Θεῷ
3232 3440 3310 3513 τῷ
3355 3439 3737 3514 προασφαλισα-

2181 3535 2329 3606 μένῳ
2377 3535 2467 3588 διὰ
2513 3535 2622 3588 τῶν
2664 3534 2964 3589 δοκούντων
3015 3534 3264 3606 βραχέων
3308 3535 3568 3605 ῥημάτων
3611 3534 3661 3585 ἐν
3685 3530 3736 3598 τῇ

2179 3626 2298 3696 θείᾳ
2327 3627 2518 3698 Γραφῇ
2551 3628 2821 3698 παριστᾷν
2851 3625 3032 3698 πάσης
3065 3626 3292 3697 Γραφῆς
3333 3627 3438 3699 τὴν
3487 3624 3737 3697 ἀλήθειαν.

2191 3717 2304 3770 Ἀεὶ
2350 3718 2458 3788 γὰρ
2487 3704 2778 3780 ἀκούοντες
2804 3719 2932 3788 περὶ
2970 3717 3250 3783 Ἰακώϐου,
3282 3719 3368 3772 ὅτι
3417 3711 3569 3780 οὗτος
3611 3713 3738 3769 ἀδελο

2179 3807 2278 3876 φὺς
2311 3807 2558 3860 ἐκαλεῖτο
2587 3807 2682 3861 τοῦ
2714 3809 2944 3879 Κυρίου,
2974 3807 3347 3879 θαυμάζοντες
3378 3809 3649 3879 ἐλέγομεν,
3674 3803 3739 3866 τίς

2176 3902 2209 3970 ἡ
2235 3898 2426 3970 χρείας
2463 3898 2578 3953 Νὗν
2609 3899 2666 3952 δὲ
2700 3898 2948 3970 ἔγνωμεν
2986 3900 3053 3954 δι’
3083 3901 3150 3971 ἢν
3177 3901 3382 3966 αἰτίαν,
3414 3902 3491 3963 ὡς
3512 3900 3738 3970 προεῖπεν

2176 3994 2209 4062 ἡ
2247 3991 2366 4045 θεία
2393 3993 2586 4064 Γραφή
2605 4009 2618 4023 ·
2668 3991 2807 4046 ἀλλὰ
2829 3993 3046 4056 πάντως
3077 3993 3163 4046 ῖνα
3189 3993 3318 4046 ὅταν
3341 3991 3643 4062 ἀκούωμεν,
3671 3988 3738 4041 ὅτι

2189 4087 2335 4142 Ἰδοὺ
2361 4087 2400 4154 ἡ
2423 4085 2622 4157 μήτηρ
2646 4103 2787 4153 σου,
2813 4087 2912 4141 καί
2941 4091 2995 4143 οἱ
3028 4087 3281 4157 ἀδελφοί
3302 4101 3425 4142 σου
3451 4087 3566 4151 ἔξω
3588 4081 3741 4148 ἐστή-

2177 4195 2323 4235 κασι
2370 4179 2686 4250 ζητοῦντές
2728 4196 2821 4245 σε,
2863 4180 3150 4251 μάθωμεν,
3199 4181 3282 4234 ὅτι
3314 4181 3448 4252 περὶ
3512 4175 3738 4233 Ἰακώϐου

2177 4273 2346 4342 λέγει,
2398 4274 2495 4327 καὶ
2538 4272 2648 4326 τῶν
2687 4273 2864 4327 ἄλλων
2922 4273 3054 4327 υἱῶν
3100 4274 3320 4344 Ἰωσὴφ,
3375 4273 3473 4327 καὶ
3525 4273 3583 4325 οὗ
3633 4267 3740 4340 περὶ

2176 4365 2307 4419 υἱῶν
2348 4365 2564 4436 Μαρίας
2599 4365 2708 4418 τῶν
2737 4365 2813 4437 μὴ
2851 4365 3171 4436 γινομένων.
3219 4365 3392 4436 Δῆλον
3423 4365 3532 4436 γάρ
3566 4359 3650 4435 ἦν,
3673 4362 3738 4414 ὅτι

2181 4455 2384 4526 μείζων
2407 4450 2474 4525 ἦν
2501 4456 2531 4507 ὁ
2579 4454 2837 4520 Ἰάκωὸος
2877 4457 2944 4527 τῇ
2979 4455 3166 4527 ἡλικίᾳ
3199 4455 3341 4510 κατὰ
3372 4455 3474 4527 τὴν
3497 4455 3738 4524 ’ἔνσαρκσν

485 4553 556 4610 te,
592 4546 662 4600 de
687 4543 896 4601 Iacobo
952 4561 1017 4600 ac
1046 4548 1259 4603 caeteris
1281 4545 1506 4619 Iosephi
1537 4549 1688 4616 ﬁliis,
1722 4564 1834 4605 non
1861 4549 2066 4615 Mariae,

2180 4547 2271 4601 τοῦ
2319 4546 2528 4618 Κυρίου
2579 4548 2900 4618 παρουσίαν.
2962 4547 3245 4616 Ἀδελφοὺς
3287 4547 3343 4601 δὲ
3388 4547 3584 4610 αὐτοὺς
3615 4544 3737 4610 λέγει

484 4637 578 4707 qui
607 4637 743 4691 nulli
772 4646 922 4702 sunt,
958 4637 1166 4693 dictum
1197 4640 1332 4696 illud
1372 4655 1498 4697 esse
1531 4641 1853 4696 doceamur.
1881 4641 2070 4712 Neque

2180 4637 2529 4707 διελέγχουσα
2564 4639 2597 4707 ή
2629 4638 2844 4709 Γραφὴ,
2883 4637 2978 4690 καὶ
3004 4637 3263 4708 ὀνομαστὶ
3298 4637 3539 4691 καλοῦσα
3581 4635 3741 4689 Ἰάκω-

481 4729 628 4783 enim
687 4729 914 4785 dubium
965 4737 1084 4798 est,
1135 4735 1270 4802 quin
1327 4731 1606 4798 Iacobus,
1654 4750 1767 4804 quo
1822 4743 2072 4804 tempore

2180 4729 2293 4794 6ον,
2329 4729 2423 4783 καὶ¹
2475 4729 2654 4798 Ἰωσῆ,
2695 4730 2791 4783 καὶ
2820 4729 3103 4800 Συμεῶνα,
3135 4730 3230 4783 καὶ
3279 4729 3506 4793 Ἰούδαν,
3541 4727 3630 4782 καὶ
3655 4725 3740 4776 Σαι

485 4820 740 4877 Christus
792 4823 847 4876 in
901 4823 1006 4879 hoc
1045 4825 1254 4881 mundo
1297 4827 1657 4892 versabatur,
1710 4835 1857 4883 esset
1911 4833 2074 4883 aetate

2180 4822 2386 4894 λώμην,
2425 4822 2522 4875 καὶ
2559 4822 2799 4894 Μαρίαν.
2851 4823 2967 4877 ’Ἰνα
3006 4823 3218 4892 μάθωσι
3271 4823 3452 4877 τοίνυν
3480 4823 3620 4884 τίνος
3645 4817 3740 4876 υίὸς

485 4917 813 4981 provectior.
851 4916 1120 4973 Caeterum
1154 4918 1355 4976 fratres
1390 4920 1540 4990 ipsos
1573 4919 1860 4991 Scriptura
1889 4928 2074 4982 vocat,

2180 4915 2456 4986 τυγχάνει,
2509 4915 2604 4968 καὶ
2651 4915 2716 4968 ἐκ
2761 4915 2922 4978 ποίας
2952 4915 3156 4986 μητρὸς
3205 4916 3234 4967 ὁ
3297 4914 3583 4977 Ἰάκωϐος·
3631 4908 3738 4976 νοή-

492 5005 802 5062 c‘ontrarias
852 5008 1088 5066 haereses
1137 5012 1298 5067 tacite
1344 5012 1706 5082 redarguens,
1742 5027 1806 5066 ac
1848 5010 2074 5066 nomina

2181 5023 2314 5062 σωσι
2354 5007 2412 5060 δὲ
2455 5007 2597 5060 κατὰ
2626 5007 2971 5078 τὴνὴλικίαν
3013 5008 3097 5071 τίς
3144 5009 3259 5060 ἐστι
3300 5006 3520 5077 μείζων.
3567 5006 3621 5058 '0
3649 5001 3738 5072 γὰρ

489 5094 708 5149 illorum
753 5099 1093 5166 exprimens:
1146 5099 1445 5166 Iacobum,
1493 5101 1656 5169 Iose,
1707 5100 2074 5173 Symeonem,

2191 5098 2398 5170 Ἰησοῦς
2449 5098 2778 5170 σταυροῦται
2827 5101 2885 5152 ἐν
2937 5099 3046 5152 ἔτει
3097 5097 3401 5172 τριακοστῷ
3454 5097 3618 5167 τρίτῳ
3656 5093 3738 5161 τῆς

483 5185 706 5249 Iudam,
760 5187 1018 5244 Salomen
1075 5200 1130 5246 et
1171 5193 1420 5250 Mariam.
1468 5193 1547 5248 Ex
1585 5210 1696 5264 quo
1730 5194 2071 5248 declaratum

2181 5187 2346 5242 αὑτοῦ
2374 5189 2641 5259 ὲνσάρκου
2671 5190 2972 5262 παρουσίας
2993 5208 3005 5220 ’
3035 5191 3132 5244 τοῦ
3181 5191 3239 5243 δὲ
3275 5188 3514 5260 Ἡρώδου
3543 5184 3608 5258 ἦν
3637 5181 3742 5239 κατ’

491 5277 625 5334 illud
661 5278 854 5342 voluit,
893 5278 1054 5348 cujus
1092 5281 1260 5348 ﬁlius,
1294 5292 1350 5338 et
1385 5300 1452 5338 ex
1482 5299 1588 5354 qua
1619 5289 1796 5338 matre
1827 5279 2071 5336 Iacobus

2180 5279 2356 5333 ἐκεῖνο
2403 5280 2599 5351 καιροῦ
2679 5285 2780 5353 (1),
2849 5281 2968 5335 υἱοῦ
3023 5282 3080 5335 δὲ
3151 5280 3464 5353 Ἀρχελάου,
3517 5279 3629 5342 ἔτος
3678 5276 3743 5328 εί-

484 5379 630 5428 esset
656 5373 897 5443 genitus,
925 5381 1036 5425 tum
1065 5384 1185 5426 uter
1211 5383 1341 5428 natu
1373 5375 1633 5445 grandior
1665 5375 1824 5428 foret.
1857 5371 2070 5428 Etenim

2180 5371 2390 5427 κοστόν.

484 5461 644 5519 Iesus
675 5479 818 5518 anno
843 5462 1023 5518 aetatis
1051 5477 1166 5518 sua:
1196 5479 1369 5518 xxxm
1415 5465 1471 5520 in
1512 5480 1734 5521 crucem
1783 5471 1942 5519 actus
1971 5472 2079 5526 est,
2120 5461 2216 5532 qui
2246 5470 2366 5516 erat
2394 5461 2630 5519 Herodis
2657 5462 2912 5520 Archelai
2945 5464 3041 5519 ﬁlii
3071 5465 3382 5522 vicesimus.

563 5578 579 5610 ¹
603 5577 741 5634 Luc.
769 5595 832 5643 ll,
873 5579 960 5637 19.
1037 5581 1058 5611 ²
1092 5579 1224 5634 Luc.
1267 5597 1386 5647 vm,
1417 5579 1510 5636 20.
1587 5581 1607 5612 ³
1641 5552 1800 5637 Ioan.
1835 5596 1932 5643 vu,
1967 5579 2018 5634 5.

2182 5578 2294 5648 leg.
2325 5576 2617 5648 συνῆφθαι.
2695 5578 2717 5610 ⁸
2739 5562 2904 5635 Deest
2931 5579 3052 5634 οὐκ.

2174 5699 2464 5765 Dominus,
2496 5698 2749 5753 Archelai
2798 5698 2967 5755 fuisse
3013 5700 3203 5764 ﬁlium,
3255 5699 3534 5768 muneque
3581 5691 3735 5764 magis

561 5696 635 5765 (1)
671 5700 881 5774 Τοῦ-δὲ
920 5702 1180 5774 ξηρὼδου
1203 5699 1281 5774 ἦν
1303 5703 1430 5758 κατ’
1457 5701 1654 5756 ἐκεῖνο
1680 5701 1908 5770 καιροῦ.
1942 5701 2064 5754 Fal-

2179 5771 2324 5841 quod
2355 5777 2408 5827 et
2435 5769 2600 5840 paulo
2630 5779 2775 5840 post,
2809 5778 2862 5828 et
2889 5771 3048 5827 initio
3088 5772 3269 5842 operis
3304 5769 3490 5838 hujus,
3523 5770 3575 5824 in
3601 5768 3734 5820 calce

492 5775 613 5819 sum
644 5775 726 5822 est
759 5768 1024 5826 Herodem
1074 5768 1249 5842 illum,
1297 5789 1405 5846 quo
1438 5781 1700 5844 regnante
1733 5768 1930 5843 passus
1986 5779 2069 5828 est
