3964 6402
280 323 386 381 713

877 329 1247 387 ADVERSUS
1287 328 1628 386 IL-EBESES
1666 326 1796 384 LIB.
1838 326 1923 382 Ill.
1963 325 2122 384 TOM.
2172 328 2236 382 ll.
2278 359 2344 367 —
2386 327 2660 383 HAERES.
2702 327 2981 384 LXXVI”.

3441 331 3548 389 ιιι

352 447 410 500 l'.
465 445 555 499 Ἐν
583 432 691 516 γάρ
735 441 813 516 τῷ
840 445 1143 517 τριακοστῷ
1185 445 1353 520 τρίτῳ
1383 445 1493 498 ἔτει
1517 442 1614 498 τοῦ
1647 443 1864 515 πρώτου

2046 441 2115 498 Χ.
2155 443 2316 497 Anno
2348 443 2548 514 quippe
2583 443 2812 500 Herodis
2856 444 3091 501 senioris
3135 444 3409 518 Antipatri
3451 445 3548 501 ιιιιι

289 535 557 608 Ἡρώδου,
607 535 723 590 υίοῦ
788 538 1163 608 Ἀντιπάτρου,
1207 539 1463 607 γεννᾶται
1499 538 1528 590 6
1575 535 1764 607 Σωτὴρ
1809 535 1867 586 ἐν

281 626 534 698 Βηθλεέμ
560 626 660 696 τῆς
704 626 982 690 Ἰουδαίας,
1014 628 1150 700 ὅπερ
1188 623 1255 699 ἦν
1281 627 1716 695 τεσσαρακοστὸν
1748 625 1862 678 δεύ-

276 735 441 790 τερον
492 718 805 788 Αὐγούστου
835 719 1133 796 βασιλέως.
1185 721 1294 773 Καί
1322 721 1555 789 ποιήσας
1602 719 1697 788 ἔτη
1750 715 1864 780 δύο,

278 807 620 878 λαμὸάνεται
669 809 773 860 ὑπο
813 807 907 861 τοῦ
959 811 1154 879 Ἰωσὴφ
1197 811 1277 872 είς
1320 810 1617 878 Αἴγυπτον,
1665 808 1753 862 διὰ
1796 809 1866 862 τά

276 900 390 952 ὑπὸ
429 899 537 952 τῶν
577 899 768 970 μάγων
815 899 892 969 τῷ
934 895 1148 969 Ἡρώδῃ
1178 901 1442 971 εἰρημένα
1479 899 1573 953 τοῦ
1627 901 1866 970 Ἡρώδου

278 990 574 1062 ζητοῦντος
617 989 710 1042 τὸν
742 989 924 1044 παῖδα.
965 989 1192 1042 Κάτεισι
1223 989 1280 1042 δὲ
1324 991 1405 1054 είς
1427 990 1726 1058 Αἴγυπτον,
1772 992 1867 1044 καὶ⁹

276 1080 427 1133 τελεῖ
465 1082 642 1132 ἐκεῖσε
673 1078 809 1134 ἄλλα
858 1078 952 1132 δύο
982 1078 1097 1149 ἔτη.
1143 1077 1249 1132 Καὶ
1277 1079 1503 1150 τελευτᾷ
1550 1079 1796 1153 Ἡρώδης
1836 1081 1864 1132 6

279 1169 537 1240 βασιλεὺς
600 1167 709 1222 ἔτει
771 1166 1083 1239 τριακοστῷ
1141 1167 1375 1238 ἑϐδόμῳ.
1447 1169 1759 1238 Διαδέχεται
1810 1168 1866 1221 δὲ

275 1260 472 1314 τοῦτον
535 1259 824 1330 Ἀρχέλαος
859 1261 888 1312 6
936 1257 1052 1321 υίὸς
1094 1259 1260 1312 αὑτοῦ
1315 1261 1408 1312 ἐπί
1465 1259 1642 1312 ἔτεσιν
1687 1259 1863 1312 ἐννέα.

275 1353 395 1407 Καὶ
428 1351 598 1414 οὕτως
628 1353 662 1421 ή
701 1351 1056 1422 πραγματεία
1095 1350 1417 1418 τελειοῦται,
1452 1351 1546 1404 καὶ
1579 1350 1865 1420 παραδίδο-

275 1463 372 1500 ται
403 1444 618 1517 σταυρῷ
646 1443 1096 1513 ὀκτωκαιδεκάτῳ
1145 1443 1244 1513 μὲν
1281 1441 1390 1496 ἔτει
1432 1443 1681 1516 Τιϐερίου
1731 1442 1866 1496 Καί-

278 1553 483 1608 σαρος,
559 1535 654 1588 τοῦ
709 1535 768 1589 δὲ
825 1536 1108 1607 Ἀγρίππα
1162 1535 1548 1608 ἐπικληθέντος
1587 1537 1863 1606 Μεγάλου,

287 1628 534 1698 Ἡρώδου
565 1621 622 1676 δὲ
659 1623 970 1697 Νεωτέρου,
1025 1627 1143 1680 υἱοῦ
1175 1627 1233 1681 δὲ
1288 1628 1603 1699 Ἀρχελάου,
1647 1627 1766 1691 ἔτος
1797 1622 1866 1697 ἦν

275 1720 544 1774 εἰκοστόν.
589 1718 839 1789 Οὐδαμοῦ
884 1719 943 1772 δὲ
993 1719 1309 1791 ἠκούσαμεν
1349 1721 1442 1774 τὸν
1484 1721 1683 1791 Ἰωσήφ
1713 1719 1866 1782 υἱοὺς

270 1905 582 1974 Αἰγύπτου,
615 1906 643 1956 6
675 1903 835 1967 αὐτὸς
868 1903 1096 1958 ἐϐίωσεν
1140 1906 1234 1958 ἐπὶ
1285 1905 1500 1968 πολλοῖς
1549 1904 1714 1958 ἔτεσι.
1767 1903 1864 1956 Τέο

274 2013 478 2068 ταρτον
511 1995 620 2066 γάρ
648 1990 715 2065 ἦν
755 1994 874 2058 ἔτος
901 1994 978 2065 τῷ
1013 1996 1226 2067 Σωτῆρι
1247 2014 1260 2026 ·
1291 1995 1371 2067 τῷ
1399 1997 1457 2050 δέ
1503 1997 1700 2065 Ἰωσήφ
1728 1995 1868 2065 ὑπὲρ

276 2087 405 2152 ἔτος
449 2085 808 2157 ὀγδοηκοστὸν
855 2085 1140 2157 τέταρτον,
1195 2088 1283 2140 ὅτε
1332 2090 1395 2141 ἐκ
1440 2088 1540 2158 τῆς
1591 2085 1866 2156 Αἰγύπτου

275 2179 468 2250 χώρας
518 2177 873 2249 παρεγένετο.
929 2179 1040 2233 Καὶ
1083 2179 1350 2250 διέμεινεν
1395 2179 1534 2236 ἄλλα
1575 2179 1671 2250 ἔτη
1722 2177 1868 2232 ὀκτὼ

287 2271 493 2341 Ἰωσὴφ
524 2268 752 2340 περιὼν,
783 2271 880 2324 καὶ
927 2271 984 2324 ἐν
1037 2270 1115 2344 τῷ
1149 2271 1358 2342 δεκάτῳ
1390 2274 1402 2304 ¹
1433 2271 1568 2336 ἔτει,
1606 2271 1868 2324 ἀνιόντων

275 2363 378 2419 ἐπὶ
423 2361 800 2434 Ἰερουσαλήμ,
830 2360 1094 2434 ἐζητήθη,
1122 2364 1211 2417 ὅτε
1249 2364 1347 2434 οὐχ
1390 2363 1673 2435 εὑρίσκετο
1708 2365 1766 2416 ἐν
1799 2364 1865 2433 τῇ

274 2454 578 2526 ὁδοιπορίᾳ,
612 2454 688 2518 ὡς
716 2453 830 2525 ἔχει
862 2454 922 2508 τὸ
953 2456 1094 2509 κατὰ
1121 2457 1335 2510 Λουκᾶν
1363 2456 1712 2526 Εὑαγγέλιον.
1753 2456 1868 2511 Μέ-

279 2563 378 2602 σον
408 2547 465 2601 δέ
493 2546 698 2602 τούτων
737 2546 846 2600 τῶν
884 2547 1024 2603 ἐτῶν
1064 2548 1290 2621 τελευτᾷ
1333 2550 1552 2620 Ἰωσὴφ,
1616 2551 1710 2603 καὶ
1768 2552 1866 2603 άν-

275 2638 496 2710 ετράφη
539 2637 722 2692 οὐκέτι
775 2637 881 2692 ὑπὸ
930 2639 1020 2694 τὸν
1061 2640 1282 2712 Ἰωσὴφ,
1326 2641 1442 2695 ἀλλ’
1483 2643 1566 2706 είς
1601 2641 1692 2696 τὸν
1721 2639 1869 2699 οἷκον

275 2729 380 2784 τοῦ
429 2731 646 2801 Ἰωσήφ.
681 2730 846 2786 Ὅθεν
879 2731 1066 2787 οὐκέτι
1100 2732 1162 2787 τὸ
1186 2733 1516 2804 Εὑαγγέλιον
1545 2736 1743 2805 φάσκει
1776 2735 1867 2790 λέ-

279 2811 726 2891 γον,ὃτιἾὶλθεν
758 2822 787 2874 6
821 2822 1005 2894 πατὴρ
1043 2824 1232 2891 αὐτοῦ,
1264 2828 1358 2880 καὶ
1386 2828 1421 2898 ή
1461 2827 1646 2899 μήτηρ
1679 2825 1866 2891 αὑτοῦ,

281 2909 381 2963 καὶ
417 2909 466 2961 oi
515 2908 766 2980 ἀδελφοίο
815 2912 952 2980 ἀλλ’,
1000 2914 1156 2970 Ἰδοὺ
1206 2916 1246 2984 ἡ
1275 2917 1472 2987 μήτηρ
1503 2932 1642 2984 σου,
1687 2917 1784 2972 καὶ
1814 2919 1870 2972 οἱ

281 3001 538 3071 ἀδελφοί
563 3019 682 3059 σου
707 3005 826 3069 ἔξω
871 3007 1229 3075 ἑστήκασιν.
1283 3011 1424 3065 Ἀλλ’
1451 3011 1576 3065 οὔτε
1619 3013 1708 3066 ὅτε
1754 3012 1871 3065 ἔλε-

280 3110 382 3162 γον
425 3094 574 3167 αὐτῷ
605 3096 665 3149 ἐν
707 3101 771 3170 τῇ
818 3099 1091 3174 Ἰδουμαίᾳ
1140 3104 1186 3134 ³ο
1223 3103 1434 3170 Οὐδεὶς
1465 3103 1652 3158 ταῦτα
1683 3104 1871 3158 ποιῶν

281 3183 445 3242 θέλει
474 3187 546 3241 ἐν
590 3189 830 3258 κρυπτῷ
867 3187 1042 3246 εἶναι.
1088 3195 1160 3248 Et
1202 3195 1392 3250 ταῦτα
1444 3195 1652 3264 ποιεῖς,
1685 3195 1870 3266 φανέ-

275 3294 484 3347 ρωσον
512 3281 776 3335 σεαυτὸν
798 3313 815 3340 ,
868 3282 970 3336 οὐκ
1011 3277 1184 3350 εἶπεν,
1215 3281 1478 3339 ὄτιΕίπεν
1507 3285 1657 3356 αὑτῷ
1700 3288 1730 3340 δ
1764 3303 1870 3339 πα-

279 3369 392 3441 τὴρ
429 3370 617 3435 αὑτοῦ,
665 3371 762 3425 καὶ
804 3373 853 3426 οἱ
905 3373 1125 3444 ἀδελφοὶ
1171 3375 1364 3440 αὑτοῦ,
1407 3374 1522 3430 ἀλλ’
1571 3377 1620 3430 οἱ
1649 3375 1872 3446 ἀδελφοὶ

279 3461 472 3530 αὑτοῦ,
506 3462 582 3528 ὡς
610 3464 706 3518 τοῦ
748 3465 947 3536 Ἰωσὴφ
990 3467 1190 3538 μηκέτι
1234 3468 1572 3538 ὑπάρχοντος
1622 3468 1768 3522 κατὰ
1809 3469 1872 3522 :6

284 3557 468 3629 σῶμα.
500 3554 633 3614 Εἶτα
679 3559 736 3614 δὲ
780 3561 868 3614 ἐπ’
892 3562 1028 3634 αὐτῇ
1057 3566 1123 3632 τῇ
1150 3563 1449 3627 τελειώσει,
1494 3563 1583 3618 ὅτε
1610 3565 1640 3617 6
1681 3561 1873 3634 Σωτὴρ

280 3649 343 3701 ἐν
383 3648 460 3720 τῷ
493 3649 710 3721 σταυρῷ
750 3650 1000 3724 ἔστηκεν,
1046 3652 1124 3717 ὡς
1170 3653 1284 3726 ἔχει
1315 3655 1376 3708 τὸ
1425 3654 1566 3708 κατὰ
1622 3653 1874 3724 Ἰωάννην

284 3742 636 3812 Εὐαγγέλιον,
687 3744 999 3814 Στραςρείς,
1051 3746 1238 3816 φησιν,
1275 3743 1392 3801 εἶδε
1438 3746 1546 3800 τὸν
1568 3744 1870 3816 μαθητὴν,

281 3836 360 3889 ὃν
397 3834 599 3905 ἠγάπα
631 3837 664 3890 ὁ
697 3837 932 3904 Κύριος,
967 3837 1062 3891 καὶ
1092 3834 1244 3891 εἶπεν
1281 3838 1430 3910 αὐτῷ
1472 3841 1600 3910 περὶ
1627 3839 1869 3910 Μαρίαςο

295 3925 457 3982 Ἰδοὺ
500 3928 540 3997 ή
567 3927 770 3998 μήτηρ
799 3943 951 3982 σου·
1015 3929 1109 3983 καὶ
1139 3933 1204 4001 τῇ
1232 3931 1367 4003 αὐτῇ
1412 3931 1592 4001 λέγει·
1649 3931 1796 3986 Ἰδοὺ
1841 3935 1875 3985 ὁ

281 4016 418 4083 υἱός
443 4031 582 4074 σου.
618 4020 681 4072 Et
710 4015 852 4090 ἦσαν
890 4020 948 4074 δὲ
972 4021 1139 4075 τέκνα
1160 4024 1226 4092 τῇ
1257 4022 1468 4094 Μαρίᾳ,
1497 4023 1591 4076 καὶ
1617 4025 1665 4076 εἰ
1699 4022 1874 4092 ὑπῆρ-

281 4124 382 4182 χεν
426 4110 562 4181 αὐτῇ
598 4110 762 4183 ἀνὴρ,
791 4111 898 4164 τίνι
928 4111 1072 4183 λόγῳ
1102 4114 1388 4184 παρεδίδου
1421 4115 1520 4184 τὴν
1553 4113 1771 4186 Μαρίαν
1797 4112 1876 4183 τῷ

294 4201 541 4274 Ἰωάννῃ,
595 4204 687 4258 καὶ
732 4202 824 4256 τὸν
866 4205 1119 4275 Ἰωάννην
1153 4207 1218 4276 τῇ
1263 4205 1484 4277 Μαρίᾳ;
1531 4205 1648 4258 Τίνι
1693 4206 1752 4260 δὲ
1797 4205 1876 4276 τῷ

281 4293 432 4364 λόγῳ
482 4293 677 4365 Πέτρῳ
750 4294 952 4366 μᾶλλον
997 4295 1058 4348 οὐ
1105 4296 1476 4367 παραδίδωσι;
1523 4296 1630 4350 τίνι
1679 4297 1737 4350 δὲ
1796 4297 1876 4367 τῷ

279 4385 430 4455 λόγῳ
494 4384 753 4457 Ἀνδρέᾳ,
813 4386 1080 4458 Ματθαίῳ
1147 4403 1206 4438 τε
1275 4384 1370 4440 καὶ
1435 4387 1874 4458 Βαρθολομαίῳ;

1969 534 2132 588 tertio
2191 548 2255 589 ac
2307 535 2592 590 tricesimo
2644 535 2900 593 Christus
2947 535 3284 593 Bethlehemi
3347 536 3548 593 Judm

1968 625 2235 690 nascitur,
2293 625 2521 696 Augusti
2572 641 2702 680 vero
2759 642 2891 682 χιιι.
2945 627 3150 685 Deinde
3200 637 3326 699 post
3373 644 3551 692 annos

1968 717 2106 771 duos
2138 718 2193 770 in
2239 716 2536 788 Egyptum
2588 719 2658 772 ab
2694 717 2932 790 Josepho
2981 728 3387 790 transportatus
3429 731 3550 785 est,

1969 824 2092 862 cum
2134 807 2378 863 Herodes
2401 811 2472 864 ob
2494 825 2580 875 ea,
2611 826 2734 879 qua:
2760 812 2898 882 magi
2927 813 3398 876 renuntiaverant,
3419 830 3554 883 pue-

1967 914 2088 952 rum
2143 899 2211 952 ad
2262 915 2450 955 necem
2523 901 2843 970 requireret.
2910 901 3092 967 Quare
3145 904 3200 958 in
3252 903 3553 975 A‘Igyptum

1969 990 2248 1059 profectus
2278 990 2502 1046 biennio
2546 992 2661 1047 illic
2693 1001 2940 1049 moratus
2965 1004 3068 1049 est.
3110 993 3240 1050 Post
3281 996 3398 1050 haec
3446 995 3546 1053 He-

1969 1075 2131 1133 rodes
2195 1078 2333 1133 obiit
2380 1093 2526 1133 anno
2586 1081 2739 1151 regni
2798 1083 2886 1136 sui
2941 1098 3148 1138 xxxvu.
3195 1083 3407 1156 1042
3448 1085 3549 1142 Cui

1969 1169 2236 1226 successit
2279 1170 2581 1242 Archelaus
2626 1170 2790 1237 ﬁlius,
2824 1174 2916 1244 qui
2965 1191 3018 1229 Ix
3068 1176 3228 1232 annis
3282 1180 3552 1248 regnavit.

1967 1257 2044 1312 Ita
2077 1260 2426 1329 postmodum
2461 1261 2715 1319 Christus
2745 1279 2814 1319 eo
2852 1266 3020 1331 omni,
3058 1267 3218 1338 cujus
3251 1271 3423 1335 gratia
3465 1286 3558 1326 ve-

1968 1359 2146 1414 nerat,
2199 1351 2452 1407 absoluto
2492 1354 2732 1424 negotio,
2780 1355 2833 1409 in
2877 1371 3097 1412 crucem
3132 1360 3362 1426 tollitur,
3409 1374 3557 1418 anno

1967 1441 2171 1497 Tiberii
2203 1444 2438 1500 Czesaris
2467 1461 2626 1510 xvm,
2652 1447 2746 1517 qui
2773 1455 2893 1502 erat
2919 1450 3171 1520 Agrippa:
3203 1451 3409 1523 Magni,
3438 1454 3558 1510 sive

1969 1532 2201 1591 Herodis
2231 1535 2478 1591 Junioris
2509 1537 2762 1593 Archelai
2796 1539 2912 1606 lilii,
2948 1555 3125 1597 annus
3157 1558 3248 1598 xx.
3269 1542 3552 1616 Nusquam

1966 1639 2098 1680 vero
2133 1623 2431 1696 Josephum
2467 1629 2782 1698 suscepisse
2828 1632 3032 1689 liberos
3073 1635 3405 1705 accepimus.
3447 1638 3557 1693 Sed

751 1719 839 1771 ιοῦ
884 1719 943 1772 δὲ
993 1719 1309 1791 ἠκούσαμεν
1349 1721 1442 1774 τὸν
1484 1721 1683 1791 Ἰωσήφ
1713 1719 1866 1782 υἱοὺς

751 1809 828 1861 λλ’
881 1808 1026 1865 οὔτε.
1091 1811 1228 1865 μετὰ
1276 1811 1337 1865 τὸ
1391 1810 1568 1865 ἐλθεῖν
1612 1810 1720 1864 άπὸ
1767 1809 1867 1865 τῆς

1974 1732 2144 1787 neque
2175 1728 2531 1788 posteaquam
2561 1736 2625 1774 ex
2661 1720 2900 1794 Egypto
2945 1725 3126 1791 rediit,
3169 1727 3261 1782 diu
3305 1732 3556 1800 supervi-

1976 1808 2072 1862 xit.
2104 1811 2309 1865 Agebat
2357 1821 2473 1865 tum
2503 1812 2759 1865 Christus
2805 1831 3010 1865 annum
3056 1818 3235 1865 aetatis
3273 1831 3554 1865 ﬂllnl'lllnl-

275 1810 638 1880 πεποιηκότα.
691 1809 828 1862 Ἀλλ’
881 1809 1026 1877 οὔτε,
1089 1811 1228 1882 μετὰ
1276 1811 1337 1865 τὸ
1391 1810 1568 1865 ἐλθεῖν
1612 1810 1720 1864 άπὸ
1767 1809 1867 1880 τῆς

1976 1808 2072 1862 xit.
2104 1811 2309 1879 Agebat
2357 1821 2473 1866 tum
2503 1812 2759 1870 Christus
2805 1831 3010 1871 annum
3056 1818 3574 1898 aetatisquartum.‘

1973 1901 2248 1970 Josephus
2294 1918 2496 1958 LxxxIv
2545 1915 2881 1972 excesserat,
2931 1923 3056 1962 cum
3089 1925 3155 1964 ex
3191 1911 3427 1984 {Egypto
3470 1929 3557 1969 re-

1975 2006 2168 2046 versus
2193 1997 2300 2046 est.
2335 1990 2465 2047 Post
2509 1994 2623 2048 haec
2652 1996 2776 2051 aliis
2815 2013 2910 2052 vIII
2941 2000 3095 2054 vixit.
3132 2000 3268 2055 Nam
3299 2003 3556 2061 Christus

1975 2095 2179 2135 annum
2214 2096 2384 2152 agens
2416 2099 2516 2149 xu,
2547 2099 2672 2138 cum
2720 2085 3152 2159 Hierosolymam
3191 2091 3423 2162 profecti
3469 2111 3560 2151 es-

1975 2179 2131 2236 sent,
2177 2173 2441 2242 quasitus
2487 2183 2592 2238 est,
2625 2176 2771 2245 quod
2815 2177 2870 2231 in
2915 2179 3113 2234 itinere
3143 2197 3250 2236 non
3285 2191 3434 2239 esset
3464 2201 3558 2240 reo

1979 2275 2184 2331 pertus,
2230 2273 2288 2318 ut
2317 2263 2478 2319 Luca:
2511 2274 2744 2322 testatur
2770 2267 3125 2340 Evangelium
3149 2272 3186 2326 ³.
3221 2273 3392 2331 Porro
3420 2291 3559 2333 non-

1975 2356 2104 2411 dum
2128 2357 2365 2413 evolutis
2395 2358 2556 2414 annis
2579 2359 2687 2416 illis
2715 2359 2989 2432 Josephus
3017 2363 3275 2432 moritur,
3305 2382 3369 2422 ac
3396 2366 3560 2426 Jesus

1975 2464 2086 2504 non
2121 2450 2356 2522 amplius
2392 2451 2494 2507 sub
2527 2450 2644 2516 illo,
2681 2453 2777 2507 sed
2824 2453 2878 2507 in
2923 2453 3044 2525 ejus
3085 2457 3247 2513 domo
3291 2458 3563 2517 duntaxat

1975 2543 2244 2600 educatus
2272 2553 2379 2600 est.
2415 2543 2553 2600 Hinc
2596 2555 2682 2601 est
2711 2548 2856 2617 quod
2886 2549 2942 2603 in
2973 2549 3266 2624 Evangelio
3304 2569 3415 2609 non
3443 2555 3560 2626 jam

1979 2636 2111 2692 illud
2145 2637 2350 2693 dicitur
2377 2657 2391 2693 :
2421 2638 2582 2694 Venit
2610 2649 2765 2710 pater
2803 2640 3000 2711 ipsius,
3031 2651 3086 2699 et
3128 2653 3324 2712 mater,
3354 2657 3410 2704 et
3453 2648 3564 2703 ira-

1977 2737 2090 2786 tres
2127 2729 2248 2800 ejus
2271 2772 2285 2797 ,
2321 2730 2414 2786 sed
2447 2744 2463 2785 :
2496 2729 2630 2786 Ecce
2660 2741 2827 2786 mater
2867 2743 2980 2799 tua,
3016 2745 3066 2791 et
3099 2737 3293 2806 fratres
3325 2741 3401 2794 tui
3430 2740 3563 2810 foris

1977 2832 2122 2878 stant
2147 2824 2200 2892 ‘;
2231 2823 2325 2880 sed
2351 2839 2529 2894 neque
2551 2841 2675 2881 cum
2706 2826 2759 2881 in
2789 2825 3012 2883 Galilwa
3039 2829 3120 2885 sic
3144 2830 3294 2886 illum
3321 2832 3566 2906 alloque-

1977 2923 2210 2972 rentur:
2240 2915 2409 2972 Nemo
2454 2917 2564 2972 haec
2629 2935 2786 2990 agens
2821 2921 2877 2974 in
2926 2923 3130 2976 occulto
3174 2925 3370 2980 versari
3400 2928 3562 2996 cupit.

1977 3007 2040 3064 Si
2090 3008 2201 3063 lucc
2253 3008 2420 3078 facis,
2464 3007 2636 3078 prwbe
2675 3019 2723 3064 te
2775 3012 3188 3081 manifestum":
3237 3031 3345 3070 non
3379 3017 3561 3074 dixit:

1976 3099 2142 3158 Pater
2179 3102 2355 3172 ipsius
2379 3114 2430 3158 et
2459 3103 2682 3168 fratres,
2724 3104 2819 3158 sed
2861 3103 3061 3160 fratres
3097 3106 3294 3176 ipsius,
3324 3124 3388 3163 eo
3415 3093 3566 3180 quod

1972 3188 2246 3263 Josephus
2273 3193 2330 3246 in
2359 3207 2592 3264 corpore
2639 3209 2764 3250 esse
2803 3194 3082 3252 desiisset.
3128 3195 3275 3264 Quin
3297 3199 3462 3255 etiam
3507 3201 3567 3259 in

1974 3286 2096 3355 ipso
2131 3284 2257 3338 vita:
2287 3283 2458 3350 exitu,
2511 3300 2635 3338 cum
2679 3284 2934 3341 Christus
2966 3286 3022 3340 in
3072 3301 3238 3344 cruce
3279 3291 3564 3360 penderet,

1975 3385 2034 3432 ut
2064 3377 2120 3432 in
2156 3376 2384 3433 Joannis
2419 3374 2716 3447 Evangelia
2742 3378 3006 3447 scriptum
3041 3387 3128 3435 est
3147 3380 3202 3434 ἐ
3233 3381 3528 3440 Conversus
3547 3426 3566 3454 ,

1975 3465 2174 3534 inquit,
2211 3463 2339 3518 vidit
2382 3465 2724 3533 discipulum,
2776 3481 2927 3535 quem
2966 3465 3224 3537 diligebat
3269 3468 3567 3544 Dominus,

1973 3555 2135 3626 eique
2166 3555 2235 3612 de
2268 3555 2440 3612 Maria
2475 3558 2652 3614 dixit:
2687 3558 2820 3615 Ecce
2851 3571 3019 3618 mater
3044 3573 3180 3630 tua;
3213 3573 3325 3620 tum
3358 3569 3520 3623 matri
3547 3588 3564 3627 :

1977 3645 2112 3702 Ecce
2147 3647 2295 3716 ﬁlius
2329 3658 2471 3705 tuus.
2519 3652 2686 3723 Atqui
2717 3653 2762 3708 si
2798 3653 2963 3710 Maria
3005 3658 3209 3716 liberos
3257 3660 3565 3729 habuisset,

1978 3749 2072 3794 aut
2105 3748 2386 3810 superstes
2422 3743 2508 3796 vir
2553 3743 2675 3813 ejus
2729 3745 2945 3811 fuisset,
2996 3765 3096 3804 cur
3138 3751 3288 3807 illam
3333 3752 3565 3820 Joanni,

1974 3823 2243 3882 Joannem
2293 3828 2370 3882 illi
2409 3832 2857 3890 commendaret?
2902 3835 3102 3893 Verum
3137 3855 3237 3894 cur
3269 3857 3374 3896 non
3406 3841 3567 3899 Petro

1977 3920 2183 3988 potius,
2231 3923 2316 3978 vel
2357 3923 2611 3990 Andreae,
2657 3928 2741 3981 vel
2800 3924 3057 3986 Matthazo
3105 3930 3568 3991 Bartholomzeove

1978 4015 2365 4074 commendat?
2397 4013 2666 4072 Nimirum
2702 4017 2898 4075 Joanni
2933 4033 3155 4094 propter
3193 4025 3566 4097 virginitatem

1978 4105 2084 4159 hoc
2112 4106 2344 4162 tribuit:
2372 4107 2528 4174 Ecce,
2568 4109 2764 4180 inquit,
2806 4125 2974 4168 mater
3012 4124 3124 4170 tua.
3158 4114 3485 4188 Quanquam
3520 4119 3567 4174 si

1977 4211 2182 4267 corpus
2232 4200 2588 4266 consideres,
2639 4201 2867 4260 Joannis
2914 4215 3090 4264 mater
3125 4224 3233 4263 non
3269 4221 3420 4274 erat,
3471 4211 3567 4266 sed

1977 4304 2099 4344 eam
2150 4291 2326 4361 ipsam
2371 4293 2705 4364 virginitatis
2740 4311 2866 4353 esse
2905 4299 3207 4369 principem
3257 4301 3567 4372 signiﬁcare

1980 4380 2182 4446 voluit,
2231 4383 2493 4452 quoniam
2554 4384 2624 4439 ab
2673 4385 2766 4439 illa
2814 4388 2923 4440 vita
2974 4393 3264 4458 processit.
3321 4390 3404 4445 Ad
3451 4391 3567 4447 haec

296 4473 463 4528 Ἀλλά
503 4474 685 4545 δῆλον,
702 4476 785 4530 ὅτι
824 4477 1046 4548 Ἰωάννῃ
1099 4477 1185 4530 διὰ
1213 4477 1310 4548 τὴν
1349 4477 1683 4548 παρθενίανο
1727 4472 1869 4534 Ἰδοὺ

1977 4470 2270 4538 Joannem,
2320 4470 2449 4529 licet
2485 4475 2698 4532 alienus
2728 4491 2794 4533 ac
2840 4480 3065 4535 minime
3100 4482 3446 4553 propinquus
3475 4499 3566 4539 es-

280 4567 397 4638 γὰρ
416 4569 455 4636 ἡ
471 4566 669 4637 μήτηρ
689 4585 828 4624 σου.
855 4570 1048 4624 Καίτοι
1067 4586 1130 4638 γε
1156 4570 1257 4622 οὐκ
1276 4565 1344 4640 ἦν
1375 4571 1560 4642 μήτηρ
1585 4569 1751 4625 αὑτοῦ
1775 4571 1872 4624 τοῦ

295 4660 548 4716 Ἰωάννου
580 4661 722 4715 κατὰ
761 4663 940 4734 σάρκα
959 4679 972 4693 ο
1015 4663 1130 4716 ἀλλ’
1161 4663 1250 4716 ἵνα
1281 4663 1429 4734 δείξῃ
1459 4664 1628 4736 αὐτὴν
1660 4666 1875 4736 μητέρα

282 4751 529 4822 ἀρχηγὸν
555 4751 656 4821 τῆς
682 4751 976 4824 παρθενίας
995 4769 1009 4783 ο
1055 4754 1239 4826 ἐπειδὴ
1271 4755 1330 4819 ἐξ
1355 4755 1525 4826 αὐτῆς
1551 4757 1584 4826 ή
1629 4755 1744 4826 ζωὴ
1770 4751 1837 4827 ἦν
1856 4773 1872 4789 ο

276 4841 381 4894 καὶ
405 4841 484 4911 τῷ
521 4842 764 4914 Ἰωάννῃ,
781 4843 959 4896 καίτοι
986 4861 1050 4911 γε
1075 4844 1188 4898 ὄντι
1208 4845 1351 4899 κατὰ
1381 4845 1560 4915 σάρκα
1585 4845 1872 4917 ἀλλοτρίῳ,

281 4931 492 5000 ἔλεγεν,
539 4933 627 4986 ἵνα
671 4933 858 5006 διδάξῃ
905 4937 1069 5006 τιμᾷν
1105 4936 1205 5008 τὴν
1247 4937 1381 4990 ίδίαν
1428 4937 1592 4991 αὑτοῦ
1638 4938 1871 5008 μητέρα,

279 5027 367 5079 ὅτι
393 5024 469 5096 τῷ
511 5025 612 5096 μὲν
644 5025 759 5080 ὄντι
799 5027 940 5080 κατὰ
983 5028 1161 5098 σάρκα
1202 5030 1262 5093 ἐξ
1296 5029 1465 5099 αὐτῆς
1495 5030 1659 5094 αὐτὸς
1682 5029 1711 5080 6
1759 5029 1874 5083 Κύ-

282 5134 404 5189 ριος
463 5117 808 5189 γεγέννηται,
862 5118 948 5171 ἵνα
996 5119 1070 5190 μή
1110 5137 1195 5182 τις
1243 5120 1440 5192 νομίσῃ
1473 5121 1694 5192 δόκησιν
1737 5116 1874 5174 εἶναι

279 5211 384 5282 τὴν
432 5209 840 5281 πραγματείαν,
881 5210 976 5263 καὶ
1003 5211 1104 5262 οὐκ
1147 5211 1422 5281 ἀλήθειαν.
1470 5211 1530 5265 Εἰ
1564 5213 1640 5283 μή
1671 5212 1780 5284 γὰρ
1807 5209 1876 5283 ἦν

277 5301 448 5358 αὐτοῦ
483 5302 698 5367 άληθῶς
744 5303 926 5374 μήτηρ
974 5303 1114 5356 κατὰ
1169 5304 1348 5374 σάρκα
1386 5305 1638 5375 κυήσασα
1686 5306 1870 5369 αὐτὸν,

355 5465 373 5494 ¹
411 5462 468 5515 F.
496 5463 806 5535 δωδεκάτῳ.

907 5468 926 5496 ¹
957 5464 1016 5520 ι’.
1049 5464 1108 5516 ἐν
1144 5467 1211 5535 τῇ
1245 5467 1525 5541 Γαλιλαίᾳ.

278 5533 349 5588 26
385 5552 411 5590 s
429 5550 506 5606 ιιι.

1642 5467 1662 5498 ³
1695 5466 1826 5522 Luc.
1866 5482 1925 5534 II,
1952 5467 2039 5521 62.

1979 4572 2084 4630 set,
2112 4565 2297 4621 verbis
2320 4565 2431 4621 illis
2456 4565 2652 4624 affatus
2679 4578 2786 4635 est,
2812 4571 2892 4625 uti
2917 4581 3146 4628 matrem
3181 4573 3561 4631 honorandam

1977 4672 2102 4712 esse
2146 4666 2498 4715 monstraret.
2545 4660 2824 4732 Siquidem
2860 4678 2927 4719 ex
2966 4665 3059 4720 illa
3093 4663 3380 4730 Dominus,
3417 4669 3566 4738 quod

1978 4747 2047 4801 ad
2083 4763 2284 4820 corpus
2315 4749 2532 4816 attinet,
2576 4768 2765 4808 revera
2812 4763 2974 4810 natus
3012 4765 3116 4822 est,
3159 4773 3228 4812 ne
3271 4759 3396 4829 quis
3449 4759 3565 4814 ior-

1977 4847 2126 4894 tasse
2171 4847 2348 4894 totum
2382 4842 2785 4901 incarnationis
2829 4847 3109 4917 negotium
3149 4856 3303 4918 putet
3337 4857 3566 4907 externa

1978 4931 2191 5000 specie,
2243 4949 2352 4988 non
2405 4935 2638 4992 veritate
2687 4947 2965 4995 constare.
3022 4939 3235 5012 1043
3272 4940 3408 4997 Nam
3459 4943 3564 5000 nisi

1980 5040 2108 5080 vere
2149 5037 2323 5081 mater
2359 5027 2480 5097 ejus
2515 5029 2838 5098 exstitisset,
2875 5047 2903 5086 a
2937 5047 3303 5102 qua-carnem
3348 5049 3561 5107 accepe-

1979 5127 2084 5182 rat,
2119 5134 2350 5190 quaaque
2377 5120 2558 5191 ipsum
2587 5131 2894 5193 pepererat,
2919 5139 3028 5178 non
3063 5132 3272 5180 tantam
3303 5127 3350 5182 ei
3376 5141 3562 5181 curans

1980 5211 2303 5276 adhiberet,
2339 5220 2398 5267 ut
2437 5224 2756 5284 perpetuam
2799 5214 3078 5286 Virginem
3113 5218 3523 5274 commendaret
3552 5235 3568 5284 ;

1979 5318 2102 5372 quae
2130 5313 2185 5358 et
2217 5311 2392 5359 mater
2418 5305 2488 5359 ob
2516 5315 2833 5376 susceptum
2857 5321 2922 5362 ex
2965 5307 3085 5378 ipsa
3112 5323 3314 5379 corpus
3349 5307 3566 5374 fuisset,

2145 5467 2165 5498 ⁸
2189 5465 2324 5522 Luc.
2361 5482 2482 5532 vIII,
2504 5463 2596 5526 20.

2745 5469 2906 5524 Joan.
2936 5484 3034 5534 vII,
3053 5469 3108 5524 4.
3211 5469 3230 5500 ⁶
3257 5469 3420 5525 Joan.
3448 5483 3562 5536 xIx,

275 5668 414 5744 rami
458 5667 661 5744 prioris
699 5666 877 5744 {hujus
906 5666 1258 5744 edit.__aotum.
1290 5666 1338 5733 1,
1385 5667 1648 5744 co_l._275)_
1675 5712 1689 5736 ,
1733 5668 2044 5744 allirmavit,
2095 5663 2366 5724 Herodem
2397 5667 2696 5744 Agrippam
2735 5669 2926 5728 fuisse.
2969 5667 3094 5724 Fuit
3126 5649 3276 5725 enim.
3305 5668 3546 5728 Herodes

274 5737 511 5812 Antipas
536 5737 767 5794 Herodis
821 5737 998 5809 Magni
1039 5739 1204 5801 titius,
1249 5747 1308 5794 ut
1350 5738 1415 5793 ad
1446 5739 1599 5796 illum
1636 5741 1816 5798 locum
1855 5738 2203 5796 observatum
2229 5746 2335 5796 est.

565 5830 839 5890 Parem.
874 5831 990 5891 Gn.
1040 5830 1234 5891 λιιι.

3189 5833 3269 5892 23
