3964 6394
463 312 568 367 71⁸5

1840 314 1900 370 S.
1946 313 2287 371 EPiPll.\Nll
3587 325 3672 384 ἠε

461 437 516 486 et
546 428 616 483 ob
649 427 798 486 illius
851 427 1116 484 honorem
1148 436 1314 500 atque
1347 428 1671 486 admirabile
1700 432 1952 501 corporis
1976 434 2061 488 sui

2164 434 2262 486 οὑκ
2310 430 2378 486 ἂν
2415 431 2546 504 περὶ
2601 430 2772 504 αὐτῆς
2821 433 2920 506 τὴν
2973 434 3285 507 ἐπιμέλειαν
3327 438 3539 494 ἐποιεῖτο
3572 442 3589 474 ³
3629 445 3676 496 τὸ

461 536 560 576 vas
591 519 800 575 nullam
843 520 1018 576 labem
1050 520 1385 578 admisisset.
1423 521 1529 579 Sed
1579 523 1756 593 pergit
1802 521 2050 596 Evange-

463 611 622 674 lium,
660 621 736 677 et,
769 611 853 666 Ea:
883 613 1005 678 illa,
1042 614 1240 684 inquit,
1275 615 1361 670 die
1390 616 1588 684 accepit
1621 631 1739 669 eam
1757 615 2050 685 discipulus

465 707 536 759 ad
572 722 702 760 sese.
737 704 900 776 Atqui
936 706 980 760 si
1010 715 1066 761 et
1095 707 1270 762 virum
1303 708 1552 772 haberet,
1598 714 1654 762 et
1699 707 1947 774 domum,
1996 717 2051 762 et

465 797 689 863 liberos,
722 797 789 852 ad
830 811 929 853 sua
961 798 1167 869 potius,
1202 814 1369 870 quam
1402 801 1468 854 ad
1499 800 1742 856 alienum
1779 814 1903 856 sese
1927 814 2054 854 con-

463 887 650 944 ferret.

533 1058 627 1113 XI.
660 1058 864 1116 Vereor
895 1077 964 1116 ne
997 1061 1103 1119 hoc
1153 1063 1335 1134 ipsum
1379 1063 1528 1134 quod
1573 1063 1811 1120 dicimus
1873 1062 2053 1119 fraudi

467 1147 540 1202 sit
569 1149 871 1220 aliquibus,
907 1157 966 1205 ut
995 1152 1062 1206 ad
1099 1153 1526 1208 contubernales
1564 1167 1629 1207 ac
1659 1154 1887 1209 dilectas
1914 1169 2054 1225 quas

465 1249 670 1294 vocant
713 1241 946 1298 feminas
1009 1244 1323 1299 retinendas
1389 1243 1559 1314 (quod
1603 1259 1775 1314 genus
1817 1245 2057 1315 pessimo

470 1331 576 1386 sibi
611 1335 777 1388 animi
809 1349 994 1389 errore
1011 1335 1306 1389 machinati
1344 1336 1496 1406 sunt)
1527 1379 1541 1403 ,
1591 1335 1779 1391 fucum
1809 1337 1938 1392 inde
1964 1337 2059 1391 ali-

470 1437 634 1492 quem
685 1434 738 1478 et
766 1425 1003 1480 colorem
1036 1425 1337 1481 arcessisse
1365 1425 1678 1482 videantur.
1708 1424 1910 1481 Verum
1943 1427 2058 1481 illic

470 1521 622 1568 certa
676 1514 913 1584 quadam
977 1514 1336 1586 providentiae
1385 1517 1600 1572 ratione
1675 1515 2058 1573 administrata

471 1613 602 1662 sunt
628 1607 847 1672 omnia;
881 1607 956 1662 ita
972 1614 1031 1662 ut
1060 1614 1238 1662 totum
1271 1608 1377 1663 hoc
1409 1608 1688 1680 negotium
1723 1609 1793 1664 ab
1820 1609 2058 1682 aliorum

471 1697 742 1764 omnium,
778 1713 899 1770 quae
925 1714 989 1754 ex
1023 1698 1117 1755 Dei
1147 1699 1409 1755 mandato
1428 1699 1740 1770 praestanda
1756 1709 1908 1766 sunt,
1943 1700 2061 1756 ofﬁ-

2153 525 2492 599 παραδοῦναι
2523 527 2625 598 τὴν
2661 528 3066 600 Ἀειπάρθενον,
3099 531 3304 603 μητέρα
3332 533 3424 603 μὲν
3448 538 3680 603 γεγονυῖαν

2151 617 2239 671 διὰ
2288 618 2386 689 τὴν
2424 619 2766 689 οἰκονομίαν,
2811 619 3083 690 ἄχραντον
3129 624 3187 676 δὲ
3229 625 3312 679 διὰ
3342 625 3433 696 τὴν
3463 627 3581 698 πρὸς
3614 629 3684 682 τὸν

2154 709 2316 763 αὐτὸν
2354 711 2542 782 τιμὴν,
2573 712 2668 766 καὶ
2705 713 2766 765 τὸ
2814 712 3012 777 σκεῦος
3043 714 3104 768 τὸ
3133 715 3450 786 θαυμαστόν.
3476 719 3614 787 Λέγει
3640 721 3685 775 δὲ

2153 801 2214 854 τὸ
2230 802 2562 872 Εὑαγγέλιον
2584 820 2598 834 ·
2629 805 2741 858 Καὶ
2757 805 2876 859 ἀπὸ
2898 805 3010 874 τῆς
3029 806 3253 876 ἡμέρας
3281 809 3499 878 ἐκείνης
3512 811 3688 865 ἔλαϐον

2153 894 2347 961 αὐτὴν
2359 894 2508 961 πρὸς
2520 895 2756 950 ἑαυτόν.
2773 897 2836 949 El
2850 897 2906 950 δὲ
2921 892 3066 968 εῖχεν
3085 898 3270 970 ἄνδρα,
3290 901 3336 952 εί
3352 896 3485 970 εἶχεν
3499 898 3638 968 οἷκον,
3650 904 3687 955 εί

2157 979 2269 1054 εἶχε
2286 983 2470 1049 τέκνα,
2487 987 2566 1049 είς
2586 987 2656 1038 τὰ
2685 987 2792 1038 ῐδια
2805 986 3093 1058 ἀνεχώρει,
3116 989 3177 1040 οὑ
3195 989 3326 1062 πρὸς
3341 990 3426 1043 τὸν
3442 991 3689 1063 ἀλλότριον.

2227 1075 2331 1130 lA'.
2369 1075 2529 1130 Ἀλλὰ
2583 1076 2658 1148 μὴ
2697 1077 2860 1131 τοῦτο
2910 1082 3129 1151 στραφῇ
3160 1082 3234 1143 είς
3264 1080 3460 1154 βλάϐην
3489 1083 3554 1154 (l)
3579 1084 3686 1147 τισὶ,

2157 1163 2251 1216 καὶ
2277 1163 2502 1229 δόξωσιν
2550 1167 2608 1218 ἐν
2644 1165 2819 1237 τούτῳ
2872 1166 3174 1238 λαμϐάνειν
3213 1170 3495 1241 πρόφασιν,
3524 1188 3694 1225 aovato-

2157 1256 2360 1319 άκτους
2389 1257 2485 1309 καὶ
2503 1257 2796 1328 ὰγαπητὰς
2816 1259 3080 1312 ἐπικαλου
3089 1261 3254 1331 μένας
3286 1263 3488 1326 ἑαυτοῖς
3508 1265 3696 1317 ἐπινοεῖν

2155 1347 2243 1401 διὰ
2272 1349 2658 1420 κακομήχανον
2689 1349 2969 1405 ὑπόνοιαν.
2987 1352 3199 1406 Ἐκεῖσε
3217 1351 3324 1424 γάρ
3345 1353 3411 1406 τὰ
3445 1354 3696 1426 πράγματα

2160 1438 2424 1503 ἐτελεῖτο,
2481 1441 2602 1492 κατ’
2653 1441 2969 1513 οἰκονομίαν
3003 1442 3061 1495 δὲ
3101 1442 3439 1515 διῃρημένων
3465 1445 3562 1498 τῶν
3587 1463 3697 1517 πρα-

2159 1528 2388 1600 γμάτων
2416 1530 2526 1584 ἀπὸ
2552 1531 2654 1601 τῆς
2677 1531 2845 1602 ἄλλης
2863 1533 3081 1605 ἀπάσης
3108 1533 3250 1587 κατὰ
3280 1533 3410 1588 Θεὸν
3432 1534 3698 1608 ὀφειλούσης

2161 1619 2530 1689 φυλάττεσθαι
2555 1621 2865 1694 ἀκριϐείας.
2891 1624 3002 1678 Καὶ
3030 1625 3140 1696 γὰρ
3157 1625 3246 1679 ὅτε
3275 1625 3433 1679 τοῦτο
3462 1629 3700 1699 γεγένητο,

2161 1711 2256 1765 καὶ
2320 1712 2657 1784 παρείληφεν
2695 1713 2866 1786 αὐτὴν
2921 1715 3059 1788 πρὸς
3101 1716 3317 1782 ἑαυτὸν,
3360 1716 3532 1772 οὐκέτι
3592 1734 3702 1790 παρ-

473 1789 685 1845 ciorum
734 1790 852 1860 lege
880 1796 1029 1845 esset
1065 1803 1130 1844 ac
1174 1789 1508 1846 necessitate
1542 1788 1873 1860 sejunct'um.
1907 1790 2059 1848 Prae-

2164 1800 2348 1872 έμεινε
2369 1802 2498 1874 παρ’
2519 1803 2686 1874 αὐτῷ.
2706 1803 2867 1858 Ἀλλὰ
2887 1805 2982 1858 καὶ
3002 1806 3052 1858 εί
3067 1805 3286 1859 δοκοῦσί
3305 1823 3444 1871 τινες
3467 1788 3704 1876 ἐσφάλθαι,

478 1887 626 1936 terea
661 1889 1020 1952 posteaquam
1063 1879 1198 1936 illud
1244 1881 1319 1935 ita
1366 1888 1581 1952 gestum
1622 1890 1730 1948 est,
1759 1891 1815 1938 et
1842 1884 1909 1939 ad
1941 1900 2062 1941 sese

474 1969 626 2023 illam
657 1969 894 2040 accepit,
927 1984 1033 2023 non
1064 1969 1300 2039 amplius
1347 1970 1492 2040 apud
1531 1971 1711 2042 ipsum
1735 1973 2060 2042 permansit.

475 2059 635 2127 Quod
687 2060 736 2115 si
787 2061 929 2115 falso
957 2060 1156 2130 jactari
1190 2061 1464 2131 quispiam
1499 2077 1530 2116 a
1562 2062 1722 2118 nobis
1759 2063 2060 2133 existimet,

475 2151 605 2209 licet
650 2165 936 2206 sacrarum
994 2149 1332 2205 Litterarum
1381 2153 1612 2223 vestigia
1647 2153 1980 2218 consectari,
2006 2154 2063 2209 in

475 2241 681 2314 quibus
713 2241 922 2296 nullam
940 2240 1008 2296 de
1042 2240 1226 2296 Mariae
1257 2242 1410 2298 obitu
1439 2243 1771 2300 mentionem
1807 2247 2062 2315 reperiet,

475 2343 692 2389 mortua
719 2332 792 2387 sit
848 2347 1045 2399 necne,
1083 2333 1301 2403 sepulta
1351 2348 1422 2388 an
1461 2348 1574 2389 non
1628 2336 1845 2405 sepulta
1877 2334 2061 2390 fuerit.

474 2423 556 2477 Ac
613 2437 738 2476 cum
779 2418 1023 2490 Joannes
1063 2421 1284 2476 interim
1334 2424 1392 2478 in
1443 2422 1630 2478 Asiam
1660 2423 1944 2494 profectus
1971 2427 2062 2491 sit,

475 2527 750 2584 nusquam
781 2521 961 2570 tamen
991 2512 1051 2569 Β.
1100 2511 1382 2584 Virginem
1420 2513 1636 2571 itineris
1673 2517 1928 2573 comitem
1978 2533 2068 2575 se-

475 2617 603 2658 cum
628 2604 783 2658 illum
816 2605 1079 2661 habuisse
1107 2603 1416 2676 significat;
1449 2603 1545 2660 sed
1570 2605 1639 2662 de
1665 2621 1730 2661 ea
1756 2623 1817 2664 re
1846 2610 2066 2679 penitus

479 2694 767 2765 Scriptura
797 2696 1140 2763 conticescit,
1175 2696 1228 2751 id
1255 2695 1400 2768 quod
1434 2707 1656 2769 propter
1683 2699 2067 2762 admirationis

475 2785 878 2840 vehementiam
904 2784 1112 2840 factum
1143 2785 1407 2850 arbitror,
1433 2801 1501 2839 ne
1531 2786 1819 2842 hominum
1850 2791 2066 2848 animos

477 2877 743 2948 majorem
778 2877 1070 2947 quemdam
1137 2877 1195 2932 in
1246 2885 1528 2947 stuporem
1589 2879 1915 2950 conjiceret.
1951 2881 2066 2954 Ego

477 2965 623 3021 enim
647 2966 1012 3036 pronuntiare
1056 2965 1189 3022 illud
1212 2982 1429 3034 vereor,
1471 2975 1526 3023 et
1560 2969 1727 3024 tacita
1783 2971 1930 3042 apud
1977 2988 2066 3030 me

479 3059 813 3130 cogitatione
841 3069 1104 3130 reputans
1135 3061 1270 3116 mihi
1310 3062 1589 3118 silentium
1618 3063 1823 3121 indico.
1851 3065 2065 3139 Quippe

2165 1891 2446 1964 ζητήσωσι
2470 1892 2538 1947 τὰ
2575 1893 2698 1964 ἴχνη
2729 1893 2840 1948 τῶν
2876 1895 3135 1968 Γραφῶν,
3164 1896 3260 1949 καὶ
3290 1895 3514 1969 εὕρωσιν
3535 1897 3593 1952 ἂν
3610 1895 3708 1951 οὔτε

2165 1984 2396 2040 θάνατον
2456 1987 2696 2058 Μαρίας,
2754 1986 2882 2042 οὑτε
2939 1991 2989 2042 εί
3057 1987 3347 2061 τέθνηκεν,
3391 1988 3512 2043 οὔτε
3556 1992 3600 2044 εί
3651 1989 3710 2061 μὴ

2161 2077 2460 2151 τέθνηκεν’
2495 2077 2621 2133 οὗτε
2667 2080 2716 2132 εί
2773 2079 3066 2144 τέθαπται,
3101 2079 3228 2135 οὔτε
3277 2083 3326 2136 εί
3362 2082 3435 2155 μὴ
3465 2082 3708 2138 τέθαπται.

2079 2227 2082 2229 λ
2165 2169 2361 2224 Καίτοι
2389 2187 2454 2240 γε
2481 2170 2578 2226 τοῦ
2617 2171 2868 2226 Ἰωάννου
2902 2173 3032 2244 περὶ
3061 2171 3161 2245 τὴν
3202 2175 3388 2229 Ἀσίαν
3413 2175 3711 2246 ἐνστειλαμέ·

2166 2278 2258 2314 νου
2285 2261 2384 2333 τὴν
2409 2262 2638 2332 πορείαν
2664 2278 2678 2293 ’
2715 2264 2810 2317 καὶ
2839 2263 3082 2336 οὐδαμοῦ
3127 2265 3303 2335 λέγει,
3331 2267 3412 2320 ὅτι
3449 2266 3712 2338 ἐπηγάγετο

2170 2351 2290 2424 μεθ’
2319 2353 2513 2408 ἑαυτοῦ
2553 2354 2655 2426 τὴν
2700 2355 2862 2424 ἁγίαν
2895 2355 3204 2428 Παρθένον·
3237 2358 3358 2412 ἀλλ’
3385 2358 3559 2421 ἁπλῶς
3585 2357 3713 2411 ἐσιὼ-

2174 2459 2352 2515 πησεν
2382 2446 2416 2515 ἡ
2440 2444 2632 2516 Γραφὴ
2653 2445 2744 2499 διὰ
2771 2445 2834 2498 τὸ
2857 2445 3197 2518 ὑπερϐάλλον
3219 2447 3316 2501 τοῦ
3354 2448 3628 2519 θαύματος,
3648 2448 3716 2500 ἵνα

2173 2534 2249 2605 μὴ
2281 2536 2363 2599 είς
2392 2534 2656 2607 ἔκπληξιν
2683 2538 2869 2609 ἀγάγῃ
2896 2537 2995 2609 τὴν
3026 2538 3268 2593 διάνοιαν
3298 2540 3404 2592 τῶν
3430 2539 3698 2611 ἀνθρώπων

2182 2624 2329 2697 Ἐγὼ
2352 2626 2461 2698 γὰρ
2505 2629 2567 2681 οὑ
2605 2628 2791 2700 τολμῶ
2833 2629 3035 2699 λέγειν,
3064 2630 3203 2686 ἀλλὰ
3227 2631 3592 2702 διανοούμενος
3623 2647 3721 2684 σιω-

2168 2718 2276 2790 πὴν
2324 2718 2499 2772 ἀσκῶ.
2561 2719 2714 2792 Τάχα
2771 2723 2879 2794 γάρ
2925 2739 3029 2776 που
3080 2724 3174 2777 καὶ
3223 2724 3350 2796 ἴχνη
3404 2724 3616 2796 εὕρομεν
3638 2723 3718 2792 τῆς

2167 2808 2330 2878 ἁγίας
2364 2809 2580 2882 ἐκείνης
2605 2813 2701 2865 καὶ
2733 2815 3032 2885 μακαρίας,
3061 2814 3138 2879 ὡς
3163 2811 3290 2868 οὔτε
3323 2816 3498 2888 εὑρεῖν
3524 2815 3625 2868 ἐστι
3645 2812 3719 2867 τὸν

2169 2899 2401 2957 θάνατον
2432 2903 2621 2975 αὐτῆς.
2658 2904 2743 2976 lli]
2787 2905 2885 2970 μὲν
2925 2906 3034 2979 γὰρ
3071 2908 3099 2960 ὁ
3129 2906 3360 2978 Συμεὼν
3408 2909 3592 2978 ᾳάσκει
3618 2907 3721 2978 περὶ

2169 2992 2507 3064 αὑτῆς-Καί
2556 2995 2674 3050 σοῦ
2724 2995 2915 3066 αὐτῆς
2968 2997 3085 3065 τὴν
3125 2997 3346 3068 ψυχὴν
3395 2999 3721 3054 διελεύσεται

2159 3089 2453 3159 ῥομφαία,
2491 3089 2654 3158 ὅπως
2679 3091 3201 3162 ἀποκαλυφθῶσιν
3226 3093 3302 3148 ἐκ
3350 3093 3585 3149 πολλῶν
3605 3108 3721 3160 uap-

479 3151 629 3207 liaud
661 3153 780 3208 scio
809 3167 877 3207 an
895 3154 963 3209 de
995 3155 1349 3211 sanctissima
1375 3156 1465 3210 illa
1500 3171 1566 3212 ac
1595 3157 1917 3216 beatissima
1942 3159 2062 3216 Vir-

2164 3148 2316 3234 es;
2343 3148 2728 3252 διαζιοτισξιοι
2759 3199 2775 3214 ο
2807 3148 3088 3256 πὴδεῖεῆς
3131 3185 3548 3256 Ἀποκαλὺψεως
3579 3148 3721 3240 Ίωάν·

475 3244 608 3314 gine
659 3244 898 3300 obscura
952 3244 1202 3316 quaedam
1259 3246 1494 3302 inveniri
1546 3250 1774 3323 vestigia
1829 3253 2066 3324 possint,

477 3351 601 3406 quae
665 3337 935 3393 incertam
996 3339 1156 3395 nobis
1197 3339 1343 3396 illius
1393 3341 1588 3396 mortis
1632 3341 1794 3399 ﬁdem
1840 3344 2065 3403 faciant.

477 3427 612 3484 Nam
646 3444 710 3484 ex
743 3444 848 3484 una
873 3439 1028 3501 parte
1058 3431 1193 3488 illud
1228 3434 1499 3499 occurrit,
1537 3435 1684 3505 quod
1707 3435 1776 3492 de
1816 3437 1908 3492 illa
1941 3455 2071 3510 pro-

477 3517 698 3572 nuntiat
727 3536 739 3572 :
779 3521 849 3572 Et
897 3529 1044 3572 tuam
1076 3520 1242 3589 ipsius
1275 3521 1514 3576 animam
1557 3524 1801 3591 pervadat
1829 3526 2067 3598 gladius,

477 3617 536 3661 ut
579 3616 882 3680 retegantur
928 3625 993 3664 ea:
1039 3611 1330 3666 multorum
1374 3613 1619 3669 cordibus
1650 3618 1998 3687 cogitationes
2026 3622 2066 3676 ³.

479 3699 716 3755 Aliunde
751 3715 881 3755 vero
913 3701 968 3755 in
1001 3702 1333 3774 Apocalypsi
1364 3704 1598 3763 Joannis
1637 3707 1891 3780 legimus,
1941 3710 2072 3768 dra-

478 3803 671 3844 conem
702 3790 968 3846 adversus
998 3792 1284 3849 mulierem
1329 3809 1682 3866 properasse,
1713 3815 1834 3870 qua:
1860 3817 2068 3859 marem

477 3888 766 3949 pepererat
796 3897 808 3932 :
833 3889 887 3937 et
914 3881 1073 3938 datas
1097 3884 1146 3938 ei
1177 3899 1301 3941 esse
1325 3901 1533 3956 pennas
1556 3890 1774 3960 aquilae,
1805 3899 1860 3948 et
1887 3901 2073 3954 trans-

478 3973 647 4026 latam
676 3987 799 4029 esse
848 3973 906 4029 in
933 3973 1233 4042 desertum,
1258 3992 1330 4033 ne
1367 3993 1486 4033 eam
1514 3979 1682 4036 draco
1707 3986 2071 4055 comprehen-

479 4063 635 4119 deret
655 4065 699 4120 ¹.
732 4065 892 4133 Quod
929 4065 1152 4137 quidem
1180 4068 1235 4123 in
1272 4069 1366 4124 illa
1393 4085 1518 4128 esse
1550 4081 1734 4142 potest
1762 4075 2066 4148 impletum.

478 4155 806 4227 Quanquam
856 4158 994 4214 illud
1057 4175 1166 4216 non
1229 4161 1440 4220 afﬁrmo
1477 4167 1727 4236 penitus;
1762 4184 1940 4242 neque
1978 4183 2072 4229 aut

479 4249 843 4306 immortalem
887 4265 1274 4321 perseverasse
1299 4253 1527 4324 deﬁnio,
1564 4264 1659 4312 aut
1684 4267 1871 4316 utrum
1918 4277 2071 4319 mor-

475 4350 571 4398 tua
597 4343 667 4399 sit
693 4342 1025 4400 confirmare
1045 4360 1295 4415 possum.
1329 4346 1544 4420 Quippe
1572 4347 1859 4423 Scriptura
1888 4369 2066 4424 sacra,

474 4437 678 4493 mentis
712 4437 968 4493 humanae
1006 4438 1221 4512 1044
1253 4453 1474 4513 captum
1497 4451 1914 4518 praetergressa,
1950 4466 2066 4507 rem

475 4528 531 4584 in
565 4529 774 4586 incerto
820 4532 1066 4605 reliquit,
1101 4542 1328 4605 propter
1361 4550 1461 4593 vas
1510 4537 1645 4592 illud
1689 4542 1953 4597 eximium
2002 4559 2068 4601 ac

474 4629 767 4690 praestans,
793 4637 861 4679 ne
881 4625 1009 4694 quis
1039 4626 1225 4680 carnis
1250 4627 1530 4697 propriam
1567 4630 1735 4686 ullam
1755 4633 1808 4688 ei
1849 4633 2071 4690 foedita-

475 4717 582 4765 tem
606 4714 868 4770 ascribat.
899 4714 1028 4770 Sive
1053 4713 1223 4785 igitur
1245 4725 1462 4772 mortua
1490 4719 1585 4787 sit,
1615 4721 1919 4790 nescimus,
1953 4725 2070 4782 sive

475 4805 799 4874 consepulta
827 4807 921 4873 sit,
950 4821 1062 4862 non
1089 4813 1272 4863 tamen
1306 4809 1474 4864 ullam
1498 4818 1584 4867 est
1621 4813 2066 4885 coniunctionem

547 4954 566 4985 ί
590 4952 723 5012 Luc.
759 4974 820 5025 ιι,
847 4957 938 5015 35.
1016 4961 1037 4993 ³
1063 4960 1236 5032 Apoc.
1277 4977 1376 5028 XII,
1405 4962 1473 5018 15
1494 4979 1616 5036 sqq.

546 5115 624 5198 (ί)
669 5117 856 5198 una
879 5121 966 5188 μὴ
1003 5123 1182 5178 τοῦτο
1234 5123 1477 5198 στραφῇ
1519 5129 1607 5194 είς
1627 5127 1891 5198 βλάϐην.
1934 5131 2067 5184 Συνο

475 5186 784 5252 εισάκτους,
829 5186 935 5244 hac
954 5186 1050 5246 est
1079 5186 1505 5253 contubérnblés
1533 5186 1860 5254 clericorum
1901 5200 2062 5256 femi-

473 5271 597 5322 nas,
639 5273 777 5333 qups
814 5268 1095 5333 extraneas
1134 5261 1314 5320 Latini
1350 5277 1571 5333 vocant,
1603 5269 1936 5326 damnarunt
1968 5289 2063 5328 ve-

472 5333 618 5408 getes
787 5343 851 5408 ac
882 5331 1082 5408 szepius
1109 5341 1322 5391 veteres
1354 5325 1582 5408 synodi;
1615 5348 1673 5393 ut
1695 5325 2060 5398 Nicaenacan.

476 5396 546 5476 ζῇ
579 5396 1036 5476 Carthaginiensis
1069 5416 1292 5476 m,ca_n.
1339 5396 1441 5472 1'7;
1483 5396 1820 5467 Arelatensis
1861 5396 2058 5476 πρῶ.

472 5467 577 5532 42,
609 5463 844 5524 Basilius
879 5463 1054 5540 Epist.
1089 5473 1158 5525 ad
1194 5473 1375 5540 στερη
1419 5463 1540 5540 quae
1570 5463 1832 5536 canonica
1862 5463 2060 5537 ξ’ἰιξιῑέ

474 5550 1000 5622 sam'one‘censetur,
1046 5543 1385 5622 pnag..102‘20;
1422 5543 1762 5605 Antiochena
1790 5554 2058 5622 synodus

476 5604 542 5689 ipL
567 5604 807 5672 Epistola
847 5604 1289 5689 count-Brittium
1330 5604 1624 5684 Simmsah,
1659 5604 2053 5689 apud‘dl‘juvseb:

477 5670 571 5726 lib.
601 5670 696 5760 vi},
737 5695 858 5763 cap.
892 5681 1011 5763 24:_
1029 5682 1138 5763 Τάς
1173 5670 1642 5763 δέμσυνεισάκτοὺξ
1669 5670 1836 5763 αὑτοῦ
1867 5670 2058 5763 γὺναίί

474 5757 601 5804 κας,
635 5749 709 5807 ὼς
747 5749 1039 5821 ’Λντιοχεῖς
1058 5752 1405 5825 ὀνομάζουσι,
1437 5766 1544 5816 etc.
1577 5749 1808 5816 Easdem
1841 5749 1896 5818 ei
1924 5765 2062 5820 insc-

1719 4965 1740 4998 ³
1771 4983 1862 5036 γρ.
1894 4969 2132 5040 ἐμποιεῖ.

2169 3288 2262 3326 νου
2324 3271 2664 3344 φασκούσης,
2705 3273 2786 3328 ὅτι
2820 3275 2917 3328 καὶ
2963 3275 3222 3330 ἔσπευδεν
3251 3279 3282 3331 ὁ
3313 3278 3521 3349 δράκων
3547 3279 3630 3332 ἐπὶ
3647 3277 3724 3347 τήν

2169 3364 2411 3432 γυναῖκα
2461 3365 2561 3434 τὴν
2618 3367 2961 3438 γεννήσαςαν
2996 3367 3086 3421 τὸν
3125 3368 3358 3440 ἄρρενα,
3387 3371 3478 3424 καὶ
3505 3369 3724 3439 ἐδόθησαν

2169 3454 2308 3526 αὑτῇ
2340 3453 2613 3527 πτέρυγες
2659 3457 2843 3523 ἀετοῦ,
2893 3460 2990 3514 καὶ
3036 3459 3247 3532 ἐλήφθη
3297 3464 3382 3526 εἰς
3411 3461 3505 3534 τὴν
3534 3461 3723 3534 ἔρημον,

2169 3545 2318 3610 ὅπως
2346 3545 2412 3600 ἂν
2441 3545 2516 3618 μὴ
2548 3546 2687 3622 λάϐῃ
2725 3549 2896 3622 αὐτὴν
2931 3551 2960 3604 ὁ
2991 3551 3230 3624 δράκων.
3257 3553 3415 3625 Τάχα
3453 3555 3512 3608 δέ
3537 3554 3725 3608 δύναται

2171 3637 2258 3690 ἐπ’
2295 3638 2432 3710 αὐτῇ
2475 3639 2815 3712 πληροῦσθαι
2838 3657 2853 3674 ο
2881 3643 2941 3695 οὐ
2973 3643 3192 3708 πάντως
3217 3643 3277 3698 δέ
3311 3647 3560 3718 ὁρίζομαι
3577 3643 3722 3708 τοῦτο,

2170 3729 2266 3782 καὶ
2297 3730 2360 3783 οὐ
2388 3729 2552 3800 λέγω,
2586 3732 2669 3786 ὅτι
2695 3731 2966 3798 ἀθάνατος
3007 3734 3223 3806 ἔμεινεν
3243 3750 3258 3765 ⁶
3295 3737 3413 3792 ἀλλ’
3437 3738 3556 3792 οὔτε
3573 3735 3723 3790 διαϐεο

2171 3818 2432 3892 ϐαιοῢμαι
2474 3825 2524 3876 εί
2571 3823 2851 3894 τέθνηκεν.
2889 3825 3224 3898 Ὑπερέϐαλε
3256 3832 3370 3901 γὰρ
3398 3831 3432 3901 ἠ
3463 3826 3726 3900 Γραφὴτὺν

2171 3910 2294 3964 νοῦν
2319 3911 2413 3966 τὸν
2450 3911 2814 3982 ἀνθρώπινον,
2851 3916 2945 3970 καὶ
2977 3918 3036 3970 ἐν
3066 3917 3333 3992 μετεώρῳ
3367 3921 3534 3987 εἴασε,
3563 3917 3641 3972 διὰ
3679 3915 3726 3968 τδ

2173 4001 2367 4068 σκεῦος
2410 4003 2471 4058 τὸ
2522 4004 2703 4076 τίμιον
2761 4006 2857 4061 καὶ
2910 4005 3246 4079 ἐξοχώτατον
3270 4026 3286 4042 ο
3341 4011 3429 4065 ἵνα
3479 4012 3548 4083 μή
3587 4026 3659 4073 τις
3677 4008 3726 4060 ἐν

2172 4093 2400 4167 ὑπονοίᾳ
2425 4094 2650 4166 γένηται
2706 4097 2838 4170 περὶ
2867 4097 3040 4170 αὐτῆς
3070 4100 3356 4173 σαρκικῶν
3397 4100 3722 4172 πραγμάτων.

2171 4183 2289 4237 Κάν
2325 4199 2384 4236 τε
2408 4179 2499 4240 οὖν
2524 4183 2810 4254 τέθνηκεν,
2840 4186 2939 4240 οὐκ
2961 4186 3212 4260 ἔγνωμεν
3239 4207 3255 4222 ·
3287 4191 3382 4244 καὶ
3408 4193 3456 4245 εί
3477 4191 3725 4248 τέθαπται,

2171 4274 2232 4328 οὺ
2253 4275 2525 4346 συνῆπται
2548 4277 2730 4347 σαρκί·
2755 4277 2830 4349 μὴ
2851 4279 3060 4348 γένοιτο
3083 4283 3096 4336 l
3120 4282 3220 4346 Τίς
3244 4281 3303 4336 δὲ
3336 4282 3725 4356 φρενοϐλάϐειαν

2172 4365 2350 4437 ἐαυτῷ
2382 4367 2707 4438 συναγαγὼν
2742 4369 2960 4442 θελήσει
2987 4373 3260 4444 ἐνσκῆψαι
3292 4375 3604 4446 β).άσφημόν
3631 4387 3728 4425 τινα

2173 4456 2454 4525 ὑπόνοιαν,
2490 4459 2583 4512 καὶ
2629 4461 2842 4533 ἀπᾶραι
2865 4462 2885 4493 ⁵
2917 4463 3112 4535 στόμα,
3142 4466 3382 4536 χαλάσαι
3411 4485 3470 4520 τε
3495 4466 3724 4536 γλῶτταν,

2181 4548 2376 4604 διελεῖν
2404 4550 2462 4605 δὲ
2511 4551 2666 4624 χείλη
2705 4555 2770 4607 ἐκ
2795 4553 3033 4620 διανοίας
3064 4557 3281 4628 κακῆς;
3324 4559 3525 4629 μᾶλλον
3556 4557 3608 4611 δὲ
3628 4550 3728 4610 ἀντὶ

2172 4638 2359 4711 ὓμνων
2405 4643 2500 4697 καὶ
2540 4643 2698 4716 δόξης
2725 4643 2912 4715 ὕϐρεις
2956 4647 3109 4712 τινὰς
3139 4650 3401 4717 ἐπινοεῖν,
3432 4650 3523 4705 καὶ
3546 4651 3728 4719 ἐμπαρ-

2168 4735 2331 4786 οινείν
2396 4734 2478 4799 εἰς
2534 4734 2634 4806 τὴν
2675 4736 2836 4805 ἁγίαν
2879 4737 3175 4810 Παρθένον,
3231 4743 3328 4796 καὶ
3377 4742 3454 4814 μὴ
3485 4741 3638 4812 τιμᾷν
3677 4733 3727 4788 τὸ

2170 4825 2537 4895 τετιμημένον
2563 4825 2760 4892 σκεῦος
2787 4845 2803 4896 ;

2211 4973 2234 5005 ‘
2257 4971 2320 5029 F.
2343 4975 2567 5047 ἐπᾶραι.

2177 5135 2368 5215 quitur
2387 5145 2574 5193 noster
2605 5137 2815 5215 inbaer.
2853 5156 3008 5206 LXIII,
3034 5156 3090 5197 n.
3120 5141 3187 5197 2:
3223 5144 3334 5215 Tag
3361 5142 3638 5215 ἀγαπητὰς
3660 5140 3730 5194 λε-

2172 5207 2414 5286 γομένας
2440 5211 2851 5287 ’συνεισάκτομς
2896 5215 3180 5287 γυναῖκας.
3228 5207 3585 5287 ΙλΙίεΓοιὶγιιιίιε
3627 5227 3729 5287 pas-

2172 5277 2296 5354 siur
2333 5277 2611 5354 traducit:
2647 5282 2895 5354 maxime
2909 5277 2925 5354 ί
2954 5283 3022 5337 ad
3068 5277 3721 5354 Eustocliium'epist._fﬁ_:

2172 5343 2324 5422 Uade
2357 5349 2412 5401 in
2451 5349 2720 5422 Ecclesias
2753 5353 3110 5422 Agapitarum
3144 5358 3306 5422 pestis
3347 5343 3584 5408 intro-iit?
3605 5351 3729 5405 Unde

2170 5418 2284 5470 sine
2315 5419 2514 5499 nuptiis
2547 5422 2696 5474 aliud
2743 5418 2932 5499 no'men
2965 5418 3233 5499 uxorum?
3271 5429 3371 5499 i_n_w
3398 5425 3726 5499 Auudennoauut

2169 5488 2583 5560 concubinarum
2610 5508 2771 5560 genus
2789 5496 2815 5548 ?
2842 5494 3094 5549 Cavenda
3121 5511 3250 5548 vero
3281 5495 3499 5549 Mariani
3528 5489 3724 5547 Victorii

2168 5557 2756 5636 adnliuncllieronymi
2790 5565 2967 5636 locum
2996 5565 3328 5628 observatio,
3359 5567 3451 5636 qui
3486 5566 3725 5636 Agape!as

2168 5626 2560 5705 a_Christianis
2589 5626 2881 5699 conviviis,
2915 5649 3053 5705 quas
3083 5626 3622 5702 ὰγάπαςήιιόιιιὶιιεῖιί,
3642 5630 3725 5688 de-

2169 5697 2377 5757 rivatas
2408 5710 2631 5769 censet;
2667 5706 2810 5775 quod
2853 5697 2948 5763 est'
2971 5697 3286 5766 ridiculum.
