3964 6412
310 375 425 434 ’117
848 376 1218 435 ADVERSUS
1255 374 1597 433 HERESES
1633 372 1763 431 LIB.
1807 373 1891 429 III.

2023 372 2102 429 Μ.
2144 372 2301 430 II.—
2337 371 2614 430 HERES.
2651 371 2938 430 LXXVIII.
3474 369 3578 422 7l8

313 489 568 562 corporis
592 497 814 561 experta
855 507 870 544 :
905 493 1050 548 absit
1074 498 1132 548 ut
1157 492 1289 547 illud
1312 491 1723 547 existimemus!
1769 486 1906 561 Quis
1944 495 2030 544 est
2055 500 2263 554 autem,
2299 489 2393 559 qui
2425 487 2665 544 furerem
2719 486 2821 544 sibi
2851 492 2907 542 et
2962 482 3238 541 insaniam
3272 479 3577 542 asciseens,

315 588 526 636 tantam
555 581 726 638 beata
763 580 971 653 Virgini
997 583 1385 637 contumeliam
1410 582 1538 638 velit
1575 581 1880 650 imponere,
1919 585 1976 634 et
2003 593 2068 633 os
2093 595 2254 636 suum
2287 579 2553 635 adversus
2583 578 2731 633 illam
2787 576 3056 641 attollere,
3085 576 3270 632 laxare
3312 573 3578 644 linguam.

317 671 391 727 ad
427 671 739 742 pestiferam
775 673 922 728 illam
987 673 1449 743 pronuntiandam
1521 672 1852 727 sententiam
1923 671 2078 725 labra
2125 671 2422 735 diducere,
2479 685 2580 741 pro
2630 668 2887 724 laudibus
2947 683 3013 723 ac
3055 666 3342 739 praeconiis
3380 664 3581 738 probra

316 764 791 833 contumeliasque
821 765 1188 828 comminisci,
1231 770 1597 820 sacrosanctae
1634 763 1902 820 insultare
1944 762 2191 835 Virgini,
2264 777 2364 818 vas
2430 761 2565 817 illud
2605 761 2841 831 denique
2867 760 3018 816 omni
3080 760 3291 816 honore
3345 758 3581 830 dignum

316 854 474 909 nullo
501 854 704 908 honore
736 867 964 922 prorsus
1001 853 1257 909 afﬁcere?

395 944 491 998 IB'.
528 944 594 996 EI
615 943 672 996 δὲ
696 943 790 996 καὶ
811 943 921 997 ἀπὸ
949 943 1115 1014 ἄλλης
1139 943 1283 1007 τινὸς
1312 942 1546 1014 θεωρίας
1583 944 1689 1015 χρὴ
1725 942 1912 999 λαϐεῖν

2085 942 2202 998 XII.
2221 943 2376 1011 Quod
2409 943 2456 1000 si
2485 951 2540 999 et
2557 943 2779 1000 aliunde
2808 943 3047 1000 rationes
3070 942 3373 1001 transferre
3399 944 3582 1007 liceat,

316 1036 393 1090 τὰ
451 1035 774 1106 πράγματα,
812 1034 1228 1107 ψηλαφήσωμεν
1259 1035 1354 1088 καὶ
1392 1034 1753 1104 φυσιολογιῶν
1784 1035 1910 1105 σχέ-

319 1143 460 1189 σεις.
503 1126 640 1180 Φασὶ
691 1125 792 1197 τὴν
845 1125 1065 1179 λέαιναν
1107 1125 1184 1195 (2)
1241 1124 1317 1196 μὴ
1350 1125 1557 1179 τίκτειν
1607 1124 1750 1197 πλὴν
1781 1127 1911 1196 μιᾶς

318 1218 562 1289 γαστρὸς
587 1217 774 1289 μόνης.
805 1217 990 1287 Ἔχειν
1021 1217 1078 1270 δὲ
1102 1215 1200 1288 τὴν
1223 1218 1402 1272 αἰτίαν
1422 1217 1654 1273 τοιάνδε’
1681 1217 1754 1272 Τὸ
1773 1217 1912 1282 ζῶον

325 1313 435 1382 μὲν
467 1311 582 1364 ἐστι
611 1309 962 1382 τραγότατον,
994 1310 1250 1381 χαρωπδν
1273 1310 1428 1380 δὲτῷ
1459 1299 1611 1375 εῖδει,
1650 1310 1911 1382 ἐμϐριθέ-

324 1419 526 1456 στατον
571 1404 636 1472 τῇ
690 1402 851 1473 ἀλκῇ,
909 1401 986 1463 ὼς
1049 1403 1248 1466 εἰπεῖν,
1287 1401 1716 1472 βασιλικώτατον
1755 1402 1913 1471 γένος

317 1495 420 1548 ἐπὶ
445 1493 514 1546 τὰ
539 1493 676 1548 ἄλλα
692 1492 829 1558 ζῶα.
861 1494 1047 1564 Ἕχειν
1078 1493 1135 1547 δὲ
1167 1493 1266 1565 τὴν
1296 1493 1561 1565 σύλληψιν
1583 1495 1644 1562 ἐξ
1673 1494 1790 1558 ἑνὸς
1818 1511 1914 1547 συ-

318 1586 512 1655 ζύγου,
545 1585 718 1638 τελεῖν
739 1585 796 1639 δὲ
817 1586 878 1639 τὸ
907 1585 1378 1657 καταϐαλλόμενον
1415 1587 1646 1658 σπέρμα
1677 1585 1913 1652 είκοσιὲξ

322 1679 506 1750 μῆνας
563 1681 621 1733 ὲν
661 1681 728 1749 τῇ
765 1679 920 1749 νηδύϊ
939 1695 954 1711 ο
991 1678 1133 1732 ὥστε
1159 1679 1252 1732 τὸν
1273 1678 1515 1750 σκύμνον
1547 1679 1694 1736 ἔνδον
1720 1681 1813 1734 ἐπὶ
1835 1697 1917 1733 τε·

319 1771 579 1842 λειότητα
637 1771 896 1842 φέρεσθαι
935 1771 1022 1825 διά
1065 1772 1158 1825 τὸν
1181 1773 1395 1844 χρόνον,
1427 1773 1509 1837 είς
1543 1772 1606 1828 τὸ
1657 1773 1753 1826 καὶ
1787 1772 1915 1837 τοὺς

321 1863 538 1928 πάντας
589 1863 809 1928 ὀδόντας
867 1863 1012 1934 ἔχειν
1065 1863 1190 1936 ἤδη,
1217 1865 1349 1937 πρὶν
1383 1865 1417 1937 ἥ
1453 1867 1517 1919 ὲκ
1541 1866 1641 1936 τῆς
1674 1864 1915 1938 γαστρὸς

322 1955 602 2028 προέλθοι,
632 1955 727 2008 καὶ
755 1955 882 2019 τοὺς
924 1955 1124 2027 ὄνυχας
1157 1959 1216 2009 ὲν
1249 1956 1437 2027 ἡλικίᾳ
1482 1957 1750 2028 στασίμῳ,
1788 1958 1915 2020 τούς

319 2066 390 2102 τε
421 2047 824 2111 πασσαλίσκους
866 2046 1259 2118 καλουμένους,
1311 2048 1405 2101 καὶ
1448 2047 1790 2116 κυνόδοντας,
1815 2048 1915 2112 τάς

318 2159 389 2195 τε
421 2140 615 2212 μύλας,
648 2140 744 2194 καὶ
788 2138 858 2193 τὰ
907 2129 1064 2204 ἄλλα,
1104 2140 1206 2192 ὅσα
1247 2138 1496 2212 περίεστι
1531 2140 1609 2210 τῷ
1638 2136 1780 2209 ζώῳ.
1825 2138 1915 2192 Ἐν

318 2231 406 2304 τῷ
439 2227 530 2286 οὖν
555 2228 694 2286 εἶναι
728 2231 892 2284 αὐτὸν
936 2231 996 2284 έν
1028 2234 1096 2303 τῇ
1131 2229 1311 2304 κοιλίᾳ
1338 2231 1395 2284 ὲν
1417 2233 1540 2294 ταῖς
1569 2231 1911 2303 σκιρτήσεσι,

318 2322 574 2394 κινήσεσί
601 2340 662 2376 τε
716 2323 946 2387 καὶτοῖς
966 2321 1147 2386 ἄλλοις
1188 2323 1407 2394 τρόποις
1439 2323 1528 2376 διὰ
1569 2323 1678 2377 τῶν
1705 2322 1912 2394 ὀνύχων

321 2415 640 2485 κατασπᾷν,
670 2412 812 2480 ξέειν
852 2431 913 2466 τε
954 2413 1054 2478 τὰς
1084 2413 1450 2485 ὲγκυμονικάς
1484 2415 1694 2486 μήτρας
1731 2431 1792 2467 τε
1818 2415 1912 2468 καὶ

320 2503 583 2573 ὑστέρας.
645 2502 733 2555 Ἐν
785 2500 863 2573 τῷ
892 2497 986 2557 οὖν
1027 2503 1119 2557 ἐπὶ
1149 2503 1228 2573 τῷ
1269 2504 1283 2534 ⁸
1316 2503 1520 2557 τίκτειν
1570 2505 1668 2575 τὴν
1702 2503 1912 2575 μητέρα

321 2597 487 2666 ἣκειν
536 2595 656 2648 κατ’
707 2595 924 2666 ἐκείνην
975 2595 1072 2665 τὴν
1116 2596 1355 2666 ἡμέραν,
1409 2594 1609 2658 παντὸς
1641 2593 1911 2665 ἀργαλέου

321 2687 665 2759 κυοφορικῆς
695 2684 910 2756 φύσεως
932 2686 1219 2758 ἀλλοτρίαν
1245 2687 1345 2758 τὴν
1367 2686 1613 2758 γαστέρα
1640 2685 1909 2756 γίνεσθαι.

323 2778 486 2835 Μετὰ
507 2779 615 2850 γὰρ
653 2778 746 2833 τοῦ
778 2777 1000 2833 τοκετοῦ
1028 2777 1243 2841 καὶτὰς
1271 2777 1505 2847 ὑστέρας
1547 2777 1640 2831 καὶ
1676 2778 1775 2842 τὰς
1807 2780 1914 2850 μή-

323 2889 466 2944 τρας
515 2869 865 2943 ὲκκρίνεσθαι
925 2869 1042 2940 ἅμα
1102 2870 1266 2940 φασὶν
1306 2871 1354 2924 οἱ
1393 2869 1736 2938 φυσιολόγοι·
1772 2867 1913 2923 ὥστε

328 2963 532 3034 μηκέτι
597 2961 694 3033 τὴν
750 2959 968 3031 θήλειαν
1018 2959 1330 3032 ὀρέγεσθαι,
1369 2961 1418 3012 εί
1457 2961 1529 3030 μή
1572 2976 1655 3023 τις
1683 2959 1792 3031 ἄρα
1822 2959 1914 3030 βία

324 3055 559 3123 γένοιτο.
589 3055 744 3126 Μήτε
783 3053 901 3124 μὲν,
938 3054 986 3106 εἰ
1009 3053 1106 3106 καὶ
1129 3051 1282 3122 τύχοι
1317 3052 1582 3124 συναφείᾳ
1606 3052 1715 3106 τινὶ
1742 3053 1912 3121 ἀναγ-

323 3145 622 3217 κασθῆναι,
675 3145 754 3199 ἔτι
788 3143 1050 3199 δύνασθαι
1081 3143 1349 3207 κυΐσκειν,
1381 3143 1454 3215 μὴ
1477 3143 1650 3197 οὐσῶν
1675 3142 1784 3198 τῶν
1813 3160 1915 3214 μη-

322 3234 497 3306 τρῶν,
523 3235 620 3288 εἴτ’
648 3230 741 3288 οὖν
773 3233 1037 3305 ὑστερῶν.
1077 3234 1222 3304 ’Ἄρα
1250 3232 1380 3302 γοῦν
1409 3233 1639 3287 δέδωκεν
1660 3235 1791 3304 ἡμῖν
1823 3234 1916 3287 καὶ

324 3314 472 3398 αὕτη
503 3328 536 3398 ἡ
576 3325 866 3381 ἀκολουθία
904 3325 1231 3398 πορίσασθαι
1258 3327 1335 3388 είς
1359 3324 1456 3396 τὴν
1481 3323 1915 3397 ἐπιζητουμένην

327 3419 719 3491 πραγματείαν
742 3419 951 3472 ἔννοιάν
996 3435 1120 3472 τινα
1160 3417 1396 3488 σχέσεως
1430 3419 1524 3472 ἐπὶ
1545 3419 1606 3471 τὸ
1637 3417 1916 3489 συμφέρον

331 3513 541 3584 μᾶλλον
591 3513 626 3582 ἢ
675 3513 767 3565 ἐπὶ
793 3511 855 3564 τὸ
885 3511 1141 3581 βλάπτον.
1191 3512 1255 3564 El
1283 3511 1392 3581 γὰρ
1425 3509 1662 3580 σκύμνον
1702 3510 1916 3573 λέοντος

342 3602 550 3656 Ἰούδαν
605 3602 896 3656 αἰνίττεται
943 3600 1159 3666 Ἰακὼϐ,
1210 3601 1384 3671 λέγων
1410 3601 1500 3654 τὸν
1536 3600 1792 3673 Χριστὸν,
1824 3601 1917 3654 καὶ

330 3695 463 3757 τοὺς
493 3695 512 3725 '
543 3695 600 3747 ὲν
637 3695 703 3764 τῇ
745 3690 1398 3760 ἈποκαλύψειΊωάννου·
1441 3690 1587 3746 Ἰδοὺ
1631 3690 1921 3759 ἐνίκησεν

331 3789 371 3841 ὀ
397 3787 570 3851 λέων,
599 3785 786 3854 φησὶν,
830 3787 862 3838 ό
893 3784 962 3837 ἐκ
997 3781 1200 3853 φυλῆς
1248 3781 1455 3846 Ἰούδα,
1487 3783 1584 3837 καὶ
1619 3782 1689 3836 ἐκ
1734 3783 1922 3851 σπέρ-

325 3892 522 3948 ματος
535 3874 712 3929 Δαϐιδ
729 3892 744 3906 ο
769 3874 947 3930 λέοντι
973 3873 1082 3944 ἄρα
1109 3873 1550 3944 παρεικασμένου
1570 3873 1665 3926 τοῦ
1690 3873 1919 3944 Κυρίου,

329 3960 465 4035 οὐχὶ
509 3965 650 4020 κατὰ
700 3963 884 4034 φύσιν,
929 3963 1066 4018 ἀλλὰ
1092 3963 1178 4018 διὰ
1232 3965 1292 4017 τδ
1322 3963 1572 4034 αἴνιγμα,
1606 3963 1700 4019 καὶ
1747 3963 1835 4018 διὰ
1861 3964 1923 4018 τὸ

335 4055 619 4128 βασιλικὸν
671 4051 810 4111 εἶναι
837 4056 900 4109 τὸ
939 4053 1099 4120 ζῶον,
1133 4054 1350 4108 πάντων
1390 4053 1549 4118 ζώων
1583 4053 1924 4125 ίταμώτατόν

331 4163 403 4200 τε
430 4144 523 4198 καὶ
578 4145 949 4216 ἰσχυρότατον,
977 4143 1074 4198 καὶ
1101 4143 1270 4197 τᾶλλα
1306 4143 1485 4198 πάντα
1527 4145 1882 4215 χαριέστατον
1903 4159 1920 4176 ·

333 4236 453 4308 ἄρα
493 4253 556 4305 γε
616 4237 710 4289 καὶ
757 4236 856 4307 τὴν
911 4236 1253 4307 γεννήσασαν
1302 4235 1524 4289 λέαιναν
1586 4236 1790 4307 εἴποιμ’
1833 4235 1922 4290 ἄν.

332 4326 512 4382 Πόθεν
537 4326 644 4396 γὰρ
686 4327 824 4381 λέων
875 4327 1129 4396 γεννᾶται
1178 4326 1414 4390 πάντως,
1447 4329 1495 4381 εί
1543 4327 1618 4399 μὴ
1664 4326 1849 4381 λέαινα
1887 4330 1921 4399 ἡ

337 4417 528 4488 μήτηρ
576 4418 950 4488 κληθήσεται;
993 4416 1198 4488 Λεαίνῃ
1249 4416 1306 4469 δὲ
1339 4415 1570 4486 δευτέρα
1614 4417 1675 4469 οὐ
1711 4417 1925 4484 γίνεται

335 4507 539 4580 κύησις
559 4527 572 4539 ·
624 4510 732 4581 ἄρα
784 4509 968 4562 οὐκέτι
1015 4508 1212 4578 κύησιν
1241 4503 1382 4561 οἶδεν
1410 4510 1442 4578 ἡ
1472 4507 1660 4578 Μαρία
1682 4547 1696 4573 ,
1742 4508 1924 4562 οὐκέτι

337 4598 638 4666 συνάφειαν
667 4597 934 4669 σωμάτων
971 4599 1004 4667 ὴ
1033 4595 1165 4667 ἀγία
1193 4596 1494 4668 Παρθένος.

413 4773 514 4831 II".
555 4775 716 4829 Ἀλλά
769 4777 861 4830 καὶ
890 4775 1083 4848 ἑτέρας
1122 4775 1322 4845 ἴδωμεν
1353 4773 1608 4846 θεωρίας,
1633 4774 1699 4826 ἵν’
1727 4776 1758 4843 ἡ
1793 4774 1925 4828 ἀκό-

333 4867 529 4930 λουθος
561 4871 582 4904 ³
609 4867 687 4937 τῷ
727 4867 902 4938 Ἰησοῦ
963 4867 1078 4939 ἅμα
1123 4867 1271 4938 αὑτῷ
1302 4866 1532 4922 πάντοτε
1560 4868 1922 4936 τυγχάνουσα.

2013 1035 2145 1106 quid
2173 1050 2354 1090 rerum
2388 1042 2582 1090 natura
2613 1036 2730 1106 ipsa
2765 1035 2925 1099 ferat,
2959 1035 3239 1105 paululum
3273 1035 3589 1092 considere-

2011 1142 2159 1183 mus.
2189 1125 2436 1182 Leaenam
2467 1125 2652 1197 itaque
2675 1126 2858 1183 ferunt
2886 1127 3109 1183 nonnisi
3157 1128 3327 1184 semel
3355 1143 3547 1197 parere
3571 1172 3586 1194 ,

2011 1222 2174 1292 cujus
2215 1221 2291 1276 rei
2341 1220 2486 1276 hanc
2523 1236 2646 1277 esse
2671 1221 2940 1277 rationem
2967 1220 3155 1287 :Quod
3205 1221 3409 1276 animal
3442 1220 3590 1276 istud

2010 1307 2432 1371 voracissimum
2481 1309 2572 1376 sit,
2623 1311 2808 1366 colore
2859 1309 3094 1377 fulvum,
3129 1311 3471 1367 validissimo
3500 1325 3594 1366 ro-

2013 1398 2168 1464 bore,
2215 1407 2400 1470 atque,
2463 1409 2523 1456 ut
2577 1417 2688 1456 uno
2713 1401 2881 1458 verbo
2929 1401 3130 1468 dicam,
3168 1404 3318 1474 regia
3352 1403 3590 1474 quadam

2012 1491 2279 1560 dignitate
2307 1494 2520 1550 caeteris
2550 1494 2863 1559 antecellat,
2889 1509 3054 1564 porro
3100 1509 3165 1550 ex
3205 1510 3316 1549 uno
3357 1495 3594 1566 conjuge

2014 1585 2292 1656 concipiat
2343 1583 2621 1656 fetumque
2662 1601 2756 1642 sex
2783 1596 2837 1640 et
2880 1586 3074 1656 viginti
3105 1593 3251 1641 totos
3290 1600 3507 1642 menses
3536 1587 3591 1641 in

2015 1682 2173 1730 utero
2203 1683 2396 1745 gerat:
2430 1675 2566 1730 adeo
2596 1683 2655 1730 ut
2688 1675 2779 1731 ille
2811 1691 2924 1746 prae
2950 1675 3348 1747 longinquitate
3381 1683 3596 1747 tempo-

2015 1768 2094 1822 ris
2127 1767 2347 1824 adultus
2375 1768 2636 1825 dentibus
2661 1768 2939 1833 omnibus,
2964 1777 3127 1838 atque
3156 1768 3435 1838 unguibus
3466 1782 3590 1822 cum

2011 1859 2166 1929 justa
2199 1860 2449 1930 corporis
2481 1868 2714 1926 statura,
2767 1861 3030 1931 praeditus
3084 1860 3178 1924 sit,
3210 1867 3505 1930 antequam
3538 1860 3592 1913 in

2017 1951 2193 2006 lucem
2219 1950 2446 2021 prodeat
2471 1967 2485 2015 ;
2517 1959 2684 2021 atque
2716 1959 2770 2014 et
2798 1950 3180 2018 elavieulares,
3210 1965 3352 2020 quos
3372 1958 3595 2017 vocant,

2016 2048 2072 2096 et
2096 2040 2328 2103 caninos
2361 2040 2553 2096 dentes
2577 2057 2642 2097 ac
2676 2042 2912 2098 molares
2935 2042 3153 2107 habeat,
3188 2051 3243 2098 et
3264 2043 3368 2097 alia
3390 2042 3595 2106 omnia,

2017 2149 2140 2204 qua:
2173 2132 2396 2188 animali
2448 2134 2578 2189 huic
2633 2148 2664 2188 a
2720 2141 2919 2188 natura
2962 2148 3222 2189 concessa
3255 2143 3404 2189 sunt.
3456 2133 3596 2188 Dum

2019 2227 2187 2297 igitur
2225 2224 2420 2284 matris
2459 2234 2615 2281 utero
2665 2226 3001 2291 continetur,
3060 2224 3446 2290 subsultando,
3481 2241 3601 2280 nio--

1947 2297 1990 2355 Β
2025 2315 2314 2385 vendoquc
2342 2329 2483 2379 sese,
2511 2323 2604 2374 aut
2627 2313 2734 2370 alio
2757 2313 2954 2384 quovis
2984 2314 3146 2370 modo
3167 2314 3362 2370 matris
3381 2322 3596 2371 uterum

2021 2403 2231 2459 laniare
2281 2403 2556 2474 unguibus
2636 2417 2701 2458 ac
2759 2403 3072 2474 discerpere
3117 2411 3368 2458 narrant.
3418 2402 3602 2470 Quare

2019 2510 2146 2550 cum
2180 2494 2249 2550 ad
2307 2502 2522 2566 partum
2565 2503 2740 2550 mater
2785 2495 3016 2559 venerit,
3047 2495 3236 2550 eadem
3281 2495 3374 2550 illa
3405 2494 3494 2550 die
3531 2494 3602 2548 ab

2021 2586 2171 2644 omni
2212 2587 2554 2658 parturiendi
2587 2586 2904 2643 conditione
2953 2601 3018 2640 ac
3059 2586 3315 2641 molestia
3355 2595 3600 2642 ventrem

2022 2676 2172 2731 illius
2227 2675 2470 2730 liberari.
2505 2674 2786 2744 Siquidem
2829 2674 2883 2728 in
2925 2674 3045 2745 ipso
3075 2682 3236 2745 partu
3266 2683 3484 2730 uterum
3525 2677 3596 2731 si-

2024 2769 2138 2823 mul
2169 2782 2232 2822 ac
2267 2767 2550 2822 matricem
2594 2765 2815 2822 cxcerni
2851 2766 3184 2820 naturalium
3226 2783 3411 2822 rerum
3446 2767 3604 2822 inda-

2021 2869 2241 2933 gatores
2266 2867 2526 2917 asserunt
2556 2879 2569 2914 :
2603 2859 2739 2915 adeo
2771 2866 2831 2914 ut
2860 2858 3009 2913 nulla
3046 2859 3102 2913 in
3129 2867 3412 2930 posterum
3443 2875 3607 2916 vene-

2023 2955 2102 3011 ris
2129 2954 2428 3024 cupiditate
2463 2961 2739 3024 tangatur,
2767 2953 2876 3009 nisi
2927 2953 3109 3022 aliqua
3137 2953 3219 3010 vis
3255 2955 3601 3011 adhibeatur.

2023 3045 2181 3112 Quod
2210 3047 2256 3102 si
2299 3061 2506 3102 marem
2541 3045 2780 3117 experiri
2820 3055 3067 3118 cogatur,
3111 3048 3490 3118 non'amplius
3519 3056 3606 3102 ta-

2023 3151 2150 3189 men
2205 3134 2372 3191 fetum
2422 3143 2641 3207 gestare
2707 3151 2910 3206 posse,
2956 3145 3145 3207 utpote
3204 3154 3326 3209 quae
3376 3139 3606 3195 matrice

2024 3235 2229 3282 careat.
2259 3227 2377 3292 Qua
2412 3227 2634 3297 quidem
2685 3243 2753 3281 ex
2792 3229 3108 3284 narratione
3141 3229 3208 3284 ad
3261 3231 3337 3295 id,
3379 3232 3447 3286 de
3494 3247 3606 3301 quo

2025 3319 2260 3390 agimus,
2318 3318 2735 3374 similitudinem
2786 3320 3079 3389 quamdam
3117 3321 3247 3376 licet
3277 3323 3602 3388 transferre,

2024 3424 2146 3479 quae
2183 3409 2471 3462 utilitatem
2525 3409 2710 3479 potius
2743 3425 2906 3482 quam
2938 3410 3196 3466 damnum
3230 3413 3450 3483 aliquod
3473 3430 3604 3470 eon-

2025 3503 2201 3556 tinere
2232 3501 2504 3556 videatur.
2541 3501 2754 3556 Etenim
2810 3503 2856 3559 si
2901 3504 3142 3558 catulum
3192 3505 3370 3562 leonis
3399 3506 3603 3564 'Judam

2024 3590 2228 3646 Jacob‘
2253 3591 2565 3660 nominans,
2588 3591 2864 3649 Christum
2887 3595 3122 3665 quadam
3139 3599 3408 3654 sermonis
3438 3599 3605 3669 ﬁgura

2024 3682 2392 3746 adumbravit,
2415 3697 2538 3737 cum
2569 3699 2743 3753 eoque
2772 3685 2904 3738 illud
2929 3703 2992 3740 ex
3019 3685 3248 3742 Joannis
3278 3689 3605 3761 Apocalypsi

2022 3773 2307 3842 congruit:
2336 3771 2470 3827 Ecce
2503 3772 2713 3846 1045
2743 3775 2863 3828 vicit
2891 3775 2970 3830 leo
3001 3775 3064 3830 de
3101 3777 3239 3831 tribu
3270 3777 3438 3846 Juda,
3469 3789 3517 3834 et
3543 3779 3608 3836 de

2025 3867 2188 3932 stirpe
2220 3863 2430 3918 David“
2451 3883 2463 3918 :
2483 3877 2609 3918 eum
2628 3864 2770 3920 leoni
2805 3865 3066 3922 Dominus
3093 3865 3466 3934 assimuletur,
3492 3886 3606 3925 non

2025 3964 2223 4010 natura
2261 3957 2503 4028 quidem,
2533 3957 2629 4013 sed
2656 3959 3036 4015 similitudinis
3065 3960 3609 4033 adumbrationisque

2026 4047 2222 4118 gratia,
2258 4049 2403 4118 quod
2435 4048 2583 4120 regia
2612 4050 2860 4119 quautam
2902 4050 3033 4106 insit
3055 4054 3108 4108 in
3144 4053 3300 4108 leone
3333 4052 3608 4124 dignitas,

2026 4140 2207 4210 sitque
2228 4139 2543 4194 animalium
2563 4141 2807 4195 omnium
2836 4141 3287 4207 audacissimum,
3322 4159 3386 4198 ac
3423 4144 3609 4201 fortis-

2027 4231 2249 4292 simum,
2289 4236 2343 4284 et
2383 4231 2439 4284 in
2478 4231 2692 4285 caeteris
2727 4233 2984 4287 omnibus
3017 4243 3236 4302 aspectu
3264 4233 3608 4303 jucundissi-

2028 4337 2198 4382 mum,
2233 4337 2340 4375 non
2379 4321 2617 4376 absurde
2639 4329 2866 4375 matrem
2899 4323 3044 4376 illius
3075 4324 3296 4378 leaenam
3325 4327 3610 4394 appellabi-

2026 4427 2171 4464 mus.
2210 4409 2310 4476 Qui
2336 4411 2478 4470 enim
2505 4411 2590 4464 leo
2627 4413 2875 4481 generari
2909 4421 3106 4481 potest,
3144 4414 3249 4468 nisi
3276 4421 3450 4468 mater
3476 4416 3598 4485 ejus

2027 4503 2196 4557 leaena
2230 4503 2580 4557 nominetur?
2609 4503 2873 4556 Caeterum
2915 4504 2992 4557 uti
3024 4506 3187 4559 leaena
3223 4505 3465 4560 secundo
3500 4523 3611 4563 non

2029 4593 2168 4662 parit
2196 4612 2206 4645 :
2234 4593 2308 4646 ita
2335 4600 2684 4646 sacrosancta
2701 4594 2853 4664 virgo
2881 4593 3047 4647 Maria
3061 4594 3285 4650 alterius
3313 4604 3502 4666 partus
3519 4612 3612 4650 ex-

2027 4701 2152 4755 pers
2179 4685 2296 4755 fuit,
2315 4700 2379 4740 ac
2410 4685 2618 4739 nullum
2647 4686 2896 4755 corporis
2923 4687 3310 4741 commercium
3345 4690 3611 4742 exercuit.

2100 4775 2237 4832 XIII.
2295 4777 2438 4844 Quin
2506 4785 2560 4833 et
2623 4777 2772 4832 aliud
2824 4785 3088 4850 prmterea
3147 4781 3610 4848 contemplemur.

2029 4868 2154 4924 Fuit
2188 4869 2278 4922 illa
2313 4877 2574 4938 perpetua
2619 4868 2823 4925 Christi
2856 4885 3062 4934 comes,
3096 4889 3197 4926 nee
3239 4873 3308 4926 ab
3331 4874 3453 4940 ejus
3485 4889 3615 4929 con-

370 4958 618 5027 Εκλήθη
661 4959 894 5026 Ἰησοῦς
947 4961 1033 5024 εὶς
1071 4959 1318 5029 γάμους,
1346 4958 1438 5012 καὶ
1469 4959 1502 5028 ἡ
1544 4959 1726 5030 μήτηρ
1759 4957 1917 5012 αὑτοῦ

2031 4959 2200 5014 sortio
2221 4959 2456 5015 divulsa.
2493 4957 2720 5014 Vocatus
2744 4969 2820 5014 est
2841 4960 2996 5015 Jesus
3018 4961 3086 5015 ad
3107 4964 3320 5032 nuptias
3343 4965 3363 4994 ⁸
3391 4982 3402 5018 :
3429 4967 3612 5019 statim

335 5053 482 5118 ἐκεῖ,
510 5049 605 5104 καὶ
636 5050 686 5102 oi
721 5049 962 5116 ἀδελφοὶ,
1007 5049 1102 5102 καὶ
1143 5047 1382 5120 οὐδαμοῦ
1423 5049 1646 5118 Ἰωσήφ.
1679 5047 1747 5101 Τί
1794 5047 1925 5117 ἐμοὶ

337 5142 447 5198 καὶ
484 5141 604 5206 σοὶ,
647 5142 855 5212 quirat;
890 5140 1063 5194 Οὔπω
1113 5140 1246 5208 ἥκει
1295 5141 1333 5209 ἡ
1377 5139 1499 5208 ὥρα
1522 5157 1662 5210 μου.
1686 5139 1797 5192 Καὶ
1828 5139 1927 5192 οὐκ

336 5229 500 5288 εἷπελ
523 5233 587 5286 Τί
609 5233 733 5304 ἐμοὶ
760 5231 854 5286 καὶ
886 5231 1034 5301 ὑμῖν,
1061 5230 1366 5302 ἄνθρωποι;
1409 5231 1774 5302 Παρειστήκει
1806 5231 1928 5282 Μα-

341 5325 494 5400 ρίαὴ
517 5325 871 5397 Μαγδαληνὴ,
900 5325 992 5378 καὶ
1018 5323 1207 5395 Μαρία
1237 5325 1270 5394 ἡ
1302 5323 1395 5377 τοῦ
1424 5324 1653 5389 Κλωπᾶ,
1678 5323 1770 5376 καὶ
1808 5323 1930 5376 Μα-

2031 5053 2144 5106 illic
2203 5061 2377 5106 mater
2409 5053 2526 5121 ejus
2560 5060 2614 5106 et
2646 5053 2842 5106 fratres
2875 5051 3204 5109 adfuerunt:
3247 5071 3348 5110 nec
3381 5071 3614 5126 usquam

2031 5142 2253 5212 Iosephi
2295 5145 2517 5208 mentio.
2549 5142 2690 5209 Quid
2722 5143 2851 5196 mihi
2863 5153 2910 5197 et
2939 5144 3054 5208 (ibi,
3090 5145 3326 5201 mulier?
3364 5144 3616 5199 Nondum

2033 5233 2170 5286 venit
2218 5232 2350 5285 hora
2393 5248 2531 5288 mea.
2564 5230 2682 5286 Non
2720 5231 2856 5286 dixit
2885 5253 2897 5287 :
2925 5232 3063 5298 Quid
3095 5235 3227 5289 mihi
3249 5243 3304 5290 et
3328 5237 3502 5295 vobis.
3523 5237 3614 5289 ho.

1993 5343 1995 5346 ⁴
2038 5322 2267 5378 mines?
2313 5321 2446 5377 Item
2478 5321 2669 5378 aderat
2718 5321 2890 5377 Maria
2950 5323 3293 5395 Magdalene,
3347 5333 3403 5379 et
3447 5324 3615 5380 Maria

421 5482 438 5514 ¹
470 5482 530 5538 F.
567 5484 648 5538 τό.
727 5484 747 5514 ¹
779 5481 838 5540 F.
873 5481 1016 5562 κατὰ
1041 5479 1187 5544 τούς.
1262 5481 1283 5512 ³
1308 5479 1370 5534 F.
1399 5475 1466 5552 ἦν
1495 5479 1650 5534 ἀκόλ.
1728 5479 1750 5511 ⁵
1771 5478 1907 5535 Gen.

2023 5495 2088 5548 ix,
2115 5480 2170 5534 9.
2247 5480 2267 5510 "
2295 5477 2466 5548 Apoc.
2494 5495 2546 5543 v,
2579 5478 2632 5533 5.
2712 5480 2732 5510 °
2761 5478 2918 5534 Joan.
2958 5481 3071 5547 ",1
3103 5496 3225 5551 sqq.

412 5638 500 5764 ρ)
533 5637 686 5692 Φασὶ
723 5637 837 5718 τὴν
873 5637 1141 5692 λέαιναν.
1185 5633 1456 5718 Fabulam
1489 5635 1629 5690 hanc
1677 5636 1922 5706 plerique

433 5710 622 5763 ellunt.
658 5708 978 5763 Aristoteles
1007 5722 1134 5761 ecce
1175 5707 1269 5759 III).
1303 5722 1349 5758 vn
1389 5705 1615 5764 Ηιδιον..
1649 5722 1768 5764 eat).
1812 5707 1874 5760 51
1905 5724 1918 5758 :

343 5705 622 5765 refellunt.
658 5705 978 5763 Aristoteles
1007 5722 1134 5761 ecce
1175 5707 1269 5759 lib.
1303 5722 1349 5758 vn
1389 5705 1615 5772 Histor.,
1649 5722 1768 5774 cap.
1812 5707 1874 5760 51
1905 5724 1918 5758 :

352 5778 422 5833 ‘0
454 5777 512 5831 δὲ
535 5776 746 5848 λεχθεὶς
778 5777 945 5848 μῦθος
979 5777 1108 5849 περὶ
1137 5775 1230 5830 τοῦ
1259 5774 1537 5830 ἐκϐάλλειν
1566 5776 1664 5840 τὰς
1687 5775 1923 5848 ὑστέρας

2029 5635 2302 5704 τίκτοντα,
2349 5633 2598 5704 ληρώδης
2649 5635 2805 5688 ἐστί’
2857 5635 3108 5704 συνετέθη
3145 5633 3200 5686 δὲ
3235 5635 3296 5685 ἐκ
3330 5633 3425 5687 τοῦ
3479 5653 3619 5689 σπαι-

2029 5653 2302 5696 τικτοντα,
2351 5653 2529 5704 Ληρωο
2572 5653 2598 5696 ς
2649 5653 2764 5688 εστι
2791 5653 2805 5665 υ
2857 5653 3108 5704 συνετεοη
3145 5653 3200 5686 οε
3235 5653 3296 5685 εκ
3330 5653 3425 5687 του
3479 5653 3616 5689 σπαι-

2029 5705 2175 5766 νίους
2205 5700 2355 5775 ,εἶναι
2384 5705 2510 5775 τοὺς
2534 5653 2794 5767 γλέοντας,
2824 5705 3158 5775 ἀποροῦντος
3185 5705 3283 5774 τὴν
3313 5705 3492 5759 αἰτίαν
3521 5705 3616 5761 τοῦ

2028 5775 2119 5828 τὸν
2157 5773 2325 5843 μῦθον
2381 5774 2684 5838 συνθέντος.
2722 5776 2827 5831 Sed
2875 5773 2946 5830 et
2981 5773 3370 5842 Philostratus,
3404 5784 3459 5830 et
3501 5777 3614 5832 alii.
