3964 6404
317 405 423 463 721

896 401 1268 462 ADVERSUS
1307 386 1648 458 [massas
1680 399 1806 456 us.
1849 400 1937 457 tn.
1981 399 2146 458 rost.
2183 401 2247 456 ll.
2273 433 2341 442 -
2376 402 2646 457 ιιτειιεδ.
2682 401 2953 460 Lxxvut.

3474 403 3579 458 722

324 518 452 590 ἐξῆν
478 518 622 585 ἆπαξ
646 518 867 573 εἰσιέναι
896 519 989 573 τοῦ
1017 518 1170 581 ἔτους
1202 519 1282 580 είς
1307 516 1374 570 τὰ
1403 516 1534 585 ἅγια
1569 517 1676 570 τῶν
1707 515 1883 584 ἁγίων

2003 517 2153 571 illam
2185 516 2421 580 scilicet,
2453 533 2616 587 quam
2636 534 2759 573 cum
2788 517 2953 572 Maria
2983 509 3254 590 Josepbus
3279 521 3580 576 necessitu-

322 609 410 663 διὰ
444 609 507 663 τὸ
535 607 855 680 Ναζωραῖον
884 611 1045 663 αὐτὸν
1088 607 1249 673 εἶναι,
1281 609 1376 662 καὶ
1413 607 1674 679 μεμίχθαι
1715 609 1781 677 τῇ
1826 608 1902 659 ί-ε-

325 699 562 771 ρωσύνῃ.
616 699 808 753 Ἔνθεν
853 699 963 770 γάρ
1021 701 1054 770 ἡ
1107 699 1294 770 Μαρία
1347 698 1490 751 κατὰ
1537 697 1629 750 δύο
1667 697 1904 766 τρόπους

323 789 592 860 συγγενὴς
633 789 897 860 ἐτύγχανε
939 790 1040 859 τῆς
1085 789 1384 855 Ἑλισάϐετ,
1427 789 1520 842 καὶ
1563 788 1592 839 6
1650 787 1905 850 Ἰάκωϐος

299 876 536 946 -διέφερε
586 879 650 948 τῇ
689 877 979 948 ἱερωσύνῃ.
1033 878 1357 948 Ἐπειδὴπερ
1393 878 1447 930 at
1479 875 1573 928 δύο
1608 876 1773 944 φυλαὶ
1823 875 1901 945 (6)

323 969 658 1037 συνήπτοντο
715 967 872 1038 μόναι
918 969 1054 1039 πρὸς
1100 968 1354 1038 ἀλλήλας,
1392 967 1426 1037 ἦ
1452 984 1511 1019 τε
1547 966 1799 1038 βασιλικὴ
1834 969 1898 1038 τῇ

319 1059 592 1128 ίερατικῇ,
629 1061 725 1112 καὶ
773 1061 807 1129 ἡ
840 1059 1086 1130 ίερατικὴ
1115 1061 1180 1129 τῇ
1216 1057 1502 1127 βασιλικῇ·
1544 1056 1620 1120 ὡς
1667 1057 1761 1111 καὶ
1788 1057 1900 1111 ἀνω

316 1147 378 1198 ὲν
403 1150 468 1217 τῇ
507 1147 694 1218 ἐξόδῳ,
747 1147 1017 1202 Ναασσὼν
1047 1150 1076 1200 6
1120 1148 1230 1201 ἀπὸ
1267 1147 1362 1200 τοῦ
1413 1147 1582 1200 Ἰούδα
1626 1147 1899 1217 φύλαρχος

317 1237 586 1308 λαμϐάνει
635 1239 734 1308 τὴν
799 1238 1078 1293 Ἐλισάϐετ
1106 1277 1121 1299 ,
1177 1240 1276 1309 τὴν
1339 1239 1571 1311 ἀρχαίαν
1622 1237 1898 1308 θυγατέρα

330 1326 559 1398 Ἀαρὼν,
589 1329 768 1399 ἑαυτῷ
798 1331 1050 1396 γυναῖκα.
1083 1328 1244 1381 Ὅθεν
1287 1328 1480 1381 πολλαὶ
1498 1327 1604 1380 τῶν
1635 1327 1896 1397 αἱρέσεων

315 1418 458 1470 κατά
489 1419 667 1488 σάρκα
692 1419 1043 1487 γενεαλογίαν
1090 1419 1186 1471 τοῦ
1218 1419 1467 1490 Σωτῆρος
1490 1417 1764 1486 ἀγνοοῦσι,
1801 1418 1896 1470 καὶ

311 1504 404 1558 διὰ
430 1505 489 1558 τὸ
509 1508 732 1578 ἀπορεῖν
760 1508 976 1571 αὐτοὺς,
1007 1507 1316 1571 ἀπιστοῦσι,
1347 1510 1440 1561 καὶ
1463 1507 1710 1561 δοκοῦσιν
1744 1508 1893 1560 ἀντι-

2009 609 2190 663 dinem
2262 609 2474 671 habuit,
2515 624 2749 678 quocum
2786 617 2904 663 erat
2936 610 3026 663 illa
3059 611 3372 680 conjuncta.
3405 611 3578 665 Caete-

2005 714 2128 752 rum
2180 701 2281 754 soli
2338 699 2467 753 huic
2494 698 2696 754 tacebo
2754 699 2808 752 id
2847 699 3069 756 honoris
3102 700 3426 756 attributum
3469 707 3574 766 est,

2003 791 2174 844 semel
2215 798 2274 844 ut
2316 790 2609 860 quotannis
2656 789 2709 842 in
2749 799 2938 843 sancta
2967 800 3280 846 sanctorum
3327 791 3587 860 ingrede-.

2002 888 2184 946 retur;
2221 880 2366 949 quod
2393 888 2446 934 et
2479 879 2797 934 Nazarenus
2829 889 3012 946 esset,
3051 889 3109 936 et
3149 897 3274 936 cum
3326 882 3578 936 sacerdo—
3686 889 3694 893 ‘

2000 968 2096 1022 tali
2133 970 2306 1038 stirpe
2356 967 2706 1037 coniunctus.
2746 966 2904 1023 Unde
2931 976 2982 1023 et
3023 969 3190 1024 Maria
3217 969 3421 1040 duplici
3449 985 3574 1024 cum

2000 1057 2318 1114 Elizabetha
2368 1059 2694 1129 cognatione
2745 1074 2808 1113 ac
2847 1060 3252 1116 necessitudine
3282 1061 3575 1130 conjuncta

1999 1146 2133 1214 fuit;
2157 1154 2211 1201 et
2233 1145 2470 1202 Iacobus
2496 1146 2785 1202 sacerdotii
2812 1146 3072 1217 dignitate
3094 1149 3366 1217 praestitit.
3397 1148 3574 1214 Quan-

1997 1238 2290 1308 doquidem
2312 1239 2435 1293 duae
2468 1238 2574 1292 illa:
2605 1237 2781 1293 tribus
2820 1239 2949 1294 solae
2983 1239 3214 1295 invicem
3261 1241 3574 1310 nuptiarum

1997 1329 2332 1384 commercio
2347 1329 2719 1400 jungebantur
2738 1347 2752 1396 ;
2773 1329 2944 1399 regia,
2971 1329 3217 1399 inquam,
3236 1345 3358 1384 cum
3393 1345 3578 1386 sacer-

1995 1417 2184 1483 dotali,
2217 1425 2272 1473 et
2321 1419 2680 1474 sacerdotalis
2712 1433 2836 1473 cum
2885 1420 3053 1488 regia.
3108 1419 3576 1485 Quemadmodum

1996 1509 2124 1563 olim
2186 1510 2293 1564 sub
2325 1509 2656 1579 egressionis
2711 1525 2776 1564 ex
2816 1509 3052 1580 Egypto
3095 1517 3330 1578 tempus,
3365 1510 3578 1581 1046

311 1593 491 1662 λέγειν
511 1599 578 1666 τῇ
607 1595 855 1667 ἀληθείᾳ,
883 1597 1153 1665 λέγοντες’
1188 1597 1311 1660 Πῶς
1339 1599 1370 1667 ἡ
1397 1598 1504 1650 ἀπὸ
1527 1597 1699 1666 φυλῆς
1729 1597 1883 1650 Δαϐὶὲ

1993 1597 2246 1655 Naasson
2295 1601 2472 1654 tribus
2522 1600 2675 1655 Juda:
2709 1599 2964 1670 princeps
3010 1600 3380 1654 Elizabetbam
3426 1602 3576 1654 illam

311 1685 409 1737 καὶ
449 1685 616 1739 Ἰούδα
639 1685 861 1740 δύναται
887 1686 1153 1758 συγγενὴς
1182 1683 1320 1740 εἶναι
1347 1688 1446 1758 τῆς
1483 1687 1761 1742 Ἐλισάϐετ
1788 1689 1883 1759 τῆς

1991 1692 2227 1758 priorem
2257 1689 2492 1745 Aaronis
2522 1691 2684 1744 ﬁliam
2711 1692 2865 1746 duxit
2889 1693 2930 1744 ί.
2969 1691 3046 1744 Ex
3082 1707 3190 1760 quo
3218 1691 3420 1744 factum
3461 1701 3572 1754 est,

308 1775 421 1828 ἀπὸ
445 1776 600 1840 Acut;

1992 1786 2054 1832 ut
2089 1779 2401 1848 complures
2454 1779 2835 1835 haereticorum
2894 1788 3057 1835 sectae
3106 1780 3309 1836 Christi
3354 1781 3572 1835 Domini

307 1868 626 1944 prosapiam
672 1882 736 1923 ac
758 1868 1124 1939 genealogiam
1156 1869 1428 1940 ignorent,
1456 1876 1619 1940 atque
1657 1870 1729 1924 ob
1781 1869 1928 1922 illam
1963 1884 2119 1924 suam
2161 1870 2554 1925 haesitationem
2618 1871 2776 1925 ﬁdem
2811 1871 3107 1940 labrogent,
3151 1884 3216 1923 ac
3290 1870 3571 1924 veritatem

307 1972 630 2026 oppugnare
689 1974 750 2015 se
796 1967 1020 2029 putent,
1071 1975 1196 2014 cum
1239 1959 1375 2014 illud
1426 1961 1697 2030 objiciunt
1731 1974 1746 2009 :
1776 1958 1882 2025 Qui
1923 1959 2042 2014 ﬁeri
2073 1967 2276 2026 potest,
2344 1967 2405 2012 ut
2472 1975 2593 2029 qua:
2634 1975 2704 2015 ex
2745 1958 2966 2014 Davidis
3005 1973 3069 2013 ac
3105 1956 3256 2013 Iudae
3289 1958 3460 2026 stirpe
3503 1958 3573 2012 sit

305 2049 565 2116 oriunda,
593 2051 948 2117 Elizabetbze,
982 2069 1102 2124 quae
1127 2069 1191 2108 ex
1215 2053 1456 2108 Levitico
1492 2069 1690 2124 genere
1717 2062 1886 2126 esset,
1929 2062 2160 2124 cognata
2197 2053 2362 2108 fuerit
2383 2054 2409 2107 ?

382 2142 503 2194 1A".
533 2137 702 2208 οὗτος
725 2146 753 2198 6
794 2147 1048 2211 Ἰάκωϐος
1070 2149 1162 2201 καὶ
1193 2148 1424 2202 πέταλον
1448 2134 1642 2218 (7)-61:1
1669 2149 1767 2218 τῆς
1795 2165 1883 2202 κε-

2069 2146 2204 2200 XlV.
2237 2146 2479 2203 Iacobus
2512 2147 2621 2203 iste
2668 2148 2947 2203 bracteam
2981 2148 3037 2202 in
3070 2147 3250 2218 capite
3280 2154 3470 2218 gessn.
3508 2145 3574 2199 Et

305 2233 485 2303 φαλῆς
513 2236 740 2307 ἐφόρεσε
765 2255 780 2269 ο
814 2239 907 2292 καί
941 2256 1072 2292 ποτε
1091 2239 1349 2311 ἀϐροχίας
1371 2240 1686 2311 γενομένης,
1717 2241 1883 2312 ἐπῆρε

1993 2253 2118 2292 cum
2151 2237 2447 2308 aliquando
2508 2246 2653 2292 terra
2703 2238 2953 2292 siccitate
3005 2238 3302 2304 laboraret,
3343 2237 3574 2293 sublatis

303 2321 407 2385 τὰς
435 2325 619 2393 χεῖρας
655 2327 735 2389 είς
781 2328 1028 2397 οὐρανὸν,
1059 2328 1153 2380 καὶ
1185 2328 1550 2399 προσηύξατο,
1595 2328 1688 2382 καὶ
1730 2329 1883 2393 εὐθὺς

1992 2330 2282 2403 adcoelum
2316 2330 2568 2385 manibus
2594 2331 2790 2396 oravit,
2824 2329 3116 2398 statimque
3145 2329 3317 2383 imber
3342 2330 3407 2383 de
3430 2330 3572 2384 cmlo

303 2415 337 2467 6
367 2413 591 2484 οὐρανὸς
618 2415 816 2471 ἔδωκεν
837 2419 1010 2472 ὑετόν.
1054 2418 1272 2490 Ἐρεοῦν
1303 2420 1358 2473 δὲ
1393 2420 1602 2490 ἱμάτιον
1635 2419 1889 2473 οὐδέποτε

303 2504 613 2560 ἐνεδύσατο.
645 2507 726 2561 Τὰ
773 2508 831 2562 δὲ
881 2511 1079 2577 γόνατα
1128 2510 1291 2563 αὐτοῦ
1334 2510 1704 2581 ὲσκληκίασαν
1733 2510 1889 2581 δίκην

301 2596 587 2667 καμήλων,
621 2598 730 2652 ἀπὸ
767 2601 861 2654 τοῦ
906 2601 1138 2655 πάντοτε
1173 2602 1444 2672 κάμπτειν
1476 2601 1614 2654 αὐτὰ
1658 2601 1888 2656 ἐνώπιον

301 2685 515 2756 Κυρίου
545 2687 612 2740 δι’
639 2689 945 2760 ὑπερϐολὴν
980 2690 1283 2753 εὐλαϐείας.
1317 2691 1517 2744 Τοῦτον
1546 2686 1638 2744 οὖν
1666 2691 1887 2762 ὀνόματι

302 2776 486 2830 οὐκέτι
535 2779 782 2844 ἐκάλουν,
831 2781 947 2834 ἀλλ’
986 2781 1050 2837 '0
1095 2781 1326 2848 δίκαιος
1376 2779 1443 2853 ἦν
1497 2781 1645 2853 αύτῷ
1691 2783 1882 2850 ὄνομα.

305 2863 476 2933 Οὗτος
510 2870 764 2925 οὐδέποτε
794 2875 851 2925 ὲν
883 2873 1149 2944 βαλανείῳ
1185 2872 1443 2928 ὲλούσατο
1469 2889 1484 2903 ο
1519 2866 1676 2938 οὗτος
1707 2874 1886 2945 ἐμψύ-

304 2977 406 3030 χου
425 2961 485 3014 οὐ
521 2963 770 3034 μετέσχε,
795 2964 978 3028 καθὼς
1004 2967 1116 3020 άνω
1141 2982 1231 3037 μοι
1263 2966 1659 3038 προδεδήλωται
1685 2986 1698 2998 ο
1731 2961 1887 3032 οὗτος

307 3051 590 3106 σανδάλιον
652 3055 748 3124 οὐχ
799 3056 1123 3126 ὑπεδήσατο.
1159 3058 1270 3111 Καὶ
1324 3057 1496 3111 πολλὰ
1520 3054 1590 3128 ἦν
1626 3059 1754 3130 περὶ
1791 3059 1885 3113 τοῦ

302 3142 500 3212 ἀνδρὸς
546 3145 746 3213 λέγειν,
797 3148 891 3202 καὶ
928 3150 1028 3219 τῆς
1083 3149 1336 3220 ἐναρέτου
1385 3149 1552 3202 αὑτοῦ
1587 3149 1881 3214 πολιτείας.

315 3232 482 3305 Ὁρᾷς
505 3231 619 3300 οὖν,
652 3237 734 3290 ὅτι
783 3237 812 3290 6
861 3231 1009 3301 οἶκος
1052 3240 1397 3292 παντάπασιν
1459 3239 1886 3309 ἀξιολογώτατος

298 3314 406 3393 ἧνς
439 3323 502 3378 Εἰ
526 3324 634 3396 γὰρ
655 3325 705 3378 οἱ
743 3326 930 3390 παῖδες
959 3325 1054 3380 τοῦ
1099 3327 1298 3398 Ἰωσὴφ
1340 3327 1561 3399 ⁴ᾔδεισαν
1589 3329 1886 3401 παρθενίας

298 3410 480 3478 τάξιν,
515 3413 611 3466 καὶ
665 3414 1003 3486 Ναζωραίων
1035 3415 1096 3468 τὸ
1124 3414 1306 3486 ἔργον,
1351 3414 1502 3488 πόσῳ
1525 3435 1590 3486 γε
1623 3419 1824 3488 μᾶλλον
1854 3419 1884 3471 6

1989 2419 2209 2475 decidit.
2257 2419 2440 2475 Lanea
2482 2421 2811 2477 vestimenta
2846 2435 3127 2490 nunquam
3158 2419 3356 2474 induit.
3389 2420 3570 2490 Hujus

1990 2526 2120 2565 vero
2163 2526 2340 2582 genua
2391 2513 2730 2567 camelorum
2782 2512 2960 2566 instar
3001 2511 3264 2566 callosam
3313 2512 3572 2567 duritiem

1989 2609 2401 2667 contraxerant,
2427 2603 2574 2674 quod
2602 2619 2715 2672 prae
2741 2603 3077 2658 abundantia
3101 2603 3320 2673 pietatis
3352 2601 3572 2664 assidue

1989 2693 2081 2748 illa
2113 2708 2298 2748 coram
2338 2693 2568 2749 Domino
2598 2694 2857 2749 ﬂecteret.
2879 2695 3244 2760 Quamobrem
3270 2707 3432 2748 nemo
3463 2708 3574 2746 am-

1988 2786 2132 2856 plius
2166 2787 2391 2856 proprio
2414 2787 2566 2841 illum
2618 2787 2838 2841 nomine
2871 2787 3124 2852 vocabat,
3151 2787 3246 2842 sed
3280 2785 3468 2840 Justus
3503 2785 3574 2840 ab

1987 2878 2246 2934 omnibus
2279 2879 2677 2949 appellabatur.
2712 2878 2792 2933 Ad
2817 2877 2932 2933 haec
2960 2894 3242 2949 nunquam
3275 2878 3330 2932 in
3360 2877 3572 2933 balneis

1989 2969 2152 3035 lavit;
2218 2970 2286 3024 ab
2336 2971 2582 3024 animato
2630 2970 2778 3024 omni
2811 2971 3159 3046 temperavit,
3192 2977 3254 3024 ut
3289 2977 3450 3024 antea
3487 2969 3573 3023 di-

1988 3066 2137 3114 ctum
2167 3067 2286 3126 est;
2328 3076 2505 3130 neque
2527 3061 2794 3115 sandaliis
2821 3077 2955 3116 usus
2986 3069 3089 3116 est.
3122 3060 3355 3131 Reliqua
3385 3059 3570 3115 omnia

1986 3151 2363 3219 praetermitto,
2387 3167 2509 3221 quae
2548 3150 2616 3206 de
2639 3152 2743 3206 hoc
2778 3151 2916 3215 viro,
2954 3152 3132 3222 deque
3153 3151 3412 3205 laudabili
3448 3152 3574 3205 vita:

1988 3238 2135 3294 illius
2161 3239 2417 3294 instituto
2448 3240 2750 3309 quamlibet
2786 3241 3008 3310 copiose
3043 3241 3151 3295 dici
3187 3249 3438 3310 possunt.
3477 3240 3573 3294 Vi-

1986 3329 2156 3385 desne
2187 3343 2348 3399 quam
2399 3329 2619 3400 egregia
2656 3329 2861 3383 familia
2903 3330 2994 3383 illa
3038 3330 3220 3384 omnis
3249 3331 3573 3386 exstiterit?

1986 3417 2121 3472 Nam
2154 3419 2200 3476 si
2254 3417 2479 3489 Iosephi
2535 3418 2694 3474 liberi
2727 3419 3004 3488 virginum
3045 3419 3296 3474 ordinem
3342 3421 3494 3474 illum
3517 3429 3576 3476 et

305 3503 625 3576 πρεσϐύτης
661 3507 756 3561 καὶ
774 3481 952 3578 τίμιος
975 3507 1117 3578 ἀνὴρ
1147 3481 1262 3579 ᾔδει
1291 3481 1580 3578 ιρυλάττείν
1608 3481 1883 3582 ΙἸαρθένον

1990 3511 2370 3565 Nazaraeorum
2428 3507 2665 3565 oliicium
2721 3511 3093 3574 sectabantur,
3143 3519 3351 3580 quanto
3395 3513 3573 3582 magis

301 3594 502 3665 ἁγνὴν,
532 3595 627 3648 καὶ
657 3597 821 3666 τιμᾷν
847 3595 908 3648 τὸ
955 3594 1172 3660 σκεῦος,
1208 3595 1337 3650 ἔνθα
1366 3615 1469 3651 που
1493 3599 1826 3671 ὲνεδήμησεν
1850 3601 1884 3671 ἡ

300 3686 417 3741 τῶν
445 3685 746 3758 ἀνθρώπων
775 3685 1050 3757 σωτηρία;
1079 3684 1216 3740 Οὔτε
1239 3689 1376 3760 αὐτὴ
1403 3688 1615 3758 ἡφύσις
1645 3689 1885 3743 διδάσκει

301 3775 477 3846 ἡμᾶς,
530 3775 612 3828 ὅτι
675 3774 812 3846 ἀνὴρ
858 3775 957 3846 μὲν
987 3769 1055 3845 ἦν
1109 3777 1442 3848 πρεσϐύτης,
1495 3777 1885 3849 ὑπερϐεϐηκὼς

301 3867 445 3920 πολὺ
478 3868 542 3937 τῇ
575 3866 782 3937 ἡλικίᾳ,
816 3867 990 3938 μέγας
1030 3866 1269 3936 γεγονὼς
1302 3870 1358 3921 ὲν
1396 3869 1643 3938 ἀνδράσι,
1694 3871 1885 3934 πιστὸς

300 3957 401 4028 τὸν
438 3957 658 4028 τρόπον,
708 3957 942 4029 εὐλαϐὴς
977 3959 1038 4012 τὸ
1068 3957 1227 4022 εἶδος.
1254 3958 1454 4012 Φάσκει
1482 3960 1590 4031 γὰρ
1612 3960 1674 4013 τὸ
1705 3961 1885 4030 Εὐαγ-

302 4048 505 4119 γέλιον,
539 4049 622 4102 ὅτι
660 4047 830 4117 Ἀνὴρ
850 4051 1218 4120 φοϐούμενος
1249 4049 1357 4104 τὸν
1383 4051 1531 4105 Θεὸν
1567 4051 1754 4120 ἐζήτει
1777 4052 1886 4106 λά-

303 4144 422 4210 θρα
455 4140 761 4196 ἀπολῦσαι
785 4141 1006 4209 αὐτήν.
1031 4143 1269 4213 Τελευτᾷ
1294 4143 1352 4195 δὲ
1383 4135 1535 4205 οὗτος
1564 4145 1592 4196 6
1629 4142 1884 4207 Ἰάκωϐος

300 4233 337 4289 ὁ
386 4231 610 4302 ἀδελφὸς
653 4231 747 4286 τοῦ
780 4232 980 4304 Κυρίου
1007 4233 1102 4287 καὶ
1129 4233 1242 4296 υίὸς
1282 4232 1477 4303 Ἰωσὴφ
1503 4235 1560 4286 ὲν
1591 4233 1885 4304 Ἰεροσολύ-

305 4337 458 4394 μοις,
503 4320 705 4393 βιώσας
759 4321 899 4393 μετά
949 4322 1048 4394 τὴν
1092 4321 1186 4375 τοῦ
1216 4322 1465 4393 Σωτῆρος
1506 4321 1583 4391 (8)
1617 4321 1884 4394 ἀνάληψιν

413 4455 434 4487 ¹
467 4454 640 4511 Exod.
671 4470 750 4520 vt,
782 4457 876 4511 2'5.
943 4458 964 4489 ²
995 4453 1186 4510 Matth.
1225 4472 1262 4522 t,
1295 4456 1384 4512 19.

303 4566 544 4641 Iacobus
580 4568 1008 4641 Dei‘etDomini
1058 4569 1226 4624 nostri
1271 4568 1402 4641 Iesu
1450 4569 1650 4626 Christi
1679 4587 1880 4641 servus,

303 4637 586 4709 duodecim
619 4637 877 4702 tribubus,
920 4656 1036 4709 qua!
1074 4651 1194 4693 sunt
1243 4641 1300 4692 in
1342 4640 1686 4709 dispersione,
1734 4637 1884 4696 salu-1

304 4657 586 4692 auoaectm
619 4657 877 4702 trwuuus,
953 4657 1036 4692 um
1074 4657 1194 4693 sum
1243 4657 1300 4692 ιη
1342 4657 1686 4709 dispersione,
1734 4657 1882 4696 satu-

304 4716 438 4779 tem.
469 4706 600 4764 Item
631 4709 752 4779 Act.
786 4725 875 4773 xx,
905 4657 960 4773 ἕ,
993 4709 1196 4765 Paulus
1230 4710 1305 4763 ita
1335 4711 1577 4779 loquitur
1603 4730 1616 4764 :
1648 4713 1716 4765 Et
1743 4728 1882 4766 nunc

301 4778 370 4833 in
390 4792 495 4851 spe,
512 4794 628 4847 qua:
653 4777 926 4851 ‘adhputres
942 4789 1157 4851 nostros
1183 4777 1604 4851 repromissionis
1628 4782 1773 4851 facta
1793 4791 1872 4837 est

305 4865 348 4920 ᾳ
381 4845 617 4909 Βεσζδῑο
635 4847 839 4917 judicio
867 4849 1152 4920 su_bjectus,
1187 4845 1248 4902 in'
1279 4866 1437 4920 quam
1467 4845 1748 4906 duodecim
1771 4853 1871 4905 tri-

309 4916 413 4988 bus
436 4910 800 4988 nostrte'nncte
819 4937 881 4972 ac
901 4910 984 4973 die
998 4910 1336 4974 deservientes
1359 4929 1570 4988 sperant
1585 4923 1868 4988 pervenire.

308 4986 579 5052 Quamvis
601 4987 747 5042 enim
783 4988 1032 5044 abducta:
1059 4989 1247 5044 decem
1291 4986 1468 5045 tribus
1513 4986 1719 5054 essent,
1760 5007 1870 5048 non

307 5056 475 5126 pauci
511 5064 693 5111 tamen
731 5072 799 5112 ex
837 5058 948 5114 illis
972 5059 1059 5112 vel
1081 5058 1295 5114 duabus
1333 5060 1456 5114 aliis
1491 5061 1740 5116 tribubus
1771 5061 1871 5115 im-

305 5125 484 5196 inisti,
537 5126 617 5179 vel
669 5133 948 5195 utcunque
979 5128 1194 5183 liberati
1227 5138 1564 5184 manserunt.
1607 5129 1764 5196 Quod
1801 5130 1870 5185 ad

305 5194 928 5268 acclatnatum__Usanna
970 5197 1245 5268 pertinet:
1278 5197 1393 5253 ﬁeri
1428 5194 1648 5268 potest,
1674 5201 1746 5254 uti
1783 5216 1870 5255 ra-

303 5278 436 5340 ntes
467 5263 535 5340 ad
565 5265 838 5340 publicam
880 5263 1275 5340 testiﬁcandam
1317 5263 1555 5340 laetitiam
1609 5263 1870 5340 poposce-

305 5334 448 5407 [int,
469 5335 536 5388 ad
565 5334 660 5390 eos
680 5335 1068 5407 defringendos
1097 5351 1218 5392 sese
1241 5336 1477 5407 invicem
1513 5334 1711 5394 hortati
1737 5341 1866 5396 sint.

303 5401 655 5458 Postremum
699 5404 767 5460 de
804 5401 1183 5460 Na‘zaraeorum
1239 5405 1490 5462 instituto
1528 5408 1867 5464 levissimum

303 5479 420 5527 est.
444 5472 628 5542 Neque
657 5477 799 5529 enim
838 5475 1079 5530 Nazartei
1117 5475 1195 5528 illi
1229 5478 1476 5598 perpetui
1503 5480 1762 5534 carnibus
1789 5480 1869 5534 sic

303 5541 716 5598 abstinuerunt.
765 5553 825 5598 ut
865 5561 976 5598 non
1016 5544 1264 5598 Paschai
1297 5561 1437 5598 anno
1469 5556 1821 5598 vescerentur
1852 5567 1865 5598 :

303 5541 716 5617 abstinuerunt,
764 5553 825 5617 ut
865 5561 976 5600 non
1016 5541 1264 5600 Paschali
1297 5541 1437 5617 a'gno
1469 5556 1821 5603 vescerentur
1852 5567 1865 5602 :

300 5624 440 5666 cum
484 5613 849 5687 idipsum__lex
888 5623 996 5669 tam
1037 5625 1298 5687 accurate
1323 5613 1662 5687 praeciperet,
1690 5617 1786 5674 sed
1817 5619 1871 5673 in

301 5684 592 5756 communi
634 5684 842 5756 scilicet
901 5684 1508 5756 quotidianoqueWictu‘
1546 5687 1655 5745 illis
1698 5689 1869 5746 absti-

302 5750 521 5809 nebant
571 5761 630 5808 ut
666 5762 722 5810 et
759 5754 890 5812 vino
917 5750 982 5812 ac
1010 5755 1204 5812 sicera.

1987 3616 2154 3656 senex
2217 3601 2308 3656 ille
2357 3603 2711 3657 veneratione
2741 3602 2888 3655 omni
2933 3603 3294 3672 dignissimus
3357 3611 3572 3658 castam

1985 3702 2052 3748 et
2095 3694 2354 3748 intactam
2419 3691 2704 3763 Virginem
2767 3707 3102 3749 conservare
3145 3700 3394 3756 noverat,
3432 3703 3486 3748 et
3520 3694 3572 3747 ei

1984 3785 2103 3840 vasi
2145 3784 2478 3854 singularem
2518 3783 2812 3853 quemdam
2844 3784 3111 3838 honorem
3154 3783 3387 3849 deferre,
3425 3786 3571 3854 quod

1985 3876 2218 3930 salutem
2255 3874 2540 3930 hominum
2583 3874 2882 3946 aliquando
2937 3876 3318 3931 continuerat?
3365 3876 3472 3931 Sed
3516 3885 3571 3932 et

1985 3976 2179 4022 natura
2207 3967 2326 4038 ipsa
2355 3967 2685 4022 documento
2729 3969 2889 4023 nobis
2916 3984 3038 4024 esse
3071 3977 3252 4040 potest
3283 3987 3297 4021 :
3335 3969 3481 4039 quod
3516 3979 3570 4024 et

1985 4058 2177 4114 all‘ecta
2200 4058 2312 4128 jam
2344 4065 2505 4114 aetate
2538 4058 2696 4124 foret,
2746 4074 2810 4114 ac
2840 4069 2970 4114 natu
3003 4061 3266 4131 grandior
3287 4104 3301 4127 ,
3339 4077 3570 4132 magnus

1938 4204 1942 4208 ,
1982 4148 2130 4202 ἱιιιει·
2182 4149 2357 4212 viros,
2415 4149 2662 4204 moribus
2729 4149 2923 4213 ﬁdelis,
2971 4165 3036 4204 ac
3077 4151 3260 4221 Specie
3300 4151 3416 4218 ipsa
3444 4152 3569 4205 reli-

1985 4239 2194 4310 giosus.
2226 4238 2299 4294 De
2333 4255 2409 4294 eo.
2451 4241 2652 4311 quippe
2690 4248 2927 4297 testatur
2972 4241 3350 4312 Evangelium,
3390 4243 3566 4296 homi-

1983 4344 2107 4385 nem
2157 4329 2327 4387 l'uisse
2379 4331 2661 4387 timentem
2722 4331 2890 4388 Deum
2918 4335 2990 4387 ’νς
3024 4335 3117 4402 qtti
3159 4333 3367 4388 idcirco
3418 4334 3562 4388 clam

2055 4578 2130 4650 (6)
2174 4579 2519 4647 Ἐπειδήπερ
2549 4581 2609 4634 at
2638 4579 2748 4635 δύο
2780 4579 2990 4650 φυλαί.
3039 4579 3154 4634 Hoc
3193 4578 3326 4634 alibi
3360 4580 3565 4634 refuta-

1983 4655 2099 4703 tum
2139 4665 2168 4702 a
2205 4650 2363 4704 nobis
2392 4658 2495 4704 est.

2057 4719 2132 4789 (7)
2168 4714 2356 4784 Οὗτος
2407 4722 2439 4789 ό
2488 4719 2756 4789 Ἰάκωϐος
2805 4719 2904 4789 καὶ
2955 4717 3253 4789 πέταλονἒ
3300 4716 3377 4772 lta
3430 4719 3561 4774 hair.

1982 4787 2075 4858 29,
2126 4803 2182 4840 n.
2222 4789 2302 4858 6:
2351 4788 2634 4858 ’Δλλὰκαὶ
2675 4788 2737 4858 τὸ
2777 4788 3006 4858 πέταλον
3060 4787 3152 4840 ἐπὶ
3195 4787 3566 4858 τῆςίκεφαλῆς

1977 4857 2102 4929 έξῆν
2126 4856 2512 4929 αδτῷηφέρειν-
2547 4857 2718 4929 Quod
2764 4857 2832 4929 dg
2885 4857 3082 4913 summi
3136 4857 3430 4929 pontiﬁcis.
3462 4856 3564 4910 πε-

1973 4927 2120 4996 τὰλῳ
2178 4927 2457 4997 accepisse
2505 4928 2740 4997 videtur.
2800 4927 3093 4997 Perperam
3160 4927 3209 4979 id
3277 4927 3497 4996 quidem
3547 4947 3562 4983 :

1975 4997 2119 5064 quod
2154 4996 2356 5066 alioqui
2395 4997 2464 5052 de
2505 4996 2944 5066 Christianorum
2993 4997 3310 5066 pontiﬁcum
3362 4998 3563 5063 insigni

1975 5065 2398 5136 credibileiest,
2445 5073 2501 5122 et
2546 5067 2614 5122 de
2661 5065 2872 5136 Joanne
2922 5065 3256 5136 evangelista
3303 5075 3560 5122 testatum

1975 5137 2195 5205 reliquit
2246 5135 2559 5207 Polycrates
2612 5135 3004 5207 apudEuseb.
3058 5137 3150 5190 lib.
3186 5152 3400 5207 v,rcap.
3446 5137 3556 5207 2;:

1981 5209 2077 5278 Ὃς
2105 5205 2358 5278 ἐγενήθη
2387 5206 2564 5278 ἱερεὺς
2605 5206 2683 5278 τὸ,
2717 5205 2946 5278 πέταλον
2994 5205 3437 5278 πεφορεκιτ›ς.“[)ε
3471 5205 3561 5258 Ja-

1975 5277 2113 5348 cobo
2156 5275 2303 5348 haud
2327 5275 2560 5348 scio‘_an
2598 5276 2875 5348 quispiam
2899 5275 3218 5348 prodiderit.
3256 5279 3388 5348 Nam
3422 5290 3560 5348 quos

1979 5347 2168 5416 haeresi
2204 5344 2275 5416 29
2310 5344 2810 5416 citatEpiplfanius,
2845 5344 2914 5400 de
2952 5345 3180 5410 Joanne,
3208 5361 3318 5400 non
3355 5345 3560 5398 Jacoho

1975 5414 2081 5470 ista
2111 5415 2469 5483 scripserunt.

2048 5484 2124 5554 (8)
2158 5481 2392 5554 Βιώᾳας
2412 5484 2560 5552 μετὰ
2590 5482 2702 5550 τὴν
2727 5484 2835 5538 τοῦ
2877 5483 3166 5552 Σωτῆρος.
3202 5483 3464 5554 Eusebius
3492 5481 3557 5554 in

1980 5553 2236 5608 Chronico
2266 5553 2528 5608 Iacobum
2561 5554 2747 5608 scribit
2803 5568 2946 5608 anno
2993 5553 3220 5608 Neronis
3256 5567 3328 5606 vn
3362 5553 3558 5621 lapidi-

1978 5624 2083 5679 bus
2115 5623 2373 5677 obrutum
2417 5623 2620 5690 fuisse;
2650 5623 2796 5692 quod
2840 5631 2894 5678 et
2930 5622 3151 5676 Hieron.
3195 5623 3251 5676 in
3287 5622 3558 5692 catalogo

1979 5693 2244 5763 sequitur,
2278 5693 2370 5762 qui
2409 5709 2513 5748 xxx
2567 5691 2725 5748 annis
2774 5693 2924 5746 illum
2958 5693 3165 5763 sedisse
3207 5691 3392 5763 refert.
3443 5691 3556 5747 Non

1981 5761 2146 5833 igitur
2177 5761 2466 5821 accuratus
2490 5772 2573 5822 est
2600 5777 2866 5820 annorum
2891 5762 3036 5832 apud
3063 5761 3423 5834 Epiphaniunt
3452 5776 3553 5815 nu-

1983 5848 2186 5889 uterus.
