3964 6426
473 397 578 451 723

1881 394 1942 450 S.
1981 393 2327 450 EPIPHANII
3580 384 3662 442 724

469 511 757 582 conjugem
800 510 1073 568 dimittere
1097 511 1403 570 statuisset.
1443 509 1551 568 Sed
1591 519 1650 566 ut
1677 510 1745 566 ad
1776 508 2042 566 Jacobum

2161 511 2300 565 ἔτεσι
2366 508 2802 580 είκοσιτέσσαρσι
2849 507 3020 562 πλείω
3055 505 3286 571 ἐλάσσω,
3325 504 3400 558 ὣν
3429 503 3553 558 ἑτῶν
3573 505 3665 573 kd,

470 602 691 660 redeam
721 601 932 658 Domini
971 603 1220 668 fratrem,
1244 617 1308 658 ac
1331 601 1552 674 Josephi
1575 602 1764 670 ﬁlium,
1802 603 1890 657 hic
1914 602 2042 658 Hie-

468 692 764 762 rosolymis
805 700 1059 749 mortuus
1123 705 1208 749 est
1265 693 1426 750 annis
1481 700 1603 763 post
1652 693 2044 750 Ascensionem

469 779 688 836 Domini
742 781 868 851 plus
916 783 1101 838 minus
1148 781 1342 852 viginti
1381 789 1618 852 quatuor
1654 785 1883 848 exactis,
1918 799 2046 838 cum

470 871 588 941 ipse
626 879 841 925 sextum
880 877 936 927 et
982 872 1396 942 nonagesimum
1438 872 1614 928 aetatis
1665 881 1870 942 ageret.
1907 872 2048 928 Huic

470 961 616 1015 enim
665 959 802 1017 fullo
863 961 1087 1032 quidam
1118 968 1286 1032 caput
1336 961 1477 1017 fuste
1514 962 1862 1027 comminuit,
1919 977 2044 1017 cum

468 1067 712 1122 praeceps
771 1061 919 1108 esset
962 1067 993 1108 e
1033 1052 1218 1122 templi
1265 1052 1560 1122 pinnaculo
1617 1051 1899 1120 dejectus;
1949 1051 2048 1108 sed

467 1146 608 1201 nihil
649 1145 943 1202 admodum
971 1146 1237 1212 offensus,
1267 1147 1635 1216 procumbens
1660 1145 1716 1200 in
1749 1159 1926 1215 genua
1949 1159 2049 1216 pro

469 1237 558 1291 his
589 1238 746 1308 ipsis,
777 1255 808 1294 a
837 1239 1039 1309 quibus
1072 1239 1444 1310 praecipitatus
1480 1237 1682 1303 fuerat,
1716 1237 1886 1293 Deum
1926 1253 2050 1308 pre—

470 1337 630 1383 catus
655 1338 758 1392 est,
806 1329 893 1386 his
928 1331 1145 1386 verbis:
1180 1327 1401 1386 Dimitte
1431 1331 1562 1394 illis,
1616 1331 1745 1401 quia
1794 1332 2052 1386 nesciunt

2149 603 2256 657 ὑπὸ
2281 601 2378 656 τοῦ
2412 601 2663 670 γναφέως
2709 599 2788 670 τῷ
2837 599 2980 670 ξύλῳ
3021 597 3266 660 παισθεὶς
3309 595 3406 666 τὴν
3449 593 3667 666 κεφαλὴν,

2152 693 2333 766 ριφεὶς
2355 692 2465 747 ἀπὸ
2511 691 2605 745 τοῦ
2633 691 2927 762 πτερυγίου
2969 690 3062 744 τοῦ
3090 689 3258 762 ἱεροῦ,
3289 687 3381 740 καὶ
3403 684 3642 739 κατελθών
3659 703 3670 717 ·

2152 785 2247 839 καὶ
2280 783 2444 855 μηδὲν
2470 781 2768 852 ἀδικηθεὶς,
2798 783 2987 844 κλίνας
3010 780 3067 836 δὲ
3091 779 3160 834 τὰ
3181 779 3400 849 γόνατα,
3425 776 3512 830 καὶ
3536 791 3672 847 προσο

2151 874 2445 946 ευξάμενος
2491 874 2631 944 ὑπὲρ
2700 873 2880 927 αὐτῶν
2941 873 3206 942 ῥιψάντων
3231 910 3246 934 ,
3313 870 3406 922 καὶ
3457 867 3674 936 φάσκων·

2154 965 2520 1036 Συγχώρησον
2582 964 2804 1027 αὐτοῖς’
2845 963 2907 1017 ού
2980 963 3089 1034 γὰρ
3116 961 3289 1015 οἴδασι
3345 959 3398 1011 τί
3451 956 3676 1011 ποιοῦσινο

2149 1058 2226 1121 ὡς
2254 1058 2350 1110 καὶ
2369 1053 2594 1125 Συμεὼν
2621 1054 2810 1126 πόρρω
2837 1052 3030 1119 ἑστὼς,
3061 1054 3092 1105 6
3119 1051 3304 1105 τούτου
3339 1049 3566 1118 ἀνεψιὸς,
3592 1047 3680 1110 υἱὸς

2151 1148 2210 1203 δὲ
2235 1147 2332 1200 τοῦ
2370 1147 2599 1212 Κλωπᾶ,
2641 1145 2796 1213 ἔλεγε
2823 1159 2840 1175 ο
2892 1143 3181 1198 Παύσασθε
3205 1159 3221 1172 ·
3248 1143 3305 1195 τί
3347 1137 3576 1203 λιθάζετε
3612 1138 3684 1191 τὸν

2152 1239 2358 1294 δίκαιον
2384 1254 2399 1305 ;
2430 1238 2540 1292 Καὶ
2579 1238 2689 1292 ἰδοὺ
2727 1235 2945 1307 εὔχεται
2985 1235 3125 1305 ὑπὲρ
3157 1233 3309 1305 ὑμῶν
3340 1233 3408 1286 τὰ
3447 1230 3681 1286 κάλλιστα.

2155 1331 2266 1385 Καὶ
2283 1328 2456 1395 οὕτως
2483 1329 2676 1399 γέγονε
2698 1327 2759 1381 τὺ
2786 1325 2952 1381 αὑτοῦ
2979 1324 3296 1397 μαρτύριον.

470 1419 602 1490 quid
645 1422 868 1477 faciunt.
904 1419 1057 1476 Unde
1106 1421 1343 1494 Symeon
1375 1422 1524 1477 illius
1555 1437 1587 1476 e
1627 1435 1819 1478 sorore
1848 1435 2041 1491 nepos,
2083 1436 2148 1476 ac
2177 1419 2433 1492 Cleophae
2484 1420 2628 1476 filius
2661 1419 2851 1490 procul
2882 1425 3070 1474 astans
3095 1417 3148 1472 in
3194 1417 3308 1470 haec
3369 1413 3527 1469 verba
3571 1411 3688 1464 locu-

472 1521 562 1570 tus
597 1522 682 1569 est
707 1532 720 1566 :
745 1512 987 1568 Desinite
1021 1514 1032 1567 !
1068 1514 1278 1586 1047
1325 1512 1467 1579 Quid
1509 1513 1782 1584 lapidibus
1831 1512 2045 1583 justum
2087 1513 2362 1568 hominem
2413 1510 2712 1583 appetitis?
2773 1513 2828 1566 ls
2899 1523 3001 1580 pro
3042 1508 3198 1564 vobis
3234 1505 3442 1577 Optima
3501 1514 3690 1572 qumque

469 1611 747 1674 precatur.
806 1601 922 1659 Hoc
974 1603 1144 1674 igitur
1196 1604 1360 1660 modo
1405 1606 1672 1676 martyrio
1720 1603 2046 1675 perfunctus
2083 1613 2186 1661 est.

538 1695 656 1753 XV.
695 1695 814 1771 Jam
864 1712 995 1753 vero
1025 1698 1072 1753 si
1101 1697 1324 1769 Iosephi
1368 1699 1514 1752 [ilius
1552 1705 1711 1753 aetate
1740 1697 1823 1754 sic
1852 1711 2051 1767 prove-

2231 1700 2331 1754 IE'.
2377 1700 2438 1752 Ei
2462 1699 2638 1753 τοίνυν
2664 1699 2693 1750 6
2719 1697 2908 1750 τούτου
2937 1697 3069 1758 παῖς
3093 1691 3367 1747 τοσούτων
3391 1687 3522 1743 ἐτῶν
3549 1687 3692 1756 ὑπῆρ-

468 1795 592 1844 ctus
621 1787 745 1853 fuit,
795 1789 918 1858 quis
971 1788 1094 1858 ejus
1148 1799 1360 1859 patrem
1415 1789 1734 1855 arbitretur,
1789 1789 1883 1860 qui
1939 1796 2050 1844 tam

2161 1809 2241 1862 χε,
2274 1790 2392 1854 πῶς
2425 1790 2535 1862 ἄρα
2561 1791 2588 1842 6
2612 1788 2803 1842 τούτου
2843 1787 3025 1858 πατὴρ
3067 1785 3281 1856 βλέπων
3311 1779 3545 1854 φρικώδη
3581 1778 3692 1850 πρά-

463 1877 744 1934 horrenda
769 1878 1084 1947 spectacula
1106 1879 1372 1936 vidisset:
1395 1886 1527 1949 puta
1550 1881 1774 1948 angelos
1808 1879 2055 1935 nascenti

471 1966 610 2021 Filio
645 1965 740 2022 Dei
773 1967 1100 2036 stipatorum
1139 1983 1205 2023 ac
1233 1969 1530 2024 satellitum
1586 1968 1757 2025 ollicia
1788 1975 2056 2038 praestan-

472 2063 577 2123 tcs,
613 2071 679 2111 ac
709 2057 775 2112 de
805 2057 946 2112 caelo
977 2065 1283 2122 cantantes,
1325 2067 1379 2113 et
1424 2060 1669 2116 dicentes
1704 2079 1716 2114 :
1761 2059 1948 2115 Gloria
2000 2060 2057 2114 in

469 2147 747 2200 altissimis
773 2146 884 2202 Deo
903 2187 918 2212 ,
947 2158 997 2203 et
1020 2149 1075 2202 in
1110 2159 1250 2204 terra
1275 2163 1401 2218 pax,
1429 2151 1485 2204 in
1505 2150 1804 2205 hominibus
1831 2151 2054 2220 benigna

468 2235 711 2290 voluntas
736 2237 775 2303 ¹;
804 2253 927 2292 cum
952 2246 1201 2308 pastores
1220 2238 1447 2310 insuper
1466 2240 1532 2295 ad
1563 2255 1683 2295 eam
1711 2241 2052 2310 speluncam,

469 2326 523 2379 in
559 2341 666 2396 qua
709 2325 966 2384 Christus
1007 2338 1171 2384 natus
1217 2337 1357 2397 erat,
1401 2330 1794 2396 accessissent,
1834 2330 2057 2386 eadem-

466 2435 574 2490 que
603 2421 971 2489 nuntiassent,
1000 2437 1124 2478 cum
1157 2423 1295 2488 haec,
1317 2423 1561 2494 inquam,
1597 2432 1708 2480 tam
1732 2423 2056 2479 admiranda

467 2497 718 2582 prodigia
764 2525 828 2564 ac
863 2511 1129 2566 miracula
1168 2509 1442 2583 Joseplius
1477 2512 1567 2568 ille
1627 2527 1792 2569 senex
1855 2528 1919 2568 ac
1959 2512 2057 2570 de-

467 2600 712 2671 crepitus
757 2601 995 2667 audiret,
1041 2600 1232 2658 fierine
1268 2603 1470 2673 potuit,
1504 2610 1701 2658 sancto
1735 2613 1794 2658 ut
1823 2603 1900 2658 illi
1931 2618 2056 2658 cor-

451 2679 610 2760 pori,
647 2691 702 2745 in
728 2706 838 2761 quo
864 2691 1009 2747 Deus
1033 2692 1398 2757 habitaverat,
1442 2708 1538 2762 per
1577 2707 1846 2748 summam
1897 2693 2056 2763 igno-

476 2780 698 2835 miniam
740 2781 1035 2837 illuderet?
1065 2797 1176 2853 quo
1205 2783 1430 2852 quidem
1455 2799 1520 2838 ex
1545 2798 1776 2853 corpore
1801 2793 2058 2854 suscepta

470 2887 497 2924 a
530 2870 624 2926 Dei
655 2869 837 2928 Verbo
883 2873 1127 2930 hominis
1170 2881 1255 2930 est
1301 2882 1498 2929 natura
1551 2881 1858 2929 contracta.
1902 2871 2059 2930 Unde

470 2969 524 3017 et
583 2970 774 3019 sancta
815 2963 908 3017 illa
941 2971 996 3019 et
1029 2963 1349 3035 incorrupta
1387 2978 1518 3019 caro
1559 2964 1824 3019 fabricata
1865 2973 1970 3029 est,
2005 2974 2060 3020 et

470 3070 597 3108 cum
642 3054 945 3110 Salvatoris
992 3055 1284 3111 divinitate
1322 3055 1641 3126 conjuncta.
1683 3055 2056 3122 Quemadmoo

2157 1899 2364 1954 γματα,
2399 1880 2663 1950 ἀγγέλους
2690 1880 2790 1950 τὴν
2820 1877 3072 1948 γέννησιν
3096 1875 3190 1930 τοῦ
3224 1874 3359 1928 Υἱοῦ
3387 1869 3694 1943 δορυφοροῦν-

2155 1991 2274 2038 τας,
2323 1971 2628 2043 ὑμνοῦντας
2667 1969 2764 2024 ἀπ’
2796 1967 3052 2040 ούρανοῦ,
3098 1967 3194 2020 καὶ
3247 1965 3534 2033 λέγοντας·
3573 1960 3696 2023 Δόξα

2153 2065 2226 2119 ἐν
2253 2065 2542 2134 ὑψίστοις
2573 2060 2714 2128 Θεῷ,
2749 2060 2850 2115 καί
2877 2059 2976 2113 ἐπὶ
3006 2058 3121 2130 τῆς
3152 2056 3391 2126 εἰρήνη,
3423 2055 3490 2108 ἐν
3511 2052 3696 2120 ἀνθρώ·

2157 2167 2295 2218 ποις
2342 2150 2615 2205 εὐδοκίαο
2653 2149 2748 2203 καὶ
2791 2147 2902 2202 τῶν
2953 2147 3227 2218 ποιμένων
3273 2147 3510 2217 ἡκόντων
3551 2143 3618 2204 εἰς
3654 2139 3697 2192 τὸ

2158 2241 2446 2312 σπήλαιον,
2481 2238 2611 2292 ἔνθα
2653 2237 2942 2308 ἐγεννήθη,
2987 2236 3085 2290 καὶ
3127 2233 3304 2289 ταῦτα
3349 2231 3700 2301 ἀγγελλόντων,

2158 2329 2253 2381 καὶ
2279 2345 2374 2382 του
2415 2325 2612 2397 Ἰωσὴφ
2642 2325 2930 2388 ἀκούοντος
2956 2323 3050 2378 τοῦ
3084 2322 3396 2393 πρεσϐύτου
3427 2321 3518 2374 καὶ
3564 2321 3698 2388 ὑπερ-

2157 2417 2355 2480 ϐάντος
2382 2415 2477 2469 τοῦ
2505 2416 2720 2487 χρόνου,
2747 2414 2816 2468 τὰ
2845 2413 3082 2467 τοσαῦτα
3109 2415 3316 2483 σημεῖα
3340 2411 3435 2464 καὶ
3468 2409 3700 2478 θαύματα,

2158 2508 2277 2572 πῶς
2299 2508 2501 2578 ἐτόλμα
2531 2508 2903 2578 ὲμπαροινεῖν,
2930 2505 3025 2559 καὶ
3052 2502 3362 2576 ἐνυϐρίζειν
3388 2502 3541 2571 σῶμα
3559 2499 3700 2566 ἅγιον,

2157 2602 2216 2654 ὲν
2246 2593 2292 2668 ᾧ
2325 2598 2640 2668 κατῳκίσθη
2673 2598 2843 2663 Θεός;
2878 2595 2938 2662 εξ
2969 2590 3141 2666 οὗπερ
3185 2594 3442 2665 σώματος
3486 2590 3704 2656 συνελέγη

2158 2695 2290 2766 ἡμῖν
2333 2695 2368 2765 ἡ
2407 2693 2505 2764 τῆς
2549 2693 2815 2764 ὲνσάρκου
2870 2691 3174 2762 παρουσίας
3200 2685 3518 2759 οίκονομία’
3557 2679 3703 2746 ὅθενὴ

2157 2786 2291 2854 ἁγία
2322 2785 2588 2856 ἄχραντος
2636 2783 2774 2856 σὰρξ
2813 2785 2946 2854 ἡμῖν
2993 2779 3320 2854 ᾠκοδομήθη
3353 2781 3410 2832 ὲν
3441 2778 3504 2846 τῇ
3533 2772 3705 2840 θεότητι

2157 2877 2252 2932 τοῦ
2281 2877 2559 2950 Σωτῆρος*
2588 2875 2664 2939 ὡς
2695 2877 2723 2928 6
2758 2874 2987 2944 ἅγγελος
3031 2874 3212 2927 ἐκεῖσε
3251 2867 3494 2939 Γαϐριὴλ
3529 2865 3701 2930 λέγων’

2159 2969 2404 3038 Πνεῦμα
2425 2968 2646 3036 Κυρίου
2677 2966 3073 3020 ἐπελεύσεται
3101 2963 3200 3018 ἐπὶ
3237 2963 3340 3027 σὲ,
3371 2961 3467 3015 καί
3495 2958 3704 3022 δύναμις

2167 3062 2466 3130 ’Υψιστου
2495 3055 2837 3112 ἐπισκιάσει
2868 3072 2968 3110 σοι
2989 3071 3003 3086 ο
3031 3054 3124 3108 διὸ
3153 3053 3252 3107 καὶ
3281 3051 3352 3106 τὸ
3377 3047 3708 3122 γεννώμενον

470 3145 600 3200 dum
657 3147 887 3214 angelus
944 3144 1165 3202 Gabriel
1214 3146 1327 3202 illic
1373 3155 1605 3203 testatus
1638 3155 1763 3204 est:
1797 3147 2053 3216 Spiritus,

2161 3155 2229 3210 ἐκ
2272 3153 2390 3209 σοῦ
2431 3151 2603 3222 ἅγιον
2653 3149 3024 3218 κληθήσεται
3075 3146 3210 3211 Υἱὸς
3257 3143 3430 3200 Θεοῦ.
3473 3140 3587 3202 Πῶς
3625 3135 3709 3206 ιρι

471 3235 666 3305 inquit,
707 3235 922 3290 Domini
963 3237 1286 3304 superveniet
1315 3237 1370 3291 in
1404 3249 1474 3303 te,
1507 3246 1558 3294 et
1586 3239 1752 3292 virtus
1785 3238 2053 3293 Altissimi

469 3323 804 3380 abumbrabit
851 3336 918 3382 te.
962 3325 1191 3396 Ideoque
1227 3336 1278 3382 et
1311 3328 1450 3398 quod
1477 3337 1724 3384 nascetur
1753 3345 1817 3384 ea:
1845 3339 1892 3384 te
1921 3346 2054 3385 san-

469 3428 632 3484 ctum,
673 3420 949 3474 vocabitur
982 3418 1162 3477 Filius
1194 3420 1351 3479 Dei'.
1383 3421 1752 3488 Quamobrem
1789 3438 1898 3494 quo
1933 3431 2059 3478 tan.

469 3510 592 3566 dem
625 3519 786 3582 pacto
819 3527 944 3566 cum
979 3519 1132 3567 tanta
1185 3513 1391 3584 talique
1431 3512 1656 3586 Virgine
1682 3514 1851 3570 Maria
1883 3531 2056 3588 copu-

470 3602 573 3656 lari
616 3618 784 3660 ausus
831 3604 1023 3659 esset?
1069 3603 1310 3674 Ecquem
1351 3619 1481 3661 vero
1523 3606 1764 3661 fructum
1806 3622 1870 3661 ea
1908 3622 2061 3679 quaa-

471 3693 580 3749 stio
619 3693 777 3749 nobis
811 3693 1014 3758 attulit,
1060 3703 1243 3749 utrum
1277 3694 1427 3750 illius
1461 3697 1918 3754 consuetudinem
1953 3698 2055 3753 hae

474 3783 698 3838 buerit?
738 3782 932 3838 Utrum
963 3799 1094 3840 vero
1133 3784 1357 3841 tandem
1400 3787 1576 3857 magis
1602 3787 2056 3859 eligendum_cst,

475 3878 586 3929 Dco
616 3874 927 3930 istiusmodi
957 3875 1170 3945 negotia
1191 3876 1556 3943 committere,
1585 3893 1654 3932 an
1684 3880 1752 3934 ad
1786 3880 2063 3936 deteriora

470 3963 744 4018 violenter
763 3962 1108 4032 irrumpere?
1138 3961 1294 4030 Quod
1319 3965 1467 4020 enim
1505 3981 1777 4036 nusquam
1801 3967 1859 4022 in
1885 3969 2063 4024 sacris

475 4054 700 4111 Litteris
729 4054 1002 4126 scriptum
1042 4064 1244 4122 exstet,
1272 4056 1378 4112 nisi
1405 4057 1803 4116 crediderimus
1834 4060 2064 4116 Mariam

475 4164 604 4204 cum
649 4149 769 4204 viro
815 4157 1002 4220 postea
1035 4149 1413 4216 consuevisse,
1468 4165 1571 4208 nos
1601 4151 1771 4208 vitam
1802 4162 2064 4210 aeternam

483 4240 712 4297 minime
735 4250 1154 4308 consecuturos,
1207 4242 1304 4298 sed
1341 4243 1551 4314 judicio
1594 4246 2064 4314 condemnandos,

2155 3244 2360 3316 ἐτόλμα
2396 3241 2734 3312 πναφθῆναι
2785 3243 2852 3312 τῇ
2902 3239 3138 3313 τοσαύτῃ
3191 3237 3286 3295 καὶ
3333 3234 3551 3305 τοιαύτῃ
3603 3226 3710 3297 ἁγίᾳ

2156 3336 2414 3410 παρθένῳ
2447 3334 2670 3406 Μαρίας
2699 3333 2765 3386 Τί
2808 3333 2867 3387 δὲ
2907 3332 3188 3403 ὠφέλησεν
3221 3331 3377 3401 ἡμᾶς
3422 3327 3519 3399 (9),
3556 3324 3598 3378 si
3637 3320 3710 3374 καὶ

2161 3427 2426 3501 συνήφθη,
2451 3429 2587 3497 ὅπερ
2624 3427 2700 3497 μὴ
2737 3425 2967 3494 γένοιτο,
3003 3424 3134 3496 περὶ
3185 3419 3282 3476 τοῦ
3339 3422 3548 3490 ζητεῖνς
3585 3414 3712 3468 Ποῖον

2160 3521 2220 3575 δὲ
2277 3518 2478 3590 μᾶλλόν
2529 3520 2678 3570 ἐστιν
2731 3514 3094 3589 αἱρετώτερον
3118 3553 3134 3580 ,
3191 3512 3254 3566 τὺ
3295 3508 3620 3584 παραδοῦναι
3660 3503 3713 3556 τὰ

2163 3610 2469 3682 πράγματα
2497 3607 2634 3679 Θεῷ,
2675 3608 2709 3679 ἢ
2743 3606 3025 3678 βιάζεσθαι
3072 3606 3206 3677 ἡμῖν
3237 3605 3308 3658 τὰ
3348 3604 3590 3674 χείρονα;
3615 3597 3712 3649 ὀτι

2167 3702 2267 3775 μὲν
2297 3702 2398 3756 οὐκ
2424 3700 2637 3772 ἐγράφη
2662 3700 2815 3771 ἡμῖν,
2841 3699 2947 3762 ὅτι,
2983 3697 3079 3752 ἐὰν
3120 3697 3197 3768 μὴ
3230 3695 3620 3765 πιστεύσωμεν,
3648 3691 3710 3743 ὅτι

2167 3793 2413 3865 συνήφθη
2447 3792 2608 3846 πάλιν
2651 3794 2680 3862 ἡ
2727 3790 2939 3861 Μαρία,
2965 3789 3066 3843 οὐκ
3093 3789 3288 3860 ἔχομεν
3327 3788 3473 3858 ζωὴν
3514 3783 3712 3842 αἰώνιον.

2166 3885 2302 3940 ἀλλὰ
2323 3887 2403 3950 είς
2426 3886 2599 3956 κρῖμα
2622 3883 2916 3955 ἐρχόμεθα,
2938 3882 3114 3954 δῆλον.
3134 3879 3386 3952 Ἑγράφη
3405 3878 3462 3931 δὲ
3479 3875 3529 3930 τί
3549 3877 3568 3908 ⁸
3585 3869 3711 3933 καλὰς

2168 3979 2304 4032 ἀλλὰ
2345 3978 2396 4031 τι
2433 3977 2638 4042 δίκαια,
2667 3975 2721 4030 τί
2759 3976 2965 4047 σεμνά·
3015 3975 3141 4028 ἰνα
3181 3972 3264 4038 δῷ
3300 3960 3425 4042 μὲν
3458 3968 3620 4039 χάριν
3639 3959 3714 4016 και

2169 4063 2295 4132 τοῖς
2323 4066 2677 4120 ἀκούουσιν.
2698 4063 2906 4119 Είασαν
2929 4064 2985 4117 δὲ
3004 4066 3054 4117 oi
3075 4063 3171 4118 ἄνθ
3181 4079 3352 4132 ρωποι
3372 4060 3442 4114 τὰ
3462 4055 3713 4125 ἀναγκαῖαι

2171 4156 2240 4212 τὰ
2267 4158 2396 4228 περὶ
2422 4158 2657 4220 πίστεως
2687 4156 2966 4229 ἀληθείας,
2996 4154 3065 4207 τὰ
3093 4156 3149 4208 ὲν
3169 4152 3452 4223 δοξολογίᾳ
3483 4142 3713 4207 Gemini

2172 4247 2297 4303 ὅθεν
2322 4249 2368 4302 δ’
2398 4249 2464 4304 ἂν
2495 4247 2728 4320 εὕρωσιν
2757 4249 2968 4310 ἑαυτοῖς
2994 4244 3453 4318 προσπορίζονται
3472 4239 3595 4312 πρὸς
3616 4234 3715 4306 βλά-

473 4335 683 4390 nemini
703 4350 831 4392 esse
853 4343 1036 4406 potest
1060 4335 1382 4391 obscurum.
1404 4334 1664 4402 Quaenam
1691 4353 1820 4394 vero
1843 4339 2056 4410 scriptis

2173 4338 2276 4410 ὕην
2295 4355 2308 4369 ·
2340 4337 2442 4408 φεῦ
2466 4340 2480 4393 ι
2505 4339 2601 4393 καὶ
2639 4336 2987 4402 διανοεῖσθαι,
3018 4335 3257 4407 μάλιστα
3295 4334 3401 4404 τῆς
3436 4331 3639 4404 Γραφῆς
3657 4321 3714 4394 μὴ

473 4439 734 4494 expressa
773 4434 900 4482 sunt
931 4426 954 4479 ?
997 4428 1188 4497 utique
1227 4424 1479 4481 honesta.
1520 4426 1781 4494 Quaenam
1851 4429 2071 4500 porro?
2175 4429 2461 4500 λεγούσης.

478 4516 660 4574 Justa.
703 4517 859 4583 Quae?
881 4518 1128 4588 inquam.
1190 4515 1471 4575 Honesta'
1497 4536 1510 4585 ;
1540 4515 1604 4573 Ut
1635 4521 1968 4576 audientibus
1997 4521 2274 4577 conciliari
2303 4523 2479 4594 gratia
2501 4523 2670 4594 possit
2699 4523 2738 4576 ⁵.
2771 4521 2840 4576 At
2864 4521 3113 4578 homines
3143 4519 3473 4576 necessariis
3526 4507 3713 4569 relictis.

476 4611 548 4666 iis
587 4625 710 4681 quae
761 4625 886 4664 cum
903 4609 1030 4664 fidei
1071 4609 1295 4666 veritate
1339 4625 1404 4666 ac
1453 4611 1545 4667 Dei
1605 4615 1996 4684 praedicatione
2053 4615 2351 4686 conjuncta
2392 4628 2540 4684 sunt,
2591 4617 2900 4687 perniciosa
2967 4615 3071 4670 sibi
3111 4628 3361 4685 quaeque,
3404 4610 3716 4671 undecunque

478 4701 775 4773 potuerint,
824 4701 1140 4771 excogitare
1163 4701 1516 4758 contendunt

479 4793 754 4863 Scriptura
789 4795 1012 4849 mentio.

1585 4724 1597 4760 :
1659 4707 1799 4760 heu!
1843 4705 1993 4777 quod
2039 4706 2126 4762 vel
2211 4709 2458 4780 cogitare
2487 4709 2778 4765 molestum
2804 4714 2912 4776 est,
2943 4720 3067 4761 cum
3125 4706 3275 4760 nulla
3307 4705 3569 4776 praecipue
3592 4697 3652 4753 sit
3674 4692 3716 4744 i0

555 4885 695 4940 XVI.
740 4885 952 4941 Etenim
991 4885 1036 4941 si
1074 4883 1348 4954 ejusmodi
1383 4880 1641 4953 quiddam
1686 4879 1778 4934 illa
1823 4895 2056 4936 comme-

2241 4878 2355 4945 ἶς’·
2387 4884 2452 4940 Ei
2487 4885 2587 4956 μὲν
2619 4903 2729 4958 γαρ
2763 4887 2947 4956 ἔλεγεν
2989 4889 3024 4960 ἡ
3063 4887 3274 4960 Γραφὴ,
3301 4885 3642 4956 ἀπεδιδόαμεν
3663 4877 3715 4932 ἂν

490 4984 780 5042 morasset,
830 4975 1077 5046 profecto
1121 4976 1410 5031 veritatem
1457 4974 1635 5044 ipsam
1669 4971 1789 5027 sine
1819 4971 1931 5026 ulla
1961 4979 2074 5026 ter-

2183 4976 2282 5047 τὴν
2314 4975 2594 5047 ἀλήθειαν,
2626 4979 2719 5031 καὶ⁵
2751 4978 2904 5033 οὐδὲν
2946 4978 3318 5049 διενοούμεθα.
3349 4978 3439 5047 Μὴ
3462 4976 3565 5045 γὰρ
3585 4975 3610 5024 ό
3636 4968 3717 5038 γά·

486 5067 854 5138 giversatione
883 5069 1286 5138 proliteremur.
1319 5067 1401 5121 An
1435 5066 1580 5121 enim
1609 5063 1912 5118 inhonestae
1943 5073 2056 5117 sum

2183 5081 2283 5134 μσς
2319 5065 2587 5134 ἄσεμνος;
2623 5067 2697 5136 μὴ
2733 5056 3019 5138 βέϐηλοςή
3056 5068 3243 5140 κοίτη;
3287 5068 3359 5138 μὴ
3399 5066 3498 5120 οὐκ
3542 5058 3715 5125 ἐστινὴ

487 5157 740 5230 nuptiae?
777 5167 871 5212 aut
903 5159 1166 5228 profanus
1189 5167 1273 5216 est
1299 5171 1477 5224 torus,
1509 5166 1567 5212 et
1602 5171 1713 5210 non
1747 5155 1932 5226 potius
1976 5155 2070 5207 ἰηι-

488 5251 798 5308 maculatus
817 5250 865 5304 ἐν
905 5252 984 5324 An
1016 5252 1253 5322 denique
1299 5253 1625 5307 adulterata:
1657 5255 1785 5304 sunt
1827 5244 2068 5317 nuptiae?

487 5345 814 5416 Quanquam
866 5343 1145 5414 prophetae
1201 5359 1266 5398 ac
1303 5343 1591 5414 pontiﬁces
1616 5342 1685 5396 ab
1713 5338 1930 5410 1048
1959 5338 2068 5392 illis

487 5438 785 5502 abstinent,
837 5444 896 5490 ut
942 5433 1245 5504 majoribus
1288 5433 1664 5488 {unctionibus
1707 5437 2065 5501 occupentur.

2180 5155 2335 5227 κοίτη
2388 5157 2688 5226 ἀμίαντο;;
2741 5158 2815 5230 μὴ
2850 5159 3335 5232 παραχαράσσεται
3375 5159 3574 5229 γάμος
3612 5147 3716 5204 ’Ᾱπδ

2180 5245 2236 5298 δὲ
2265 5248 2561 5319 προφητῶν
2595 5251 2690 5303 καὶ
2718 5250 3015 5322 ἀρχιερέων
3066 5251 3328 5322 ἀπέχεται
3372 5250 3458 5303 διὰ
3486 5248 3579 5316 τὴν
3607 5239 3714 5310 πρὸς

2177 5338 2239 5390 τὸ
2281 5339 2466 5408 μεῖζον
2514 5341 2837 5412 ὑπηρεσίαν.
2885 5343 3041 5396 Μετὰ
3099 5343 3207 5416 γὰρ
3263 5342 3324 5396 τὸ
3386 5333 3713 5413 προφητεῦσαι

2183 5430 2447 5500 Μωῡσῆν,
2474 5431 2658 5485 οὐκέτι
2690 5434 2912 5501 γυναικὶ
2943 5433 3231 5505 συνῆπται,
3258 5433 3436 5487 οὐκέτι
3478 5421 3712 5485 τεκνοκυῖ-

562 5592 743 5647 ‘Luc.
775 5609 838 5653 ιι,
865 5593 952 5646 Η.
1031 5593 1050 5622 ¹
1089 5589 1220 5643 Luc.
1255 5587 1417 5660 1,35.
1495 5587 1516 5619 ³
1540 5585 1779 5658 Philipp.
1817 5601 1890 5646 tv,
1923 5583 1977 5639 8.

2161 5584 2310 5655 phes.
2346 5600 2421 5652 Iv,
2445 5584 2536 5640 ‘29.
2612 5589 2632 5619 ⁵
2661 5585 2826 5643 Hebr.
2868 5604 2988 5655 xui,
3012 5588 3068 5645 4.
3138 5590 3158 5621 ⁸
3199 5589 3486 5660 Sequenti:
3517 5581 3565 5637 τί
3607 5587 3706 5635 cum

495 5657 930 5732 interrogatione
962 5661 1100 5716 forte
1122 5659 1368 5730 legenda.

571 5771 653 5844 (9)_
700 5773 758 5844 Τί
799 5772 869 5844 δὲ
893 5771 1212 5840 ὠφέλησεν
1262 5766 1438 5842 ἡμᾶς.
1498 5767 1817 5840 Leopardus
1880 5767 1978 5823 lib.
2035 5781 2050 5821 ι

2161 5765 2598 5840 Ξηιειιάαιὶοηιιηι,
2647 5783 2769 5840 cap.
2828 5768 2904 5832 2,
2951 5785 3052 5842 pro
3099 5770 3226 5844 περὶ
3274 5768 3366 5824 τοῦ
3416 5761 3601 5838 ζητεῖν,
3631 5767 3705 5807 πει

507 5838 687 5911 ριττύν
713 5841 863 5908 legit.
