3964 6402
275 389 377 447 125
854 387 1224 446 ADVERSUS
1261 387 1606 444 IIIERESES
1642 387 1770 445 LIB.
1814 390 1902 448 IlI.
1946 391 2108 451 TOM.
2153 395 2218 451 II.
2260 425 2332 438 —
2367 393 2643 451 IIERES.
2685 388 2961 446 LXXVIII.
3438 389 3545 446 726

279 530 424 579 σκει,
455 512 636 568 οὐκέτι
673 514 838 584 γεννᾷ
859 515 890 566 ὁ
913 513 1176 571 τοιοῦτος.
1202 512 1583 584 Σχολιαίτερον
1624 514 1733 587 γὰρ
1771 515 1844 570 rb‘

2015 517 2179 572 tenim
2225 515 2462 589 Moyses,
2507 524 2860 586 posteaquam
2899 511 3160 583 propheta
3195 525 3319 568 esse
3343 512 3534 581 coepit,
3574 491 3580 514 ¹

280 603 394 674 βίον
439 603 565 674 ἔσχε
611 604 747 674 πρὸς
791 604 881 657 τὸν
929 604 1229 672 Δεσπότην.
1251 603 1378 667 Πῶς
1404 605 1513 676 γὰρ
1542 606 1773 675 ἠδύνατο
1800 607 1845 662 ἐι

1974 613 2176 667 nullam
2208 611 2444 682 amplius
2468 625 2592 665 cum
2625 623 2794 663 uxore
2830 605 3281 662 consuetudinem
3315 604 3539 671 habuit,

275 696 396 766 ὄρει
435 697 565 766 Σινᾷ
612 695 1024 768 τεσσαράκοντα
1065 694 1267 758 νύκτας
1312 696 1407 748 καὶ
1457 697 1840 768 τεσσαράκοντι

1976 720 2144 775 neque
2200 705 2406 760 liberos
2458 705 2512 758 in
2567 717 2633 758 eo
2674 709 2819 756 statu
2875 698 3116 768 suscepit
3149 738 3164 760 ,
3201 699 3404 768 quippe
3447 697 3541 767 qui

277 787 496 860 ἡμέρας
539 789 804 842 διατελεῖν
835 789 1002 860 γάμῳ
1036 787 1425 859 προσανέχων;
1466 789 1537 841 Ἢ
1581 789 1699 854 πῶς
1737 789 1836 860 ἡδύ

1972 813 2093 854 cum
2142 797 2375 853 Domino
2430 795 2627 865 majori
2675 795 2798 849 vita:
2845 809 2960 848 sua:
3007 799 3161 862 parte
3204 797 3537 846 versaretur.

274 899 408 937 νατο
429 879 833 953 τεσσαράκοντα
859 881 953 952 ἔτη
979 883 1036 934 ἐν
1060 883 1127 952 τῇ
1161 882 1354 952 ἐρήμῳ
1381 880 1518 952 πρὸς
1551 882 1839 953 οίκονομίαε

1975 890 2048 945 An
2081 890 2130 946 si
2165 889 2374 960 nuptiis
2399 903 2596 944 vacare
2626 887 2910 950 voluisset,
2942 883 3301 954 quadraginta
3351 889 3540 938 noctes

276 974 414 1027 Θεοῦ
464 974 682 1046 ἕτοιμος
725 969 883 1038 εἶναι,
926 973 1062 1044 πρὸς
1101 971 1403 1044 ἱερωσύνην
1446 989 1505 1025 τε
1547 973 1829 1042 σχολάζειν

1975 994 2029 1034 ac
2054 980 2176 1035 dies
2206 979 2262 1033 in
2289 985 2474 1033 monte
2506 975 2638 1032 Sina
2673 989 3024 1048 perseverare
3057 972 3404 1044 potuisset“?
3445 985 3540 1041 po-

276 1067 391 1121 Kal
414 1067 530 1127 πῶς
551 1065 621 1121 τὰ
653 1065 928 1136 μυστήρια
945 1062 1272 1134 διηγεῖσθαι,
1303 1065 1398 1116 καὶ
1422 1062 1484 1116 τὸ
1515 1063 1822 1134 συνομιλεῖν

1976 1070 2166 1126 luisset
2210 1069 2574 1141 quadraginta
2623 1077 2767 1126 totos
2816 1083 2994 1124 annos
3033 1067 3090 1120 in
3137 1065 3434 1120 solitudine
3473 1064 3541 1119 ad

274 1155 397 1226 Θεῷ
426 1155 699 1226 τῷογάμῳ
742 1153 1084 1225 συνημμένος
1126 1153 1425 1219 διατελεῖν;
1472 1155 1536 1207 Ei
1585 1153 1695 1225 γὰρ
1736 1173 1839 1226 περ

1976 1161 2278 1216 divinarum
2317 1175 2379 1217 se
2408 1175 2593 1216 rerum
2639 1158 3176 1216 administrationem
3219 1154 3502 1209 intendere
3525 1192 3541 1218 ,

275 1247 434 1318 ἡμῶν
459 1248 657 1315 φάσκει
686 1248 714 1300 ό
755 1245 910 1314 ἅγιος
948 1244 1268 1308 Ἀπόστολος
1298 1245 1616 1316 διαρρήδην,
1652 1245 1744 1299 καὶ
1774 1245 1840 1299 λέε

1986 1255 2279 1310 ιιιοετᾶοιίο
2309 1268 2528 1320 vacare,
2557 1269 2816 1310 enarrare
2837 1252 2932 1308 Dei
2966 1249 3246 1323 mysteria,
3279 1261 3404 1303 cum
3437 1245 3551 1300 Deo

274 1356 392 1407 γει·
424 1338 581 1408 Πρὸς
613 1339 842 1407 καιρὸν,
877 1338 978 1391 ἵνα
1007 1335 1364 1406 σχολάσωσι
1398 1335 1472 1404 τῇ
1509 1336 1820 1406 προσευχῇ

1974 1347 2202 1418 denique
2266 1354 2533 1418 perpetuo
2586 1347 2824 1417 colloqui
2876 1345 3192 1414 nuptiarum
3235 1340 3539 1396 obstrictus

275 1430 429 1499 πόσῳ
451 1447 514 1498 γε
547 1430 746 1500 μᾶλλον
787 1430 916 1502 περὶ
956 1428 1252 1500 προφητῶν
1282 1427 1432 1481 ἔσται
1463 1423 1618 1494 οὗτος
1649 1429 1840 1500 ἀληθῶ.

1983 1451 2132 1491 mere
2155 1437 2466 1506 potuisset?
2499 1435 2634 1490 Nam
2660 1436 2706 1492 si
2740 1436 2809 1491 de
2841 1434 3003 1490 nobis
3029 1433 3326 1504 Apostolus
3359 1436 3548 1501 aperte

271 1522 303 1573 ὁ
353 1521 541 1590 λόγος
590 1520 866 1592 Προφῆτις
911 1521 1090 1574 τοίνυν
1133 1520 1228 1573 καὶ
1269 1522 1303 1592 ἡ
1350 1521 1562 1591 Μαρία.
1596 1521 1836 1589 Εἰσῆριίϐς

1984 1531 2280 1584 )ronuntiat
2315 1547 2328 1583 :
2364 1529 2446 1582 Ad
2480 1537 2700 1594 tempus,
2725 1536 2784 1582 ut
2813 1535 2990 1582 vacent
3019 1526 3251 1581 orationi
3280 1524 3322 1590 ‘;
3341 1529 3549 1593 quanto

273 1617 409 1683 γὰρ,
459 1613 611 1684 φησὶ,
655 1611 806 1680 πρὸς
849 1611 963 1677 τὴν
1008 1609 1331 1679 προφῆτιν,
1383 1611 1483 1664 καὶ
1534 1611 1605 1666 ἐν
1649 1628 1838 1682 γαστρ

1988 1616 2115 1672 stud
2165 1617 2343 1684 ipsum
2374 1617 2441 1671 de
2474 1615 2757 1686 prophetis
2790 1613 2987 1684 potiori
3014 1612 3138 1682 jure
3166 1611 3417 1667 dicetur?
3459 1610 3549 1663 Αισ

273 1705 476 1767 ἔλαϐε,
503 1704 602 1757 καὶ
651 1703 858 1757 ἔτεκεν
910 1703 1066 1757 υἱόν.
1096 1701 1206 1755 Καὶ
1261 1698 1393 1756 εἷπε
1448 1703 1665 1769 Κύριος
1715 1703 1838 1770 πρά

1981 1708 2060 1777 lui
2113 1706 2282 1761 Maria
2350 1706 2694 1776 praphetissa
2749 1705 2870 1760 fuit.
2919 1703 3197 1773 Ingressus
3253 1711 3331 1756 est
3384 1701 3546 1765 enim,

266 1810 378 1865 με·
409 1793 687 1848 Κάλεσον
736 1793 802 1846 τὸ
836 1793 1026 1861 ὄνομα
1071 1793 1280 1857 αὐτοῦ,
1330 1792 1562 1860 Ταχέως
1604 1793 1831 1848 σκύλευ

1982 1797 2170 1866 inquit,
2227 1795 2296 1850 ad
2348 1795 2776 1865 prophetissam;
2821 1802 2872 1848 et
2921 1793 2974 1846 in
3028 1801 3175 1846 utero
3203 1791 3459 1859 concepit,
3498 1799 3547 1844 et

272 1898 413 1948 σον,
443 1884 628 1949 ὀξέως
666 1883 1106 1950 προνόμευσον,
1149 1883 1243 1934 καί
1288 1880 1356 1934 τὰ
1398 1881 1546 1950 ἐξῆς.
1599 1882 1836 1953 Σημαίνε

1982 1887 2163 1956 ιορενὶι
2192 1886 2388 1954 filium.
2419 1883 2489 1938 Et
2515 1883 2651 1937 dixit
2688 1882 2946 1938 Dominus
2968 1880 3037 1934 ad
3071 1895 3152 1934 me
3183 1895 3200 1933 :
3248 1878 3389 1933 Voca
3451 1895 3547 1932 no-

271 1973 334 2026 δὲ
369 1971 600 2026 ἐνταῦθα
632 1973 728 2042 τὴν
761 1971 853 2024 τοῦ
890 1970 1130 2042 Γαϐριὴλ
1173 1970 1378 2026 εἴσοδον
1407 1972 1546 2042 πρὸς
1589 1971 1688 2043 τὴν
1736 1974 1836 2027 Μαη

1984 1993 2083 2030 nen
2148 1975 2316 2044 ejus:
2368 1973 2489 2029 Cito
2545 1971 2822 2027 detrahere
2896 1969 3094 2038 spolia,
3169 1968 3364 2035 raptim
3413 1983 3549 2037 pra-

275 2063 417 2134 ρίαν,
450 2063 537 2116 ὅτε
577 2062 802 2132 ἐξῆλθεν
849 2061 1310 2130 εὐαγγελίσασθαι
1349 2062 1513 2133 αὐτῇ,
1547 2063 1628 2117 ὃτι
1679 2063 1838 2135 μέλλε

1984 2069 2092 2124 tare
2119 2069 2164 2133 ⁵,
2197 2077 2306 2123 etc.
2349 2067 2564 2134 Quibus
2597 2065 2782 2120 verbis
2812 2061 3084 2118 Gabrielis
3112 2062 3180 2118 ad
3210 2061 3433 2117 Mariam
3463 2059 3549 2117 in—

269 2155 469 2225 γεννᾷν
500 2153 626 2207 Υίὸν
651 2153 787 2206 Θεοῦ
823 2153 1049 2224 σωτῆρα
1082 2151 1160 2224 τῷ
1188 2154 1400 2225 κόσμῳ,
1430 2154 1530 2206 ούκ
1553 2153 1661 2207 ἀπὸ
1691 2153 1831 2226 σπέρ

1984 2175 2211 2230 gressum
2251 2157 2492 2214 ostendit
2519 2173 2533 2222 ;
2576 2171 2700 2211 cum
2731 2155 2798 2210 ad
2825 2170 2946 2210 eam
2977 2154 3147 2221 venit,
3183 2161 3243 2210 ut
3273 2154 3549 2209 nuntiaret

273 2261 446 2316 ματος
483 2244 693 2316 ἀνδρὸς.
731 2245 868 2299 ἀλλὰ
895 2244 986 2298 διὰ
1013 2244 1334 2315 Πνεύματος
1380 2243 1557 2312 ἁγίου.
1579 2244 1738 2298 Ἀλλὰ
1768 2263 1838 2300 κα

1986 2251 2161 2305 Filium
2198 2251 2372 2320 ipsam
2421 2247 2515 2304 Dei
2558 2263 2622 2302 ac
2671 2247 3034 2311 Salvatorem,
3076 2247 3196 2302 sine
3261 2245 3371 2301 ullo
3405 2245 3551 2300 virili

265 2335 350 2407 τῷ
377 2336 628 2406 Φιλίππῳ
669 2335 748 2405 τῷ
775 2336 1135 2408 εύαγγελιστῇ
1161 2335 1427 2407 τέσσαρες
1461 2333 1601 2408 ἦσαν
1632 2337 1830 2406 θυγατέ

1985 2351 2107 2406 tatu,
2152 2343 2248 2398 sed
2293 2342 2471 2398 sancti
2523 2339 2763 2410 Spiritus
2810 2340 3146 2402 interventu,
3193 2330 3399 2391 mundo
3424 2351 3550 2396 esse

270 2446 368 2501 ρες
397 2429 867 2500 προφητεύουσαι’
900 2431 1275 2502 ἐπροφήτευον
1305 2430 1349 2482 δ’
1379 2429 1487 2500 ἄρα
1514 2429 1583 2482 δι’
1615 2429 1681 2500 ἥν
1726 2446 1828 2482 κατ

1984 2435 2263 2490 iarituram
2283 2444 2326 2488 ι.
2359 2433 2504 2501 Quin
2542 2433 2709 2489 etiam
2743 2431 3027 2502 Philippus
3052 2429 3390 2501 evangelista
3412 2443 3549 2499 qua-

264 2521 519 2592 ηξιοῦντο
561 2520 705 2590 ἔχειν
748 2521 1066 2592 παρθενίαν.
1095 2522 1206 2575 Kal
1246 2521 1424 2575 Θὲκλα
1473 2520 1572 2592 μὲν
1625 2537 1829 2575 συναντ‹

1989 2538 2086 2578 uor
2101 2523 2292 2578 habuit
2324 2521 2464 2577 ﬁlias
2488 2520 2668 2576 aﬂlatu
2695 2519 3012 2590 praphetico
3035 2517 3310 2589 praeditas,
3332 2531 3454 2588 quae
3480 2516 3553 2570 ob

267 2613 468 2684 Παύλῳ
517 2612 594 2684 τῷ
651 2613 812 2684 ἁγίῳ,
864 2613 960 2668 καὶ
1001 2613 1278 2667 διαλύεται
1331 2613 1535 2684 γάμου,
1585 2614 1832 2684 όρμαστὸη

1988 2616 2311 2687 rirginitatis
2361 2615 2531 2671 decus
2574 2611 2908 2668 vaticinandi
2973 2627 3175 2666 munus
3225 2609 3359 2665 illud
3411 2609 3553 2664 obti-

265 2705 471 2776 ἔχουσα
519 2705 913 2771 εύειδέστατον,
941 2705 1292 2776 πρωτεύοντα
1331 2705 1387 2758 δὲ
1428 2704 1660 2768 πόλεως,
1692 2703 1827 2758 πλού

1982 2714 2201 2761 luerunt
2225 2706 2266 2760 ⁷.
2289 2703 2396 2760 Sed
2417 2711 2472 2760 et
2495 2702 2698 2759 Thecla
2729 2717 2856 2757 cum
2886 2701 2942 2756 in
2971 2700 3204 2755 Paulum
3235 2699 3546 2762 incidisset,

267 2813 385 2849 σιον
411 2795 570 2864 ἄγαν,
604 2795 992 2864 εὐγενέστατον
1033 2796 1092 2849 δὲ
1127 2797 1188 2852 ἐν
1214 2796 1293 2866 τῷ
1327 2795 1428 2867 βίῳ
1469 2797 1563 2850 καὶ
1600 2796 1827 2866 διαφανέ

1988 2803 2155 2850 iactas
2198 2794 2420 2864 nuptias
2467 2791 2743 2856 dissolvit,
2775 2805 2900 2845 cum
2935 2789 3200 2861 primario
3231 2787 3448 2843 cuidam
3485 2787 3553 2842 ci-

269 2903 495 2939 στατον·
531 2887 623 2940 καὶ
665 2890 988 2958 περιφρονεί
1034 2886 1140 2940 τῶν
1183 2887 1444 2956 ἐπιγείων
1493 2889 1526 2959 ἡ
1578 2889 1730 2957 ἁγία,
1772 2889 1834 2944 ενι

1988 2888 2149 2943 'itatis
2187 2887 2377 2954 totius,
2413 2902 2477 2943 ac
2524 2887 2684 2958 longe
2715 2883 2891 2948 diviti,
2918 2882 3286 2946 nobilissimo,
3321 2879 3553 2950 splendi-

265 2976 380 3031 τῶν
422 2978 756 3050 ἐπουρανίων
798 2978 1072 3050 ἐγκρατὴς
1114 2979 1358 3050 γένηται.
1394 2980 1458 3033 Ei
1502 2979 1686 3033 τοίνυν
1709 2972 1830 3034 οὔτε

1987 2977 2302 3047 lissimoque
2348 2977 2623 3048 desponsa
2665 2976 2780 3046 jam
2841 2973 3060 3028 fuisset.
3100 2969 3303 3026 Verum
3335 2976 3552 3026 terrena

263 3071 461 3135 ταῦτα,
489 3071 639 3142 πόσῳ
665 3088 728 3140 γε
757 3072 956 3141 μᾶλλον
986 3074 1020 3143 ἡ
1052 3071 1261 3143 Μαρία,
1298 3071 1385 3140 ἐφ’
1409 3071 1478 3141 ἣν
1517 3073 1551 3142 ἡ
1579 3071 1828 3142 θαυμασίι

1992 3069 2084 3123 leo
2114 3075 2306 3124 sancta
2341 3069 2434 3123 illa
2484 3067 2835 3137 contempsit,
2891 3072 2950 3120 ut
2987 3063 3293 3118 caelestium
3326 3077 3557 3132 compos

265 3163 419 3216 πᾶσα
447 3163 728 3234 οἰκονομία
755 3164 1081 3234 γεγένηται;
1107 3163 1276 3216 Πόθεν
1301 3161 1478 3217 τοίνυν
1507 3163 1722 3228 συνάξω
1739 3163 1830 3220 δια

1989 3173 2083 3214 sse
2135 3165 2338 3229 posset.
2387 3157 2570 3224 Quare
2611 3173 2737 3212 cum
2781 3155 2898 3211 haec
2949 3156 3018 3210 ab
3062 3156 3171 3210 illis
3207 3154 3447 3224 prmstita
3480 3153 3554 3207 vi-

262 3254 418 3318 νοίας
446 3256 525 3318 είς
556 3217 872 3324 abdi/alibi,
904 3217 1000 3309 καὶ
1028 3217 1277 3326 ἐκτρέψω
1303 3254 1393 3308 τὸν
1426 3253 1589 3324 ζόφον
1631 3217 1761 3308 τῠῶνῗ

1985 3250 2221 3312 leamus,
2279 3257 2487 3320 quanto
2536 3249 2713 3320 magis
2771 3247 2975 3302 idcma
3011 3246 3180 3302 Maria
3237 3253 3550 3315 susceptum

263 3347 416 3400 δεινά
440 3349 905 3419 ἐγκισσησὰντων,
937 3347 1190 3418 καθάπερ
1215 3347 1560 3418 γέγραπται·
1593 3345 1828 3400 Συνέλα

1988 3342 2133 3398 uisse
2156 3342 2472 3408 fatebimur,
2507 3342 2562 3396 in
2591 3355 2700 3412 qua
2741 3340 3063 3395 admirabile
3120 3337 3252 3393 illud
3299 3339 3553 3392 incarna-

263 3439 337 3493 σε
362 3439 572 3502 πόνον,
607 3439 707 3493 καὶ
735 3440 942 3493 ἔτεκεν
975 3439 1265 3508 ἀνομίαν;
1297 3430 1455 3490 Οὗτοι
1495 3436 1605 3509 γὰρ
1645 3436 1828 3508 ἀληθῶ

1988 3435 2129 3491 ionis
2189 3435 2512 3506 mysterium
2543 3441 2629 3490 est
2661 3431 3007 3504 perfectura?
3047 3429 3308 3498 Quaenam
3350 3444 3480 3483 vero
3519 3442 3553 3482 a

264 3529 716 3601 συλλαμϐάνουσι
749 3532 906 3585 πόνον
938 3531 1336 3603 διανοημάτων,
1365 3531 1610 3585 τίκτουσι
1655 3531 1713 3586 δὲ
1737 3531 1829 3586 avo

1986 3530 2130 3586 iobis
2181 3529 2308 3583 iniri
2351 3528 2492 3582 ratio
2534 3534 2737 3597 potest,
2770 3533 2830 3580 ιιι
2853 3534 2908 3581 ct
2959 3526 3190 3580 istorum
3244 3530 3456 3577 mentes
3482 3521 3551 3576 ad

267 3625 404 3696 μίαν
435 3624 810 3696 βλασφημιῶν.

1975 3620 2192 3676 meliora
2249 3618 2625 3682 traducamus,
2679 3625 2734 3674 ct
2789 3629 3008 3670 omnem
3060 3615 3129 3670 iis
3177 3613 3540 3669 discutiamus

267 3715 478 3769 erroris
537 3715 850 3785 caliginem,
890 3713 984 3784 qui
1029 3711 1240 3768 nefaria
1281 3711 1561 3783 dogmata,
1624 3711 1771 3768 velut
1837 3709 2339 3781 perniciosissimus
2404 3708 2587 3773 fetus,
2651 3709 2796 3762 intra
2850 3721 2910 3762 sc
2985 3713 3394 3776 conceperant,
3458 3704 3536 3759 uti

267 3808 539 3878 scriptum
587 3815 719 3863 est:
784 3805 1036 3875 Concepit
1077 3805 1334 3871 laborem,
1398 3815 1448 3861 et
1483 3807 1683 3876 peperit
1729 3803 2158 3876 iniquitatem'?
2207 3801 2286 3858 Illi
2349 3802 2496 3858 enim
2561 3801 2749 3873 utique
2790 3799 3186 3871 cogitationum
3238 3799 3548 3856 molestiam

270 3901 631 3970 laboremque
657 3899 1002 3970 concipiunt,
1027 3907 1080 3954 et
1109 3900 1636 3955 contumeliosarum
1665 3914 1860 3955 vocum
1901 3899 2234 3970 impietatem
2274 3899 2514 3968 pariunt.

337 3991 434 4044 IZ’.
490 3988 649 4044 Ἀλλὰ
680 3989 754 4061 μή
801 4005 887 4052 τις
941 3990 1126 4046 ἐκεῖνα
1171 3990 1490 4056 ύπονοείτω,
1530 3991 1625 4044 καὶ
1655 3990 1857 4062 ἑτέρως

2035 3988 2200 4043 XVII.
2247 3987 2355 4042 Sed
2395 4003 2611 4052 vereor,
2647 4003 2715 4043 ne
2751 3985 2876 4057 quis
2896 3986 3050 4041 illum
3087 3985 3268 4056 ipsum
3307 4001 3549 4042 errorem

257 4082 418 4137 αὐτὰ
446 4082 799 4153 ὕποσπείρειν
839 4081 1018 4153 ἐαυτῷ
1058 4082 1422 4154 πειρώμενος,
1466 4082 1698 4152 λεγέτω·
1730 4083 1822 4136 Πῶ

1985 4093 2017 4130 n
2049 4078 2293 4132 animum
2349 4076 2570 4133 inducat
2616 4091 2801 4140 suum,
2837 4076 3056 4146 aliaque
3095 4077 3308 4130 ratione
3347 4075 3550 4146 impul-

255 4166 361 4226 οὖν
385 4167 502 4226 εἶπε
527 4171 590 4225 τὸ
615 4173 965 4242 Εὐαγγέλιον,
989 4174 1071 4227 ὅτι
1103 4173 1335 4242 Εὑρέθη
1357 4175 1427 4228 ἐν
1450 4173 1820 4243 ψστρίέχου

1982 4185 2058 4222 ius
2104 4168 2159 4223 in
2215 4168 2398 4238 seipso
2449 4167 2594 4221 velut
2640 4180 2934 4221 conserere
2978 4174 3234 4230 conetur,
3279 4173 3442 4235 atque
3495 4167 3547 4220 in

255 4278 348 4317 σα
369 4263 437 4316 ἐκ
467 4264 814 4332 Πνεύματος
845 4265 1019 4334 ἁγίου
1061 4266 1100 4332 ἡ
1130 4266 1348 4333 Μαρία,
1375 4267 1520 4334 πρὶν
1547 4266 1586 4334 ἢ
1623 4270 1817 4330 crure)

1983 4275 2107 4315 tunc
2171 4260 2391 4314 modum
2453 4257 2774 4313 ratiocinari
2833 4257 3008 4312 velit:
3048 4255 3193 4323 Quid
3254 4264 3338 4312 est
3403 4257 3548 4327 quod

254 4352 391 4408 θεῖν
423 4355 679 4421 adrade;
704 4351 854 4426 Ἀρα
897 4351 990 4410 οὖν
1035 4357 1402 4428 προσεδοκᾶτο
1445 4359 1483 4428 ἡ
1519 4358 1819 4422 συνέλευσις

1982 4351 2314 4421 Evangeliutn
2358 4357 2589 4406 narrat:
2645 4349 2867 4403 Inventa
2913 4359 2991 4400 est
3035 4349 3091 4401 in
3142 4357 3287 4402 utero
3355 4348 3547 4403 habens

255 4443 361 4496 καὶ⁵
390 4443 580 4497 τούτου
614 4445 774 4518 χάριν
805 4441 950 4512 εἶπε,
991 4446 1105 4514 πρὸ
1149 4446 1254 4500 τοῦ
1301 4447 1654 4513 amr-8.1087»;
1692 4447 1820 4500 Ἀλλι

1972 4444 2176 4515 ιοάθ
2205 4451 2268 4498 de
2302 4442 2510 4513 Spiritu
2531 4451 2715 4498 sancto
2747 4442 2946 4507 Maria,
2981 4450 3262 4510 antequam
3295 4442 3537 4495 conveni-

255 4536 361 4589 καὶ
395 4535 554 4589 πάλιν
607 4538 664 4591 ἐν
708 4537 852 4608 ἄλλῳ
878 4538 1030 4608 τόπῳ
1060 4537 1122 4590 τὸ
1160 4537 1293 4591 αὐτὸ
1330 4538 1492 4592 πάλιν
1521 4539 1820 4607 Εὐαγγέλιό

1984 4549 2072 4591 “ent
2095 4538 2159 4584 ’ἲ
2203 4535 2526 4592 Utrumnam
2560 4535 2725 4605 igitur
2746 4533 3042 4590 conventio
3071 4533 3161 4587 illa
3191 4549 3254 4588 ac
3283 4549 3549 4603 congres-

255 4643 398 4696 φησι
449 4629 582 4697 (Καὶ
616 4595 834 4698 εὑρέθη.
862 4629 934 4682 ἐν
962 4595 1175 4699 γαστρὶ
1198 4630 1430 4699 ἔχουσα
1479 4631 1624 4700 πρὶν
1647 4595 1820 4685 ἐίσελ

1981 4648 2056 4687 illS
2095 4630 2552 4701 exspectabatur,
2603 4629 2857 4698 ideoque,
2887 4637 3168 4698 antequam
3197 4629 3546 4690 convenirent,

255 4715 392 4770 θεῖν
419 4718 662 4782 αὐτούς·
694 4717 750 4785 ἢ,
781 4719 890 4773 Καὶ
923 4717 1236 4789 ἐγέννησε,
1267 4719 1366 4772 καὶ
1396 4722 1507 4774 οὐκ
1556 4721 1704 4789 ἔγνω
1740 4723 1817 4775 αὐ

1978 4723 2145 4777 lixit?
2173 4723 2448 4777 Praeterea
2481 4723 2534 4775 in
2565 4719 2758 4777 eodem
2802 4719 3101 4789 Evangelia
3126 4719 3233 4773 alio
3267 4719 3388 4773 loco
3418 4717 3543 4772 scri-

252 4806 380 4877 τήν
402 4825 414 4838 ο
445 4808 500 4879 ἢ.
535 4809 644 4863 Καὶ
689 4809 981 4879 ἐγέννησε
1021 4811 1127 4864 τὸν
1162 4810 1297 4865 υἱὸν
1335 4809 1526 4879 αὐτῆς
1557 4811 1663 4865 τὸν
1700 4827 1817 4880 προ.

1984 4823 2112 4868 ιιιιιη
2171 4823 2257 4870 est
2312 4813 2559 4885 {Inventa
2613 4823 2690 4868 est
2743 4813 2798 4866 in
2841 4821 2988 4867 utero
3034 4810 3229 4865 habens
3269 4820 3549 4881 antequam

252 4900 532 4968 τότ-οχον,
567 4901 667 4954 καὶ
693 4904 804 4955 οὐκ
834 4902 964 4971 ᾔδει
999 4901 1236 4969 αὐτήν)·
1271 4903 1380 4957 Καὶ
1417 4905 1528 4957 οὐκ
1564 4905 1718 4973 ἔγνω
1744 4907 1817 4960 αὐ

1987 4908 2322 4970 onuenirent;
2372 4907 2455 4961 vel
2493 4925 2508 4960 :
2544 4904 2608 4959 Et
2657 4906 2874 4974 peperit,
2919 4913 2968 4958 et
2996 4921 3100 4959 non
3128 4905 3365 4974 cognovit
3395 4922 3550 4971 eam;

252 4990 398 5058 τὴν,
456 4990 567 5056 ἕως
612 4991 752 5046 ὅτου
798 4993 1091 5061 ἐγέννησε
1145 4994 1254 5048 τὸν
1295 4993 1430 5048 υἱὸν
1485 4993 1682 5062 αὐτῆς
1741 4996 1817 5049 td:

1990 4999 2073 5054 ive
2102 5018 2112 5052 :
2148 4999 2357 5068 Peperit
2419 4999 2594 5065 ﬁlium
2628 5016 2784 5053 suum
2813 4997 3222 5068 primogenitum
3255 4998 3297 5029 ⁸ο
3319 5039 3334 5063 ,
3366 5007 3412 5052 et
3444 5015 3549 5053 non

251 5083 661 5150 πρωτότοκον.
699 5085 808 5138 Καὶ
839 5085 939 5136 οὐκ
976 5084 1181 5138 οἴδασιν
1227 5087 1277 5139 οί
1326 5086 1426 5149 τὰς
1471 5085 1704 5156 Θεωρίας
1746 5087 1816 5140 τᾶ

1984 5091 2300 5161 agnoscebat
2336 5092 2526 5161 ipsam)
2556 5110 2570 5146 :
2603 5089 2672 5144 Et
2698 5107 2799 5144 non
2830 5091 3068 5158 cognovit
3097 5106 3236 5157 eam,
3273 5089 3434 5145 donec
3460 5104 3549 5158 pe-

253 5174 499 5244 Γραφῶν
549 5176 784 5247 διαιρεῖν
826 5177 1313 5248 ἐπαγγελλόμενοι,
1343 5179 1438 5233 καὶ
1487 5179 1553 5233 τὰ
1607 5180 1818 5252 μετέωρ

1983 5183 2096 5236 ierit
2167 5183 2337 5252 filium
2364 5199 2518 5237 suum
2545 5183 2956 5254 primogenitum
2984 5183 3021 5216 ”
3040 5221 3054 5236 .
3081 5181 3188 5238 Sed
3208 5190 3262 5238 et
3284 5181 3414 5237 illud
3451 5182 3548 5236 bo-

251 5267 358 5321 καὶ
405 5266 681 5336 βαθύτατα
723 5269 1189 5341 περιεργάζεσθαι
1234 5271 1662 5343 ἐπιχειροῦντες,
1693 5273 1775 5332 ὅτι

1981 5275 2136 5329 niues
2171 5275 2261 5330 isti
2297 5291 2406 5330 non
2432 5275 2639 5342 vident,
2679 5276 2773 5346 qui
2806 5291 2866 5332 se
2895 5291 2984 5343 ea,
3015 5275 3212 5346 quaein
3246 5273 3546 5343 Scripturis

250 5357 500 5428 θεωρία²
531 5362 774 5415 τοιοῦτον
801 5362 915 5433 ἔχει
940 5363 1030 5416 τὸν
1056 5362 1276 5432 τρόπον.
1297 5364 1361 5416 Et
1381 5363 1488 5437 γὰρ
1519 5363 1680 5420 πάλιν
1701 5366 1815 5435 ἐγέι

1984 5372 2288 5430 ractantur,
2341 5365 2601 5421 distincte
2653 5367 3037 5438 cxplicateque
3075 5367 3348 5423 disserere
3383 5365 3546 5436 proti-

249 5465 426 5519 νησεν
458 5453 491 5522 ἡ
521 5453 730 5523 Μαρία,
760 5454 868 5508 ἔδει
912 5455 1005 5508 καὶ
1047 5454 1157 5506 τῶν
1197 5453 1372 5508 ἄλλων
1401 5454 1648 5524 ἀδελφῶν
1677 5457 1814 5511 εἰ.πεί

1981 5466 2166 5520 οηιιιι,
2211 5473 2276 5513 ac
2305 5458 2561 5513 sublimia
2593 5459 2684 5513 illa
2737 5460 3115 5529 altissimaque
3141 5457 3398 5529 mysteria
3425 5473 3546 5526 per-

247 5539 330 5594 τὰ
361 5541 621 5612 ὀνόματα.
648 5544 712 5598 Et
758 5544 817 5598 δὲ
857 5544 1044 5615 ἐπειδὴ
1080 5545 1454 5612 πρωτότοκος
1485 5546 1617 5600 ἐστι
1643 5545 1812 5615 πάσῃ

1966 5549 2194 5606 scrutari
2241 5549 2484 5617 student,
2527 5554 2670 5608 hanc
2707 5567 2834 5609 esse
2860 5551 3190 5607 narrationis
3219 5549 3366 5604 illius
3398 5547 3531 5603 loci-

331 5719 352 5750 ¹
377 5717 455 5799 Ἑλ
475 5722 794 5799 συνομιλῷν.
1017 5723 1141 5799 ού..-
1180 5723 1200 5755 ³
1232 5721 1586 5799 Εκοᾱενχτιν,
1612 5725 1700 5799 1-8.
1777 5724 1798 5756 ⁸
1831 5723 1896 5778 ι(

1975 5741 2008 5782 τ.
2032 5725 2252 5799 rvtr,_5._
2314 5727 2335 5758 ⁸
2376 5727 2480 5799 Isa.
2505 5745 2623 5799 VIII,
2659 5730 2712 5790 3.
2789 5731 2810 5763 ⁸
2841 5728 2976 5787 Luc.
3004 5745 3040 5796 ι,
3070 5727 3140 5784 Ξθ
3179 5741 3302 5798 sqq.
3376 5725 3392 5757 ⁷
3417 5723 3540 5780 Act.

263 5809 396 5858 xm,
424 5788 481 5846 9.
545 5791 570 5825 ⁸
595 5788 740 5851 Psal.
769 5808 862 5861 vn,
892 5793 978 5851 15.
1054 5794 1074 5826 ⁵
1095 5793 1284 5850 Matth.
1311 5812 1350 5865 ι,
1374 5795 1466 5852 28.
1547 5796 1591 5828 ¹⁶
1621 5794 1756 5852 Luc.
1799 5811 1828 5851 ιι

924 5794 978 5851 5.
1054 5793 1284 5850 ’Matth.
1311 5812 1350 5865 ι,
1374 5795 1466 5852 28.
1547 5796 1591 5828 ¹⁶
1621 5794 1756 5852 Luc.
1799 5811 1860 5864 ιι,
1894 5797 1945 5852 7.
2027 5797 2066 5830 “
2101 5788 2294 5855 Matth.
2327 5815 2365 5870 ι,
2390 5797 2479 5856 25.
