3964 6406
519 388 629 446 7ὶῖ

1974 395 2031 450 b.
2069 393 2408 451 EPIPIIANII
3159 391 3162 396 ’
3633 400 3713 460 ἠε

520 523 629 578 que
659 507 1004 564 sententiam.
1055 508 1114 564 Si
1151 509 1298 566 enim
1347 509 1518 566 Maria
1553 510 1737 567 denuo
1777 513 2094 584 peperisset,

2209 515 2466 581 κτίσεως
2507 515 2538 568 ὁ
2585 514 2919 588 Μονογενὴς,
2953 515 3028 588 μὴ
3063 515 3308 589 θορυϐοῦ.
3337 518 3411 571 Οὐ
3448 516 3546 587 γὰρ
3581 513 3715 584 εἶπεν,

520 607 845 655 ceterorum
887 599 1092 657 Christi
1146 591 1395 658 fratrum.
1427 611 1584 660 erant
1629 605 1954 676 proferenda
2000 621 2100 662 no-

523 691 690 745 mina.
716 691 871 757 Quod
901 700 1084 748 autem
1116 694 1513 766 primogenitus
1546 704 1813 752 creaturae
1846 696 2027 752 omnis
2078 698 2096 728 ¹

522 781 614 837 ille
643 783 841 838 unicus
886 784 1215 854 appellatur,
1251 801 1361 841 non
1395 796 1480 843 est
1515 788 1660 858 quod
1689 803 1754 844 ea
1777 797 1830 844 te
1860 803 1948 844 res
1978 803 2102 858 per-

463 862 473 875 ’
520 873 724 929 turbet.
782 873 905 931 Non
951 879 1099 932 enim
1148 879 1308 944 dixit,
1363 882 1646 951 peperisse
1692 881 1840 936 illam
1889 882 2098 951 primo-

517 965 761 1035 genitum
787 983 950 1023 suum
971 1013 986 1031 ,
1021 969 1119 1026 sed
1147 970 1254 1026 hoc
1289 973 1503 1028 solum:
1533 972 1657 1026 Non
1687 974 1923 1043 cognovit
1956 990 2097 1037 eam,

518 1059 685 1115 donec
706 1063 909 1131 peperit
978 1063 1145 1133 ﬁlium
1183 1081 1358 1119 suum.
1402 1065 1502 1120 Ubi
1541 1081 1651 1119 non
1690 1067 2099 1136 primogenitum

517 1165 696 1215 suum,
711 1151 806 1205 sed
823 1151 1228 1222 primogenitum
1243 1154 1508 1209 duntaxat
1523 1155 1832 1225 appellavit.
1845 1154 1979 1209 Nam
1995 1156 2100 1211 hoc

518 1241 662 1311 ipso,
710 1241 854 1312 quod
913 1242 1086 1313 [ilium
1119 1262 1274 1299 suum
1305 1245 1463 1308 dixit,
1495 1255 1682 1300 natum
1709 1246 1857 1301 hunc
1883 1263 1950 1302 ex
1983 1247 2096 1312 illa,

514 1331 664 1402 quod
698 1332 765 1386 ad
794 1347 1015 1390 carnem
1046 1336 1304 1404 pertinet,
1339 1334 1602 1390 ostendit.
1638 1335 1720 1390 Ad
1760 1336 2099 1405 primogeniti

516 1435 681 1491 porro
709 1423 1060 1488 vocabulum,
1083 1438 1190 1479 non
1215 1438 1402 1480 vocem
1435 1425 1607 1489 illam,
1632 1423 2098 1492 suum,atljunxit,

515 1511 613 1569 sed
665 1513 1072 1584 primogenitum
1127 1515 1510 1572 tantummodo
1553 1515 1788 1571 vocavit.
1852 1514 1954 1570 Hic
2013 1525 2101 1570 est

515 1603 661 1658 enim
723 1603 835 1669 ille,
897 1620 1061 1675 quem
1109 1603 1541 1677 Primogenitum
1595 1613 1864 1660 creatura:
1919 1606 2100 1662 omnis

509 1694 809 1766 Apostolus
852 1697 1125 1764 nominat,
1165 1698 1372 1769 quique
1405 1713 1531 1752 cum
1573 1697 1850 1752 creaturis
1883 1699 2100 1752 caeteris

509 1787 737 1842 minime
765 1789 1145 1860 eonjungitur,
1181 1791 1279 1846 sed
1319 1800 1450 1848 ante
1483 1807 1575 1849 eas
1605 1800 1798 1848 omnes
1825 1790 2094 1860 originem

2204 607 2285 660 ὅτι
2317 606 2572 678 ἐγέννησε
2601 606 2693 660 τὸν
2735 607 3079 678 πρωτότοκον
3103 608 3287 679 αὐτῆς,
3312 608 3444 676 ἀλλ’,
3480 610 3720 678 οὺκέτνω

2203 699 2417 767 αὐτὴν,
2453 699 2565 765 ἕως
2586 699 2730 753 ὅτου
2777 699 3072 767 ἐσπέννησε
3102 701 3210 754 τὸν
3249 701 3380 755 υἱὸν
3426 699 3607 768 αὐτῆς.
3639 702 3721 754 Καὶ

2200 790 2300 844 οὐκ
2325 785 2446 844 εἶπε
2473 789 2582 844 τὸν
2607 790 2989 858 πρωτότοκον
3017 790 3208 860 αὐτῆς,
3240 791 3374 845 ἀλλὰ
3419 790 3519 845 τὸν
3553 791 3723 861 πρωτό-

2201 899 2402 936 τοκον.
2421 882 2544 935 Ἐπὶ⁵
2583 881 2683 952 μὲν
2709 880 2821 952 γὰρ
2852 878 2934 945 τῷ
2962 879 3070 946 υἱῷ
3097 879 3285 949 αὐτῆς
3308 881 3564 952 ἐσήμανεν
3585 880 3633 946 ἐξ
3652 881 3724 934 αὐ-

2201 975 2300 1046 τῆς
2334 974 2479 1028 κατὰ
2506 974 2688 1044 σάρκα
2715 972 3076 1044 γεγεννῆσθαι
3093 989 3107 1004 ’
3138 973 3230 1025 ἐπὶ
3250 972 3307 1025 δὲ
3338 975 3403 1042 τῇ
3431 972 3530 1026 τοῦ
3550 985 3726 1040 πρωτο-

2200 1065 2382 1118 τόκου
2424 1063 2712 1135 ὲπωνυμίᾳ
2739 1061 2922 1116 οὐκέτι
2949 1062 3011 1114 τὺ
3042 1059 3232 1130 αὐτῆς
3257 1062 3428 1128 ἔθετο,
3453 1061 3577 1115 ἀλλὰ
3610 1077 3726 1128 πρω-

2199 1157 2452 1210 τότοκον
2498 1155 2675 1226 μόνον.
2707 1149 2874 1217 Οὗτος
2915 1153 3023 1224 γάρ
3056 1154 3205 1206 ἐστιν
3246 1155 3276 1206 ὁ
3317 1152 3464 1223 παρὰ
3505 1151 3574 1222 τῷ
3605 1153 3727 1204 Ἀπο-

2203 1247 2374 1318 στὸλῳ
2429 1245 2721 1318 εἰρημένος
2764 1243 3116 1316 Πρωτότοκος
3162 1243 3344 1316 πάσης
3393 1244 3637 1306 κτίσεως,
3669 1244 3726 1313 μὴ

2201 1339 2545 1410 συνημμένος
2577 1339 2644 1409 τῇ
2705 1338 2921 1402 κτίσει,
2979 1335 3116 1390 ἀλλὰ
3168 1336 3275 1407 πρὸ
3315 1334 3538 1398 κτίσεως
3576 1350 3728 1403 γεγενο

2200 1429 2452 1502 νημένος.
2518 1428 2592 1483 Οὐ
2623 1427 2734 1499 γὰρ
2787 1424 2933 1491 εἶπε,
2985 1426 3412 1498 προηόκτιστος,
3455 1425 3578 1480 ἀλλὰ
3615 1439 3729 1494 πρω-

2198 1521 2464 1586 τότοκος,
2505 1517 2893 1588 διαιρουμένης
2919 1517 3019 1587 τῆς
3048 1516 3405 1586 ἀναγνώσεως
3432 1516 3519 1570 ἐπὶ
3553 1515 3607 1568 τὸ
3634 1515 3726 1585 pa.

2198 1630 2311 1666 τιον
2335 1612 2430 1666 καὶ
2453 1609 2878 1681 ἀσφαλέστερον,
2901 1607 2998 1662 τοῦ
3030 1608 3248 1680 πρῶτον
3279 1609 3378 1680 μὲν
3408 1608 3592 1676 λέγειν,
3612 1624 3726 1676 πρω-

2197 1705 2466 1770 τότοκος,
2495 1703 2689 1756 ἔπειτα
2718 1700 3126 1772 ὑποδεδηκυῖαν
3155 1701 3338 1770 λέγειν
3359 1700 3456 1772 τὴν
3483 1700 3654 1753 κτίσιν.
3675 1698 3729 1751 Ti

2204 1796 2302 1868 μὲν
2321 1795 2431 1866 γὰρ
2456 1793 2833 1863 πρωτότοκος
2863 1793 2960 1876 ἐπι
2990 1792 3086 1847 τοῦ
3113 1791 3246 1846 Υἱοῦ
3284 1791 3622 1863 λαμϐάνεται,
3643 1789 3730 1860 ἡδὲ

509 1876 746 1946 accepit.
771 1875 962 1947 Neque
981 1877 1152 1942 enim,
1169 1878 1350 1948 primo
1375 1888 1618 1946 creatus,
1636 1881 1812 1946 dixit,
1837 1878 1955 1944 sed,
1985 1879 2094 1947 pri-

2199 1891 2375 1953 κτισις
2404 1887 2493 1942 διὰ
2519 1886 2614 1941 τοῦ
2640 1886 2793 1940 Υῐοῢ.
2811 1884 3142 1956 Ἐγέννησε
3171 1883 3354 1938 τοίνυν
3383 1882 3489 1937 τὸν
3516 1879 3634 1935 υἱὸν
3651 1881 3731 1932 αὐ·

508 1967 802 2037 mogenitus
829 1983 849 2022 :
882 1968 1021 2024 adeo
1041 1977 1102 2024 ut
1117 1970 1184 2025 ad
1206 1973 1468 2040 majorem
1489 1971 1825 2027 audientium
1852 1970 2090 2026 fructum

508 2065 676 2128 atque
715 2061 1030 2116 cautionem
1065 2061 1182 2118 bazc
1225 2063 1320 2118 illo
1350 2064 1405 2118 in
1439 2065 1562 2120 loco
1592 2063 1831 2122 discreta
1856 2064 1989 2128 sint,
2026 2076 2093 2118 ac

507 2151 843 2223 primogeniti
866 2168 1000 2210 voce
1034 2155 1319 2226 praemissa
1353 2155 1672 2212 inferiorem
1703 2155 1902 2212 deinde
1945 2168 2095 2210 crea-

507 2249 688 2298 turam
743 2243 1005 2315 subjecit.
1051 2242 1335 2316 Siquidem
1385 2247 1724 2317 primogeniti
1771 2260 1972 2301 nomen
2024 2243 2093 2299 ad

505 2325 706 2389 Filium
741 2335 1022 2402 refertur;
1056 2345 1312 2393 creatura
1340 2353 1438 2410 per
1457 2337 1661 2393 Filium
1691 2347 1777 2395 est
1803 2337 2091 2408 producta.

505 2425 720 2495 Peperit
753 2427 939 2499 itaque
968 2429 1146 2499 ﬁlium
1185 2447 1342 2484 suum
1376 2431 1806 2502 primogenitum,
1841 2444 1950 2484 non
1982 2429 2097 2498 pri-

505 2520 847 2590 mogenitum
885 2536 1070 2586 suum,
1118 2523 1280 2593 quasi
1316 2521 1456 2578 alios
1484 2531 1676 2593 postea
1701 2523 1947 2593 paritura
1988 2520 2098 2575 fue-

504 2607 602 2673 rit,
633 2619 685 2664 et
721 2626 826 2665 non
865 2612 1213 2683 cognoscebat
1255 2613 1426 2668 illam.
1467 2613 1572 2680 Qui
1616 2613 1763 2669 enim
1801 2627 1966 2670 nosse
2007 2626 2100 2683 po-

505 2699 614 2783 tuit
655 2707 872 2756 tantum
919 2717 1046 2760 esse
1085 2703 1137 2758 ei
1181 2704 1400 2759 mulieri
1435 2704 1626 2774 gratia:
1658 2700 2096 2759 conferendum?

509 2789 667 2847 Unde
707 2793 902 2858 sciret,
943 2793 1194 2864 inquam,
1240 2804 1350 2850 tam
1378 2795 1672 2850 excellenti
1710 2795 1883 2865 gloria
1928 2793 2098 2865 virgi-

505 2897 633 2939 nem
689 2899 813 2942 esse
856 2886 1288 2942 celebrandam?
1322 2885 1537 2958 Quippe
1571 2886 1857 2943 mulierem
1895 2885 2038 2940 hanc
2066 2900 2098 2940 a

503 2984 707 3032 natura
757 2976 1073 3044 formatam.
1106 2995 1171 3036 ac
1198 2979 1422 3037 feminei
1451 2995 1619 3036 sexus
1651 2995 1775 3036 esse
1807 2985 2095 3050 cognorat,

504 3075 670 3139 atque
701 3069 771 3126 ab
826 3069 986 3126 Anna
1022 3079 1199 3129 matre
1240 3080 1295 3129 et
1335 3071 1584 3130 Joacimo
1619 3079 1775 3144 patre
1820 3071 2094 3142 genitam;

2193 1980 2304 2050 τῆς
2335 1979 2445 2034 τὸν
2471 1977 2877 2048 πρωτότοκον·
2900 1977 3002 2030 οὐκ
3021 1975 3194 2046 αὐτῆς
3216 1975 3276 2029 δὲ
3297 1975 3392 2028 τδ⁸
3416 1971 3730 2046 πρωτότοκον.

2195 2071 2272 2135 ὡς
2315 2069 2487 2140 αὐτῆς
2521 2066 2824 2139 μελλούσης
2866 2065 3026 2120 ἄλλον
3057 2064 3329 2127 κυΐσκειν,
3364 2062 3462 2118 καὶ
3499 2063 3599 2116 οὐκ
3633 2057 3733 2127 ᾔδει

2197 2163 2412 2228 αὐτὴν.
2446 2160 2619 2215 Πόθεν
2654 2157 2766 2230 γὰρ
2795 2157 2933 2229 ᾔδει,
2963 2159 3046 2212 ὅτι
3073 2155 3346 2227 τοσαύτην
3376 2155 3528 2227 χάριν
3551 2151 3735 2224 λήψεται

2199 2255 2371 2327 γυνή;
2399 2255 2470 2307 Ἦ
2509 2251 2675 2306 πόθεν
2703 2249 2843 2321 ᾔδει,
2868 2250 2950 2303 ὅτι
2983 2247 3240 2319 τοιαύτην
3275 2247 3434 2314 δόξαν
3459 2243 3736 2313 δοξασθήσε-

2195 2364 2285 2400 ται
2312 2342 2615 2416 παρθένοςς
2639 2343 2882 2396 Γυναῖκα
2909 2339 3006 2411 μὲν
3028 2339 3142 2410 ᾔδει
3163 2338 3336 2410 αὐτὴν
3354 2340 3421 2410 τῇ
3450 2336 3647 2396 πλάσει,
3663 2331 3738 2387 καὶ

2197 2435 2418 2507 θήλειαν
2433 2437 2500 2506 τῇ
2525 2433 2706 2503 φύσει,
2730 2432 2826 2487 καὶ
2843 2434 2907 2485 ὲκ
2926 2431 3364 2504 μητρὺςἊννης,
3385 2431 3477 2484 καὶ
3494 2430 3554 2482 ὲκ
3573 2425 3737 2496 πατρὸς

2208 2527 2484 2598 Ἰωακεῑμ-
2513 2524 2880 2595 συγγένισσαν
2895 2525 2916 2556 ⁸
2933 2524 2991 2576 δὲ
3010 2524 3108 2593 τῆς
3123 2522 3429 2588 emas",
3453 2521 3508 2587 ἐξ
3520 2521 3650 2573 οῐκου
3666 2515 3738 2570 καὶ

2197 2620 2437 2690 πατριᾶς
2474 2617 2568 2671 τοῦ
2601 2616 2796 2672 Δαϐίδο
2841 2617 2942 2669 οὐκ
2965 2615 3080 2686 ᾔδει
3105 2614 3185 2679 δὲ,
3211 2615 3300 2668 ὅτι
3335 2613 3581 2681 τοιαύτην
3613 2609 3738 2673 δόξαν

2195 2705 2560 2778 τιμηθήσεταί
2593 2722 2675 2769 τις
2701 2705 2796 2760 ἐπὶ
2817 2705 2918 2775 τῆς
2943 2704 3067 2774 γῆς,
3095 2703 3336 2774 μάλιστα
3355 2702 3510 2774 γυνή.
3533 2701 3632 2755 Οόκ
3645 2697 3738 2769 ᾔδει

2193 2795 2286 2853 οὖν
2317 2797 2508 2869 αὐτὴν,
2543 2796 2649 2860 ἕως
2679 2791 2741 2850 οὗ
2780 2791 2890 2849 εἶδε
2925 2795 2986 2849 τὸ
3017 2795 3223 2867 θαῦμα.
3259 2797 3376 2850 Οὐκ
3396 2792 3675 2866 ᾔδειαὺτῆς
3694 2787 3739 2841 εδ

2195 2889 2400 2960 θαῦμα,
2419 2888 2524 2950 ἕως
2541 2888 2664 2941 ὅτου
2685 2883 2794 2942 εἶδε
2813 2886 2873 2941 τὺ
2891 2887 3286 2959 γεγεννημένον
3307 2887 3369 2951 ἐξ
3391 2885 3682 2957 αὑτῆς.”()τε
3695 2880 3738 2933 δὲ

2196 2978 2404 3041 ἔτεκεν,
2444 2977 2587 3046 ἔγνω
2616 2978 2712 3032 καὶ
2738 2977 2838 3047 τὴν
2870 2977 2964 3032 τοῦ
2992 2976 3128 3030 Θεοῦ
3157 2977 3350 3048 τιμὴν,
3384 2978 3466 3030 ὅτι
3495 2973 3619 3044 αὑτὴ
3635 2967 3689 3042 ἦν
3712 2973 3736 3040 ή

2195 3068 2702 3139 ἀκούσασαᾟαξρε,
2722 3067 3182 3140 κεχαριτωμένη·
3199 3071 3232 3123 ό
3245 3069 3464 3138 Κύριος
3473 3067 3612 3137 μετὰ
3627 3061 3736 3117 σοῦ.

505 3160 834 3220 Elizabetha:
873 3173 1188 3240 cognatam,
1237 3167 1460 3223 edomo
1490 3166 1713 3223 Davidis
1783 3180 1848 3221 ac
1913 3165 2162 3220 familia:
2204 3163 2310 3220 hoc
2355 3177 2488 3218 vero
2538 3161 2785 3216 nondum
2845 3161 3213 3225 intellexerat,
3267 3166 3482 3214 tantum
3534 3158 3660 3212 illam
3698 3153 3738 3206 in

505 3256 668 3311 terris
740 3255 910 3315 decus
966 3273 1032 3314 ac
1066 3258 1439 3329 splendorem,
1479 3268 1534 3316 et
1565 3261 1787 3332 quidem
1831 3260 2114 3327 feminam,
2155 3273 2281 3316 esse
2343 3267 2788 3316 consecuturam.
2823 3255 3098 3324 Quocirca
3143 3269 3258 3310 non
3302 3253 3556 3326 cognovit
3599 3250 3737 3331 illam,

502 3347 681 3402 donec
714 3347 1028 3420 prodigium
1059 3349 1193 3405 illud
1224 3351 1634 3408 animadvertit.
1667 3351 1790 3408 Non
1819 3351 2079 3424 cognovit
2118 3349 2263 3421 quod
2290 3351 2342 3404 in
2374 3364 2440 3405 ea
2491 3349 2744 3404 mirabile
2789 3348 3118 3419 contigerat,
3161 3346 3344 3402 donec
3400 3343 3606 3415 1050
3663 3354 3739 3396 na-

502 3447 620 3494 tum
645 3454 712 3496 ex
742 3455 807 3496 ea
834 3440 1035 3498 Filium
1071 3442 1226 3498 vidit.
1277 3445 1647 3516 Posteaquam
1715 3461 1844 3502 vere
1913 3444 2151 3516 peperit,
2198 3443 2446 3499 habitum
2488 3442 2569 3498 illi
2612 3441 2881 3498 divinitus
2928 3442 3195 3496 honorem
3248 3439 3509 3511 agnovit;
3548 3446 3740 3505 eamque

501 3529 695 3586 didicit
718 3529 808 3594 his
835 3533 1019 3590 verbis
1043 3533 1113 3589 ab
1145 3535 1341 3608 angelo
1375 3537 1668 3592 salutatam
1697 3555 1712 3592 :
1740 3542 1868 3604 Ave,
1904 3537 2082 3607 gratia
2119 3534 2298 3604 plena,
2332 3534 2592 3588 Dominus
2631 3541 2804 3588 tecum
2825 3535 2892 3594 ⁸.,

571 3619 765 3678 XVIII.
822 3620 952 3679 Haec
1009 3634 1116 3692 est,
1170 3640 1337 3698 quam
1387 3627 1740 3683 adumbravit
1783 3628 1920 3693 Eva,
1961 3641 2086 3698 quae

2259 3628 2367 3682 IH'.
2409 3625 2559 3697 Αὕτη
2592 3625 2742 3692 ἐστὶν
2770 3627 2804 3697 ἡ
2833 3624 2986 3698 παρὰ
3010 3625 3108 3696 μὲν
3134 3626 3200 3696 τῇ
3229 3623 3348 3695 Εὖᾳ
3377 3619 3740 3696 σημαινομένη,

503 3713 806 3771 viventium
836 3725 1016 3773 mater
1043 3718 1285 3788 quodam
1312 3718 1619 3789 aenigmatis
1647 3719 1931 3774 involucro
1952 3734 2096 3774 nun-

503 3811 761 3875 cupatur.
795 3804 1081 3875 Siquidem
1126 3805 1240 3862 Eva
1295 3814 1414 3862 tum
1456 3807 1758 3864 viventium
1793 3815 1880 3864 est
1909 3809 2096 3878 appel—

504 3896 618 3950 lata
647 3905 843 3961 mater,
870 3910 995 3951 cum
1021 3896 1135 3967 jam
1161 3897 1294 3953 illud
1323 3897 1624 3956 audiisset:
1651 3899 1821 3954 Terra
1856 3916 1936 3964 es,
1965 3908 2014 3954 et
2038 3901 2095 3954 in

506 3996 707 4043 terram
735 3990 1012 4043 reverteris
1029 3989 1071 4052 ³,
1106 3997 1234 4060 post
1267 3989 1572 4046 admissum
1602 3991 1859 4048 videlicet
1891 4007 2086 4062 pecca-

504 4085 645 4133 tum.
687 4075 846 4144 Quod
894 4078 1115 4149 quidem
1160 4080 1523 4138 admiratione
1566 4082 1791 4154 dignum
1825 4090 1930 4149 est,
1969 4090 2094 4153 post

503 4169 658 4225 illam
715 4170 1098 4236 offensionem,
1162 4180 1276 4226 tam
1329 4173 1656 4243 praeclarum
1693 4174 1744 4230 ei
1789 4188 2090 4245 cognomen

504 4263 854 4319 attributum.
888 4262 967 4318 Ac
997 4265 1047 4319 si
1092 4263 1368 4321 exteriora
1415 4264 1686 4319 duntaxat
1733 4275 1787 4322 et
1833 4265 2091 4322 sensibus

502 4355 667 4413 obvia
693 4355 1018 4413 consideres
1047 4397 1062 4422 ,
1111 4357 1182 4412 ah
1220 4355 1412 4412 eadem
1444 4357 1547 4410 hac
1575 4355 1685 4410 Eva
1714 4356 1887 4411 totius
1914 4365 2000 4411 est
2035 4355 2090 4410 in

503 4445 672 4501 terris
699 4445 925 4500 humani
957 4445 1176 4516 generis
1201 4446 1358 4516 origo
1379 4445 1639 4502 deducta.
1670 4444 1881 4502 Revera
1907 4453 2091 4501 tamen

508 4554 539 4592 a
572 4535 743 4592 Maria
784 4535 1011 4606 Virgine
1051 4537 1164 4592 vita
1216 4537 1336 4608 ipsa
1379 4543 1466 4594 est
1498 4536 1554 4591 in
1594 4537 1860 4593 mundum
1912 4535 2088 4590 intro-

507 4629 698 4692 ducta,
740 4636 802 4683 ut
842 4629 1118 4684 viventem
1164 4629 1361 4698 pariat,
1391 4639 1448 4685 et
1479 4628 1779 4684 viventium
1811 4627 1983 4683 Maria
2019 4628 2092 4684 sit

506 4727 702 4775 mater.
743 4717 1014 4785 Quocirca
1064 4717 1364 4773 viventium
1420 4726 1596 4772 mater
1649 4719 1970 4774 adumbrata
2022 4718 2092 4774 si-

507 4811 822 4868 militudine
869 4810 1042 4866 Maria
1088 4809 1311 4866 dicitur.
1349 4809 1486 4865 Nam
1516 4809 1586 4864 de
1617 4811 1833 4866 duabus
1868 4809 2089 4866 feminis

507 4904 719 4958 dictum
785 4903 920 4960 illud
957 4911 1044 4960 est
1075 4921 1089 4958 :
1125 4902 1259 4970 Quis
1313 4902 1458 4959 dedit
1493 4902 1705 4957 mulieri
1745 4903 2084 4971 sapientiam,

513 5005 604 5050 aut
633 4997 940 5068 aariegandi
971 4995 1322 5052 scientiam‘?
1366 4995 1582 5051 Etenim
1641 4994 1751 5049 Eva
1795 4995 1888 5050 illa
1937 4995 2089 5066 prior
2120 4972 2164 5027 D

523 5089 746 5160 sapiens
765 5089 961 5145 mulier
984 5089 1213 5156 Adamo,
1235 5099 1398 5161 quem
1429 5089 1546 5160 ipsa
1569 5088 1893 5154 nudaverat,
1939 5103 2090 5159 aspe-

511 5180 731 5238 ctabilia
747 5181 993 5251 quaedam
1005 5183 1329 5239 vestimenta
1345 5183 1629 5238 contexuit
1652 5201 1664 5236 :
1684 5181 1886 5253 quippe
1899 5181 2090 5251 hujus-

507 5272 658 5328 modi
684 5281 782 5327 est
809 5272 998 5327 labore
1027 5271 1306 5328 damnata.
1332 5274 1490 5341 Quod
1517 5274 1663 5329 enim
1690 5274 1912 5330 nuditas
1941 5274 2090 5329 illius

505 5379 671 5436 opera
691 5373 906 5436 reperta
927 5363 1123 5424 fuerat.
1141 5365 1247 5422 hoc
1273 5368 1447 5422 eidem
1469 5367 1657 5423 datum
1684 5367 1959 5438 negotium
1980 5375 2088 5430 est,

511 5465 566 5512 ut
599 5457 668 5514 ad
702 5467 987 5514 externam
1011 5457 1329 5512 nuditatem
1358 5458 1648 5529 tegendam
1680 5473 1883 5529 corpus
1919 5457 2090 5522 istud,

503 5553 650 5621 quod
707 5551 967 5608 sensibus
1016 5553 1325 5622 expositum
1380 5561 1487 5617 est,
1540 5559 1694 5608 veste
1746 5560 2082 5624 contegeret.

387 5630 396 5639 ’
507 5648 576 5699 At
613 5645 798 5701 Mariae
831 5645 1097 5702 divinitus
1135 5646 1266 5702 illud
1301 5646 1536 5717 obtigit,
1577 5654 1637 5700 ut
1668 5662 1870 5717 agnum
1923 5647 2084 5703 nobis

2194 3718 2263 3773 δι’
2297 3717 2622 3788 αἰνίγματος
2652 3717 2895 3772 λαϐοῦσα
2928 3717 2993 3770 τὸ
3015 3715 3299 3771 καλεῖσθαι
3328 3718 3514 3788 μήτηρ
3541 3714 3738 3780 ζώντων.

2207 3809 2357 3862 Ἐκεῖ
2383 3808 2480 3878 μὲν
2505 3807 2614 3878 γὰρ
2646 3807 2829 3878 μήτηρ
2861 3804 3080 3871 ζώντων
3104 3806 3392 3878 κέκληται,
3429 3806 3525 3860 καὶ
3561 3803 3679 3877 μετὰ
3697 3801 3742 3856 τὺ

2195 3899 2455 3953 ἀκοῦσαι·
2484 3897 2578 3966 Γῆ
2615 3893 2688 3963 εἴ,
2720 3897 2824 3952 καὶ
2865 3900 2954 3964 εἰς
2997 3896 3114 3968 γῆν
3141 3898 3484 3968 ἀπελεύσῃ,
3519 3896 3644 3969 μετὰ
3666 3893 3740 3964 τὴν

2193 3991 2526 4064 παράϐασιν.
2565 3972 2674 4045 Καὶ
2699 3987 2768 4062 ἦν
2800 3989 3006 4061 θαῦμα,
3035 3991 3116 4044 ὅτι
3159 3990 3301 4061 μετὰ
3343 3990 3444 4062 τὴν
3472 3987 3740 4060 παράϐασιν

2191 4082 2399 4155 ταύτην
2428 4081 2526 4154 τὴν
2559 4081 2804 4153 μεγάλην
2825 4081 2983 4152 ἔσχεν
3012 4081 3351 4152 ἐπωνυμίαν.
3384 4081 3496 4136 Καὶ
3520 4080 3647 4135 κατὰ
3667 4077 3741 4148 μὲν

2191 4176 2252 4228 τὸ
2277 4174 2555 4245 αἰσθητὸν,
2592 4173 2688 4228 ἀπ’
2715 4173 2933 4244 ἐκείνης
2959 4173 3059 4244 τῆς
3085 4171 3232 4237 Elia;
3257 4175 3412 4228 πᾶσα
3438 4174 3546 4227 τῶν
3569 4167 3742 4240 ἀνθρώ-

2193 4283 2311 4320 πων
2344 4269 2378 4336 ἠ
2408 4266 2662 4337 γέννησις
2689 4265 2783 4319 ἐπὶ
2813 4265 2919 4336 γῆς
2943 4265 3298 4336 γεγέννηται’
3328 4261 3432 4321 ὧδε
3472 4267 3529 4320 δὲ
3565 4260 3742 4332 ἀληθῶς

2191 4359 2302 4412 ἀπὺ
2331 4358 2552 4429 Μαρίας
2581 4356 2720 4428 αὕτη
2742 4357 2762 4388 ⁷
2789 4359 2823 4427 η
2853 4355 2967 4428 ζωὴ
2993 4355 3073 4426 τῷ
3095 4355 3288 4428 κόσμῳ
3314 4357 3647 4427 γεγέννηται,
3675 4352 3741 4402 ἵνα

2192 4448 2372 4514 ζῶντα
2398 4449 2661 4520 γεννήσῃ,
2684 4449 2778 4503 καὶ
2805 4449 3080 4520 γένηταιή
3105 4449 3298 4519 Μαρία
3326 4450 3514 4521 μήτηρ
3535 4447 3738 4512 ζώντων.

2191 4543 2270 4592 Δι’
2293 4542 2613 4610 αἰνίγματος
2641 4534 2734 4593 οὖν
2757 4541 2789 4610 ἡ
2819 4539 3006 4610 Μαρία
3036 4539 3220 4610 μήτηρ
3251 4539 3472 4603 ζώντων
3495 4538 3737 4606 κέκληται.

2192 4633 2330 4704 Περὶ
2375 4631 2487 4704 γὰρ
2534 4631 2643 4686 τῶν
2687 4631 2782 4685 δύο
2832 4631 3109 4700 γυναικῶν
3154 4631 3386 4704 ἐλέχθη·
3422 4633 3519 4698 Τίς
3557 4629 3740 4684 δέδωκε

2190 4723 2434 4793 rvi-amt
2500 4723 2766 4793 σοφίαν,
2834 4722 2872 4792 ἣ
2913 4721 3324 4790 ’ποικιλτικὴν
3377 4719 3739 4789 ἐπιστήμηνὶ

2204 4811 2420 4882 Ἐπειδὴ
2468 4810 2579 4882 γὰρ
2621 4813 2656 4883 ἡ
2705 4810 2896 4884 πρώτη
2933 4812 3074 4881 σοφὴ
3117 4810 3230 4865 Εὔα
3259 4812 3560 4881 ὑφαίνουσα
3584 4809 3742 4881 ἱμάτια

2189 4902 2259 4957 τὰ
2289 4901 2525 4974 αἰσθητὰ
2571 4901 2662 4956 διὰ
2705 4901 2796 4955 τὸν
2834 4902 3024 4972 Ἀδὰμ,
3060 4903 3228 4973 ὅνπερ
3257 4901 3596 4971 ἐγύμνωσεν·
3628 4897 3739 4964 αὐτῇ

2193 4994 2303 5067 7&9
2327 4995 2485 5067 ἐδόθη
2511 4989 2664 5058 οὗτος
2702 4994 2732 5046 ὁ
2767 4993 3269 5066 κάματος.Ἐπειδὴ
3294 4993 3404 5064 γὰρ
3445 4992 3514 5046 δι’
3547 4988 3738 5058 αὐτῆςή

2196 5089 2475 5161 γύμνωσις
2502 5085 2751 5170 εὓρηται,
2773 5086 2909 5156 αὐτῇ
2931 5085 3138 5139 δέδοται
3159 5084 3508 5156 ἀμφιεννύειν
3530 5082 3588 5135 τὸ
3612 5080 3740 5170 σῶμα

2160 5217 2176 5239 Ι
2195 5183 2256 5237 τὸ
2285 5180 2542 5253 αἰσθητὸν
2568 5164 2663 5233 ’διὰ
2694 5179 2793 5250 τὴν
2826 5176 3106 5249 γύμνωσιν
3149 5178 3247 5249 τὴν
3283 5176 3546 5248 αἰσθητήν
3565 5192 3576 5202 ·
3613 5173 3670 5240 τῇ
3698 5164 3740 5218 δὲ

2194 5275 2387 5346 Μαρία
2415 5272 2622 5326 δέδοται
2648 5271 2754 5325 ὑπὸ
2779 5269 2938 5331 Θεοῦ,
2967 5270 3116 5334 ὅπως
3137 5269 3274 5343 τέκῃ
3295 5270 3430 5339 ἡμῖν
3466 5266 3642 5337 ἀρνίον
3668 5258 3740 5312 καὶ

2195 5367 2490 5438 πρόϐατον,
2517 5363 2614 5418 καὶ
2659 5365 2725 5417 ὲκ
2772 5361 2874 5429 τῆς
2915 5360 3074 5432 δόξης
3119 5361 3283 5415 αὑτοῦ
3328 5359 3423 5413 τοῦ
3465 5356 3640 5429 ἀρνίου
3666 5348 3740 5404 καὶ

2198 5456 2472 5528 προϐάτου
2502 5454 2732 5524 γένηται
2765 5454 2916 5523 ἡμῖν,
2943 5451 3019 5514 ὡς
3052 5451 3161 5504 ἀπὸ
3185 5452 3350 5504 πόκου
3388 5451 3447 5502 ὲν
3489 5446 3656 5516 σοφίᾳ,
3685 5439 3737 5492 δι’

2193 5550 2396 5621 ἀρετῆς
2443 5547 2610 5602 αὐτοῦ
2650 5546 2857 5616 ἔνδυμα
2901 5544 3232 5616 ἀφθαρσίας.
3250 5542 3407 5595 Ἀλλὰ
3453 5541 3545 5596 καὶ
3582 5539 3737 5605 ἕτερον

2193 5642 2325 5715 περὶ
2356 5641 2561 5695 τούτων
2592 5638 2919 5694 διανοεῖσθαι
2948 5637 3061 5691 ἔστι
3087 5635 3412 5708 θαυμαστὸν,
3441 5631 3566 5706 περί
3582 5646 3633 5683 τε
3657 5626 3735 5693 τῆς

577 5761 836 5834 ξῦοιοεε.
866 5781 905 5832 ι,
945 5765 1028 5820 I5.
1103 5770 1124 5799 ²
1149 5767 1282 5824 Luc.
1314 5783 1351 5834 ι,
1376 5767 1466 5823 28.
1547 5768 1566 5798 ³
1594 5766 1734 5823 Gen.
1765 5785 1847 5830 Ill.
1873 5769 1959 5828 19.
2037 5765 2094 5822 ³.]

2210 5780 2364 5832 ιγιιι,
2389 5763 2478 5819 ⁸56.
2547 5763 2568 5793 ⁵
2588 5762 2648 5817 F.
2683 5767 2794 5816 τόν.
2837 5763 2856 5793 ⁶
2885 5759 2964 5816 Ita
2984 5775 3049 5817 ex
3074 5757 3241 5833 Regio
3258 5757 3376 5815 cod.
3405 5752 3730 5813 rcstituimus-

510 5829 530 5862 "
558 5830 622 5884 ιθ.
648 5831 808 5891 αὐτή.
