3964 6426
247 419 348 476 729

777 415 1159 474 ADVERSUS
1193 415 1536 474 HERESES
1573 419 1704 476 LIB.
1741 420 1828 476 Ill.
1872 421 2039 480 TOM.
2081 421 2230 480 ll.—
2270 423 2544 481 IIrERES.
2586 425 2871 483 LXXVIII.

3406 430 3514 487 730

249 537 390 602 Εὔας
413 536 632 608 καὶτῆς
661 535 989 608 Μαρίας.Ἦ
1020 535 1120 605 μὲν
1144 535 1252 608 γὰρ
1283 535 1396 590 Εὕα
1427 538 1702 610 πρόφασις
1743 557 1836 608 γε-

1945 551 2105 613 atque
2139 558 2294 598 ovem
2330 551 2549 612 pareret
2577 561 2592 600 :
2623 545 2782 612 cujus
2809 560 2875 598 ex
2904 542 3192 614 splendore
3222 559 3287 600 ac
3319 544 3512 616 gloria,

248 628 472 698 γένηται
498 627 731 681 θανάτου
760 627 873 687 τοῖς
907 622 1246 693 ἀνθρὼποις’
1272 624 1340 678 δι’
1373 625 1546 694 αὐτῆς
1580 625 1687 696 γὰρ
1717 628 1829 679 εἰσ-

245 721 405 795 ῆλθεν
432 723 462 776 6
492 722 722 784 θάνατος
753 719 834 783 είς
865 718 956 771 τὸν
986 718 1222 788 κόσμονο
1255 719 1288 789 ἡ
1321 718 1376 771 δὲ
1397 719 1587 789 Μαρία
1620 718 1832 791 πρόφα-

246 833 332 881 σις
355 815 522 886 ζωῆς,
553 815 619 869 δι’
644 810 712 887 ἦς
742 811 1170 884 ὲγεννήθηήμῖν
1198 807 1333 882 ζωή.
1364 812 1474 864 Καὶ⁹
1506 811 1596 865 διὰ
1618 810 1776 865 τοῦτο
1801 811 1831 864 6

245 907 373 972 Υἱὸς
417 907 552 961 Θεοῦ
613 905 949 976 παρεγένετο
1001 904 1083 967 είς
1129 902 1219 956 τὸν
1273 903 1511 973 κόσμον’
1572 903 1687 967 καὶ,
1747 898 1829 958 Οὔ

244 989 620 1052 ἐπλεόνασεν
643 997 680 1064 ἡ
712 995 988 1064 ἁμαρτία,
1019 993 1618 1061 ὑπερεπερίσσευσεν
1657 994 1696 1062 ἡ
1733 992 1833 1062 χά-

243 1108 337 1158 ρις
355 1107 370 1120 ”
401 1091 493 1142 καὶ
522 1089 644 1143 ὅθεν
671 1087 861 1157 γέγονε
885 1087 1131 1149 θάνατος,
1155 1085 1274 1136 ἐκεῖ
1300 1083 1601 1156 προέλαϐεν
1627 1086 1659 1154 ἡ
1695 1083 1828 1154 ζωὴ,

248 1182 337 1236 ἵνα
365 1182 477 1252 ζωὴ
507 1181 629 1235 ἀντὶ
662 1180 892 1234 θανάτου
920 1178 1169 1248 γένηται,
1193 1177 1526 1230 ὲκκλείσασα
1552 1177 1642 1231 τὸν
1671 1176 1832 1231 θάνα-

245 1289 337 1326 τον
368 1273 460 1326 τὸν
487 1274 551 1325 ἐκ
585 1271 865 1340 γυναικὸς,
903 1270 1066 1323 πάλιν
1089 1270 1115 1321 ὁ
1137 1267 1224 1322 διὰ
1248 1268 1507 1336 γυναικὸς
1543 1270 1678 1339 ἡμῖν
1718 1268 1831 1339 ζωὴ

245 1365 668 1437 γεγεννημένος.
706 1365 816 1418 Καὶ
847 1363 1032 1434 ἐπειδὴ
1059 1364 1176 1415 ἐκεῖ
1204 1361 1301 1432 μὲν
1341 1361 1423 1414 ἔτι
1460 1359 1596 1415 οὖσα
1628 1362 1832 1433 παρθέ-

244 1479 336 1526 νος
372 1458 546 1532 ήΕὖα
595 1460 652 1512 ὲν
702 1457 1042 1530 παρεκϐάσει
1091 1456 1376 1528 παρακοῆς
1421 1455 1635 1525 γέγονε,
1670 1456 1832 1511 πάλιν

243 1553 336 1607 διὰ⁵
376 1552 478 1621 τῆς
524 1550 803 1621 Παρθένου
855 1549 1078 1618 γέγονεν
1123 1548 1157 1618 ἡ
1206 1546 1422 1615 ὑπακοὴ
1452 1546 1551 1618 τῆς
1584 1547 1828 1617 χάριτος,

244 1639 728 1711 εὐαγγελισθείσης
759 1641 858 1710 τῆς
899 1639 994 1692 ἀπ’
1015 1636 1246 1709 οὐρανοῦ
1294 1637 1519 1690 καθόδου
1563 1638 1832 1710 ὲνσάρκου

245 1732 552 1803 παρουσίας
585 1732 679 1784 καὶ
715 1730 861 1802 ζωῆς
898 1730 1309 1784 αἱωνίου.Ἑκεῖ
1350 1729 1458 1800 γάρ
1510 1747 1643 1802 φησι
1695 1731 1832 1802 πρὸς

243 1824 339 1877 τὸν
367 1823 522 1892 ὅφιν·
562 1822 670 1877 Καὶ
721 1823 944 1892 ἔχθραν
992 1820 1158 1888 θήσω
1209 1819 1520 1890 ἀναμέσον
1561 1821 1680 1876 σοῦ
1729 1823 1830 1876 καί

1932 642 2195 703 tanquam
2221 651 2252 689 e
2281 634 2502 698 vellere,
2539 650 2635 704 per
2667 635 2912 702 ejusdem
2952 639 3208 691 virtutem
3240 638 3518 692 immorta-

1932 725 2105 780 litatis
2157 725 2315 781 nobis
2367 726 2538 780 vestis
2575 725 2848 795 sapienter
2895 735 2980 781 est
3038 726 3310 784 confecta.
3351 727 3514 781 Aliud

1934 831 2064 870 vero
2122 827 2385 886 praeterea
2419 817 2473 870 in
2504 823 2758 885 utraque,
2809 815 2920 870 Eva
2971 817 3182 874 scilicet
3224 833 3288 872 ac
3321 817 3512 881 Maria,
3621 885 3623 888 γ

1932 907 2279 964 considerari
2317 917 2513 978 potest,
2543 915 2595 961 et
2618 906 2836 977 quidem
2864 908 3225 964 admiratione
3254 909 3509 980 dignum:

1933 1001 2206 1070 siquidem
2242 1000 2354 1054 Eva
2399 1001 2585 1070 generi
2633 1000 2913 1054 hominum
2955 1015 3177 1054 causam
3216 1001 3406 1056 mortis
3433 1009 3516 1053 at-

1935 1093 2080 1153 tulit,
2131 1107 2225 1160 per
2256 1104 2418 1159 quam
2461 1103 2613 1142 mors
2654 1097 2739 1142 est
2790 1087 2844 1141 in
2896 1089 3084 1143 orbem
3130 1097 3401 1143 terrarum
3431 1090 3515 1144 in—

1931 1191 2124 1246 vecta;
2161 1180 2328 1234 Maria
2377 1181 2502 1234 vitae
2532 1194 2756 1234 causam
2793 1180 3047 1250 ρνιεὺιιίι,
3086 1196 3180 1249 per
3210 1195 3374 1250 quam
3405 1180 3514 1236 vita

1933 1281 2018 1326 est
2070 1272 2232 1326 nobis
2265 1272 2381 1341 ipsa
2420 1270 2709 1342 producta.
2743 1270 2825 1326 Ob
2855 1272 2908 1326 id
2949 1269 3120 1325 Filius
3144 1267 3256 1326 Dei
3287 1272 3339 1325 in
3371 1272 3516 1325 hunc

1931 1363 2200 1417 mundum
2242 1363 2506 1418 advenit:
2539 1371 2612 1428 et,
2653 1361 2752 1418 Ubi
2784 1363 3072 1418 abundavit
3116 1362 3387 1429 delictum,
3424 1379 3518 1418 su-

1927 1455 2304 1526 perabundavit
2355 1458 2531 1527 gratia
2573 1457 2610 1509 ¹.
2672 1455 2825 1512 Unde
2879 1471 3030 1510 mors
3093 1457 3331 1519 accidit,
3399 1456 3511 1510 vita

1934 1548 2066 1603 illuc
2097 1549 2350 1613 accessit,
2390 1555 2449 1601 ut
2483 1548 2536 1602 in
2576 1548 2772 1603 mortis
2813 1549 2994 1602 locum
3025 1548 3135 1600 vita
3177 1545 3515 1611 succederet,

1933 1647 1988 1695 et
2038 1638 2310 1713 illatama
2349 1639 2576 1694 muliere
2618 1647 2847 1693 mortem
2893 1637 2984 1692 ille
3027 1637 3167 1707 ipse,
3214 1637 3308 1706 qui
3336 1651 3366 1691 e
3393 1651 3518 1690 mu-

1935 1730 2088 1795 liere,
2128 1730 2239 1783 vita
2271 1737 2331 1783 ut
2367 1736 2514 1784 esset
2543 1735 2758 1792 nostra,
2791 1736 2955 1782 natus
2980 1735 3118 1793 erat,
3173 1726 3515 1782 excluderet.

1936 1822 2206 1889 Quoniam
2238 1836 2368 1877 vero
2401 1837 2526 1876 cum
2563 1819 2744 1874 adhuc
2775 1819 2930 1890 virgo
2959 1819 3015 1873 in
3045 1819 3222 1873 hortis
3263 1817 3373 1872 Eva
3417 1817 3517 1872 de-

243 1914 558 1985 ἁναμέσον
589 1913 798 1982 αὐτῆς,
843 1913 941 1968 καὶ
984 1911 1294 1983 ἀναμέσον
1343 1913 1449 1966 τοῦ
1491 1911 1834 1983 σπέρματος

1945 1923 2090 1988 geret
2121 1955 2136 1980 ,
2182 1929 2280 1986 per
2310 1912 2714 1994 contumaciam
2763 1912 2907 1982 apud
2969 1910 3139 1966 Deum
3165 1909 3471 1964 oﬂ’enderat
3499 1947 3516 1973 ,

244 2007 384 2072 σοῦ,
421 2007 520 2061 καὶ
551 2005 865 2076 ἀναμέσον
894 2005 1002 2060 τοῦ
1043 2005 1386 2074 σπέρματος
1422 2005 1634 2074 αὐτῆς.
1662 2007 1834 2060 Οὐδα-

1945 2007 2062 2062 ideo
2091 2005 2280 2076 gratiae
2304 2003 2524 2075 propria
2563 2003 2632 2058 ab
2659 2001 2882 2073 Virgine
2909 2000 3155 2071 manavit
3185 1999 3519 2066 obedientia,

247 2099 354 2171 μοῦ
386 2099 443 2152 δὲ
474 2099 695 2171 σπέρμα
730 2097 1044 2170 εὑρίσκεται
1076 2096 1360 2165 γυναικόςο
1394 2095 1508 2148 ἀλλ’
1537 2095 1570 2167 ἢ
1605 2095 1747 2150 κατὰ
1772 2097 1834 2151 τὸ

1947 2106 2239 2168 postquam
2287 2092 2612 2150 circumfusi
2644 2108 2877 2164 corpore
2915 2091 3075 2148 Verbi
3135 2092 3517 2162 sempiternas-

244 2193 495 2261 αἴνιγμα,
531 2192 625 2245 ὲπὶ
653 2191 754 2262 τῆς
792 2188 937 2253 Εὖας
967 2187 1302 2261 λαμϐάνεται
1333 2189 1366 2258 ἡ
1399 2186 1569 2257 ἔχθρα
1599 2187 1735 2258 πρὸς
1765 2188 1833 2242 τὰ

1945 2203 2045 2258 que
2077 2187 2203 2242 vitae
2224 2186 2290 2242 de
2317 2187 2459 2240 coelo
2482 2193 2566 2242 est
2597 2183 2883 2240 nuntiatus
2914 2181 3204 2238 adventus.
3241 2180 3372 2235 Nam
3404 2181 3518 2235 illic

245 2282 342 2334 ὑπ’
367 2282 538 2352 αὐτῆς
564 2279 902 2352 γεννώμενα,
931 2279 1026 2334 τοῦ
1051 2296 1111 2334 τε
1150 2278 1328 2349 ϐφεως
1374 2277 1470 2331 καὶ
1515 2277 1606 2330 τοῦ
1650 2278 1709 2330 ὲν
1751 2278 1830 2350 τῷ

1945 2280 2011 2334 ita
2032 2287 2340 2350 serpentem
2375 2277 2519 2334 Deus
2557 2277 2765 2348 1051
2796 2275 3133 2345 alloquitur:
3169 2273 3523 2327 Inimicitiam

246 2371 372 2442 ὗφει
402 2371 693 2443 γενομένου
723 2370 972 2424 διαϐόλου
991 2369 1087 2423 καὶ
1113 2367 1331 2437 φθόνου.

1935 2384 2129 2436 ponam
2163 2369 2302 2423 inter
2326 2379 2394 2434 te,
2425 2377 2473 2422 et
2503 2369 2638 2421 inter
2674 2366 2867 2427 illam;
2896 2363 3034 2416 inter
3065 2378 3238 2416 semen
3273 2371 3442 2426 tuum,
3473 2368 3524 2414 et

246 2478 424 2516 semen
479 2463 689 2516 illius‘.
719 2462 883 2532 Atqui
941 2476 1215 2531 nusquam
1267 2459 1540 2530 ejusmodi
1592 2475 1781 2517 semen
1842 2460 2093 2516 mulieris
2149 2460 2381 2516 inveniri
2430 2466 2630 2530 potest.
2673 2454 2828 2511 Unde
2863 2469 2971 2508 non
3037 2453 3196 2509 aliter
3229 2467 3393 2522 quam
3427 2466 3525 2522 per

245 2553 720 2609 adumbrationem
754 2568 816 2608 ac
845 2553 1254 2610 similitudinem
1285 2555 1351 2608 ad
1381 2553 1544 2609 Evam
1588 2554 1816 2610 hostiles
1853 2556 1958 2610 illae
2009 2554 2312 2609 inimicitiae
2358 2551 2693 2616 referuntur,
2759 2562 2898 2620 quas
2927 2561 3054 2602 cum
3103 2544 3273 2616 hujus
3341 2543 3515 2614 stirpe

245 2659 481 2714 serpens
513 2645 624 2711 ille,
651 2653 705 2700 et
733 2645 828 2715 qui
872 2645 928 2699 in
973 2655 1224 2716 serpente
1269 2644 1446 2700 inerat
1492 2645 1700 2700 invidia
1731 2645 1970 2718 ﬂagrans
2002 2646 2277 2711 diabolus,
2313 2650 2553 2702 exercet.

321 2757 426 2812 ιε’.
482 2755 623 2809 Ἀλλ’
655 2750 747 2810 οὖν
779 2773 844 2825 γε
875 2757 1020 2811 κατὰ
1046 2756 1108 2810 τὸ
1154 2757 1490 2812 τελειότατον
1524 2759 1585 2812 οὐ
1618 2757 1841 2814 δύναται

247 2847 309 2901 ὲν
343 2847 480 2918 αὐτῇ
514 2846 575 2899 τὸ
617 2847 726 2899 πᾶν
764 2845 1155 2916 πληρωθῆναι·
1201 2846 1626 2918 πληρωθήσεται
1665 2846 1724 2900 δὲ
1765 2847 1841 2910 ὡς

248 2938 466 3008 ἀληθῶς
499 2941 556 2992 ὲν
585 2937 661 3008 τῷ
691 2938 974 3010 σπέρματι
1011 2939 1088 3010 τῷ
1121 2939 1285 3009 ἁγίῳ,
1327 2939 1406 3010 τῷ
1450 2939 1734 3010 ἐξαιρέτῳ,
1763 2940 1842 3008 τῷ

252 3031 570 3103 μονωτάτῳ,
599 3029 678 3100 τῷ
711 3029 820 3083 ἀπὸ
851 3029 1072 3101 Μαρίας
1104 3030 1264 3101 μόνον
1299 3030 1598 3102 εὑρεθέντι,
1624 3030 1719 3084 καὶ
1741 3030 1842 3082 οὐκ

248 3120 364 3176 ἀπὸ
395 3120 652 3190 συζυγίας
689 3120 901 3192 ἀνδρός.
944 3115 1112 3184 Οὗτος
1139 3120 1247 3193 γὰρ
1284 3116 1449 3192 ἦλθεν
1492 3120 1701 3174 ἀνελεῖν
1741 3121 1840 3190 τήν
1870 3166 1912 3224 C

245 3231 310 3270 τε
338 3213 565 3284 δύναμιν
597 3212 691 3266 τοῦ
723 3213 1016 3284 δράκοντος
1046 3215 1139 3267 καὶ
1166 3213 1380 3266 σκολιοῦ
1411 3213 1587 3283 ὄφεως
1615 3212 1843 3281 φεύγον-

245 3323 366 3371 τος,
403 3307 498 3359 καὶ
529 3306 630 3376 τὴν
675 3307 858 3359 πᾶσαν
883 3305 1212 3376 οἰκουμένην
1244 3304 1631 3375 κατειληφέναι
1653 3304 1836 3372 λέγον-

246 3416 365 3462 τος.
401 3399 500 3452 Διὰ
526 3397 684 3450 τοῦτο
709 3397 1044 3468 παρεγένετο
1073 3399 1137 3450 ὲκ
1168 3396 1427 3466 γυναικὸς
1458 3399 1486 3450 ό
1509 3394 1838 3465 Μονογενὴς,

249 3493 336 3553 είς
367 3490 645 3561 ἀναίρεσιν
677 3489 776 3560 μὲν
808 3488 903 3541 τοῦ
937 3488 1134 3558 ὄφεως,
1164 3487 1410 3542 τουτέστι
1435 3488 1536 3557 τῆς
1564 3488 1843 3541 κακοδιδα-

250 3581 507 3646 σκαλίας,
541 3582 637 3635 καὶ
687 3581 894 3651 φθορᾶς
914 3619 929 3644 ,
972 3581 1068 3633 καὶ
1099 3579 1315 3650 ἀπάτης
1338 3620 1352 3644 ,
1405 3579 1618 3651 πλάνης
1645 3597 1704 3632 τε
1748 3579 1842 3632 καὶ

250 3673 505 3744 ἀνομίας.
523 3668 698 3736 Οὗτός
719 3674 866 3726 ἐστιν
889 3671 1106 3742 ἀληθῶς
1125 3671 1357 3739 ἀνοίγων
1381 3671 1594 3743 μήτραν
1613 3671 1838 3742 μητρός.

249 3767 469 3829 Πάντες
502 3765 611 3836 γὰρ
641 3765 754 3818 ὅσοι
790 3764 1156 3836 ἐγεννήθησαν
1189 3763 1522 3834 πρωτότοκοι
1542 3803 1556 3829 ,
1609 3764 1696 3818 ἵνα
1749 3764 1842 3818 καὶ

249 3844 581 3927 σεμνότερον
605 3854 872 3925 εἴπωμεν,
901 3855 1001 3908 οὑκ
1025 3854 1370 3926 ἠδυνήθησαν
1390 3853 1547 3908 τοῦτο
1575 3855 1840 3926 πληροῦν,

249 3944 373 4000 ἀλλ’
402 3945 436 4015 ἣ
475 3945 633 4014 μόνος
653 3946 682 3996 6
700 3943 1011 4015 Μονογενὴς
1039 3946 1252 4017 μήτραν
1287 3944 1554 4018 παρθένον
1588 3945 1806 4012 ἀνοίξας
1824 3962 1840 3978 ⁸

249 4038 314 4092 ὲν
341 4035 516 4107 τούτῳ
553 4035 662 4107 γὰρ
698 4036 846 4107 μόνῳ
867 4035 1231 4104 τετελείωται,
1263 4038 1357 4091 καὶ
1386 4039 1444 4094 ὲν
1472 4037 1615 4109 ἄλλῳ
1643 4038 1838 4092 οὐδενί.

263 4129 433 4184 Ἀλλὰ
475 4129 570 4184 καὶ
612 4130 706 4184 ἀπ’
754 4129 926 4202 αὐτῆς
989 4133 1090 4200 τῆς
1137 4130 1448 4194 ὑποθέσεως
1491 4129 1640 4182 ἐστιν
1691 4129 1840 4185 ἰδεῖν.

263 4221 406 4277 Ἀπὸ
431 4222 653 4294 Μαρίας
683 4221 791 4292 γὰρ
827 4219 1167 4291 λαμϐάνεται
1197 4223 1230 4292 ή
1261 4220 1428 4284 λέξις,
1464 4219 1560 4273 καὶ
1589 4221 1718 4292 περὶ,
1742 4221 1843 4291 τῆς

260 4309 596 4382 Ἐκκλησίας
629 4311 782 4364 ἔσται
816 4329 906 4382 μοι
936 4310 1092 4364 τοῦτο
1120 4309 1298 4379 λέγειν
1317 4323 1330 4336 ·
1357 4311 1600 4362 Ἕνεκεν
1626 4310 1842 4364 τούτου

250 4402 614 4469 καταλείψει
661 4401 971 4470 ἄνθρωπος
1035 4403 1142 4456 τὸν
1196 4401 1422 4469 πατέρα
1474 4400 1664 4455 αὐτοῦ
1743 4402 1844 4455 καί

2014 2758 2157 2814 XIX.
2199 2758 2367 2814 Plene
2395 2756 2618 2828 quidem
2654 2767 2718 2808 ac
2753 2751 2995 2824 perfecte
3025 2750 3434 2807 accommodari
3457 2751 3524 2805 ad

1943 2851 2092 2905 illam
2125 2850 2380 2906 universa
2412 2855 2691 2918 nequeunt
2719 2863 2733 2912 ;
2770 2834 2870 2900 sed
2911 2847 2966 2898 in
3009 2843 3381 2906 sanctissima,
3411 2843 3530 2898 exi-

1944 2943 2053 2996 mia
2080 2957 2145 2997 ac
2176 2940 2444 3012 singulari
2467 2940 2658 3009 stirpe,
2683 2952 2805 3008 quae
2833 2937 2902 2992 ab
2930 2936 3046 2992 sola
3079 2933 3302 3006 Virgine
3331 2933 3526 2999 Maria,

1945 3035 2066 3091 sine
2114 3034 2227 3088 ulla
2257 3035 2356 3090 viri
2393 3035 2816 3101 consuetudine,
2848 3043 3144 3107 prOpagata
3186 3042 3291 3098 est,
3350 3033 3528 3103 reipsa

1948 3143 2012 3181 ac
2044 3126 2265 3196 penitus
2315 3127 2592 3196 impletur.
2643 3125 2746 3181 Hic
2788 3127 2934 3182 enim
2985 3127 3134 3182 illius
3164 3125 3305 3180 ﬁlius
3333 3124 3401 3178 ad
3429 3140 3530 3180 ex-

1951 3217 2336 3288 stinguendam
2401 3217 2675 3285 serpentis
2714 3232 2779 3272 ac
2811 3217 3072 3272 tortuosi
3107 3215 3318 3271 colubri
3373 3213 3529 3285 fuga-

1949 3310 2144 3378 cisque
2192 3310 2301 3363 vim
2330 3324 2395 3365 ac
2419 3311 2745 3380 potentiam,
2775 3310 2870 3380 qui
2903 3324 2964 3364 se
2996 3316 3168 3363 totum
3201 3306 3390 3361 orbem
3419 3313 3532 3360 ter-

1949 3415 2132 3454 rarum
2167 3399 2451 3454 dominatu
2485 3416 2588 3456 suo
2620 3401 3109 3472 comprehendisse
3143 3399 3412 3469 jactahat,
3460 3399 3530 3453 ad

1950 3491 2065 3547 haec
2091 3491 2276 3547 infima
2310 3492 2614 3548 descendit.
2662 3493 2958 3563 Propterea
3007 3492 3203 3547 unicus
3234 3505 3266 3545 e
3301 3489 3532 3544 muliere

1949 3580 2046 3646 Dei
2081 3580 2253 3638 Filius
2284 3583 2595 3653 processit,
2631 3592 2689 3637 ut
2725 3591 3062 3654 serpentem,
3099 3582 3204 3636 hoc
3241 3587 3324 3636 est
3353 3579 3532 3649 impiae

1947 3675 2214 3730 doctrinm
2250 3676 2643 3746 corruptelam,
2675 3690 2740 3730 ac
2770 3675 3046 3741 fraudem,
3088 3683 3142 3730 et
3172 3688 3436 3736 errorem,
3467 3685 3534 3726 ac

1948 3770 2278 3840 pravitatem
2333 3777 2622 3825 everteret.
2669 3768 2771 3824 Hie
2799 3775 2886 3825 est
2934 3768 3026 3839 qui
3082 3781 3271 3822 revera
3317 3772 3531 3819 uterum

1949 3861 2142 3916 Matris
2207 3861 2424 3932 aperuit
2464 3861 2506 3916 ³.
2573 3859 2708 3915 Nam
2771 3868 3129 3931 quotcunque
3189 3854 3534 3929 primogeniti

1949 3953 2102 4008 illum
2147 3960 2584 4018 antecesserant,
2628 3959 2690 4008 ut
2735 3952 3123 4010 honestissime
3151 3951 3350 4017 dicam,
3386 3948 3536 4005 istud

1951 4043 2132 4114 ipsum
2182 4044 2396 4100 efﬁcere
2433 4045 2822 4115 nequiverunt,
2880 4043 2975 4100 sed
3023 4045 3177 4098 solus
3206 4045 3311 4098 hoc
3339 4043 3536 4096 unicus

1950 4133 2045 4189 Dei
2085 4133 2258 4189 Filius
2288 4135 2546 4202 obtinuit,
2579 4135 2633 4189 in
2667 4149 2802 4206 quo,
2846 4134 3066 4190 caeteris
3093 4133 3333 4188 exclusis
3359 4132 3538 4186 omni-

1953 4227 2075 4288 bus,
2102 4225 2234 4279 illud
2259 4232 2344 4280 est
2371 4224 2698 4295 perfectum.
2731 4223 2840 4279 Sed
2875 4233 2934 4278 ut
2963 4224 3068 4276 alia
3097 4221 3532 4293 praetermittam,

1950 4318 2036 4373 vel
2059 4333 2125 4372 ex
2158 4332 2224 4372 eo
2254 4318 2396 4386 ipso,
2426 4316 2571 4386 quod
2609 4315 2775 4370 modo
2802 4322 3132 4377 tractamus,
3181 4319 3360 4383 potest
3401 4311 3536 4366 illud

1953 4407 2200 4478 intelligi.
2245 4403 2458 4475 Quippe
2509 4420 2572 4458 ex
2624 4403 2797 4458 Maria
2857 4411 3073 4472 sumpta
3111 4403 3200 4457 illa
3238 4401 3537 4470 Scriptura:

250 4494 378 4563 τὴν
421 4493 648 4564 μητέρα
696 4495 885 4549 αὐτοῦ
910 4533 926 4558 ,
975 4493 1074 4548 καὶ
1121 4492 1728 4562 προσκολληθήσεται
1768 4495 1839 4563 τῇ

1953 4497 2223 4556 sententia
2277 4503 2382 4560 est,
2433 4511 2597 4566 quam
2648 4496 2716 4550 ad
2765 4495 3068 4550 Ecclesiam
3118 4493 3538 4550 accommodare

253 4583 500 4655 γυναικί
549 4583 769 4639 αὐτοῦ·
831 4583 931 4637 καὶ
977 4583 1224 4637 ἔσονται
1273 4585 1328 4636 ol
1367 4583 1478 4637 δύο
1520 4586 1608 4650 είς
1650 4584 1849 4654 σάρκα

250 4677 427 4748 μίαν.
475 4677 532 4729 '0
560 4676 617 4729 δὲ
647 4675 799 4744 ἆγιος
836 4675 1158 4740 Ἀπόστολός
1191 4693 1324 4747 φησι
1351 4693 1364 4706 ·
1400 4676 1470 4732 Τὸ
1509 4678 1850 4748 μυστήριον

251 4767 438 4821 τοῦτο
467 4767 616 4836 μέγα
644 4765 818 4819 ἐστίν
839 4781 852 4796 ο
885 4765 1000 4835 ἐγὼ
1039 4764 1107 4818 δὲ
1145 4765 1302 4833 λέγω
1344 4765 1432 4830 εὶς
1460 4765 1721 4833 Χριστὸν
1751 4765 1850 4821 καὶ

250 4860 380 4928 τὴν
427 4861 817 4927 Ἐκκλησίαν.
878 4861 988 4913 Καὶ
1027 4859 1130 4930 ὅρα
1183 4876 1272 4929 μοι
1317 4858 1417 4931 τὴν
1464 4856 1573 4910 τῶν
1617 4857 1850 4929 Γραφῶν

254 4951 582 5024 ἀκρίϐειαν·
621 4953 703 5006 ὅτι
752 4951 846 5006 ἐπὶ
899 4951 998 5023 μὲν
1048 4950 1128 5021 τῷ
1179 4950 1350 5022 Ἀδὰμ
1376 4949 1612 5004 ἔπλασεν
1651 4949 1849 5017 λέγων,

253 5048 356 5102 ἐπὶ
387 5047 443 5101 δὲ
483 5050 549 5120 τῇ
580 5047 696 5119 Εὔα
737 5046 920 5100 οὐκέτι
966 5045 1276 5100 πεπλάσθαι
1325 5045 1522 5114 λέγων,
1556 5044 1673 5098 ἀλλ’
1702 5046 1850 5098 οἰκο-

247 5141 565 5211 δομεῖσθαι.
619 5141 836 5195 Ἕλαϐε
873 5140 1005 5208 γὰρ,
1048 5139 1202 5211 φησὶ,
1241 5139 1390 5208 μίαν
1427 5136 1546 5192 τῶν
1571 5135 1851 5205 πλευρῶν

128 5227 139 5234 ’
250 5233 482 5295 αὑτοῦ,
539 5233 639 5287 καὶ
692 5230 1084 5301 ᾠκοδόμησεν
1118 5230 1278 5296 αὐτῷ
1304 5233 1391 5295 εὶς
1424 5229 1709 5299 γυναῖκαο
1764 5229 1851 5282 ἵνα

251 5323 414 5396 δείξῃ
434 5323 528 5378 τὸν
559 5324 658 5395 μὲν
692 5323 898 5395 Κύριον
925 5321 1034 5375 άπὸ
1059 5312 1276 5390 Μαρίας
1305 5320 1692 5375 ἀναπλάσαντα
1725 5320 1851 5374 ἐαυ-

255 5415 345 5488 τῷ
376 5416 556 5488 σῶμα,
595 5417 690 5470 ἀπ’
722 5415 892 5487 αὐτῆς
934 5414 991 5467 δὲ
1019 5415 1118 5485 τῆς
1163 5414 1402 5486 πλευρᾶς
1431 5413 1851 5484 οἰκοδομηθῆναι

271 5507 630 5580 Ἐκκλησίαν,
657 5510 716 5564 ὲν
738 5507 816 5581 τῷ
844 5508 1106 5580 νυχθῆναι
1136 5506 1302 5562 αὐτοῦ
1331 5505 1430 5580 τὴν
1459 5506 1722 5579 πλευρὰν,
1759 5508 1853 5560 καὶ

279 5673 283 5676 6
340 5712 360 5745 ¹
397 5710 556 5767 Rom.
593 5727 648 5781 v,
694 5710 784 5768 ΞΟ.

252 5783 362 5850 Si,
395 5781 488 5837 ἥ.

895 5714 916 5745 ³
945 5709 1084 5768 Gen.
1119 5724 1201 5779 ιιι,
1253 5708 1340 5765 15.

1454 5710 1476 5744 ³
1505 5709 1678 5767 Exod.
1724 5725 1864 5782 xm,
1905 5711 1962 5767 2.

1944 4604 2240 4664 possumus
2285 4606 2299 4642 :
2344 4586 2572 4656 Propter
2629 4587 2726 4641 hoc
2793 4588 3046 4656 relinquet
3109 4588 3264 4640 homo
3330 4595 3537 4655 patrem

1943 4700 2098 4738 suum
2125 4689 2176 4736 et
2206 4691 2434 4736 matrem
2464 4697 2641 4744 suam,
2694 4689 2743 4734 et
2793 4680 3085 4734 adhaerebit
3113 4680 3271 4733 uxori
3299 4694 3448 4743 ante;
3487 4688 3538 4733 et

1943 4781 2098 4827 erant
2137 4771 2241 4826 duo
2270 4771 2323 4824 in
2361 4786 2574 4824 carnem
2616 4786 2777 4823 unam
2801 4770 2844 4822 ⁸.
2883 4770 3180 4839 Apostolus
3227 4784 3356 4824 vero
3394 4787 3406 4823 :
3437 4768 3542 4825 Sa-

1945 4873 2275 4919 eramentum
2331 4862 2447 4929 hoc,
2489 4862 2687 4932 inquit,
2736 4877 2987 4932 magnum
3034 4869 3134 4915 est.
3203 4859 3316 4930 Ego
3361 4869 3540 4914 autem

1956 4956 2075 5012 dico
2103 4957 2156 5010 in
2185 4954 2461 5010 Christum
2487 4963 2537 5008 et
2566 4953 2864 5008 Ecclesiam
2893 4955 2939 5007 ⁵.
2991 4953 3050 5007 In
3084 4969 3194 5023 quo
3223 4961 3540 5008 accuratam

1957 5064 2238 5106 sacrarum
2277 5047 2612 5102 Litterarum
2645 5047 2988 5115 diligentiam
3024 5047 3322 5102 observare
3368 5048 3538 5104 licet:

1955 5156 2076 5211 quae
2119 5155 2244 5194 cum
2279 5139 2349 5195 de
2387 5140 2598 5194 Adamo
2634 5139 2960 5209 loquuntur,
2999 5139 3273 5194 formandi
3305 5141 3542 5196 voeabu-

1955 5234 2067 5288 lum
2115 5232 2416 5294 adhibent,
2465 5230 2632 5287 Evam
2675 5247 2805 5286 vero
2850 5247 3194 5304 nequaquam
3231 5232 3541 5296 formatam,

1958 5325 2054 5381 sed
2093 5323 2414 5378 aediﬁcatam
2446 5339 2570 5379 esse
2597 5323 2788 5379 dicunt
2819 5343 2832 5377 :
2867 5324 3109 5394 Sumpsi:
3149 5325 3310 5388 enim,
3345 5323 3541 5391 inquit,

1957 5433 2121 5470 unam
2173 5433 2200 5471 e
2227 5418 2387 5470 costis
2416 5417 2586 5482 illius,
2611 5425 2662 5470 et
2685 5416 2968 5486 aediﬁcavit
2993 5416 3096 5486 ipsi
3121 5416 3174 5468 in
3205 5414 3540 5466 mulierem“.

1958 5510 2080 5575 Quo
2113 5507 2248 5564 illud
2281 5507 2738 5581 intelligeremus,
2762 5507 3056 5564 Dominum
3087 5505 3304 5575 sibiipsi
3340 5517 3544 5573 corpus

2073 5711 2094 5744 "
2129 5709 2267 5767 Gen.
2301 5727 2378 5781 ιι,
2423 5710 2516 5769 ει.
2629 5713 2650 5745 ⁵
2683 5709 2886 5777 Ephes.
2932 5725 2986 5776 ν,
3023 5709 3111 5767 32.
3225 5705 3248 5737 ⁸
3283 5702 3421 5762 Gen.
3458 5717 3539 5773 It,
