3964 6404
519 371 620 431 ’131
1910 361 1970 419 S.
2023 361 2084 417 El

2137 359 2370 418 PHANII
3623 362 3702 416 T52

518 500 550 540 e
605 482 774 539 Maria
823 483 1091 550 ﬁnxisse;
1148 480 1453 538 Ecclesiam
1489 493 1620 536 vero
1664 494 1730 534 ex
1774 479 1896 549 ipso
1925 478 2083 533 latere

2141 491 2173 548 λ
2197 477 2266 532 τὰ
2298 476 2574 550 μυστήρια
2613 473 2710 532 τοῦ
2743 474 2978 549 αἵματος
3015 473 3110 531 καὶ
3146 474 3334 539 ὕδατος
3362 473 3422 529 ὲν
3441 474 3557 546 ἡμῖν
3577 474 3706 546 λύτρα

516 577 668 632 velut
706 576 1026 632 mdiiicatam
1053 575 1245 641 fuisse,
1277 589 1405 630 cum
1435 572 1557 643 ejus
1589 573 1733 627 latus
1762 578 1847 626 est
1871 569 2096 640 cuspide
2197 567 2474 639 γενέσθαι.

516 669 843 734 sauciatum,
878 668 948 723 ab
977 667 1282 737 eodemque
1323 665 1612 736 sanguinis
1652 673 1706 720 et
1731 678 1887 735 aquae
1924 663 1990 716 ad
2019 661 2100 717 lo-

515 759 716 813 tionem
749 767 996 815 nostram
1034 759 1361 829 proﬂuxisse
1392 758 1653 830 mysteria
1679 758 1719 810 ί.

589 848 710 905 XX.
751 849 870 904 Jam
899 866 1028 905 vero
1056 849 1201 920 quod
1227 849 1450 904 Mariam
1476 848 1748 919 Josephus
1773 846 2100 924 cognovisse

2268 831 2354 888 κ’.
2386 831 2525 886 Ἀλλ’
2549 831 2698 904 ὅμως
2729 830 2869 901 ἔγνω
2894 831 2994 904 τὴν
3010 831 3230 904 Μαρίαν
3256 833 3284 885 δ
3303 830 3517 903 Ἰωσὴφ,
3537 831 3588 884 οὔ
3608 831 3716 887 κατᾶ

515 937 740 1004 dicitur,
775 957 882 994 non
910 941 980 995 ad
1011 957 1170 996 usum
1199 941 1436 1011 aliquem
1479 940 1753 1011 corporis,
1776 922 1942 1010 atque
1980 939 2080 992 usi-

2197 923 2398 994 γνῶσίν
2433 940 2557 976 τινα
2605 923 2887 994 χρήσεως,
2943 923 3004 976 ού
3055 923 3195 977 κατὰ
3230 922 3424 991 γνῶσιν
3466 923 3713 986 κοινωνίας.

512 1033 639 1081 tata:
669 1029 1086 1085 consuetudinis
1125 1010 1407 1084 referenda
1435 1029 1539 1083 ista
1577 1010 1818 1099 COgnitio
1850 1037 1956 1084 est.
1989 1026 2077 1082 Set

2211 1013 2349 1067 Ἀλλ’
2385 1012 2525 1083 ἔγνω
2556 1012 2746 1084 αὐτὴν,
2777 1012 2953 1084 τιμῶν
2986 1011 3084 1083 τὴν
3127 1013 3190 1064 ἐκ
3222 1010 3355 1064 Θεοῦ
3386 1011 3716 1080 τετιμημένην.

513 1117 639 1173 ideo
682 1118 958 1190 cognovit,
995 1117 1143 1189 quod
1173 1118 1263 1173 cui
1300 1119 1564 1174 divinitus
1610 1095 1872 1173 honorem
1909 1118 2076 1172 haber

2200 1105 2272 1157 Οὐ
2298 1102 2405 1174 γὰρ
2433 1103 2550 1174 ᾔδει
2575 1102 2745 1175 αὐτὴν
2767 1101 3020 1174 τοιαύτης
3046 1101 3203 1173 δόξης
3228 1098 3410 1165 οὖσαν,
3433 1102 3529 1164 ἕως
3549 1102 3624 1154 ὅτε
3640 1095 3718 1153 εἶδε

511 1207 748 1274 viderat,
784 1207 1031 1264 eamdem
1068 1209 1280 1264 honore
1320 1219 1647 1280 prosecutus
1685 1209 1866 1265 luerit.
1911 1207 2076 1280 Nequt

2199 1194 2404 1266 Κύριον
2445 1195 2509 1247 ὲκ
2537 1193 2794 1262 γυναικὸς
2837 1194 3254 1264 γεγεννημένον.
3305 1191 3416 1245 Καὶ
3446 1191 3521 1254 τὸ,
3547 1191 3719 1259 Πρὶνῆ

512 1299 660 1354 enim
693 1307 840 1356 tanto
891 1300 1036 1354 illam
1073 1301 1361 1372 splendore
1385 1316 1448 1356 ac
1480 1302 1653 1372 gloria
1683 1301 1966 1371 prmditam
2002 1317 2074 1372 pu

2198 1283 2524 1340 συνελθεῖν
2553 1284 2797 1350 αὐτοὺς,
2831 1285 3043 1351 εὑρέθη
3069 1283 3138 1336 ἐν
3164 1281 3378 1353 γαστρὶ
3407 1281 3634 1348 ἔχουσα,
3655 1280 3721 1331 ἵνα

512 1398 742 1458 laverat,
812 1392 1022 1462 1052
1082 1371 1257 1448 donec
1307 1410 1338 1450 e
1400 1371 1631 1450 muliere
1679 1403 1868 1450 natum
1919 1371 2077 1448 Domi

2203 1379 2276 1449 μή
2306 1393 2434 1430 ποτε
2468 1376 2717 1449 κρατήσῃ
2749 1376 2778 1428 ὁ
2801 1373 2956 1442 λόγος
2982 1373 3090 1426 τῶν
3119 1371 3463 1444 νομιζόντων,
3488 1373 3547 1424 ὲκ
3575 1390 3723 1424 κοινω-

513 1495 643 1535 num
709 1461 1120 1537 animadvertit.
1179 1483 1336 1550 Quod
1389 1495 1569 1540 autem
1631 1487 1900 1556 scriptum
1964 1494 2048 1541 est

2199 1466 2311 1530 νίας
2345 1465 2534 1537 ἀνδρὸς
2563 1462 2702 1520 εἶναι
2730 1464 2792 1517 τὸ
2811 1462 2904 1516 τοῦ
2920 1462 3055 1516 Θεοῦ
3080 1461 3433 1534 οἰκονομηθὲν
3460 1462 3721 1532 μυστήριον.

510 1573 804 1642 Antequam
840 1578 1192 1640 convenirent,
1221 1577 1428 1631 inventa
1453 1587 1532 1632 est
1565 1579 1620 1631 in
1658 1553 1804 1632 utero
1828 1577 2025 1632 habent
2050 1579 2070 1608 ’

2203 1557 2396 1626 Ἔλεγε
2446 1558 2586 1629 γὰρ,
2641 1557 2776 1628 Πρὶν
2809 1556 2843 1626 ἢ
2908 1554 3067 1608 τοῦτο
3117 1553 3392 1624 γενέσθαι,
3446 1554 3571 1624 ὅπερ
3598 1570 3725 1624 προς-

510 1663 582 1719 ob
618 1679 740 1720 eam
779 1680 1004 1722 causam
1039 1668 1274 1736 jadditur
1307 1707 1322 1733 ,
1364 1685 1434 1724 ne
1485 1669 1703 1723 illorum
1740 1669 2074 1726 invalescere

2199 1650 2421 1704 εδοκᾶτο
2445 1665 2458 1679 ·
2503 1650 2562 1703 οὐ
2595 1649 2785 1718 γέγονε
2815 1647 2871 1701 δὲ
2896 1646 3057 1700 τοῦτο
3083 1647 3143 1700 τὸ
3172 1647 3427 1719 πρᾶγμα.
3455 1647 3513 1698 El
3537 1645 3631 1716 γὰρ
3656 1643 3725 1696 καὶ

513 1756 701 1827 opinio
747 1758 842 1828 qui
898 1759 1300 1815 incarnationis
1357 1761 1682 1832 mysterium
1743 1759 2078 1817 arbitrantul

2201 1742 2567 1814 προσεδοκᾶτο
2615 1743 2649 1812 ὴ
2681 1739 2957 1812 Παρθένος
3002 1738 3082 1810 τῷ
3121 1739 3321 1809 Ἰωσὴφ
3371 1740 3448 1801 είς
3486 1739 3726 1805 συνάφειαν

509 1847 653 1902 virili
685 1862 854 1917 opera
885 1849 1308 1919 interventuque
1332 1829 1654 1920 perfectum.
1694 1848 1809 1906 Hoc
1839 1851 1984 1905 enim
2016 1851 2071 1906 di

2161 1848 2162 1881 ξ
2194 1835 2299 1904 (ὡς
2323 1833 2444 1887 οὐδὲ
2468 1832 2752 1902 ἐπεδέχετο
2773 1832 2861 1884 διὰ
2881 1832 2942 1885 τὸ
2969 1831 3273 1903 γηραλέον)
3308 1871 3324 1896 ,
3357 1831 3502 1902 ὅμως
3530 1829 3726 1900 προλαμ-

511 1941 586 1996 cit
609 1959 622 1995 :
639 1939 944 2010 Antequam
960 1941 1113 1996 ﬁeret
1127 1942 1294 2008 istud,
1313 1943 1456 2013 quod
1478 1941 1723 1998 futurum
1744 1942 2076 2012 exspectabat

2197 1925 2347 1980 δάνει
2374 1928 2409 1995 ἡ
2457 1925 2672 1995 Γραφὴ,
2707 1924 2799 1976 καὶ
2839 1925 2972 1994 ἡμῖν
3017 1922 3364 1987 ὑποτίθεται,
3401 1924 3494 1976 καὶ
3534 1922 3620 1993 τὴν
3641 1920 3726 1975 διὰ·

510 2040 623 2095 tur,
669 2032 888 2087 tametsi
939 2048 1219 2103 nunquam
1271 2011 1563 2090 existiterit.
1619 2033 1686 2090 Ut
1714 2011 1861 2090 enim
1891 2033 2075 2092 demus

2192 2031 2345 2068 νοιαν
2373 2012 2825 2082 ὲπασφαλίζεται,
2854 2012 3091 2083 δυνατῆς
3121 2011 3290 2084 οὔσης
3321 2012 3422 2084 τῆς
3451 2011 3730 2075 ὑποθέσεως,

513 2121 646 2175 illud
674 2140 687 2175 :
719 2119 1013 2192 Joscphum
1040 2123 1342 2179 maritalem
1366 2140 1490 2180 cum
1522 2124 1736 2197 Virgine
1766 2126 2077 2196 copulatio-

2192 2105 2336 2159 κατὰ
2370 2105 2464 2158 τὸν
2507 2105 2651 2158 θεῖον
2680 2104 2858 2169 τόκον,
2895 2108 3080 2158 πεῖσαι
3121 2105 3322 2176 μηκέτι
3357 2106 3583 2174 ἐγγίζειν
3613 2103 3730 2174 ἀνδρὶ

511 2228 630 2267 nem
645 2227 895 2281 sperasse
909 2212 1074 2286 (quod
1093 2214 1310 2284 quidem
1329 2229 1428 2286 pro
1443 2196 1634 2271 aii‘ecta
1646 2217 1758 2286 jam
1777 2217 1927 2290 illius
1935 2224 2076 2272 relati

2195 2197 2333 2268 πρὸς
2361 2196 2659 2266 συνάφειαν
2689 2199 2755 2268 τῇ
2790 2196 3051 2269 Παρθένῳ
3072 2213 3085 2226 ·
3130 2198 3206 2260 ὼς
3235 2197 3333 2251 καὶ
3373 2200 3401 2251 ὁ
3437 2197 3642 2268 ἄγγελος
3663 2197 3730 2249 τὸν

512 2305 630 2361 lieri
677 2283 1204 2377 minimevpoterat),
1260 2283 1443 2363 tamen
1495 2283 1780 2378 Scriptura
1812 2283 1928 2379 ipsa
1957 2323 2077 2378 praet

2207 2288 2403 2358 Ἰωσὴφ
2441 2287 2621 2340 ἔπεισε
2661 2288 2736 2358 μὴ
2770 2283 2908 2341 εἶναι
2945 2289 3044 2358 τὴν
3077 2288 3360 2349 ὑπόνοιαν,
3412 2291 3578 2362 ἤνπερ
3604 2288 3732 2352 αὐτὸς

509 2399 721 2452 munire
742 2413 862 2461 nos,
897 2406 953 2453 et
983 2397 1299 2466 admouere,
1341 2414 1407 2453 ac
1437 2399 1714 2455 cautiores
1755 2398 1967 2454 ellice‘re
2006 2413 2074 2454 vo

2193 2379 2464 2450 ἐνόμιζεν.
2496 2379 2720 2449 Ὅμοιον
2740 2380 2848 2451 γὰρ
2873 2379 2951 2450 τῷ
2973 2381 3362 2454 προρρηθὲντι,
3399 2384 3539 2451 Πρὶν
3563 2383 3594 2449 ἢ
3615 2398 3729 2435 συν-

508 2491 629 2545 luit.
679 2489 964 2560 Siquidem
991 2489 1076 2545 vel
1103 2489 1206 2544 hoc
1240 2491 1446 2558 ipsum,
1480 2490 1626 2560 quod
1656 2496 1790 2545 tunc
1829 2489 2073 2560 tempori:

2192 2471 2394 2526 ελθεῖν
2420 2471 2662 2538 αὐτοὺς,
2689 2471 2765 2534 ὡς
2788 2471 3257 2543 προσδοκωμένου,
3290 2475 3355 2527 οὐ
3381 2473 3652 2545 γενομένου
3671 2471 3730 2538 δὲ,

508 2583 792 2654 agebatur,
817 2581 1060 2649 divinus,
1088 2582 1340 2651 inquam,
1374 2582 1465 2636 ille
1496 2589 1688 2653 partus
1719 2567 1934 2638 abunde
1965 2597 2073 2652 per-

2191 2565 2274 2633 τὸ,
2308 2564 2544 2632 Δίκαιος
2572 2561 2660 2617 ὢν
2688 2561 2874 2628 ἐζήτει
2889 2562 2974 2633 μὴ
2998 2563 3532 2633 παραδειγματίσαι
3557 2563 3730 2631 αὐτὴν,

509 2653 744 2728 suadere
804 2678 1026 2741 potest,
1090 2671 1501 2725 sanctissimam
1559 2668 1840 2742 Virginem
1889 2672 2074 2726 nulliu:

2193 2655 2355 2711 ἀλλά
2383 2653 2575 2722 λάθρα
2599 2653 2906 2708 ἀπολῦσαι
2935 2653 3151 2721 αὐτὴν,
3179 2654 3255 2717 ὡς
3280 2653 3489 2722 φαύλου
3522 2653 3608 2726 μὲν
3629 2668 3735 2721 γινο-

511 2772 702 2834 postea
741 2763 844 2817 viri
879 2761 1337 2817 consuetudinem
1367 2761 1662 2818 admisisse
1695 2780 1707 2816 :
1745 2764 2076 2832 quemadmo

2196 2747 2361 2819 μένου
2389 2746 2496 2800 ἀπὸ
2521 2743 2614 2798 τοῦ
2641 2745 3140 2816 παραδειγματίσαι
3168 2746 3367 2818 αὐτὴν,
3401 2747 3461 2800 οὐ
3492 2744 3734 2815 γενομένου

509 2849 640 2904 dum
674 2848 899 2918 angelus
940 2845 1180 2914 Josepho
1225 2845 1293 2900 de
1339 2846 1509 2910 illius,
1541 2861 1706 2916 quam
1740 2849 1925 2920 animo
1954 2862 2074 2902 con-

2192 2837 2250 2893 δέ
2277 2857 2291 2870 '
2316 2837 2392 2901 ὡς
2419 2839 2448 2892 ὁ
2469 2836 2702 2906 ἄγγελος
2733 2836 2977 2890 διδάσκει
3011 2836 3186 2906 λέγων
3211 2855 3224 2868 ·
3248 2837 3352 2906 Μὴ
3376 2835 3626 2908 φοϐηθῇς
3648 2851 3734 2888 :ta-

510 2948 749 3012 ceperat,
772 2938 1047 3011 opinionis
1083 2936 1319 2994 falsitate
1367 2939 1661 3008 persuasit.
1688 2936 1822 2993 Nam
1849 2940 2075 3008 superio

2185 2924 2476 2999 ραλαϐεῖν
2519 2928 2754 2996 Μαριὰμ
2788 2926 2906 2995 τὴν
2940 2926 3193 2997 γυναῖκά
3227 2943 3379 2992 σου,
3416 2928 3512 2999 τὴν
3554 2927 3734 2997 μηδέπω

523 3035 682 3090 ribus
740 3032 893 3089 hisce
951 3033 1175 3099 verbis,
1225 3041 1508 3102 antequam
1545 3032 1910 3097 convenirent,
1968 3031 2088 3100 qui-

2193 3019 2512 3092 γενομένην,
2531 3021 2625 3073 καὶ
2650 3021 2708 3073 ὲν
2724 3019 2951 3090 ὑπονοίᾳ
2963 3019 3277 3090 σφάλματος
3302 3021 3458 3092 παρὰ
3479 3020 3556 3074 σοί
3572 3017 3735 3080 ἐστινδ,

510 3127 614 3182 bus
662 3140 750 3180 res
798 3125 855 3178 in
898 3122 1312 3194 exspectatione
1344 3121 1544 3191 posita,
1602 3134 1714 3175 non
1763 3126 1939 3190 gesta,
1990 3120 2075 3176 dei

2194 3112 2310 3168 ἀλλ’
2343 3110 2464 3165 οὐδὲ
2489 3109 2664 3174 οὕτως
2697 3109 2832 3181 οὔσῃ
2853 3152 2868 3175 ,
2903 3109 2980 3174 ὡς
3036 3110 3170 3178 οἴει,
3202 3111 3299 3164 καὶ
3339 3113 3411 3165 τὰ
3438 3112 3574 3180 ἑξῆς.
3600 3110 3737 3171 Εὐθὺς

508 3220 774 3281 claratur,
805 3183 1147 3272 simillimum
1177 3224 1262 3270 est
1293 3211 1443 3284 quod
1467 3211 1718 3282 sequitur
1745 3229 1759 3267 :
1795 3210 1930 3266 Cum
1954 3227 2073 3267 esse,

2192 3205 2303 3277 γὰρ
2349 3201 2657 3266 ἀκολούθως
2698 3202 2848 3272 λέγει
2869 3218 2881 3232 °
2935 3203 3005 3256 Τὸ
3049 3203 3159 3273 γὰρ
3188 3205 3484 3273 γεννηθὲν
3507 3205 3572 3258 ἐν
3595 3200 3735 3270 αὐτῇ,

509 3308 703 3373 iustus,
729 3306 898 3360 noluit
922 3306 1072 3360 illam
1092 3305 1388 3369 traducere,
1419 3303 1508 3358 sed
1538 3302 1740 3357 occulte
1785 3302 2074 3358 dimittere.

2192 3296 2267 3359 ὼς
2314 3295 2415 3367 ἤδη
2451 3295 2870 3364 γεγεννημένου.
2936 3293 3105 3347 Πάλιν
3140 3294 3197 3347 δὲ
3241 3294 3331 3357 τὸ,
3368 3295 3595 3361 Τέξεται
3616 3294 3737 3356 υἱὸν,

480 3396 666 3475 ,ίιυιιεί
711 3396 894 3450 malus
923 3395 1034 3465 jam
1064 3395 1134 3449 ob
1173 3393 1575 3448 traductionem
1597 3392 1742 3446 illam
1770 3401 1938 3455 esset.
1963 3408 2045 3447 Clll

2191 3388 2267 3451 ὡς
2293 3387 2386 3439 ἐπὶ
2412 3385 2714 3456 μέλλοντος.
2743 3385 2930 3449 Οὕτως
2950 3385 3058 3456 γὰρ
3078 3381 3175 3457 ἦν·
3208 3386 3295 3440 διὰ
3321 3387 3380 3440 δὲ
3417 3387 3476 3440 τὸ
3506 3383 3737 3439 πεπιστῶ-

507 3502 620 3541 non
645 3484 806 3540 luerit
835 3491 1038 3539 tamen.
1091 3482 1330 3539 Perinde
1369 3491 1534 3554 atque
1574 3482 1803 3552 angelus
1830 3481 1991 3536 docet
2022 3481 2072 3535 ii:

2194 3480 2339 3540 σθαι,
2355 3481 2389 3550 ἠ
2410 3476 2866 3550 πρωναφώνησις
2883 3493 2896 3507 ·
2914 3477 2990 3540 ὡς
3006 3479 3099 3531 καὶ
3117 3479 3201 3542 τὸ,
3217 3479 3421 3549 Πρὶνῆ
3441 3475 3737 3534 συνελθεῖν·

509 3576 688 3634 verbis
732 3591 748 3630 :
808 3572 938 3628 Noti
993 3576 1174 3630 timere
1231 3575 1468 3642 accipere
1531 3572 1768 3628 Mariam
1816 3573 2074 3644 conjugen

2191 3571 2543 3644 ἀρκούμενοι,
2597 3571 2681 3624 ὅτι
2726 3570 2832 3623 οὐδ’
2887 3570 3025 3634 ὅλως
3079 3570 3399 3642 γεγένηται.
3449 3573 3589 3637 Ἕως
3629 3569 3739 3622 ὅτου

509 3675 678 3732 tuam,
704 3681 826 3737 quae
857 3667 1101 3722 nondum
1143 3665 1348 3735 coniux
1383 3671 1532 3722 esset
1559 3682 1575 3730 ;
1607 3679 1771 3734 quam
1799 3675 1854 3719 lu
1883 3664 2074 3719 violata

2192 3663 2360 3718 ἔτεκε
2383 3663 2494 3718 τὸν
2525 3661 2663 3718 υίὸν
2680 3661 2872 3731 αὐτῆς
2887 3654 2999 3717 τὸὶρ
3034 3662 3437 3732 πρωτότοκον,
3464 3667 3573 3728 τοῖς
3595 3663 3741 3724 αὐτοῖς

511 3755 790 3825 pudicitiae
829 3763 1144 3825 suspectam
1180 3755 1371 3820 habes,
1411 3755 1538 3812 licet
1578 3757 1704 3811 talis
1742 3756 1967 3812 minimc.
1997 3757 2076 3824 sit,

2191 3757 2340 3808 ἑστιν
2364 3753 2801 3826 ἑρμηνευόμενον
2838 3753 2928 3808 διὰ
2967 3753 3030 3807 τὸ
3061 3752 3382 3825 θαυμαστὸν
3407 3756 3505 3826 τῆς
3534 3753 3648 3827 περ)⁵
3666 3753 3741 3823 τὴν

510 3846 727 3914 qualem
770 3845 1079 3909 arbitraris,
1124 3854 1233 3901 etc.
1309 3845 1446 3901 Nam
1503 3845 1735 3903 subinde
1789 3847 1846 3902 in
1899 3862 2075 3904 conse

1958 3863 2095 3904 inse-
2191 3846 2468 3919 Παρθένον
2499 3843 2755 3915 γνώσεως
2797 3845 2934 3916 πρὸς
2961 3845 3096 3900 Θεὸν
3126 3849 3523 3920 τετιμημένης.

511 3937 804 4012 quentibus
834 3937 1031 3993 addit:
1069 3937 1223 4005 Quod
1249 3939 1388 3993 enim
1445 3949 1630 3994 natum
1675 3948 1754 3994 est
1807 3941 1863 3994 in
1920 3941 2070 4009 ipsa,
2129 3941 2284 4013 quasi
2338 3939 2454 4010 jam
2498 3947 2646 3994 esset
2690 3945 2900 3993 uatum.
2953 3938 3092 3994 Illud
3133 3954 3305 4008 vero,
3356 3940 3541 3995 Parict
3581 3939 3739 4009 ﬁlium.

510 4026 581 4082 ad
625 4025 868 4082 futurum
899 4034 1114 4097 tempus
1147 4029 1404 4085 refertur.
1454 4030 1530 4085 Ita
1563 4030 1709 4085 enim
1756 4045 1818 4099 se
1873 4046 1961 4087 res
2000 4031 2280 4099 habebat;
2334 4029 2433 4087 sed
2483 4028 2554 4084 ad
2601 4027 2761 4084 ﬁdem
2805 4028 3187 4085 stabiliendam
3230 4031 3391 4102 prius
3437 4031 3528 4086 illa
3570 4029 3742 4086 denun-

511 4118 668 4173 tiatio
717 4116 862 4174 facta
908 4127 1035 4176 est:
1098 4120 1406 4190 cujusmodi
1459 4130 1515 4177 et
1570 4121 1663 4177 illa
1719 4122 1883 4178 verba
1937 4132 2110 4180 sunt:
2172 4123 2503 4192 Priusquam
2539 4119 2896 4175 convenirent.
2951 4118 3054 4176 Ubi
3100 4120 3356 4179 suliicere
3395 4123 3550 4178 nobis
3593 4120 3738 4181 debet,

511 4224 791 4279 nunquam
817 4209 965 4267 istud
999 4211 1224 4268 omnino
1251 4227 1373 4268 esse
1422 4213 1667 4268 factum:
1727 4213 1902 4269 Donec
1942 4215 2142 4284 peperit
2209 4209 2389 4276 ﬁlium
2425 4226 2582 4266 suum
2631 4209 3040 4281 primogenitum
3079 4225 3100 4266 :
3146 4211 3294 4282 quod
3345 4211 3592 4268 eumdem
3647 4222 3742 4264 sen-

510 4314 633 4355 sum
683 4300 864 4368 habet,
915 4309 970 4358 et
1015 4301 1086 4356 ad
1117 4301 1496 4362 admirabilem
1545 4305 1614 4362 de
1656 4303 1884 4378 Virgine
1940 4306 2310 4378 cognitionem
2361 4302 2618 4371 refertur,
2678 4303 2769 4359 cui
2835 4317 3086 4362 summus
3139 4304 3314 4362 honor
3352 4320 3387 4361 a
3431 4304 3540 4361 Deo
3575 4303 3741 4358 tribue

510 4401 684 4449 retur.

469 4481 472 4484 ’
578 4485 721 4540 XXI.
774 4484 977 4542 Verum
1011 4502 1082 4543 ne
1109 4487 1237 4558 quis
1267 4503 1336 4544 ex
1371 4504 1437 4546 eo
1466 4489 1616 4560 quod
1662 4491 1932 4562 scriptum
1977 4505 2034 4546 es

2261 4486 2392 4539 ΚΜ.
2445 4483 2538 4555 Μὴ
2585 4483 2782 4556 νομίσῃ
2811 4483 2869 4538 δέ
2895 4501 2983 4549 τις
3017 4487 3082 4540 ἐκ
3116 4486 3210 4541 τοῦ
3256 4488 3470 4558 λέγειν,
3514 4489 3624 4558 Πρὸ
3659 4482 3741 4540 τοῦ

509 4579 802 4645 Antequam
834 4580 1188 4646 convenirent,
1225 4582 1549 4637 convenisse
1571 4581 1921 4652 postmodum
1953 4580 2074 4636 arbi'

2195 4575 2519 4632 συνελθεῖν
2552 4576 2795 4643 αὐτοὺς,
2835 4578 2918 4630 ὅτι
2966 4579 3259 4649 μετέπειτα
3309 4582 3585 4654 συνῆλθον.
3631 4578 3738 4633 οὔτε

510 4677 707 4737 tretur,
725 4669 858 4724 nihil
873 4669 1144 4739 ejusmodi
1161 4670 1540 4727 demonstrare
1555 4673 1637 4727 vel
1651 4671 1931 4727 declarare
1946 4671 2075 4742 quis

2195 4669 2305 4740 γὰρ
2331 4667 2442 4738 ἔχει
2472 4685 2556 4732 τις
2584 4668 2827 4740 δεῖξαι,ἢ
2863 4673 3104 4742 σημᾶναι
3124 4689 3138 4703 ·
3169 4671 3283 4726 ἀλλ’
3306 4673 3396 4728 ἵνα
3419 4674 3563 4746 δείξῃ
3577 4674 3740 4743 ἄχραν-

510 4764 654 4831 piam
684 4771 892 4831 potest;
914 4761 1008 4816 sed
1034 4768 1094 4815 ιιι
1110 4761 1249 4816 labis
1279 4763 1462 4817 omnis
1477 4770 1774 4832 expertem,
1794 4772 1849 4817 et
1862 4761 2075 4816 macula

2195 4777 2287 4815 τον
2325 4759 2424 4832 τὴν
2467 4759 2663 4831 κύησιν
2721 4760 2816 4814 τοῦ
2849 4761 3122 4834 Σωτῆρος,
3161 4763 3321 4817 τοῦτο
3353 4767 3384 4836 ὴ
3423 4765 3607 4836 Γραφὴ
3642 4759 3739 4814 ἑδε-

513 4852 813 4911 Salvatoris
834 4855 1010 4911 nostri
1031 4862 1249 4926 partum
1275 4854 1588 4911 ostenderet
1613 4855 1919 4925 Scriptura,
1955 4854 2078 4910 illud

2196 4849 2488 4906 ϐαιώσατο.
2543 4849 2618 4903 Τὸ
2642 4846 2759 4917 οὖν,
2780 4854 2903 4906 Οὐκ
2933 4854 3086 4923 ἔγνω
3117 4855 3330 4923 αὐτὴν,
3355 4856 3442 4909 διὰ
3471 4855 3566 4927 τὴν
3594 4852 3739 4916 δόξαν·

512 4946 764 5001 asseruit.
828 4946 1192 5014 Quamobrem
1241 4948 1360 5004 istae
1413 4962 1577 5004 voces
1603 4985 1619 5013 ,
1657 4945 1782 5001 Non
1843 4949 2077 5018 cognovit

2195 4943 2256 4997 τὸ
2291 4943 2350 4997 δὲ
2390 4942 2756 5014 πρωτότοκον,
2802 4945 2990 5019 ἐπειδὴ
3026 4948 3367 5020 πρωτότοκός
3395 4951 3532 5012 ἐστι,
3582 4941 3739 5019 πρὶνῆ

513 5049 652 5098 eam,
710 5035 778 5090 ad
831 5038 981 5094 illius
1031 5040 1264 5112 gloriam
1325 5045 1598 5111 spectant.
1649 5036 2078 5109 Primogenitum

2190 5034 2289 5098 τὰς
2315 5033 2520 5097 κτίσεις
2548 5029 2708 5101 εἶναι,
2727 5035 2822 5089 καὶ
2849 5039 3223 5104 πρωτότοκος
3243 5039 3313 5092 ἐν
3332 5037 3584 5104 πολλοῖς
3598 5033 3740 5090 ἀδελ-

513 5141 647 5182 vero
701 5128 967 5195 nominat,
1021 5145 1088 5187 eo
1127 5131 1276 5201 quod
1326 5140 1453 5186 ante
1498 5137 1715 5188 creatas
1763 5145 1852 5186 res
1897 5144 2078 5184 omnes

2189 5125 2344 5195 φοῐς,
2397 5126 2542 5180 κατὰ
2573 5126 2664 5180 τὸν
2705 5127 3046 5194 Ἀπόστολον,
3081 5130 3143 5183 ού
3177 5130 3316 5184 κατὰ
3345 5130 3435 5183 τὸν
3459 5131 3480 5162 ⁵
3510 5129 3612 5183 ἀπὸ
3641 5125 3738 5181 M1-

512 5215 731 5286 genitus
771 5224 877 5279 est,
907 5223 962 5271 et
992 5228 1048 5272 ut
1075 5219 1152 5272 ait
1182 5219 1478 5290 Apostolus
1527 5235 1542 5272 :
1598 5218 1993 5288 Primogenitus
2034 5218 2077 5271 in

2197 5216 2338 5285 ρίας,
2381 5219 2458 5282 ὡς
2504 5219 2679 5274 ἄλλων
2715 5219 2848 5275 υἱῶν
2881 5221 2978 5275 ἀπ’
3021 5224 3192 5294 αὐτῆς
3216 5223 3403 5290 ὄντων,
3430 5222 3541 5277 ἀλλ’
3582 5217 3739 5274 ἐντοῖς

512 5307 695 5361 multis
735 5305 993 5376 fratribus
1026 5307 1046 5340 ³
1079 5327 1092 5363 :
1125 5325 1234 5366 non
1272 5320 1522 5382 respectu
1571 5311 1638 5366 ad
1663 5309 1860 5366 Mariae
1887 5310 2077 5366 libero:

2195 5308 2576 5373 καταξιωθεῖσι
2604 5309 2790 5363 λαϐεῖν
2817 5309 2886 5364 δι’
2905 5310 3068 5364 αὐτοῦ
3099 5311 3198 5382 τὴν
3227 5310 3516 5376 υἱοθεσίαν,
3543 5310 3624 5362 ἅτε
3649 5301 3737 5362 υίὸς

511 5397 718 5466 habito,
747 5400 907 5470 quasi
936 5399 1076 5455 alios
1099 5400 1188 5455 illa
1214 5405 1516 5473 pepererit;
1543 5403 1638 5460 sed
1658 5403 1728 5459 ad
1754 5419 1852 5459 eos
1871 5417 2076 5463 omnes1

2193 5402 2364 5473 αὐτῆς
2395 5401 2616 5471 γέγονεν
2653 5401 2871 5475 ἀληθῶς
2909 5405 3051 5458 κατὰ
3081 5407 3280 5478 σάρκα,
3316 5406 3401 5460 ἵνα
3435 5405 3510 5476 μὴ
3553 5400 3736 5466 δόκησις

512 5491 604 5558 qui
665 5491 1013 5561 adoptionem
1044 5491 1194 5548 illius
1234 5493 1443 5565 1053
1479 5494 1744 5551 beneﬁcio
1792 5492 2077 5550 consecuti

2192 5491 2552 5564 ὑποληφθείη.
2599 5493 2760 5548 Ἀλλὰ
2799 5493 2894 5548 καὶ¹
2934 5496 3301 5567 πρωτότοκος,
3339 5496 3430 5550 καί
3457 5493 3569 5556 υίὸς
3594 5484 3735 5554 αὐτῆς

516 5591 686 5647 sunt,
727 5599 851 5638 cum
888 5583 1072 5639 Maria:
1116 5583 1260 5642 iilius
1309 5588 1609 5643 secundum
1645 5601 1865 5642 carnem
1896 5599 2081 5641 revera

2216 5583 2290 5654 τῆς
2315 5582 2617 5656 Παρθένου,
2641 5585 2704 5639 ού
2723 5586 2813 5641 διὰ
2831 5587 2892 5641 τὸ
2911 5588 3082 5661 αὐτὴν
3105 5589 3297 5654 ἄλλους
3322 5589 3489 5654 υίοὺς,
3513 5585 3584 5647 ὡς
3604 5580 3735 5649 ἔφην’
3779 5651 3781 5656 ,

514 5691 796 5818 τῶὶοιοειιι.
821 5712 936 5764 xix,
967 5698 1059 5757 5i.
1130 5701 1151 5734 ²
1177 5699 1364 5758 Matth.
1402 5717 1438 5762 ι.
1464 5701 1531 5757 l8
1560 5716 1683 5773 sqq.
1743 5702 1764 5738 ³
1803 5699 1963 5758 Rom.
2004 5716 2079 5758 vu

2166 5699 2253 5758 29.
2325 5700 2351 5732 ⁴
2375 5699 2434 5756 F.
2484 5694 2674 5772 οὖσαν,
2713 5692 2774 5761 ιιί
2811 5711 2868 5761 et
2898 5712 3088 5777 postea
3121 5720 3220 5778 pro
3247 5705 3398 5781 οὔσῃ.
3475 5704 3497 5737 ⁵
3528 5700 3586 5758 F.
3619 5693 3731 5754 κατὰ
