3964 6404
198 365 305 423 735

813 367 1184 427 ADVERSUS
1221 369 1570 428 HASRESES
1598 369 1726 428 LIB.
1763 371 1849 430 Ill.
1879 373 2046 433 ΤΟΜ.
2088 376 2243 434 II.-—
2283 378 2563 435 ILERES.
2608 380 2892 438 LXXVIII.

3364 386 3473 443 754

195 489 364 560 ἔχειν.
425 486 650 560 Ὅμοιον
681 487 789 562 γὰρ
825 491 940 544 ἐστι
968 491 1126 546 τοῦτο
1173 489 1253 563 τῷ
1300 492 1502 564 πρώτῳ
1537 496 1644 566 πρὸ
1684 497 1785 568 τῆς

1900 497 1996 553 ruit
2022 539 2039 566 ,
2077 517 2146 557 ne
2179 502 2511 558 adumbrata
2557 504 2734 559 solum
2779 503 2990 573 species
3025 517 3149 558 esse
3175 502 3472 561 videretur.

197 580 476 649 ὲνδημίας.
508 582 569 634 'O
594 581 702 652 γὰρ
731 582 1082 654 Πρωτότοκος
1106 583 1182 637 ῶν
1203 583 1418 655 ἀληθῶς
1442 585 1655 657 Πατρὸς
1677 585 1790 639 ἄνω

197 673 305 744 πρὸ
334 670 517 742 πάσης
547 671 800 736 κτίσεως,
841 674 942 726 οὐκ
975 676 1084 728 ἀπὸ
1114 676 1208 729 τοῦ
1241 677 1436 741 ἄλλους
1473 680 1591 748 μετ’
1627 678 1791 732 αὐτὸν

196 764 262 816 ὲκ
294 763 509 835 Πατρὺς
540 764 900 836 γεγεννῆσθαι
942 766 1160 836 λέγεται
1191 768 1565 840 πρωτότοκος·
1594 772 1655 823 οὐ
1681 771 1790 844 γάρ

198 856 349 909 ἐστιν
375 856 524 928 αὐτῷ
553 858 778 928 ἁδελφὸς
808 859 1081 931 δεύτερος,
1117 862 1253 914 διότι
1286 863 1604 934 μονογενής,
1635 863 1792 918 υῦτω

197 949 294 1002 καὶ
320 949 414 1002 ἐπὶ
441 949 540 1018 τῆς
565 950 831 1022 ὲνσάρκου
864 953 1168 1024 παρουσίας
1194 955 1282 1008 ἀεὶ
1311 955 1407 1008 καὶ
1437 956 1786 1027 πρωτότοκός

197 1039 318 1093 ὲστι
346 1041 565 1111 Μαρίας
590 1057 604 1072 ο
644 1042 782 1096 ἁλλὰ
805 1045 1100 1115 μονογενὴς
1129 1048 1196 1118 τῇ
1223 1047 1415 1120 Μαρίᾳ
1445 1049 1678 1116 πέφυκε,
1718 1049 1792 1120 μὴ

199 1129 340 1200 έχων
365 1129 620 1203 δεύτερον
646 1132 870 1200 ἀδελφὸν
899 1134 992 1187 ἀπ’
1017 1135 1207 1208 αὐτῆς.
1247 1137 1357 1190 Καὶ
1396 1138 1714 1192 παύσωνται
1743 1141 1792 1192 oi

199 1220 322 1274 καθ’
341 1221 551 1274 ἑαυτῶν
587 1223 1035 1295 μεμηχανημένοι
1062 1225 1131 1279 τὰ
1159 1225 1398 1299 βλαϐερὰ
1423 1229 1626 1300 μᾶλλον
1647 1230 1751 1301 ῆπε
1760 1248 1792 1301 ρ

199 1313 269 1368 τὰ
295 1314 430 1386 πρὸς
449 1314 747 1384 ὠφέλειαν·
781 1318 856 1388 μὴ
891 1319 1215 1389 παρακαλῶ.
1271 1319 1330 1372 '0
1362 1320 1537 1390 τιμῶν
1563 1321 1791 1393 Κύριον,

197 1408 336 1478 τιμᾷ
357 1409 450 1462 καὶ
471 1407 626 1476 ἆγιον
647 1425 660 1440 ⁸
697 1411 726 1462 ὁ
744 1409 801 1463 δὲ
819 1409 1105 1481 ἀτιμάζων
1123 1410 1278 1479 ἅγιον
1298 1411 1557 1482 ἀτιμάζει
1579 1413 1672 1466 καὶ
1700 1413 1794 1467 τὸν

201 1498 394 1552 ἑαυτοῦ
444 1500 744 1572 Δεσπότην.
781 1502 962 1556 Ἔστω
1001 1503 1189 1573 Μαρία
1228 1504 1357 1574 παρ’
1397 1504 1563 1575 ἑαυτῇ
1597 1506 1630 1576 ἠ
1664 1505 1796 1574 ἁγία

201 1589 497 1662 Παρθένος,
527 1592 588 1644 τὸ
617 1591 770 1661 ἁγιον
801 1592 1012 1658 σκεῦος.
1055 1593 1242 1648 Ταῦτα
1266 1594 1375 1664 γὰρ
1401 1595 1470 1648 τὰ
1502 1597 1640 1667 πρὸς
1665 1596 1794 1668 βλά-

199 1681 306 1751 6ην
333 1684 480 1752 ἡμᾶς
504 1683 605 1736 ούκ
653 1684 856 1754 ὠφελεί
875 1703 887 1715 ο
937 1686 1086 1756 ἡμᾶς
1114 1685 1171 1738 δὲ
1203 1686 1286 1739 δεῖ
1317 1687 1643 1760 σεμνότερον
1673 1688 1794 1742 δια-

200 1773 460 1838 νοεῖσθαι,
499 1773 588 1828 ἵνα
621 1773 694 1846 μὴ
715 1775 1040 1846 ύψαυχενίαν
1069 1777 1422 1850 κτησώμεθα,
1443 1779 1476 1849 ἢ
1500 1779 1791 1849 διχόνοιαν,

1893 589 2068 660 Igitur
2099 592 2502 664 primogenitus
2533 610 2596 649 ac
2627 592 2874 666 Virginis
2907 595 3082 666 ipsius
3122 595 3266 651 [ilius
3300 598 3478 667 appel-

1893 681 2058 747 latur,
2099 699 2208 738 non
2241 684 2388 754 quod
2436 685 2596 752 alios,
2642 685 2723 739 uti
2769 686 2903 752 dixi,
2947 686 3151 741 liberos
3179 689 3472 758 pepererit.

1895 770 2110 828 Etenim
2147 781 2232 829 est
2269 775 2528 845 quiddam
2570 776 2625 829 in
2655 790 2722 830 eo
2753 790 2950 846 genere
2997 776 3046 832 ei
3089 777 3285 844 simile,
3328 778 3475 847 quod

1893 865 2330 922 incarnationem
2393 867 2710 923 antecessit.
2768 865 2904 920 Nam
2951 875 3013 921 ut
3072 865 3476 940 Primogenitus

1894 971 2088 1010 revera
2137 955 2319 1012 Patris
2346 963 2472 1012 ante
2499 964 2811 1012 creaturam
2848 971 3063 1011 omnem
3095 958 3376 1012 exstitisse
3402 958 3480 1013 di-

1894 1049 2085 1110 citur;
2132 1063 2309 1120 neque
2356 1055 2539 1102 tamen
2578 1049 2725 1114 ideo,
2765 1048 2912 1117 quod
2952 1047 3044 1102 alii
3086 1057 3209 1118 post
3237 1049 3415 1117 ipsum
3447 1063 3478 1102 a

1895 1137 2058 1194 Patre
2087 1140 2255 1211 geniti
2291 1139 2422 1203 sint,
2465 1140 2867 1210 primogenitus
2896 1147 3127 1193 vocatur
3152 1160 3164 1193 :
3193 1153 3302 1192 non
3334 1137 3480 1192 enim

1893 1225 2120 1282 fratrem
2155 1227 2388 1282 alterum
2417 1226 2629 1292 habuit,
2669 1227 2874 1297 quippe
2903 1226 2996 1296 qui
3029 1226 3102 1281 sit
3130 1225 3473 1297 unigenitus.

1896 1317 1972 1372 lta
2005 1326 2060 1373 et
2088 1325 2350 1388 suscepto
2390 1332 2623 1388 corpore
2661 1317 2846 1371 Mariae
2878 1317 3281 1388 primogenitus
3306 1315 3486 1387 appel-

1896 1412 2062 1478 latur,
2104 1411 2323 1468 tametsi
2370 1411 2533 1466 unica
2579 1411 2700 1481 ejus
2742 1410 2925 1480 proles
2961 1409 3260 1474 exstiterit,
3302 1425 3482 1480 neque

1896 1503 2176 1560 secundus
2216 1518 2283 1558 ex
2310 1517 2374 1559 ea
2410 1502 2484 1558 sit
2519 1501 2598 1556 illi
2639 1501 2810 1557 frater
2849 1501 2904 1556 in
2944 1501 3122 1556 lucem
3169 1499 3370 1556 editus.
3407 1499 3486 1555 Si-

1896 1595 2045 1650 leant
2085 1595 2270 1667 itaque
2310 1595 2562 1650 homines
2587 1595 2698 1660 isti,
2731 1594 2826 1664 qui
2856 1608 2921 1648 ea
2951 1593 3056 1648 sibi
3089 1591 3322 1664 lingunt,
3363 1607 3486 1663 quae

1895 1688 2193 1760 perniciem
2230 1689 2428 1759 magis,
2464 1688 2638 1757 quam
2681 1687 2974 1741 utilitatem
3020 1685 3156 1756 ipsis
3206 1683 3484 1748 all'erunt;

1899 1781 1995 1836 sed
2022 1781 2114 1836 ille
2154 1794 2343 1850 quazso
2371 1779 2608 1836 facessat
2632 1793 2810 1834 error.
2840 1775 3170 1846 Quicunque
3195 1773 3485 1830 Dominum

199 1865 234 1936 ἢ
268 1843 698 1938 περιττολογίαν.
740 1843 1098 1940 Περίπαντὺς
1115 1843 1225 1944 γὰρ
1253 1843 1424 1942 ἁργοῦ
1454 1843 1614 1941 λόγου
1637 1843 1794 1942 λόγον

1900 1874 2150 1936 honorat,
2197 1872 2432 1928 honorat
2463 1879 2518 1926 et
2545 1879 2835 1934 sanctum;
2877 1868 2973 1938 qui
3026 1865 3324 1938 ignominia
3355 1880 3486 1920 san.

198 1955 465 2026 δώσομεν,
499 1957 642 2034 κατὰ
664 1958 724 2010 τὸ
752 1959 1159 2030 γεγραμμένον.
1221 1960 1482 2025 Ἑαυτοὺς
1521 1963 1794 2034 μεριμνή-

1900 1976 2042 2022 ctum
2085 1964 2276 2029 allicit,
2317 1962 2569 2018 eamdem
2611 1969 2665 2016 et
2708 1959 2943 2014 Domino
2987 1973 3090 2013 suo
3135 1955 3488 2028 ignominiam

203 2063 388 2117 σωμεν
412 2063 426 2076 ⁸
459 2049 527 2102 τὰ
555 2051 764 2106 ἑαυτῶν
789 2051 1246 2124 ἐπισκεψώμεθα·
1279 2053 1353 2125 μὴ
1380 2053 1448 2107 τὰ
1478 2055 1688 2108 ἑαυτῶν
1715 2057 1795 2120 είς

1900 2057 2144 2128 imponit.
2198 2054 2282 2110 Sit
2327 2055 2384 2110 in
2426 2069 2550 2111 sese
2599 2051 2771 2107 Maria
2805 2050 3156 2107 sanctissima
3191 2049 3282 2102 illa
3308 2048 3483 2118 virgo,

198 2139 331 2201 τοὺς
356 2139 544 2208 ἁγίους
580 2141 826 2215 ῥίψωμεν
847 2160 862 2176 ο
918 2144 993 2216 μὴ
1031 2147 1125 2214 ἀφ’
1150 2145 1360 2200 ἑαυτῶν
1395 2147 1464 2200 τὰ
1491 2146 1598 2201 τῶν
1621 2147 1792 2215 ἁγίων

1900 2161 2101 2216 vasque
2157 2143 2295 2199 illud
2343 2150 2784 2198 sacrosanctum.
2833 2138 3122 2210 Ejusmodi
3167 2152 3298 2193 vero
3320 2135 3482 2208 pesti-

196 2229 643 2302 διασκεψώμεθα.

1900 2238 2005 2295 l'era
2056 2245 2220 2308 atque
2266 2234 2508 2292 exitialia
2587 2234 2843 2305 dogmata
2895 2231 3108 2285 nullum
3161 2228 3320 2284 nobis
3371 2228 3480 2282 l'ru-

196 2332 350 2378 ctum
379 2325 654 2381 all‘erunt:
695 2342 904 2397 nosque
949 2328 1088 2384 adeo
1143 2329 1595 2385 honorificentius
1643 2331 1713 2386 de
1759 2329 1854 2384 illa
1890 2330 2096 2384 sentire
2154 2341 2252 2398 par
2303 2332 2409 2390 est,
2463 2339 2535 2380 ne
2602 2325 2657 2378 in
2724 2322 2891 2377 animi
2951 2319 3339 2385 insolentiam,
3395 2326 3490 2374 aut

196 2419 558 2482 discordiam,
605 2427 700 2473 aut
751 2437 1217 2492 supervacaneam
1293 2426 1678 2495 loquacitatem
1736 2425 2070 2481 incidamus.
2151 2422 2365 2494 Quippe
2422 2420 2491 2476 de
2518 2419 2673 2474 omni
2727 2418 2910 2473 otioso
2952 2416 3122 2472 verbo
3174 2415 3488 2477 rationem,

202 2521 264 2567 ut
311 2514 572 2584 scriptum
614 2526 728 2583 est,
767 2519 1033 2574 reddituri
1071 2537 1262 2578 sumus
1297 2523 1340 2578 ⁸.
1381 2522 1524 2594 Ergo
1559 2538 1662 2578 nos
1706 2522 1857 2594 ipsos
1913 2535 2171 2576 curemus
2197 2562 2213 2585 ,
2291 2533 2476 2575 rerum
2541 2523 2857 2572 nostrarum
2930 2520 3242 2584 satagamus
3278 2553 3293 2578 ,
3355 2526 3493 2566 neve

194 2623 325 2677 quae
361 2610 531 2664 nostri
553 2612 775 2684 propria
806 2621 955 2680 sunt,
976 2617 1030 2669 in
1056 2626 1278 2674 sanctos
1299 2617 1663 2688 proferamus.
1707 2626 1802 2674 aut
1821 2635 1886 2676 ex
1911 2617 2069 2674 nobis
2091 2616 2227 2687 ipsis
2247 2630 2369 2686 qua:
2389 2613 2456 2668 ad
2507 2613 2633 2668 illos
2678 2611 2976 2682 pertinent,
3025 2608 3204 2664 metiri
3237 2607 3491 2662 velimus.

272 2698 402 2754 KB'.
434 2701 660 2765 Πάντως
683 2702 790 2775 γὰρ
815 2704 1126 2778 βιαζόμενοί
1145 2725 1314 2773 τινες,
1356 2701 1560 2764 καὶέπὶ
1615 2695 1676 2764 ei;
1704 2710 1797 2764 λα·

1979 2708 2146 2763 XXII.
2182 2706 2394 2778 Quippe
2430 2705 2683 2761 nonnulli
2713 2713 2864 2769 sunt,
2894 2703 2988 2775 qui
3020 2718 3147 2759 cum
3201 2701 3270 2757 ad
3304 2701 3493 2756 luxum

195 2791 411 2858 γνιαίτε
418 2810 509 2863 ρον
522 2794 966 2866 τρεπόμενοι,καὶ
981 2801 1038 2853 ἐν
1051 2801 1234 2865 αὐτοῖς
1246 2800 1457 2872 ἔχοντες
1472 2801 1797 2875 φθοριμαίαν

1909 2815 1974 2856 ac
2001 2799 2228 2856 delicias
2259 2797 2418 2854 eﬂ‘usi
2460 2798 2593 2861 sint,
2622 2805 2676 2854 et
2706 2795 3071 2867 perniciosam
3102 2801 3337 2848 mentem
3369 2806 3496 2846 cou-

199 2881 480 2946 ὑπόνοιαν,
505 2881 783 2952 βούλονται
815 2887 1058 2952 καὶτοὺς
1086 2890 1278 2958 ἁγίους
1303 2891 1566 2962 χραίνειν,
1601 2895 1681 2956 είς
1706 2891 1797 2945 εὕ-

1905 2890 2174 2962 ceperint,
2215 2890 2344 2959 jure
2383 2903 2452 2942 an
2484 2887 2687 2959 injuria
2732 2891 2954 2942 sanctos
3003 2882 3195 2939 iisdem
3229 2881 3494 2937 foeditatis

198 2972 361 3041 λογον
401 2974 700 3045 ἀπολογίαν
763 2977 862 3048 τῆς
910 2979 1119 3033 ἑαυτῶν
1167 2983 1345 3054 κακῆς
1399 2983 1496 3036 καὶ
1538 2982 1797 3048 ἀσθενοῦς

1904 2982 2139 3038 maculis
2203 2995 2499 3051 aspergere
2558 2985 2881 3033 conantur:
2935 2990 3050 3048 quo
3099 2990 3268 3046 pravo
3298 2981 3352 3030 et
3399 2973 3496 3027 im-

200 3063 498 3129 ὖτεονοίαςο
550 3068 686 3139 πρὸς
733 3068 828 3133 οὓς
876 3071 902 3123 ό
941 3071 1264 3138 Ἀπόστολός
1316 3093 1500 3145 φησιν·
1538 3077 1792 3131 Ἤθελον

1901 3075 2098 3131 becillo
2130 3073 2314 3128 animo
2344 3088 2445 3127 suo
2484 3071 2776 3127 honestum
2806 3070 3041 3140 aliquem
3084 3068 3325 3123 colorem
3377 3081 3497 3135 spc-

189 3156 320 3228 μὲν
356 3157 588 3226 πάντας
624 3156 778 3215 εἶναι
825 3161 908 3230 ὡς
953 3163 1234 3233 ἐμαυτόν.
1289 3166 1362 3219 Τὸ
1393 3166 1473 3232 δὲ,
1511 3167 1794 3237 ἐμαυτὸν,

1903 3166 2154 3236 ciemque
2200 3164 2560 3233 conquirant.
2612 3161 2820 3218 Contra
2873 3175 3014 3231 quos
3068 3157 3369 3230 Apostolus
3419 3155 3494 3210 ita

197 3250 325 3315 πῶς
353 3251 463 3324 ἄρα
490 3251 637 3322 λέγει
667 3254 783 3308 ἀλλ’
819 3255 852 3326 ἢ
883 3255 972 3310 διὰ
1016 3257 1076 3310 τὸ
1123 3257 1374 3327 ἁγνεύειν
1400 3274 1415 3324 ;
1449 3259 1552 3312 Διὰ
1579 3258 1648 3312 δὲ
1687 3261 1795 3327 τὰς

1903 3258 2188 3327 loquitur:
2233 3256 2399 3311 Velim
2432 3271 2610 3311 omnes
2646 3255 2747 3308 mei
2785 3253 2989 3307 similes
3019 3267 3132 3307 esse
3156 3251 3197 3306 ³.
3246 3248 3352 3304 Ubi
3399 3249 3494 3303 illa

195 3343 490 3410 πορνείας
530 3343 789 3412 ἕκαστος
839 3345 956 3416 τὴν
997 3347 1216 3403 ἑαυτοῦ
1278 3348 1536 3419 γυναῖκα
1591 3349 1795 3419 ἐχέτω.

214 3447 558 3520 Ὑπεξῃρέθη
592 3449 650 3502 δὲ
679 3453 713 3522 ἡ
757 3451 1072 3524 ἀντωνυμία
1105 3469 1120 3484 ·
1153 3452 1488 3521 ἐλεγκτικῶς
1517 3454 1627 3528 γὰρ
1684 3449 1798 3526 εἶχε

196 3554 304 3608 καὶ
329 3554 838 3626 ἐπιστρεφέστερον.
872 3552 999 3627 Εἶχε
1024 3555 1134 3628 γὰρ
1162 3559 1357 3623 εἰπεῖν,
1389 3556 1477 3610 διὰ
1507 3557 1609 3622 τὰς
1663 3575 1799 3630 πορ-

200 3661 356 3726 νείας
383 3660 558 3733 ὑμῶν.
593 3662 687 3728 Τὸ,
718 3659 906 3732 ὑμῶν,
931 3663 1109 3717 τοίνυν
1141 3663 1434 3734 περιεῖλεν,
1457 3664 1546 3719 ἴνα
1575 3664 1650 3736 μὴ
1674 3661 1801 3736 δόξῃ

201 3769 290 3831 είς
331 3765 486 3837 ὓϐριν
517 3767 677 3821 τινῶν
707 3767 866 3821 τοῦτο
894 3767 1198 3839 εἰρηκέναι.
1249 3767 1481 3840 Ἐρρέθη
1507 3769 1562 3822 δὲ
1590 3770 1670 3833 είς
1697 3787 1799 3823 κα-

198 3871 460 3942 τάκρισίν
479 3888 642 3926 τινων
662 3870 770 3926 τῶν
793 3875 870 3944 μὴ
895 3872 1157 3928 θελόντων
1177 3871 1296 3944 Θεῷ
1326 3873 1627 3943 σχολάζειν,
1661 3873 1802 3944 μετὰ

195 3970 270 4024 τὸ
303 3971 447 4024 κατὰ
477 3971 568 4024 τὸν
599 3971 761 4042 νόμον
792 3970 942 4042 βιοῦν
960 4012 976 4038 ,
1029 3973 1125 4026 καὶ
1156 3971 1398 4042 εὐλόγως
1420 3971 1718 4041 ἐπιγνῶναι
1739 3971 1802 4026 τδ

200 4075 377 4130 αὑτοῦ
405 4075 596 4140 σκεῦος
622 4076 703 4140 είς
735 4077 1079 4132 παιδοποιίαν
1097 4094 1111 4108 ο
1151 4078 1230 4142 ὡς
1257 4078 1350 4133 καὶ
1375 4079 1426 4131 οί
1450 4078 1671 4132 παλαιοὶ
1695 4095 1801 4132 πα-

199 4169 368 4240 τέρες
408 4169 564 4240 ἡμῶν
598 4167 777 4240 τούτῳ
805 4167 884 4240 τῷ
925 4169 1055 4222 εῖδει
1102 4169 1434 4242 κέχρηνταιο
1471 4169 1550 4233 ὡς
1574 4169 1668 4223 καί
1695 4186 1800 4236 που

200 4261 528 4332 εὑρήκαμεν
569 4259 834 4330 λέγουσαν
885 4259 984 4332 τὴν
1023 4261 1280 4333 Γραφήνν
1338 4261 1614 4315 Ῥεϐέκκα
1645 4260 1702 4314 δὲ
1732 4261 1802 4325 ἐξ

199 4351 353 4418 ἐνὸς
374 4352 589 4421 κοίτην
614 4354 866 4421 ἔχουσα.
898 4352 972 4405 Τὸ
999 4352 1077 4418 δὲ,
1105 4352 1174 4417 ἐξ
1202 4351 1360 4417 ἐνὸς,
1389 4351 1582 4416 είπὼν,
1610 4353 1804 4423 σεμνό-

199 4458 370 4512 τερον
417 4443 554 4512 μὲν¹
600 4442 926 4515 διηγήσατο,
977 4441 1147 4508 ἔδειξε
1190 4443 1246 4496 δὲ
1288 4443 1387 4515 τὴν
1419 4443 1679 4514 σύλληψιν
1724 4444 1802 4498 δι-

1901 3349 2088 3415 verba,
2120 3349 2223 3403 mei
2251 3347 2454 3404 similes
2480 3363 2615 3410 esse,
2649 3344 2719 3400 de
2761 3361 2869 3416 quo
2904 3343 3014 3399 alio
3040 3359 3204 3414 quam
3239 3341 3306 3396 de
3334 3340 3496 3395 casti-

1904 3440 2095 3495 monia
2130 3439 2484 3510 interpretari
2519 3437 2865 3510 possumus?
2913 3434 3106 3491 Verum
3135 3444 3350 3504 propter
3379 3435 3494 3503 [or-

1900 3531 2192 3587 uicationes
2235 3532 2595 3603 unusquisque
2639 3546 2858 3586 uxorem
2897 3544 3052 3584 suam
3107 3526 3340 3580 habeat:
3396 3525 3493 3583 sed

1900 3624 1955 3678 in
1988 3624 2159 3694 priori
2185 3630 2336 3696 parte
2355 3638 2656 3693 pronomen
2681 3621 2948 3686 detraxit,
2983 3617 3128 3690 quod
3152 3617 3493 3674 acerbiorem

1904 3716 2110 3787 alioqui
2181 3715 2666 3788 reprehensionem
2703 3721 2755 3770 et
2789 3712 3206 3784 castigationem
3248 3709 3491 3776 haberet.

1903 3809 2038 3864 Nam
2068 3825 2194 3864 cum
2231 3809 2419 3865 dicere
2459 3815 2667 3880 posset,
2709 3815 2936 3880 propter
2981 3804 3372 3860 fornicationes
3400 3818 3495 3857 ve-

1902 3910 2066 3962 stras.
2091 3915 2282 3956 vocem
2327 3900 2502 3967 illam,
2546 3908 2772 3964 vestras,
2829 3898 3086 3954 consulto
3125 3893 3494 3967 praetermisit,

1907 4007 1978 4047 ne
2003 3991 2109 4045 hoc
2139 3991 2204 4046 ad
2243 3991 2553 4062 aliquorum
2611 3989 3004 4046 contumeliam
3033 3988 3244 4058 jecisse
3292 3986 3499 4042 videre-

1901 4089 2011 4136 tur.
2061 4081 2168 4138 Sed
2206 4081 2273 4136 ad
2317 4082 2613 4137 nonnullos
2649 4078 3098 4136 condemnandos
3149 4085 3235 4132 est
3260 4077 3493 4141 dictum,

1902 4173 1997 4243 qui
2056 4187 2249 4228 vacare
2291 4171 2402 4228 Deo
2448 4173 2688 4226 nolunt:
2721 4170 2797 4224 ita
2843 4178 2902 4224 ut
2939 4169 3161 4224 interim
3213 4167 3382 4221 vitam
3426 4181 3496 4220 ex

1903 4264 2039 4334 legis
2077 4263 2399 4334 praescripto
2446 4268 2784 4331 comparent,
2835 4267 2890 4313 et
2943 4259 3175 4312 honeste
3217 4269 3347 4310 vase
3393 4270 3496 4310 suo

1907 4354 1975 4409 ad
2029 4354 2235 4425 prolem
2273 4353 2682 4424 suscipiendam
2735 4357 2982 4413 utantur,
3033 4344 3494 4418 quemadmodum

1904 4453 2091 4514 patres
2150 4451 2374 4499 nostros
2428 4458 2561 4498 usos
2615 4441 2745 4497 olim
2793 4455 2917 4495 esse
2965 4439 3306 4494 didicimus:
3346 4435 3495 4507 quod

204 4533 379 4586 καίαν
407 4524 592 4588 οὖσαν.
628 4535 783 4588 Μετὰ
811 4535 921 4606 γὰρ
945 4534 1006 4586 τὸ
1029 4533 1320 4606 ἐσχηκέναι
1348 4534 1535 4598 τέκνα,
1561 4534 1797 4588 δείκνυσι

1905 4536 2108 4592 alicubi
2165 4533 2380 4606 1054
2434 4533 2718 4603 Scriptura
2769 4531 3014 4587 declarat
3054 4548 3068 4585 :
3107 4527 3358 4594 Rebecca,
3395 4528 3492 4582 in-

207 4623 415 4696 μηκέτι
441 4626 507 4694 τῇ
539 4625 759 4690 γυναικὶ
807 4625 968 4679 αὐτὸν
997 4625 1353 4694 συναφθέντα.
1417 4625 1554 4678 Ἀλλ’
1578 4625 1796 4696 ἐπειδή-

205 4729 325 4784 περ
358 4713 536 4786 ῥᾴδιον
579 4714 674 4768 καὶ
702 4713 924 4787 εὐχερές
963 4718 1111 4770 ἐστιν
1151 4717 1240 4769 ἐπὶ
1278 4717 1346 4770 τὰ
1393 4716 1569 4785 φαῦλα
1600 4716 1799 4788 μᾶλλον

200 4805 514 4876 τρέπεσθαι
541 4805 638 4877 τὴν
667 4807 908 4861 διάνοιαν
947 4809 1091 4880 ἥπερ
1135 4809 1226 4862 ἐπὶ
1255 4809 1323 4862 τὰ
1353 4810 1646 4878 ἀναγκαῖα,
1687 4810 1799 4863 ὀλι-

205 4897 422 4969 σθηροῦ
449 4899 602 4962 ὄντος
629 4898 719 4952 τοῦ
741 4899 1012 4971 ἡμετέρου
1031 4900 1371 4972 ἀνθρωπίνου
1401 4900 1684 4972 λογισμοῦ,
1707 4901 1802 4956 καὶ

199 4994 277 5047 οὐ
301 4993 488 5064 τάχιον
507 4993 820 5058 εὐθύνοντος
847 4993 1011 5048 αὐτοῦ
1034 4994 1132 5066 την
1158 4994 1335 5066 ὁρμὴν
1360 4994 1452 5048 ἐπὶ
1471 4995 1570 5068 τὴν
1589 4994 1801 5049 εὐθεῖαν

201 5087 338 5140 ὁδὸν
361 5085 456 5139 τοῦ
480 5086 708 5158 Κυρίου,
740 5085 876 5140 ἀλλὰ
903 5085 1174 5149 κλίνοντος
1192 5087 1266 5157 πὴ
1296 5087 1393 5157 μὲν
1417 5088 1507 5140 ἐπὶ
1537 5086 1606 5140 τὰ
1629 5087 1797 5156 δεξιὰ,

207 5179 295 5249 τιὴ
326 5177 382 5232 δὲ
421 5179 514 5231 ἐπὶ
554 5179 622 5232 τὰ
656 5177 938 5250 ἀριστερὰ,
971 5177 1067 5231 καὶ
1111 5177 1322 5249 βαρέως
1361 5179 1719 5252 πληροῦντος.
1736 5180 1798 5234 τὸ

206 5270 374 5342 παρὰ
411 5271 489 5343 τῷ
519 5270 824 5342 Σολομῶντι
859 5270 1173 5342 εἰρημένον·
1229 5271 1327 5338 Μὴ
1354 5273 1572 5341 κλίνης
1597 5273 1692 5326 ἐπὶ
1730 5271 1802 5326 τὰ

204 5363 410 5428 δεξιὰ,
447 5361 603 5433 μηδὲ
648 5363 745 5416 ἐπι
797 5361 868 5416 τὰ
899 5361 1183 5430 ἀριστερά
1204 5378 1218 5392 ·
1255 5362 1416 5415 πάλιν
1455 5363 1632 5427 ἄλλως
1666 5365 1801 5434 ἡμῖν

207 5453 596 5525 στρεφομένης
614 5453 714 5523 τῆς
738 5453 936 5516 κακίας
966 5452 1092 5522 περὶ
1117 5451 1242 5515 τοὺς
1267 5453 1463 5516 αὐτοὺς
1485 5453 1801 5525 λογισμοὺς,

1905 4629 2064 4700 quit,
2112 4643 2177 4684 ea:
2238 4645 2342 4682 uno
2389 4627 2701 4696 concipiens.
2750 4623 2835 4679 Ea:
2911 4639 3036 4689 uno,
3087 4621 3258 4688 dixit;
3311 4628 3367 4675 ct
3435 4629 3496 4675 ut

1905 4720 2175 4776 honestati
2209 4720 2542 4786 consuleret,
2582 4717 2728 4774 aliud
2779 4715 2914 4772 nihil
2945 4712 3195 4779 addidit,
3248 4712 3344 4768 sed
3393 4726 3494 4782 ges

1907 4813 2249 4868 nerationem
2281 4812 2428 4866 illam
2451 4810 2658 4882 justam
2685 4825 2748 4872 ac
2788 4809 3086 4878 legitimam
3118 4805 3287 4860 fuisse
3325 4804 3498 4875 signi-

1910 4902 2111 4959 ﬁcavit.
2154 4903 2334 4971 Quare
2373 4913 2495 4974 post
2541 4909 2830 4972 susceptos
2879 4900 3082 4954 liberos
3125 4897 3332 4952 nullam
3375 4911 3494 4950 am-

1910 4997 2054 5066 plius
2084 4997 2133 5051 ei
2166 5012 2289 5052 cum
2318 4996 2410 5049 illa
2437 4992 2892 5050 consuetudinem
2928 4990 3098 5046 fuisse
3128 4988 3491 5044 demonstrat.

1909 5092 1974 5144 Et
2003 5090 2262 5160 quoniam
2299 5087 2459 5142 facile
2493 5102 2556 5142 ac
2583 5086 2828 5158 proclive
2858 5083 3016 5139 nobis
3046 5093 3129 5137 est
3156 5088 3394 5138 mentem
3427 5080 3495 5135 ad

1904 5182 2178 5237 deteriora
2236 5180 2420 5252 potius
2479 5195 2642 5250 quam
2701 5177 2769 5232 ad
2817 5174 3132 5230 necessaria
3170 5172 3495 5246 deﬂectere;

1904 5287 2143 5340 cumque
2188 5269 2438 5324 lubricus
2489 5269 2562 5324 sit
2597 5267 2836 5322 hominis
2887 5264 3125 5326 animus,
3166 5278 3265 5320 nec
3304 5262 3371 5316 ad
3407 5277 3495 5316 re-

1903 5373 2047 5420 ctam
2085 5361 2300 5418 Domini
2337 5362 2480 5415 viam
2536 5361 2800 5432 impetum
2830 5358 3013 5414 statim
3057 5369 3218 5412 suum
3261 5359 3491 5406 conten-

1909 5457 2226 5525 tionemque
2269 5453 2489 5524 dirigat,
2530 5451 2626 5508 sed
2682 5451 2750 5506 ad
2837 5450 3088 5504 dextram
3142 5445 3492 5499 sinistramve

209 5546 318 5600 καὶ
339 5542 587 5614 ὼθούσης
615 5543 771 5614 ἡμῶν
799 5543 860 5596 τὸ
891 5543 1105 5612 σῶφρον
1134 5543 1218 5611 ἐφ’
1245 5543 1438 5613 ἐτέρας
1468 5544 1630 5598 πάλιν
1655 5545 1797 5610 ὁδοὺς

1913 5546 2171 5613 declinet,
2232 5553 2396 5617 atque
2447 5559 2590 5616 aegre
2645 5541 2936 5598 admodum
2993 5539 3119 5592 huic
3182 5532 3490 5588 Salomonis

212 5635 464 5711 βαδίζειν
482 5652 495 5665 ·
520 5635 945 5707 ἁσφαλισὼμεθα
962 5631 1054 5689 οὖν
1077 5637 1151 5708 μή
1177 5653 1294 5700 πως
1316 5636 1376 5690 τὸ
1402 5637 1808 5708 περισσοτέρως

295 5794 314 5826 ⁸
350 5808 435 5865 rp.
471 5794 567 5865 μή.
647 5797 666 5826 ’
691 5792 878 5850 Matth.
909 5808 1013 5860 xu,
1049 5791 1136 5850 56.
1215 5792 1234 5824 ³
1269 5791 1438 5848 lCor.
1471 5807 1566 5861 vu,
1599 5793 1656 5851 7.

1913 5647 2183 5712 praecepto
2221 5643 2409 5710 pareat.
2441 5655 2454 5693 :
2493 5634 2576 5692 Ne
2597 5635 2825 5692 declines
2851 5632 2920 5686 ad
2943 5629 3235 5692 dexteram,
3269 5638 3361 5678 nec
3422 5623 3492 5676 ad
3561 5669 3569 5679 .
