1982 3218
258 190 312 219 735

970 186 999 214 S.
1017 181 1189 212 EPlPllANII

1826 184 1865 212 75G

258 247 398 275 sinistram
409 247 418 264 ¹
436 257 443 275 :
459 254 522 275 cum
540 246 658 282 denique
674 246 749 274 circa
773 244 885 273 easdem
908 243 1054 279 cogitatio-

1114 240 1282 276 ἐγκωμιάσαι
1293 240 1343 276 τὴν
1351 239 1490 276 Παρθένον
1499 239 1610 276 γένηταί
1622 249 1677 267 τινι
1691 239 1731 272 είς
1741 240 1798 268 ἄλλο
1807 242 1867 276 πρός.

261 300 311 320 nes
326 300 388 320 sese
410 297 537 328 torqueat
557 300 589 321 ac
614 297 705 321 verset
718 291 894 327 improbitas,
908 294 935 317 et
956 290 988 317 ad
1003 289 1055 316 alia

1110 295 1207 322 κομμα
1220 286 1380 321 φαντασίας.

260 340 360 367 itinera
399 340 568 375 capessenda
603 339 821 367 moderationem
848 342 970 365 nostram
995 334 1130 370 impellat,
1161 332 1318 360 cavendum
1346 332 1414 360 illud
1439 333 1519 361 nobis
1545 336 1604 365 est,
1640 341 1676 361 ne
1698 332 1817 361 επιιεὶοη
1838 335 1873 364 illa

260 387 347 415 beatae
365 385 484 422 Virginis
514 387 652 422 praeconia
680 386 795 413 alterius
814 385 918 413 erroris
936 388 963 412 et
977 383 1140 412 oﬂ'ensionis
1155 381 1299 408 materiam
1319 380 1402 408 alicui
1423 380 1541 409 fortasse
1556 381 1708 416 praebeant.

294 431 389 460 XXIII;
412 431 519 459 Etenim
539 432 586 467 qui
610 432 638 459 in
660 431 760 459 Filium
781 430 972 459 contumeliosi
991 437 1053 457 esse

261 477 423 509 voluerunt,
449 481 479 505 ut
508 482 588 505 antea
616 477 783 505 declaratum
809 480 870 510 est,
899 475 1054 503 abalienare

263 523 353 558 ipsum
378 531 394 550 a
413 522 506 551 Patris
531 523 677 551 divinitate
695 524 871 551 studuerunt.
885 523 939 549 Alii
954 530 970 549 e
988 529 1057 549 con-

264 569 350 596 trario
367 569 504 596 diversam
520 569 548 596 in
563 573 666 604 partem
682 570 825 602 abeuntes,
841 576 896 604 quo
909 569 1057 596 vehemen-

263 613 320 642 tius
345 614 420 641 illum
446 615 624 647 bonorarent,
641 615 766 642 eumdem
791 622 854 642 esse
880 613 1002 648 Patrem,
1027 617 1056 641 et

262 658 378 692 Filium,
399 665 425 688 et
452 660 583 695 Spiritum
606 665 733 688 sanctum
761 667 886 688 asserere
903 660 964 688 ausi
979 663 1055 687 sunt.

267 704 419 740 Utrobique
433 713 499 733 vero
512 705 675 734 insanabilis
690 709 733 733 est
757 713 789 732 ac
806 704 946 733 mortifera
966 705 1056 740 plaga.

264 749 303 777 Ita
322 750 395 785 quod
425 750 459 778 ad
483 755 609 778 sanctam
630 758 662 778 ac
686 751 793 778 beatam
820 751 894 777 illam
918 750 1058 785 Virginem

264 796 390 831 pertinet,
417 796 529 831 quidam
554 796 785 825 contumeliosius
809 796 838 824 in
861 797 936 824 illam
957 796 1057 824 invecti

264 846 339 874 sunt,
353 845 394 874 ut,
410 846 471 877 post
490 850 627 870 summum
643 842 710 870 illud
725 847 753 870 et
767 843 903 878 integrum
931 842 1058 870 incarna-

1141 426 1202 454 ΚΓ.
1219 427 1250 453 Ol
1264 426 1376 462 μὲνγὰρ
1387 426 1427 458 είς
1442 426 1487 453 τὸν
1496 427 1560 454 Υίὸν
1573 427 1801 463 βλασφημοῦντες,
1810 429 1873 456 κιθά-

1105 482 1158 509 περ
1181 481 1226 509 μοι
1257 473 1314 499 ἄνω
1349 472 1563 508 προδεδήλωται,
1594 473 1675 507 φύσει
1706 473 1872 509 ἀπαλλοτριοῦν

1105 518 1187 545 αὑτὸν
1201 518 1251 553 τῆς
1267 518 1376 553 Πατρὸς
1390 517 1517 552 Θεάτητος
1531 518 1771 554 ὲφιλοτιμήσαντο·
1785 519 1845 546 ἄλλοι
1854 519 1873 545 δὲ

1105 564 1199 596 πάλιν,
1213 563 1315 599 ἑτέρως
1329 563 1521 599 φρονήσαντες,
1532 563 1570 595 ὡς
1582 563 1664 600 δῆθεν
1676 564 1788 599 τιμῆσαι
1800 573 1873 600 περισ-

1108 609 1226 644 σοτέρως
1242 608 1437 644 προαχθέντες,
1455 608 1501 635 τὸν
1517 609 1598 636 αὑτὸν
1613 607 1685 636 εἶναι
1696 609 1800 644 Πατέρα
1810 608 1873 642 εἷπον,

1105 654 1152 681 καὶ
1168 654 1213 680 τὸν
1227 653 1308 680 αὑτὸν
1325 653 1400 685 Υίδν,
1421 653 1467 680 καὶ
1481 653 1512 680 τὸ
1533 653 1599 680 αὐτὸ
1620 654 1701 688 ἆγιον
1717 654 1830 688 Πνεῦμα·
1844 655 1876 680 ἐπὶ

1104 702 1133 729 δὲ
1144 702 1200 733 τοῖς
1216 701 1331 736 μέρεσιν
1345 699 1515 736 ἀμφοτέροις
1538 700 1646 731 ἀνίατος
1666 700 1684 735 ἠ
1702 699 1799 734 πληγή.
1820 700 1877 726 οὕτω

1106 749 1171 784 περὶ
1179 747 1229 782 τῆς
1247 748 1327 782 ἁγίας
1336 746 1439 781 ταύτης
1455 746 1501 773 καὶ
1513 745 1693 781 μακαρίτιδος
1705 745 1876 780 ’Δειπαρθένω,

1109 796 1134 822 οῑ
1150 797 1199 832 μὲν
1216 793 1358 830 ἐξυϐρίσαι
1383 792 1595 827 τετολμήκασιν,
1609 790 1648 822 ὡς
1668 790 1835 825 σνναφθεῖσαν
1845 791 1880 816 σὺν

1110 842 1160 878 τὴν
1172 841 1255 877 σαρκὶ
1271 839 1339 876 μετὰ
1352 839 1402 874 τὴν
1421 838 1554 873 μεγίστην
1569 837 1680 872 ἐκείνην
1701 837 1747 864 καὶ¹
1770 837 1877 871 ἀκραιφνῆ

263 887 347 915 tionis
379 887 485 914 Domini
509 888 683 923 mysterium,
711 888 835 923 corporis
856 895 919 915 eam
944 888 1060 915 commi-

1114 886 1268 922 οἰκονομίαν
1283 884 1330 912 τοῦ
1347 883 1462 919 Κυρίου,
1481 883 1530 918 τῆς
1551 882 1687 917 ὲνσάρκου
1710 880 1788 907 αὑτοῦ
1803 889 1878 916 παρου-

265 933 355 960 stione
369 933 501 968 pollutam
519 933 663 961 dicerent:
685 933 712 961 id
736 934 808 969 quod
825 942 934 962 omnem
957 934 1060 969 impro-

264 977 382 1005 bitatem
403 977 625 1012 impietatemque
643 982 766 1013 superat.
786 978 920 1006 Caeterum
936 979 973 1005 uti
991 986 1060 1006 non-

265 1023 358 1050 nullos
376 1026 482 1050 tantum
498 1031 528 1051 se
541 1024 569 1050 in
587 1024 678 1051 scelus
694 1024 867 1052 commisisse
886 1024 1034 1052 didicimus
1050 1044 1059 1057 ,

267 1068 308 1096 sic
324 1075 378 1095 non
395 1068 454 1095 sine
465 1068 568 1103 ingenti
579 1068 763 1097 admiratione
777 1069 852 1097 aliud
868 1069 998 1104 quiddam
1014 1077 1060 1097 ac-

266 1113 389 1148 cepimus
406 1122 412 1141 :
431 1114 579 1141 nonnullos
605 1114 732 1142 videlicet
749 1115 778 1142 in
801 1116 847 1148 iis,
864 1123 925 1150 qua:
940 1115 974 1142 ad
997 1123 1060 1142 san-

266 1159 418 1186 ctissimam
448 1158 589 1194 Virginem
617 1164 762 1195 spectant,
789 1168 822 1188 eo
847 1162 975 1189 amentiae
1000 1169 1061 1197 pro-

266 1212 388 1239 gressos,
403 1208 432 1231 ut
448 1212 499 1240 pro
516 1204 571 1233 Deo
591 1206 671 1234 nobis
688 1206 764 1233 illam
781 1207 932 1235 obtrudere
947 1207 1059 1240 vellent,

267 1256 300 1276 ac
317 1250 350 1276 de
365 1256 397 1277 ea
415 1250 489 1277 velut
508 1254 599 1278 mente
617 1251 689 1286 capti
712 1255 738 1278 et
755 1250 854 1279 furiosi
869 1251 1059 1287 loquerentur.

266 1295 372 1323 Ferunt
393 1296 465 1323 enim
485 1296 663 1324 mulierculas
678 1296 812 1332 quasdam
835 1296 862 1324 in
880 1297 991 1328 Arabia,
1008 1305 1062 1331 quo

266 1349 283 1369 e
312 1341 429 1369 Thracia
453 1341 583 1376 profecta
615 1346 710 1374 erant,
741 1350 842 1370 novum
870 1342 938 1370 illud
964 1343 1061 1378 dogma

268 1390 438 1414 eommentas
456 1386 542 1414 fuisse
558 1396 565 1415 :
584 1386 653 1415 adeo
672 1390 702 1414 ut
721 1387 749 1414 in
765 1386 886 1422 Virginis
909 1395 1008 1415 nomen
1036 1392 1063 1415 ct

268 1434 401 1461 honorem
416 1433 573 1468 collyridem
596 1433 654 1461 sive
682 1438 780 1460 tortam
806 1434 885 1468 panis
905 1433 1063 1461 sacriﬁmn-

269 1481 312 1505 tes
328 1477 445 1505 offerant
462 1481 489 1505 et
504 1481 657 1511 conventus
671 1477 809 1505 habeant:
827 1478 853 1504 in
869 1479 1062 1511 sanctissime,

269 1523 398 1558 inquam,
418 1522 541 1558 Virginis
566 1521 671 1557 1055
693 1529 794 1549 nomen
817 1521 929 1549 modum
953 1530 1063 1549 omnem

269 1568 628 1605 prmtergressos,nefariam
650 1575 717 1599 rem,
734 1572 760 1595 et
781 1575 843 1595 cum
859 1567 905 1595 Dei
924 1573 1063 1596 contume-

269 1614 307 1641 lia
334 1614 513 1649 conjunctam
538 1613 661 1650 aggredi,
683 1614 737 1641 hoc
753 1617 795 1641 est
819 1614 847 1641 in
864 1614 936 1642 illius
964 1623 1062 1642 nomen

270 1667 320 1695 per
340 1660 470 1687 mulieres
494 1659 632 1687 sacriﬁcia
655 1659 756 1687 facere.
777 1659 855 1692 Quod
877 1660 987 1694 quidem
1011 1661 1064 1687 im—

270 1706 346 1741 pium
367 1713 399 1734 ac
422 1706 569 1734 scelestum
599 1709 650 1737 est,
673 1709 700 1733 et
721 1713 737 1733 a
760 1706 848 1733 sancti
875 1704 995 1741 Spiritus
1014 1707 1065 1733 d0-

272 1754 360 1782 ctrina
373 1761 488 1789 prorsus
509 1754 639 1781 alienum.
660 1752 751 1786 Quare
775 1756 863 1780 totum
890 1752 955 1779 illud
976 1760 990 1779 a
1009 1753 1065 1781 dre-

272 1801 363 1828 monis
386 1800 477 1828 alllatu
498 1804 526 1837 et
548 1799 649 1835 impuri
670 1799 785 1834 spiritus
809 1799 953 1834 disciplina
975 1798 1066 1833 profe-

272 1851 348 1874 ctum
370 1850 423 1875 est.
451 1846 510 1874 Hoc
530 1846 604 1874 enim
627 1846 654 1873 in
678 1846 746 1881 ipsis
772 1846 921 1881 impletur:
941 1845 1068 1880 Deﬁcient

273 1891 381 1926 quidam
401 1900 418 1917 ιι
435 1899 502 1918 sana
514 1891 648 1923 doctrina,
666 1891 830 1918 intendente;
845 1890 944 1925 fabulis
969 1895 993 1917 et
1018 1890 1069 1917 do-

274 1934 368 1962 ctrinis
380 1935 573 1962 daemoniorum
586 1936 609 1961 ‘.
625 1934 712 1962 Erunt
734 1936 817 1967 enim.
830 1935 928 1970 inquit,
948 1940 1070 1964 mortuos

275 1980 420 2013 colentes,
449 1981 680 2016 quemadmodum
708 1982 780 2016 apud
804 1981 943 2009 lsraelitas
967 1981 1071 2010 honore

275 2030 341 2053 sunt
364 2026 464 2054 atl'ecti.
497 2026 537 2053 Ita
562 2026 665 2053 factum
692 2030 745 2060 est,
769 2030 799 2053 ut
825 2032 995 2060 sanctorum,
1023 2028 1070 2063 qui

276 2073 335 2100 suis
362 2073 532 2109 temporibus
558 2073 722 2107 ﬂoruerunt,
739 2074 899 2102 redundans
925 2074 954 2102 in
982 2074 1067 2104 Deum

276 2119 451 2147 occasionem
469 2120 573 2148 erroris
590 2119 724 2146 attulerit.

310 2164 406 2193 XXIV.
421 2165 526 2193 Etenim
542 2164 662 2198 Sicimis,
677 2172 738 2200 quae
759 2165 840 2193 hodie
856 2164 984 2201 Neapolis
1000 2165 1070 2193 dici-

1112 933 1172 965 σίας
1184 940 1190 947 ·
1214 932 1262 959 καὶ
1283 931 1341 958 ἔστι
1358 929 1437 956 τοῦτο
1456 929 1547 963 πάσης
1562 927 1717 963 μοχθηρίας
1732 926 1880 953 δυσσεϐέστα-

1110 989 1166 1008 τον.
1190 980 1234 1011 Ὠς
1250 978 1279 1005 δὲ
1295 976 1373 1004 τοῦτό
1387 983 1479 1011 φαμεν
1500 973 1668 1009 ὲνηχηθῆναί
1690 981 1764 1003 τινας
1781 971 1841 998 οὕτω
1851 980 1880 998 τε·

1110 1024 1277 1062 τολμηκέναι
1298 1024 1407 1059 ρᾴστως
1428 1019 1567 1047 ἐπιδοῦναι
1582 1018 1700 1050 ἑαυτοὺς
1717 1019 1750 1053 τῇ
1770 1017 1879 1052 ἁμαρτίᾳ·

1110 1071 1182 1099 οὕτω
1205 1071 1253 1098 καὶ
1266 1070 1297 1096 τὸ
1310 1069 1405 1105 ἕτερον
1418 1066 1633 1102 τεθαυμάκαμεν
1651 1065 1732 1092 πάλιν
1749 1063 1879 1098 ἀκηκοότες.

1114 1116 1228 1147 Ἄλλους
1242 1114 1298 1149 γὰρ
1308 1113 1388 1141 πάλιν
1400 1111 1584 1146 ἀφραίνοντας
1599 1111 1640 1142 εἰς
1652 1111 1704 1146 τὴν
1719 1110 1786 1145 ὑπὲρ
1796 1109 1837 1144 τῆς
1848 1108 1880 1135 αὒ-

1111 1164 1161 1198 τῆς
1178 1161 1260 1194 ἁγίας
1278 1158 1475 1195 ’Δειπαρθένου
1491 1158 1632 1190 ὑπόθεσιν,
1647 1158 1709 1184 ἀντὶ
1724 1156 1787 1184 Θεοῦ
1802 1155 1881 1189 ταύτην

1112 1208 1292 1244 παρεισάγειν
1304 1204 1516 1237 ἐσπουδακότας,
1529 1203 1576 1230 καὶ
1591 1202 1800 1235 σπουδάζοντας,
1810 1201 1848 1228 καὶ
1859 1201 1880 1226 ὲν

1112 1253 1294 1290 ὲμϐροντήσει
1307 1251 1361 1279 τινὶ
1383 1251 1430 1277 καὶ
1455 1249 1653 1286 φρενοϐλαϐείᾳ
1670 1248 1833 1284 φερομένους.
1851 1247 1879 1272 Δι-

1113 1299 1240 1335 ηγοῦνται
1246 1297 1351 1333 γὰρ,ὢς
1356 1305 1427 1328 τινες
1433 1297 1558 1331 γυναῖκες
1566 1296 1657 1322 ἐκεῖσε
1663 1296 1693 1321 ὲν
1698 1296 1732 1330 τῇ
1740 1290 1884 1330 ’Δραϐίᾳὰπὺ

1113 1346 1166 1372 τῶν
1180 1345 1269 1381 μερῶν
1279 1344 1328 1379 τῆς
1338 1344 1449 1380 Θρᾴκης
1457 1342 1535 1369 τοῦτό
1545 1350 1577 1376 γε
1588 1341 1618 1368 τὸ
1627 1341 1803 1375 κενοφώνημα
1812 1337 1881 1373 ἐνηνό-

1114 1401 1203 1428 χασιν,
1219 1391 1257 1422 ὼς
1270 1391 1310 1422 είς
1323 1389 1408 1424 ὄνομα.
1421 1389 1472 1423 τῆς
1484 1388 1681 1423 Ἀειπαροὲνου
1697 1386 1829 1421 κολλυρίδα
1839 1382 1883 1410 τινὰ

1115 1437 1259 1469 ἐπιτελεῖν,
1282 1436 1329 1462 καὶ
1351 1434 1515 1468 συνάγεσθαι
1534 1433 1692 1466 ἑπιτοαυτὺ,
1711 1432 1757 1459 καὶ
1771 1432 1806 1463 είς
1819 1430 1882 1464 ὄνομα

1117 1485 1165 1519 τῆς
1188 1483 1268 1517 ἁγίας
1284 1481 1425 1517 Παρθένου
1450 1480 1519 1516 ὑπὲρ
1539 1479 1570 1506 τδ
1601 1479 1705 1515 μέτρον
1721 1487 1747 1504 τι
1767 1475 1882 1511 πειρᾶσθαι

1116 1528 1239 1563 ἀθεμίτῳ
1259 1527 1306 1553 καὶ
1332 1526 1483 1561 βλασφήμῳ
1508 1525 1660 1560 ἐπιχειρεῖν
1691 1524 1832 1559 πράγματι,
1852 1520 1883 1546 καὶ

1076 1583 1098 1612 C
1115 1573 1154 1604 εἰς
1173 1572 1258 1606 ὄνομα
1279 1571 1364 1605 αὐτῆς
1383 1570 1535 1605 ἱερουργεῖν
1552 1569 1597 1595 διὰ
1619 1568 1774 1603 γυναικῶν·
1796 1567 1852 1600 ὅπερ

1117 1619 1171 1645 πᾶν
1195 1618 1267 1644 ἐστιν
1297 1616 1394 1647 ἀσεϐὲς
1420 1616 1468 1642 καὶ
1490 1615 1632 1650 ἀθέμιτον,
1659 1613 1832 1650 ἠλλοιωμένον
1848 1609 1886 1637 ἀπὸ

1118 1663 1164 1692 τοῦ
1187 1663 1364 1699 κηρύγματος
1386 1661 1433 1689 τοῦ
1453 1662 1531 1696 ἁγίου
1554 1661 1735 1697 Πνεύματος,
1758 1660 1822 1686 ὥστε
1837 1656 1885 1683 sim

1119 1709 1149 1736 τὺ
1173 1709 1227 1735 πᾶν
1249 1708 1401 1735 διαϐολικὺν
1426 1708 1583 1743 ἐνέργημα,
1611 1707 1661 1733 καὶ
1681 1705 1827 1741 πνεύματος
1838 1702 1886 1728 ἀκα-

1120 1755 1219 1790 θάρτου
1240 1754 1406 1781 διδαῖκαλία.
1434 1754 1593 1789 Πληροῦται
1610 1753 1668 1788 γὰρ
1685 1753 1732 1779 καὶ
1748 1751 1791 1778 ἐπὶ
1802 1749 1886 1777 ταύτης

1120 1802 1161 1833 τὸ,
1180 1801 1418 1835 Ἀποστήσονταί
1428 1809 1507 1833 τινες
1519 1800 1574 1834 τῆς
1588 1800 1697 1834 ὑγιοῦς
1710 1795 1886 1826 διδασκαλίας,

1121 1846 1325 1882 προσέχοντες
1332 1848 1439 1882 μύθοις
1451 1847 1500 1874 καὶ
1519 1847 1734 1879 διδασκαλίαις
1748 1842 1887 1878 δαιμονίων.

1123 1894 1253 1920 Ἔσονται
1268 1893 1334 1928 γὰρ,
1351 1893 1429 1928 φησὶ,
1455 1894 1562 1928 νεκροῖς
1578 1892 1756 1928 λατρεύοντες
1776 1890 1810 1921 ὡς
1822 1887 1858 1914 διαὶ
1869 1886 1887 1911 ἓν

1121 1938 1161 1973 τῷ
1181 1938 1288 1974 Ἰσραὴλ
1298 1938 1497 1974 ἐσεϐάσθησαν.
1507 1939 1563 1965 Καὶ
1577 1939 1593 1974 ή
1613 1938 1669 1965 τῶν
1680 1938 1766 1972 ἁγίων
1781 1934 1841 1962 κατὰ
1849 1939 1887 1958 χαι-

1124 1984 1169 2020 ρὸν
1186 1985 1225 2017 εἰς
1243 1984 1309 2012 Θεὸν
1328 1985 1391 2017 δόξα
1411 1984 1500 2016 ἄλλοις
1521 1984 1616 2019 γέγονε
1635 1986 1694 2016 τοῖς
1718 1984 1755 2020 μὴ
1770 1980 1844 2017 ὁρῶσι
1854 1976 1887 2010 τὴν

1124 2025 1255 2067 ἀλήθειαν
1273 2032 1314 2063 είς
1331 2032 1445 2067 πλάνην.

1106 2079 1192 2114 gloria
1225 2080 1309 2113 aliis,
1336 2080 1383 2115 qui
1403 2079 1545 2108 veritatem
1569 2078 1684 2106 minime
1711 2075 1879 2113 perspicerent.

1162 2168 1225 2194 KA'.
1249 2166 1294 2193 Ἐν
1311 2166 1365 2202 γὰρ
1377 2166 1512 2202 Σικίμοις,
1529 2165 1668 2193 τουτέστιν
1682 2167 1712 2193 ὲν
1725 2167 1757 2201 τῇ
1769 2165 1821 2192 νυνὶ
1833 2163 1884 2190 Νεα-

275 2216 331 2245 tur,
348 2219 427 2240 sacra
441 2212 565 2247 quaedam
580 2211 614 2238 ab
632 2211 770 2246 indigenis
786 2212 814 2239 in
826 2213 958 2239 honorem
975 2212 1064 2247 puella

1125 2212 1213 2245 πόλει,
1233 2212 1328 2244 θυσίας
1347 2213 1371 2239 οί
1397 2211 1538 2247 ἐπιχώριοι
1557 2210 1680 2238 τελοῦσιν
1705 2213 1744 2244 εἰς
1759 2211 1834 2245 ῡνομα
1850 2207 1886 2241 τῆς

275 2256 459 2289 celebrantur,
472 2256 545 2291 quod
561 2256 596 2284 ab
607 2255 724 2291 Jcphthe
739 2256 794 2283 lilia
806 2264 934 2284 manasse
947 2256 1064 2288 videtur,

1122 2259 1225 2294 Κόρης,
1247 2258 1327 2294 δῆθεν
1344 2259 1378 2285 ὲκ
1392 2258 1556 2294 προφάσεως
1574 2258 1624 2293 τῆς
1642 2257 1774 2293 Θυγατρὸς
1793 2253 1882 2289 Ἰεφθάε.

276 2311 337 2339 quae
368 2302 423 2330 Deo
443 2302 581 2337 quondam
613 2302 767 2330 sacriﬁcata
795 2302 885 2330 fuerat
897 2303 918 2330 ³.
936 2302 1002 2336 (ξιιιὲ
1026 2310 1064 2330 res

1122 2304 1173 2339 τῆς
1189 2313 1254 2331 ποτε
1274 2303 1503 2339 προσενεχθείσης
1523 2302 1562 2338 τῷ
1581 2302 1640 2338 Θεῷ
1662 2303 1703 2334 εἰς
1727 2301 1828 2331 θυσίας·
1845 2296 1885 2323 ικαὶ

254 2379 258 2383 _
275 2349 385 2376 miseris
399 2348 556 2375 hominibus
568 2348 731 2376 idololatria:
753 2348 965 2383 inanissimique
979 2348 1070 2377 cultus

277 2395 419 2422 materiam
430 2393 556 2429 praebuit.
566 2394 638 2427 Quin
652 2394 734 2421 etiam
746 2394 898 2422 Pharaonis
912 2395 1074 2429 tiliam,un

277 2447 386 2468 servum
406 2439 454 2467 Dei
470 2439 581 2475 Moysen
597 2440 775 2472 honoravit‘,
793 2444 820 2467 et
840 2440 978 2467 sublatum
998 2448 1068 2467 enu-

277 2486 364 2519 trivit,
383 2489 497 2521 propter
511 2487 646 2514 celebrem
663 2486 772 2522 pueruli
788 2485 889 2513 famam
909 2486 1072 2521 impensius,

278 2539 360 2566 quam
378 2539 428 2567 par
445 2536 516 2565 erat,
535 2540 569 2561 ac
598 2541 648 2568 pro
681 2533 737 2560 Deo
754 2536 918 2561 venerantes
939 2531 1072 2569 IEgyptii,

279 2576 435 2604 istiusmodi
450 2579 676 2612 superstitionem
691 2580 719 2606 in
733 2579 850 2607 stolidos
865 2579 990 2607 homines
1001 2579 1075 2606 deri-

279 2627 370 2649 vatam
396 2622 500 2650 nefarie
528 2628 725 2661 propagarunt.
748 2625 819 2661 Ergo
845 2625 884 2652 illi
911 2624 1074 2653 Thermntin

279 2668 433 2704 Amenophi
454 2664 552 2701 tiliam,
569 2670 621 2698 hoc
636 2675 678 2709 est
698 2671 861 2703 Pharaonis,
882 2670 997 2698 adorare
1013 2679 1074 2706 per-

280 2719 366 2750 gum,
391 2714 485 2751 quod,
501 2719 532 2742 ut
562 2720 641 2743 antea
669 2717 743 2749 dixi,
764 2716 876 2752 Moysen
904 2716 1072 2744 educaverit.

319 2795 327 2811 ¹
344 2794 425 2823 Prov.
440 2803 479 2828 ιν,
495 2794 541 2822 ‘27.
582 2796 593 2811 ⁸
605 2795 613 2822 Ι
626 2794 698 2822 Tim.
714 2803 752 2828 ιν,
769 2796 794 2822 Ι.
833 2796 843 2812 ³
855 2795 943 2823 Judic.
959 2804 997 2828 xi,
1013 2796 1025 2823 ί
1044 2803 1105 2832 sqq.

1123 2352 1180 2382 τοῖς
1195 2350 1383 2385 ὴπατημένοις
1400 2349 1479 2376 τοῦτο
1499 2349 1610 2384 γέγονεν
1630 2349 1672 2381 είς
1690 2347 1788 2383 βλάϐην
1807 2342 1888 2371 εἰδωλο-

1124 2397 1252 2432 λατρείας
1266 2397 1314 2423 καὶ
1337 2396 1526 2432 κενολατρίας.
1551 2395 1633 2423 Ἀλλὰ
1656 2396 1702 2422 καὶ
1719 2394 1767 2429 τὴν
1782 2388 1888 2425 θυγατέρα

1125 2442 1173 2469 τοῦ
1187 2442 1289 2478 Φαραὼ
1302 2442 1459 2478 τιμήσασαν
1480 2441 1526 2468 τὸν
1541 2440 1635 2468 δοῦλον
1648 2440 1694 2467 τοῦ
1706 2439 1771 2467 Θεοῦ
1787 2433 1887 2465 Μωῦσέις

1128 2487 1294 2523 ἀνελομένην
1308 2496 1338 2514 τε
1364 2488 1413 2514 καὶ
1430 2487 1634 2523 ἀναθρέψασαν,
1656 2486 1699 2514 διὰ
1719 2485 1749 2512 τδ
1764 2483 1888 2519 περίφημω

1126 2534 1188 2560 τότε
1199 2533 1247 2560 τοῦ
1262 2533 1370 2561 παιδίου
1382 2533 1453 2568 ὑπὲρ
1467 2533 1497 2560 τὺ
1517 2533 1576 2560 δέον
1595 2533 1756 2568 τιμήσαντες
1774 2527 1888 2563 Αἰγύπτιοι

1127 2580 1189 2618 ἀντὶ
1219 2580 1306 2613 Θεοῦ,
1335 2580 1383 2607 καὶ
1407 2580 1487 2607 τοῦτο
1512 2580 1553 2611 εις
1576 2580 1664 2613 κακὴν
1682 2577 1822 2613 παράδοσιν
1849 2572 1887 2618 τςδῖς

1127 2616 1254 2662 ἀνοήτοις
1269 2626 1433 2662 παρέδωκαν
1446 2626 1485 2657 είς
1501 2625 1658 2661 θρησκείαν.
1670 2624 1724 2651 Καὶ
1738 2616 1888 2657 πρι>σκυνθῧσι

1126 2671 1177 2707 τὴν
1195 2671 1347 2707 Θέρμουτιν
1361 2671 1411 2706 τὴν
1426 2670 1567 2706 θυγατέρα
1581 2670 1635 2705 (10)
1651 2669 1697 2696 τοῦ
1718 2665 1840 2703 ’Δμενὼφι
1851 2662 1887 2707 ἶιὲἶ

1127 2706 1188 2743 τότε
1206 2706 1305 2753 Φαραὼ
1317 2718 1339 2751 ⁵,
1365 2716 1476 2752 ἐπειδὴ,
1494 2716 1532 2748 ὡς
1553 2718 1691 2752 προεῖπον,
1716 2711 1835 2749 ἀνέθρεψε
1855 2706 1886 2733 τδν

1146 2796 1156 2812 ⁸
1172 2795 1257 2825 Exod.
1271 2804 1301 2830 ιι,
1321 2797 1363 2824 10.
1403 2797 1413 2813 ⁸
1428 2795 1458 2824 F.
1474 2795 1627 2824 addendum
1642 2794 1698 2823 τοῦ.

318 2861 387 2901 (ιω
397 2861 458 2901 Τιῂν
475 2861 640 2901 Θέρέιουτιν-
654 2862 712 2901 ἰὴν·
727 2863 883 2901 θυγατέρα.
903 2863 1064 2899 Amenophir

1114 2872 1184 2901 .‘gcm
1201 2865 1277 2892 illum
1295 2863 1406 2900 [Egypti
1420 2863 1554 2897 nominat,
1585 2862 1636 2891 sub
1668 2869 1720 2898 quo
1739 2859 1829 2894 Moyses
1849 2858 1884 2879 ιη·

285 2897 330 2923 ius
349 2899 402 2929 est,
419 2897 447 2923 in
463 2904 518 2930 quo
534 2897 642 2926 Eusebii
657 2897 805 2926 Chronico"
821 2903 930 2926 secutus
945 2903 997 2927 est.
