3964 6410
203 361 310 422 757

767 363 1140 423 ADVERSUS
1180 362 1521 420 IIIERESES
1560 363 1687 421 LIB.
1722 364 1811 424 II-l.
1851 366 2014 426 'I‘OM.
2047 369 2111 425 II.
2137 371 2494 430 -ΠᾸΞΠΕΞ,
2527 371 2810 432 LXXVIII.

3343 377 3447 433 738

195 485 458 542 Μωῦσέα.
503 483 616 539 Καὶ
651 482 821 539 πολλά
858 483 1083 538 τοιαῦτα
1129 483 1291 554 ὃμοια
1333 483 1554 552 γέγονεν
1597 481 1654 535 ἐν
1698 482 1776 536 κό-

1884 484 2171 554 Ejusmodi
2221 487 2481 559 pleraque
2527 489 2593 543 ad
2651 505 2920 548 caecorum
2975 492 3257 550 hominum
3302 495 3444 552 frau-

201 595 325 649 σμῳ
356 577 438 639 είς
491 574 704 650 ,πλάνην
756 574 865 628 τῶν
893 575 1299 646 ἠπατημένων,
1342 576 1404 628 οὐ
1453 574 1562 629 τῶν
1609 573 1780 642 ἁγίων

196 667 391 723 αἰτίων
413 666 582 719 ὅντων
617 665 758 718 τισὶν
787 666 868 728 είς
895 664 1250 736 πρόσκομμα,
1277 663 1378 734 τῆς
1414 663 1647 727 διανοίας
1671 663 1781 717 τῶν

191 753 505 828 ἀνθρώπων
535 755 610 827 μὴ
653 753 991 826 ἠρεμούσης,
1032 754 1148 808 ἀλλ’
1194 755 1288 808 ἐπὶ
1337 753 1405 807 τά
1440 752 1654 826 πονηρά
1684 754 1779 807 ὲκ-

194 847 568 920 τρεπομένης.
609 849 766 902 Ἤτοι
796 849 906 919 γὰρ
938 847 1208 902 ἀπέθανεν
1239 849 1272 918 ή
1311 845 1444 916 ἀγία
1482 845 1778 917 Παρθένος,

197 943 294 990 καὶ
343 937 630 1005 τέθαπται,
671 937 731 991 ὲν
778 941 913 1010 τιμῇ
941 938 1114 1008 αὐτῆς
1151 938 1185 1008 ή
1232 937 1526 1008 κοίμησις,
1581 937 1675 990 καὶ
1723 936 1782 990 ὲν

198 1028 392 1096 ἁγνείᾳ
427 1031 461 1099 ἡ
492 1029 738 1100 τελευτὴ,
765 1031 861 1083 καὶ
894 1031 952 1083 ὲν
991 1029 1259 1100 παρθενίᾳ
1284 1032 1312 1082 6
1338 1029 1628 1098 στέφανος·
1662 1029 1781 1098 ἦτοι

197 1117 462 1188 ἀνῃρέθη,
494 1119 678 1183 καθὼς
705 1121 1014 1192 γέγραπται
1034 1135 1048 1149 °
1084 1120 1196 1173 Καὶ
1219 1120 1334 1188 τὴν
1359 1117 1572 1189 ψυχὴν
1591 1117 1782 1187 αὐτῆς

197 1209 571 1263 διελεύσεται
594 1212 865 1283 ῥομφαία
888 1227 904 1242 ο
935 1213 992 1265 ὲν
1019 1211 1286 1283 μάρτυσιν
1320 1211 1490 1280 αὐτῆς
1514 1210 1576 1262 τὺ
1602 1209 1778 1273 κλέος,

196 1302 292 1356 καὶ
329 1303 388 1354 ὲν
437 1306 808 1374 μακαρισμοῖς
857 1303 918 1356 τδ
954 1303 1108 1372 ἅγιον
1162 1304 1333 1374 αὐτῆς
1384 1301 1572 1372 σῶμαο
1605 1300 1672 1352 δι’
1713 1294 1782 1371 ἦς

194 1391 316 1460 φῶς
359 1393 601 1448 ἀνέτειλε
648 1394 728 1464 τῷ
769 1393 995 1464 κόσμῳ’
1031 1395 1150 1465 ἦτοι
1186 1393 1243 1445 δὲ
1281 1392 1483 1463 ἔμεινε.
1528 1391 1640 1444 Καὶ
1672 1391 1780 1462 γάρ

189 1486 297 1542 οὐκ
317 1485 568 1539 ἀδυνατεῖ
591 1485 668 1556 τῷ
694 1484 814 1555 Θεῷ
842 1485 1019 1538 πάντα
1037 1486 1231 1549 ποιεῖν,
1260 1484 1468 1554 ὅσαπερ
1499 1481 1745 1551 βούλεται
1761 1493 1776 1509 ⁸

190 1580 257 1632 τὸ
289 1577 440 1641 τέλος
481 1575 590 1648 γὰρ
623 1575 794 1645 αὐτῆς
834 1574 1011 1638 οὐδεὶς
1049 1573 1210 1642 ἔγνω.
1247 1574 1401 1642 Πέρα
1438 1570 1534 1624 τοῦ
1573 1570 1781 1633 δέοντος

189 1671 256 1722 οὐ
290 1668 397 1740 χρὴ
449 1667 615 1736 τιμᾷν
646 1665 773 1728 τοὺς
803 1663 1026 1732 άγίους,
1065 1663 1202 1716 ἀλλά
1251 1663 1417 1732 τιμᾷν
1463 1661 1552 1714 τὸν
1601 1659 1780 1724 αὐτῶν

191 1755 497 1825 Δεσπότην.
553 1751 861 1806 Παυσάσθω
908 1750 1088 1804 τοίνυν
1130 1751 1163 1819 η
1211 1749 1386 1820 πλάνη
1429 1747 1538 1800 τῶν
1575 1745 1781 1799 πεπλα-

1881 573 2003 630 dem
2052 586 2106 630 et
2137 591 2379 633 errorem
2415 579 2470 632 in
2503 581 2764 634 mundum
2795 583 3102 639 introducta
3153 593 3303 650 sunt,
3339 602 3448 641 non

1881 666 2025 736 quod
2071 669 2250 723 sancti
2280 668 2537 738 cuiquam
2567 670 2884 728 offensionis
2915 689 3103 729 ansam
3135 677 3445 745 praebeant,

1881 754 1977 810 sed
2009 756 2153 825 quod
2183 758 2574 828 conquiescere
2601 775 2756 816 mens
2787 762 3069 817 hominum
3111 774 3360 836 nequeat.
3394 757 3450 822 et

1881 849 1949 900 ad
1994 861 2161 916 prava
2217 849 2474 907 declinet.
2513 850 2724 905 Etenim
2768 852 2884 908 sive
2915 864 3129 910 mortua
3171 865 3255 912 est
3280 855 3448 928 Virgo

1881 939 2235 994 sanctissima
2262 953 2328 994 ac
2357 939 2591 1010 sepulta,
2618 955 2834 998 summo
2854 957 2977 997 cum
3004 945 3291 1013 splendore
3318 961 3451 1000 con-

1875 1028 2068 1098 juncta
2109 1043 2254 1083 mors
2304 1029 2452 1084 illius
2485 1037 2612 1096 est,
2644 1042 2700 1086 et
2744 1033 3091 1089 castissimus
3138 1035 3336 1100 exitus,
3384 1050 3449 1090 ac

1881 1117 2206 1186 virginitatis
2233 1117 2281 1172 ei
2319 1132 2522 1172 corona
2555 1133 2856 1186 concessa;
2893 1121 3009 1176 sive
3036 1122 3319 1179 interfecta
3341 1165 3355 1189 ,
3389 1133 3450 1179 ut

1882 1207 2126 1261 indicare
2174 1205 2458 1274 Scriptura
2505 1209 2718 1263 videtur
2768 1211 2853 1265 his
2907 1212 3130 1268 verbis:
3174 1211 3244 1265 Et
3281 1215 3450 1282 ipsius

1881 1298 2118 1350 animam
2159 1297 2450 1366 penetrabit
2473 1296 2685 1367 gladius
2708 1299 2750 1364 ³,
2797 1299 3024 1369 gloriam
3055 1310 3326 1374 martyres
3367 1303 3452 1356 in-

1883 1397 1966 1443 ter
2003 1403 2066 1442 ac
2094 1387 2263 1443 decus
2296 1387 2525 1453 obtinet,
2555 1397 2610 1444 et
2638 1403 2854 1444 sacrum
2882 1390 3029 1446 illius
3062 1405 3263 1461 corpus
3299 1392 3449 1447 omni

1883 1479 2145 1534 felicitate
2174 1480 2510 1534 cumulatum
2543 1489 2662 1547 est;
2702 1496 2798 1550 per
2837 1496 3000 1551 quam
3031 1483 3239 1538 mundo
3268 1483 3449 1538 lumen

1881 1569 2078 1624 illuxit.
2116 1567 2302 1624 Potest
2339 1568 2574 1638 denique
2610 1577 2666 1622 et
2707 1570 2761 1622 in
2793 1569 2902 1622 vita
2941 1571 3234 1626 mansisse.
3266 1568 3451 1625 Potest

1881 1659 2028 1714 enim
2062 1657 2208 1713 Deus
2235 1657 2502 1728 quidquid
2528 1659 2749 1713 libuerit
2772 1657 3021 1727 allicere;
3054 1675 3178 1714 nam
3206 1661 3273 1716 de
3305 1661 3449 1718 illius

1879 1748 2028 1800 exitu
2062 1745 2198 1799 nihil
2235 1754 2387 1800 certo
2409 1754 2651 1800 constat.
2683 1744 2858 1800 Porro
2887 1747 3029 1801 ultra
3057 1762 3218 1817 quam
3251 1763 3350 1820 par
3380 1749 3452 1804 sit

192 1820 461 1916 νημένων.
482 1841 620 1895 Οὔτε
651 1841 759 1910 γὰρ
799 1839 920 1902 θεὸς
945 1841 978 1909 ἡ
1013 1837 1224 1908 Μαρία,
1261 1836 1383 1889 οὔτε
1423 1837 1518 1889 ἀπ’
1545 1835 1776 1907 οὐρανοῦ

1882 1844 2106 1891 Sam-tos
2127 1836 2375 1891 venerari
2404 1836 2559 1891 nefas
2584 1845 2702 1902 est;
2735 1837 2832 1892 sed
2863 1837 3078 1893 illorum
3099 1840 3450 1896 honorandus

188 1938 392 2008 ἔχουσα
433 1935 495 1987 τὸ
541 1932 722 2003 σῶμα,
773 1929 886 1984 ἀλλ’
930 1931 995 1982 ὲκ
1046 1929 1358 1997 συλλήψεως
1427 1928 1620 1998 ἀνδρὸς
1683 1927 1778 1980 καὶ

188 2026 472 2097 γυναικὸς,
511 2025 629 2077 κατ’
675 2021 1008 2090 ἐπαγγελίαν
1038 2021 1116 2086 δὲ,
1160 2018 1348 2092 ὥσπερ
1379 2021 1407 2072 6
1459 2018 1663 2081 Ἰσαὰκ,
1697 2019 1777 2069 οἰ-

186 2114 577 2186 κονομηθεῖσα.
623 2111 736 2164 Καὶ
785 2110 974 2181 μηδεὶς
1025 2109 1104 2172 είς
1151 2107 1324 2178 ὄνομα
1370 2107 1574 2177 ταύτης
1608 2123 1776 2176 προσ-

189 2207 409 2277 ρερέτω
427 2221 440 2234 ·
468 2201 662 2256 ἑαυτοῦ
685 2199 793 2272 γὰρ
813 2201 910 2270 τὴν
931 2199 1105 2270 ψυχὴν
1129 2197 1382 2252 ἀπόλλει¹
1406 2214 1418 2226 ·
1447 2198 1584 2268 μήτε
1611 2196 1773 2249 πάλιν

184 2295 593 2371 ἐμπαροινείτω
642 2293 941 2365 ἐξυϐρίζων
989 2293 1089 2362 τὴν
1133 2291 1292 2360 ἁγίαν
1343 2289 1637 2361 Παρθένον.
1681 2287 1773 2359 Μὴ

186 2392 303 2463 γὰρ
333 2390 572 2458 γένοιτοι
613 2387 675 2439 οὐ
739 2385 990 2456 συνήφθη
1042 2384 1208 2454 σαρκὶ
1254 2382 1390 2453 μετά
1421 2381 1518 2452 τὴν
1556 2381 1769 2450 κύησιν,

175 2482 318 2537 οὐδὲ
347 2479 454 2550 πρὸ
482 2478 580 2548 τῆς
605 2477 855 2547 κυήσεως
884 2475 978 2528 τοῦ
1017 2475 1289 2544 Σωτῆρος.

1881 1933 1965 1979 est
2013 1923 2294 1980 Dominus.
2329 1924 2691 1990 Quamobrem
2729 1925 2947 1981 desinat
2999 1927 3220 1982 tandem
3273 1927 3452 1982 infeli-

1879 2015 2026 2067 cium
2059 2014 2148 2069 ille
2185 2014 2465 2068 hominum
2503 2030 2674 2070 error.
2707 2015 2894 2086 Neque
2927 2015 3072 2071 enim
3107 2015 3277 2071 Maria
3309 2016 3452 2072 Deus

1879 2112 2001 2170 est,
2040 2120 2219 2174 neque
2243 2105 2311 2159 de
2345 2105 2484 2160 cmlo
2520 2106 2733 2178 1056
2763 2122 2962 2177 corpus
2994 2109 3226 2178 accepit,
3259 2109 3352 2163 sed
3383 2109 3452 2162 ab

1880 2192 2000 2246 viro
2033 2208 2094 2247 ac
2137 2194 2367 2248 muliere
2399 2195 2602 2264 genita,
2633 2199 2850 2252 tametsi
2887 2212 2950 2252 ex
2983 2199 3366 2267 promissione,
3392 2209 3451 2254 ut

1878 2285 2006 2339 olim
2060 2283 2282 2340 Isaacus
2307 2327 2321 2351 ,
2360 2286 2628 2356 singulari
2677 2287 2773 2342 Dei
2815 2290 2885 2343 sit
2934 2289 3276 2358 providentia
3313 2306 3449 2346 con-

1878 2391 2057 2432 cessa.
2085 2375 2256 2430 Nemo
2279 2392 2411 2432 vero
2455 2377 2510 2432 in
2554 2377 2701 2432 illius
2732 2394 2932 2435 nomen
2964 2382 3296 2436 sacrificium
3321 2383 3452 2438 offe-

1880 2476 1987 2533 rat,
2017 2468 2222 2538 alioqui
2252 2469 2446 2523 anima:
2471 2485 2584 2524 suae
2611 2481 2840 2526 mortem
2867 2481 3029 2542 atque
3063 2473 3290 2527 exitium
3318 2487 3452 2527 eon-

183 2579 413 2634 sciscet.
459 2574 645 2644 Neque
711 2585 842 2627 vero
887 2570 942 2624 in
1018 2569 1424 2623 sanctissimam
1479 2566 1628 2620 illam
1694 2565 2087 2619 contumeliose
2127 2565 2479 2624 nerbacchari
2519 2565 2736 2621 audeat.
2784 2567 2940 2623 Absit
2982 2568 3167 2638 enim,
3220 2576 3281 2623 ut
3329 2578 3452 2641 post

179 2670 400 2726 editum
430 2667 767 2722 Salvatorcm
790 2705 807 2732 ,
836 2670 931 2718 aut
984 2670 1112 2718 ante
1149 2669 1390 2731 partum,
1431 2675 1632 2730 corpus
1671 2674 1798 2713 cum
1841 2659 1952 2714 ullo
1978 2659 2330 2728 conjunxisse
2357 2659 2591 2715 dicatur.

263 2761 397 2816 κε’.
432 2758 542 2813 Καὶ
573 2755 749 2811 ταῦτα
803 2754 904 2825 μὲν
953 2752 1022 2806 τὰ
1063 2753 1220 2821 ὀλίγα
1266 2753 1346 2815 είς
1395 2752 1622 2814 ἑαυτοὺς
1663 2749 1778 2803 δια-

189 2855 568 2924 σκοπήσαντες
590 2889 606 2912 ,
640 2847 962 2918 ἐγράψαμεν
1003 2847 1114 2908 τοῖς
1150 2844 1494 2916 βουλομένοις
1533 2859 1780 2913 καταμα-

185 2947 312 2999 θεῖν
338 2945 436 3012 τῆς
476 2940 698 3012 Γραφῆς
729 2939 829 3008 τὴν
856 2937 1132 3008 ἀλήθειαν,
1177 2936 1274 2990 καὶ
1314 2935 1389 3006 μὴ
1417 2935 1594 3006 μάτην
1640 2949 1780 3004 παρ-

187 3036 362 3090 οινεῖν
387 3034 498 3095 τοῖς
533 3031 743 3098 λόγοις,
775 3027 870 3082 καὶ⁵
904 3027 1224 3098 βλάσφημόν
1265 3043 1385 3080 τινα
1429 3026 1645 3087 ἑαυτοῖς
1691 3022 1781 3087 ἐξ·

184 3123 510 3189 οπλίζεσθαι
558 3121 832 3190 γλῶτταν.
873 3119 938 3172 Ei
973 3118 1031 3171 δὲ
1083 3116 1359 3187 βούλονταί
1400 3131 1542 3177 τινες
1590 3112 1773 3181 ἀνέχε-

186 3220 321 3273 σθαι
346 3219 390 3278 ¹.
424 3215 544 3269 οὐδὲ
587 3211 982 3282 καταδέχεσθαι
1008 3209 1076 3264 τὰ
1110 3208 1387 3277 ὲπωφελῆ,
1417 3205 1552 3258 ἀλλὰ
1575 3204 1774 3276 μᾶλλον

181 3306 483 3364 ’τάναντία⁹
519 3305 614 3358 καὶ
639 3302 732 3372 ἀφ’
769 3299 926 3372 ήμῶν
969 3297 1079 3352 τῶν
1123 3297 1356 3351 εὐτελῶν
1394 3295 1546 3348 ἔσται
1582 3294 1773 3366 ῥητέον

184 3398 275 3464 τὸ,
311 3397 376 3450 '0
429 3394 666 3449 ἀκούων
724 3389 1024 3450 ἀκουέτω,
1056 3387 1156 3440 καὶ
1209 3388 1242 3440 ό
1291 3381 1554 3440 ἀπειθῶν
1601 3383 1771 3436 ἀπει-

184 3489 365 3546 θείτω
383 3503 397 3518 ο
436 3486 508 3557 μή
537 3501 590 3537 τι
619 3485 731 3546 τοῖς
757 3478 1074 3541 ἀποστόλοις
1105 3477 1269 3531 κόπον
1299 3474 1603 3545 παρεχέτω,
1634 3473 1772 3543 μήτε

183 3583 328 3652 ἡμῖν
376 3576 592 3649 μηκέτι.
654 3576 722 3627 Ἀ
765 3573 874 3643 γὰρ
919 3570 1146 3662 ᾔδειμενΔ
1187 3567 1482 3662 σεμνότερα
1497 3566 1643 3662 ’καὶ
1662 3566 1788 3662 ,ἐπ-ῃ

185 3650 379 3738 ὡφελῆ
395 3667 460 3735 τῇ
493 3661 807 3732 Ἐκκλησίᾳ,
822 3659 996 3712 ταῦτα
1029 3657 1159 3727 περὶ
1184 3655 1281 3726 τῆς
1306 3654 1466 3722 ἁγίας
1497 3650 1770 3722 Παρθένου

186 3761 534 3830 εἰρήκαμεν,
567 3749 991 3822 συνηγοροῦντες
1031 3750 1098 3818 τῇ
1153 3745 1296 3800 κατὰ
1332 3744 1507 3798 πάντα
1551 3759 1774 3814 κεχαρι-

182 3847 434 3919 τωμένη,
465 3844 540 3908 ὡς
565 3839 717 3896 εἶπεν
735 3843 764 3895 6
792 3838 1036 3910 Γαϐριὴλ
1053 3854 1066 3868 ·
1090 3836 1286 3906 Χαῖρε,
1311 3834 1769 3905 κεχαριτωμένη,

184 3941 225 3992 ό
273 3935 490 4003 Κύριος
531 3931 684 4002 μετὰ
728 3929 866 3984 σοῦ.
900 3929 964 3981 Ei
993 3926 1050 3980 δὲ
1099 3928 1128 3980 6
1165 3925 1367 3996 Κύριος
1418 3924 1533 3995 μετ’
1581 3923 1770 3993 αὐτῆς,

184 4025 312 4088 πῶς
345 4024 496 4077 ἔσται
524 4023 582 4075 ὲν
612 4018 842 4090 συζυγίᾳ
876 4017 1075 4089 ὲτέρᾳ;
1111 4016 1236 4080 Πῶς
1259 4017 1316 4069 δὲ
1351 4015 1512 4088 σαρκὶ
1544 4014 1774 4085 πλησιά-

184 4117 365 4180 ζουσα
405 4113 559 4167 ἔσται
600 4111 706 4165 ὑπὸ
733 4108 938 4179 Κυρίου
972 4107 1382 4178 φυλαττομένη;
1429 4107 1493 4160 υἱ
1538 4107 1682 4173 ἀγιοι
1713 4105 1771 4158 ὲν

180 4203 409 4273 τιμῇ,ή
439 4200 745 4263 ἀνάπαυσις
790 4195 969 4251 αὐτῶν
1020 4198 1080 4250 ὲν
1140 4196 1305 4269 δόξῃ,
1364 4197 1398 4266 ἡ
1445 4194 1771 4250 ἀπεντεῢθεν

179 4292 370 4348 αὐτῶν
415 4289 662 4362 ὲκδημίσι
689 4290 749 4343 ὲν
794 4287 1112 4356 τελειότητι,
1164 4289 1194 4338 6
1255 4286 1453 4357 κλῆρος
1493 4285 1670 4338 αὐτῶν
1713 4286 1770 4338 ὲν

184 4380 558 4452 μακαριότητι
587 4378 724 4450 (II),
749 4378 808 4432 ὲν
843 4379 1030 4448 μοναῖς
1061 4376 1263 4444 ἁγίαις,
1288 4378 1317 4428 ὁ
1343 4374 1500 4446 χορὸς
1525 4375 1640 4446 μετ’
1666 4377 1770 4444 ἀγ·

180 4472 388 4541 γέλων,
416 4473 450 4542 ή
483 4471 663 4528 δίαιτα
708 4473 767 4524 ὲν
798 4469 1036 4542 οὐρανῷ,
1067 4469 1130 4522 τὸ
1161 4469 1464 4540 πολίτευμα
1507 4471 1564 4522 ὲν
1597 4469 1770 4534 θείαις
1798 4493 1850 4555 D

181 4561 458 4630 Γραφαῖς,
488 4561 550 4613 τὸ
576 4559 732 4622 κλέος
753 4560 812 4613 ὲν
833 4560 968 4629 τιμῇ
996 4557 1372 4628 ἀσυνεικάστῳ
1394 4558 1488 4610 καὶ¹
1518 4557 1770 4628 διηνεκεῖ,

1943 2749 2110 2803 XXV.
2152 2749 2277 2806 Hazc
2323 2751 2635 2817 habuimus,
2675 2766 2796 2822 quae
2829 2753 2972 2824 apud
3048 2769 3153 2811 nos
3195 2755 3453 2812 meditata

1880 2839 1934 2893 iu
1971 2855 2159 2894 eorum
2187 2841 2418 2911 gratiam
2445 2841 2594 2896 brevi
2621 2841 2919 2912 scriptione
2943 2845 3451 2915 complecteremur,

1880 2931 1971 3000 qui
2012 2945 2294 2985 sacrarum
2337 2932 2668 2989 Litterarum
2699 2934 2985 2990 veritatem
3019 2939 3300 3008 percipere
3333 2948 3452 2994 stu-

1876 3021 2036 3092 dent,
2061 3037 2237 3092 neque
2266 3030 2470 3079 temere
2514 3025 2860 3082 sermonibus
2886 3028 3170 3096 insultare,
3207 3040 3299 3085 aut
3323 3048 3456 3086 con-

1878 3113 2215 3168 tumeliosam
2253 3112 2356 3167 sibi
2392 3114 2527 3183 ipsis
2566 3115 2802 3186 linguam
2839 3117 3159 3187 producere.
3203 3119 3360 3186 Quod
3406 3125 3452 3178 si

1879 3201 1973 3272 qui
2021 3201 2284 3274 refragari
2331 3205 2543 3270 malint,
2579 3221 2644 3260 ac
2685 3209 2883 3278 spretis
2915 3210 3160 3276 utilibus,
3195 3228 3317 3282 quae
3369 3215 3455 3271 liis

1879 3294 2160 3346 contraria
2202 3301 2332 3348 sunt
2373 3297 2654 3364 amplecti,
2691 3312 2722 3352 a
2753 3298 2912 3354 nobis
2944 3299 3146 3356 intimis
3183 3317 3454 3372 usurpau-

1878 3383 2008 3438 dum
2042 3383 2174 3438 illud
2207 3385 2352 3438 erit:
2392 3385 2498 3452 Qui
2539 3387 2713 3455 audit,
2769 3388 2988 3454 audiat;
3033 3392 3124 3456 qui
3168 3405 3454 3447 contumax

1879 3482 1990 3535 est,
2046 3481 2336 3526 contumax
2386 3484 2498 3527 esto
2518 3474 2561 3538 ⁸,
2598 3489 2661 3528 ac
2712 3490 2887 3544 neque
2937 3479 3220 3546 apostolis,
3275 3496 3454 3550 neque

1877 3563 2040 3619 nobis
2070 3564 2307 3634 amplius
2339 3565 2606 3620 molestus
2639 3567 2731 3620 sit.
2779 3565 2911 3632 Quae
2955 3569 3098 3622 enim
3146 3571 3452 3641 religiosis-

1878 3654 2014 3709 sima
2057 3663 2112 3709 et
2125 3655 2380 3710 Ecclesia:
2411 3655 2694 3712 fructuosa
2725 3671 2849 3712 esse
2877 3659 3223 3728 putabamus,
3250 3666 3363 3717 ha-c
3384 3665 3453 3719 de

1881 3745 2235 3801 sanctissima
2271 3745 2495 3817 Virgine
2518 3763 2711 3803 sumus
2745 3748 2999 3818 professi,
3029 3758 3086 3804 ut
3113 3751 3233 3820 ejus
3268 3762 3454 3823 patro-

1878 3839 2084 3894 ciuium
2127 3838 2555 3908 susciperemus,
2588 3855 2710 3909 quae
2742 3841 2916 3910 gratia
2976 3841 3293 3910 plenissima
3324 3853 3448 3900 est:

1879 3934 1941 3982 ut
1970 3925 2189 3982 Gabriel
2224 3927 2441 3982 locutus
2469 3934 2556 3983 est
2583 3944 2600 3981 ;
2631 3933 2759 3991 Ave,
2798 3930 2970 3999 gratia
2995 3930 3170 3999 plena,
3196 3931 3451 3988 Dominus

1879 4025 2048 4071 tecum
2072 4016 2114 4070 ⁸.
2152 4015 2310 4083 Quod
2351 4017 2400 4072 si
2444 4032 2569 4072 cum
2601 4018 2716 4086 ipsa
2750 4017 3012 4074 Dominus
3051 4028 3153 4084 est,
3179 4023 3454 4092 quomodo

1879 4109 2110 4163 alterum
2172 4109 2490 4180 conjugium
2555 4110 2844 4166 admisisse
2886 4113 3107 4182 potest?
3161 4113 3450 4182 Quonam,

1878 4199 2122 4268 inquam,
2157 4207 2316 4268 pacto
2341 4215 2463 4268 quae
2495 4201 2680 4256 carnis
2711 4203 3166 4257 consuetudinem
3201 4205 3449 4268 haberet,

1887 4303 1918 4344 ιι
1948 4287 2182 4342 Domino
2213 4291 2423 4344 servari
2456 4289 2694 4344 dicitur?
2726 4290 3019 4346 Enimvero
3049 4295 3226 4348 sancti
3259 4310 3450 4352 omnes

1877 4394 2076 4450 magno
2098 4380 2154 4432 in
2185 4379 2394 4434 honore
2417 4391 2564 4436 sunt.
2588 4381 2794 4436 Horum
2820 4389 2903 4434 est
2931 4381 3168 4450 gloriosa
3195 4384 3412 4453 requies
3431 4425 3447 4450 ,

1880 4470 2076 4524 horum
2098 4485 2162 4526 ex
2187 4471 2287 4524 liae
2317 4471 2424 4524 vita
2445 4470 2725 4527 discessus
2752 4472 2818 4525 ad
2849 4471 3234 4542 perfectionem
3267 4480 3448 4527 trans-

1871 4563 1981 4617 itus
2013 4570 2136 4628 est,
2170 4562 2485 4617 earumdem
2518 4563 2571 4616 in
2608 4561 2864 4617 felicitate
2901 4577 3058 4627 sors,
3101 4564 3154 4616 in
3205 4564 3445 4619 sanctis-

179 4652 261 4705 τὰ
285 4650 517 4721 βραδεῖα
549 4653 608 4705 ὲν
630 4649 850 4723 Χριστῷ
883 4649 1057 4721 Ἰησοῦ
1086 4649 1163 4720 τῷ
1192 4651 1381 4720 Κυρίῳ
1405 4649 1560 4721 ἡμῶν
1578 4666 1592 4678 ’
1622 4651 1688 4703 δι’
1714 4646 1774 4705 οὗ

1881 4653 2030 4708 simis
2058 4653 2348 4708 domiciliis
2380 4653 2522 4708 inter
2549 4655 2863 4725 angelorum
2904 4655 3101 4710 choros
3131 4663 3442 4719 versantur,

177 4740 288 4795 καὶ
320 4740 435 4810 μεθ’
463 4734 525 4794 οὗ
568 4741 695 4804 δόξα
737 4739 817 4812 τῷ
847 4740 1022 4812 Πατρὶ
1067 4741 1164 4794 σὺν
1193 4740 1334 4810 ἁγίῳ
1379 4738 1659 4811 Πνεύματι
1697 4741 1776 4805 είς

1884 4726 2153 4799 habitatio
2179 4743 2234 4797 in
2269 4744 2432 4808 coelo,
2464 4747 2756 4814 occupatio
2787 4746 2842 4799 in
2885 4747 3060 4801 sacris
3089 4745 3309 4800 Litteris
3336 4753 3442 4811 est,

177 4833 418 4897 αἰῶνας.
458 4835 654 4904 Ἀμήν.

1881 4834 2051 4890 decus
2083 4849 2146 4889 ac
2178 4834 2436 4905 Splendor
2468 4836 2804 4906 sempiterno
2841 4838 2895 4891 iu
2939 4837 3145 4890 honore
3170 4837 3444 4902 consistit,

175 4943 357 5000 quem
415 4928 564 4982 nulla
623 4927 943 4997 conjectura
998 4935 1179 4996 potest
1230 4928 1483 4998 assequi,
1541 4927 1764 4998 prtemia
1840 4927 2078 4998 denique
2127 4929 2180 4982 in
2240 4928 2460 4984 Christo
2542 4927 2674 4985 Jesu
2730 4929 2961 4986 Domino
3015 4938 3206 4983 nostro
3268 4930 3446 4999 posita

175 5032 363 5088 sunt;
415 5038 511 5092 per
555 5037 746 5092 quem,
779 5030 834 5077 et
878 5036 1113 5092 quocum
1163 5023 1330 5092 gloria
1384 5022 1529 5077 Patri
1579 5039 1703 5078 cum
1743 5031 1936 5078 sancto
1965 5023 2171 5094 Spiritu
2203 5025 2257 5077 in
2286 5024 2504 5078 saecula.
2536 5024 2727 5078 Amen.

261 5114 770 5185 Προσαγορεύουσιν
814 5115 956 5184 ὑμᾶς
996 5115 1195 5179 πάντες
1225 5118 1273 5169 oi
1314 5116 1552 5184 ἀδελφοί.
1590 5119 1768 5189 Προσ-

1946 5118 2150 5174 Omnes
2189 5132 2286 5172 vos
2325 5118 2524 5172 fratres
2573 5118 2868 5186 plurimum
2912 5115 3175 5170 salutant.
3223 5112 3334 5169 Vos
3368 5115 3448 5168 vi-

172 5203 381 5259 εἱπατε
413 5204 468 5257 δὲ
501 5205 593 5258 καὶ
623 5205 777 5258 αὐτοὶ
804 5205 1010 5269 πάντας
1040 5207 1167 5269 τοὺς
1199 5207 1328 5277 παρ’
1359 5208 1487 5277 ὑμῖν
1509 5207 1772 5278 ἀδελφοὺς

1881 5209 2066 5264 cissim
2100 5209 2330 5264 salutem
2375 5209 2651 5271 omnibus,
2685 5209 2776 5276 qui
2823 5207 2967 5277 apud
3020 5223 3117 5262 vos
3148 5214 3297 5269 sunt,
3335 5205 3442 5258 fra-

171 5295 416 5358 πιστοὺς
455 5295 785 5365 ὀρθοδόξους,
825 5295 1154 5364 στυγοῦντας
1203 5297 1580 5368 ὑπερηφανίαν
1604 5337 1620 5366 ,
1674 5317 1765 5368 μι-

1881 5299 2048 5355 tribus
2068 5299 2255 5364 dicite,
2297 5299 2400 5355 hoc
2428 5309 2512 5355 est
2544 5299 2796 5355 fidelibus
2830 5301 3060 5354 sincerae
3110 5298 3232 5353 fidei
3269 5298 3445 5351 culto-

259 5469 282 5503 ί
319 5466 454 5539 Reg.
481 5469 754 5527 ἀπολλύει.
833 5475 854 5504 ¹
875 5472 936 5526 F.
969 5461 1310 5542 ἀντέχεσθαι.
1389 5475 1410 5506 ³
1438 5473 1571 5532 Luc.
1597 5491 1657 5541 ιι,
1688 5476 1776 5530 55.

1895 5475 2094 5532 Ezech.
2121 5492 2202 5544 ιιι,
2227 5477 2317 5530 27.
2393 5479 2415 5510 ⁸
2449 5477 2580 5534 Luc.
2614 5494 2652 5547 ι,
2683 5477 2774 5534 28.

253 5646 374 5718 (II)
407 5645 470 5699 Ὀ
495 5645 958 5719 _ac.1fmocabtc3r
995 5645 1065 5699 ἐν
1105 5649 1508 5717 μακαριότητι.
1542 5649 1613 5704 Ex
1650 5651 1750 5704 hoc

1881 5650 2230 5716 hsresserint,
2278 5652 2486 5707 animas
2533 5654 2742 5708 cmlcsu
2797 5652 3049 5707 felimtate
3088 5647 3314 5719 perfrui,
3351 5663 3440 5704 ne-

170 5716 313 5774 loco
363 5716 708 5771 manifestum
742 5727 856 5780 est,
901 5727 1236 5786 sanctorum,
1263 5716 1350 5774 ubi
1403 5736 1467 5773 ex
1506 5722 1602 5775 huc
1648 5722 1754 5774 vita
1861 5738 1965 5792 que
1997 5738 2308 5793 supremum
2339 5723 2530 5793 judicii
2565 5734 2778 5793 tempus
2805 5716 3140 5790 exspectaro.
