3964 6400
588 347 697 404 739

2004 341 2065 396 S.
2121 338 2462 396 EHPIIANII
3666 344 3740 403 ’ίίθ

591 460 768 526 ribus,
815 455 908 528 qui
959 454 1273 528 superbiam
1327 462 1672 522 aversantur,
1703 455 1798 526 qui
1835 454 2164 512 Arianorum

2270 453 2498 518 σοῦντας
2523 452 2809 508 κοινωνίαν
2845 451 3159 525 ’Δρειανῶν,
3200 450 3292 506 xa‘t
3317 450 3644 507 Σαϐελλιανῶν
3661 457 3744 526 lpo-

589 547 1030 605 communionem
1065 552 1120 602 et
1161 545 1601 601 Sabellianorum
1658 547 1984 617 proterviam
2028 547 2166 603 ode-

591 648 742 705 runt,
781 639 877 710 qui
921 637 1450 696 consubstantialem
1485 636 1808 693 Trinitatem
1847 638 2165 708 profitentes

591 730 823 786 adorant
878 729 1121 794 Patrem,
1164 735 1219 784 et
1246 728 1469 794 Filium,
1493 735 1548 784 et
1576 728 1841 801 Spiritum
1889 736 2162 795 sanctum,

593 829 708 878 tres
757 837 1045 892 personas,
1087 829 1143 876 et
1175 836 1338 875 unam
1375 821 1738 876 substantiam
1763 863 1779 888 ,
1817 836 1882 877 ac
1910 821 2166 876 divinita-

591 920 721 978 tem,
751 927 1025 982 unamque
1076 911 1330 980 gloriam,
1361 912 1564 982 quique
1599 911 1669 967 de
1727 912 1954 967 salutari
1985 913 2167 966 incar-

593 1003 835 1058 nationis
860 1001 1074 1055 Domini
1105 1001 1366 1072 mysterio
1395 1001 1608 1057 sincere
1662 1016 1727 1056 ac
1757 1001 1897 1056 citra
1922 1018 2164 1057 errorem

593 1094 877 1157 sentiunt,
911 1107 976 1147 ac
1001 1091 1278 1155 Christum
1313 1093 1473 1162 plane
1498 1092 1773 1148 hominem
1802 1109 1925 1148 esse
1957 1091 2166 1148 factum

479 1186 482 1193 '
591 1183 1007 1253 perfectumque
1045 1184 1252 1253 1057
1296 1182 1499 1248 Deum,
1540 1199 1605 1239 ac
1643 1183 1946 1254 perfectum
1994 1185 2168 1239 homi-

592 1289 718 1329 nem
750 1275 1108 1339 arbitrantur,
1140 1276 1349 1345 peccati
1379 1277 1558 1332 omnis
1580 1285 1857 1346 expertem
1887 1316 1902 1341 ,
1927 1277 2020 1347 qui
2049 1292 2169 1332 cor-

597 1377 700 1431 pus
735 1364 799 1417 de
824 1361 994 1418 Maria
1023 1365 1348 1432 susceperit,
1381 1380 1490 1419 una
1521 1381 1644 1420 cum
1671 1367 1853 1420 anima
1884 1376 1939 1422 et
1963 1374 2163 1430 mente,

592 1453 940 1522 ueterisque,
972 1453 1177 1522 quibus
1209 1453 1487 1508 hominum
1516 1463 1710 1510 natura
1739 1463 1954 1512 constat
1981 1476 1994 1510 :
2028 1456 2167 1512 adeo

592 1553 651 1597 ut
675 1558 783 1598 non
809 1543 919 1598 duo
945 1545 1078 1610 sint,
1121 1544 1217 1601 sed
1246 1561 1388 1602 unus
1414 1547 1695 1612 Dominus,
1724 1563 1977 1618 unusque
1998 1546 2164 1614 Deus,

591 1650 735 1691 unus
764 1651 880 1700 rex,
922 1652 1066 1693 unus
1103 1636 1370 1706 pontifex,
1404 1635 1550 1693 Deus
1581 1649 1634 1693 et
1681 1638 1870 1706 homo,
1908 1639 2073 1693 homo
2101 1655 2167 1696 ac

591 1722 772 1790 Deus;
811 1740 921 1778 non
968 1727 1117 1794 duo,
1151 1724 1246 1780 sed
1293 1740 1471 1789 unus,
1515 1727 1766 1796 inquam,
1809 1743 1877 1782 ex
1925 1728 2159 1796 duplicis

2268 546 2508 617 σχελίαν,
2531 545 2809 617 τιμῶντας
2829 545 2889 599 δὲ
2913 545 3210 616 ὁμοουσίως
3227 544 3322 614 τὴν
3346 544 3550 614 Τριάδα,
3570 545 3744 615 Πατέρα,

2265 639 2362 692 καὶ
2390 637 2540 703 Υίὸν,
2572 637 2667 690 καὶ
2699 635 2856 705 ἅγιον
2885 634 3134 706 Πνεῦμα,
3157 637 3304 706 τρεῖς
3331 635 3637 699 ὑποστάσεις.
3659 638 3748 706 μίαν

2261 730 2474 794 οὐσίαν,
2513 729 2607 782 καὶ
2635 727 2870 799 θεότητα
2907 726 3059 796 μίαν,
3091 727 3186 779 καὶ
3229 724 3541 790 ἁπαξαπλῶς
3567 724 3670 794 μίαν
3694 727 3750 779 δο-

2268 822 2513 890 εολογίαν
2534 835 2548 852 '
2599 819 2694 873 καὶ
2722 818 2797 889 μὴ
2831 818 3232 888 σφαλλομένους
3274 817 3400 887 περὶ
3438 817 3530 886 τὴν
3566 816 3644 869 τοῦ
3671 818 3749 869 Du-

2263 908 2430 979 τῆρος
2459 906 2615 978 ἡμῶν
2656 909 2921 978 σωτήριον
2949 906 3258 976 οἰκονομίαν
3283 904 3372 959 καὶ
3411 903 3640 975 ἔνσαρκον
3657 921 3752 975 παρ-

2263 1001 2474 1064 ουσίαν,
2498 999 2635 1052 ἀλλά
2660 997 3016 1061 πιστεύοντας
3042 997 3261 1062 τελείως
3296 995 3389 1067 τὴν
3419 995 3627 1066 Χριστοῦ
3645 998 3752 1050 ἐναν-

2265 1092 2570 1164 θρώπησιν,
2598 1090 2802 1143 τέλειον
2824 1089 2976 1152 Θεὸν,
3005 1088 3207 1142 τέλειον
3227 1087 3318 1140 τὸν
3344 1085 3496 1141 αὐτὸν
3524 1085 3750 1157 direptam,
3817 1097 3821 1099 ·

2265 1183 2434 1254 χωρὶς
2463 1181 2756 1252 ἁμαρτίας,
2781 1180 3019 1235 λαϐόντα
3050 1179 3182 1235 αὐτὸ
3210 1179 3273 1232 τὸ
3297 1178 3449 1248 σῶμα
3466 1176 3563 1231 ἀπὸ
3579 1178 3753 1248 Μαρίας,

2266 1275 2360 1327 καὶ
2393 1272 2568 1343 ψυχὴν
2598 1271 2852 1336 λαϐόντα,
2903 1271 2996 1325 καὶ
3034 1269 3159 1324 νοῦν
3196 1269 3290 1322 καὶ
3326 1268 3496 1322 πάντα
3520 1268 3566 1320 εί
3588 1267 3632 1319 τί
3657 1268 3755 1320 ἐστιν

2265 1362 2585 1433 ἄνθρωπος,
2619 1362 2788 1434 χωρὶς
2833 1361 3132 1432 ἁμαρτίας.
3177 1361 3238 1414 οὺ
3272 1360 3365 1415 δύο
3393 1360 3532 1423 ὄντα,
3569 1358 3662 1412 ἀλλ’
3692 1359 3758 1412 ἔνι

2266 1455 2491 1527 Κύριον,
2528 1457 2623 1510 ἕνα
2671 1455 2826 1520 Θεὸν,
2859 1456 2958 1510 ἕνα
2991 1454 3235 1525 βασιλέα,
3261 1454 3358 1508 ἕνα
3397 1453 3646 1526 ἀρχιερέα,
3668 1453 3758 1506 Θεὸν

2265 1547 2362 1601 καὶ
2385 1546 2692 1619 ἄνθρωπον,
2722 1546 3009 1618 ἄνθρωπον
3040 1547 3132 1600 καὶ
3159 1545 3315 1609 Θεὸν,
3345 1544 3406 1599 οὐ
3437 1545 3542 1610 δύο,
3566 1543 3659 1599 ἀλλ’
3677 1545 3757 1605 ἕνα,

2267 1637 2638 1702 συνενωθίντα
2667 1639 2768 1693 οὐκ
2797 1641 2876 1703 είς
2918 1637 3199 1709 σύγχυσίν,
3230 1639 3336 1692 οὐδ’
3369 1640 3448 1702 είς
3479 1636 3758 1706 ἀνυπαρξίαν,

2267 1729 2382 1783 ἀλλ’
2412 1733 2493 1794 είς
2525 1730 2768 1802 μεγάλην
2794 1731 3014 1803 χάριτος
3034 1731 3366 1802 οίκονομίαν.
3395 1727 3665 1800 Ἔρρωσθε.

591 1829 801 1877 natura
860 1821 1248 1891 conjunctione
1314 1820 1602 1882 conﬂatus.
1634 1837 1742 1877 non
1809 1834 1870 1877 ut
1933 1824 2137 1893 aliquid
2193 1825 2508 1889 confusum,
2540 1835 2634 1882 aut
2674 1827 2730 1881 in
2782 1827 3012 1882 nihilum
3055 1827 3336 1882 redactum
3383 1825 3483 1890 sit,
3535 1823 3618 1879 s‘ed
3649 1823 3762 1876 ineo

596 1917 786 1970 omnia
819 1915 935 1972 sint
965 1915 1033 1970 ad
1067 1931 1338 1972 summam
1361 1916 1561 1972 divina:
1593 1916 1783 1987 gratia:
1821 1917 2347 1977 administrationem
2378 1919 2640 1990 perfecta.
2666 1919 2873 1977 Valete.
3325 1969 3332 1974 .

662 2008 777 2064 Hoc
805 2010 1049 2080 epistolae
1078 2013 1329 2080 exemplo
1359 2010 1625 2076 contenti,
1659 2009 1806 2079 quod
1841 2010 1910 2064 ad
1946 2011 2162 2064 illorum

2338 2011 2430 2082 Τῷ
2475 2013 2535 2066 δὲ
2587 2011 2687 2083 τῆς
2733 2011 3025 2084 ἐπιστολῆς
3072 2011 3394 2082 ἀντιγράφω
3446 2007 3764 2081 ἀρκεσθέντες.

591 2098 951 2156 refellendum
979 2116 1226 2156 errorem
1269 2100 1525 2156 idoneum
1565 2107 1670 2166 est,
1707 2114 1772 2154 ac
1804 2100 1942 2155 satis
1972 2115 2164 2171 super-

589 2205 698 2260 que
723 2192 902 2262 egisse
923 2206 1024 2248 nos
1046 2191 1317 2258 arbitrati,
1353 2191 1422 2246 ab
1438 2191 1542 2244 hac
1567 2191 1760 2246 heresi
1796 2190 2162 2258 discedemus,

591 2294 758 2350 quam
795 2282 1068 2351 serpentis
1101 2296 1132 2335 e
1163 2279 1433 2336 foramine
1464 2281 1791 2350 prodeuntis
1845 2282 2039 2348 instar,
2076 2297 2166 2337 sa-

589 2370 931 2440 pientissima
974 2371 1068 2428 Dei
1113 2372 1363 2427 doctrina
1409 2387 1474 2426 ac
1507 2373 1753 2442 potentia
1805 2374 1963 2444 (quae
2018 2374 2166 2430 velut

589 2469 778 2533 styrax
804 2463 993 2518 orbem
1020 2471 1290 2518 terrarum
1322 2461 1622 2534 fragrantia
1651 2478 1772 2526 sua,
1803 2463 1909 2519 hoc
1933 2472 2021 2519 est
2045 2480 2166 2521 san-

587 2561 801 2605 ctorum
845 2551 1176 2622 virginitatis
1214 2553 1471 2617 ﬁliorum,
1507 2553 1668 2622 cujus
1711 2552 1771 2607 Β.
1815 2552 1982 2625 Virgo
2016 2556 2168 2626 prin-

591 2655 722 2709 ceps
752 2649 860 2704 est,
893 2641 1098 2696 virtute
1126 2642 1482 2712 complevit),
1503 2651 1559 2695 et
1580 2643 1734 2698 illius
1765 2645 2044 2713 praesidio,
2069 2647 2166 2716 qui

589 2743 688 2799 per
719 2729 967 2784 eamdem
1001 2729 1278 2801 Virginem
1307 2732 1435 2786 huic
1457 2733 1663 2788 mundo
1705 2733 1890 2790 lumen
1936 2736 2164 2806 invexit,

591 2835 718 2874 cum
755 2819 1026 2879 hactenus
1061 2822 1114 2876 in
1148 2824 1323 2878 lucem
1361 2826 1690 2891 eruerimus,
1727 2835 1893 2897 atque
1921 2830 2165 2886 exitialis

590 2910 741 2966 illius
792 2912 1049 2981 nequitia:
1100 2913 1254 2971 virus
1303 2915 1764 2985 patefecerimus,
1818 2919 1887 2975 ad
1937 2929 2164 2980 caeteras

591 2999 898 3057 orationem
928 3003 1389 3073 promovebimus,
1423 3020 1533 3075 quo
1557 3006 1687 3063 huic
1707 3010 1864 3079 operi
1903 3011 2169 3081 singulari

592 3089 688 3146 Dei
735 3106 836 3163 ope
884 3102 1139 3165 suscepto
1183 3094 1344 3152 {luem
1394 3097 1691 3168 aliquando
1745 3099 1962 3157 tandem
2005 3103 2163 3158 adhi-

590 3181 840 3237 beamus.

629 3196 840 3239 eamus.

893 3296 1264 3355 ADVERSUS
1301 3295 1877 3367 COLLYRIDfANOS,

2263 2103 2446 2168 καλῶς
2487 2104 2666 2176 ἔχοντι
2698 2104 2835 2176 πρὸς
2866 2103 2966 2174 τὴν
2998 2104 3204 2157 τούτων
3233 2102 3535 2167 ἀντίθεσιν,
3580 2100 3667 2162 ἕως
3697 2092 3766 2152 ὧδε

2265 2193 2467 2258 ίκανῶς
2493 2193 2634 2264 ἔχειν
2655 2193 3064 2264 δοκιμάζοντες,
3095 2193 3190 2246 καὶ
3215 2189 3423 2263 ταύτην
3450 2193 3505 2244 ὲν
3532 2189 3635 2259 Θεῷ
3650 2191 3767 2256 ὑπερ-

2262 2283 2582 2354 ϐεϐηκότες,
2604 2283 2681 2348 ὡς
2711 2285 2942 2356 ἑρπετὸν
2968 2283 3076 2338 ἀπὸ
3098 2283 3240 2353 ὀπῆς
3268 2282 3569 2353 προκύψαν,
3588 2279 3662 2333 διὰ
3683 2293 3768 2330 συν-

2263 2379 2395 2450 ετῆς
2445 2377 2583 2433 Θεοῦ
2626 2378 2976 2442 διδασκαλίας
3022 2394 3084 2430 τε
3133 2378 3229 2431 καλ⁵
3267 2377 3572 2446 δυνάμεως.
3609 2373 3687 2441 τῆς
3717 2369 3768 2430 ὡς

2267 2473 2535 2544 στύρακος
2577 2471 2849 2543 πνεούσης
2888 2469 3140 2541 εύοδμίαν
3171 2471 3230 2523 ὲν
3275 2469 3468 2538 κόσμῳ
3512 2467 3590 2519 ἐπ’
3629 2465 3768 2534 ἀρετῇ.

2265 2563 2360 2616 καὶ
2399 2561 2569 2631 ἀτίων
2603 2562 2810 2616 παίδων
2839 2560 2939 2631 τῆς
2973 2559 3290 2631 παρθενίας,
3332 2558 3442 2610 ἀπὺ
3486 2554 3674 2625 Μαρίας
3701 2551 3770 2619 ἀρ-

2267 2652 2503 2724 ξαμένης
2529 2653 2626 2724 τῆς
2653 2652 2837 2720 ἁγίας,
2869 2650 2958 2704 διὰ
2982 2649 3076 2704 τοῦ
3107 2648 3170 2714 εξ
3195 2648 3371 2718 αὐτῆς
3408 2645 3518 2716 φῶς
3539 2645 3608 2715 τῷ
3634 2642 3771 2712 κόσμῳ

2267 2745 2650 2818 ἀνατείλαντος
2671 2786 2686 2811 ,
2713 2742 3080 2811 διελέγξαντες
3099 2782 3115 2809 ,
3153 2740 3249 2794 καὶ
3275 2739 3370 2792 τὸν
3402 2737 3562 2793 κακὸν
3607 2735 3670 2788 ίὲν
3704 2733 3771 2799 τῆς

2267 2834 2608 2907 ἑρπετώδους
2645 2834 2948 2905 μοχθηρίας
2977 2831 3159 2885 αὐτῶν
3199 2830 3582 2896 ἐπιδείξαντες,
3611 2824 3685 2878 ἐπὶ
3703 2821 3771 2882 τὰς

2267 2929 2460 2999 ἑτέρας
2503 2927 2663 2981 πάλιν
2708 2926 3049 2997 βαδίσωμεν,
3084 2925 3165 2988 είς
3204 2922 3488 2979 τελείωσιν
3516 2920 3604 2992 τῆς
3641 2916 3770 2982 πάσης

2266 3020 2324 3074 ὲν
2357 3018 2476 3090 Θεῷ
2509 3019 2910 3090 πραγματείας.

2648 3303 2838 3357 ΚΑΤΑ
2874 3298 3463 3364 ΚΟΛΛΥΡΙΔῙΑΝΩΝ,

592 3384 698 3450 Qui
757 3383 947 3442 Maria:
998 3391 1349 3463 sacriﬁciayg
1364 3392 1616 3463 aferunt,
1642 3394 1858 3450 haeresis
1879 3393 2033 3462 LIX,
2061 3398 2165 3454 sive

2272 3393 2393 3450 Τῶν
2412 3393 2488 3463 τῇ
2503 3392 2697 3461 Μαρίᾳ
2719 3391 3202 3463 προσφερόντων,
3227 3383 3604 3463 πεντηκοστὴ
3624 3381 3771 3447 ἐνάτην

1251 3459 1516 3516 LXXIX.

660 3543 702 3599 Ι.
743 3544 876 3602 Post
924 3550 1264 3619 superiorem
1314 3552 1462 3606 illam
1517 3553 1772 3620 haeresin,
1819 3556 2066 3624 proxime
2095 3559 2167 3614 ad

589 3649 693 3691 nos
739 3637 965 3695 alterius
1002 3641 1289 3709 cujusdam
1345 3643 1491 3697 fama
1543 3646 1750 3714 perlata
1799 3655 1915 3712 est,
1962 3647 2030 3702 de
2058 3665 2166 3720 qua

589 3726 755 3796 paulo
797 3737 922 3784 ante
967 3731 1298 3787 mentionem
1327 3732 1385 3786 in
1415 3733 1648 3802 epistola
1678 3734 1770 3790 illa
1808 3734 2163 3804 faciebamus,

591 3831 756 3885 quam
808 3818 878 3872 de
923 3818 1094 3872 Maria
1139 3819 1364 3892 Virgine
1402 3822 1457 3876 iu
1505 3823 1762 3878 Arabiam
1810 3827 2160 3896 scripsimus.

591 3905 719 3960 llaec
746 3907 892 3961 enim
924 3908 1144 3965 haeresis
1183 3911 1237 3965 in
1277 3911 1534 3966 Arabiam
1561 3929 1595 3969 e
1619 3914 1851 3970 Thracia
1883 3931 1948 3971 ac
2001 3934 2168 3990 supe-

591 3999 737 4054 riore
763 3997 988 4070 Scythia
1020 4001 1218 4056 diﬂ‘usa
1272 4003 1341 4058 ad
1375 4017 1542 4060 aures
1569 4021 1745 4077 usque
1780 4016 1999 4065 nostras
2043 4025 2168 4081 per-

590 4091 760 4147 venit.
791 4091 924 4159 Qua:
957 4093 1177 4163 quidem
1226 4093 1370 4166 apud
1403 4097 1702 4166 prudeutes
1733 4100 1987 4158 homines
2035 4103 2166 4157 ridi-

589 4183 715 4237 cula
749 4198 814 4238 ae
847 4178 1083 4239 ludibrio
1119 4184 1279 4256 digna
1311 4197 1588 4243 censetur.
1640 4189 1746 4245 Sed
1795 4206 1895 4248 nos
1943 4208 2166 4252 errores

586 4274 738 4330 illius
785 4275 1056 4348 detegere,
1107 4290 1174 4331 ac
1223 4277 1355 4347 quid
1408 4277 1528 4349 ipsa
1579 4281 1899 4351 proﬁteatur
1950 4285 2167 4354 aperire

587 4367 939 4436 conabimur;
992 4383 1097 4424 nec
1129 4370 1317 4424 dubito
1369 4371 1505 4440 quin
1558 4373 1807 4430 stultitiae
1840 4377 2161 4445 plurimum,

588 4459 868 4528 sapientiae
895 4475 968 4516 ne
1004 4461 1288 4517 minimum
1319 4463 1541 4533 quidem
1594 4465 1796 4522 habere
1840 4466 2161 4537 judicetur:

588 4549 897 4619 cujusmodi
940 4560 1167 4607 caeteras
1195 4567 1388 4608 omnes
1431 4553 1560 4610 huic
1589 4555 1776 4612 atlines
1805 4573 1933 4614 esse
1961 4571 2165 4629 cOg-no-

2649 3458 2690 3530 ἡ
2733 3458 2833 3515 καί
2871 3458 3214 3527 ἑπτακοστὴ
3249 3459 3459 3527 ἐνάτη.

2337 3554 2416 3608 A'.
2466 3553 2626 3625 Ἑξῆς
2663 3553 2721 3606 δὲ
2752 3552 2926 3625 ταύτῃ
2972 3553 3051 3615 είς
3084 3551 3274 3622 φήμην
3325 3551 3564 3621 πέφηνεν
3601 3547 3772 3616 αἵρεσις.

2266 3645 2396 3716 περὶ
2441 3639 2511 3716 ἧς
2548 3643 2648 3715 ἤδη
2700 3644 3093 3715 ὑπεμνήσαμεν
3123 3643 3291 3714 ὀλίγῳ
3319 3644 3386 3696 ὲν
3413 3644 3481 3713 τῇ
3509 3639 3604 3711 πρὸ
3630 3635 3774 3699 ταύτης

2265 3737 2353 3792 διὰ
2374 3737 2472 3808 τῆς
2497 3738 2578 3800 είς
2627 3734 2884 3807 Ἀραϐίαν
2909 3735 3215 3806 γραφείσης
3241 3734 3562 3807 ὲπιστολῆςη
3578 3729 3661 3798 τῆς
3687 3725 3774 3792 περὶ

2265 3829 2364 3900 τῆς
2400 3827 2618 3896 Μαρίας
2651 3825 2898 3898 ἐχούσης.
2949 3827 3060 3880 Καὶ
3088 3826 3227 3898 αὑτὴ
3257 3827 3313 3880 δὲ
3359 3828 3395 3897 η
3427 3827 3625 3897 αἵρεσις
3659 3817 3774 3871 πάλιν

2265 3919 2324 3972 ὲν
2355 3919 2422 3989 τῇ
2471 3917 2699 3989 Ἀραϐίᾳ
2723 3918 2832 3971 ἀπὸ
2858 3917 2958 3988 τῆς
2991 3917 3218 3990 Θρᾴκης
3249 3917 3344 3972 καὶ
3381 3918 3489 3970 τῶν
3516 3917 3616 3970 ἀνω
3645 3907 3774 3982 μερῶν

2265 4008 2366 4079 τῆς
2400 4007 2636 4072 Σκυθίας
2668 4007 2972 4078 ἀνεδείχθη,
3002 4008 3095 4062 καὶ
3135 4010 3214 4071 είς
3261 4007 3421 4078 ἡμῶν
3451 4005 3609 4068 am;
3637 3996 3774 4069 ἀνηνέ-

2264 4100 2369 4171 χθη
2389 4118 2402 4132 ·
2437 4100 2559 4170 ἣτις
2609 4101 2727 4153 ἐστὶ
2777 4101 2873 4154 καὶ
2904 4101 3044 4172 αὕτη
3091 4100 3297 4170 γελοῖος
3348 4100 3445 4154 καὶ
3492 4095 3668 4170 χλεύης
3706 4091 3774 4157 ἔμ’

2264 4189 2442 4254 πλεως
2492 4191 2643 4262 παρὰ
2689 4191 2800 4252 τοῖς
2841 4193 3084 4254 συνετοίς
3111 4190 3496 4261 εὑρισκομένη.
3540 4177 3774 4257 Ἀρξόμεθα

2264 4281 2393 4354 περὶ
2412 4281 2584 4351 αὐτῆς
2610 4284 2882 4352 φωρᾶσαι,
2905 4282 3000 4335 καὶ
3021 4281 3088 4335 τά
3111 4283 3234 4336 κατ’
3254 4282 3428 4354 αὐτὴν
3454 4272 3772 4351 διηγήσασθαι.

2263 4373 2526 4443 Εύηθείας
2549 4373 2655 4442 γὰρ
2676 4371 2874 4443 μᾶλλον
2893 4373 3215 4445 κριθήσεται
3233 4375 3376 4445 ἥπερ
3393 4373 3643 4434 συνέσεως
3656 4364 3772 4429 αὕτη

2263 4465 2444 4529 καθὼς
2459 4467 2553 4520 καὶ
2568 4466 2725 4520 ἄλλαι
2753 4465 3125 4539 ὁμοῖαιταύτῃ
3141 4461 3300 4536 ἦσαν.
3327 4467 3424 4530 Ὦς
3449 4466 3553 4536 γὰρ
3573 4464 3667 4517 ἀνω
3679 4453 3774 4510 πολὺ

2261 4555 2347 4610 διὰ
2360 4557 2460 4628 τῆς
2473 4557 2610 4628 πρὸς
2623 4557 2838 4626 Μαρίαν
2854 4556 3062 4630 ὕϐρεως
3076 4556 3390 4621 οίδόξαντες
3406 4554 3568 4608 ταῦτα
3585 4544 3775 4606 ὐτῑθνθάν

587 4641 788 4698 vimus.
824 4641 960 4696 Nam
992 4651 1052 4697 ut
1090 4645 1250 4714 paulo
1299 4653 1449 4712 ante,
1494 4647 1589 4718 qui
1635 4651 1975 4719 superiorem
2010 4651 2160 4706 illam

2264 4644 2530 4718 βλαϐερὰς
2567 4648 2822 4712 ὑπονοίας
2866 4649 3146 4720 σπείρουσι
3176 4648 3455 4718 λογισμοῖς
3487 4641 3770 4716 ἀνθρώπιον*

587 4742 794 4790 sectam
849 4735 1081 4804 amplexi
1125 4743 1276 4802 sunt,
1320 4739 1748 4794 contumeliosus
1783 4741 1836 4794 in
1885 4739 1946 4793 Β.
1983 4739 2161 4812 Virgi-

2265 4732 2407 4787 οὖτω
2449 4734 2541 4789 καὶ
2576 4727 2724 4790 οὗτοι
2763 4737 2855 4789 ἐπὶ
2884 4735 2946 4789 τὸ
2979 4737 3168 4807 ἕτερον
3220 4737 3384 4807 μέρος
3429 4734 3696 4791 κλίναντες,
3737 4725 3775 4774 ἐν

588 4837 711 4876 nem
745 4823 1031 4892 Opiniones
1062 4823 1342 4879 hominum
1372 4827 1606 4898 ingeniis
1640 4839 2038 4900 asperserunt;
2081 4833 2162 4888 sic

2265 4824 2528 4896 ἀκρότητι
2564 4825 2767 4897 βλάϐης
2797 4827 3305 4898 καταλαμϐάνοντες
3347 4829 3363 4859 ¹
3388 4843 3399 4856 ·
3442 4827 3583 4886 ὅπως
3611 4820 3771 4875 κάκείνι

589 4911 677 4966 isti
717 4915 1048 4970 contrariam
1074 4917 1131 4970 in
1161 4925 1370 4987 partem
1417 4919 1777 4985 declinantes,
1815 4922 2030 4994 1058
2069 4940 2160 4979 ex-

2264 4916 2324 4970 τὺ
2354 4916 2507 4988 παρά
2528 4933 2638 4970 τισι
2661 4918 2768 4971 τῶν
2799 4915 2998 4982 ἔξωθεν
3027 4917 3331 4987 φιλοσόφων
3358 4916 3626 4987 ᾀδόμενον,
3643 4909 3717 4963 καὶ
3736 4906 3775 4954 ἐν

591 5009 816 5056 tremam
865 5006 921 5060 in
979 5023 1178 5061 noxam
1227 5023 1294 5064 ac
1367 5010 1663 5080 perniciem
1721 5012 2056 5079 inciderunt,
2101 5026 2164 5071 ut

2264 5010 2444 5072 αὐτοῖς
2465 5009 2876 5081 πληρωθήσεται
2895 5011 2952 5063 ὲν
2971 5010 3047 5080 τῷ
3062 5010 3256 5080 λέγειν·
3271 4997 3774 5078 Μακαρότητεςησό·

590 5094 874 5160 gentilium
913 5097 1360 5168 philosophorum
1405 5102 1625 5158 celebre
1675 5102 1809 5158 illud
1859 5105 2066 5160 dictum
2103 5107 2160 5160 in

2264 5119 2458 5170 τητεςο
2489 5103 2607 5171 Ἴση
2641 5102 2749 5172 γὰρ
2779 5103 2865 5156 ἐπ’
2897 5102 3233 5172 ἀμφοτέραις
3273 5102 3491 5162 ταύταις
3525 5101 3632 5160 ταῖς
3667 5089 3773 5161 αίρέ·

591 5180 730 5250 ipsis
774 5186 1156 5251 comprobetur
1187 5207 1202 5244 :
1233 5188 1610 5245 Extremitatcs
1643 5192 1973 5260 aequalitate:
2019 5209 2158 5252 esse.

2270 5210 2416 5246 σεσιν
2449 5195 2482 5264 η
2524 5193 2695 5265 βλάϐη
2717 5211 2732 5226 ο
2767 5195 2876 5249 τῶν
2912 5195 3010 5266 μὲν
3041 5194 3521 5259 κατευτελιζὸντων
3543 5191 3633 5260 τὴν
3657 5183 3774 5251 ἁγίαν

593 5269 872 5341 Siquidem
905 5287 1004 5343 par
1031 5281 1085 5328 et
1119 5275 1258 5333 idem
1305 5295 1371 5334 ex
1413 5281 1682 5336 ambabus
1715 5282 2018 5337 haeresibus
2067 5284 2164 5338 de-

2267 5283 2562 5355 Παρθένον,
2605 5284 2712 5338 τῶν
2757 5283 2816 5337 δὲ
2862 5284 3024 5339 πάλιν
3079 5283 3219 5355 ὑπὲρ
3250 5283 3310 5336 τὸ
3337 5282 3449 5335 δέον
3480 5276 3773 5342 δοξαζόντωιι.

587 5365 902 5418 trimentum
936 5365 1154 5432 accidit,
1203 5383 1328 5423 cum
1371 5371 1464 5425 alii
1506 5383 1870 5428 sacrosanctae
1920 5373 2159 5444 Virginis

2268 5370 2427 5428 Οὗτοι
2471 5375 2580 5446 γὰρ
2625 5377 2675 5428 οἱ
2708 5375 2865 5429 τοῦτο
2915 5375 3251 5438 διδάσκοντες
3283 5375 3422 5436 τίνες
3472 5371 3598 5424 εἰσὶν
3627 5362 3718 5419 ἀλλ’
3750 5357 3772 5423 ἦ

589 5453 908 5524 dignitatem
965 5457 1200 5525 elevent,
1248 5461 1340 5514 alii
1388 5472 1585 5533 praeter
1632 5467 1853 5519 modum
1887 5481 1953 5520 ac
1997 5467 2159 5520 ratio-

2265 5468 2555 5534 γυναῖκες;
2589 5466 2867 5521 Γυναικῶν
2899 5467 3008 5538 γὰρ
3039 5467 3100 5520 τὸ
3128 5467 3279 5537 γένος
3308 5463 3588 5524 coemo”,
3626 5452 3774 5524 σφαλε-

589 5559 713 5599 nem
744 5547 1014 5604 attollant.
1049 5545 1184 5603 Nam
1214 5551 1358 5622 quod
1390 5554 1456 5608 ad
1501 5557 1774 5625 posterius
1814 5556 1918 5611 hoc
1955 5556 2155 5628 dogma

2268 5557 2358 5628 ρὸν
2401 5557 2458 5611 δὲ
2502 5559 2596 5612 καὶ
2625 5559 2879 5614 ταπεινὸν
2919 5559 2997 5632 τῷ
3049 5559 3377 5630 φρονήματι.
3428 5554 3530 5610 Καὶ
3555 5547 3671 5605 αὐτὸ
3694 5540 3772 5613 γὰρ

664 5717 680 5747 ⁶
717 5716 843 5791 Reg.
876 5723 1274 5792 καταλαϐόντες
1349 5729 1370 5761 ³
1397 5725 1530 5800 Reg.
1557 5729 1915 5802 μακρΰτῆτεςο
1945 5731 2165 5804 εθπῖίόα

2264 5773 2266 5782 ι
2296 5731 2615 5805 ἀκρότητες.
