3964 6444
233 376 327 435 ἸΜ

895 377 1258 435 ADVERSUS
1295 377 1636 434 IIIERESES
1677 376 1803 435 LIB.
1835 375 1926 432 Ill.
1966 375 2130 432 ΤΟΜ.
2169 373 2290 429 ιι-
2329 377 2600 434 HERES.
2630 377 2870 437 LXXIX.

3366 387 3471 444 752

233 492 404 560 ἔδοξεν
427 494 537 549 ἀπὸ
567 493 840 565 γυναικῶν
867 496 896 550 6
923 497 1166 562 διάϐολος
1197 497 1408 570 ἐξεμεῖν
1426 516 1439 530 ο
1469 499 1546 562 ὡς
1569 499 1664 552 καὶ
1689 498 1800 552 ἅνω

1905 497 2156 566 pertinet,
2196 511 2487 566 quosnam,
2534 508 2729 569 prater
2800 503 3176 570 mulierculas,
3224 515 3475 565 auctores

231 585 377 656 παρὰ
423 585 744 658 Κυϊντίλλῃ,
803 587 898 641 καὶ
946 588 1294 659 Μαξιμίλλῃ,
1349 587 1444 640 καὶ
1503 587 1802 660 Πρισκίλλῃ

233 675 594 748 περιγέλαστα
620 677 688 730 τὰ
716 676 1039 747 διδάγματα,
1067 677 1209 730 οὑτω
1241 678 1335 731 καὶ
1362 677 1612 733 ἐνταῦθα.
1645 677 1802 741 Τινές

232 767 336 838 γὰρ
365 770 622 836 γυναῖκες
652 769 904 839 κουρικόν
930 786 1051 822 τινα
1091 767 1412 839 κοσμοῦσαι,
1460 769 1581 838 ἦτοι
1612 767 1797 839 δίφρον

231 859 586 928 τετράγωνον,
632 858 950 912 άπλώσασαι
982 859 1072 912 ἐπ’
1103 859 1264 913 αὑτὸν
1294 859 1484 930 ὀθόνην
1517 860 1574 912 ἐν
1613 859 1799 930 ἡμέρᾳ.

231 949 333 1000 τινὶ
363 950 569 1019 φανερᾷ
599 949 710 1017 (12)
745 948 839 1002 τοῦ
890 949 1062 1014 ἔτους,
1091 951 1149 1002 ἐν
1173 950 1409 1021 ἡμέραις
1454 951 1594 1003 τισὶν
1637 950 1799 1020 ἄρτον

233 1039 562 1109 προτιθέασι,
595 1041 688 1094 καὶ
714 1041 1078 1112 ἀναφέρουσιν
1104 1044 1184 1105 εἰς
1216 1042 1386 1112 ὄνομα
1417 1041 1517 1110 τῆς
1559 1041 1796 1112 Μαρίας.

233 1131 296 1182 Δί
337 1132 505 1182 πᾶσαι
553 1130 611 1182 δέ
649 1130 757 1183 ἀπὸ
798 1131 892 1184 τοῦ
937 1131 1104 1202 ἄρτου
1156 1129 1691 1201 μεταλαμϐάνουσιν
1726 1129 1803 1192 ὡς

216 1212 287 1275 ’ὲν
321 1222 455 1292 αὑτῇ
504 1224 570 1292 τῇ
617 1224 696 1285 εἰς
739 1222 836 1293 τὴν
900 1223 1160 1293 Ἀραϐίαν
1195 1222 1449 1292 ἐπιστολῇ
1501 1221 1803 1292 γράφοντες

227 1311 293 1365 ἐκ
321 1314 520 1383 μέρους
565 1313 694 1382 περὶ
743 1313 933 1366 τούτου
981 1311 1358 1383 διελέχθημεν.
1393 1311 1502 1365 Νῦν
1527 1311 1585 1365 δέ
1616 1310 1804 1380 σαφῶς

225 1404 294 1458 τά
321 1406 448 1474 περὶ
476 1405 644 1474 αὑτῆς
672 1404 918 1476 λέξομεν,
947 1404 1042 1458 καὶ
1068 1405 1168 1468 τάς
1217 1405 1337 1458 κατ’
1373 1404 1544 1474 αὐτῆς
1575 1405 1805 1476 ἀνατρο-

226 1495 357 1559 πὰς,
391 1496 522 1548 Θεὸν
558 1497 931 1568 αἰτησάμενοι,
964 1496 1106 1550 κατά
1131 1497 1192 1549 τὸ
1225 1494 1448 1549 δυνατὸν
1492 1492 1805 1567 παραθησό-

230 1589 387 1660 μεθα,
441 1589 610 1652 ὅπως,
647 1587 746 1659 τῆς
799 1585 1143 1642 εἰδωλοποιοῦ
1175 1585 1378 1654 ταύτης
1416 1583 1679 1656 αἱρέσεως
1708 1580 1806 1645 τὰς

228 1679 382 1750 ῥίζας
427 1679 768 1750 ἐκτεμόντες,
821 1679 929 1733 ἀπό
960 1695 1120 1732 τινων
1164 1678 1265 1748 τὴν
1295 1675 1556 1746 τοιαύτην
1602 1672 1808 1727 λύσσαν

224 1769 524 1825 καταλῦσαι
553 1773 610 1825 ἐν
639 1767 757 1840 Θεῷ
794 1767 1134 1841 δυνηθῶμεν.

1908 601 1974 643 ac
2024 596 2286 660 patronos
2325 589 2530 645 habet?
2566 591 2718 656 Quod
2759 608 2929 663 genus
2982 595 3276 662 lubricum,
3323 609 3372 654 el
3416 601 3476 654 in

1907 693 2150 733 errorem
2200 680 2461 749 proclive,
2510 695 2575 736 ac
2625 685 2806 752 pusilli
2846 687 3137 742 admodum
3166 695 3223 744 tet
3257 691 3476 760 angusti

1897 769 2063 822 animi
2092 783 2216 824 esse
2245 771 2400 825 solet.
2433 768 2537 825 Per
2559 785 2653 826 eas
2675 774 2856 844 itaque
2881 775 3133 832 diabolus
3160 779 3475 836 evomuisse

1895 859 2026 913 illud
2072 859 2305 926 videtur,
2353 863 2604 934 idemque
2637 866 2824 920 hacin
2854 877 3007 937 parte
3059 869 3277 938 fecisse,
3328 873 3474 942 quod

1895 964 1996 1020 per
2044 947 2402 1021 Quintillam,
2459 969 2523 1009 ac
2566 955 2952 1023 Maximillam,
2996 970 3049 1015 et
3075 959 3380 1016 Priscillam
3416 963 3472 1017 in

1897 1042 2147 1098 ridiculis
2191 1043 2298 1098 illis
2329 1044 2756 1104 disseminandis
2796 1051 3077 1108 erroribus
3122 1055 3472 1123 praestiterat.

1898 1130 2114 1186 Etenim
2179 1133 2439 1190 mulieres
2491 1138 2740 1207 quaedam
2794 1155 3059 1209 currum,
3113 1144 3228 1199 sive
3284 1144 3474 1200 sellam

1897 1221 2219 1292 quadratam
2257 1224 2611 1292 adornantes,
2644 1242 2709 1282 ac
2737 1229 2905 1286 linteo
2945 1232 3182 1304 desuper
3229 1241 3473 1297 extento,

1899 1313 2130 1369 solemni
2180 1323 2446 1386 tempore,
2492 1334 2590 1388 per
2636 1320 2845 1390 aliquot
2875 1321 3008 1378 'dies
3053 1339 3245 1393 panem
3280 1337 3479 1394 propo-

1899 1415 2057 1470 nunt,
2090 1411 2144 1460 et
2173 1406 2228 1460 in
2263 1406 2448 1463 Maria:
2481 1424 2680 1464 nomen
2728 1410 2985 1466 offerunt.
3043 1413 3180 1470 Tum
3214 1414 3283 1468 ad
3311 1429 3477 1469 unam

1899 1507 2093 1549 omnes
2119 1495 2212 1549 illo
2247 1507 2563 1554 vescuntur.
2593 1499 2668 1555 De
2689 1517 2798 1571 quo
2825 1502 2878 1557 in
2905 1504 3136 1573 epistola
3168 1505 3284 1570 illa,
3310 1520 3474 1575 quam

1899 1583 1956 1638 in
2015 1584 2272 1642 Arabiam
2337 1592 2702 1660 scripsimus,
2761 1595 3009 1649 nonnihil
3055 1595 3475 1665 disputavimus.

1901 1671 2058 1730 Nunc
2097 1693 2225 1733 vero
2257 1682 2571 1738 accuratius
2595 1683 2808 1754 singula
2838 1700 3255 1756 prosequemur,
3285 1695 3338 1742 et
3365 1701 3476 1759 qua

1903 1765 2118 1822 ratione
2159 1771 2533 1827 convincenda
2586 1774 2679 1840 sit,
2730 1775 3015 1845 implorata
3062 1775 3156 1832 Dei
3204 1793 3327 1848 ope,
3374 1791 3477 1849 pro

221 1861 367 1916 virili
398 1861 941 1925 demonstrabimus,
987 1866 1048 1913 ut
1082 1858 1247 1929 hujus
1292 1857 1541 1922 haeresis,
1593 1868 1716 1926 quae
1752 1850 2077 1911 idololatriae
2119 1863 2512 1931 superstitione
2557 1865 2834 1935 implicata
2897 1875 3002 1936 est,
3041 1869 3272 1926 succisis
3337 1869 3479 1928 radi-

221 1953 400 2016 cibus,
430 1959 636 2006 tantam
665 1967 733 2006 ει
765 1951 963 2007 animis
996 1951 1359 2022 quorumdam
1400 1946 1670 2005 insaniam
1710 1957 1776 1998 ac
1813 1943 2022 2002 rabiem
2079 1951 2262 2007 divina
2299 1969 2402 2024 ope
2433 1954 2650 2012 facilius
2675 1958 2990 2014 evellamus.

303 2047 378 2099 B’.
423 2046 557 2112 Ἀγε
605 2043 804 2109 τοίνυν,
851 2044 985 2099 Θεοῦ
1023 2046 1220 2112 δοῦλοι,
1267 2043 1518 2116 ἀνδρικὸν
1552 2040 1802 2111 φρόνημα

1975 2043 2039 2098 ll.
2079 2045 2240 2116 Agite
2280 2065 2426 2124 ergo,
2478 2054 2568 2114 Dei
2606 2056 2828 2117 famuli!
2886 2060 3072 2118 viriles
3100 2061 3476 2132 concipiamus

229 2137 596 2209 ἐνδυσώμεθα,
650 2137 924 2207 γυναικῶν
955 2138 1012 2193 δέ
1046 2139 1250 2194 τούτων
1295 2139 1394 2210 τὴν
1447 2136 1642 2208 μανίαν
1688 2137 1803 2189 δια-

225 2229 597 2298 σκεδάσωμεν.
634 2228 708 2282 Τὸ
761 2231 869 2283 πᾶν
922 2229 1031 2301 γὰρ
1081 2230 1288 2302 θήλεως
1344 2233 1377 2300 ἡ
1427 2229 1670 2294 ὑπόνοια,
1712 2227 1803 2281 καὶ

223 2319 367 2383 Εὔας
400 2320 562 2374 πάλιν
606 2321 706 2390 τῆς
751 2323 1122 2393 ἀπατωμένης
1151 2323 1211 2375 τὸ
1239 2322 1452 2393 νόσημα
1473 2339 1486 2351 ·
1526 2320 1723 2390 μᾶλλον
1757 2319 1800 2373 δ’

217 2413 306 2465 ὅτι
335 2411 427 2464 τοῦ
463 2412 661 2478 ὄφεως,
708 2412 803 2465 τοῦ
851 2412 1188 2483 ἐρεθιστικοῦ
1235 2413 1418 2484 θηρὸς,
1468 2412 1681 2466 καὶτοῦ
1708 2410 1800 2463 λα-

221 2504 485 2572 λήσαντος
537 2505 596 2554 ἐν
631 2503 766 2573 αὑτῇ
800 2505 832 2573 ἡ
863 2504 964 2573 τῆς
1016 2505 1223 2576 πλάνης
1273 2504 1582 2576 ὑπόσχεσις,
1637 2502 1801 2573 μηδὲν

222 2599 304 2657 εἰς
337 2593 496 2663 μέσον
528 2597 787 2664 φέρουσα,
815 2593 937 2646 οὑδὲ
967 2593 1036 2647 τά
1067 2594 1470 2665 ὑπισχνούμενοι
1497 2593 1799 2656 τελειοῦσα,

215 2684 339 2739 ἀλλ’
365 2684 397 2754 ἢ
433 2684 590 2754 μόνον
620 2683 848 2738 θάνατον
875 2685 1322 2757 ἀπεργαζομένη,
1366 2687 1434 2739 τὰ
1470 2686 1545 2756 μὴ
1571 2687 1698 2739 ὄντα
1727 2684 1802 2748 ὠς

215 2777 353 2829 ὅντα
383 2773 620 2828 καλοῦσα
641 2794 652 2806 ·
681 2774 776 2828 καὶ
817 2775 906 2828 διὰ
932 2777 1029 2846 τῆς
1061 2777 1303 2848 ὁράσεως
1334 2775 1425 2829 τοῦ
1463 2774 1616 2840 ξύλου
1669 2791 1803 2845 παρ-

219 2867 392 2937 ακοὴν
424 2866 785 2936 ἐργαζομένη,
814 2867 907 2919 καὶ
955 2866 1304 2938 ἀποστροφὴν
1348 2867 1444 2919 ἀπ’
1489 2867 1656 2937 αὑτῆς
1703 2868 1803 2937 τῆς

216 2959 502 3029 ἀληθείας,
537 2959 629 3012 καὶ
671 2958 766 3011 τοῦ
815 2957 909 3010 ἐπὶ
955 2957 1126 3011 πολλὰ
1172 2957 1492 3030 τρέπεσθαι.
1542 2958 1802 3029 Νομίζειν

217 3050 279 3103 δὲ
308 3050 458 3103 ἐσται
489 3052 647 3103 ὁποῖα
680 3051 709 3102 6
735 3048 991 3104 ἀπατεὼν
1021 3049 1262 3122 ἔσπειρε,
1297 3049 1471 3119 λέγων
1489 3064 1503 3078 ⁸
1543 3051 1803 3104 Ἕσεσθε

209 3141 304 3206 ὡς
331 3141 473 3195 θεοί.
513 3139 668 3194 Οῦτω
700 3140 796 3193 καὶ
823 3138 1030 3194 τούτων
1053 3140 1113 3193 τὸ
1143 3140 1395 3211 φρόνημα
1423 3140 1634 3210 κεπφού
1644 3156 1802 3211 μενον

215 3235 287 3302 τῇ
328 3231 420 3284 τοῦ
457 3231 858 3302 προειρημένου
904 3231 1071 3302 θηρὸς
1124 3231 1386 3302 ἐπάρσει·
1441 3225 1595 3304 ἐφ’ᾖ
1642 3230 1802 3300 φύσει

215 3323 388 3378 πάλιν
435 3323 524 3377 τὸν
571 3323 799 3377 θάνατον
832 3325 1143 3394 ἐργάζεται,
1173 3324 1248 3388 ὡς
1297 3324 1391 3378 καὶ
1435 3326 1694 3390 πολλάκις
1727 3321 1803 3378 εῖ-

215 3429 346 3466 ττον.
391 3413 612 3484 Πρῶτον
663 3413 761 3484 μὲν
789 3413 898 3484 γὰρ
923 3414 1082 3477 εὐθὺς
1128 3413 1440 3469 διασκοπεῖν
1471 3415 1563 3468 ἀπ’
1605 3414 1799 3478 αἰῶνος

213 3502 318 3554 καὶ
355 3500 514 3572 δεῦρο
533 3519 547 3534 ο
576 3501 679 3554 τίνι
706 3503 768 3555 ού
791 3501 960 3570 σαφές
986 3503 1152 3566 ἐστιν,
1181 3502 1261 3554 ὅτι
1286 3501 1553 3572 δαιμόνων
1599 3503 1715 3555 ἐστὶ
1741 3502 1802 3555 τὸ

207 3593 478 3662 δίδαγμα,
492 3595 586 3646 καὶ
602 3595 808 3664 σχῆμα,
839 3596 934 3648 καὶ
952 3593 1309 3665 ἠλλοιωμένον
1336 3594 1397 3647 τὸ
1434 3593 1769 3664 ἐπιχείρημα
1785 3609 1800 3658 ;

211 3681 345 3752 Θεῷ
379 3682 475 3752 μὲν
502 3684 596 3736 ἀπ’
627 3683 823 3747 αἰῶνος
865 3683 1118 3753 οὐδαμῶς
1160 3684 1297 3756 γυνὴ
1342 3683 1675 3755 ἱεράτευσεν,
1703 3683 1804 3735 οὑκ

213 3774 363 3844 αὑτὴ
399 3773 533 3838 Εὑα,
567 3775 744 3828 καίτοι
771 3791 835 3844 γε
866 3777 925 3828 ἐν
957 3776 1296 3847 παρεκϐάσει
1329 3776 1614 3848 γενομένη.
1664 3775 1802 3829 Ἀλλ’

211 3866 326 3918 οὑκ
364 3865 663 3936 ἐτόλμησεν
707 3865 786 3918 ἔτι
816 3866 1012 3929 ἀσεϐὲς
1039 3866 1281 3920 τοιοῦτον
1325 3867 1645 3920 ἀποτελέσαι
1681 3867 1803 3919 ἐπι-

213 3956 468 4026 χείρημα
487 3974 502 3986 ·
539 3957 599 4009 οὑ
640 3957 737 4027 μία
767 3957 876 4011 τῶν
907 3956 1114 4030 ταύτης
1148 3959 1460 4030 θυγατέρων
1479 3976 1492 3988 ·
1523 3957 1698 4012 καίτοι
1740 3973 1805 4026 γε

211 4047 320 4100 τοῦ
387 4048 548 4102 Ἀϐελ
607 4051 766 4113 εὐθὺς
830 4051 1289 4123 ἱερουργήσαντος
1343 4051 1496 4121 Θεῷ,
1564 4052 1658 4104 καὶ
1710 4050 1803 4103 τοῦ

213 4138 369 4192 Κάῖν
401 4138 660 4203 θύσαντος
686 4139 916 4194 ἐνώπιον
943 4141 1148 4212 Κυρίου
1178 4141 1389 4204 θυσίας,
1413 4141 1525 4195 ἀλλ’
1551 4141 1611 4194 οὑ
1638 4157 1804 4212 προσ-

203 4227 585 4296 δεδεγμένας·
631 4229 802 4300 Ἑνώχ
840 4246 900 4284 τε
941 4232 1423 4302 εὑαρεστήσαντος,
1453 4231 1548 4283 καὶ
1577 4247 1804 4301 μετατε-

207 4318 412 4382 θέντος
432 4335 446 4349 °
471 4320 594 4372 Νῶε
622 4319 679 4373 δέ
709 4320 1172 4390 προσενέγκαντος
1200 4321 1265 4373 ἐκ
1291 4319 1398 4372 τῶν
1431 4321 1529 4391 τῆς
1569 4317 1801 4372 κιϐωτοῦ

211 4409 682 4480 περισσευμάτων
731 4409 1179 4481 εὐχαριστηρίους
1223 4410 1538 4482 προσφοράς
1586 4409 1799 4481 Κυρίῳ,

206 4499 571 4571 εὐγνώμονος
625 4500 916 4565 διαθέσεως
987 4500 1429 4564 ὑποδεικνύοντος
1483 4501 1801 4571 τεκμήριον,

208 4592 617 4662 ὁμολογοῦντος
646 4593 744 4664 τὴν
774 4593 933 4665 χάριν
969 4593 1048 4664 τῷ
1083 4594 1366 4648 σεσωκότι.
1406 4593 1657 4664 Ἀϐραὰμ
1691 4594 1748 4647 δέ
1776 4594 1804 4645 6

1904 2150 2154 2204 animos,
2212 2150 2271 2196 ut
2321 2148 2763 2206 muliercularum
2816 2155 3046 2210 istarum
3101 2155 3476 2211 disturhemus

1904 2230 2217 2285 amentiam.
2250 2229 2398 2287 Nihil
2426 2238 2569 2291 enim
2605 2239 2659 2293 in
2703 2248 2818 2295 toto
2854 2242 2946 2296 illo
2989 2243 3241 2311 dogmate
3280 2253 3478 2314 praeter

1901 2319 2222 2376 muliebrem
2258 2325 2567 2392 opinionem
2612 2339 2716 2393 est,
2750 2346 2811 2385 ac
2843 2331 3084 2402 decepta:
3123 2349 3318 2390 rursus
3351 2336 3476 2392 Eva:

1902 2411 2187 2481 morbum;
2223 2415 2338 2471 sive
2374 2419 2555 2488 potius
2585 2424 2872 2493 serpentis,
2906 2425 3231 2482 incitatricis
3260 2429 3326 2483 ad
3362 2445 3478 2483 ma-

1902 2500 2013 2555 lum
2051 2503 2258 2567 bestiae,
2291 2515 2343 2561 et
2365 2523 2487 2565 cum
2522 2510 2638 2580 ipsa
2669 2513 2954 2568 collocuta:
2984 2517 3218 2570 mendax
3243 2518 3477 2586 promis-

1905 2595 2010 2659 sio,
2071 2613 2192 2664 quae
2240 2599 2373 2654 nihil
2405 2601 2560 2656 affert
2595 2603 2648 2658 in
2679 2605 2939 2670 medium,
2981 2622 3157 2677 neque
3203 2609 3476 2678 promissa

1902 2687 2142 2754 perlicit,
2195 2689 2291 2744 sed
2337 2699 2566 2746 mortem
2600 2701 2654 2748 et
2699 2695 2924 2750 exitium
2963 2698 3294 2764 consciscit,
3345 2698 3474 2754 dum

1903 2787 1966 2826 ea
2010 2791 2130 2843 qua:
2154 2791 2423 2847 nusquam
2453 2781 2584 2847 sint,
2620 2788 2878 2852 tanquam
2909 2799 3036 2838 vera
3066 2791 3119 2838 et
3157 2785 3478 2842 exsistentia

1905 2866 2173 2919 nominat.
2201 2865 2344 2932 Quin
2367 2876 2420 2923 et
2450 2868 2580 2924 illud
2612 2870 2792 2937 efﬁcit,
2829 2881 2888 2926 ut
2919 2889 2982 2928 ex
3012 2875 3226 2931 arboris
3256 2891 3490 2946 conspex

1903 2959 1993 3003 ctu
2026 2950 2080 3004 in
2112 2949 2280 3007 Deum
2311 2960 2662 3010 contumaces
2693 2956 2822 3023 sint,
2863 2967 2918 3012 et
2957 2971 2986 3010 a
3019 2959 3247 3015 veritate
3280 2960 3479 3014 abhor-

1899 3053 2088 3101 rentes
2115 3045 2182 3099 ad
2212 3046 2381 3100 multa
2412 3062 2474 3102 ac
2496 3047 2712 3104 diversa
2744 3049 3119 3105 traducantur.
3155 3050 3478 3119 Cujusmodi

1903 3151 2034 3191 vero
2065 3137 2269 3191 semina
2295 3137 2674 3193 fraudulentus
2709 3138 2799 3193 ille
2827 3137 3020 3208 jaciat,
3052 3155 3115 3193 ex
3149 3140 3269 3208 ejus
3301 3140 3480 3195 verbis

1903 3225 2206 3279 existimari
2241 3233 2420 3295 potest
2447 3245 2459 3281 :
2492 3225 2678 3291 Erilis,
2726 3227 2924 3296 inquit,
2956 3229 3092 3282 sicut
3130 3230 3208 3282 dii
3233 3229 3274 3289 ¹.
3301 3228 3480 3300 Atque

1904 3315 2092 3370 eodem
2127 3317 2286 3385 plane
2325 3316 2486 3371 modo
2525 3317 2714 3373 bestia:
2747 3319 2894 3374 illius
2942 3320 3254 3389 arrogantia
3315 3327 3480 3389 atque

1905 3407 2046 3461 fastu
2091 3409 2319 3464 istorum
2357 3409 2587 3480 spiritus
2625 3409 2948 3465 eﬁ‘eruntur.
2987 3411 3105 3478 Qua
3132 3411 3351 3481 quidem
3382 3427 3479 3466 su-

1903 3500 2090 3571 perbia
2131 3501 2372 3570 proprie,
2408 3508 2468 3555 ut
2507 3500 2764 3567 diximus,
2807 3511 3034 3558 mortem
3069 3503 3160 3556 illa
3194 3502 3475 3557 conciliat.

1901 3589 2038 3644 Nam
2065 3597 2125 3644 ut
2151 3591 2219 3644 ab
2242 3591 2482 3660 antiquis
2508 3591 2844 3662 temporibus
2873 3592 2941 3645 ad
2971 3593 3112 3646 hanc
3136 3608 3309 3662 usque
3331 3591 3478 3647 dietn

1904 3679 2089 3733 animo
2117 3686 2426 3747 repetamus
2453 3678 2636 3734 omnia
2657 3718 2672 3745 ,
2704 3681 2828 3750 quis
2852 3696 2960 3735 non
2994 3680 3135 3735 videt
3169 3681 3481 3735 daemonum

1909 3769 2124 3840 1059
2164 3770 2311 3824 illam
2341 3785 2466 3826 esse
2510 3769 2816 3824 doctrinam
2875 3786 2939 3824 ac
2984 3771 3246 3840 speciem,
3280 3777 3334 3826 et
3366 3770 3482 3826 dis-

1906 3869 2222 3931 crepantem
2270 3860 2338 3916 ab
2383 3869 2536 3916 recta
2585 3862 2800 3916 ratione
2847 3861 3143 3916 conatum?
3190 3859 3480 3932 Nunquam

1905 3952 2074 4017 enim,
2102 3966 2168 4006 ex
2207 3966 2316 4021 quo
2357 3951 2597 4006 mundus
2636 3951 2890 4006 conditus
2921 3960 3024 4014 est,
3062 3950 3372 4005 sacerdotio
3399 3957 3485 4004 est

1907 4043 2094 4098 functa
2128 4044 2343 4106 mulier,
2373 4057 2439 4098 ac
2456 4059 2521 4099 ne
2550 4042 2660 4097 Eva
2691 4043 2906 4112 quidem
2939 4044 3054 4111 ipsa
3082 4059 3094 4094 :
3119 4057 3260 4111 quae,
3295 4049 3487 4096 tamet-

1908 4135 1952 4190 si
1998 4135 2383 4205 gravissimum
2431 4134 2689 4189 delictum
2733 4134 3058 4195 admiserit,
3103 4139 3215 4185 tam
3257 4131 3483 4200 impium

1909 4226 2124 4281 facinus
2150 4232 2462 4296 perpetrare
2491 4240 2770 4296 nunquam
2803 4239 2934 4280 ausa
2978 4233 3081 4286 est,
3114 4223 3208 4278 sed
3239 4237 3341 4277 nec
3376 4223 3484 4276 ulla

1912 4320 2142 4373 ﬁliarum
2192 4318 2338 4372 illius
2386 4337 2400 4372 :
2451 4331 2762 4388 quanquam
2811 4325 2864 4370 et
2911 4314 3046 4370 Abel
3097 4312 3207 4369 Deo
3255 4312 3486 4369 subinde

1911 4425 2068 4466 sacra
2109 4409 2318 4472 fecerit,
2342 4416 2396 4464 et
2429 4407 2631 4463 Cainus
2689 4421 2873 4462 coram
2923 4405 3154 4458 Domino
3216 4403 3486 4460 sacriﬁcia

1911 4502 2136 4556 minime
2169 4509 2353 4556 tamen
2385 4501 2463 4554 illi
2525 4506 2678 4570 grata
2713 4499 3035 4563 celebrarit;
3073 4505 3132 4550 ut
3175 4505 3229 4551 et
3266 4496 3484 4562 Enoch,

1909 4594 2002 4664 qui
2036 4593 2141 4648 Deo
2171 4592 2392 4662 placuit,
2434 4601 2481 4647 el
2518 4592 2807 4646 translatus
2835 4601 2919 4645 est
2943 4591 2981 4642 ².
3016 4589 3129 4644 Noe
3146 4605 3275 4644 vero
3304 4589 3484 4655 exiis,

206 4680 437 4744 δίκαιος
473 4682 744 4752 ἱερουργεῖ
771 4683 913 4753 Θεῷ,
944 4685 1038 4736 καὶ
1073 4683 1401 4754 Μελχισεδὲκ
1438 4687 1466 4738 6
1495 4686 1672 4755 ἱερεὺς
1712 4687 1803 4738 τοῦ

1911 4702 2144 4757 quorum
2179 4686 2234 4740 in
2281 4700 2408 4740 arca
2437 4685 2588 4756 copia
2624 4683 2985 4748 redundabat,
3017 4683 3081 4738 ad
3113 4685 3349 4754 agendas
3373 4695 3490 4753 gra-

208 4770 368 4828 Θεοῦ
411 4772 504 4826 τοῦ
540 4774 784 4844 ὑψίστου,
815 4777 910 4828 καὶ
955 4775 1139 4829 Ἰσαὰκ
1183 4775 1302 4846 Θεῷ
1347 4777 1679 4848 εὑρίσκεται,
1715 4779 1810 4832 καὶ

229 4864 439 4918 Ἰακὼϐ
484 4866 624 4920 κατὰ
667 4865 900 4936 δύναμιν
939 4867 1312 4938 προσήνεγκεν
1355 4869 1448 4920 ἐπὶ
1492 4866 1586 4920 τοῦ
1635 4867 1809 4933 λίθου,

210 4958 342 5014 ἀπὸ
378 4958 472 5012 τοῦ
511 4958 686 5027 φακοῦ
725 4957 949 5028 ἐπιχέας
989 4958 1186 5012 ἔλαιον.
1221 4959 1288 5012 υἱ
1320 4958 1510 5011 τούτου
1555 4958 1613 5011 δὲ
1651 4961 1805 5024 υἱεῖς,

209 5048 366 5106 Aen?
419 5050 516 5121 μὲν
563 5049 879 5120 εὑρίσκεται
920 5048 1153 5120 καθεξῆς
1203 5049 1501 5120 ἱερωσύνην
1544 5051 1809 5104 ἀναδεδε-

208 5143 432 5214 γμένος
451 5161 464 5175 ·
484 5142 543 5208 ἐξ
559 5143 722 5196 αὑτοῦ
749 5142 808 5195 δὲ
837 5141 930 5195 τοῦ
952 5142 1142 5211 γένους
1161 5144 1210 5196 οἱ
1227 5145 1288 5197 τὸ
1321 5144 1592 5215 ἱερατικὸν
1623 5144 1810 5215 τάγμα

208 5233 683 5304 ἀναδεδεγμένον
730 5232 872 5304 φημὶ
917 5233 973 5286 δὲ
1024 5233 1266 5303 Μωῦσῆς
1308 5236 1338 5287 6
1385 5237 1670 5306 προφήτης
1717 5236 1812 5289 καὶ

213 5324 593 5396 ἱεροφάντωρ,
629 5323 840 5394 Ἀαρών
865 5340 923 5376 τε
947 5324 1042 5377 atati.
1071 5326 1119 5377 oi
1143 5325 1334 5378 τούτου
1367 5327 1576 5390 παῖδες,
1621 5327 1809 5380 Ἐλεά-

209 5418 340 5487 ζαρ
391 5431 450 5468 τε
478 5417 575 5470 καὶ
621 5414 827 5484 Φινεὲς,
871 5415 968 5469 καὶ
1011 5414 1237 5488 Ἰθάμαρ
1274 5418 1304 5470 6
1329 5417 1520 5472 τούτου
1567 5419 1810 5489 ἔγγονος.

1912 4777 2019 4833 tias
2069 4777 2266 4832 obtulit
2317 4775 2464 4841 Deo,
2521 4777 2772 4846 gratique
2819 4774 2983 4828 animi
3033 4772 3487 4845 signiﬁcationem

1912 4867 2081 4931 dedit,
2123 4882 2247 4922 cum
2292 4868 2345 4921 in
2390 4868 2563 4930 illum,
2606 4881 2637 4920 a
2677 4882 2786 4936 quo
2819 4875 3069 4921 servatus
3103 4873 3242 4930 erat,
3276 4868 3488 4919 memo-

1913 4976 2028 5016 rem
2073 4959 2319 5015 beneﬁcii
2364 4959 2607 5014 animum
2637 4965 2867 5014 testatus
2900 4964 3004 5013 est.
3051 4955 3187 5010 Nam
3221 4965 3275 5010 et
3312 4953 3489 5007 Abra-

1916 5053 2110 5108 hamus
2144 5053 2234 5108 ille
2279 5053 2461 5121 justus
2497 5050 2604 5105 Deo
2638 5048 2987 5105 sacriﬁcavit.
3027 5047 3164 5101 Tum
3206 5045 3491 5100 Melchise-

1917 5147 2086 5204 decus
2118 5145 2374 5203 sacerdos
2403 5144 2497 5200 Dei
2526 5143 2836 5207 altissimi’,
2865 5149 2919 5198 et
2964 5142 3203 5206 lsaaeus,
3245 5139 3338 5209 qui
3383 5138 3492 5193 Deo

1920 5239 2165 5310 placuit:
2216 5252 2429 5295 necnon
2463 5246 2518 5291 et
2543 5234 2800 5299 Iacobus,
2835 5242 3114 5303 utcunque
3130 5235 3307 5302 potuit
3334 5248 3490 5286 sacra

1920 5347 2085 5403 super
2112 5322 2343 5402 lapidem
2378 5328 2632 5392 oﬁ‘erens,
2672 5342 2702 5381 e
2731 5326 2988 5380 lenticula
3016 5326 3193 5380 oleum
3225 5323 3425 5376 infudit
3449 5326 3488 5376 ⁸.

1919 5421 2089 5494 Cujus
2124 5437 2155 5478 e
2194 5419 2380 5476 liberis
2423 5427 2610 5489 postea
2654 5415 2784 5472 Levi
2836 5415 3128 5472 sacerdotii
3172 5413 3489 5484 dignitatem

305 5571 325 5602 ί
361 5569 498 5625 Gen.
547 5585 605 5637 ιι,
643 5567 698 5625 6.
772 5571 794 5603 ’
823 5565 957 5625 Gen.
987 5569 1167 5636 v,22;
1196 5569 1363 5626 Eccli.
1389 5587 1538 5639 των,
1576 5571 1668 5631 16.
1739 5575 1803 5631 ³(

1910 5617 1924 5631 .
1950 5594 2060 5644 xw,
2094 5577 2180 5634 18.
2257 5576 2278 5608 ⁸
2307 5576 2442 5631 Gen.
2471 5590 2672 5641 xxvm,
2697 5573 2786 5628 18.

300 5708 420 5790 (19,)
435 5707 533 5761 Ἐν
567 5705 756 5790 ᾑμέρᾳ
781 5705 898 5760 τινὶ
929 5705 1176 5790 ξρανζερςῖο
1203 5701 1437 5781 Φανερὸς
1473 5710 1614 5768 idem
1672 5719 1757 5768 est

1910 5722 2114 5773 certus.
2167 5718 2284 5784 Qua
2335 5715 2388 5770 in
2439 5712 2841 5785 significatione
2882 5723 3024 5780 saepe
3075 5707 3130 5762 in
3189 5699 3488 5762 Chalcede-

204 5776 409 5838 nensi'
430 5777 663 5834 concilio
692 5778 942 5848 usurpari
975 5776 1135 5832 solet.
