3964 6398
567 314 672 370 745
1977 311 2036 368 S.
2072 308 2132 364 El

2151 307 2418 364 ’lPlIANll
3642 321 3716 378 ’Μ

564 437 806 494 obtinuit
835 454 849 490 :
882 448 914 489 a
938 449 1046 506 quo
1076 431 1335 504 deinceps
1366 430 1648 503 propagati
1680 441 1830 499 sunt,
1857 430 1948 502 qui
1989 447 2129 487 eum-

2173 437 2219 494 Α
2250 431 2360 485 Καὶ
2387 431 2439 482 τί
2458 447 2547 500 μοι
2572 428 2638 483 τά
2669 427 2846 500 πλήθη
2872 427 3052 498 λέγειν
3073 429 3183 484 τῶν
3212 431 3625 503 ἱερουργησάντων
3640 437 3723 508 θεῷ

566 527 688 583 dem
721 526 966 581 ordinem
1021 522 1364 595 gradumque
1408 532 1734 588 tenuerunt;
1775 522 1966 592 quales
2003 521 2131 577 [ueri

2253 526 2313 578 ἐν
2350 525 2564 593 Παλαιᾷ
2588 522 2865 595 Διαθήκῃς
2896 522 2970 585 ὡς
3019 523 3246 594 ’Δχιτὼὸ
3276 523 3553 594 εὑρίσκεται
3573 526 3723 599 ἱεροορς

567 616 796 688 Moyses,
827 613 1090 688 propheta
1121 613 1285 668 simul
1342 619 1395 666 et
1425 626 1708 666 sacrorum
1745 611 2004 676 antistes,
2039 617 2132 662 tun

2252 615 2387 684 γῶν,
2416 615 2471 667 οἵ
2501 631 2561 667 τε
2598 616 2829 685 Κορῖται
2875 615 2970 667 καὶ
2998 615 3048 667 οἱ
3079 615 3418 686 Γερσωνῖται,
3446 618 3529 670 καὶ
3550 619 3729 690 Μεραρῖ-

564 709 766 771 Aaron,
811 713 866 760 et
908 703 1146 759 Aaronis
1187 702 1306 768 ﬁlii,
1351 701 1598 765 Eleazar,
1639 699 1895 767 Phinees,
1925 708 1979 755 et
2005 700 2129 753 Itha

2252 723 2340 758 ται
2369 706 2468 776 τὴν
2495 704 2788 776 Λευῖτικὴν
2833 707 3253 776 πεπιστευμένοι
3282 706 3442 772 τάξιν.
3485 709 3543 761 '0
3561 726 3607 762 τε
3629 707 3730 774 οἶκος

565 812 684 851 mar
714 795 879 866 hujus
922 811 1114 865 nepos.
1153 792 1295 860 Quid
1332 803 1514 846 autem
1547 807 1642 846 eos
1686 806 1878 846 omnes
1917 805 2130 846 comme

2265 795 2416 848 Ἠλεὶ
2440 794 2533 848 καὶ
2561 795 2611 846 οἱ
2641 795 2758 864 μετ’
2786 792 2948 846 αὐτὸν
2981 795 3029 847 οξ
3057 793 3162 847 ἀπὸ
3191 794 3285 863 τῆς
3311 797 3593 864 συγγενείας
3617 799 3732 852 αὐτοῦ

566 901 784 942 morare
814 902 1045 942 necesse
1073 895 1182 949 est,
1219 885 1311 954 qui
1345 885 1398 938 in
1428 883 1628 938 Vetere
1660 882 2012 937 Testamento
2042 881 2131 937 Det

2252 886 2312 938 ἐν
2355 885 2434 956 τῷ
2476 885 2610 956 οίκῳ
2667 885 2976 956 Ἀϐιμέλεχ,
3027 886 3121 938 καὶ
3161 884 3438 958 Ἀϐιάθαρ,
3467 887 3662 951 Χελκίας
3694 906 3733 942 τι

571 978 917 1035 sacriﬁcasse
956 977 1248 1049 leguntur?
1283 974 1750 1042 Quemadmodum
1775 973 2008 1028 Achitob
2071 974 2136 1027 ini

2251 975 2347 1027 καὶ
2392 972 2604 1038 Βουζεὶ,
2655 972 2783 1042 ἄχρι
2829 972 3003 1043 Ἰησοῦ
3054 971 3148 1024 τοῦ
3195 973 3378 1043 ἱερέως
3413 971 3497 1025 τοῦ
3544 973 3734 1042 μεγάλοι,

565 1077 647 1122 ter
679 1077 906 1122 caeteros
931 1109 946 1133 ,
993 1073 1108 1120 tum
1143 1065 1361 1128 Caritas,
1403 1062 1723 1128 Gersonitaz,
1769 1069 1822 1117 et
1861 1060 2130 1116 Meraritae

2255 1066 2460 1137 Ἔσδρα
2487 1082 2545 1118 τε
2576 1063 2669 1118 τοῦ
2697 1064 2909 1135 ἱερέως,
2941 1064 3038 1117 καὶ
3080 1063 3188 1118 τῶν
3215 1063 3400 1118 ἄλλων.
3451 1065 3545 1116 Καὶ
3566 1063 3736 1134 οὐδαμοῦ

564 1159 656 1228 qui
704 1173 770 1212 ex
813 1156 1124 1212 Levitarum
1177 1155 1371 1209 ordine
1415 1153 1655 1208 ﬁlerunt.
1685 1152 1766 1206 Ad
1801 1154 1917 1207 haec
1954 1152 2129 1207 domu:

1196 1155 1371 1209 )rdine
1415 1153 1655 1208 fuerunt.
1685 1152 1766 1206 Ad
1801 1154 1917 1207 haec
1954 1152 2153 1209 domus
2251 1155 2390 1224 γυνὴ
2426 1153 2761 1225 ἱεράτευσεν.

567 1247 714 1310 Eli‘,
745 1251 974 1316 ejusque
1012 1258 1382 1305 successores.
1421 1243 1513 1313 qui
1545 1257 1610 1296 ex
1646 1242 1819 1310 ipsius
1885 1239 2214 1312 cognatione
2251 1243 2306 1296 in
2354 1243 2518 1299 domo
2583 1243 2893 1300 Abimelecb
2941 1253 2995 1299 et
3037 1243 3302 1300 Abiathar
3341 1245 3654 1304 exstiterunt.
3689 1246 3740 1298 uti

564 1341 852 1404 Clielcias,
890 1355 952 1394 ac
983 1339 1151 1402 Buzi,
1189 1353 1362 1407 usque
1409 1338 1476 1392 ad
1515 1335 1704 1393 Jesum
1747 1351 2007 1408 magnum
2053 1337 2422 1406 sacerdotem,
2453 1345 2506 1394 et
2532 1337 2762 1396 Esdram
2827 1338 3188 1406 sacerdotem,
3252 1349 3358 1396 etc.
3413 1338 3515 1396 Nec
3566 1353 3743 1410 unquam

566 1434 762 1488 mulier
806 1431 1115 1488 sacerdotio
1145 1429 1332 1484 functa
1365 1429 1584 1500 legitur.

631 1527 720 1582 Ill.
761 1526 938 1596 Atque
960 1533 1016 1579 ut
1039 1524 1108 1579 ad
1131 1522 1343 1579 Novum
1365 1522 1776 1579 Testamentum
1795 1522 2147 1587 accedamus,

2326 1521 2402 1575 I".
2435 1519 2760 1592 Ἐλεύσομαι
2789 1519 2847 1574 δὲ
2879 1521 2974 1574 καὶ
3000 1521 3080 1585 εἱς
3112 1520 3208 1593 τὴν
3225 1523 3430 1594 Καινὴν
3445 1524 3745 1598 Διαθήκην.Εἰ

564 1617 609 1672 si
644 1616 1011 1672 sacerdotium
1044 1614 1371 1671 mulieribus
1399 1614 1718 1669 mandatum
1750 1613 1911 1681 foret,
1943 1626 2035 1668 aut
2057 1615 2129 1668 ea

2256 1611 2555 1684 ἱερατεύειν
2589 1616 2846 1680 γυναῖκες
2899 1612 3017 1684 Θεῷ
3043 1614 3487 1684 προσετάσσοντο,
3530 1616 3560 1687 ἢ
3591 1635 3744 1671 κανονι-

563 1709 823 1766 nonicum
852 1707 1112 1778 quiddam
1139 1716 1403 1778 praestare
1432 1708 1488 1762 in
1520 1705 1768 1763 Ecclesia
1799 1708 2006 1774 liceret,
2031 1708 2128 1763 nul

2180 1744 2223 1799 Β
2253 1704 2347 1757 κόν
2381 1720 2434 1756 τι
2474 1703 2802 1774 ἐργάζεσθαι
2835 1704 2891 1757 ἐν
2929 1704 3241 1776 Ἐκκλησία,
3277 1705 3382 1759 ἔδει
3413 1707 3592 1778 μῶλον
3622 1709 3739 1780 αὐτὴν

564 1799 602 1853 li
644 1799 830 1870 potius
869 1813 1035 1868 quam
1080 1797 1264 1852 Maria:
1311 1797 1446 1852 illud
1505 1797 1561 1852 in
1604 1796 1759 1853 Novo
1793 1797 2129 1855 Testamentt

2181 1793 2219 1799 ’⁷
2255 1793 2354 1865 τὴν
2385 1795 2602 1865 Μαρίαν
2634 1795 2908 1865 ἱερατείαν
2935 1796 3245 1848 ἐπιτελέσαι
3276 1798 3334 1849 ἐν
3357 1799 3521 1870 Καινῇ
3547 1799 3746 1870 Δωθὴκῃ·

564 1889 834 1944 committi
896 1887 1200 1944 sacerdotis
1255 1887 1496 1942 ofﬁcium
1543 1885 1763 1955 debuit;
1820 1889 1911 1943 cui
1960 1895 2129 1946 tantus

2253 1885 2352 1954 τὴν
2375 1884 2800 1948 καταξιωθεῖσαν
2825 1886 2883 1938 ἐν
2913 1885 3133 1949 κόλποις
3169 1886 3323 1950 ἱδίοις
3353 1889 3672 1954 ὐποδέξασθαι
3690 1892 3750 1943 τὸν

565 1981 744 2035 honor
777 1993 863 2036 est
901 1980 1144 2042 habitus,
1183 1987 1240 2034 ut
1278 1979 1485 2050 gremio
1524 1979 1756 2050 sinuque
1796 1995 1898 2036 suo
1963 1997 2130 2052 regem

2254 1975 2606 2046 παμϐασιλέα
2643 1975 2776 2029 Θεὸν
2809 1976 3166 2048 ἐπουράνιον,
3196 1978 3325 2033 Υἱὸν
3365 1979 3456 2032 τοῦ
3485 1979 3604 2035 Θεοῦ
3626 1999 3636 2012 ·
3656 1976 3749 2053 ἦςή

566 2073 839 2136 omnium,
880 2086 945 2125 ac
974 2071 1253 2126 caelestem
1289 2069 1483 2136 Deum,
1527 2069 1734 2142 Deique
1763 2069 1962 2126 Filium
1992 2075 2131 2128 cxci'

2257 2067 2460 2138 μήτρα,
2487 2066 2615 2130 ναὸς
2643 2065 2910 2138 γενομένη
2941 2068 3036 2120 καὶ
3060 2071 3494 2143 κατοικητήριον,
3514 2074 3583 2135 εἱς
3597 2072 3752 2143 τοῦ

567 2168 718 2233 peret
743 2181 755 2215 :
780 2161 939 2232 cujus
962 2161 1322 2226 utcrus,velut
1341 2161 1625 2230 templum,
1649 2177 1711 2216 ac
1731 2162 2065 2219 domicilium
2078 2166 2132 2220 ad

2254 2156 2459 2228 Κυρίου
2521 2156 2784 2228 ἔνσαρκον
2839 2160 3150 2230 οἰκονομίαν
3213 2162 3358 2216 κατὰ
3423 2164 3754 2238 φιλανθρωπίαν

564 2254 734 2308 divini
759 2251 923 2308 Verbi
952 2253 1385 2308 incarnationem
1412 2254 1679 2324 singulari
1701 2263 1787 2310 cst
1813 2257 2129 2326 benignitatt

2252 2246 2386 2300 Θεοῦ
2435 2247 2529 2308 καὶ
2578 2246 2883 2318 ἔκπληκτον
2955 2252 3253 2323 μυστήριον
3311 2255 3614 2327 ήτοιμάσθη.
3653 2256 3755 2308 Ἀλλ’

565 2346 662 2402 Dei
696 2360 896 2418 magno
956 2359 1019 2400 ac
1053 2345 1325 2416 stupendo
1355 2346 1614 2416 mysterio
1653 2355 2010 2418 praeparatus.
2050 2347 2130 2404 Ve

2250 2338 2352 2393 οὐκ
2393 2339 2702 2410 εὐδόκησεν.
2761 2340 2901 2394 Ἀλλ’
2938 2342 3060 2396 οὐδὲ
3101 2343 3386 2416 βάπτισμα
3427 2347 3758 2402 διδόναι

565 2451 687 2490 ι·ιιιιι
715 2435 874 2506 longe
910 2433 1022 2491 Deo
1057 2435 1215 2491 aliter
1255 2443 1341 2491 est
1371 2437 1546 2492 visum
1570 2479 1586 2502 ,
1626 2453 1689 2492 ac
1723 2455 1792 2494 ne
1832 2441 2130 2511 baptizand

2254 2446 2507 2482 στευταιο
2557 2431 2679 2484 ἐπεὶ
2705 2431 2938 2502 ἠδύνατο
2958 2434 2986 2486 ὁ
3021 2435 3257 2506 Χριστὸς
3285 2437 3486 2508 μᾶλλον
3519 2442 3632 2508 παρ’
3660 2440 3757 2510 αὐτῇ

565 2528 788 2597 quidem
819 2535 1064 2597 potestas
1091 2537 1176 2583 est
1210 2527 1287 2582 illi
1322 2527 1463 2583 facta
1493 2569 1509 2595 ,
1535 2530 1749 2601 1060
1787 2547 1909 2586 cum
1941 2534 2121 2604 alioqu

2253 2519 2619 2591 βαπτισθῆναι
2668 2523 2812 2594 ἥπερ
2852 2524 3004 2596 παρὰ
3054 2527 3323 2595 Ἰωάννου.
3371 2529 3524 2584 Ἀλλὰ
3568 2532 3760 2600 Ἰωάννης

567 2619 705 2689 tingi
737 2618 807 2672 ab
845 2618 938 2672 illa
970 2617 1224 2674 Christus
1264 2619 1446 2690 potius
1478 2635 1642 2690 quam
1699 2623 1767 2676 ab
1804 2621 2014 2680 Joanne
2049 2641 2132 2696 po-

2254 2611 2354 2682 μὲν
2383 2616 2512 2678 παῖς
2537 2615 2806 2686 Ζαχαρίου
2845 2617 2903 2669 ἐν
2929 2619 2996 2688 τῇ
3030 2617 3223 2690 ἐρήμῳ
3247 2619 3513 2677 διετέλεσε
3541 2623 3761 2694 βάπτισμα

564 2709 778 2764 tuisset.
815 2709 1011 2763 Verum
1046 2708 1286 2766 Joannes
1335 2709 1613 2766 Zachariae
1643 2712 1807 2783 ﬁlius,
1838 2725 1963 2785 post
2001 2732 2129 2772 comi

2251 2706 2502 2774 ἀφέσεως
2528 2707 2814 2779 ἁμαρτιῶν
2858 2713 3291 2782 πεπιστευμένος
3309 2730 3323 2744 ⁸
3354 2715 3384 2768 ὁ
3415 2717 3472 2770 δὲ
3501 2717 3666 2769 τούτου
3696 2733 3762 2768 πα-

566 2801 800 2856 missum
849 2801 954 2856 sibi
1013 2801 1326 2871 baptizandi
1376 2819 1612 2867 munus,
1669 2806 1738 2860 ad
1789 2819 2131 2877 peccatorum

2250 2795 2353 2867 τὴρ
2395 2797 2516 2868 Θεῷ
2567 2797 2882 2871 ἱεράτευσε,
2932 2801 3024 2854 καὶ
3069 2804 3135 2874 τῇ
3180 2802 3303 2876 ὥρᾳ
3345 2805 3441 2859 τοῦ
3490 2807 3761 2878 θυμιάματος

567 2891 1224 2968 οριιιιοιιιιιὶοιιθιιι,νὶιιιιιι
1257 2893 1314 2948 in
1346 2893 1642 2950 solitudine
1679 2897 1959 2954 traduxit:
1987 2902 2132 2970 cujus

2250 2890 2515 2943 ὀπτασίαν
2549 2886 2677 2944 εἶδε.
2711 2891 2918 2964 Πέτρος
2966 2910 3026 2947 τε
3077 2895 3178 2949 καὶ
3211 2897 3500 2969 Ἀνδρέας,
3536 2899 3762 2966 Ἰάκωϐος,

566 2991 722 3053 pater
751 2981 1118 3037 sacerdotium
1151 2983 1341 3052 gessit,
1376 2991 1429 3038 et
1458 2985 1560 3039 sub
1590 2985 1781 3040 horam
1823 2989 2034 3047 sumtus
2062 2993 2131 3046 vi-

2253 2981 2346 3033 καὶ
2389 2981 2662 3054 Ἰωάννης.
2689 2983 2952 3050 Φίλιππος
2973 3024 2988 3050 ,
3017 2987 3111 3040 καὶ
3139 2987 3570 3062 Βαρθολομαῖος,
3595 2992 3761 3062 Θωμᾶς.

566 3088 689 3129 sum
714 3073 843 3128 huic
864 3073 1103 3127 oblatum
1125 3075 1255 3128 est”.
1285 3074 1413 3130 Post
1433 3075 1547 3130 haec
1567 3076 1778 3143 Petrus,
1804 3089 1858 3135 et
1877 3081 2131 3142 Andreas,

2199 3100 2215 3158 Ξ
2250 3074 2526 3140 Θαδδαῖος,
2560 3076 2652 3128 και
2685 3076 2940 3142 Ἰάκωϐος
2975 3078 3246 3148 Ἁλφαίου,
3277 3083 3379 3136 καὶ
3417 3084 3602 3149 Ἰούδας
3629 3083 3764 3138 Ἰακώ-

564 3164 821 3231 .‘acobus,
868 3173 923 3220 et
971 3163 1229 3233 Joannes,
1281 3167 1563 3238 I’ltilippus
1597 3177 1652 3223 et
1696 3168 2124 3232 Bartholomzcus

2253 3166 2369 3234 ϐου,
2395 3167 2490 3221 καὶ
2518 3168 2703 3240 Σίμων
2732 3171 2761 3224 ὁ
2783 3171 3110 3238 Καναναῖος,
3141 3174 3236 3227 καὶ
3261 3174 3516 3242 Ματθίας
3534 3179 3559 3230 ὁ
3585 3179 3654 3238 είς
3677 3177 3763 3246 τλῆ

570 3249 830 3320 Thomas,
855 3254 1183 3320 Thaddaeus,
1208 3265 1261 3311 et
1290 3255 1529 3313 Jacobus
1555 3259 1783 3331 Alphaei,
1804 3270 1858 3317 et
1875 3262 2135 3322 JudasJa-

2252 3271 2419 3325 ρωσιν
2449 3255 2559 3309 τῶν
2602 3256 2809 3311 δώδεκα
2847 3259 3264 3335 ἐκλελεγμένος·
3306 3259 3453 3320 οὗτοι
3492 3265 3672 3329 πάντες
3712 3264 3773 3331 ἐξ·

568 3347 713 3414 cobi,
734 3355 790 3403 et
824 3346 1011 3401 Simon
1031 3347 1351 3413 Cananaaus,
1367 3359 1422 3404 et
1454 3350 1706 3409 Matthias
1725 3355 1792 3410 ad
1815 3359 2133 3428 supplendo:

2248 3345 2514 3416 ελέγησαν
2543 3347 2848 3414 ἀπόστολοι,
2877 3351 2970 3404 καὶ
2997 3350 3138 3406 κατὰ
3163 3352 3259 3425 τὴν
3285 3355 3393 3425 γῆν
3424 3357 3765 3430 ἱερουργοῦντες

565 3438 850 3494 duodecim
872 3437 1197 3506 suﬂ'ectus’;
1227 3440 1326 3506 illi,
1359 3441 1602 3512 inquam,
1621 3457 1810 3501 omnes
1833 3455 1888 3502 et
1915 3449 2130 3518 apostol

2247 3435 2309 3489 τὸ
2361 3437 2696 3506 Εὐαγγὲλιον
2730 3441 2850 3512 ἅμα
2878 3441 3075 3513 Παύλῳ
3114 3443 3208 3497 καὶ
3242 3445 3536 3520 Βαρνάϐα,
3581 3449 3663 3502 καὶ
3694 3447 3766 3499 λοι·

563 3531 758 3586 delecti
790 3539 943 3596 sunt,
986 3546 1052 3587 ac
1083 3539 1198 3587 toto
1226 3541 1497 3588 terrarum
1529 3534 1664 3592 orbe
1710 3551 1926 3594 sacram
1973 3539 2127 3596 Evan

2246 3529 2389 3594 ποῖς,
2414 3528 2508 3581 καὶ
2543 3531 2858 3602 μυστηρίων
2890 3533 3190 3605 ἀρχηγέται
3221 3537 3320 3591 σὺν
3353 3538 3589 3610 Ἰακώϐῳ
3609 3535 3765 3606 ἁδελφᾷ

563 3624 686 3692 gelii
735 3621 1072 3678 iunctionem
1112 3623 1570 3681 administrarunt
1598 3627 1645 3692 ⁸,
1696 3643 1821 3683 cum
1870 3629 2042 3686 Paulo
2092 3645 2128 3689 Ol

2246 3619 2339 3706 τοῦ
2367 3621 2596 3692 Κυρίου,
2628 3625 2722 3677 καὶ
2757 3625 2958 3698 πρώτῳ
2988 3629 3272 3702 ἐπισκόπῳ
3311 3632 3705 3706 Ἱεροσολύμων·
3732 3629 3767 3694 ἒξ

563 3709 833 3778 Barnaba,
883 3728 948 3768 ac
1001 3715 1260 3769 caeteris:
1321 3714 1598 3786 iidemque
1637 3720 2021 3788 mysteriorum
2055 3737 2128 3779 att

2244 3704 2414 3784 οὗπερ
2443 3713 2747 3769 ἐπισκόπου
2785 3719 2879 3771 καὶ
2913 3719 3022 3772 τῶν
3059 3704 3480 3794 προειρημένων
3517 3704 3766 3780 ἀποστόλων

561 3811 746 3858 ctores
803 3813 968 3874 atque
998 3805 1314 3864 conditores
1361 3805 1602 3873 fuerunt,
1635 3824 1744 3863 una
1773 3825 1898 3866 cum
1937 3810 2126 3871 Jacobi

2244 3804 2659 3876 κατεστάθησαν
2684 3807 2929 3878 διαδοχαὶ
2957 3811 3272 3867 ἐπισκόπων
3297 3817 3398 3869 καὶ
3437 3815 3766 3887 πρεσϐυτέρων

563 3891 781 3948 Domini
833 3892 1025 3959 fratre,
1074 3896 1252 3964 primo
1291 3895 1798 3968 Hierosolymorum
1839 3903 2128 3973 episcopo,

2242 3893 2303 3948 ἐν
2324 3895 2460 3966 οἴκῳ
2484 3895 2643 3950 Θεοῦ.
2675 3897 2786 3950 Καὶ
2809 3898 3046 3970 οὐδαμοῦ
3075 3901 3210 3973 γυνὴ
3241 3904 3299 3957 ἐν
3323 3905 3539 3971 τούτοις
3561 3906 3767 3960 κατεστὰ-

563 3997 591 4036 a
622 3997 735 4053 quo
766 3991 826 4037 ut
852 3993 906 4038 et
938 3984 1009 4038 ab
1039 3985 1184 4048 aliis,
1223 3999 1360 4054 quos
1388 3989 1822 4057 numeravimus,
1855 3993 2128 4061 apostolis,

2243 3984 2332 4056 θη.
2406 3982 2588 4042 Ἦσαν
2649 3988 2707 4042 δὲ
2747 4031 2763 4057 ,
2814 3991 2980 4062 φησι,
3045 3993 3310 4066 τέσσαρες
3365 3996 3651 4071 θυγατέρες
3711 3997 3769 4049 Ψι-

559 4075 943 4144 episcoporum
998 4089 1063 4128 ac
1100 4077 1548 4147 presbyterorum
1591 4081 1976 4140 successiones
2013 4099 2124 4141 sum

2242 4078 2428 4152 λίππῳ
2497 4080 2575 4152 τῷ
2637 4083 2993 4156 εὐαγγελιστῇ
3067 4089 3550 4161 προφητεύουσαι,
3589 4092 3645 4145 οὐ
3693 4090 3769 4160 μὴν

559 4167 614 4220 in
647 4165 808 4219 domo
840 4165 934 4220 Dei
976 4167 1309 4222 constitutae.
1346 4167 1457 4224 Nec
1487 4169 1630 4225 inter
1662 4171 1786 4229 illos
1815 4181 1996 4230 tamen
2028 4192 2124 4232 mu'

2243 4172 2646 4245 ἱερουργοῦσαι.
2691 4175 2801 4230 Καὶ
2846 4170 2914 4246 ἦν
2947 4177 3116 4230 ’Ἅννα
3141 4180 3415 4251 προφῆτις
3453 4181 3769 4254 θυγάτηρῢα-

558 4255 661 4310 lier
695 4255 806 4309 ulla
835 4264 1088 4325 cooptata
1132 4257 1352 4328 legitur.
1398 4257 1569 4314 Erant
1606 4262 1850 4332 quidem,
1890 4274 1952 4320 ut
1985 4265 2123 4322 Scri-

2239 4263 2435 4334 νουὴλ,
2466 4264 2582 4318 ἀλλ’
2619 4265 2718 4336 οὐχ
2751 4267 3022 4338 ἱερατείαν
3052 4272 3491 4345 πεπιστευμένη.
3527 4275 3661 4327 Ἔδει
3689 4270 3766 4341 γὰρ

557 4352 958 4418 ριιιπιοιιοινιοι,
993 4343 1243 4418 Philippo
1271 4351 1618 4420 evangelista:
1654 4351 1778 4408 ﬁlia:
1815 4368 1873 4409 tv
1907 4357 2122 4426 proplte'

2239 4354 2581 4427 πληροῦσθαι
2607 4357 2695 4425 τὸ,
2716 4360 3254 4428 Προφητεύσουσιν
3282 4367 3338 4418 οι
3366 4343 3490 4419 υἱοὶ
3511 4363 3680 4435 ὑμῶν,
3700 4359 3769 4415 καί

557 4435 726 4498 tissae,
766 4449 878 4489 non
921 4444 1102 4491 tamen
1134 4439 1447 4495 sacerdotes
1482 4441 1523 4495 '.
1564 4439 1826 4498 Similiter
1877 4453 1934 4500 et
1976 4447 2122 4503 Anna

2203 4467 2213 4511 ι
2239 4449 2299 4501 αι
2321 4448 2640 4517 θυγατέρες
2663 4447 2831 4520 ὑμῶν
2863 4451 3174 4520 ἐνυπνίοις
3200 4454 3768 4525 ἐνυπνιασθήσονται,

555 4525 903 4595 prophetissa
923 4526 1024 4580 fuit
1039 4525 1332 4584 Phanuelis
1351 4529 1460 4584 ﬁlia
1475 4531 1518 4596 °,
1546 4547 1656 4587 non
1679 4541 1860 4589 tamen
1887 4537 2120 4592 sacerdo

2241 4541 2342 4596 καὶ
2395 4544 2451 4595 οἱ
2469 4543 2782 4598 νεανίσκοι
2804 4543 2974 4614 ὑμῶν
3000 4545 3244 4615 ὁράσεις
3272 4548 3550 4617 ὄψονται.
3591 4549 3687 4604 Καὶ
3711 4548 3771 4600 ὅτι

555 4616 633 4669 tio
668 4615 912 4685 praedita.
953 4616 1164 4688 Quippe
1197 4619 1408 4689 impleri
1447 4623 1594 4677 istud
1638 4626 1949 4694 oportebat,
1989 4642 2120 4698 quat

2321 4649 2342 4683 ν
2373 4633 2726 4688 διακονισσῶν
2758 4635 2870 4706 (15)
2917 4636 3102 4706 τάγμα
3141 4638 3290 4692 ἐστὶν
3315 4615 3416 4703 -εἱς
3459 4641 3557 4710 τὴν
3592 4638 3773 4704 Ἐκκλη-

553 4718 638 4763 est
657 4709 952 4778 scriptum:
974 4709 1370 4778 Prophetabunt
1397 4714 1499 4783 lilii
1522 4718 1702 4784 vestri,
1727 4727 1777 4771 et
1793 4718 1924 4787 ﬁlia:
1949 4730 2118 4776 vestra

2240 4723 2382 4788 σίαν,
2416 4723 2534 4776 ἀλλ’
2567 4725 2689 4796 οὐχὶ
2727 4726 2806 4790 εἱς
2829 4725 2891 4778 τὸ
2927 4727 3250 4797 ἱερατεύειν,
3284 4729 3408 4783 οὐδέ
3438 4747 3491 4784 τι
3514 4709 3797 4800 ἐπιχειρεῖν·

553 4800 763 4852 somnia
811 4802 1187 4869 somniabunt,
1230 4814 1280 4858 et
1321 4804 1674 4863 adolescentes
1720 4812 1880 4865 vestri
1911 4813 2118 4868 visionet

2321 4813 2573 4882 ιτρέπειν,
2598 4813 2784 4868 ἕνεκεν
2805 4815 2863 4869 δὲ
2891 4817 3220 4889 σεμνότητος
3250 4819 3346 4872 τοῦ
3378 4821 3678 4889 γυναικείου
3705 4815 3772 4886 γέ·

555 4888 817 4946 tn'debunt.
853 4891 1176 4965 Quanquam
1211 4911 1341 4952 vero
1374 4897 1811 4955 diaconissarum
1843 4901 1899 4956 in
1939 4902 2120 4962 Eccle-

2239 4921 2384 4971 νους,
2415 4904 2448 4975 ἢ
2488 4905 2555 4958 δι’
2585 4905 2735 4976 ὥραν
2763 4907 3009 4979 λουτροῦ,
3061 4909 3096 4980 ἢ
3115 4888 3484 4982 ἐπισκέψεως
3512 4910 3721 4973 πάθους,
3746 4905 3768 4974 ἢ

555 4980 637 5035 sia
667 4983 803 5038 ordo
836 4985 932 5052 sit,
968 5002 1079 5042 non
1109 4995 1292 5046 tamen
1325 4989 1393 5044 ad
1433 4994 1729 5048 sacerdotii
1766 4995 2120 5064 iunctionem,

2321 5012 2420 5061 von,
2456 4997 2550 5049 καὶ
2572 4996 2661 5050 ὅτε
2689 4998 3002 5070 γυμνωθείη
3035 4999 3193 5072 σῶμα
3215 4980 3462 5070 γυναίου,
3493 5004 3578 5058 ἵνα
3605 5003 3671 5073 μὴ
3695 4996 3772 5052 ὑπὸ

555 5079 650 5126 aut
705 5073 870 5128 ullam
920 5076 1190 5147 ejusmodi
1236 5082 1772 5140 administrationem
1839 5087 2120 5146 institutus

2321 5085 2442 5156 ἱρῶν
2479 5087 2902 5160 ἱερουργούντων
2936 5089 3157 5162 θεαθείη
3177 5132 3190 5157 ,
3218 5093 3335 5147 ἀλλ’
3362 5094 3474 5148 ὑπὸ
3507 5093 3604 5165 τῆς
3627 5093 3770 5146 διακο-

553 5170 675 5228 est,
724 5161 818 5217 sed
858 5171 919 5218 ut
959 5169 1247 5226 muliebris
1282 5187 1448 5228 sexus
1477 5172 1750 5230 honestati
1781 5177 2118 5246 consulatur,

2321 5193 2452 5248 ισης,
2476 5177 2545 5233 ἅτ
2575 5180 2936 5252 ἐπιτάσσηται
2957 5182 3062 5236 ὑπὸ
3085 5161 3182 5238 τοῦ
3218 5184 3409 5256 ἱερέως
3435 5161 3772 5258 ἐπιμελεῖσθαι

554 5254 668 5309 sive
700 5261 760 5308 ut
791 5254 1048 5325 baptismi
1076 5265 1320 5331 tempore
1353 5263 1519 5328 adsit,
1555 5265 1671 5320 sive
1701 5275 1760 5320 ut
1795 5266 2053 5338 inspiciat
2079 5271 2119 5327 si

2232 5269 2368 5341 πρὸς
2402 5269 2500 5342 τὴν
2526 5270 2678 5342 ὥραν
2715 5273 2813 5343 τῆς
2840 5273 3198 5347 ἐπιδεομένης
3221 5254 3482 5344 γυναικὸς
3506 5254 3563 5331 ἐν
3589 5279 3649 5347 τῇ
3671 5271 3768 5342 ,ὥρᾳ

552 5346 682 5418 quid
714 5363 874 5418 passa
899 5348 990 5416 sit,
1025 5360 1118 5404 aut
1150 5353 1411 5410 molestiae
1442 5359 1750 5427 pertulerit,
1784 5361 1898 5416 sive
1917 5371 1976 5415 ut
2003 5377 2117 5417 cum

2233 5363 2334 5432 τῆς
2367 5363 2461 5416 τοῦ
2504 5363 2755 5435 σώματος
2797 5364 2966 5435 αὐτῆς
3003 5346 3363 5437 γυμνώσεως,
3394 5369 3492 5422 τοῦ
3534 5346 3769 5437 τάγματος

552 5440 870 5496 nudandum
924 5450 1009 5497 est
1061 5444 1308 5501 mulieris
1359 5463 1596 5519 corpus,
1649 5451 2022 5508 interveniat:
2058 5469 2117 5509 ne

2234 5457 2334 5526 τῆς
2367 5455 2640 5522 εὐταξίας,
2670 5458 2764 5512 καὶ
2799 5458 3257 5531 ἐκκλησιαπικῆς
3282 5462 3544 5534 εὐνομίας
3582 5463 3765 5522 ἐπιστη-

622 5591 640 5622 ¹
671 5594 692 5643 l
723 5594 853 5666 Reg.
881 5611 920 5661 ι,
942 5597 994 5650 5.
1071 5598 1090 5629 '
1123 5596 1255 5653 Luc.
1295 5615 1332 5667 ι,
1355 5601 1387 5654 5
1414 5617 1536 5672 sqq.
1616 5603 1637 5634 ³
1659 5604 1782 5659 Act.
1813 5619 1853 5670 ι,
1877 5605 1967 5661 26.
2046 5606 2068 5639 ⁸
2098 5606 2187 5663 Ro:

2198 5623 2258 5662 ιι.
2292 5625 2381 5671 xv,
2422 5610 2508 5665 l6.
2589 5611 2612 5642 ⁵
2635 5612 2758 5668 Act.
2799 5630 2913 5680 XXI,
2947 5615 3000 5672 9.
3079 5615 3099 5648 °
3126 5615 3259 5672 Luc.
3289 5631 3348 5685 ιι,
3373 5614 3469 5682 36.
3545 5616 3565 5648 ⁷
3593 5605 3763 5678 Ἐλιά-

630 5701 734 5768 ιίῦ)
767 5705 875 5761 Kal
909 5706 997 5762 ὅτι
1026 5709 1138 5766 uer
1166 5711 1598 5771 διακονισσῶν.
1635 5717 1709 5775 De
1740 5718 2064 5777 diaconissis
2094 5723 2147 5777 in
2190 5731 2195 5775 1

1178 5711 1598 5771 Staxowao'ér.
1635 5717 1709 5775 De
1740 5718 2064 5777 diaconissis
2094 5723 2147 5777 in
2190 5721 2294 5778 ﬁne
2326 5724 2507 5793 operis
2535 5733 2743 5794 agetur.
