3964 6422
227 391 326 446 743i
816 383 1183 442 ADVERSUS
1222 383 1568 441 IIASRESES
1609 382 1735 440 LIB.
1784 383 1811 437 IT

1919 382 2081 440 TOM.
2127 383 2189 439 Il.
2227 415 2295 426 —-
2334 383 2607 442 IIIERES.
2655 386 2887 444 LXXIX.
3387 385 3490 440 ’ἵιὸ

229 505 395 576 μόνως
428 505 489 557 ἐν
517 502 700 575 μέτρῳ
743 502 966 565 κανόνος
1007 500 1214 572 σφόδρα
1241 496 1676 570 ἠσφαλισμένης.
1711 495 1800 546 Διὸ

1919 496 2168 563 virorum,
2187 499 2282 569 qui
2303 501 2477 556 sacris
2500 511 2824 572 operantur,
2849 500 3093 573 aspectui
3126 501 3199 557 sit
3220 503 3492 571 exposila,

224 599 341 652 οὔτε
385 595 670 666 ἐπιτρέπει
704 593 732 646 ὁ
761 593 906 656 θεῖος
942 593 1098 660 λόγος
1165 591 1391 659 γυναικὶ
1437 590 1494 642 ἐν
1537 585 1806 655 ἐκκλησίᾳ.

1919 585 2002 640 sed
2057 601 2087 640 a
2133 589 2250 644 sola
2297 589 2609 647 diaconissa
2674 593 2956 656 videatur;
3012 608 3134 664 qua:
3187 591 3492 648 sacerdotis

226 689 418 757 λαλεῖν,
448 687 571 743 οὔτε
597 687 876 741 αὐθεντεῖν
911 686 1125 756 ἀνδρός.
1169 685 1280 739 Καὶ
1315 681 1485 737 πολλὰ
1515 681 1633 734 ἔστι
1679 678 1808 746 περὶ

1919 676 2172 732 mandato
2205 679 2450 736 mulieris
2493 696 2682 737 curam
2716 683 2878 754 gerit,
2923 699 3032 754 quo
3059 691 3305 754 tempore
3329 689 3496 736 vcsti-

227 782 407 836 τούτου
439 780 644 848 λέγειν.

1919 765 2014 821 bus
2041 768 2281 832 exuitur.
2309 769 2428 836 Qua
2458 772 2510 826 iu
2541 789 2598 827 re
2619 789 2742 828 cum
2763 773 2978 830 ordinis
3010 773 3158 829 illius
3187 771 3495 838 modestix,

227 885 336 931 tum
381 873 772 930 ecclesiastica:
819 872 1127 943 disciplina:
1165 871 1460 943 prudenter
1504 865 1798 921 admodum
1873 874 1938 913 ex
1984 861 2228 920 Canouis
2304 869 2626 940 praescripto
2669 877 2755 925 est
2813 885 2878 924 ac
2924 870 3110 939 regula
3155 869 3518 926 consultum-

226 968 509 1038 Propterea
588 981 659 1022 ne
709 966 857 1036 loqui
906 965 1127 1036 quidem
1167 966 1222 1019 in
1261 963 1496 1019 ecclesia
1537 955 1753 1016 mulieri
1796 954 1811 983 ’
1841 989 1858 1017 ,
1900 962 1994 1007 aut
2039 957 2092 1011 in
2143 958 2291 1016 viros
2343 963 2730 1019 auctoritatem
2795 964 2998 1020 habere
3051 980 3223 1018 saera:
3274 962 3493 1018 Littera:

225 1062 558 1134 permittunt.
609 1060 717 1115 Sed
768 1060 837 1116 de
881 1059 985 1115 hac
1039 1067 1151 1115 tota
1206 1075 1266 1114 re
1315 1059 1471 1128 plura
1527 1047 1803 1124 diSputari
1848 1058 2101 1117 possunt.

290 1159 357 1211 Δ’.
399 1151 824 1228 Παρατηρητέον
851 1153 930 1216 δὲ,
959 1154 1041 1207 ὅτι
1074 1152 1204 1223 άχρι
1233 1148 1592 1206 διακονισσῶν
1648 1145 1807 1216 μόνον

222 1248 284 1303 τι
316 1244 766 1318 ἐκκλησιαστικὸν
801 1243 1068 1314 ἐπεδεήθη
1123 1241 1342 1312 τάγμα,
1377 1240 1555 1311 χήρας
1583 1253 1642 1290 τε
1673 1234 1808 1290 ὠνό-

227 1355 383 1408 μασε,
430 1337 528 1391 καὶ
565 1336 774 1390 τούτων
804 1333 904 1398 τὰς
948 1333 1028 1388 ἔτι
1069 1329 1374 1405 γραοτέρας
1410 1327 1805 1401 πρεσϐύτιδας,

221 1428 451 1500 οὐδαμοῦ
496 1429 552 1482 δέ
602 1427 1067 1500 πρεσϐυτερίδας,
1116 1426 1150 1496 ἢ
1201 1424 1446 1494 ίερίσσας
1479 1419 1801 1493 προσέταξε.

225 1524 332 1577 Kal.
375 1522 486 1593 γὰρ
526 1520 651 1575 οὔτε
680 1521 922 1576 διάκονοι
965 1519 1024 1571 ἐν
1063 1519 1129 1589 τῇ
1178 1515 1609 1585 ἐκκλησιαστικῇ
1656 1511 1807 1578 τάξει

221 1613 618 1685 ἐπιστεύθησάν
658 1627 711 1666 τι
760 1612 1056 1683 μυστήριον
1108 1609 1403 1669 ἐπιτελεῖν,
1451 1604 1592 1660 ἀλλὰ
1641 1603 1804 1674 μόνον

219 1708 484 1762 διακονεῖν
518 1707 585 1758 τά
631 1701 1045 1772 ἐπιτελούμενα.
1093 1699 1266 1754 Πόθεν
1304 1698 1362 1752 δέ
1395 1696 1558 1751 πάλιν
1603 1696 1734 1766 ήμῖν
1777 1694 1807 1745 ὀ

1976 1141 2062 1196 IV.
2106 1145 2242 1201 Illud
2273 1164 2402 1204 vero
2427 1149 2720 1222 diligenter
2745 1153 3152 1209 observandum
3176 1161 3282 1216 est,
3315 1152 3491 1207 solum

1903 1231 2340 1293 diaeonissarum
2382 1241 2618 1297 oﬁicium
2651 1244 2719 1298 ad
2763 1225 3200 1301 ecclesiasticum
3245 1244 3492 1300 ordinem

1907 1327 2282 1385 necessarium
2323 1330 2527 1398 fuisse;
2563 1346 2627 1388 ac
2655 1333 2850 1390 viduas
2895 1335 3116 1406 quidem
3166 1335 3493 1391 nominatim

1905 1431 2220 1487 expressas,
2254 1429 2308 1477 et
2339 1423 2483 1480 inter
2514 1426 2657 1491 illas,
2694 1442 2816 1497 qua:
2860 1442 2999 1483 anus
3036 1435 3245 1492 essent,
3282 1427 3492 1498 103],

1910 1510 2256 1582 presbytidas
2302 1522 2545 1581 vocatas,
2599 1533 2878 1588 nunquam
2931 1518 3344 1589 presbyteridas
3399 1528 3497 1573 aut

1909 1602 2311 1660 sacerdotissas
2341 1620 2465 1662 esse
2494 1606 2692 1664 factas.
2731 1608 2868 1664 Nam
2899 1625 3076 1680 neque
3105 1611 3355 1666 diaconis
3381 1611 3498 1682 qui-

1909 1693 2030 1750 dem
2063 1695 2200 1766 ipsis
2238 1697 2409 1754 ullum
2439 1698 2495 1755 in
2525 1701 2902 1758 ecclesiastico
2942 1703 3137 1759 ordine
3174 1719 3495 1759 sacramen-

221 1797 404 1860 καινὸς
438 1795 606 1867 μῦθος
643 1787 802 1857 οὗτος
832 1794 1167 1865 ἐγήγερται;
1206 1790 1377 1844 Πόθεν
1406 1787 1683 1860 γυναικῶν
1710 1785 1806 1841 ti}-

1919 1795 2026 1843 lum
2057 1788 2323 1859 perﬁcere
2357 1792 2704 1858 conceditur,
2734 1795 2829 1850 sed
2860 1795 2964 1851 hoc
2991 1796 3280 1864 duntaxat,
3314 1805 3376 1852 ut
3403 1813 3498 1853 eo-

218 1906 350 1959 φος,
400 1889 494 1943 καὶ
543 1888 710 1959 μανία
744 1887 1167 1955 γυναικωνῖτις;
1204 1884 1376 1938 Πόθεν
1421 1883 1732 1955 τρεφομένη
1765 1882 1800 1951 ἡ

217 1982 386 2038 κακία
418 1981 505 2036 διὰ
536 1982 636 2054 τῆς
669 1982 832 2036 πάλιν
863 1980 1072 2052 θήλεος,
1119 1981 1251 2051 ἡμῖν
1278 1977 1338 2031 τὺ
1375 1977 1510 2049 θῆλυ
1543 1978 1643 2048 τῆς
1671 1976 1802 2030 ὑπο-

217 2075 368 2139 νοίας
421 2077 534 2141 τοῖς
603 2075 954 2148 φρονήμασιν
1009 2072 1344 2144 ἐπιχέουσα,
1410 2071 1473 2125 τὸ
1537 2070 1803 2140 σφέτερον

216 2166 547 2239 ἡδυπαθείας
578 2166 920 2238 ἐργαζομένη
944 2207 959 2232 ,
1003 2165 1113 2220 ἀπὺ
1160 2163 1254 2218 τοῦ
1300 2161 1662 2235 προκειμένου
1699 2161 1804 2228 ἐξω

219 2260 424 2331 βαίνειν
453 2259 554 2332 τὴν
582 2258 842 2316 τάλαιναν
868 2257 978 2315 τῶν
1005 2257 1104 2312 άνθ
1113 2255 1312 2329 ρώπων
1344 2256 1506 2327 φύσιν
1535 2257 1806 2326 ἐπιχειρεῖ

216 2352 585 2423 ἀναγκάζεινς
627 2351 788 2406 Ἀλλὰ
830 2351 937 2424 μὴν
970 2349 1067 2404 τοῦ
1109 2349 1229 2404 Ἰὼϐ
1273 2347 1554 2420 δεξώμεθα
1585 2348 1647 2402 τὸ
1679 2347 1808 2419 φρό-

216 2464 365 2518 νημα
401 2446 462 2500 τὸ
494 2446 715 2518 στερεὸν
740 2445 835 2499 τοῦ
864 2444 1120 2517 ἀθλητοῦ,
1152 2441 1570 2514 ἐξοπλισώμεθα
1596 2442 1694 2514 τὴν
1723 2443 1806 2496 δι-

215 2539 383 2594 καίαν
411 2539 702 2611 ἀπόκρισιν
737 2540 831 2592 ἐπὶ
863 2541 976 2602 τοῖς
1008 2538 1245 2610 χείλεσιν
1295 2536 1677 2598 ἀναλαϐόντες.
1715 2535 1800 2589 Ei-

213 2648 412 2701 πωμεν
447 2631 544 2684 καὶ
587 2630 776 2684 αὐτοί·
806 2631 1038 2701 ’Ὥσπερ
1071 2632 1182 2702 μία
1228 2631 1348 2684 τῶν
1379 2630 1662 2701 ἀφρόνων
1705 2645 1811 2701 τυ·

214 2723 446 2779 ναικῶν
473 2721 810 2793 ἐλάλησας.

291 2901 462 2957 Πόθεν
491 2902 601 2974 γὰρ
631 2902 730 2957 οὐκ
763 2903 1132 2976 ἐμϐρόντητον
1160 2902 1220 2955 τὸ
1245 2902 1482 2957 τοιοῦτον
1511 2902 1813 2974 φανήσεται

217 2997 388 3053 παντὶ
433 2996 512 3068 τῷ
557 2997 776 3051 σύνεσιν
825 2994 1022 3066 ἔχοντι,
1056 2997 1151 3050 καὶ
1195 2997 1254 3048 ἐν
1297 2994 1418 3065 Θεῷ
1453 2993 1813 3065 κεκτημένῳ;

1904 1895 2026 1934 rum
2058 1895 2180 1950 qua‘:
2205 1881 2584 1952 perﬁciuntur,
2615 1885 2856 1943 ministri
2899 1886 3030 1942 sint.
3072 1887 3354 1944 Uudenam
3397 1890 3496 1960 igi-

1905 1979 1996 2026 tur
2024 1988 2218 2031 recens
2250 1975 2342 2029 illa
2383 1977 2545 2033 nobis
2579 1989 2663 2033 est
2689 1979 2925 2034 excitata
2970 1979 3187 2036 fabula?
3221 1981 3378 2036 Unde
3409 1982 3498 2036 hie

1907 2064 2205 2121 mulierum
2235 2065 2434 2132 fastus,
2471 2069 2555 2125 vel
2583 2070 2870 2128 muliebris
2899 2073 3080 2142 potius
3113 2071 3307 2128 furor?
3345 2073 3499 2129 Unde

1906 2167 2038 2208 vero
2065 2155 2309 2223 nequitia
2337 2156 2449 2220 illa,
2477 2174 2643 2228 quam
2669 2159 2852 2216 denuo
2874 2164 3072 2218 mulier
3094 2163 3192 2218 alit
3236 2180 3301 2219 ac
3328 2163 3496 2229 fovet,

1905 2246 2283 2303 eﬁ'eminatum
2320 2247 2465 2303 istud
2503 2249 2700 2322 dogma
2743 2252 2944 2308 animis
2993 2253 3276 2309 hominum
3319 2257 3500 2312 iustil.

1908 2337 2052 2403 lans,
2090 2352 2155 2392 ac
2184 2337 2465 2393 libidinem
2497 2354 2652 2395 suam
2679 2355 3012 2411 exsequens,
3046 2341 3250 2398 infelici
3279 2347 3498 2416 generis

1910 2428 2138 2484 humani
2174 2437 2386 2485 natura:
2421 2429 2530 2485 vim
2570 2431 2775 2488 inferre
2819 2442 3086 2498 conatur,
3131 2443 3189 2490 ut
3231 2451 3261 2490 a
3297 2453 3499 2508 prapo-

1912 2522 2019 2576 sito
2071 2537 2239 2594 scapo
2292 2522 2594 2578 desciscat?
2649 2524 2755 2581 Sed
2797 2542 2898 2582 nos
2939 2526 3061 2584 Jobi
3105 2529 3331 2600 spiritus
3376 2531 3499 2587 illos

1914 2614 2099 2670 animo
2126 2617 2430 2687 capiamus,
2453 2623 2509 2673 et
2539 2618 2755 2674 athleta:
2783 2619 3070 2676 fortissimi
3132 2623 3327 2680 robore
3349 2626 3502 2680 velut

1916 2707 2084 2764 armis
2121 2708 2433 2775 induamur,
2467 2725 2531 2765 ac
2574 2725 2844 2782 responso
2880 2713 3027 2770 illius
3072 2723 3330 2772 utamur:
3359 2718 3502 2772 Tan—

1915 2817 2075 2871 quam
2113 2818 2220 2856 una
2257 2818 2286 2856 e
2309 2802 2520 2859 stolidis
2554 2805 2864 2861 ntulieribus
2887 2806 3068 2862 locuta
3092 2825 3146 2864 es
3170 2813 3215 2865 ².

1989 2893 2202 2950 Etenim
2249 2912 2433 2953 nonne
2481 2896 2750 2954 furiosum
2785 2898 2915 2956 ἰηιιά
2967 2915 3033 2956 ac
3072 2902 3341 2958 vecordia:
3391 2906 3505 2975 p'e-

1920 3001 2051 3041 num
2086 2985 2283 3057 dogma
2317 2987 2592 3044 videbitur
2627 2990 2696 3045 iis
2725 2989 2818 3061 qui
2855 2991 3122 3048 divinitus
3159 3003 3383 3066 accepta
3419 3013 3510 3052 sa-

217 3088 394 3142 Πόθεν
423 3088 525 3142 οὐκ
552 3085 893 3142 είδωλοποιὺν
919 3087 980 3140 τὸ
1002 3086 1361 3158 ἐπιτήδευμα,
1391 3086 1485 3140 καὶ
1527 3086 1590 3139 τὸ
1632 3086 1811 3156 ἐγχεί-

1923 3079 2124 3149 pientia
2166 3081 2375 3149 prauliti
2413 3083 2581 3137 sunt?
2622 3082 2814 3139 Nonne
2861 3084 3172 3142 institutqu
3214 3088 3346 3143 illud
3377 3105 3505 3145 eum

221 3197 376 3251 ρημα
410 3179 748 3243 διαϐολικόν;
777 3179 1056 3249 Προφάσει
1106 3178 1216 3251 γὰρ
1255 3179 1464 3233 δικαίου
1495 3179 1583 3232 ἀεὶ
1623 3179 1811 3232 ὑπεισ-

213 3271 392 3326 δύνων
419 3271 518 3343 τήν
544 3270 778 3334 διάνοιαν
807 3273 837 3324 ὁ
889 3270 1135 3336 διάϐολος
1179 3269 1289 3324 τῶν
1336 3267 1662 3341 ἀνθρώπων,
1715 3268 1813 3340 τὴν

215 3361 424 3436 θνητήν
463 3362 626 3433 φύσιν
682 3361 945 3418 θεοποιῶν
994 3363 1076 3426 εἰς
1129 3361 1440 3433 ὀφθαλμοὺς
1485 3359 1811 3432 ἀνθρώπων,

214 3454 572 3529 ἀνδροείκελα
601 3455 893 3526 ἀγάλματα
918 3454 1006 3508 διὰ
1049 3453 1322 3517 ποικιλίας
1360 3452 1566 3524 τεχνῶν
1592 3452 1813 3524 διέγρα-

210 3547 312 3617 ψε.
365 3548 478 3603 Καὶ
521 3546 816 3620 τεθνήκασι
873 3547 973 3618 μὲν
1024 3549 1075 3601 οι
1119 3545 1603 3618 προσκυνούμενοι,
1637 3545 1706 3599 τὰ
1755 3546 1816 3600 δέ

211 3639 427 3694 τούτων
463 3639 757 3713 ἀγάλματα
803 3641 1072 3713 μηδέποτε
1108 3625 1353 3710 ζήσαντα
1411 3638 1555 3709 (οὕτε
1589 3639 1698 3711 γὰρ
1725 3656 1814 3692 νε-

212 3730 336 3804 κρὰ
364 3731 587 3786 δύναται
615 3731 868 3802 γενέσθαι
905 3730 975 3785 τὰ
1013 3730 1286 3802 μηδέποτε
1337 3730 1599 3802 ζήσαντα)
1645 3747 1814 3801 προσ-

213 3822 436 3896 κυνητὰ
479 3823 872 3895 παρεισάγουσι
898 3863 913 3885 .
974 3822 1066 3877 διὰ
1133 3823 1499 3894 μοιχευσάσης
1554 3822 1814 3888 διανοίας,

213 3917 336 3970 ἀπὸ
384 3917 478 3970 τοῦ
535 3916 651 3980 ἐνὸς
698 3917 794 3970 καὶ
850 3915 1011 3987 μόνου
1043 3916 1226 3980 ,Θεοῦ’
1277 3916 1354 3982 ὡς
1401 3919 1434 3988 ή
1502 3917 1817 3982 πολύκοινος

211 4006 399 4078 πόρνη
435 4008 526 4061 ἐπὶ
563 4007 762 4078 πολλὴν
800 4007 1030 4061 ἀτοπίαν
1084 4007 1410 4079 πολυμιξίας
1451 4009 1813 4080 ἐρεθισθεῖσα,

212 4097 320 4150 καὶ
360 4097 422 4150 τὸ
469 4097 684 4170 σῶφρον
723 4098 1146 4171 ἀποτριψαμένη
1192 4097 1292 4168 τῆς
1341 4099 1435 4153 τοῦ
1473 4100 1591 4164 ἐνὸς
1623 4101 1818 4174 ἀνδρὸς

210 4187 500 4258 εὐνομίας.
530 4189 637 4241 Ναὶ
668 4188 775 4260 μὴν
820 4190 975 4257 ἅγιον
1003 4185 1071 4260 ἦν
1102 4189 1166 4243 τὸ
1216 4190 1377 4262 σῶμα
1427 4192 1527 4264 τῆς
1568 4193 1814 4266 Μαρίας

207 4282 282 4333 οὐ
318 4281 425 4351 μὴν
470 4282 613 4344 θεός.
649 4282 756 4336 Ναὶ
795 4281 863 4353 δὴ
899 4282 1168 4354 παρθένος
1211 4278 1280 4354 ἦν
1320 4285 1354 4354 ή
1405 4263 1684 4356 Παρθένος
1723 4286 1817 4340 καὶ

207 4371 586 4444 τετιμημένη,
618 4372 734 4426 ἀλλ’
763 4373 864 4427 οὐκ
897 4375 978 4436 είς
1016 4373 1390 4446 προσκύνησιν
1418 4377 1551 4447 ἡμῖν
1578 4375 1812 4442 δοθεῖσα,

1918 3173 2224 3227 idololatria
2305 3175 2702 3244 eonjunetum,
2772 3190 2837 3231 ac
2900 3177 3209 3235 diabolicus
3275 3191 3508 3237 conatus

1915 3268 2319 3325 existimandus
2352 3266 2634 3323 est?Nam
2684 3268 2935 3325 diabolus
2975 3271 3080 3326 sub
3107 3270 3340 3340 justitiae
3379 3289 3506 3344 spe-

1916 3361 2002 3415 cie
2025 3368 2290 3431 perpetuo
2319 3360 2603 3414 hominum
2638 3360 2918 3416 mentibus
2943 3363 3233 3434 obrepens,
3264 3378 3329 3420 ac
3359 3380 3508 3419 mor-

1918 3452 2080 3506 talem
2117 3458 2372 3506 naturam
2421 3449 2625 3507 divinis
2661 3452 2965 3508 honoribus
3012 3468 3372 3522 eousecrans,
3402 3457 3508 3512 hu-

1916 3558 2110 3599 manas
2135 3543 2339 3615 eﬁigies
2369 3542 2726 3600 artiﬁciorum
2759 3545 3025 3602 varietate
3073 3547 3372 3618 perpolitas
3404 3550 3505 3603 ho-

1919 3638 2126 3694 minum
2179 3637 2357 3694 oculis
2405 3637 2629 3708 obiecit.
2683 3637 2866 3705 Quare
2931 3653 3057 3694 cum
3111 3638 3191 3695 illi
3236 3639 3363 3711 ipsi,
3412 3642 3505 3712 qui

1918 3730 2242 3795 adorantur,
2279 3730 2477 3784 mortui
2529 3729 2662 3796 sint,
2702 3746 2892 3788 eorum
2945 3740 3128 3787 tamen
3189 3734 3506 3797 simulacra,

1919 3839 2041 3896 quae
2086 3825 2212 3878 vitro
2268 3822 2404 3880 nihil
2462 3838 2706 3896 unquam
2757 3823 3069 3881 habuerunt
3111 3825 3315 3896 (neque
3363 3828 3509 3883 enim

1919 3924 2136 3972 mortua
2169 3915 2279 3972 dici
2311 3923 2545 3988 possunt
2583 3917 2694 3982 illa,
2739 3932 2862 3988 qua:
2905 3931 3188 3990 nunquam
3224 3918 3335 3974 vita
3377 3936 3514 3990 prae-

1919 4010 2036 4065 dita
2078 4009 2343 4086 fuerunt),
2360 4010 2639 4067 adoranda
2689 4019 3024 4082 pr0ponunt,
3065 4013 3148 4068 sic
3193 4021 3253 4068 ut
3292 4015 3512 4070 animus

1919 4102 2206 4157 hominum
2263 4104 2334 4159 ab
2388 4119 2499 4160 uno
2556 4103 2784 4174 soloque
2846 4105 2957 4161 Deo
3010 4104 3222 4160 nefario
3264 4106 3507 4176 quodam

1920 4195 2196 4253 adulterio
2247 4197 2564 4254 desciscat:
2595 4197 2742 4253 velut
2794 4199 3078 4263 meretrix,
3111 4215 3232 4270 quae
3278 4214 3513 4269 corpore

1919 4304 2024 4347 suo
2053 4298 2322 4362 qmestum
2363 4290 2572 4346 Iacieus
2626 4289 3022 4360 multiplicibus
3050 4292 3382 4361 promiscuae
3416 4306 3511 4344 ve-

1921 4384 2072 4440 neris
2104 4382 2345 4438 stimulis
2374 4381 2586 4455 agitur,
2628 4391 2684 4436 et
2713 4382 2876 4438 unius
2921 4392 2993 4436 'ac
3040 4382 3265 4453 legitimi
3317 4382 3513 4439 matri-

210 4465 365 4520 ὰλλὰ
395 4465 775 4535 προσκυνοῦσα
819 4464 912 4519 τὸν
956 4465 1018 4530 ἐξ
1068 4465 1240 4538 αὐτῆς
1267 4467 1436 4539 σαρκὶ⁹
1479 4470 1811 4540 γεγεννημέ-

1925 4476 2094 4532 monii
2149 4475 2460 4531 castitatem
2506 4474 2775 4546 repudiat.
2841 4473 3103 4530 Sanctum
3155 4483 3274 4531 erat
3329 4474 3515 4530 Mariae

211 4575 336 4621 νον,
364 4557 473 4611 ἀπὸ
499 4557 744 4628 οὐρανῶν
772 4558 830 4612 δέ
858 4559 924 4612 ἐκ
947 4558 1164 4613 κόλπων
1198 4558 1469 4632 πατρῴων
1507 4563 1816 4633 παραγενό-

213 4666 410 4722 μενον.
445 4651 555 4704 Καὶ
593 4650 682 4704 διὰ
714 4651 874 4705 τοῦτο
913 4651 974 4704 τὸ
1016 4652 1350 4722 Εὐαγτέλιον
1380 4654 1814 4724 ἐπασφαλίζεται

206 4745 394 4815 ἡμᾶς,
442 4742 622 4813 λέγον,
668 4742 836 4798 αὐτοῦ
891 4743 986 4798 τοῦ
1037 4745 1243 4817 Κυρίου
1292 4748 1586 4819 φήσαντος,
1620 4750 1704 4803 ὅτι
1753 4751 1818 4806 Τί

201 4835 354 4905 ἐμοὶ
382 4835 496 4890 καὶ
537 4835 659 4901 σοι,
691 4837 898 4906 rural;
929 4837 1106 4891 Οὔπω
1134 4837 1270 4906 ἥκει
1296 4840 1334 4908 ἠ
1371 4839 1494 4909 ὥρα
1519 4860 1660 4911 μου.
1695 4844 1818 4899 ἰνα

205 4929 336 4985 ἀπὸ
359 4927 476 4995 τοῦ,
502 4929 714 4996 Γύναι,
741 4929 802 4984 τί
831 4928 962 4999 ἐμοὶ
1001 4929 1101 4984 καὶ
1151 4932 1254 4985 σοί
1272 4947 1293 4996 ;
1346 4933 1420 5005 μή
1463 4949 1613 4998 τινες
1659 4935 1816 5006 νομί-

211 5039 364 5076 σωσι
412 5025 800 5095 περισσότερον
848 5018 990 5076 εἶναι
1025 5023 1125 5096 τήν
1175 5024 1338 5094 ἁγίαν
1389 5028 1683 5100 Παρθένον,
1717 5049 1817 5097 γυά

205 5116 390 5167 ναῖκα
436 5113 642 5184 ταύτην
686 5112 977 5185 κέκληκεν,
1007 5112 1085 5177 ὡς
1129 5116 1512 5186 προφητεύων,
1538 5119 1650 5172 τῶν
1689 5122 1819 5191 μελ-

204 5204 430 5259 λόντων
460 5204 681 5260 ἔσεσθαι
710 5203 802 5258 ἐπὶ
833 5205 932 5276 τῆς
958 5204 1063 5276 γῆς
1093 5207 1410 5277 σχισμάτων
1445 5226 1505 5262 τε
1544 5210 1640 5266 καὶ
1668 5212 1821 5284 αἱρέ-

206 5314 368 5350 σεων
396 5298 592 5369 χάριν·
631 5299 718 5352 ἵνα
767 5299 845 5369 μή
901 5314 1067 5360 τινες,
1105 5299 1379 5373 ὑπερϐολῇ
1436 5301 1819 5373 θαυμάσαντες

200 5389 323 5459 τὴν
373 5389 557 5458 ἁγίαν,
604 5391 686 5454 είς
734 5390 891 5446 τοῦτο
932 5391 1248 5447 ύποπέσωσι
1293 5393 1394 5464 τῆς
1435 5395 1704 5467 αἱρέσεως
1759 5398 1820 5453 τὺ

1922 4583 2146 4642 corpus,
2172 4570 2386 4626 fateor:
2416 4583 2524 4625 non
2560 4575 2741 4624 tamen
2785 4568 2922 4625 deus
2953 4567 3042 4622 illa
3077 4567 3197 4624 fuit.
3233 4568 3431 4624 Eadem
3458 4578 3517 4624 et

1923 4666 2078 4735 virgo
2123 4663 2368 4729 exstitit,
2437 4661 2667 4717 minime
2703 4668 2885 4716 tamen
2940 4661 3103 4718 nobis
3161 4662 3227 4716 ad
3277 4663 3515 4718 adoran-

1923 4758 2054 4814 dum
2086 4757 2384 4830 proposita,
2418 4755 2513 4813 sed
2547 4771 2673 4811 eum
2705 4754 2947 4812 adorans
2978 4755 3180 4826 ipsum.
3202 4755 3294 4825 qui
3345 4769 3377 4811 e
3415 4768 3518 4811 sua

1925 4867 2090 4908 carne
2115 4852 2352 4925 genitus,
2385 4865 2418 4907 e
2451 4850 2592 4906 coelo
2618 4864 2683 4905 ac
2715 4856 2947 4921 paterno
2979 4849 3104 4904 sinu
3126 4848 3515 4905 descenderat.

1927 4944 2107 5010 Quare
2134 4952 2386 4999 sanctum
2416 4955 2636 5013 quoque
2670 4955 2771 4996 nos
2804 4939 3156 5009 Evangelium
3185 4939 3519 5010 praemunire

1927 5039 2121 5101 voluit.
2161 5039 2213 5092 in
2243 5053 2354 5108 quo
2387 5037 2462 5090 ita
2486 5036 2741 5092 Christus
2793 5033 3034 5103 loquitur
3071 5050 3084 5086 :
3124 5031 3268 5099 Quid
3301 5031 3431 5087 mihi
3467 5041 3520 5087 et

1929 5127 2045 5192 tibi,
2091 5127 2321 5183 mulier?
2375 5125 2625 5182 Nondum
2671 5124 2806 5180 venit
2865 5125 2998 5178 hora
3050 5142 3165 5179 mea
3201 5124 3243 5177 ³.
3286 5122 3388 5180 Ubi
3435 5124 3519 5179 id-

1927 5220 2078 5276 circo
2127 5220 2411 5275 mulierem
2463 5217 2798 5289 appellavit:
2833 5217 2974 5283 Quid
3030 5218 3180 5283 mihi,
3233 5217 3434 5288 inquit,
3465 5224 3517 5270 et

1928 5311 2044 5378 tibi,
2074 5312 2302 5368 mulier?
2328 5327 2395 5367 ne
2422 5311 2547 5382 quis
2575 5309 2638 5366 B.
2671 5308 2952 5382 Virginem
2986 5307 3392 5367 excellentioris
3424 5308 3520 5360 ali-

1929 5407 2089 5475 cujus
2118 5419 2243 5462 esse
2290 5413 2504 5460 natura:
2548 5403 2816 5472 crederet,
2851 5420 3026 5475 eoque
3059 5403 3327 5458 vocabulo
3357 5400 3518 5471 quasi

199 5482 598 5556 ληρολόγημα-
1930 5497 2236 5553 vaticinans
2287 5498 2352 5552 ad
2386 5513 2448 5554 ea
2481 5497 2783 5554 schismata
2811 5498 3157 5566 haeresl‘sque
3195 5492 3516 5549 refutandas

200 5595 365 5635 usus
396 5590 503 5646 est,
538 5599 677 5653 quas
720 5586 774 5640 in
816 5585 950 5641 orbe
1000 5593 1271 5642 terrarum
1325 5589 1454 5643 olim
1532 5591 1858 5649 excitandas
1901 5603 2235 5665 cognoverat
2279 5613 2292 5647 :
2339 5609 2502 5649 nemo
2555 5603 2612 5649 ut
2655 5599 3020 5650 sacrosanctze
3074 5587 3312 5659 Virginis
3359 5584 3519 5639 vehe-

191 5674 477 5760 mentiori
532 5679 768 5748 quadarn
826 5679 1191 5736 admiratione
1239 5682 1451 5754 1062
1510 5694 1790 5744 permotus
1831 5703 1954 5745 sese
1984 5689 2050 5744 ad
2082 5689 2228 5745 illius
2271 5688 2497 5746 hrcresis
2547 5705 2724 5762 nugas
2777 5703 2841 5744 ac
2892 5685 3085 5742 deliria
3147 5686 3516 5738 converteret.

285 5837 304 5868 ¹
353 5836 367 5889 Ι
400 5840 528 5891 Cor.
567 5853 680 5895 xw.
709 5838 797 5892 54.
895 5841 914 5871 ¹
949 5837 1050 5894 Job
1084 5855 1144 5903 η,
1183 5842 1266 5897 I0.
1347 5844 1366 5874 ³
1395 5839 1553 5898 Joan.
1592 5859 1651 5909 ιι,
1693 5846 1751 5902 4.

549 5934 819 5992 Parnm.
859 5932 976 5991 Gn.
1013 5935 1060 5992 Χ
1079 5934 1204 5994 LII.

3153 5931 3230 5990 24
