3964 6402
489 377 596 434 147
1932 366 1991 424 S.
2029 358 2373 421 EPIPHANII
3623 361 3699 421 143

565 496 628 555 ν.
674 495 941 554 Est-enim
971 501 1088 550 tota
1127 493 1232 549 ista
1281 491 1529 546 narratio
1565 502 1702 546 sane
1743 501 1908 560 quam
1955 487 2088 541 ridi-

2264 480 2340 534 ιε’.
2379 479 2594 550 Χλεὺης
2629 478 2738 550 γάρ
2773 478 2890 532 ἐστι
2919 477 2982 532 τδ
3003 478 3134 544 πᾶν,
3183 478 3278 532 και
3318 478 3488 550 γραῶν
3512 479 3705 551 ὀμῦθος,

484 592 643 655 cula.
676 599 748 646 :et
777 588 1142 644 ianicularum
1197 583 1581 640 lucubratione
1627 580 1814 654 digna.
1873 579 2088 634 Etenim

2204 573 2271 636 ὡς
2305 573 2500 634 εἰπεῖν,
2535 572 2633 642 τῆς
2681 570 2948 642 αἱρέσεως
2993 569 3055 624 τὸ
3101 571 3363 642 διήγημα.
3416 573 3538 626 Ποία
3573 573 3618 627 δέ
3644 590 3707 640 τις

499 696 737 754 quanam
777 681 831 735 in
874 677 1174 750 Scriptura:
1219 682 1378 746 parte
1413 669 1766 728 continetur?
1795 667 1930 735 Quis
1963 681 2092 738 pro—

481 774 780 846 phetarum
828 782 1071 840 unquam
1129 767 1214 822 vel
1249 763 1526 820 hominem
1578 759 1833 827 adorari,
1884 757 2085 812 nedum

489 864 788 919 mulierem
860 858 1148 933 permisit?
1205 857 1531 926 Quanquam
1592 851 1738 908 enim
1821 849 2084 906 selectum

483 956 769 1028 quoddam
825 969 924 1010 vas
995 962 1160 1024 atque
1221 950 1485 1007 eximium
1556 947 1664 1010 sit,
1731 943 2088 999 nihilominus

494 1049 694 1104 mulier
717 1055 826 1111 est,
862 1045 1222 1116 ejusdemque
1270 1057 1397 1097 cum
1456 1039 1670 1096 caeteris
1705 1046 1935 1100 naturae,
1965 1035 2091 1091 licet

495 1142 683 1195 animo
737 1146 904 1210 atque
956 1152 1123 1193 sensu
1167 1133 1524 1205 amplissimis
1563 1130 1864 1186 honoribus
1897 1127 2092 1184 aﬂ'ecta

496 1233 610 1295 sit;
641 1232 871 1303 perinde
896 1245 958 1285 ac
989 1230 1325 1300 reliquorum
1350 1233 1663 1282 sanctorum
1704 1237 1962 1294 corpora,
1998 1228 2092 1275 aut

497 1330 544 1383 si
595 1326 727 1398 quid
763 1324 830 1379 ad
881 1323 1112 1395 gloriam
1158 1336 1222 1375 ac
1257 1318 1605 1390 splendorem
1641 1315 1914 1370 illustrius
1948 1321 2093 1368 attu-

499 1412 632 1466 Iero.
671 1406 1144 1475 Quemadmodum
1175 1403 1343 1467 Elias,
1375 1403 1468 1473 qui
1512 1401 1580 1456 ab
1615 1408 1739 1455 ortu
1787 1414 1891 1453 suo
1919 1399 2092 1468 virgi-

2195 663 2386 737 Γραφὴ
2447 662 2747 734 διηγήσατο
2802 661 2934 732 περὶ
2991 661 3213 720 τούτους
3271 661 3423 726 ﬂcio;
3477 664 3710 736 προφητῶν

2195 754 2495 827 ἐπέτρεψεν
2547 753 2836 826 ἄνθρωπον
2891 753 3354 826 προσκυνεῖσθαι,
3411 753 3468 806 οὐ
3513 753 3602 825 μὴν
3638 770 3710 823 γυ-

2195 849 2358 902 ναῖκα
2385 846 2606 916 λέγειν;
2653 844 2964 918 Ἐξαίρετον
3019 845 3119 917 μὲν
3164 846 3275 918 γάρ
3316 848 3427 899 ἔστι
3454 845 3509 898 τὸ
3549 845 3713 910 σκεῦος,

2194 940 2334 994 ἀλλὰ
2356 939 2516 1012 γυνὴ,
2547 940 2642 993 καὶ
2670 938 2826 993 οὐδὲν
2863 939 2964 1009 τὴν
2993 938 3155 1008 φύσιν
3203 937 3619 1009 παρηλλαγμένη,
3644 937 3715 1009 τὴν

2194 1034 2254 1089 δὲ
2314 1031 2541 1104 γνώμην
2568 1032 2663 1084 καὶ
2707 1030 2810 1103 τὴν
2843 1030 3097 1102 αἴσθησιν
3137 1031 3196 1083 ἐν
3250 1033 3380 1102 τιμῇ
3423 1031 3718 1101 τετιμημένη,

2197 1125 2388 1198 ὥσπερ
2416 1123 2487 1178 τὰ
2514 1123 2744 1194 σώματα
2771 1122 2882 1178 τῶν
2913 1124 3106 1192 ἁγίων,
3148 1125 3245 1178 καὶ
3294 1124 3347 1176 εί
3375 1142 3426 1177 τι
3466 1123 3720 1194 περισσότε-

2198 1235 2290 1291 ρον
2320 1217 2455 1290 πρὸς
2485 1215 2794 1285 δοξολογίαν
2835 1215 3044 1288 εἴποιμι
3065 1234 3078 1245 ·
3116 1217 3194 1278 ὼς
3239 1217 3423 1281 Ἠλίας
3462 1219 3523 1270 ὲκ
3567 1218 3723 1288 μητρὸς

2200 1309 2490 1382 παρθένος,
2523 1309 2619 1362 καὶ
2650 1307 2794 1363 οὕτω
2824 1309 3001 1380 μένων
3031 1310 3112 1373 είς
3152 1309 3213 1362 τὸ
3240 1309 3498 1380 διηνεκὲς,
3521 1310 3602 1362 καὶ
3628 1311 3726 1363 ἁνα-

2200 1401 2630 1473 λαμῦανόμενος,
2659 1401 2889 1454 θάνατον
2915 1399 2974 1453 δὲ
3004 1400 3102 1470 οὐχ
3133 1398 3423 1470 ἑωρακώς·
3443 1399 3514 1461 ὡς
3537 1401 3568 1450 ὀ
3591 1399 3728 1452 Ἰωάν-

498 1505 725 1559 nitatem
784 1509 1046 1571 perpetuo
1094 1497 1356 1557 servavit,
1399 1504 1456 1551 et
1511 1496 1568 1550 in
1613 1494 1818 1549 caelum
1868 1500 2093 1548 evectus

495 1595 636 1650 est'.
669 1590 739 1648 Ut
777 1589 1018 1646 Joannes
1053 1595 1265 1660 postea,
1295 1586 1390 1656 qui
1432 1587 1489 1642 in
1532 1593 1726 1657 pectus
1760 1583 1975 1639 Domini
2005 1598 2094 1639 rc-

495 1686 688 1742 cubuit
715 1687 760 1751 ',
801 1698 967 1756 quem
1018 1681 1281 1754 diligebat
1322 1679 1485 1736 .Icsus
1521 1679 1564 1734 ⁸.
1619 1676 1688 1734 Ut
1735 1677 2091 1734 sanctissima

2204 1678 2400 1749 ταύτης
2446 1677 2747 1748 τιμιωτέρα
2803 1675 2871 1730 δι’
2933 1676 3003 1748 ἢν
3055 1677 3395 1746 κατηξίωται
3454 1674 3732 1744 οἰκονομίαν.

502 1779 594 1833 illa
627 1775 830 1832 Thecla
855 1793 872 1835 :
899 1775 989 1831 cui
1024 1782 1211 1829 tamen
1240 1773 1399 1844 longe
1441 1779 1527 1828 est
1569 1769 1950 1842 anteponenda
1977 1766 2092 1821 Ma-

2213 1769 2353 1824 Ἀλλ’
2408 1767 2532 1822 οὔτε
2574 1767 2763 1831 Ἠλίας
2813 1767 3211 1837 προσκυνητὸς,
3259 1765 3462 1837 καίπερ
3511 1765 3564 1818 ὲν
3611 1762 3736 1827 ζῶσιν

496 1872 605 1936 ria,
656 1870 728 1924 ob
783 1869 1010 1924 caeleste
1061 1865 1198 1921 illud
1243 1842 1600 1937 mysterium,
1651 1861 1800 1934 quod
1863 1861 1920 1916 in
1975 1861 2098 1930 ejus

2204 1862 2275 1916 ὢν
2293 1878 2306 1891 ⁸
2332 1860 2460 1915 οὔτε
2495 1859 2751 1930 Ἰωάννης
2774 1858 3171 1932 προσκυνητὸς.
3206 1856 3387 1911 καίτοι
3420 1873 3482 1925 γε
3517 1854 3596 1909 διὰ
3636 1855 3736 1918 ἰδίας

496 1971 660 2022 utero
703 1961 1010 2032 perlectum
1059 1965 1163 2015 est.
1214 1957 1379 2029 Atqui
1425 1971 1528 2012 nec
1583 1954 1730 2010 Elias
1779 1953 2095 2009 adorandus

2204 1953 2369 2026 εὐχῆς
2399 1953 2498 2026 τὴν
2545 1953 2804 2024 κοίμησιν
2852 1949 3020 2007 αὑτοῦ
3059 1949 3368 2021 ἔκπληκτον
3401 1945 3740 2018 ἀπεργασάμεο

497 2065 608 2125 est,
633 2055 856 2113 tametsi
888 2053 1070 2110 adhuc
1107 2057 1390 2123 superstes
1441 2049 1554 2115 sit;
1612 2061 1790 2118 neque
1830 2045 2094 2106 Joannes.

2204 2065 2312 2113 νος,
2349 2045 2549 2118 μᾶλλον
2587 2045 2644 2100 δὲ
2679 2045 2744 2100 ἐκ
2767 2043 2910 2099 Θεοῦ
2946 2043 3136 2098 λαϐὼν
3159 2041 3257 2114 τὴν
3295 2041 3455 2114 χάριν
3474 2057 3487 2070 ·
3517 2039 3619 2094 ἀλλ’
3646 2037 3740 2092 οὔτε

500 2149 632 2204 licet
663 2145 922 2218 precibus
956 2150 1189 2199 mortem
1216 2155 1372 2197 suam
1406 2137 1787 2194 admirabilem
1817 2150 1883 2192 ac
1909 2134 2098 2205 singu-

2204 2141 2235 2212 ἠ
2266 2138 2464 2202 Θέκλα,
2499 2135 2622 2192 οὔτε
2653 2153 2737 2203 τις
2768 2137 2878 2191 τῶν
2907 2136 3076 2207 ἁγίων
3106 2137 3512 2207 προσκυνεῖται.
3539 2133 3608 2188 Οὐ
3659 2132 3744 2202 γὰρ

501 2238 672 2293 larem
697 2232 960 2297 effecerit,
1005 2230 1092 2287 vel
1146 2229 1200 2285 id
1254 2228 1436 2299 potius
1487 2225 1678 2281 divino
1725 2223 1797 2280 sit
1831 2220 2098 2278 beneﬁcio

2204 2231 2486 2306 κυριεύσει
2547 2231 2706 2304 ἡμῶν
2750 2233 2786 2304 ἡ
2836 2231 3039 2302 ἀρχαία
3089 2229 3291 2300 πλάνη,
3356 2225 3740 2298 καταλιμπάνειν

501 2332 861 2384 consecutus.
889 2321 994 2378 Sed
1036 2335 1139 2378 nec
1171 2317 1396 2383 Thecla,
1435 2323 1532 2372 aut
1583 2315 1726 2370 alius
1765 2312 2039 2384 quiSpiam
2065 2327 2097 2366 e

2204 2325 2296 2380 τὸν
2328 2323 2529 2392 ζῶντα,
2554 2323 2651 2378 καὶ
2687 2324 3018 2396 προσκυνεῖν
3053 2321 3123 2376 τὰ
3163 2320 3257 2376 ὑπ’
3300 2319 3468 2376 αὑτοῦ
3510 2317 3745 2390 γεγονότα·

499 2420 711 2476 sanctis
745 2417 1030 2473 adoratur.
1068 2413 1191 2469 Non
1220 2413 1368 2468 enim
1397 2418 1556 2467 vetus
1587 2407 1751 2464 nobis
1776 2405 2098 2477 superstitio

2216 2415 2620 2486 Ἐλάτρευσαν
2665 2416 2797 2488 γὰρ,
2852 2417 2952 2471 καί
3003 2415 3438 2482 ἐσεϐάσθησαν
3477 2412 3548 2482 τῇ
3595 2413 3748 2466 κτίσει

499 2509 898 2575 dominabitur,
932 2513 1014 2572 ut,
1042 2505 1168 2560 vivo
1198 2502 1307 2559 Deo
1342 2501 1629 2565 derelicto,
1657 2514 1781 2570 quae
1818 2499 1888 2552 ab
1916 2512 1983 2554 eo
2019 2496 2097 2551 la-

2204 2507 2365 2578 παρὰ
2409 2507 2517 2563 τὸν
2562 2509 2876 2574 κτίσαντα,
2924 2506 3024 2563 καί
3063 2505 3522 2577 ἐμωράνθησαν.
3566 2507 3623 2560 Ei
3666 2504 3750 2575 γὰρ

501 2601 711 2656 bricata
754 2608 887 2655 sunt
926 2597 1158 2653 adorare
1201 2594 1478 2651 velimus:
1517 2591 1822 2648 Scruierunt
1853 2589 2095 2660 ,inquit,

2204 2601 2470 2670 ἀγγέλους
2503 2599 2930 2672 προσκυνεῖσθαι
2962 2599 3024 2653 οὺ
3055 2597 3220 2664 θέλει,
3266 2599 3424 2670 πόσῳ
3475 2597 3656 2670 μᾶλλον
3677 2596 3753 2666 τὴν

499 2704 551 2747 et
575 2693 808 2748 uenerati
837 2699 961 2745 sunt
1004 2697 1306 2744 creaturam
1354 2690 1531 2756 potius
1569 2700 1727 2755 quam
1769 2681 2097 2748 Creatorem,

2204 2692 2312 2745 ἀπὸ
2345 2692 2545 2762 Ἀννης
2578 2689 3006 2762 γεγεννημένην,
3050 2690 3149 2762 τὴν
3187 2691 3252 2745 ἐκ
3293 2690 3394 2744 τοῦ
3444 2689 3676 2760 ἰωακεὶμ
3701 2690 3752 2758 τῇ

500 2796 552 2842 ct
581 2785 722 2854 fatui
754 2783 949 2836 redditi
975 2791 1098 2836 sunt
1133 2779 1176 2834 ⁸.
1209 2777 1347 2834 Nam
1392 2778 1440 2834 si
1497 2791 1565 2833 ne
1609 2775 1834 2847 angelos
1877 2774 2098 2846 quidem

2209 2781 2381 2851 Ἀννῃ
2409 2779 2817 2852 δεδωρημένην,
2843 2779 2942 2851 τὴν
2974 2778 3041 2833 δι’
3067 2778 3232 2850 εὐχῆς
3262 2780 3360 2832 καὶ
3397 2779 3573 2850 πάσης
3596 2779 3752 2847 ἐπιμε-

506 2876 730 2934 adorari
761 2874 1048 2947 permittit,
1084 2879 1292 2943 quanto
1322 2869 1506 2926 minus
1541 2868 1593 2924 id
1632 2869 1803 2924 Anna:
1842 2867 1965 2923 lilia:
1998 2868 2098 2922 tri-

2204 2873 2356 2936 λείας
2387 2871 2530 2927 κατὰ
2577 2871 2912 2942 ἐπαγγελίαν
2961 2871 3133 2942 πατρὶ
3180 2873 3275 2926 καὶ
3331 2871 3504 2944 μητρὶ
3532 2869 3753 2930 δοθεῖσαν,

503 2967 600 3026 hui
631 2964 973 3022 concesserit
1006 3002 1023 3029 ,
1069 2976 1234 3035 quam
1267 2959 1345 3016 illi
1386 2975 1417 3017 e
1451 2957 1698 3015 loaeimo
1747 2957 1840 3014 Dei
1881 2959 2099 3015 bonitas

2204 2965 2267 3019 οὐ
2305 2964 2404 3035 μὲν
2436 2964 2640 3036 ἑτέρως
2667 2962 3079 3036 γεγεννημένην
3115 2961 3270 3036 παρὰ
3307 2964 3415 3036 τὴν
3448 2963 3552 3019 τῶν
3589 2961 3755 3032 ἀνθρώ.

503 3057 768 3117 indulsit?
821 3069 987 3126 quam
1049 3052 1308 3125 precibus
1375 3049 1633 3120 omnique
1687 3047 1858 3104 animi
1915 3048 2099 3106 studio

2205 3075 2325 3111 πων
2354 3061 2539 3127 φύσιν,
2579 3054 2737 3122 ἀλλὰ,
2773 3055 2956 3121 καθὼς
2995 3057 3220 3120 πάντες,
3259 3057 3324 3110 ὲκ
3353 3056 3656 3128 σπέρματος
3680 3053 3755 3107 ἁν-

502 3165 570 3206 ac
597 3147 956 3206 contentione
1011 3157 1212 3216 parens
1241 3151 1476 3212 uterque
1519 3139 1859 3213 promeruit?
1899 3139 1974 3194 ita
2017 3147 2099 3193 ta-

2204 3149 2329 3222 δρδς
2359 3148 2455 3204 καί
2483 3149 2697 3220 μήτρας
2725 3147 3018 3218 γυναικός;
3045 3147 3111 3204 Εἰ
3139 3146 3249 3221 γὰρ
3274 3148 3374 3202 καὶ
3399 3149 3434 3219 ἡ
3460 3148 3556 3220 τῆς
3578 3145 3757 3217 Magia;

506 3258 631 3299 men
661 3249 721 3296 ut
746 3255 856 3296 non
900 3238 1065 3293 aliam
1108 3250 1275 3309 quam
1323 3233 1508 3291 caeteri
1542 3233 1804 3290 mortales
1837 3230 2099 3288 nascendi

2207 3241 2438 3313 ἱστορία,
2471 3241 2566 3296 καὶ
2597 3239 2926 3312 παραδόσεις
2954 3239 3192 3312 ἔχουσιν,
3232 3241 3318 3294 ὅτι
3348 3240 3552 3314 ἐρρέθη
3579 3237 3650 3309 τῷ
3677 3253 3758 3290 πα-

501 3334 877 3391 conditionem
906 3331 1181 3395 habuerit,
1211 3327 1328 3394 sed,
1363 3335 1423 3384 ut
1462 3326 1563 3392 illi,
1607 3341 1639 3383 e
1687 3325 1832 3380 virili
1872 3333 1998 3382 satu
2034 3339 2099 3381 ac

2205 3334 2296 3406 τρὶ
2323 3333 2495 3404 αὐτῆς
2521 3333 2782 3405 Ἰωακεὶμ
2819 3335 2878 3388 ἐν
2905 3335 2975 3406 τῇ
3003 3333 3218 3404 δρήμῳ,
3240 3332 3325 3386 ὅτι
3355 3350 3378 3386 s
3427 3333 3492 3387 'H
3538 3330 3662 3401 Γυνή
3687 3344 3759 3381 σου

506 3428 698 3486 matris
728 3435 888 3484 utero
919 3424 1200 3497 prodierit.
1255 3421 1521 3490 Quamvis
1567 3426 1751 3475 autem
1793 3434 1861 3474 ex
1906 3417 2099 3474 Maria:

2207 3424 2594 3496 συνειληφυίαο
2628 3444 2648 3478 ι
2677 3424 2777 3496 οὐχ
2811 3424 2892 3479 ὃτι
2933 3425 3062 3480 ἄνευ
3089 3423 3348 3495 συζυγίας
3380 3424 3540 3480 τοῦτο
3565 3422 3759 3492 ἐγίνετο,

505 3519 742 3576 historia
769 3534 835 3574 ac
882 3517 1177 3574 traditione
1207 3513 1341 3570 illud
1371 3513 1660 3579 habeatur,
1688 3509 1939 3567 Joacimo
1975 3511 2099 3580 ejus

2205 3517 2328 3572 οὐδὲ
2373 3518 2459 3572 δτι
2506 3518 2634 3574 ἄνευ
2683 3516 3000 3589 σπέρματος
3038 3515 3264 3588 ἀνδρός·
3313 3515 3456 3572 ἀλλὰ
3498 3515 3560 3569 τὸ
3607 3512 3761 3585 μέλλον

2197 1512 2316 1566 νης,
2341 1497 2370 1548 ὁ
2397 1495 2490 1547 ἐπὶ
2514 1494 2575 1547 τὸ
2610 1493 2808 1564 στῆθος
2832 1493 2928 1546 τοῦ
2955 1491 3157 1563 Κυρίου
3184 1492 3488 1557 ἀναπεσὼν,
3512 1493 3565 1544 ὃν
3582 1492 3730 1561 ἠγάπα

2195 1589 2224 1641 ὁ
2265 1585 2508 1657 Ἰησοῦς·
2564 1586 2641 1650 ὡς
2691 1585 2872 1639 Θέκλα
2916 1586 2951 1656 ή
2997 1585 3149 1654 ἁγία,
3186 1585 3284 1638 καὶ
3337 1583 3520 1656 Μαρία
3563 1583 3731 1654 ήὲπὶί

507 3614 646 3684 patri
691 3612 954 3668 divinitus
996 3609 1100 3664 hoc
1155 3607 1210 3663 in
1257 3605 1477 3664 deserto
1519 3608 1826 3660 nuntiatum
1879 3603 2093 3660 fuisse:

515 3725 538 3775 ι,
551 3705 697 3762 Uxor
713 3715 804 3758 tua
821 3701 1074 3771 concepit
1095 3718 1110 3767 ;
1135 3718 1155 3752 ι
1175 3714 1284 3755 non
1298 3698 1372 3753 ita
1389 3705 1570 3752 tamen
1588 3695 1968 3768 accipiendum
1988 3705 2096 3762 est,

509 3794 668 3867 quasi
699 3793 802 3848 hoc
833 3792 973 3846 citra
1011 3788 1309 3860 nuptialem
1355 3786 1817 3843 consociationem
1858 3801 1922 3843 ac
1968 3786 2098 3842 viri-

513 3893 618 3944 lem
670 3891 853 3940 satum
903 3879 1186 3936 acciderit.
1233 3875 1437 3933 Verum
1482 3875 1629 3948 quod
1670 3875 1916 3931 futurum
1957 3885 2098 3943 erat,

2203 3609 2422 3665 ἔσεσθαι
2453 3608 2848 3682 προεθέσπιζον
2885 3610 2915 3663 ὁ
2955 3608 3186 3678 ἄγγελος
3228 3609 3578 3675 ἀποσταλεὶς,
3605 3607 3681 3662 ῐνα
3706 3604 3762 3674 μή

2200 3717 2285 3766 τις
2324 3700 2551 3772 γένηται
2577 3699 2876 3772 dictum
2906 3699 2998 3756 διὰ
3017 3699 3079 3753 τὸ
3119 3703 3178 3754 ὲν
3215 3699 3450 3775 ἀληθείᾳ
3476 3694 3762 3770 γεγεννημέο

2202 3808 2314 3858 νον,
2348 3792 2444 3846 καὶ
2473 3791 2534 3846 τὸ
2573 3792 2639 3846 ἐκ
2665 3791 2802 3846 Θεοῦ
2841 3791 2941 3863 ήδη
2967 3791 3324 3862 τεταγμένον,
3359 3793 3462 3848 καὶ
3497 3791 3573 3864 τῷ
3607 3784 3764 3854 δικαίῳ

2206 3883 2724 3956 ὲπιγεγεννημὲνον.

515 3977 721 4034 missus
774 3988 805 4028 a
855 3971 964 4026 Deo
1023 3964 1350 4042 signiﬁcavit
1396 3967 1666 4039 angelus,
1722 3982 1793 4023 ne
1839 3982 1950 4038 qua
2035 3969 2306 4028 dubitatio
2376 3972 2520 4030 l'oret
2587 3981 2814 4044 propter
2865 3971 3024 4037 illud,
3064 3971 3214 4043 quod
3261 3987 3464 4029 revera
3520 3973 3576 4028 in
3622 3969 3762 4026 luam

513 4068 718 4124 editum
747 4075 801 4120 et
833 4081 865 4119 a
901 4063 1010 4117 Deo
1048 4059 1412 4117 constitutum
1445 4073 1508 4114 ac
1541 4058 1693 4129 justo
1733 4059 1850 4114 viro
1884 4065 2074 4116 natum
2117 4060 2324 4118 fuerat.

589 4161 800 4234 1063
831 4159 918 4214 Vl.
940 4156 1083 4226 Quin
1099 4156 1275 4212 eidem
1299 4155 1376 4210 rei
1401 4169 1589 4211 sacras
1613 4153 1852 4212 Litteras
1865 4156 2110 4227 adstiptb

519 4257 618 4311 lari
633 4254 905 4311 videmus.
928 4250 1064 4306 Nam
1079 4249 1251 4306 Isaias
1277 4249 1343 4306 de
1367 4246 1505 4304 Filio
1523 4246 1618 4303 Dei
1632 4247 1713 4303 sic
1736 4248 2102 4304 vaticinatur:

518 4351 653 4406 Ecce
678 4347 822 4417 uirgo
846 4345 900 4400 in
931 4353 1080 4400 utero
1109 4343 1388 4413 concipiet,
1422 4351 1470 4397 et
1496 4343 1666 4412 pariet
1690 4341 1863 4412 ﬁlium
1891 4357 1908 4394 :
1939 4351 1988 4396 et
2016 4358 2106 4396 vo-

515 4441 710 4496 cabunt
757 4453 947 4493 nomen
977 4437 1090 4502 eius
1124 4433 1439 4490 Emmanuel
1469 4435 1513 4492 '.
1544 4433 1609 4490 Et
1651 4434 1908 4506 quoniam
1949 4434 2106 4506 geni-

2285 4163 2376 4229 ς’.
2416 4162 2526 4216 Καὶ
2560 4161 2738 4234 πάντη
2776 4161 2882 4226 τὰς
2916 4161 3138 4233 rm
3173 4160 3396 4236 ὁρῶμεν
3417 4157 3760 4234 διηγωμίνις.

2225 4251 2454 4317 Ἡσαΐας
2479 4253 2588 4323 γὰρ
2614 4253 2982 4326 προκηρύττει
3005 4253 3261 4325 περὶτῶν
3288 4253 3592 4325 μελλόντων
3613 4253 3684 4315 είς
3695 4249 3766 4303 τὸν

2213 4345 2342 4401 Υίὺν
2369 4345 2464 4402 τοῦ
2485 4345 2621 4402 Θεοῦ
2652 4346 3016 4421 πληροῦσθαι,
3033 4347 3227 4417 λέγων’
3269 4347 3424 4403 Ἰδοὺ
3449 4347 3488 4416 rj
3511 4343 3763 4417 παρθένος

2211 4439 2282 4492 ἐν
2302 4439 2515 4511 γαστρί
2534 4439 2682 4507 ἕξει,
2710 4441 2810 4496 καί
2831 4439 3064 4505 τέξεται
3081 4439 3243 4507 υἱὸν,
3256 4439 3354 4494 καί
3381 4437 3762 4495 καλέσουσιτὸ

519 4542 642 4590 tura
685 4533 842 4605 virgo
874 4530 1183 4598 dicebatur,
1213 4535 1268 4585 et
1316 4537 1474 4584 utero
1511 4528 1760 4584 mulieris
1805 4527 2099 4600 gestandus

2214 4531 2403 4601 ὄνομα
2429 4533 2618 4588 αὐτοῦ
2655 4534 3056 4604 Ἐμμανουήλ.
3085 4533 3197 4588 Καὶ
3222 4533 3413 4605 ἐπειδὴ
3447 4531 3696 4602 παρθένος
3711 4521 3762 4595 ἦν

518 4623 631 4690 ille,
664 4621 824 4692 cujus
847 4635 1050 4676 nomen
1082 4619 1224 4674 idem
1253 4628 1436 4684 sonat,
1467 4633 1532 4674 ac
1553 4619 1825 4673 nobiscum
1850 4617 2016 4683 Deus,
2041 4633 2112 4676 ne

519 4729 627 4785 qua
657 4713 710 4770 in
734 4711 1022 4786 propheta:
1049 4712 1236 4765 animo
1269 4709 1336 4765 de
1356 4708 1438 4765 rei
1463 4710 1693 4766 veritate
1722 4709 1994 4765 dubitatio
2024 4725 2112 4767 re-

519 4805 744 4870 sideret,
781 4803 1025 4858 oblatum
1054 4801 1158 4857 sibi
1186 4799 1365 4857 visum
1402 4799 1700 4872 instigante
1733 4799 1940 4872 Spiritu
1981 4817 2111 4857 san-

520 4905 610 4953 cto
655 4897 918 4968 propheta
974 4899 1222 4953 narravit
1271 4913 1284 4951 :
1334 4893 1619 4967 Ingressus
1665 4905 1767 4963 est,
1814 4896 2012 4967 inquit,
2041 4895 2111 4950 ad

519 4990 903 5058 prophetissam
931 4993 974 5048 ‘.
1023 4990 1237 5060 Quibus
1287 4990 1472 5046 verbis
1516 4987 1786 5044 Gabrielis
1827 4989 2113 5046 introitum

519 5083 593 5140 ad
622 5081 905 5153 Virginem
933 5084 1202 5149 declarat,
1243 5083 1406 5155 cujus
1448 5083 1503 5137 in
1532 5080 1830 5152 Evangelia
1878 5081 1937 5136 lit
1960 5097 2111 5137 men-

522 5175 601 5237 tio
638 5196 651 5233 :
683 5175 776 5247 qui
845 5175 1131 5246 quidema
1161 5176 1272 5234 Deo
1321 5177 1528 5233 missus
1554 5184 1661 5240 est,
1715 5181 1776 5228 ut
1819 5171 1970 5228 unici
2012 5170 2108 5228 Dei

522 5267 643 5326 Filii
671 5267 964 5324 adventum
998 5266 1056 5322 in
1093 5266 1239 5323 hunc
1268 5267 1560 5332 mundum,
1590 5273 1647 5322 et
1667 5274 1848 5320 ortum
1879 5280 1946 5320 ex
1981 5261 2096 5320 Ma-

520 5361 604 5418 ria
632 5357 972 5416 nuntiaret".
1004 5356 1072 5410 Et
1108 5359 1360 5427 concepit,
1391 5360 1655 5430 inquit,“
1681 5358 1876 5428 peperit
1909 5357 2106 5428 ﬁlium.

523 5448 592 5508 Et
616 5452 754 5507 dixit
801 5449 1060 5504 Dominus
1093 5449 1160 5500 ad
1210 5464 1290 5503 me
1320 5464 1338 5502 :
1381 5447 1521 5504 Voca
1567 5464 1755 5503 nomen
1789 5449 1902 5518 ejus
1931 5463 1949 5502 :
1985 5447 2106 5502 Cito

519 5545 690 5614 spolia
707 5541 942 5606 detrahe,
970 5540 1208 5596 celeriter
1217 5539 1480 5612 prardare.
1502 5541 1536 5594 Α
1547 5550 1795 5610 ntequam
1817 5539 1958 5594 norit
1975 5556 2106 5608 puer

593 5716 614 5788 ξ
644 5713 711 5769 IV
740 5716 868 5788 Reg.
904 5731 964 5781 ιι,
998 5716 1082 5770 Η.
1142 5716 1375 5788 i’éJoan.
1410 5733 1534 5783 xm,
1563 5716 1654 5788 25.

523 5783 547 5818 ⁷
579 5784 717 5838 Luc.
749 5799 784 5847 ι,
823 5783 897 5840 Ξϐ
937 5802 1059 5851 sqq.
1137 5787 1160 5816 ⁸
1189 5786 1248 5842 F.
1277 5789 1376 5842 ἔτι.

1763 5717 1785 5748 ³
1820 5712 1980 5769 Joan.
2016 5732 2131 5784 ut,
2165 5717 2255 5773 20.
2355 5717 2376 5750 ’⁵
2409 5715 2568 5773 Rom.
2597 5734 2636 5785 ι,
2678 5718 2769 5776 25.

2205 4625 2241 4694 ἡ
2266 4623 2597 4694 γεννήσασα,
2638 4624 2732 4680 καὶ
2769 4622 2915 4690 Θεὸς
2936 4626 2969 4678 ό
2993 4624 3125 4693 μεθ’
3159 4621 3330 4692 ἡμῶν
3364 4621 3762 4695 ἑρμηνευόμενθς

2206 4713 2266 4766 ὲν
2284 4713 2504 4782 γυναικὶ
2526 4714 2903 4786 κυῐσκόμενοςο
2929 4713 3018 4767 ἶνα
3047 4713 3123 4785 μὴ
3153 4714 3211 4767 ὲν
3231 4712 3523 4784 δισταγμῷ
3546 4707 3762 4766 ὑπονοίας

2205 4805 2286 4877 τῷ
2323 4807 2580 4878 προφήτῃ
2615 4806 2845 4879 γένηται
2877 4807 2914 4877 ἡ
2945 4805 3200 4877 ἀλήθεια,
3237 4807 3341 4878 ὁρᾷ
3368 4809 3428 4860 ὲν
3461 4805 3663 4878 ὁράσει,
3690 4800 3764 4854 καὶ

2207 4899 2478 4971 διηγεῖται
2507 4902 2572 4953 ἐκ
2601 4900 2918 4972 Πνεύματος
2947 4899 3105 4968 ἁγίου
3135 4898 3582 4971 ἀναγκαζόμενος
3607 4900 3634 4952 ὸ
3655 4909 3761 4967 κρο-

2211 4993 2412 5063 φήτης,
2449 4992 2540 5047 καί
2563 5009 2716 5063 φησι·
2752 4991 2862 5048 Kal
2889 4991 3141 5062 εἰσῆλθε
3161 4993 3314 5061 πρὸς
3334 4992 3453 5061 τὴν
3479 4986 3761 5062 προφῆτιν·

2213 5082 2568 5154 διηγούμενος
2598 5083 2726 5155 περὶ
2751 5083 2854 5154 τῆς
2885 5082 2979 5137 τοῦ
3014 5084 3254 5156 Γαϐριὴλ
3285 5084 3645 5154 εὐαγγελικῆς
3675 5080 3762 5132 εἰσ-

2213 5173 2352 5230 όδου·
2384 5174 2445 5239 ὃς
2471 5174 2756 5246 ἀπεστάλη
2791 5175 2899 5230 ὑπὸ
2934 5175 3074 5230 Θεοῦ
3114 5175 3484 5247 διηγήσασθαι
3508 5177 3605 5247 τὴν
3636 5187 3763 5245 μονο-

2217 5264 2408 5336 γενοῦς
2432 5265 2566 5321 Υἰοῦ
2585 5264 2679 5319 τοῦ
2701 5265 2836 5323 Θεοῦ
2858 5265 3066 5322 εἴσοδον
3087 5268 3167 5331 είς
3185 5266 3274 5322 τὸν
3292 5265 3521 5337 κόσμον,
3553 5264 3644 5320 καὶ
3665 5262 3761 5330 τέν-

2215 5372 2370 5426 νησιν
2400 5355 2509 5411 ἀπὸ
2536 5355 2773 5428 Μαρίας.
2800 5356 2910 5412 Καὶ
2937 5356 3008 5410 ἐν
3041 5355 3254 5427 γαστρὶ
3281 5356 3485 5418 ἔλαϐε,
3517 5352 3665 5425 φησὶ,
3683 5344 3760 5403 nul

2211 5448 2417 5502 ἔτεκεν
2441 5449 2593 5504 υἱόν.
2623 5449 2733 5504 Kal
2761 5444 2892 5504 εἷπε
2911 5449 3126 5518 Κύριος
3149 5447 3296 5516 πρὸς
3311 5446 3406 5517 μέ·
3426 5445 3694 5504 Κάλεσον
3709 5434 3759 5490 τὸ

2213 5539 2403 5610 ὄνομα
2441 5540 2650 5608 αὐτοῦ,
2683 5541 2912 5610 Ταχέως
2938 5541 3308 5607 σκύλευσον,
3357 5536 3546 5604 ὀξέως
3575 5528 3761 5603 προνό-

2869 5720 2889 5753 ⁸
2929 5716 3036 5777 lsa.
3070 5733 3168 5784 vn,
3202 5718 3286 5774 Η.
3385 5718 3406 5750 ⁸
3439 5693 3546 5773 ιὶιι.
3577 5725 3682 5777 vni,
3709 5708 3753 5764 3.
