3964 6454
319 429 423 483 749

906 429 1270 486 ADVERSUS
1308 425 1644 483 ll/ERESES
1686 425 1809 480 LIB.
1858 425 1944 480 Ill.
1990 423 2149 480 ΤΟΜ.
2199 425 2259 478 ιι.
2310 457 2377 465 —
2415 423 2685 479 iizERES.
2730 423 2964 478 LXXIX.

3462 425 3562 475 750

315 558 563 612 μευσωθ.
585 542 735 609 Πρὶν
760 542 799 611 ἣ
823 541 1036 611 γνῶναι
1061 544 1127 596 τὸ
1156 543 1397 597 παιδίον
1421 543 1630 596 καλεῖν
1658 542 1880 610 πατέρα

2005 559 2169 596 vocare
2191 552 2394 609 patrem
2444 551 2492 594 et
2519 551 2762 606 matrem,
2805 540 3079 608 occupabit
3118 543 3249 597 vires
3294 541 3548 598 Damasci

313 633 352 702 ἣ
392 632 639 702 μητέρα,
680 633 942 702 λήψεται
987 634 1245 703 δύναμιν
1291 634 1628 702 Δαμασκοῦ,
1676 634 1774 686 καὶ
1814 634 1886 687 τὰ

310 723 515 777 σκῦαα
545 726 897 792 Σαμαρείας,
942 725 1035 778 καὶ
1067 724 1136 777 τὰ
1175 725 1319 795 ἑξῆς.
1356 727 1467 778 Καὶ
1508 725 1685 779 πάντα
1714 723 1888 778 ταῦτα

312 810 463 865 οῦπω
482 807 550 883 ἦν
570 812 949 882 τετελεσμέναο
975 812 1174 885 ἤμελλε
1201 813 1257 867 δὲ
1279 813 1436 867 τοῦτο
1458 813 1701 883 γίνεσθαι
1730 815 1786 867 ὲν
1809 815 1887 885 τῷ

313 905 428 976 Υἱῷ
457 905 551 960 τοῦ
576 904 732 972 Θεοῦ,
773 908 868 960 καὶ
909 906 1245 978 πληροῦσθαι
1275 906 1415 978 μετὰ
1462 907 1610 978 χίλια
1651 908 1747 979 ἐτη
1795 910 1887 962 καὶ

311 997 570 1064 ἑξακόσια
601 997 772 1052 πλείω
809 997 1041 1052 ἐλάσσω.
1081 997 1191 1052 Kal.
1227 998 1364 1070 μετὰ
1393 998 1661 1062 τοσαύτας
1692 983 1888 1068 γενεάς

311 1087 380 1142 τὰ
409 1087 692 1158 μέλλοντα,
727 1087 804 1151 ὡς
835 1088 936 1158 ἤδη
973 1088 1276 1159 γενόμενα,
1322 1088 1468 1160 ὲώρα
1514 1091 1543 1142 6
1579 1090 1885 1161 προφήτης.

311 1174 457 1250 Ἀρα
495 1178 717 1249 ψεῦσμα
757 1174 857 1250 ἦν;
914 1178 990 1250 μὴ
1035 1180 1280 1248 γένοιτοὲ
1327 1180 1485 1233 Ἀλλὰ
1525 1180 1786 1250 ἀσφαλῶς
1827 1182 1889 1235 τὸ

312 1268 464 1338 παρὰ
491 1266 586 1320 τοῦ
633 1267 769 1321 Θεοῦ
807 1268 1182 1338 οἰκονομηθὲν,
1210 1268 1284 1332 ὡς
1319 1269 1419 1340 ἤδη
1448 1269 1887 1339 τετελειωμένον,

310 1360 659 1431 έκηρύττετο,
687 1360 776 1414 ἵνα
810 1360 884 1431 μὴ
920 1360 1192 1432 ἀπιστηθῇ
1235 1361 1268 1430 ἠ
1308 1360 1554 1431 ἀλήθεια·
1585 1361 1670 1414 ἵνα
1703 1359 1776 1431 μὴ
1811 1361 1890 1423 εἰς

308 1451 607 1520 δισταγμὸν
633 1450 763 1525 ἔλθῃ
788 1452 820 1522 ἢ
849 1454 906 1504 ἐν
940 1452 1165 1522 ὑπονοίᾳ⁴
1200 1451 1294 1504 τοῦ
1323 1453 1605 1523 προφήτου
1627 1453 1688 1506 τὸ
1717 1451 1890 1505 τοιοῦ-

308 1563 402 1600 τον
437 1545 714 1618 ἔκθαμϐον
743 1546 838 1599 καὶ
865 1545 1172 1618 ἔκπληκτον
1213 1549 1509 1618 μυστήριον
1550 1547 1740 1618 μέλλον
1774 1547 1892 1600 ἔσε-

313 1637 458 1690 σθαι.
484 1638 553 1691 Ἦ
580 1638 680 1708 οὐχ
706 1639 838 1709 ὁρᾷς
861 1637 992 1690 αὐτὸ
1011 1637 1072 1690 τὺ
1101 1639 1363 1709 κήρυγμα
1389 1639 1450 1692 τὸ
1475 1640 1890 1710 ἐπιφερόμενον,

309 1730 384 1794 ὡς
411 1729 559 1800 λέγει
592 1731 756 1794 αὐτὸς
782 1732 811 1785 6
837 1729 989 1799 ἅγιος
1023 1731 1250 1796 Ἡσαΐας
1271 1748 1286 1764 ·
1338 1732 1428 1798 Ὠς
1469 1733 1769 1800 πρόϐατον
1791 1732 1890 1786 ἐπὶ

310 1821 560 1893 σφαγὴν
595 1821 775 1893 ἤχθη·
814 1822 914 1880 καὶ
951 1823 1032 1890 ὡς
1076 1822 1267 1892 ἀμνὸς
1307 1822 1588 1878 ἐναντίον
1627 1825 1736 1878 τοῦ
1775 1822 1894 1877 κεί-

1988 644 2040 690 et
2063 634 2236 704 spolia
2273 633 2539 688 Samaria:
2575 635 2616 697 ‘,
2647 643 2753 688 etc.
2791 633 2923 699 Quae
2962 633 3147 688 omnia
3174 635 3417 689 nondum
3464 635 3567 688 imo

1989 721 2130 791 pleta
2158 719 2405 784 fuerant,
2442 728 2608 790 atque
2639 719 2692 774 in
2712 717 2851 776 Filio
2868 719 2959 776 Dei
2993 730 3114 792 post
3144 737 3318 778 annos
3347 723 3568 778 circiter

1988 811 2136 865 mille
2163 825 2227 865 ac
2256 818 2547 868 sexcentos
2574 811 2759 880 perfici
2789 812 3078 867 debebant.
3103 814 3284 880 Quare
3304 829 3425 883 quae
3444 824 3565 883 post

1988 909 2069 956 tot
2098 902 2480 972 generationes
2513 904 2776 958 eventura
2808 902 2937 958 olim
2965 914 3147 967 erant.
3179 905 3404 975 perinde
3434 921 3496 960 ac
3517 906 3562 960 si

1989 992 2132 1048 facta
2161 993 2274 1062 jam
2321 1001 2530 1058 essent,
2577 993 2839 1064 propheta
2882 997 3161 1050 cernebat.
3206 995 3344 1051 Num
3400 997 3567 1068 igitur

1988 1084 2334 1141 mendacium
2371 1087 2502 1141 illud
2527 1087 3078 1160 erat?Nequaquam.
3107 1087 3303 1144 Verum
3327 1089 3470 1160 quod
3495 1090 3567 1143 di-

1988 1179 2128 1234 vinae
2182 1179 2539 1251 providentiae
2588 1180 2821 1237 consilio
2865 1179 3164 1251 gerendum
3233 1189 3288 1236 et
3329 1181 3566 1236 admiui.

1990 1271 2274 1326 strandum
2309 1279 2448 1336 erat,
2483 1272 2638 1342 quasi
2683 1271 2984 1342 perfectum
3011 1271 3125 1341 jam
3173 1282 3341 1336 esset,
3371 1273 3568 1330 certis-

1990 1365 2129 1417 sime
2158 1363 2541 1426 nuntiabatur,
2579 1377 2647 1417 ne
2676 1377 2785 1416 non
2833 1363 3042 1418 veritati
3076 1363 3209 1420 fides
3242 1363 3568 1433 haberetur,

1989 1470 2125 1509 neve
2151 1454 2218 1508 ad
2255 1461 2364 1508 tam
2392 1453 2722 1524 stupendum
2759 1461 2814 1508 et
2875 1454 3197 1509 inusitatum
3225 1456 3568 1526 mysterium,

1989 1545 2137 1618 quod
2187 1546 2484 1617 aliquando
2535 1544 2780 1599 futurum
2832 1552 2972 1608 erat,
3023 1545 3302 1616 propheta:
3349 1547 3569 1604 animus

1993 1638 2295 1694 haesitaret.
2353 1636 2546 1692 Nonne
2593 1637 2908 1692 vaticinium
2965 1637 3101 1692 illud
3155 1638 3570 1703 animadvertis,

1991 1729 2139 1801 quod
2170 1729 2429 1798 deinceps
2461 1727 2744 1784 subtexuit
2794 1725 2988 1794 Isaias,
3021 1743 3145 1782 cum
3178 1728 3252 1783 ita
3294 1727 3570 1798 loquitur.

1999 1824 2270 1891 Tanquam
2303 1819 2412 1873 oris
2443 1820 2511 1872 ad
2538 1819 2850 1874 occisionem
2880 1818 3068 1872 ductus
3104 1831 3203 1888 est;
3231 1829 3278 1874 et
3308 1829 3366 1872 ut
3405 1836 3574 1890 agnus

303 1933 523 1984 ροντος
553 1915 742 1970 αὐτὸν
769 1913 1026 1984 ἄφωνος,
1059 1915 1248 1982 οὕτως
1267 1916 1380 1970 οὐκ
1409 1915 1635 1984 ἀνοίγει
1662 1915 1728 1969 τὸ
1750 1917 1892 1970 στό-

2005 1928 2172 1966 :oram
2219 1911 2461 1965 tondente
2509 1910 2788 1974 obmutuit,
2834 1910 2911 1964 sic
2953 1926 3058 1964 non
3093 1912 3260 1978 aperit
3310 1927 3367 1965 os
3396 1927 3570 1965 suum.

303 2025 394 2077 μα
421 2007 630 2062 αὐτοῦ.
666 2007 786 2077 Τὴν
821 2006 890 2062 δὲ
923 2009 1134 2078 γενεὰν
1161 2007 1349 2062 αὐτοῦ
1382 2007 1475 2074 τίς
1506 2007 1852 2077 διηγήσεται
1871 2025 1890 2074 ;

318 2100 438 2153 ’Ὁτι
473 2101 699 2168 αἴρεται
731 2100 801 2154 ἐκ
841 2098 951 2166 τῆς
982 2099 1093 2169 τῆς
1118 2101 1156 2167 ἠ
1188 2099 1299 2167 ζωὴ
1333 2099 1540 2153 αὑτοῦ·
1593 2099 1690 2152 καὶ
1722 2098 1894 2153 δώσω

314 2190 458 2258 τοὺς
489 2191 794 2260 πονηροὺς
832 2191 967 2246 ἀντὶ
1015 2189 1122 2259 τῆς
1173 2189 1371 2260 ταφῆς
1423 2189 1630 2254 αὑτοῦ,
1683 2189 1779 2242 καὶ
1823 2187 1892 2242 τὰ

317 2279 482 2351 ὲξῆςς
509 2280 619 2335 Kal.
659 2279 845 2351 βλέπε,
885 2279 1005 2343 πῶς
1039 2280 1106 2334 τὰ
1141 2279 1332 2352 πρῶτα
1371 2279 1572 2351 ὕστερα
1597 2280 1887 2349 διηγεῖται,

315 2371 511 2426 καὶτὰ
545 2369 749 2444 ὕστερα
789 2372 864 2436 ὡς
905 2372 1166 2440 γεγονότα
1200 2370 1511 2443 ἐρμηνεύει,
1546 2372 1745 2443 φήσαςο
1799 2369 1894 2435 Ὠς

310 2465 612 2534 πρόϐατον
639 2466 738 2520 ἐπὶ
777 2464 1026 2536 σφαγὴν
1061 2464 1239 2535 ἤχθη.
1284 2467 1521 2538 Παρῳχη
1531 2463 1690 2535 μένον
1723 2463 1780 2517 δὲ
1808 2461 1892 2515 λέ-

309 2573 471 2626 γεται
500 2551 660 2612 εἶναι.
709 2558 783 2611 Οὐ
828 2557 940 2630 γὰρ
981 2554 1154 2623 εἶπεν,
1209 2558 1454 2626 Ἀγεται.
1497 2556 1609 2610 Καὶ
1644 2553 1797 2608 οὐπω
1826 2549 1897 2624 ἦν

309 2651 502 2724 ἀχθεὶς
527 2652 555 2704 ὁ
589 2649 694 2704 ὑπὸ
739 2650 962 2703 Ἡσαΐου
992 2649 1414 2721 κηρυττόμενος·
1491 2641 1708 2716 ἐλέγετο
1730 2645 1788 2699 δὲ
1818 2644 1898 2716 τῷ

311 2747 571 2820 προφήτῃ
599 2745 676 2808 ὼς
717 2743 820 2814 ἤδη
857 2742 1224 2814 γεγενημένον
1259 2740 1321 2794 τὸ
1351 2740 1530 2813 ἔργον.
1578 2737 1896 2811 Ἀπαράϐα-

309 2856 406 2902 τος
439 2837 547 2909 γὰρ
591 2832 660 2908 ἦν
695 2838 729 2909 ἡ
769 2834 910 2896 Θεοῦ,
935 2833 1313 2906 μυσταγωγία.
1351 2832 1441 2898 Ἐξ
1486 2832 1654 2904 αὐτῆς
1680 2830 1738 2884 δὲ
1765 2831 1899 2883 ὐπο-

311 2931 533 2995 σαίνων,
569 2927 751 2982 οὐκέτι
793 2927 871 2991 ὡς
907 2926 1170 2997 γενόμενα
1209 2925 1417 2992 ἔλεγεν,
1455 2925 1543 2977 ἵνα
1584 2923 1660 2994 μὴ
1691 2921 1899 2992 πλάνην

314 3022 480 3076 πάλιν
511 3019 911 3092 ἀπεργάσηται.
957 3014 1120 3069 Ἀλλά
1183 3033 1368 3087 φησιν,
1407 3013 1644 3083 Αἵρεται
1682 3013 1751 3066 ἐκ
1788 3012 1901 3081 τῆς

315 3112 437 3182 γῆς
473 3111 511 3180 ἠ
549 3110 660 3179 {ibi}
701 3109 910 3165 αὐτοῦ.
953 3110 1048 3164 Ἐκ
1078 3109 1133 3162 δὲ
1159 3110 1266 3162 τῶν
1306 3107 1400 3161 δύο
1428 3105 1752 3178 προφάσεων
1794 3103 1901 3158 δεί-

317 3222 481 3259 κνυσι
507 3203 604 3276 τὴν
627 3202 906 3274 ἀλήθειαν·
931 3203 1015 3256 ὅτι
1039 3201 1119 3266 τὸ,
1144 3199 1324 3269 ἢχθη.
1347 3199 1448 3271 ἤδη
1470 3195 1786 3261 ἐτελειοῦτο,
1805 3198 1902 3251 καὶ

1995 2003 2392 2060 Generationem
2438 2002 2550 2072 ejus
2592 2019 2750 2073 porro
2796 2003 2913 2074 quis
2961 2002 3276 2059 enarrabtt.’
3310 2003 3576 2070 Quoniam

1995 2097 2203 2151 tollitur
2233 2113 2260 2151 e
2297 2105 2436 2149 terra
2468 2096 2576 2149 vita
2610 2095 2814 2163 ipsius;
2842 2104 2890 2147 et
2915 2093 3052 2147 dabo
3092 2094 3330 2149 homines
3355 2109 3577 2164 nequam

1993 2204 2087 2258 pro
2118 2188 2390 2257 sepultura
2422 2187 2536 2256 ejus
2569 2185 2626 2235 '1'
2647 2184 2812 2242 Vides
2839 2195 2896 2239 ut
2923 2187 3101 2256 priora
3129 2186 3434 2257 posteriore
3459 2187 3579 2241 loco

1996 2286 2205 2338 narret.
2236 2288 2290 2332 et
2319 2278 2627 2349 posteriora
2663 2285 2922 2346 tanquam
2950 2279 3061 2348 jam
3094 2277 3234 2332 facta
3264 2279 3375 2333 sint
3405 2294 3576 2348 expo-

1995 2375 2124 2428 nat?
2143 2371 2419 2440 Tanquam
2438 2370 2570 2436 ovis,
2597 2369 2797 2441 inquit,
2828 2369 2896 2422 ad
2916 2369 3225 2424 occisionem
3255 2368 3445 2422 ductus
3461 2378 3580 2424 est:

1997 2463 2141 2534 quod
2163 2463 2308 2518 velut
2335 2463 2672 2533 praeteritum
2688 2461 3051 2533 signiﬁcatur.
3086 2460 3204 2516 Non
3236 2461 3380 2517 enim
3400 2461 3574 2517 dixit:

2001 2553 2256 2609 Ducctur.
2295 2553 2459 2626 Atqui
2496 2553 2738 2608 nondum
2780 2553 2979 2609 ductus
3019 2553 3109 2609 ille
3142 2552 3338 2618 fuerat,
3373 2553 3441 2608 de
3471 2569 3583 2625 quo

1999 2645 2400 2701 vaticinabatur
2445 2644 2617 2702 Isaias
2661 2664 2676 2701 :
2718 2654 2772 2702 et
2800 2653 2980 2700 tamen
3023 2660 3113 2701 res
3155 2645 3271 2716 ipsa
3318 2652 3579 2715 tanquam

1999 2737 2240 2809 perfecta
2269 2752 2298 2791 a
2326 2737 2590 2808 propheta
2613 2737 2961 2810 proponitur.
3004 2735 3143 2790 Nam
3191 2737 3582 2807 mysteriorum

2003 2830 2094 2886 illa
2134 2830 2414 2902 prOphctec
2443 2829 2626 2886 oblata
2660 2829 2926 2886 divinitus
2978 2829 3252 2886 institutio
3297 2830 3578 2901 praeterire

2003 2929 2100 2978 aut
2125 2921 2326 2978 infecta
2361 2938 2485 2979 esse
2517 2938 2627 2977 non
2665 2931 2897 2994 poterat.
2939 2921 3008 2976 At
3037 2922 3298 2993 deinceps
3332 2937 3585 2994 progres-

2004 3029 2097 3069 sus
2130 3023 2326 3068 caetera
2351 3029 2460 3068 non
2489 3013 2604 3083 jam
2639 3014 2786 3069 velut
2819 3011 2960 3068 facta
2985 3012 3327 3084 pronuntiat,
3356 3027 3422 3067 ne
3448 3011 3589 3066 frau-

2004 3104 2091 3159 dis
2118 3112 2283 3175 atque
2310 3105 2518 3161 erroris
2554 3105 2887 3175 praeberetur
2927 3105 3170 3161 occasio.
3224 3103 3438 3176 1064
3482 3105 3589 3159 lta-

2006 3210 2114 3265 que
2136 3235 2151 3260 ,
2181 3194 2434 3262 Tollitur,
2470 3195 2670 3266 inquit,
2703 3212 2731 3250 ε
2764 3205 2904 3250 terra
2942 3197 3049 3250 rita
3091 3196 3278 3263 ipsius.
3315 3195 3588 3251 Caeterum

313 3296 677 3365 τδ,λαῑρεται,
707 3293 1006 3364 μετέπειτα
1026 3288 1344 3362 ἐπληροῦτο·
1385 3289 1470 3342 ἵνα
1497 3288 1605 3368 ἀπο
1632 3287 1727 3341 τοῦ
1750 3304 1898 3356 γεγο-

2005 3287 2220 3341 duobus
2254 3286 2364 3341 illis
2396 3287 2762 3357 argumentis,
2798 3287 3008 3342 Oraculi
3037 3289 3326 3343 veritatem
3357 3287 3586 3343 demon-

309 3387 466 3442 νέναι
493 3387 694 3456 νοήσῃς
718 3384 779 3438 τὸ
809 3381 1009 3452 ἀληθὲς
1060 3380 1155 3434 καὶ
1188 3378 1249 3433 τὸ
1291 3379 1487 3447 πάγιον
1513 3378 1613 3447 τῆς
1633 3376 1730 3430 τοῦ
1759 3375 1895 3429 Θεοῦ

313 3479 675 3550 ἐπαγγελίας.
716 3476 850 3531 Ἀπδ
876 3475 933 3530 δὲ
963 3474 1057 3529 τοῦ
1091 3473 1376 3545 μέλλοντος
1403 3471 1622 3525 ἔσεσθαι
1650 3469 1740 3523 τὸν
1770 3469 1897 3540 χρό-

313 3587 411 3626 νον
441 3568 759 3631 άπεικάσεις
786 3564 894 3620 τῶν
920 3562 1459 3634 ἀποκαλυπτομένων
1492 3558 1828 3632 μυστηρίων.

2006 3381 2164 3434 stt-at.
2195 3377 2332 3432 Nam
2368 3378 2486 3434 haec
2525 3395 2652 3445 vox,
2684 3378 2874 3434 ductus
2908 3389 3007 3445 est,
3040 3394 3154 3434 rem
3180 3380 3290 3450 jam
3321 3387 3435 3434 tum
3462 3396 3591 3451 per-

2009 3471 2204 3525 fectam
2236 3467 2406 3525 fuisse
2454 3469 2763 3541 significat;
2797 3471 2928 3526 illud
2975 3487 3129 3536 vero,
3179 3472 3406 3540 tollitur,
3447 3487 3602 3544 post-

2008 3561 2228 3616 modum
2262 3572 2348 3618 est
2380 3561 2701 3633 impletum;
2740 3569 2796 3616 ut
2829 3579 2897 3618 ex
2927 3577 2994 3617 eo
3025 3563 3171 3634 quod
3210 3563 3414 3619 factum
3454 3565 3590 3622 dici.

317 3674 435 3727 tur,
463 3661 660 3716 divina:
683 3656 1098 3730 pollicitationis
1121 3656 1403 3710 veritatem
1435 3668 1499 3708 ac
1525 3653 1878 3709 stabilitatem
1919 3654 2216 3726 intelligas.
2285 3653 2363 3709 Ex
2394 3671 2458 3711 eo
2495 3670 2622 3711 vero
2654 3655 2799 3726 quod
2835 3655 3078 3712 futurum
3115 3657 3494 3725 denuntiatur,
3521 3660 3590 3716 dc

316 3753 737 3827 mysteriorum.
791 3765 914 3822 qua:
967 3758 1086 3804 tum
1132 3749 1403 3819 explicata
1454 3755 1607 3811 sunt,
1653 3755 1902 3816 tempore
1937 3747 2316 3818 conjecturam
2355 3747 2534 3804 facere
2569 3749 2770 3818 possis.

395 3847 468 3900 Z'.
501 3843 658 3898 Οὕτω
697 3843 792 3896 καὶ
830 3841 925 3894 ἐπὶ
954 3843 1022 3912 τῇ
1050 3838 1240 3912 Μαρίᾳ
1269 3839 1298 3892 6
1326 3838 1556 3908 ἄγγελος
1589 3837 1903 3910 προέλεγεν,

2089 3838 2201 3894 VII.
2243 3838 2335 3897 Sic
2361 3842 2429 3898 de
2460 3842 2627 3897 Maria
2666 3840 2917 3912 praedixit
2942 3843 3196 3915 angelus,
3223 3858 3397 3916 eaque
3419 3843 3596 3914 sigui-
3673 3868 3680 3877 -

317 3938 460 4008 5περ
488 3934 712 4007 ἔμελλεν
752 3932 1132 4004 εἰσερχόμενος
1160 3933 1188 3987 ό
1218 3931 1402 4002 πατὴρ
1441 3929 1646 4001 ταύτης
1694 3931 1774 3994 εἰς
1814 3929 1898 3983 τὸν

2011 3934 2226 4001 ﬁcavit,
2261 3949 2384 4006 qua:
2447 3935 2597 3990 illius
2652 3943 2807 4007 pater
2846 3934 3070 3991 domum
3114 3953 3372 3993 reversus
3411 3952 3441 3990 a
3487 3937 3598 3993 Deo

313 4024 472 4085 οἷκον
503 4026 594 4081 τὸν
631 4026 763 4081 ἴδιον
805 4023 957 4096 παρὰ
999 4021 1133 4076 Θεοῦ
1160 4021 1507 4093 κομίζεσθαι,
1546 4021 1607 4074 τὸ
1637 4021 1706 4074 δι’
1741 4020 1898 4092 εὐχῆς

2009 4035 2417 4082 consecuturus
2450 4035 2628 4094 esset;
2658 4041 2784 4097 quae
2819 4027 3082 4082 nimirum
3125 4036 3355 4100 uterque
3394 4045 3597 4100 parcus

301 4120 548 4192 ,αἰτηθὲν
573 4118 660 4174 διὰ
687 4118 784 4188 τῆς
814 4114 907 4171 τοῦ
932 4114 1138 4187 πατρὸς
1166 4113 1259 4168 καὶ
1286 4114 1490 4185 μητρὸς
1513 4113 1801 4185 αἰτήσεως·
1827 4113 1898 4165 ὅτι

2010 4117 2240 4174 summis
2264 4133 2295 4171 a
2323 4117 2434 4171 Deo
2453 4119 2708 4188 precibus
2738 4119 3061 4188 postularet.
3105 4139 3121 4171 ι
3185 4119 3355 4187 Ecce,
3397 4119 3597 4190 inquit,

321 4234 350 4268 ε
400 4214 528 4268 Ἰδοὺ
557 4214 590 4282 ἡ
618 4211 755 4282 γυνή
789 4227 884 4263 σου
917 4205 1272 4277 συνειληφυία
1305 4207 1364 4258 ὲν
1393 4204 1610 4276 γαστρί·
1649 4224 1667 4255 ι
1705 4203 1793 4258 ἵνα
1823 4202 1898 4272 βε·

2023 4222 2167 4262 uxor
2196 4213 2288 4259 tua
2327 4201 2577 4273 concepit
2629 4205 2684 4260 in
2735 4220 2926 4277 utero;
2953 4229 2972 4263 ι
3014 4218 3072 4264 ιιι
3109 4211 3194 4267 his
3222 4212 3404 4266 verbis
3425 4193 3597 4266 tideiis

317 4304 495 4368 βιαίως
521 4299 803 4374 περαιώσῃ
824 4299 922 4370 τὴν
953 4297 1191 4351 διάνοιαν
1211 4294 1307 4349 τοῦ
1338 4294 1533 4348 πιστοῦ
1565 4295 1622 4346 ὲν
1651 4295 1718 4364 τῇ
1743 4295 1898 4360 ἐπαγ·

2017 4299 2259 4355 hominis
2289 4305 2524 4355 mentem
2556 4299 2611 4353 in
2647 4299 2812 4370 hujus
2845 4302 3101 4372 promissi
3137 4304 3168 4356 ti
3194 4304 3240 4358 le
3264 4305 3596 4358 corrobora-

316 4392 506 4463 γελίᾳ.
543 4389 714 4443 Τοῦτο
752 4390 810 4442 δὲ
841 4387 1034 4458 γέγονέ
1059 4403 1202 4440 τισιν
1233 4387 1314 4448 εἰς
1343 4384 1574 4455 πλάνην.
1628 4382 1898 4436 Ἀδύνατοη

2019 4400 2104 4447 ret
2141 4389 2523 4462 :quodipsum
2557 4395 2740 4447 tamen
2760 4393 2935 4447 fraudi
2969 4395 3250 4450 nonnullis
3279 4395 3397 4449 fuit.
3432 4396 3599 4466 Atqui

322 4485 440 4555 ⁹(ἀρ
465 4499 587 4538 τινα
615 4480 768 4554 παρὰ
798 4481 898 4550 τὴν
930 4480 1041 4533 τῶν
1064 4476 1368 4550 ἀνθρώπων
1390 4475 1551 4545 φύσιν
1573 4475 1666 4528 ἐπὶ
1689 4474 1789 4544 τῆς
1809 4475 1898 4544 γῆς

2017 4485 2136 4541 fieri
2177 4497 2286 4539 non
2319 4492 2520 4555 potest,
2564 4492 2623 4539 ut
2652 4485 2778 4555 quis
2811 4494 3009 4556 praeter
3039 4501 3388 4542 communem
3423 4488 3601 4543 homi-

317 4570 641 4645 γεννᾶσθαι.
681 4571 862 4642 Μόνῳ
889 4571 999 4642 γὰρ
1044 4567 1337 4640 διέπρεψεν
1372 4564 1543 4636 αὐτῷ·
1582 4565 1728 4635 μόνῳ
1766 4579 1898 4634 stap-

2021 4592 2147 4631 num
2176 4582 2430 4630 naturam
2470 4584 2734 4632 nascatur
2779 4576 2834 4631 in
2879 4577 3063 4633 terris.
3103 4577 3205 4634 Uni
3254 4579 3356 4633 hoc
3401 4595 3598 4634 conve-

317 4638 610 4740 ἐχώρησεν
642 4666 677 4736 ἡ
706 4638 1121 4736 φύσις.ί)ῦτως,
1149 4638 1224 4725 ὧς
1250 4659 1497 4731 πλάστης
1532 4659 1628 4713 καὶ
1666 4657 1888 4722 ὲξουσια

2024 4668 2211 4724 niebat
2251 4667 2366 4732 illi;
2395 4667 2489 4722 uni
2529 4675 2725 4723 natura
2761 4668 2951 4724 cessit.
3007 4669 3126 4734 llic,
3169 4670 3417 4742 inquam,
3451 4674 3602 4725 velut

321 4761 465 4832 στῆς
481 4758 575 4812 τοῦ
594 4757 941 4830 πράγματος,
962 4752 1154 4808 ἑαυτὸν
1169 4753 1278 4807 ἀπὸ
1290 4751 1571 4824 Παρθένου
1605 4749 1795 4821 ὥσπερ
1807 4747 1915 4804 άπὸ

318 4853 430 4924 τῆς
463 4855 568 4925 γῆς
627 4850 992 4910 ἀνεπλάσατο,
1017 4848 1149 4912 Θεὸς
1173 4848 1268 4901 ἀπ’
1295 4846 1540 4917 οὐρανῶν
1561 4842 1753 4908 ἐλθὼν,
1783 4843 1916 4914 σάρ-

318 4963 408 5003 sta
439 4945 800 5016 ινδυσάμενος
829 4945 859 4996 6
884 4943 1056 5010 Λόγος
1086 4941 1147 5006 ἐξ
1184 4940 1348 5011 ἁγίας
1385 4938 1686 5010 Παρθένου·
1715 4937 1776 4991 οὐ
1809 4935 1916 5008 μὴν

319 5039 392 5096 δὲ
418 5035 903 5111 προσκυνουμένης
927 5035 1027 5105 τῆς
1053 5032 1353 5106 Παρθένου·
1380 5031 1502 5086 οὐδὲ
1527 5030 1615 5084 ἵνα
1639 5029 1772 5084 Θεὸν
1793 5027 1920 5082 ταύ-

320 5148 436 5203 την
469 5129 873 5201 άπεργάσηταυ
933 5127 1036 5198 οὐχ
1076 5125 1165 5180 ἵνα
1201 5125 1281 5189 εἰς
1318 5125 1494 5196 ὄνομα
1538 5123 1917 5193 αὐτῆς’προσ-

323 5222 671 5290 ενέγκωμενο
700 5221 799 5289 οὐχ
823 5218 914 5272 ἵνα
940 5219 1208 5286 γυναῖκας
1239 5215 1400 5270 πάλιν
1420 5216 1622 5288 ἱερείας
1638 5214 1779 5286 μετὰ
1803 5231 1924 5268 τοσ-

319 5313 510 5376 αύτας
548 5311 744 5381 γενεάς
772 5310 1048 5382 ἀποδείξῃ.
1083 5309 1196 5362 Οὐκ
1228 5308 1520 5380 εὐδόκησεν
1552 5310 1581 5361 6
1605 5307 1738 5371 Θεὸς
1763 5305 1923 5360 τοῦτο

327 5411 400 5462 ὲν
447 5403 686 5477 Σαλώμη
729 5403 1006 5474 γενέσθαι,
1050 5403 1152 5455 οὐκ
1179 5404 1237 5455 ὲν
1274 5401 1416 5474 αὐτῇ
1457 5403 1524 5472 τῇ
1567 5400 1776 5473 Μαρίᾳ.
1810 5401 1923 5454 Οὐκ

325 5497 641 5568 ἐπέτρεψεν
669 5498 811 5567 αὐτῇ
839 5494 1027 5549 δοῦναι
1053 5493 1361 5565 βάπτισμα,
1386 5495 1488 5549 οὐκ
1509 5493 1926 5565 εὐλογῆσαιμα-

324 5590 530 5660 θητάς.
563 5591 638 5642 Οὐ
666 5589 728 5642 τὸ
756 5589 949 5660 ἄρχειν
985 5587 1080 5640 ἐπὶ
1107 5587 1206 5657 τῆς
1229 5587 1335 5657 γῆς
1363 5587 1669 5652 ἐκέλευσεν,
1701 5586 1732 5659 ἢ
1765 5589 1924 5659 μόνον

326 5679 588 5750 ἁγίασμα
631 5677 800 5749 αὐτὴν
848 5673 1008 5744 εἶναι,
1051 5677 1144 5730 καὶ
1187 5675 1591 5750 καταξιωθῆναι
1637 5680 1736 5751 τῆς
1762 5678 1926 5732 αὐτοῦ

413 5840 431 5871 ¹
465 5840 570 5893 lsa.
604 5855 717 5901 vnn,
755 5840 798 5894 ~3
837 5857 956 5910 sqq.
1035 5842 1054 5872 ²
1089 5838 1188 5894 lsa.
1227 5853 1340 5900 LIII,
1387 5838 1416 5889 7
1450 5853 1570 5908 sqq.

2022 4757 2217 4814 artifex
2278 4775 2342 4814 ac
2382 4759 2662 4826 dominus,
2716 4760 3073 4832 semetipsum
3121 4777 3151 4816 e
3189 4761 3432 4831 Virgine.
3483 4773 3600 4818 tauv

2023 4867 2187 4922 quam
2221 4867 2252 4908 e
2281 4860 2450 4918 terra,
2483 4851 2775 4907 formavit:
2812 4852 2954 4909 Deus
2993 4870 3024 4909 e
3052 4855 3191 4909 coclo
3225 4855 3566 4913 descendens
3588 4896 3603 4920 ,

2025 4943 2311 5000 Verbume
2330 4941 2548 5016 Virgine
2573 4955 2890 5019 susceptum
2920 4961 3122 5017 corpus
3152 4947 3418 5016 inducus;
3494 4966 3604 5004 non

2026 5037 2152 5092 ideo
2185 5045 2392 5101 tamen,
2431 5047 2490 5092 ut
2511 5037 2627 5091 haec
2657 5036 2872 5091 adorari
2899 5037 3115 5105 debeat,
3153 5049 3248 5094 aut
3285 5049 3345 5094 ut
3375 5058 3496 5098 eam
3526 5046 3609 5099 di.

2028 5130 2214 5186 vinam
2248 5129 2314 5184 ad
2363 5138 2616 5185 naturam
2647 5129 3132 5203 conditionemque
3170 5134 3494 5199 transferat,
3519 5153 3615 5192 ne-

2030 5237 2138 5294 que
2176 5229 2237 5276 ut
2262 5222 2596 5278 sacrificium
2641 5222 2790 5279 illius
2821 5222 2875 5278 in
2905 5240 3103 5281 nomen
3138 5225 3618 5298 oﬂ'eratur,nequc

2001 5323 2191 5394 .tanto
2239 5315 2531 5370 intervallo
2575 5315 2833 5371 mulieres
2883 5319 3202 5376 sacerdotes
3232 5321 3617 5375 instituantur.

2032 5409 2150 5465 Hoc
2173 5425 2242 5465 ne
2273 5409 2327 5464 in
2373 5409 2593 5463 Salome
2622 5409 2843 5478 quidem
2883 5409 3001 5465 furi
3031 5412 3202 5466 voluit
3230 5409 3395 5478 Deus,
3427 5426 3527 5466 nec
3562 5413 3617 5465 in

2033 5499 2226 5554 Maria.
2261 5498 2379 5554 Non
2409 5499 2458 5554 ei
2495 5499 2812 5568 baptizandi
2856 5509 3179 5572 potestatem
3214 5500 3360 5567 fecit,
3396 5517 3502 5556 non
3528 5503 3613 5557 di-

2036 5591 2264 5662 scipulis
2316 5590 2664 5656 benedicere,
2703 5609 2812 5647 non
2867 5595 2921 5649 in
2968 5595 3130 5648 terris
3173 5610 3408 5660 praeesse
3460 5610 3616 5650 man-

2037 5683 2220 5751 davit;
2251 5683 2347 5742 sed
2383 5685 2486 5740 hoc
2530 5701 2699 5740 unum
2743 5689 2935 5752 voluit,
2980 5696 3036 5741 ut
3089 5695 3342 5742 sanctum
3395 5689 3526 5759 quid
3566 5695 3618 5743 et
