3958 6394
425 391 522 450 πει

1829 379 1886 448 5.
1930 375 2280 435 ΕΡΙΡΗᾹΝΙῘ
3563 369 3647 428 7εὲ

431 521 823 572 consecratum
865 519 1034 577 esset,
1065 526 1129 567 ac
1163 507 1392 566 caeleste
1422 519 1649 578 regnum
1683 501 2021 573 adipiscereo

2134 494 2423 568 βασιλείας.
2459 493 2536 548 Οὐ
2565 489 2666 564 τὴν
2697 487 3038 561 καλουμένην
3060 486 3173 559 (li)
3207 487 3410 559 μητέρα
3440 484 3648 556 Ῥούφουι

432 619 544 662 tur.
578 605 686 662 Sed
719 622 819 662 ncc
859 605 961 670 illi,
1002 619 1126 674 qua:
1156 601 1280 656 Rufi
1322 607 1500 655 mater
1530 596 1861 668 appellatur,
1888 608 2016 648 eum

434 700 664 754 honoris
707 698 938 769 gradum
989 695 1186 750 detulit
1223 712 1236 749 :
1271 707 1450 762 neque
1497 687 1825 744 mulieribus
1872 685 2019 748 aliis,

429 805 553 862 qua:
585 806 616 845 e
643 789 864 843 Galilrea
899 794 1104 842 secuta:
1133 783 1350 839 fuerant
1379 781 1429 847 ¹;
1457 792 1633 849 neque
1662 775 1887 830 Marthae
1917 771 2022 828 La-

431 881 544 936 uri
574 895 639 934 ac
665 877 850 932 Maria:
878 875 1094 942 sorori;
1124 888 1236 929 non
1268 871 1367 926 ulli
1403 869 1641 938 denique
1675 873 2018 927 sanctarum,

2121 590 2186 644 ού
2210 589 2308 652 τὰς
2330 585 2772 657 άκολουθησάσας
2795 581 2904 636 ἀπὸ
2926 579 3235 643 Γαλιλαίας·
3267 580 3327 632 οὑ
3350 579 3445 649 τὴν
3462 578 3655 648 Μάρθαν

2121 681 2223 750 τὴν
2251 677 2488 749 ἀδελφὴν
2515 673 2768 747 Λαζάρου
2793 674 2889 727 καὶ
2914 671 3152 743 Μαρίας·
3176 669 3238 724 οὗ
3266 687 3383 723 τινα
3399 667 3500 721 τῶν
3520 668 3658 736 ἁγίων

2121 771 2399 841 γυναικῶν
2435 766 2878 835 καταξιωθεισῶν
2917 764 3024 818 ὑπὸ
3059 766 3160 835 τῆς
3202 761 3368 817 αὑτοῦ
3401 761 3662 831 παρουσίας

2125 864 2385 935 σωθῆναι,
2446 859 3012 932 ὲξυπηρετησαμένων
3067 856 3218 926 αὐτῷ
3274 857 3338 908 ὲκ
3392 853 3494 908 τῶν
3547 853 3663 906 ἰδίων

2125 955 2501 1026 ὑπαρχόντων
2541 953 2604 1006 οὐ
2636 953 2736 1022 τὴν
2765 952 3001 1021 γυναῖκα
3028 949 3126 1021 τὴν
3160 950 3466 1003 Χανανῖτιν·
3501 947 3556 1000 ού
3585 946 3664 1016 τὴν

2124 1044 2526 1118 αἱμοῤῥοοῦσαν
2580 1045 2675 1098 καὶ
2707 1043 3080 1114 σεσωσμένην,
3111 1040 3173 1094 οὗ
3199 1058 3318 1094 τινα
3343 1040 3449 1094 τῶν
3475 1041 3556 1093 ἐπὶ
3585 1039 3666 1106 τῆς

2123 1138 2228 1208 γῆς
2268 1134 2544 1204 γυναικῶν
2581 1132 2741 1187 τοῦτο
2792 1134 2967 1186 ποιεῖν
3014 1131 3313 1202 προσέταξε
3361 1131 3421 1184 τὸ
3463 1130 3665 1199 ἀξίωμα.

2127 1228 2300 1282 Πόθεν
2332 1228 2512 1282 τοίνυν
2554 1225 2718 1279 πάλιν
2759 1225 2894 1295 ἡμῖν
2938 1223 3349 1298 κυκλοδράκωνς
3381 1221 3534 1276 πόθεν
3560 1222 3666 1276 ava-

2125 1319 2430 1383 καινίζεται
2472 1316 2542 1370 τά
2593 1315 2785 1369 σκολιὰ
2834 1314 3204 1385 βουλεύματα;
3259 1314 3350 1368 Ἐν
3392 1317 3519 1384 τιμῇ
3559 1313 3672 1365 έστω

2125 1409 2331 1483 Μαρία·
2356 1410 2386 1460 ὁ
2405 1409 2461 1462 δὲ
2483 1407 2696 1478 Πατὴρ,
2721 1406 2817 1460 καὶ
2837 1406 2984 1468 Υἱὸς,
3009 1407 3278 1474 καῖ’ἆγιον
3294 1403 3513 1473 Πνεῦμα
3534 1419 3673 1474 προσ-

2126 1500 2413 1556 κυνείσθω·
2445 1501 2546 1569 τὴν
2573 1499 2794 1570 Μαρίαν
2825 1497 3017 1569 μηδεὶς
3043 1497 3438 1568 προσκυνείτω.
3465 1497 3535 1548 Oti
3556 1495 3675 1564 λέγω

2127 1596 2370 1667 γυναικὶ,
2403 1594 2518 1649 ἀλλ’
2560 1593 2680 1648 οὐδὲ
2711 1593 2886 1664 ἀνδρὶ,
2928 1591 3047 1663 Θεῷ
3089 1591 3485 1664 προστέτακται
3514 1591 3569 1644 τὸ
3597 1608 3678 1659 μυ·

2128 1687 2370 1758 στήριον.
2398 1686 2537 1739 Οὔτε
2563 1683 2787 1754 ἄγγελοι
2821 1682 3060 1756 χωροῦσι
3095 1681 3406 1751 δοξολογίαν
3435 1681 3675 1751 τοιαύτην.

430 982 552 1036 qua:
586 965 819 1021 salutem
845 965 997 1019 illius
1029 963 1267 1017 adventu
1308 963 1752 1030 promeruerunt,
1792 966 2024 1025 qumque

431 1058 536 1128 ipsi
583 1057 652 1112 de
697 1057 814 1112 suis
860 1054 1100 1110 fortunis
1139 1051 1451 1108 necessaria
1504 1045 2019 1105 subministrabant.

431 1149 620 1220 Neque
639 1163 807 1220 porro
833 1147 1159 1202 Chananaaa:
1187 1145 1403 1200 mulieri
1430 1145 1473 1210 ί,
1502 1143 1584 1197 vel
1608 1141 1681 1208 ei,
1709 1155 1876 1211 quam
1895 1154 2024 1195 san-

429 1239 616 1309 guinis
643 1236 917 1310 prolluvio
952 1237 1232 1300 liberarat,
1269 1235 1352 1290 vel
1385 1233 1548 1288 alicui
1579 1232 1808 1287 omnino
1831 1231 1887 1285 in
1915 1239 2020 1285 ter-

434 1333 511 1388 ris
545 1331 763 1387 feminae
791 1330 1111 1401 dignitatem
1147 1327 1292 1382 illam
1323 1325 1591 1380 attribuit.
1623 1323 1756 1390 Quae
1787 1338 1912 1378 cum
1950 1324 2024 1376 ita

433 1425 565 1487 sint,
602 1422 746 1477 unde
788 1421 947 1475 nobis
985 1421 1154 1474 draco
1189 1419 1292 1473 iste
1338 1417 1597 1473 volubilis
1627 1417 1893 1472 emersit?
1925 1431 2027 1470 cur

432 1516 651 1584 obliqua
677 1510 986 1580 callidaque
1043 1510 1276 1564 consilia
1299 1508 1682 1564 renovantur?
1710 1505 2026 1560 Honoretur

433 1622 564 1661 sane
599 1604 804 1658 Maria:
841 1601 1004 1657 Pater
1035 1617 1186 1668 vero,
1215 1600 1389 1657 Filius
1423 1609 1478 1655 et
1528 1597 1773 1670 Spiritus
1797 1606 2026 1654 sanctus

431 1700 758 1764 adorentur;
781 1695 1011 1751 Mariam
1033 1695 1265 1751 adorare
1297 1709 1462 1749 nemo
1496 1694 1646 1748 velit.
1675 1691 1888 1763 1065
1906 1690 2026 1747 Non

428 1792 575 1847 enim
617 1789 862 1855 mulieri,
893 1803 957 1843 ac
985 1803 1055 1843 ne
1083 1789 1206 1842 viro
1233 1787 1479 1858 quidem,
1515 1786 1610 1842 sed
1638 1787 1730 1840 uni
1765 1785 1876 1841 Deo
1902 1801 2024 1857 my-

2140 1777 2541 1847 Ἐξαλειφέσθω
2589 1776 2657 1830 τὰ
2705 1775 2895 1839 κακῶς
2941 1775 3222 1847 γραφέντα
3262 1775 3322 1827 έν
3365 1773 3554 1846 καρδία
3592 1772 3680 1826 τῶν

430 1881 660 1936 sterium
691 1877 828 1933 illud
869 1877 1166 1948 cultusque
1197 1877 1460 1932 tribuitur
1488 1896 1502 1932 :
1539 1876 1676 1932 adeo
1708 1885 1767 1932 ut
1795 1892 1896 1932 nec
1921 1893 2023 1932 an~

2134 1869 2514 1941 ἠπατημένων·
2541 1867 2912 1940 ἀμαυρούσθω
2939 1866 2998 1933 ἐξ
3026 1864 3320 1936 ὀφθαλμῶν
3354 1865 3417 1918 τὺ
3452 1864 3682 1933 έγκίσση·

432 1971 537 2042 geli
571 1970 676 2040 ipsi
700 1976 858 2024 tanto
887 1968 1085 2024 honori
1113 1984 1273 2040 pares
1298 1984 1421 2024 esse
1445 1968 1753 2024 videantur.
1790 1967 2022 2023 Delean-

431 2068 525 2116 tur
562 2060 769 2130 itaque,
814 2073 937 2128 qua:
973 2059 1028 2114 in
1070 2059 1398 2113 miserorum
1443 2057 1728 2113 hominum
1761 2057 2024 2114 cordibus

433 2147 576 2202 male
626 2157 756 2202 sunt
803 2148 1090 2219 inscripta.
1135 2147 1534 2218 Exstinguatur
1573 2146 1793 2216 penitus
1842 2147 2024 2202 malus

434 2240 525 2296 ille
561 2239 705 2295 fetus
736 2239 804 2294 ad
833 2239 1106 2295 infelicem
1139 2239 1391 2294 arborem
1425 2248 1754 2309 conceptus.
1777 2239 2023 2295 Conver-

429 2339 580 2386 tatur
595 2347 736 2403 opus
753 2333 934 2403 ipsum
966 2331 1032 2386 ad
1050 2329 1343 2385 Dominum
1364 2330 1819 2401 conditoremque
1835 2347 2019 2387 suum.

432 2420 600 2476 Evam
628 2436 754 2476 cum
786 2421 999 2474 Adamo
1035 2419 1273 2489 conjuge
1317 2417 1386 2472 ad
1427 2415 1599 2472 Deum
1652 2419 1832 2474 solum
1861 2433 2025 2473 vene-

431 2513 667 2568 randum
711 2511 888 2583 pudor
924 2511 1143 2566 tandem
1189 2507 1489 2580 aliquando
1531 2508 1855 2578 compellat;
1889 2523 2024 2563 neve

2129 1978 2210 2032 μα
2238 1961 2333 2014 τοῦ
2370 1959 2548 2024 ξύλουο
2579 1958 2891 2034 ἐπιστρέψῃ
2928 1957 3092 2012 πάλιν
3112 1957 3174 2011 τὸ
3202 1956 3433 2028 πλάσμα
3455 1957 3584 2028 πρὸς
3609 1955 3684 2008 τὸν

2126 2053 2422 2124 Δεσπότην.
2479 2051 2857 2124 Ἐντρεπέσθω
2887 2049 3002 2106 Εΰα
3061 2050 3199 2122 μετὰ
3238 2048 3335 2104 τοῦ
3380 2049 3546 2120 ’Δδὰμ
3575 2047 3686 2100 Θεὸν

2125 2146 2292 2218 τιμᾷν
2336 2145 2516 2217 μόνον’
2568 2143 2644 2216 μὴ
2691 2141 2910 2212 ἀγέσθω
2953 2145 3021 2214 τῇ
3049 2141 3146 2195 τοῦ
3182 2141 3363 2212 ὄφεως
3397 2143 3563 2213 φωνῇ·
3591 2139 3688 2193 ἀλλ’

2127 2241 2415 2312 έμμενέτω
2445 2243 2513 2313 τῇ
2546 2238 2640 2294 τοῦ
2669 2238 2807 2293 Θεοῦ
2842 2235 3163 2310 προστάξει·
3211 2236 3308 2307 Μὴ
3359 2236 3550 2309 φάγῃς
3591 2236 3688 2291 ἀπὸ

2127 2334 2235 2389 τοῦ
2265 2333 2480 2399 ξύλου.
2514 2333 2627 2387 Καὶ
2646 2328 2715 2404 ἦν
2735 2331 2798 2386 τὸ
2819 2331 2975 2396 ξύλον
3023 2331 3084 2386 οὐ
3114 2329 3313 2400 πλάνη.
3343 2330 3484 2384 ἀλλὰ
3507 2328 3589 2382 διὰ
3612 2323 3690 2379 τοῦ

2129 2423 2288 2490 ξύλου
2325 2426 2546 2494 γέγονεν
2587 2427 2621 2496 ἡ
2665 2424 2918 2496 παρακοὴ
2961 2424 3061 2494 τῆς
3107 2422 3336 2494 πλάνης.
3382 2422 3475 2492 Μὴ
3504 2420 3694 2492 φαγέτω

2128 2534 2212 2580 τις
2236 2517 2344 2571 ἀπὸ
2386 2515 2488 2588 τῆς
2531 2515 2742 2588 πλάνης
2767 2515 2868 2584 τῆς
2901 2515 2988 2569 διὰ
3017 2514 3236 2586 Μαρίαν
3265 2513 3369 2586 τὴν
3396 2515 3573 2584 ἁγίαν.
3603 2513 3696 2567 Καὶ

431 2604 706 2676 serpentis
751 2617 854 2658 vox
901 2602 1051 2656 illam
1095 2600 1371 2670 decipiat,
1409 2599 1503 2655 sed
1537 2598 1592 2652 in
1635 2597 1730 2654 Dei
1766 2599 2026 2654 mandato

2134 2607 2263 2680 γάρ,
2310 2609 2359 2662 εί
2398 2609 2493 2662 καὶ
2519 2607 2720 2680 ὡραῖον
2753 2607 2815 2661 τὺ
2850 2606 3030 2674 ξύλον,
3071 2607 3188 2660 ἀλλ’
3232 2607 3335 2660 οὐκ
3385 2608 3468 2670 είς
3505 2605 3692 2678 βρῶμα.

432 2694 737 2764 persistat:
768 2690 846 2745 De
871 2691 1013 2761 ligno
1046 2707 1110 2744 ne
1139 2689 1385 2744 comedas
1418 2689 1458 2741 ⁸.
1493 2687 1822 2760 Quanquam
1847 2691 1901 2744 in
1932 2705 2024 2744 ar-

2134 2698 2246 2751 Kal.
2274 2698 2323 2751 εί
2348 2697 2612 2768 καλλίστη
2640 2696 2904 2768 ἡΜαρία,
2936 2696 3032 2750 καὶ
3053 2695 3202 2765 ἁγία,
3234 2694 3333 2748 καὶ
3357 2695 3698 2768 τετιμημένη,

433 2787 566 2840 bore
601 2786 720 2854 ipsa
753 2797 1102 2854 nequaquam
1134 2797 1292 2837 error
1322 2781 1448 2848 fuit,
1496 2780 1593 2836 sed
1637 2797 1737 2852 per
1771 2783 2024 2838 arborem

2134 2787 2248 2842 ἀλλ’
2280 2789 2381 2842 οὐκ
2411 2789 2493 2853 είς
2517 2788 2577 2841 τὸ
2602 2787 3048 2860 προσκυνεῖσθαι.

432 2876 799 2931 contumacia:
820 2891 979 2930 error
994 2873 1274 2930 admissus
1291 2881 1396 2928 est.
1417 2871 1652 2929 Perinde
1680 2875 1847 2947 igitur
1865 2892 2029 2934 nemo
2057 2895 2303 2938 errorem
2337 2881 2490 2935 illum
2522 2880 2797 2952 degustet,
2837 2881 2930 2952 qui
2968 2879 3153 2935 Maria:
3223 2882 3524 2936 occasione
3587 2895 3701 2935 con-

435 2967 598 3025 flatus
624 2975 730 3023 est.
767 2967 920 3024 Licet
951 2969 1097 3023 enim
1122 2966 1495 3038 pulcherrima
1523 2969 1687 3025 arbos
1716 2979 1886 3034 esset,
1905 2986 2018 3028 non
2073 2981 2256 3031 tamen
2298 2973 2366 3029 ad
2401 2975 2584 3030 cibum
2611 2974 2937 3030 constituta.
2974 2975 3050 3028 Ita
3103 2973 3360 3044 quamvis
3403 2973 3569 3029 Maria
3631 2973 3700 3027 vel

434 3063 641 3134 Optima
672 3059 860 3126 fuerit,
899 3075 963 3116 ac
985 3069 1197 3120 sancta.
1225 3071 1279 3116 et
1301 3062 1513 3117 honore
1541 3060 1890 3133 dignissima,
1916 3079 2027 3120 non
2066 3065 2277 3123 idcirco
2305 3075 2488 3120 tamen
2523 3067 2846 3122 adoratione
2875 3065 3279 3138 prosequenda.

508 3150 645 3208 Vill.
687 3152 1058 3220 Quamobrem
1095 3152 1261 3223 hujus
1285 3162 1451 3210 secta:
1479 3155 1742 3210 mulieres
1767 3155 1900 3210 illud
1928 3157 2026 3213 de-

2205 3161 2288 3214 H'.
2324 3153 2492 3214 Δῦται
2519 3160 2578 3214 δὲ
2609 3159 2772 3214 πάλιν
2799 3159 3216 3224 άνακαινίζουσι
3251 3160 3320 3230 τῇ
3361 3158 3504 3231 τύχῃ
3531 3158 3588 3212 τὸ
3631 3159 3707 3212 κέ-

435 3260 548 3300 nuo
581 3244 920 3300 olli-rendam
991 3244 1226 3302 fortunae
1281 3246 1539 3318 poculum
1591 3247 1927 3314 instaurant,
1966 3264 2030 3306 ac

2139 3268 2328 3324 ρασμα
2350 3295 2364 3318 ,
2409 3251 2504 3306 καὶ
2539 3251 2886 3324 ἑτοιμάζουσι
2938 3251 3017 3322 τῷ
3063 3251 3316 3322 δαίμονι,
3352 3252 3450 3304 καὶ
3493 3251 3554 3304 ού
3584 3248 3707 3319 Θεῷ,

434 3337 688 3402 (Ιαξιηοηί,
715 3353 820 3392 non
849 3335 983 3401 Dco,
1020 3354 1268 3394 mensam
1308 3340 1622 3407 instruunt,
1653 3341 1731 3395 uti
1767 3341 2030 3412 scriptum

2134 3345 2234 3416 τὴν
2272 3344 2552 3416 τράπεζαν
2578 3385 2594 3410 ,
2625 3344 2768 3399 κατὰ
2807 3344 2870 3398 τὸ
2901 3343 3287 3415 γεγραμμένον
3305 3359 3321 3374 ·
3370 3343 3470 3400 καὶ
3521 3343 3708 3396 σιτοῦν-

436 3438 559 3496 est;
596 3443 660 3484 ac
682 3429 822 3484 cibis
858 3429 1042 3500 impiis
1071 3437 1370 3487 vescuntur
1399 3450 1414 3487 :
1459 3431 1510 3486 id
1543 3434 1690 3503 quod
1716 3447 1889 3488 sacrae
1921 3430 2030 3486 Lit-

2135 3453 2225 3492 ται
2257 3438 2380 3490 σῖτα
2419 3436 2706 3503 ἀσεϐείας,
2761 3437 2837 3501 ὣς
2869 3453 3035 3506 φησιν
3077 3438 3106 3490 ὁ
3141 3435 3284 3501 θεῖος
3304 3437 3470 3509 λόγος
3492 3455 3506 3468 ·
3535 3435 3638 3490 Kal
3660 3435 3710 3486 al

437 3529 566 3574 ter-ae
594 3526 866 3573 testantur
906 3540 918 3574 :
956 3519 1206 3576 Mulieres
1241 3521 1491 3592 subigunt
1533 3522 1766 3591 farinam
1795 3562 1810 3587 ,
1840 3533 1890 3577 et
1932 3523 2030 3592 ﬁlii

2137 3529 2424 3600 γυναῖκες
2453 3520 2728 3598 τρίϐουσι
2761 3529 2970 3596 σταῖς,
3012 3529 3115 3584 καί
3149 3533 3203 3585 οι
3235 3531 3355 3585 υἱοί
3400 3530 3712 3594 συλλέξου-

436 3610 694 3681 colligunt
743 3609 910 3681 ligna,
955 3621 1013 3664 ut
1047 3611 1252 3682 faciant
1285 3613 1560 3682 placentas
1606 3615 1817 3668 militia:
1852 3614 2030 3672 cwli‘.

2137 3622 2236 3675 σιτ
2261 3621 2418 3687 ξύλα
2445 3621 2695 3692 ποιῆσαι
2721 3622 3000 3692 χαυῶνας
3023 3621 3100 3691 τῇ
3122 3625 3410 3692 στρατείᾳ
3438 3625 3546 3678 τοῦ
3563 3625 3712 3690 οὐρα»

438 3700 726 3769 Ejusmodi
777 3700 1119 3758 mulierculis
1169 3701 1438 3758 Jeremias
1492 3719 1556 3760 os
1609 3706 1898 3770 obstruat;
1935 3720 2030 3760 nec

2137 3711 2270 3767 νοῦ.
2304 3711 2697 3783 Φιμούσθωσαν
2725 3713 2830 3767 ὑπὸ
2865 3715 3129 3786 Ἱερεμίου
3168 3715 3508 3771 αἱτοιαῦται
3543 3717 3711 3786 γυναί-

367 3867 376 3875 _
445 3794 684 3863 amplius
711 3801 983 3847 terrarum
1019 3791 1207 3846 orbem
1237 3795 1602 3861 conturbent,
1627 3812 1765 3854 neve
1789 3796 1936 3851 istud
1959 3797 2030 3866 ja-

2140 3821 2273 3870 κες,
2322 3805 2418 3858 καὶ
2475 3806 2551 3877 μὴ
2611 3805 3014 3878 θορυὸείτωσαν
3047 3807 3150 3880 τὴν
3213 3809 3548 3881 οἰκουμένην
3579 3828 3592 3841 ·
3650 3808 3713 3878 μὴ

453 3885 649 3939 ctilcnt
683 3902 696 3938 :
726 3881 860 3938 ϐαξιὶ
892 3883 1130 3952 reginam
1159 3883 1482 3940 honoramus
1509 3888 1553 3940 ⁸.
1583 3886 1746 3944 Novit
1782 3887 2030 3960 Taphncs

2139 3894 2477 3965 λεγέτωσαν·
2512 3898 2775 3969 Τιμῶμεν
2809 3898 2926 3969 τὴν
2971 3901 3363 3966 βασίλισσαν
3398 3902 3510 3957 τοῦ
3555 3905 3713 3970 οὐρα·

450 3973 914 4045 quemadmodum
980 3974 1312 4030 ulciscendze
1371 3975 1477 4031 illa:
1516 3977 1645 4034 sint.
1695 3977 1856 4035 Novit
1887 3979 2030 4052 Mag-

2138 3989 2272 4044 νοῦ.
2311 3984 2434 4044 Οίδε
2469 3989 2575 4063 γάρ
2613 3991 2834 4061 Ταφνὰς
2858 3991 3064 4057 ταύτας
3091 3994 3484 4065 τιμωρεῖσθαι.
3519 3995 3712 4048 Οἵδασιν

441 4065 707 4120 dulorum
786 4063 938 4134 regio
988 4063 1203 4132 objecta
1235 4064 1452 4121 illarum
1495 4067 1759 4124 cadavera
1815 4070 1882 4125 ad
1938 4087 2030 4142 pu-

2139 4081 2190 4132 oi
2228 4080 2381 4136 τόποι
2406 4082 2740 4151 Μαγδούλων
2770 4084 2882 4155 (15)
2914 4084 3122 4139 τούτων
3154 4063 3509 4158 τὰσώματα
3541 4087 3714 4140 ὑποδέ-

452 4153 853 4210 ιπϊίιιρῑεηᾱυῐη
878 4156 1151 4226 excipere.
1180 4154 1325 4221 Noli,
1354 4172 1389 4211 ο
1419 4155 1606 4226 Israel,
1631 4160 1842 4217 mulieri
1876 4162 2036 4218 fidem

443 4249 724 4303 adhibere.
770 4248 984 4302 Revoca
1010 4256 1062 4303 te
1089 4263 1119 4302 a
1175 4265 1359 4321 prava:
1388 4251 1634 4307 mulieris
1662 4255 1914 4310 consilio.
1953 4256 2042 4310 Si-

441 4341 664 4410 quidem
727 4340 928 4396 mulicr
977 4341 1252 4411 pretiosas
1290 4343 1531 4398 virorum
1579 4346 1793 4404 animas
1833 4356 2037 4419 captat.

443 4434 622 4504 llujus
667 4435 835 4505 pedes
890 4450 1027 4499 eos,
1111 4436 1442 4504 quibuscum
1522 4440 1858 4504 consuescit,
1914 4457 2040 4495 cum

443 4536 619 4583 morte
710 4526 777 4581 ad
841 4525 1051 4581 inferos
1099 4525 1376 4582 deducunt

2140 4170 2331 4241 χεσθαι
2355 4173 2434 4234 εἰς
2457 4172 2640 4243 σῆψιν.
2678 4172 2769 4244 Μὴ
2793 4173 3004 4240 πείθου,
3043 4175 3283 4248 Ἰσραὴλ,
3310 4177 3571 4244 γυναικί’
3605 4174 3715 4229 ἀνά-

2142 4279 2317 4316 κυπτε
2351 4263 2461 4317 ἀπὸ
2507 4266 2686 4334 κακῆς
2716 4267 2974 4335 γυναικὸς
3025 4266 3384 4339 συμϐουλίας.
3439 4269 3581 4340 Γυνὴ
3623 4269 3716 4337 γὰρ

2142 4354 2330 4425 τιμίας
2349 4354 2529 4424 ψυχάς
2556 4355 2766 4428 ἀνδρῶν
2804 4356 3052 4429 ἀγρεύει.
3084 4357 3302 4429 Ταύτης
3328 4358 3445 4430 γὰρ
3479 4361 3530 4412 ot
3579 4359 3716 4420 πόδες

2142 4447 2271 4510 τοὺς
2308 4449 2626 4518 χρωμένους
2675 4449 2812 4520 μετὰ
2853 4448 2950 4502 τοῦ
2984 4448 3215 4504 θανάτου
3249 4450 3481 4518 ἄγουσιν
3521 4454 3598 4515 είς
3641 4450 3715 4504 riu

1433 4547 1448 4584 :
1499 4531 1653 4586 mala:
1705 4533 2030 4588 muliercula

2147 4537 2300 4610 ᾅδην.
2332 4539 2423 4610 Μὴ
2445 4540 2680 4612 πρόσεχε
2716 4542 2904 4615 φαύλῳ
2931 4543 3215 4614 γυναικίῳ.
3246 4543 3404 4598 Hdde
3439 4547 3554 4616 γὰρ
3584 4545 3714 4597 ἀπο·

443 4634 633 4675 aurem
668 4617 1024 4688 animumque
1069 4634 1138 4673 ne
1167 4620 1415 4689 praebeas
1452 4639 1466 4675 :
1505 4619 1613 4676 Mel
1647 4624 1788 4677 enim
1817 4641 1844 4677 e
1877 4623 2034 4679 labiis

443 4708 732 4764 meretricis
790 4706 1116 4763 destillat“:
1160 4709 1310 4780 quod
1378 4710 1705 4768 brevissimo
1790 4723 2037 4786 tempore

445 4809 632 4871 guttur
660 4808 816 4857 tuum
848 4801 1082 4866 leniens,
1121 4810 1309 4872 postea
1344 4801 1467 4859 felle
1495 4807 1738 4863 amarius
1765 4808 2032 4877 invenies,

443 4905 496 4946 et
522 4895 745 4963 ancipiti
775 4893 956 4966 gladio
991 4896 1166 4964 magis
1196 4904 1513 4953 exacutum.
1549 4898 1694 4954 Cave
1721 4901 1886 4971 igitur
1925 4919 2039 4958 ma-

446 4984 509 5037 la:
558 4985 686 5039 huic
743 4987 1079 5043 muliercula:
1119 4987 1276 5043 fidem
1323 4988 1610 5045 adhibeas.
1653 4990 1845 5048 Omnis
1891 4994 2036 5048 enim

446 5077 676 5132 bam-sis
698 5078 839 5133 mala
872 5081 1070 5137 mulier
1103 5089 1223 5148 cst;
1260 5079 1355 5138 sed
1395 5083 1568 5140 multo
1603 5085 1898 5140 mulierum
1932 5088 2040 5142 liae-

517 5234 534 5266 ¹
577 5232 712 5312 Luc.
757 5247 912 5296 nun,
943 5234 1031 5312 ξε.
1107 5238 1129 5267 ²
1161 5235 1348 5312 Matth.
1385 5256 1474 5302 xv,
1500 5239 1636 5312 22.;
1671 5239 1802 5297 Luc.
1836 5259 1950 5312 vm,
1986 5244 2077 5301 45.

444 5306 534 5362 25.
616 5305 638 5337 ⁶
671 5303 837 5359 Prov.
869 5319 922 5368 ν,
951 5305 986 5358 '5
1015 5320 1136 5376 sqq.
1223 5309 1240 5338 ⁷
1265 5308 1394 5364 Cor.
1431 5303 1650 5379 συλλέγ.

519 5464 632 5535 (14)
656 5465 748 5535 pr)
779 5462 894 5531 τὴν
919 5461 1325 5535 καλρυμένην.
1358 5464 1532 5534 Hujus
1561 5465 1683 5522 Rufi
1707 5467 1898 5522 matris
1929 5483 2042 5524 me-

446 5531 622 5607 minit
650 5533 854 5607 Paulus
905 5533 974 5607 ad
1031 5531 1190 5588 Rom.
1249 5550 1358 5599 3m,
1414 5531 1481 5591 l3
1511 5555 1525 5591 :
1559 5537 1803 5592 Salutate
1841 5537 2040 5607 Rufum

448 5605 668 5675 electum
699 5605 752 5657 in
782 5605 1031 5669 Domino,
1061 5614 1110 5658 et
1140 5613 1361 5658 matrem
1390 5609 1527 5675 ejus,
1567 5618 1617 5661 et
1657 5626 1844 5664 meam.

524 5673 636 5743 (l5)
701 5675 952 5745 O_Z_6aa'tr
998 5677 1053 5730 οι
1088 5675 1258 5745 τόποι
1291 5673 1681 5745 Μαγλδούλων.
1734 5680 2040 5736 Carnarius

453 5739 637 5810 inepte
677 5760 690 5796 :
725 5741 997 5818 Nouerunt
1037 5746 1138 5818 loci
1165 5739 1764 5818 _horum:wdiﬁciorunt
1815 5766 2040 5818 corpora

452 5825 712 5879 suscipere
772 5813 842 5864 ad
891 5813 1343 5883 rulrefactionem.
1391 5813 1529 5872 Loci
1569 5820 1714 5873 enim
1757 5813 2038 5892 proprium

2143 4629 2340 4691 στάζει
2363 4632 2481 4686 ἀπὸ
2511 4634 2762 4702 χειλέων
2795 4637 3085 4706 γυναικὸς
3105 4635 3336 4706 πόρνης
3361 4655 3374 4668 ·
3407 4639 3438 4691 ὃ
3472 4638 3718 4710 πρόσκαι-

2147 4738 2240 4794 ρον
2270 4723 2510 4778 λιπαίνει
2545 4727 2639 4780 σὺν
2683 4729 2944 4800 φάρυγγα
2967 4769 2981 4793 ,
3019 4727 3244 4802 ὕστερον
3299 4729 3489 4801 μέντοι
3541 4727 3717 4800 πικρό-

2143 4831 2302 4888 τερον
2353 4815 2516 4887 χολῆς
2568 4818 2790 4890 εὑρήσει
2815 4860 2830 4885 ,
2873 4820 2971 4875 κα)⁸
3003 4821 3342 4892 ἠκονημένον
3390 4822 3596 4893 μᾶλλον
3629 4837 3720 4891 μα-

2143 4906 2342 4978 χαίρας
2381 4907 2661 4980 διστὸμου.
2703 4911 2795 4983 Μὴ
2854 4911 3047 4966 πείθου
3093 4912 3266 4984 ταύτῃ
3297 4915 3366 4986 τῇ
3399 4913 3622 4984 γυναικὶ
3662 4913 3717 4980 τῇ

2145 5000 2343 5074 φαύλῃ.
2377 5001 2535 5055 Πᾶσα
2575 5003 2687 5076 γὰρ
2726 5004 2936 5077 αἵρεσις
2965 5005 3147 5078 φαύλη
3187 5009 3324 5078 γυνή
3351 5025 3367 5038 ·
3405 5007 3574 5061 πλέον
3615 5004 3719 5074 δὲὴ

2141 5091 2252 5147 τῶν
2280 5093 2556 5162 γυναικῶν
2599 5096 2826 5168 αἵρεσις
2853 5103 2994 5180 αὕτη
3014 5141 3030 5168 ,
3065 5101 3162 5154 καὶ
3195 5101 3228 5172 ἡ
3281 5097 3379 5152 τοῦ
3408 5100 3720 5168 ἀπατήσαν-

2185 5247 2205 5278 ³
2239 5247 2377 5306 Gen.
2410 5267 2470 5315 ιι,
2500 5250 2588 5307 l7.
2699 5254 2720 5284 ³
2747 5254 2953 5311 Jercm.
2995 5272 3091 5321 vn,
3130 5261 3214 5313 id.
3291 5258 3313 5291 ⁵
3343 5265 3552 5313 acrem.
3590 5273 3720 5318 xm.

2146 5486 2343 5556 nom-en
2382 5480 2476 5556 est
2511 5474 3048 5556 Mayﬁouia.___Alque
3087 5479 3189 5556 hoc
3233 5480 3575 5556 jampridem
3601 5480 3721 5556 Leo:

2146 5542 2350 5626 pardus
2388 5542 2783 5626 animadvertit
2830 5542 3072 5626 lih._'xrx
3111 5542 3514 5626 Enrindv'cap.
3551 5553 3601 5608 Ξ.
3627 5549 3719 5626 Qui

2143 5611 2361 5682 quidem
2420 5617 2608 5672 nescio
2656 5618 2799 5702 quid
2837 5621 3084 5690 cogitans
3137 5637 3234 5692 pro
3289 5611 3478 5693 σῆψινξ
3532 5611 3719 5676 mavult

2146 5679 2321 5760 gédgtv,
2352 5685 2454 5760 hoc
2477 5696 2558 5740 est
2585 5687 2951 5744 adorationem
2988 5700 3040 5746 et
3091 5694 3311 5746 cultum.
3349 5693 3504 5760 Quod
3537 5693 3606 5747 ab
3630 5693 3719 5744 lm-

2138 5753 2364 5893 slrici
2399 5772 2561 5812 sensu
2603 5766 2710 5814 tam
2747 5761 2984 5817 alienum
3012 5771 3117 5830 es',
3149 5763 3286 5818 nihil
3313 5753 3392 5820 ιιῖ
3409 5765 3582 5838 magis
3598 5773 3708 5817 esse

2281 5843 2292 5878 I
2325 5864 2340 5881 ο

2281 5843 2340 5881 ιι.
