3958 6408
340 365 450 419 T53

985 365 1353 422 ADVERSUS
1381 364 1724 422 IUERESES
1761 354 1890 421 [ΑΒ.

2064 363 2227 421 ΤΟΜ.
2270 363 2312 418 ΙΙ
2351 395 2420 405 -
2458 361 2734 420 ΙΙᾸΞΒΕΞ.
2776 358 3014 416 LXXIX.

3517 352 3625 408 πει

341 499 437 546 τος
479 484 579 556 τὴν
617 482 842 557 πρώτην
883 488 1137 554 γυναῖκα.
1174 485 1442 557 Τιμάσθω
1484 491 1518 558 ἡ
1561 488 1745 559 μήτηρ
1778 487 1925 560 ﬁt).th

2042 487 2178 542 resis
2209 485 2301 540 illa
2344 485 2538 557 magis,
2568 500 2690 555 qua:
2717 484 2786 539 ab
2818 497 2904 546 eo,
2937 495 2967 534 a
3025 493 3135 550 quo
3167 476 3342 549 prima
3397 473 3624 544 decepta

345 573 461 629 Εὕα
486 615 500 639 ,
534 575 612 637 ὡς
647 578 712 632 ἐκ
755 577 888 632 Θεοῦ
945 577 1307 650 πεπλασμένη
1338 597 1353 610 ·
1390 579 1466 651 μὴ
1516 580 1797 635 άκουέσθω
1847 580 1924 645 δὲ,

342 663 432 716 ἵνα
463 664 536 735 μὴ
575 665 738 740 πείσῃ
785 667 856 720 τὰ
893 667 1058 723 τέκνα
1096 671 1291 739 φαγεῖν
1324 670 1434 724 άπὸ
1465 670 1556 725 τοῦ
1602 671 1796 737 ξύλου,
1833 673 1929 727 καὶ

339 755 560 826 ἐντολὴν
591 759 925 830 παραϐῆναι.
955 763 1302 820 Μετανσείτω
1328 765 1384 819 δὲ
1404 765 1499 819 καὶ
1530 761 1671 836 αὕτη
1698 763 1808 818 άπὸ
1837 781 1929 819 κε-

338 848 630 916 νοφωνίας.
679 850 1086 924 Ἐπιστρεφέτω
1139 856 1501 928 αἰσχυνομένη
1527 897 1542 921 ,
1580 855 1675 910 καὶ⁵
1745 861 1922 934 φύλλα.

341 940 518 1012 συκῆς
549 942 868 1016 ἐνδυομένη.
896 946 1242 1001 Κατανοείτω
1265 948 1324 1002 δὲ
1353 947 1522 1020 αὐτὴν
1550 949 1644 1002 καί⁵
1665 950 1694 1002 6
1731 948 1922 1019 Ἀδὰμ,

339 1031 439 1083 καὶ
483 1031 680 1102 μηκέτι
726 1034 863 1107 αὐτῇ
900 1036 1191 1092 πειθέσθω.
1245 1038 1312 1096 Ἦ
1345 1039 1456 1110 γὰρ
1488 1039 1700 1110 πλάνης
1727 1039 1923 1105 πειθὼ,

340 1120 438 1173 καὶ
468 1122 726 1189 γυναικὸς
755 1126 836 1187 είς
868 1124 928 1178 τὺ
950 1127 1192 1181 ἐναντίον
1233 1128 1553 1200 συμϐουλία,
1587 1129 1818 1184 θάνατον
1845 1129 1926 1201 τῷ

342 1211 461 1283 ίδίῳ
487 1212 708 1285 συζύγῳ
735 1214 1028 1288 ἐργάζεται
1051 1234 1064 1248 °
1093 1217 1156 1271 οὐ
1203 1219 1364 1289 μόνον
1395 1219 1474 1285 δὲ,
1514 1220 1652 1275 ἀλλὰ
1687 1221 1781 1275 καὶ
1811 1223 1926 1285 τοίς

336 1304 576 1368 τέκνοις.
603 1307 954 1379 Κατέστρεψε
987 1310 1050 1362 τὸ
1085 1309 1309 1382 πλάσμα
1337 1310 1450 1365 Εὕα
1497 1311 1587 1367 διὰ
1622 1312 1722 1384 τῆς
1749 1330 1926 1381 παρα-

337 1394 586 1459 ϐάσεως,
620 1395 960 1466 ὲρεθισθεῖσα
992 1395 1080 1451 διὰ
1107 1397 1213 1469 ,τῆς
1243 1398 1338 1452 τοῦ
1373 1398 1550 1470 ὄφεως
1600 1400 1788 1471 φωνῆς
1818 1401 1926 1454 -καὶ

337 1486 705 1555 ἐπαγγελίας,
755 1488 1093 1560 πλανηθεῖσα
1125 1489 1235 1544 ἀπὸ
1273 1490 1367 1544 τοῦ
1420 1492 1804 1564 κηρύγματος,
1832 1493 1928 1546 καὶ

336 1579 425 1647 ἐφ’
456 1577 648 1651 ἑτέραν
688 1579 954 1650 βαδίσασα
991 1579 1253 1637 διάνοιαν.

408 1847 484 1900 9'.
519 1847 615 1900 Διὰ
651 1847 807 1903 τοῦτο
857 1851 886 1904 6
935 1849 1153 1905 πάντων
1206 1851 1488 1923 Δεσπότης

335 1937 659 2008 βουλόμενος
692 1939 1030 2012 θεραπεῦσαι
1087 1942 1149 1996 τὸ
1195 1943 1397 2012 ἄλγος,
1434 1945 1528 1996 καὶ¹
1573 1944 1926 2014 οἰκοδομῆσαι

331 2028 398 2082 τὸ
440 2031 932 2102 κατεστραμμένον
957 2072 972 2098 ,
1006 2032 1102 2087 καὶ⁵
1149 2032 1545 2105 διορθώσασθαι
1583 2032 1645 2086 τὸ
1683 2034 1928 2103 ἡλαττωυ

335 2119 499 2189 μένον
523 2161 537 2185 ,
575 2120 764 2193 ἐπειδὴ
817 2122 926 2176 άπὸ
971 2125 1228 2193 γυναικὸς
1259 2127 1288 2179 6
1323 2125 1552 2190 θάνατος
1591 2127 1670 2189 είς
1706 2125 1797 2179 τὸν
1836 2125 1926 2178 x6-

333 2229 474 2283 σμον
507 2213 810 2285 κατῆλθεν,
851 2215 916 2268 ὲκ
946 2216 1205 2284 γυναικὸς
1239 2217 1514 2288 παρθένου
1569 2217 1731 2282 αὐτὸς
1768 2218 1924 2286 ἐγεν-

329 2305 474 2375 νήθη
495 2346 509 2371 ,
559 2305 647 2360 ἵνα
694 2305 785 2360 τὸν
836 2306 1065 2362 θάνατον
1103 2308 1364 2380 ἐκκλείσῃ
1386 2348 1402 2372 ,
1459 2310 1553 2362 καὶ
1584 2310 1644 2363 τὸ
1680 2309 1925 2364 ἐλλεῖπον

331 2396 601 2470 πληρώσῃ
627 2438 642 2462 ,
675 2397 769 2452 καὶ
806 2399 868 2452 τὸ
895 2399 1272 2470 ἠλαττωμένον
1299 2401 1586 2473 τελειώσῃ.
1622 2401 1924 2473 Στρέφεται

329 2489 392 2543 δὲ
426 2493 557 2562 ἡμῖν
611 2491 774 2545 πάλιν
809 2493 842 2561 ἡ
875 2491 1042 2545 κακία
1071 2533 1086 2555 ,
1139 2493 1227 2546 ἵνα
1268 2493 1329 2547 τὸ
1364 2494 1656 2564 ἐλάττωμα
1705 2496 1784 2558 εἰς
1832 2494 1926 2549 τὸν

330 2582 539 2652 κόσμον
594 2584 909 2656 προαγάγῃ.
977 2585 1115 2638 Ἀλλ’
1175 2584 1299 2638 οὕτε
1349 2585 1479 2650 νέοι,
1507 2581 1632 2640 οὔτε
1671 2586 1924 2659 γέροντες

334 2675 617 2729 πείθονται
669 2678 736 2747 τῇ
793 2677 1016 2745 γυναικὶ
1060 2676 1150 2732 διά
1179 2677 1280 2746 τὴν
1312 2675 1518 2730 ἄνωθεν
1547 2677 1921 2748 σωφροσύνην.

333 2766 414 2819 Οὐ
446 2765 627 2830 παίζει
680 2767 713 2836 ἡ
747 2765 1022 2835 Αίγυπτία
1073 2767 1164 2821 τὸν
1203 2765 1460 2838 σώφρονα
1505 2767 1702 2838 Ἰωσὴφ
1728 2808 1742 2832 ,
1801 2765 1926 2820 οὔτε

332 2858 712 2930 παρεκτρέπει
733 2873 748 2888 ⁸
781 2859 958 2912 καίτοι
986 2877 1051 2928 γε
1097 2858 1186 2912 διὰ
1225 2860 1426 2930 πολλῆς
1459 2861 1730 2931 μηχανίας
1761 2863 1928 2932 ἐργα-

334 2951 552 3022 σαμένη
581 2951 642 3004 τὸ
677 2952 850 3005 δεινον
883 2952 1020 3022 πρὸς
1068 2951 1160 3004 τὸν
1208 2951 1374 3004 παῖδα
1424 2953 1523 3023 τῆς
1568 2953 1920 3023 συμϐουλίας.

345 3044 486 3096 Ἀλλ’
516 3043 578 3096 οὐ
615 3042 869 3108 παίζεται
895 3043 1183 3114 ἄνθρωπος
1211 3045 1276 3096 ὲκ
1302 3044 1617 3115 Πνεύματος
1641 3045 1795 3115 ἁγίου
1830 3046 1925 3099 λα-

330 3134 446 3189 σὼν
475 3135 572 3208 τὴν
621 3137 901 3209 φρόνησιν.
940 3139 1016 3192 Οὐ
1055 3138 1115 3190 τὸ
1146 3138 1362 3209 σῶφρον
1391 3138 1646 3206 ἀφανίζει
1675 3177 1690 3201 ,
1728 3138 1814 3192 ἵνα
1847 3139 1922 3209 μὴ

2037 577 2234 632 mulier
2258 583 2364 642 est,
2393 576 2653 631 manavit.
2685 574 2811 630 Eva:
2833 573 2998 644 igitur
3028 571 3189 625 matri
3221 575 3423 624 nostra:
3449 568 3624 622 honor

2035 665 2326 734 habeatur,
2382 675 2571 738 utpote
2617 683 2740 738 quae
2773 682 2803 721 a
2859 665 2966 722 Deo
3001 663 3267 737 producta
3312 661 3416 728 sit;
3449 659 3544 714 sed
3574 659 3623 715 ei

2035 772 2382 830 nequaquam
2426 759 2853 828 oblemperetur,
2901 771 2972 811 ne
3011 754 3197 810 liberis
3243 751 3359 809 suis
3397 763 3622 822 persua-

2033 851 2180 914 deat,
2207 859 2266 906 ut
2287 868 2353 908 ex
2385 852 2582 908 arbore
2611 858 2902 907 vescantur
2934 863 2998 903 ac
3051 845 3369 902 mandatum
3395 843 3622 898 violent.

2033 941 2102 995 At
2148 941 2297 997 illam
2353 957 2573 1013 quoque
2606 941 2921 998 vanissima:
2971 939 3120 994 illius
3151 936 3304 993 vocis
3337 935 3622 1006 paeniteat.

2036 1030 2244 1088 Redeat
2269 1033 2337 1088 ad
2368 1040 2606 1090 mentem
2645 1048 2758 1104 prae
2784 1029 3139 1095 verecundia,
3176 1035 3230 1083 et
3263 1027 3512 1083 ﬁculneis
3538 1025 3624 1080 lo»

2033 1126 2123 1182 liis
2157 1125 2420 1182 induatur
2450 1127 2490 1180 ¹.
2547 1126 2690 1193 Quin
2744 1133 2800 1181 et
2851 1124 3096 1181 Adamus
3148 1122 3294 1176 illam
3340 1130 3621 1190 agnoscat,

2039 1216 2252 1289 1066
2279 1231 2380 1272 nec
2418 1217 2655 1287 amplius
2685 1231 2892 1272 morem
2931 1220 3104 1286 gerat.
3133 1211 3347 1282 Quippe
3379 1209 3621 1274 frandes,

2033 1303 2314 1360 blanditia
2352 1312 2408 1361 et
2465 1306 2807 1360 contrarium
2859 1301 3109 1359 mulieris
3138 1300 3434 1357 consilium
3475 1314 3625 1354 mor-

2034 1401 2142 1451 tem
2198 1395 2418 1467 conjugi
2476 1395 2680 1466 pariter
2735 1407 2801 1449 ac
2853 1393 3028 1450 soboli
3072 1391 3448 1447 consciscunt.
3491 1388 3624 1444 Nam

2034 1485 2145 1542 Eva
2196 1502 2294 1558 per
2349 1486 2758 1542 contumaciam
2822 1500 2979 1542 suam
3042 1484 3290 1539 divinum
3345 1481 3630 1552 opiﬁcium

2033 1580 2252 1645 evertit,
2292 1594 2417 1637 cum
2457 1578 2728 1649 serpentis
2752 1593 2885 1634 voce
2911 1591 2975 1632 ac
2999 1575 3292 1647 promissis
3320 1575 3524 1642 illecta,
3557 1576 3629 1628 ab

2034 1685 2172 1726 sano
2217 1671 2470 1740 dogmate
2522 1670 2840 1735 deﬂectens,
2880 1670 3041 1725 aliam
3097 1667 3167 1724 ad
3218 1675 3454 1724 mentem
3502 1681 3625 1723 sese

2035 1759 2340 1814 transtulit.

1566 1852 1662 1905 καὶ
1700 1853 1893 1922 Σωτὴρ
1911 1892 1925 1917 ,

2104 1851 2201 1906 IX.
2243 1851 2536 1922 Propterea
2569 1851 2835 1908 Dominus
2889 1851 3138 1908 omnium
3167 1865 3232 1907 ac
3266 1847 3539 1914 Salvator,
3564 1858 3625 1904 ut

2028 1942 2078 1997 ei
2097 1942 2272 1998 dolori
2308 1943 2644 2007 mederetur,
2675 1951 2730 1998 et
2757 1943 2904 2014 quod
2934 1957 3190 2000 eversum
3213 1949 3332 1997 erat
3355 1941 3624 1997 instaura-

2029 2041 2133 2097 ret,
2164 2033 2309 2104 quod
2333 2032 2611 2090 defecerat
2636 2035 2970 2096 restitueret.
2994 2033 3441 2105 quandoquidem
3474 2047 3627 2087 mors

2028 2122 2380 2178 inmundum
2438 2139 2467 2178 a
2515 2124 2745 2179 muliere
2783 2124 3033 2180 derivata
3077 2125 3293 2186 fuerat,
3321 2139 3353 2179 e
3399 2123 3628 2179 muliere

2027 2213 2243 2284 virgine
2286 2223 2450 2270 natus
2502 2222 2610 2278 est,
2656 2230 2768 2285 quo
2801 2223 2856 2270 et
2914 2222 3146 2270 mortem
3189 2215 3526 2280 excluderet,
3571 2221 3627 2268 et

2029 2305 2178 2376 quod
2213 2320 2467 2361 mancum
2500 2313 2618 2361 erat
2645 2307 2943 2377 suppleret,
2975 2313 3030 2360 et
3061 2305 3211 2376 quod
3274 2304 3624 2360 imminutum

2030 2395 2334 2465 perliceret.
2371 2395 2542 2450 Porro
2563 2395 2755 2450 eadem
2784 2397 2983 2450 iterum
3011 2395 3259 2462 nequitia
3287 2395 3621 2451 revolvitur:

2029 2498 2087 2542 ut
2117 2487 2309 2542 vitium
2371 2503 2435 2542 ac
2467 2486 2744 2542 defectum
2772 2487 2826 2541 in
2854 2488 3045 2543 orbem
3075 2495 3347 2542 terrarum
3374 2487 3620 2542 invehat.

2031 2579 2145 2634 Sed
2193 2579 2412 2634 mulieri
2452 2595 2629 2650 neque
2659 2578 2924 2648 juvenes,
2961 2593 3140 2648 neque
3177 2593 3372 2644 senes,
3402 2586 3626 2648 propter

2026 2688 2145 2728 eam
2176 2688 2283 2743 qua
2317 2672 2583 2728 divinitus
2619 2672 2837 2742 praediti
2887 2678 3018 2725 sunt
3052 2668 3495 2739 temperantiam,
3525 2669 3626 2724 ob-

2028 2774 2356 2836 sequuntur.
2390 2763 2510 2818 Non
2548 2763 2726 2818 illudit
2772 2761 3032 2833 [Egyptia
3064 2761 3261 2816 mulier
3308 2761 3626 2817 castissimo

2026 2859 2266 2931 Josepho
2296 2861 2353 2924 ’,
2405 2874 2505 2914 nec
2537 2873 2569 2912 a
2618 2865 2769 2913 recta
2821 2866 3005 2912 mente
3062 2855 3320 2921 deducit,
3371 2855 3627 2924 quamvis

2027 2966 2224 3006 omnes
2288 2949 2548 3006 adhibeat
2604 2949 2910 3014 machinas,
2967 2962 3079 3018 quo
3125 2947 3511 3003 detestandum
3567 2947 3622 3001 in

2029 3044 2434 3100 adolescentem
2482 3042 2777 3098 consilium
2817 3049 3171 3110 exsequatur.
3206 3037 3411 3094 Verum
3438 3037 3624 3094 ludili~

2027 3136 2142 3189 cari
2172 3149 2297 3190 eum
2326 3149 2492 3189 nemo
2520 3143 2720 3204 potest,
2751 3132 2846 3202 qui
2876 3148 2906 3184 a
2937 3131 3146 3202 Spiritu
3170 3138 3365 3185 sancto
3391 3129 3628 3199 pruden-

329 3229 435 3298 τὴν
460 3229 738 3298 εὐγένειαν
766 3230 1150 3304 κατευτελίσῃο
1177 3231 1582 3302 καταλιμπάνει
1610 3231 1678 3285 τὰ
1705 3231 1922 3302 ἱμάτια,

2031 3228 2159 3281 tiam
2191 3225 2486 3296 acceperit.
2537 3223 2778 3279 Proinde
2822 3238 3001 3292 neque
3035 3221 3418 3278 castimoniam
3465 3237 3621 3275 suam

330 3319 433 3370 καὶ
463 3319 522 3371 τὸ
556 3319 712 3392 σῶμα
757 3320 858 3373 οὐκ
897 3320 1222 3375 ἀπόλλυσινο
1273 3322 1660 3393 ἀποδιδράσκει
1716 3322 1807 3375 τὸν
1835 3321 1926 3376 τό⁴

331 3427 459 3474 πον,
489 3412 575 3464 ίνα
608 3411 683 3484 μὴ
725 3412 868 3483 πέσῃ
899 3415 964 3482 τῇ
998 3413 1219 3481 παγίδιο
1255 3415 1393 3484 πρὸς
1441 3413 1632 3485 καιρὸν
1664 3415 1924 3484 τιμωρεῖ-

331 3517 428 3553 ται
451 3541 464 3561 ,
494 3501 571 3563 είς
609 3501 702 3553 τὸν
751 3502 922 3556 αἰῶνα
957 3502 1265 3573 βασιλεύει·
1299 3505 1358 3556 ὲν
1387 3503 1746 3573 δεσμωτηρίῳ
1793 3503 1922 3575 βάλ-

329 3593 486 3646 λεται
515 3632 528 3655 ,
569 3593 682 3646 ἀλλ’
723 3594 939 3664 αἱρετὸν
967 3596 1026 3648 ὲν
1061 3594 1276 3667 φυλακῇ
1313 3594 1642 3666 καταμένειν
1672 3635 1687 3655 .
1733 3595 1827 3650 καὶ¹
1866 3596 1926 3650 ἐν

329 3685 510 3756 γωνίᾳ
565 3684 832 3754 ὑπαίθρου
861 3727 876 3750 ,
932 3685 964 3756 ἢ
1027 3685 1166 3756 μετὰ
1222 3685 1479 3755 γυναικὸς
1535 3685 1776 3757 μαχίμου
1831 3687 1926 3740 καὶ

331 3773 710 3843 γλωσσώδους.
760 3775 872 3827 Καὶ
910 3775 1054 3828 πόσα
1085 3774 1201 3828 ἐστι
1231 3775 1446 3842 λέγεινί
1505 3774 1662 3828 Ἤτοι
1703 3773 1814 3844 γὰρ
1849 3772 1928 3836 ὼς

332 3863 507 3934 αὐτὴν
535 3861 971 3934 προσκυνοῦντες
996 3862 1094 3936 τὴν
1122 3864 1362 3934 Μαρίαν,
1386 3863 1523 3934 αὐτῇ
1556 3862 1927 3935 προσφέρουσι

333 3955 436 4026 τὴν
471 3954 758 4026 κολλυρίδα
792 3955 848 4008 al
897 3956 1066 4026 ἀργαὶ⁵
1114 3950 1275 4010 αὗται
1312 3957 1570 4024 γυναῖκες
1591 3971 1604 3984 ’
1635 3955 1753 4024 ἦτοι
1786 3953 1927 4026 ὑπὲρ

334 4044 511 4113 αὐτῆς
569 4043 903 4115 προσφέρειν
953 4045 1292 4116 ἐπιχειροῦσι
1353 4044 1453 4115 τὴν
1519 4043 1930 4116 προειρημένην

331 4134 544 4207 ταύτην
579 4135 788 4207 σαθρὰν
814 4136 1103 4206 κάρπωσιν
1125 4151 1138 4164 ⁸
1173 4137 1234 4189 τὺ
1269 4138 1377 4190 πᾶν
1411 4139 1560 4189 ἐστιν
1592 4136 1800 4206 ἠλίθιον
1835 4135 1934 4189 καὶ

334 4225 618 4295 ἀλλότριον
639 4265 654 4288 ,
686 4226 780 4279 καὶ
809 4227 875 4280 ὲκ
904 4225 1177 4297 δαιμόνων
1204 4228 1473 4298 κινήσεως
1492 4267 1507 4293 ,
1550 4223 1820 4298 φρύαγμὰ
1867 4242 1934 4290 τε,

337 4315 436 4372 καὶ
479 4315 688 4385 άπᾲτη.

2026 3317 2166 3387 eripi
2227 3316 2331 3372 sibi
2390 3315 2620 3385 patitur,
2678 3329 2745 3368 nc
2800 3312 3074 3368 nobilitati
3110 3325 3226 3368 suae
3264 3311 3621 3382 ignominiam

2027 3411 2301 3477 imponat;
2350 3406 2678 3461 vestimenta
2735 3405 3018 3474 relinquit,
3062 3411 3117 3459 et
3149 3404 3400 3474 corporis
3441 3404 3620 3474 jactu-

2029 3514 2143 3553 ram
2184 3514 2292 3552 non
2320 3497 2482 3563 facit;
2519 3497 2702 3551 locum
2729 3497 2880 3550 illum
2909 3495 3136 3559 deserit,
3172 3511 3240 3549 uc
3271 3495 3328 3548 in
3367 3495 3622 3564 laqueum

2028 3591 2270 3657 incidat;
2312 3605 2504 3660 punias
2551 3590 2653 3643 luit
2703 3590 2770 3644 ad
2805 3601 3025 3659 tempus
3051 3628 3066 3653 ,
3102 3588 3198 3644 sed
3244 3589 3300 3642 in
3353 3595 3619 3642 aeternum

2027 3689 2212 3751 regnat
2238 3697 2253 3744 ;
2283 3680 2336 3734 in
2389 3694 2668 3736 carcerem
2707 3679 3030 3750 conjicitur,
3076 3680 3170 3735 sed
3207 3679 3381 3733 multo
3409 3679 3622 3748 Optabi-

2030 3769 2138 3824 lius
2197 3777 2284 3825 est
2328 3770 2382 3825 in
2445 3771 2697 3826 custodia
2745 3787 3000 3834 manere,
3046 3780 3101 3826 ct
3143 3769 3198 3826 in
3253 3769 3456 3840 angulo
3516 3769 3621 3824 sub

2029 3859 2145 3925 dio,
2185 3876 2350 3932 quam
2386 3877 2511 3916 cum
2559 3863 2789 3919 muliere
2846 3863 3194 3918 contentiosa
3242 3870 3296 3917 et
3332 3861 3620 3932 loquaci‘.

2030 3950 2205 4018 Quam
2239 3947 2408 4008 multa
2438 3969 2605 4024 porro
2655 3953 2924 4010 adversus
2955 3955 3100 4010 illam
3154 3955 3389 4011 heresin
3439 3955 3624 4024 dispu—

2033 4043 2136 4098 tari
2181 4047 2448 4115 possunt!
2495 4043 2632 4100 Nam
2691 4054 2788 4099 aut
2817 4045 3046 4101 Mariam
3099 4045 3272 4117 ipsam
3325 4048 3623 4103 adorantes

2032 4133 2353 4204 collyridem
2395 4134 2524 4190 huic
2567 4136 2758 4192 otiosae
2791 4137 3049 4192 mulieres
3082 4137 3352 4205 oll'crunt;
3389 4148 3484 4193 aut
3505 4155 3624 4208 .pro

2033 4223 2151 4294 ipsa
2185 4223 2482 4279 absurdam
2525 4225 2673 4279 illam
2726 4234 2782 4279 et
2819 4226 3107 4281 ridiculam
3165 4228 3503 4283 oblationem
3537 4229 3624 4281 iu-

2033 4321 2290 4376 stituunt.
2319 4321 2623 4391 Utrumque
2656 4337 2784 4376 vero
2816 4323 3077 4376 stolidum
3114 4331 3289 4387 cst,et
3320 4339 3348 4377 a
3371 4322 3620 4382 daemone

2035 4411 2341 4482 proiectum
2393 4411 2531 4466 nihil
2566 4419 2762 4483 praeter
2792 4411 3220 4469 ostentationem
3259 4397 3621 4485 fraudemque

2035 4502 2294 4563 continet.

412 4580 530 4633 Ἵνα
560 4580 617 4633 δὲ
667 4579 742 4650 μὴ
777 4579 1222 4650 παρεκτείνωμαι
1254 4577 1332 4648 τῷ
1362 4577 1504 4649 λόγῳ
1531 4617 1544 4639 ,
1588 4577 1814 4648 ἀρκέσει
1856 4575 1925 4630 τὰ

2102 4592 2180 4649 Ne
2218 4595 2321 4648 sim
2373 4593 2611 4664 longior,
2655 4609 2778 4664 qua:
2821 4604 2950 4650 sunt
2980 4595 3248 4652 hactenus
3275 4594 3422 4650 dicta
3466 4595 3618 4652 suni-

333 4669 605 4743 εἰρημένα
635 4671 784 4740 ἡμῖν.
828 4671 892 4722 'H
920 4669 1106 4740 Μαρία
1134 4671 1192 4721 ὲν
1230 4671 1362 4740 τιμῇ
1389 4707 1405 4734 ,
1435 4672 1465 4722 6
1507 4668 1710 4740 Κύριος
1753 4686 1926 4740 προσ-

332 4761 624 4816 κυνείσθω.
676 4763 866 4815 Οὑδενὶ
912 4761 1021 4831 γάρ
1075 4757 1401 4834 ἐργάζονται
1449 4762 1497 4814 oi
1547 4761 1744 4814 δίκαιοι
1784 4761 1921 4815 πλά-

331 4870 455 4924 νην.
497 4853 876 4921 Ἀπείραστος
913 4852 1023 4922 γάρ
1052 4853 1224 4906 ἐστιν
1278 4855 1310 4906 ό
1343 4851 1486 4918 Θεὸς
1531 4853 1763 4908 κακῶν·
1802 4873 1923 4907 πει-

335 4945 494 5018 ράζει
526 4944 582 4997 δὲ
614 4945 777 5008 αὐτὸς
816 4944 1040 5011 οὐδένα,
1072 4944 1192 4998 οὐδὲ
1246 4944 1296 4997 ot
1327 4945 1492 4999 αὑτοῦ
1531 4945 1745 5010 δοῦλοι,
1785 4948 1921 5018 πρὸς

329 5038 571 5106 ἀπάτην.
623 5037 920 5102 Ἕκαστος
972 5034 1041 5089 δὲ
1095 5036 1426 5106 πειράζεται
1476 5036 1545 5090 ἐκ
1599 5036 1711 5105 τῆς
1763 5039 1919 5105 ιδίας

328 5126 648 5197 ἐπιθυμίας
702 5127 1099 5197 ἐξελκόμενος
1142 5128 1241 5181 καὶ
1295 5127 1738 5198 δελεαζόμενος.
1779 5126 1922 5184 Εἶτα

330 5223 370 5288 1)
432 5221 716 5290 ἐπιθυμία
779 5223 964 5275 τίκτει
1020 5223 1338 5292 ἁμαρτίαν.
1409 5223 1470 5278 Ἠ
1539 5223 1608 5276 δὲ
1664 5224 1924 5293 ἁμαρτία

328 5311 815 5368 ἀποτελεσθεῖσα
848 5311 1110 5366 ἀποκυεῖ
1141 5312 1423 5366 θάνατον.

416 5403 640 5468 Ἱκανῶς
669 5404 726 5457 δὲ
776 5403 920 5474 ἔχειν
966 5405 1095 5475 περὶ
1142 5407 1360 5459 πάντων
1418 5404 1623 5458 τούτων
1662 5404 1923 5476 νομίσαν-

327 5513 446 5559 τες,
497 5497 795 5567 ἀγαπητοὶ,
856 5499 953 5553 καὶ
995 5497 1220 5570 ταύτην,
1263 5499 1337 5562 ὡς
1389 5501 1586 5565 εἰπεῖν,
1646 5499 1745 5570 τὴν
1787 5518 1920 5553 καν-

332 5587 549 5659 θαρίδα,
610 5588 707 5659 τὴν
765 5588 844 5660 τῷ
909 5589 1043 5643 εἴδει
1103 5591 1203 5661 μὲν
1253 5592 1636 5662 χρυσίζουσαν,
1707 5609 1922 5664 πτερωο

2031 4686 2196 4741 cicut.
2233 4684 2401 4740 Maria
2427 4687 2481 4740 in
2508 4686 2719 4741 honore
2750 4688 2840 4752 sit,
2875 4687 3141 4744 Dominus
3175 4688 3456 4746 adoretur.
3479 4688 3619 4746 Nam

2022 4778 2159 4848 justi
2218 4777 2424 4832 nemini
2481 4779 2688 4834 erroris
2739 4781 3089 4835 occasionem
3139 4779 3404 4848 praebent.
3471 4778 3622 4836 Deus

2025 4870 2165 4923 enim
2223 4885 2386 4940 neque
2438 4869 2598 4924 malis
2632 4879 2867 4924 tentatur
2896 4870 2936 4934 ⁸,
2971 4884 3074 4924 nec
3123 4869 3296 4923 ullum
3339 4870 3457 4941 ipse
3480 4910 3497 4938 ,
3533 4873 3628 4926 vel.

2026 4964 2146 5030 ejus
2193 4965 2336 5017 servi
2388 4962 2854 5017 circumveniendi
2905 4977 3074 5018 causa
3121 4971 3381 5021 tentant:
3441 4961 3619 5017 Unus-

2027 5051 2243 5120 quisque
2275 5068 2391 5104 vero
2424 5069 2456 5106 a
2506 5052 2723 5122 propria
2758 5053 3186 5121 concupiscentia
3229 5063 3464 5108 tentatur
3491 5058 3616 5109 abs—

2029 5149 2225 5194 tractus
2275 5142 2485 5212 1067
2543 5153 2592 5196 et
2639 5141 2869 5196 illectus.
2922 5141 3119 5196 Deinde
3189 5145 3619 5213 concupiscentia

2025 5242 2296 5298 peccatum
2330 5234 2490 5297 parit.
2523 5231 2805 5285 Peccatum
2836 5248 2976 5297 vero,
3023 5248 3143 5285 cum
3191 5243 3616 5289 consummatum

2026 5321 2208 5390 fuerit,
2240 5330 2454 5390 generat
2481 5331 2702 5376 mortem
2733 5323 2758 5356 ⁸

2101 5413 2468 5479 Quamobrem
2503 5431 2628 5469 cum
2655 5415 2944 5487 hucusque
2969 5418 3106 5472 satis
3144 5416 3212 5470 de
3253 5416 3320 5471 iis
3354 5415 3614 5470 omnibus

2030 5502 2365 5573 disputatum
2401 5519 2432 5557 a
2484 5506 2641 5560 nobis
2688 5507 3041 5572 arbitremur,
3085 5515 3442 5577 posteaquam
3475 5520 3612 5558 cau-

2030 5592 2339 5662 tharidem,
2375 5601 2435 5649 ut
2475 5595 2550 5650 ita
2584 5595 2797 5664 dicam,
2831 5597 3017 5664 istam,
3064 5597 3249 5653 colore
3301 5595 3482 5664 fulvo,
3509 5595 3614 5655 alii:

429 5745 448 5779 ⁸
488 5743 621 5800 ch.
653 5762 730 5814 Ill,
764 5749 812 5802 7.
909 5749 930 5780 ’
959 5746 1093 5803 ch.
1126 5763 1315 5817 xxxix,
1346 5749 1377 5803 7
1411 5715 1530 5821 sqq.
1609 5749 1629 5782 ³
1656 5748 1815 5805 Prov.
1851 5765 1963 5814 xu,
1995 5753 2048 5808 9.
2125 5748 2146 5782 ⁸
2173 5746 2290 5806 .Iac.
2323 5766 2360 5818 ι,
2404 5751 2481 5808 15.
2562 5754 2582 5785 ⁸
2618 5751 2747 5807 ibid.
2792 5749 2872 5816 ll,
2915 5751 3000 5806 15.
