3958 6406
469 315 570 370 759
1899 329 1957 387 S.
2000 330 2344 392 EPlPlIAMl
3612 341 3698 396 760

467 429 652 503 gregis
696 429 929 489 studiosi
974 434 1200 505 quidam
1237 439 1610 513 scripserunt,
1644 460 1710 500 ac
1739 446 1831 502 Dei
1869 447 2039 505 laude;

2167 453 2354 522 δαίων,
2381 457 2473 511 καὶ
2502 456 2778 528 εὐφημίας
2805 455 2958 521 τινὰς
2991 457 3152 530 δῆθεν
3171 457 3253 523 εἰς
3278 457 3366 512 τὸν
3389 457 3519 513 Θεδν
3545 463 3698 514 ποιού-

465 535 569 571 ron
612 520 804 575 inunt:
859 524 1066 593 quibus
1124 544 1323 600 magno
1371 548 1506 589 sane
1545 551 1736 592 errore
1779 537 1950 593 Deum
2001 555 2039 596 St

2165 567 2318 623 μενοι
2340 520 2443 622 (ὡς
2463 520 2918 621 καταλεγματίων
2941 520 3386 623 καὶ-εὐφημῶν).
3411 550 3584 624 ὥσπερ
3595 553 3700 609 Θεὸν

475 611 693 677 placare
731 628 794 667 ac
847 617 1148 674 conciliare
1173 621 1281 677 sibi
1318 632 1539 696 putant.
1575 625 1775 684 Verum
1812 632 2032 688 inscitia

2161 611 2550 712 ἐξιλεοῦμενοι,
2594 611 2824 705 ἑαυτοὺς
2853 611 3160 698 ἁπατῶσινί
3187 611 3274 696 "ﬂ
3376 611 3702 712 γάγνωσίατυ-

470 719 594 772 qna:
618 704 890 761 obcaecata
918 725 1136 782 semper
1165 722 1272 780 est,
1305 717 1423 773 haec
1448 721 1634 775 omnia
1668 724 1890 782 miseris
1921 725 2030 783 illis

2161 704 2270 803 φλή
2302 704 2390 796 τις
2410 704 2566 797 οὖσα,
2599 732 2779 786 πάντα
2807 731 2982 785 ταῦτα
3009 731 3234 804 δοκήσει
3259 704 3487 804 οἰήσεως
3503 738 3603 799 τοίς
3622 753 3700 790 πε-

465 810 574 862 pne
611 796 779 852 animi
819 800 964 856 fastu
996 812 1053 858 et
1076 804 1402 876 insolentia,
1437 807 1618 870 facere
1639 816 1947 886 persuadet.
1976 818 2039 873 At

2161 796 2526 896 πλανημένοις
2558 822 2996 895 παρασκευάζει.
3031 796 3526 897 Ἑκεραυνοϐολήθη
3621 828 3706 898 πρὸ

465 887 603 944 forte
641 900 769 947 ante
799 895 1027 965 aliquod
1073 906 1291 970 tetupus
1331 917 1500 957 ttnum
1543 921 1610 960 ex
1652 907 1762 965 illis
1808 907 2039 964 aedilicii:

2159 917 2354 989 χρόνου
2389 916 2448 970 ἓν
2469 915 2580 970 τῶν
2607 915 2869 970 τοιούτων
2903 918 3468 989 κατασκευασμάτων·
3502 920 3598 974 οὐκ
3620 919 3707 991 ἔγω

459 977 528 1035 de
567 983 710 1038 cmlo
740 991 947 1041 tactum
971 999 1093 1046 est:
1132 991 1358 1048 ubinam
1388 1009 1517 1051 vero
1538 998 1808 1067 gentium,
1841 1001 2039 1073 liquidc

2253 1003 2432 1069 λέγειν
2458 1004 2517 1056 ὲν
2543 1004 2685 1075 ποίῳ
2716 1003 2888 1076 τόπῳ
2919 1006 3059 1076 τάχα
3089 1005 3147 1060 δὲ
3169 1008 3229 1060 ὲν
3249 977 3315 1079 τῇ
3345 1009 3560 1084 Φοινίκη
3579 977 3707 1065 τοῦτο

462 1071 706 1126 nondum
738 1086 996 1143 constat;
1031 1087 1198 1152 atque
1232 1083 1380 1140 haud
1413 1087 1531 1144 scio
1561 1103 1630 1144 an
1673 1091 1728 1145 in
1766 1071 2039 1148 Plite'nici:

2158 1094 2497 1168 ἠκούσαμεν.
2541 1071 2702 1150 Ἀλλὰ
2740 1071 2852 1152 καί-
2873 1071 3021 1162 τινες
3053 1097 3163 1151 τῶν
3200 1071 3477 1171 ἁρίόντων
3507 1071 3708 1171 ζηλωταὶ

459 1163 764 1235 contigisse
793 1165 940 1224 istud
957 1171 1251 1229 audierim.
1285 1175 1430 1242 Quin
1457 1179 1624 1234 etiam
1649 1184 1904 1239 nonnulli
1942 1200 2039 1238 ma-

2157 1163 2391 1252 πολλοὺς
2411 1190 2477 1242 ἐκ
2500 1187 2711 1242 τούτων
2731 1187 3086 1252 ἀπέκτειναν,
3113 1190 3204 1245 διὰ
3226 1163 3708 1264 ’τό-παραχαρῶτειν

459 1257 731 1328 gistratus
773 1263 1057 1335 religionis
1099 1266 1300 1325 ardore
1331 1268 1630 1342 flagrantes
1665 1291 1832 1346 quam
1870 1278 2039 1348 pluri-

2155 1279 2255 1350 τὴν
2283 1279 2565 1350 ἀλήθειαν,
2600 1280 2695 1333 καὶ
2716 1280 3133 1352 ἀντιμιμεῖσθαι
3169 1257 3495 1355 Ἐκκλησία-ς
3522 1257 3707 1354 τρόπον,

461 1365 580 1406 mos
611 1367 676 1406 ex
715 1353 822 1411 illis
859 1357 1219 1424 occiderunt,
1263 1377 1328 1416 co
1370 1363 1518 1434 quod
1564 1368 1852 1424 veritatem
1891 1370 2039 1424 adul‘

2159 1370 2236 1443 μὴ
2269 1371 2431 1434 ὄντας
2463 1372 2857 1439 Χριστιανοὺς,
2902 1373 3043 1444 μήτε
3075 1373 3138 1438 ἐξ
3184 1353 3458 1428 Ἰουδαίων
3487 1353 3710 1446 ὁρμωμέ-

459 1443 692 1504 terando
729 1459 1170 1520 corrumperent,
1206 1461 1262 1508 et
1297 1456 1554 1514 Ecclesiae.
1597 1474 1802 1516 morem
1836 1477 2039 1535 praepo-

2156 1480 2301 1528 νους.
2325 1459 2559 1534 Οἶμαιδὲ
2604 1443 2976 1530 Λουπικιανὸς
3000 1467 3029 1519 δ
3051 1465 3429 1539 στρατηλάτης
3452 1443 3528 1530 εἷς

459 1542 607 1590 stera
634 1537 870 1607 quadam
917 1540 1227 1602 imitatione
1255 1547 1525 1605 auderent
1557 1552 1889 1622 exprimere,
1928 1572 2054 1610 cum

458 1642 632 1696 neque
665 1629 969 1688 Christiani
1001 1634 1222 1692 interim
1269 1649 1478 1705 essent,
1522 1657 1701 1714 neque
1737 1643 2039 1703 Judaeoruut

2155 1643 2356 1709 νωνοὲξ
2396 1639 2466 1717 ἦς
2506 1645 2841 1716 προφάσεως
2876 1645 3021 1719 ἐφύη
3068 1629 3231 1700 πάλιν
3282 1646 3472 1710 αὐτοῖς
3504 1629 3711 1716 δευτέρα

455 1729 659 1773 sectam
691 1722 1103 1790 profiterentur.
1128 1726 1490 1800 Lupicianus,
1521 1735 1742 1804 opinor,
1765 1735 1876 1792 dux
1909 1755 2039 1796 unut

2153 1735 2350 1807 πλάνη.
2384 1735 2660 1802 Λαϐόντες
2680 1738 2792 1810 γάρ
2821 1755 2970 1802 τινες
2990 1737 3061 1792 τὰ
3090 1737 3201 1792 τῶν
3225 1737 3352 1792 τότε
3379 1738 3713 1792 ἀποκτανθέν-

453 1824 519 1862 ex
551 1809 637 1866 his
679 1810 804 1876 fuit,
831 1815 928 1885 qui
965 1816 1019 1871 in
1058 1816 1415 1888 Euphemitas
1461 1823 1774 1882 istiusmodi
1809 1830 2039 1900 gentiles

2151 1844 2260 1880 των
2295 1825 2523 1898 σώματα
2565 1828 2656 1883 διὰ
2693 1809 2795 1901 τὴν
2835 1829 3098 1901 τοιαύτην
3138 1829 3465 1902 Ἑλληνικὴν
3493 1831 3711 1901 ἀνομίαν,

455 1901 1014 1962 animadverterunt:
1044 1924 1152 1979 qua
1184 1926 1249 1966 ex
1285 1914 1578 1972 occasione
1611 1932 1755 1973 nova
1787 1918 1931 1975 facta
1963 1930 2039 1978 est

2153 1919 2248 1975 καὶ
2276 1919 2549 1990 θάψαντες
2571 1919 2627 1973 ἐν
2662 1937 2772 1974 τισι
2803 1921 3011 1986 τόποις,
3047 1923 3163 1975 ἐκεῖ
3197 1921 3364 1976 πάλιν
3393 1922 3463 1977 τὰ
3494 1921 3621 1976 αὐτὰ
3642 1920 3714 1975 εῦ-

452 1992 664 2050 erroris
691 1999 958 2054 accessio.
987 2000 1226 2067 Quidam
1266 2005 1416 2060 enim
1453 2021 1646 2081 eorum
1685 2010 1780 2080 qui
1812 2011 1884 2068 ob
1911 2029 2039 2083 gen-

2151 2015 2312 2086 φημά
2345 2032 2406 2069 τε
2441 2014 2771 2081 ἐπιτελοῦσι,
2807 2015 2902 2069 καὶ
2930 2015 3356 2088 Μαρτυριανοὺς
3397 2016 3615 2079 ἑαυτοὺς
3637 2016 3714 2068 έπ-

456 2081 613 2137 tilem
649 2084 812 2141 istam
844 2087 1180 2160 impietatem
1219 2093 1500 2153 interfecti
1525 2098 1767 2167 fuerant,
1804 2081 2039 2175 corpora

2151 2081 2461 2178 ωνόμασαν,
2494 2106 2656 2178 δῆθεν
2693 2107 2783 2161 διὰ
2813 2109 2944 2172 τοὺς
2984 2081 3144 2180 ὑπὲρ.
3174 2107 3286 2161 τῶν
3319 2107 3555 2162 εἰδώλων
3589 2123 3710 2178 μαρ-

2155 1557 2282 1620 τοὺς
2306 1555 2504 1619 αὐτοὺς
2545 1555 2874 1629 Εὐφημίτας
2900 1557 3012 1611 τῶν
3051 1558 3324 1631 Ἐλλήνων
3351 1565 3707 1631 τιμωρησαμέ-

457 2175 628 2232 certis
655 2177 710 2232 in
738 2178 872 2236 locis
897 2182 1246 2254 sepelientes,
1274 2187 1387 2244 illic
1411 2191 1634 2247 easdem
1668 2193 1795 2251 illas
1856 2195 2046 2252 laudes

2149 2199 2519 2270 τυρήσαντας.

451 2271 796 2344 hymnosque
852 2275 1150 2334 decantant
1183 2288 1238 2337 et
1280 2281 1646 2358 Martyrianos
1718 2290 1984 2362 appellari
2057 2306 2117 2347 se
2159 2291 2371 2358 volunt,
2415 2301 2642 2364 propter
2696 2291 2822 2349 illos
2855 2291 3146 2360 videlicet,
3183 2294 3280 2365 qui
3340 2292 3418 2349 ob
3477 2291 3713 2349 idolorum

449 2364 660 2419 cultum
693 2369 1019 2440 martyrium
1053 2370 1321 2429 fecerant.

527 2455 744 2528 1069
793 2457 880 2515 Ill.
931 2459 1038 2517 Sed
1072 2478 1264 2520 eorum
1309 2483 1504 2526 rursus
1545 2472 1638 2528 alii
1673 2473 1841 2531 altius
1876 2475 2042 2546 quid-

449 2543 576 2600 dam
633 2562 735 2619 pro
779 2551 1028 2608 stultitia:
1071 2569 1186 2610 suae
1227 2567 1391 2629 captu
1426 2564 1806 2635 concipientes
1835 2543 2042 2631 animo,

450 2652 517 2691 ac
558 2638 694 2694 nihil
730 2651 928 2712 praeter
969 2655 1210 2703 mentem
1260 2665 1419 2706 suam
1464 2654 1521 2710 in
1550 2658 1842 2713 consilium
1889 2659 2046 2715 adhi-

453 2731 668 2798 bentes,
703 2733 921 2804 jactare
952 2737 1098 2795 istud
1127 2742 1250 2798 ausi
1291 2753 1449 2800 sunt:
1476 2747 1733 2814 Satanas,
1764 2749 2040 2822 inquiunt,

452 2837 686 2893 magnus
727 2829 951 2897 quidam
983 2839 1089 2898 est,
1112 2847 1176 2889 ac
1215 2833 1377 2906 longe
1427 2839 1787 2908 fortissimus,
1825 2852 1881 2900 et
1900 2846 2044 2900 mala

451 2931 616 2985 quam
635 2918 876 2988 plurima
900 2921 1216 2982 homimbus
1251 2927 1466 3001 infligit.
1495 2932 1610 2988 Cur
1634 2934 1802 3005 igitur
1831 2952 1942 2992 non
1975 2938 2041 2992 ad

451 3007 600 3064 hunc
641 3011 827 3081 potius
852 3015 1232 3087 confugimus,
1284 3030 1339 3077 et
1366 3039 1492 3078 eum
1524 3025 1842 3096 adoramus,
1875 3038 2042 3101 atque

450 3100 662 3157 honore
701 3105 1205 3181 praedicationeque
1243 3121 1592 3183 veneramur,
1639 3127 1699 3173 ut
1734 3100 2040 3178 adulatoria

2219 2473 2293 2526 I".
2325 2471 2506 2527 ’Δλλοι
2551 2471 2610 2528 δὲ
2660 2471 2824 2525 πάλιν
2868 2472 2934 2526 ἐκ
2971 2471 3177 2526 τούτων
3221 2469 3303 2525 ἔτι
3349 2470 3637 2543 βαθῦτερόν
3671 2483 3716 2523 τι

2145 2564 2538 2636 διανοούμενοι,
2572 2563 2650 2629 ὡς
2699 2563 2842 2618 κατὰ
2884 2565 2984 2635 τὴν
3035 2563 3213 2618 αὐτῶν
3273 2563 3550 2636 εὐήθειαν,
3600 2579 3717 2633 συμ·

2147 2661 2327 2732 ϐοῦλῳ
2361 2662 2430 2732 τῇ
2477 2659 2690 2731 διανοίᾳ
2731 2657 3029 2731 χρώμενοι,
3079 2654 3264 2712 εἷπον·
3319 2676 3339 2710 ι
3392 2659 3452 2712 '0
3500 2656 3718 2717 Σατανᾶς

2151 2752 2326 2823 μέγας
2347 2751 2488 2814 ἐστὶ,
2510 2751 2605 2804 καὶ
2630 2749 2996 2821 ἰσχυρότερος,
3019 2749 3116 2804 καὶ
3139 2747 3311 2802 πολλὰ
3332 2746 3572 2801 ἐπιτελεῖ
3593 2745 3717 2800 κακὰ

2149 2847 2262 2908 τοῖς
2288 2842 2620 2915 ἀνθρώποις.
2655 2841 2754 2896 Διὰ
2781 2841 2834 2895 τί
2859 2842 2922 2894 οὐ
2956 2840 3158 2912 μᾶλλον
3187 2840 3325 2912 πρὸς
3353 2839 3545 2893 τοῦτον
3575 2852 3718 2891 κατα-

2151 2934 2447 3006 φεύγομεν,
2495 2933 2590 2987 καὶ
2620 2932 2768 3004 αὑτῷ
2807 2931 3247 3004 προσκυνοῦμεν,
3287 2931 3458 2985 αὐτόν
3488 2947 3545 2983 τε
3571 2927 3716 2999 τιμῶ-

2151 3044 2276 3100 μεν,
2310 3027 2406 3080 καὶ
2437 3025 2600 3079 αὐτὸν
2636 3023 3015 3096 εὐφημοῦμεν,
3045 3024 3134 3078 ἵνα
3169 3023 3260 3078 διὰ
3289 3023 3394 3094 τῆς
3426 3021 3716 3077 κολακευτι-

2149 3119 2255 3191 κῆς
2293 3118 2589 3190 θεραπείας
2635 3117 2709 3189 μὴ
2758 3119 3031 3192 ὲνεργήσῃ
3067 3118 3198 3188 ἡμῖν
3229 3114 3300 3169 τὰ
3342 3117 3578 3189 πονηρὰ,
3620 3111 3717 3167 ἀλλ’

450 3194 546 3249 illo
569 3195 724 3250 cultu
757 3199 1088 3259 conci!iatus
1122 3219 1322 3262 nocere
1345 3206 1590 3274 desinat,
1647 3206 1760 3270 imo
1782 3229 1914 3270 vero
1944 3231 2039 3271 no-

2145 3210 2216 3276 ὡς
2249 3209 2454 3264 δούλων
2491 3209 2656 3263 αὑτοῦ
2704 3209 2862 3282 ἡμῶν
2899 3208 3226 3279 γεγονότων,
3262 3209 3422 3278 φασὶ,
3457 3204 3717 3279 φείδεται¹

449 3293 664 3354 strum,
721 3288 1014 3362 inquiunt,
1059 3298 1219 3366 quasi
1273 3315 1558 3357 servorum
1583 3318 1834 3372 suorum,
1873 3306 2042 3362 ratio-

447 3393 574 3434 nem
625 3378 824 3438 habeat
897 3390 952 3440 et
1007 3385 1297 3458 ignoscat?
1362 3389 1508 3462 Ergo
1567 3393 1646 3448 illi
1711 3391 2043 3450 Satanianos

445 3472 780 3544 semetipsos
812 3478 1108 3548 appellant.
1143 3481 1388 3549 Quorum
1431 3483 1668 3543 haeresin
1717 3502 1842 3543 cum
1875 3503 2041 3558 supe-

446 3564 690 3622 tioribus
735 3567 866 3636 illis,
918 3570 989 3627 de
1041 3574 1245 3644 quibus
1281 3575 1542 3647 deinceps
1591 3578 1771 3634 acturi
1822 3595 2038 3643 sumus.

446 3656 890 3730 coniungendam
927 3665 1263 3734 putavimus.
1300 3666 1572 3732 Quoniam
1598 3670 1819 3741 utrique
1843 3686 1873 3726 a
1898 3672 2046 3727 veri-

445 3753 560 3802 tate
585 3746 964 3808 desciscentes
995 3752 1138 3808 idem
1173 3754 1322 3812 foras
1353 3757 1661 3827 prodeundi
1708 3768 1763 3816 et
1815 3763 1919 3818 sub
1949 3761 2042 3817 dio

446 3836 714 3904 precandi
763 3855 828 3894 ac
871 3842 1107 3898 canendi
1155 3844 1473 3902 institutum
1517 3855 1727 3906 tenent.
1769 3850 2040 3907 Caeterum

447 3923 566 3980 haec
623 3926 808 3980 omnia
859 3927 1080 3984 ludibrii
1123 3939 1180 3987 et
1239 3933 1564 4004 ineptiarum
1609 3937 1792 4008 plena,
1851 3938 2040 3996 damni

447 4013 584 4068 nihil
613 4013 910 4071 admodum
946 4018 1242 4086 habebant,
1277 4038 1456 4094 neque
1479 4040 1507 4079 a
1541 4027 1772 4082 veritate
1800 4036 2040 4084 mentem

447 4104 725 4162 abducere
747 4117 1003 4178 poterant
1041 4130 1055 4165 :
1097 4127 1206 4168 non
1238 4114 1387 4170 enim
1421 4115 1744 4183 Christiani,
1776 4119 1872 4176 sed
1905 4121 2041 4177 meri

445 4198 703 4269 gentiles,
753 4199 1117 4259 habebantur.
1140 4204 1209 4260 At
1240 4207 1335 4278 qui
1374 4207 1536 4265 hodie
1583 4208 1899 4268 Massaliani
1940 4227 2037 4268 vo-

445 4299 681 4355 cantur,
714 4292 908 4350 iisdem
960 4295 1206 4353 moribus
1251 4311 1316 4352 ac
1346 4298 1547 4356 ritibus
1581 4299 1783 4356 addicti
1805 4341 1821 4365 ,
1861 4317 2040 4374 neque

444 4381 689 4448 initium,
748 4399 928 4457 neque
963 4385 1147 4454 linem,
1197 4403 1375 4459 neque
1414 4398 1600 4462 caput,
1649 4399 1745 4446 aut
1793 4393 2037 4454 radicem

445 4472 648 4529 habent
678 4474 875 4544 ullam;
927 4477 1024 4533 sed
1080 4477 1201 4534 sine
1236 4477 1594 4536 fundamento
1659 4496 1724 4535 ac
1763 4481 2038 4554 principio

2147 3301 2344 3373 ὴμῶνς
2405 3301 2518 3356 Καὶ
2574 3299 2719 3355 οὕτω
2768 3300 2866 3354 καλ⁵
2909 3296 3055 3356 οὗτοι
3093 3300 3467 3362 Σατανιανοὺς
3518 3296 3720 3358 ἑαυτοὺς

2143 3392 2530 3464 ἐπωνόμασαν.
2570 3391 2740 3462 Ὁμοῦ
2768 3391 2826 3446 δὲ
2856 3390 3063 3445 τούτων
3089 3392 3191 3462 τὴν
3220 3390 3440 3463 αἵρεσιν
3475 3391 3534 3443 ὲν
3562 3387 3718 3456 τούτῳ

2145 3481 2528 3554 συνεθήκαμεν
2553 3481 2649 3535 καὶ
2675 3483 2804 3545 τοὺς
2832 3482 3293 3554 προειρημένους,
3327 3481 3619 3553 μέλλοντας
3644 3478 3719 3548 ὑφ’

2143 3572 2302 3644 ἡμῶν
2331 3573 2449 3626 νυνὶ
2473 3570 2753 3642 λέγεσθαι.
2791 3572 3010 3643 Ἐπειδὴ
3044 3571 3154 3644 γὰρ
3183 3572 3254 3626 τὰ
3277 3572 3367 3626 ἶσα
3397 3575 3458 3627 ἐν
3491 3569 3719 3640 ὑπαίθρῳ

2143 3664 2486 3736 ἐξαγόμενοι,
2518 3663 2623 3731 ἔξω
2667 3663 2963 3736 βεϐηκότες
2993 3664 3092 3734 τῆς
3125 3664 3412 3736 ἀληθείας,
3443 3665 3536 3718 ἐπὶ
3566 3663 3622 3717 τὸ
3642 3661 3719 3715 εῦ-

2142 3757 2356 3828 χεσθαι,
2411 3759 2507 3812 καὶ
2556 3757 2748 3828 ὑμνεῖν
2796 3756 3193 3828 ὲσχολάκασιν⁹
3235 3756 3372 3811 ἀλλὰ
3412 3759 3589 3812 πάντα
3635 3754 3719 3826 μὲν

2140 3846 2314 3900 ταῦτα
2343 3845 2715 3918 περιγέλαστα
2749 3845 2881 3900 ὄντα
2915 3845 3126 3917 ἀϐλαϐῆ
3158 3846 3448 3918 ἐτύγχανε,
3483 3847 3558 3919 μὴ
3581 3843 3719 3900 δυνάο

2146 3955 2284 4009 μενα
2324 3939 2712 4011 παρεκκλίνειν
2752 3938 2843 3992 τὸν
2888 3937 3015 3993 νοῦν
3060 3939 3170 3993 ἀπὸ
3203 3940 3304 4012 τῆς
3343 3940 3639 4011 ἀληθείας’
3665 3936 3716 3990 οῦ

2142 4029 2252 4103 γὰρ
2272 4033 2352 4096 εἰς
2373 4031 2546 4103 ὄνομα
2570 4031 2811 4104 Χριστοῦ
2837 4031 3086 4101 ἐλέγοντο
3119 4027 3280 4096 εἶναι,
3307 4032 3452 4088 ἀλλὰ
3478 4033 3718 4102 Ἕλληνες

2140 4122 2205 4176 τὸ
2235 4125 2379 4178 πᾶνο
2411 4123 2509 4178 νῦν
2539 4123 2597 4178 δὲ
2647 4124 2744 4177 ἀπ’
2782 4123 3010 4178 ἐκείνων
3051 4124 3161 4177 τῶν
3196 4125 3421 4197 τρόπων
3465 4119 3609 4179 οὗτοι
3636 4121 3717 4176 νῦν

2141 4214 2468 4286 καλούμενοι
2511 4214 2908 4278 Μασσαλιανοὶ,
2949 4209 3024 4268 ὧν
3053 4214 3180 4270 οὔτε
3217 4216 3382 4287 ἀρχὴ,
3411 4216 3538 4271 οὔτε
3564 4215 3712 4278 τέλος,

2140 4306 2264 4360 οὔτε
2291 4307 2528 4377 κεφαλὴ,
2562 4307 2690 4362 οῦτε
2739 4308 2893 4381 ῥίζαο
2923 4309 3062 4363 ἀλλὰ
3095 4307 3163 4363 τὰ
3192 4309 3369 4364 πάντα
3403 4311 3544 4364 είσὶν
3569 4308 3714 4379 ἀστή·

2145 4417 2341 4471 ρικτοι,
2370 4401 2467 4454 καὶ
2493 4400 2846 4472 ἄναρχοι,καὶ
2873 4403 3056 4474 ἠπατη
3066 4401 3237 4473 μένοι,
3265 4402 3340 4473 μὴ
3361 4401 3580 4473 ἔχοντες
3597 4401 3717 4462 ὅλως

2142 4491 2450 4564 στηριγμὺν
2491 4491 2778 4562 ὀνόματος,
2812 4491 2845 4564 ἢ
2891 4491 3116 4563 θεσμοῦ,
3162 4492 3196 4564 ἢ
3239 4491 3469 4557 θέσεως,
3504 4492 3536 4562 ἢ
3575 4507 3714 4562 νομο-

443 4579 676 4634 prorsus
718 4565 983 4624 inconditi
1003 4577 1154 4633 sunt,
1185 4577 1240 4624 et
1261 4571 1587 4641 gravissimo
1614 4571 1670 4627 in
1694 4587 1884 4628 errore
1909 4587 2034 4628 ver-

2145 4580 2349 4646 θεσίας.
2397 4581 2626 4636 Δοκοῦσι
2673 4583 2856 4636 τοίνυν
2901 4575 3049 4636 οὗτοι
3098 4585 3390 4638 ἐπιτοαυτὺ
3434 4585 3624 4658 ἄνδρες
3664 4598 3713 4635 τε

443 4663 638 4710 santur
673 4674 686 4712 :
732 4665 924 4729 utpote
973 4659 1068 4730 qui
1102 4660 1255 4714 nullo
1296 4677 1476 4732 neque
1518 4663 1797 4728 nominis,
1854 4677 2034 4734 neque

445 4748 772 4816 sanctionis,
838 4765 1019 4822 neque
1073 4751 1350 4823 regionis,
1401 4769 1580 4825 neque
1624 4754 1804 4824 legum
1849 4754 2034 4809 firma-

443 4845 630 4893 mento
666 4839 1039 4898 continentur.
1073 4839 1156 4896 llli
1180 4841 1349 4913 igitur
1380 4842 1437 4898 in
1484 4859 1654 4898 unum
1693 4845 1869 4899 coacti
1920 4853 2032 4899 tam

2143 4674 2238 4726 καὶ
2276 4677 2534 4743 γυναῖκες
2564 4675 2725 4747 δῆθεν
2767 4677 2849 4741 είς
2883 4677 3119 4750 Χριστὸν
3151 4679 3596 4742 πεπιστευκέναι,
3633 4675 3712 4728 λέ·

2141 4781 2352 4832 γοντες,
2391 4765 2471 4831 ὡς
2510 4766 2914 4838 ἀποταξάμενοι
2950 4768 3028 4839 τῷ
3061 4770 3273 4842 κόσμῳ,
3306 4771 3400 4824 καί⁵
3429 4770 3541 4823 τῶν
3587 4768 3714 4823 ἰδίων

2140 4856 2630 4928 ἁνακεχωρηκυτες
2650 4877 2663 4890 ·
2686 4860 2822 4929 ὁμοῦ
2839 4860 2896 4915 δὲ
2915 4861 3118 4934 ἀναμὶξ
3141 4862 3335 4934 ἄνδρες
3358 4863 3478 4933 ἅμα
3492 4859 3710 4933 γυναιξὶ,

443 4927 738 5000 viri,quam
762 4933 1044 4998 mulieres,
1059 4933 1286 4992 credere
1309 4935 1363 4991 in
1382 4935 1664 4992 Christum
1683 4936 1957 5004 videntur,
1976 4954 2039 4994 ac

2145 4948 2234 5002 καὶ
2258 4927 2519 5017 γυναῖκες
2542 4949 2661 5022 ἅμα
2672 4927 2934 5026 ἀνδράσιν
2953 4927 3253 5010 ἐπνιτοαυτδν
3271 4927 3640 5018 καθεύδοντες,
3664 4953 3712 5006 ἐν

446 5033 506 5074 se
531 5020 736 5078 mundo
780 5025 1136 5084 renuntiasse
1147 5035 1205 5083 et
1232 5043 1332 5083 sua
1364 5029 1548 5083 omnia
1565 5028 1884 5086 deseruisse
1909 5047 2037 5102 pro-

447 5116 691 5164 ﬁtemur.
717 5105 856 5166 Tum
889 5127 1021 5170 vero
1051 5116 1370 5184 promiscue
1401 5133 1570 5174 sexus
1597 5118 1884 5190 utriusque
1912 5121 2040 5176 dor-

445 5199 683 5258 mientes
712 5215 908 5258 omnes
936 5203 994 5258 in
1024 5208 1449 5276 spatiosissimis
1479 5211 1616 5266 vicis
1657 5227 1755 5280 per
1788 5220 2034 5268 aestatem

439 5290 660 5360 iacent;
686 5290 832 5365 quod
854 5306 916 5348 se
937 5294 1234 5367 quidquam
1261 5301 1313 5355 in
1342 5308 1489 5356 terra
1514 5303 1797 5372 possidere
1819 5316 2037 5376 negent.

447 5381 626 5442 Soluti
673 5402 839 5457 porro
892 5404 958 5443 ac
993 5390 1115 5459 vagi
1157 5399 1309 5456 sunt,
1361 5402 1416 5448 et
1473 5410 1673 5451 manus
1719 5395 1787 5450 ad
1839 5399 2038 5469 stipem

447 5477 756 5550 porrigunt,
790 5479 1018 5550 perinde
1048 5495 1112 5536 ac
1137 5481 1285 5536 victu
1308 5489 1362 5537 et
1389 5486 1740 5553 possessione
1765 5501 2036 5546 carentes.

448 5563 554 5621 Sed
585 5583 778 5624 eorum
806 5586 1092 5628 sermones
1124 5573 1482 5630 stoliditatem
1509 5591 1726 5633 omnem
1751 5591 2034 5652 superant.

513 5721 531 5753 ‘
562 5720 624 5775 Γ.
654 5725 922 5792 φείδηται.

2140 5038 2344 5110 ῥύμαις
2383 5042 2484 5112 μὲν
2527 5043 2836 5108 πλατείαις,
2863 5046 3102 5117 ὁπηνίκα
3129 5046 3321 5118 θέρους
3348 5045 3470 5116 ὥρα
3491 5046 3600 5115 εἴη,
3637 5041 3712 5097 διὰ

2137 5128 2198 5182 τὸ
2227 5129 2302 5201 μὴ
2333 5129 2500 5200 ἔχειν,
2536 5133 2693 5203 φησὶ,
2725 5135 2912 5205 κτῆμα
2941 5137 3035 5190 ἐπὶ
3060 5137 3162 5207 τῆς
3184 5137 3309 5207 γῆς.
3348 5131 3707 5190 Ἀκὼλυτοιδέ

2138 5222 2264 5285 εἰσι,
2300 5223 2395 5277 καὶ
2425 5225 2730 5280 ὲκτείνουσι
2757 5230 2949 5300 χεῖρας
2975 5232 3249 5300 μεταιτεῖν
3279 5229 3356 5292 ὡς
3382 5229 3608 5285 ἁϐίωτοι
3631 5227 3710 5278 καὶ

2139 5313 2470 5384 ἀκτήμονες.
2497 5316 2561 5368 Οἱ
2581 5315 2637 5369 δὲ
2658 5316 2805 5387 λόγοι
2829 5319 3009 5372 αὐτῶν
3036 5319 3288 5389 ἀφρόνων
3314 5318 3590 5377 ἐπέκεινα.
3625 5317 3708 5369 Ὃν

2137 5405 2182 5457 δ’
2214 5403 2279 5459 ἄν
2306 5424 2428 5460 τινα
2456 5409 2812 5481 ἐπερωτήσῃς
2839 5409 2899 5474 ἐξ
2932 5409 3113 5464 αὐτῶν
3148 5407 3489 5481 ὁρμώμενον,
3519 5406 3707 5460 ἐκείνου

2137 5497 2327 5551 ἑαυτὸν
2357 5500 2576 5568 φάσκει,
2611 5498 2723 5556 οἷον
2753 5503 2798 5556 δ’
2829 5503 2896 5557 ἂν
2933 5501 3158 5566 ἐθέλοις.
3199 5503 3355 5554 Ἤτοι
3378 5498 3489 5571 γὰρ
3514 5495 3702 5569 προφήο

2130 5604 2236 5659 την
2300 5587 2496 5654 εἴποις,
2566 5592 2833 5662 λέξουσιν,
2903 5593 2986 5646 ὅτι
3044 5592 3340 5662 Προφήτης
3392 5587 3546 5659 εἰμί’
3601 5585 3708 5656 ηωι

3480 5846 3492 5860 ι
3604 5844 3636 5865 'L
