3958 6414
513 363 618 418 765

1939 361 1995 417 S.
2038 359 2386 415 ΕΡΙΡΙΙΑΝΙΙ
3634 367 3714 424 τει

513 499 638 536 rans
673 491 920 552 provecta
950 492 1027 537 est
1057 484 1096 536 '.
1128 480 1238 536 Nec
1267 481 1428 537 aiiter
1453 497 1534 538 sel
1559 481 1598 536 :i
1623 482 1697 536 illi
1728 481 1820 537 Dei
1853 483 1908 536 in
1929 482 2104 538 solida

2230 480 2461 546 ιοῦντες,
2495 481 2656 545 ίδίαις
2697 483 2856 553 χερσὶ
2901 482 2998 546 τὰς
3046 483 3248 548 λεπτὰς
3295 485 3465 538 αὐτῶν
3508 487 3714 558 ἐργασίας

517 573 764 626 veritatis
801 583 976 643 petra,
1009 572 1155 626 velut
1199 570 1574 635 fundamento,
1611 570 1860 635 stabiliti,
1903 586 1969 624 ac
2005 571 2104 625 do—

516 682 663 719 mum
689 680 847 720 suam
891 664 1102 718 [inuam
1139 673 1304 734 atque
1325 663 1710 719 inconcussam
1732 670 2101 725 exstruentes,

517 773 614 827 pro
663 773 726 811 ea
759 773 924 826 quam
954 757 1284 826 proﬁtentur
1321 765 1462 819 arte,
1504 754 1905 810 minutissimas
1933 768 2104 823 quas-

515 865 623 918 que
668 863 868 918 operas
919 848 1122 919 singuli
1157 849 1413 902 manibus
1452 847 1571 902 suis
1615 852 1890 901 exercent.
1937 842 2104 898 Iidem

513 956 645 997 vero
683 941 996 996 universam
1037 956 1176 1010 pene
1215 939 1558 1008 Seripturam
1594 955 1690 993 ore
1725 936 2105 1007 pronuntiant,

517 1032 748 1101 impigre
785 1045 850 1085 ac
901 1039 1127 1086 strenue
1165 1038 1260 1085 aut
1299 1030 1508 1085 orando
1549 1038 1644 1084 aut
1677 1029 1916 1100 psalmos
1956 1042 2109 1082 emo-

516 1123 757 1178 dulando
785 1123 1132 1194 pervigilant,
1166 1124 1441 1178 solemnes
1484 1123 1552 1178 de
1609 1138 1762 1177 more
1792 1129 2102 1176 conventus

519 1233 584 1271 ac
611 1215 908 1286 quotannis
953 1215 1284 1270 constitutos
1325 1214 1567 1280 obeunt;
1615 1220 1788 1268 statas
1829 1212 2016 1276 horas,
2053 1220 2112 1266 et

522 1307 751 1363 alternis
805 1307 998 1376 spatiis
1046 1307 1310 1360 continuo
1350 1305 1660 1376 descriptas
1705 1304 1986 1376 perpetuis
2043 1304 2113 1356 ad

523 1396 692 1450 Deum
729 1395 1020 1450 lundendis
1059 1395 1352 1464 precibus,
1394 1411 1610 1449 summa
1647 1410 1772 1449 cum
1805 1393 2116 1461 abjectione

522 1489 688 1543 animi
729 1503 794 1543 ac
827 1487 1121 1543 laboriosis
1161 1488 1456 1558 gemitibus
1507 1488 1842 1557 transigunt,
1881 1503 2005 1542 cum
2031 1487 2116 1542 in-

524 1591 673 1635 terea
703 1581 970 1652 propriis,
1005 1581 1084 1636 uti
1114 1581 1250 1646 dixi,
1283 1581 1563 1645 manibus,
1593 1581 1852 1650 adjuncta
1880 1580 2118 1650 spiritali

519 1674 940 1739 exercitatione,
982 1688 1126 1742 Opus
1151 1673 1478 1739 instituant,
1519 1687 1590 1728 ne
1618 1680 1714 1727 aut
1749 1672 1933 1741 inopia
1967 1671 2118 1727 labo-

521 1775 663 1828 rent,
699 1775 795 1820 aut
829 1766 882 1819 in
923 1765 1194 1820 humanas
1229 1764 1614 1820 simulationes
1645 1763 1912 1826 incidant,
1943 1762 2024 1818 sic
2061 1770 2120 1817 ut

2205 572 2532 644 ἐργάζονται
2557 572 2699 626 κατά
2730 573 2828 644 τὴν
2857 574 3086 628 ἑκάστου
3109 574 3320 645 τέχνην.
3360 575 3446 629 Ἔν
3469 577 3660 648 στόματι
3677 580 3719 632 δὲ

2207 664 2394 736 σχεδὸν
2415 666 2595 719 πᾶσαν
2615 664 2768 718 θείαν
2783 665 2822 718 Γ
2827 665 3005 737 ραφὴν
3027 665 3470 735 ἀπαγγέλλουσιν,
3493 668 3722 740 ἀκμητίτε

2205 759 2301 812 καὶ
2317 758 2526 822 ἀόκνως
2549 758 2749 829 συχνάς
2775 757 3163 822 ποιοῖωταιτάς
3173 760 3492 831 ἀγρυπνίας,
3506 759 3725 832 τοῦτομὲν

2207 853 2264 904 ἐν
2281 851 2488 921 εὐχαῖς,
2501 849 2656 905 τοῦτο
2669 850 2728 903 δὲ
2744 852 2802 905 ἐν
2817 851 2924 922 ψα).
2931 851 3174 922 μῳδίαις·
3189 851 3470 924 ἐνδελεχῶς
3487 852 3538 906 δέ
3549 852 3633 915 τὰς
3646 870 3727 906 συν-

2209 942 2452 1006 ελεύσεις
2469 942 2565 1005 τάς
2619 942 2679 1008 ἐξ
2715 941 2870 1006 ἔθους
2904 942 3180 1013 ἐνθέσμως
3220 942 3561 1014 τεταγμέναςο
3591 944 3730 1014 διημε-

2212 1032 2426 1106 ρεύουσί
2465 1049 2525 1086 τε
2545 1032 2778 1086 πάντοτε
2822 1033 2923 1097 τάς
2965 1033 3327 1104 ἀδιαλήπτους
3346 1034 3484 1088 κατά
3511 1034 3730 1106 διάστημα

2211 1122 2380 1194 ὥρας,
2394 1121 2493 1184 τὰς
2520 1121 2686 1192 εύχάς
2701 1121 2821 1192 Θεῷ
2835 1121 3268 1191 ἀκαταγνώστως
3288 1123 3426 1194 μετά
3445 1139 3735 1194 ταπεινοφρο-

2217 1211 2380 1282 σύνης
2407 1210 2610 1282 πολλῆς
2632 1211 2725 1265 καὶ
2745 1212 2989 1283 οἰμωγῆς
3004 1212 3426 1284 ἐπιπὸωυ(Θεῷ)
3443 1213 3735 1284 ἀναπέμπον-

2214 1320 2326 1366 τες,
2343 1304 2462 1364 ταῖς
2485 1317 2544 1354 τε
2572 1302 2729 1365 ἰδίαις
2756 1305 2964 1374 χερσὶν,
2995 1301 3069 1367 ὡς
3095 1302 3251 1374 ἔφην,
3280 1305 3614 1377 ἐργαζόμενοι
3637 1307 3736 1376 μετά

2217 1395 2314 1447 καὶ
2337 1395 2434 1462 τῆς
2454 1393 2829 1464 πνευματικῆς
2844 1395 3104 1464 ἐργασίας
3117 1411 3132 1425 ⁸
3157 1397 3245 1449 ἵνα
3263 1396 3339 1467 μὴ
3355 1395 3571 1458 ἐπιδεεῖς
3583 1395 3736 1464 γένων-

2216 1503 2326 1548 ται,
2375 1486 2470 1538 καὶ
2498 1486 2577 1549 εἰς
2621 1485 2940 1557 ὑποκρίσεις
2983 1485 3332 1557 ἀνθρωπίνας
3377 1486 3741 1558 ἐμπέσωσι,καὶ

2219 1575 2402 1631 οὐκέτι
2422 1575 2499 1646 τῷ
2527 1575 2815 1629 ἀσεϐοῦντι
2841 1576 3128 1647 δυνάμενοι
3153 1577 3222 1630 τά
3247 1577 3424 1647 ἀληθῆ
3455 1577 3633 1645 λέγειν,
3651 1577 3742 1631 (οὔτε

2221 1663 2377 1731 ἐκτὸς
2413 1666 2586 1738 ῥύπου
2623 1661 2763 1720 εἶναι
2790 1667 2898 1720 τῶν
2925 1667 3032 1720 ἀπὺ
3061 1667 3274 1730 ἀδικίας
3306 1666 3599 1739 ἀνθρώπων
3621 1667 3744 1720 πλου-

2226 1758 2355 1812 σίων
2400 1759 2495 1812 καὶ
2525 1759 2994 1813 πλεονεκτούντων
3031 1761 3158 1824 τοὺς
3205 1759 3470 1831 πένητας,
3495 1759 3607 1813 οὔτε
3632 1759 3746 1822 ἐκτδς

523 1855 706 1925 impiis
738 1854 908 1910 libere
933 1853 1218 1908 veritatem
1249 1853 1433 1923 eloqui
1476 1868 1585 1906 non
1621 1853 1891 1918 audeant;
1935 1869 2115 1924 neque

2230 1851 2406 1904 σιτίων
2438 1850 2642 1904 τούτων
2672 1851 2940 1921 γίνεσθαι,
2973 1852 3048 1924 μὴ
3069 1851 3388 1922 δυναμένοις
3411 1853 3450 1884 ⁸⁸
3483 1853 3546 1906 ἐκ
3573 1853 3749 1906 δικαίων

525 1948 594 2000 ab
625 1961 816 2001 eorum
844 1945 1151 2011 hominum,
1178 1943 1270 2014 qui
1294 1959 1392 2014 per
1439 1941 1594 2000 nel’as
1619 1958 1681 1999 ac
1705 1958 2004 2014 pauperum
2027 1943 2113 1998 in-

519 2035 723 2106 juriam
758 2032 1071 2104 locupletati
1105 2041 1233 2086 sunt
1265 2032 1590 2102 contagione
1624 2048 1688 2086 ac
1721 2034 1952 2088 maculis
1998 2034 2114 2088 viu-

525 2128 714 2183 dieare
756 2142 878 2182 sese
920 2127 1169 2196 possint:
1213 2143 1312 2182 nec
1352 2127 1569 2181 illorum
1609 2125 1849 2196 denique
1887 2126 2115 2184 cibariis

2222 1943 2400 1996 πόνων
2413 1947 2508 2014 τὴν
2529 1947 2806 2017 ἐφήμερον
2822 1945 2964 2016 ἔχειν
2986 1945 3212 2018 τροφὴν,
3241 1945 3358 1999 ἀλλ’
3376 1945 3750 2017 ἀναγκαζόμενοι

2221 2038 2307 2091 διὰ
2341 2038 2404 2091 τὸ
2441 2039 2619 2104 ἐνδεὲς
2664 2041 2764 2112 τῆς
2797 2039 3025 2112 ἀεργίας
3053 2039 3332 2110 τραπέζης
3388 2039 3635 2093 πλουσίων
3659 2054 3753 2110 μετ-

2223 2129 2389 2201 ἐχειν.

527 2239 737 2287 carere,
769 2222 915 2292 quod
946 2221 1115 2292 justis
1144 2222 1427 2277 laboribus
1467 2221 1851 2291 quotidianum
1881 2223 1988 2278 sibi
2027 2223 2231 2278 victum
2291 2240 2612 2295 comparare
2670 2233 2984 2297 nequeant,
3027 2227 3126 2282 sed
3170 2226 3243 2283 ob
3301 2227 3565 2297 inopiam,
3591 2223 3757 2280 exotio

525 2321 580 2367 et
609 2311 805 2368 inertia
837 2311 1165 2379 derivatam,
1202 2312 1269 2366 ad
1301 2312 1584 2368 beatorum
1617 2328 1839 2370 mensas
1860 2313 2156 2385 confugere
2186 2323 2476 2386 cogantur.

601 2407 666 2465 ν.
713 2409 1081 2476 Quamobrem
1139 2408 1386 2464 divinum
1431 2425 1533 2464 nos
1581 2410 1867 2464 oraculum
1907 2409 2066 2464 docet
2105 2426 2118 2462 :

531 2497 616 2554 Ne
647 2501 990 2562 concupiscas
1014 2500 1156 2554 cibos
1183 2499 1431 2553 divitum.
1464 2501 1536 2554 Hi
1563 2500 1700 2553 enim
1728 2517 1847 2554 cum
1881 2503 2122 2556 mendaci

525 2595 637 2649 vita
685 2594 954 2663 conjuncti
997 2595 1194 2647 sunt’.
1247 2591 1385 2647 Tum
1417 2594 1525 2649 alio
1565 2595 1768 2650 inloco
1813 2595 2112 2664 ejusmodi,

529 2687 721 2758 quales
769 2686 1005 2758 appositi
1055 2686 1282 2749 fuerint,
1314 2686 1558 2743 vicissim
1601 2689 1990 2758 prteparandos
2021 2689 2120 2744 ad-

537 2787 724 2834 monet
758 2797 772 2834 :
803 2779 957 2846 Quod
991 2779 1036 2832 si
1068 2778 1395 2834 insatiabilis
1423 2797 1501 2846 es,
1547 2781 1695 2834 illius
1739 2781 1880 2835 cibos
1912 2799 1976 2837 ne
2005 2799 2130 2838 con-

533 2870 777 2938 cupiscas
812 2872 853 2922 ³.
885 2867 1002 2936 Qua
1039 2869 1092 2922 in
1123 2885 1186 2926 re
1215 2871 1535 2941 praeclaram
1571 2872 1725 2941 pueri
1745 2873 1824 2927 illi
1857 2873 2133 2945 Babylone

534 2963 764 3034 gloriam
817 2961 1000 3032 adepti
1059 2969 1211 3026 sunt,
1246 2963 1341 3034 qui
1386 2963 1672 3034 repudiata
1723 2966 1868 3036 regis
1917 2981 2128 3032 mensa,

532 3055 828 3126 exquisitis
879 3054 1045 3124 hujus
1086 3054 1268 3127 epulis
1329 3055 1604 3127 legumina
1664 3058 2024 3127 praetulerunt
2067 3075 2132 3115 ac

2313 2413 2389 2464 E'.
2425 2410 2519 2464 Διὸ
2551 2411 2916 2484 παραγγέλλει
2957 2413 2989 2465 ὁ
3031 2411 3174 2476 θεῖος
3216 2411 3400 2482 λόγος,
3429 2413 3662 2482 φάσκων
3687 2410 3759 2478 Μή

2226 2501 2496 2571 ἐπιθύμει
2537 2501 2872 2572 ,βρωμάτων
2911 2502 3030 2556 τῶν
3071 2505 3412 2558 πλουσίων.
3467 2503 3641 2558 Ταῦτα
3681 2500 3764 2571 τὰρ

2227 2593 2425 2660 ἔχεται
2453 2591 2603 2653 ζωῆς
2628 2587 2915 2658 ψευδοῦς.
2941 2592 3052 2647 Καὶ
3078 2591 3240 2646 πάλιν
3280 2594 3338 2646 ἐν
3378 2593 3682 2665 ἀλλῳτόπῳ,
3705 2593 3764 2644 ὅτι

2226 2684 2486 2749 τοιαύτας
2520 2688 2626 2742 ἔδει
2665 2674 3772 2758 παρασκευάζειν·Εὶϐὲάπληαιότφοςεῖν

2243 2779 2328 2852 μὴ
2337 2778 2606 2846 ἐπιθύμει
2625 2779 2743 2834 τῶν
2771 2776 2957 2832 αὐτοῦ
2985 2772 3336 2846 βρωμάτων·
3370 2777 3431 2830 ἐν
3473 2775 3665 2840 τούτοις
3685 2782 3769 2844 γὰρ

2230 2865 2600 2936 ἐδοξάσθησαν
2622 2873 2672 2919 ot
2698 2865 2887 2930 παῖδες
2914 2866 2963 2920 οί
2992 2868 3049 2920 ἐν
3070 2868 3137 2937 τῇ
3167 2865 3476 2932 Βαϐυλῶνι,
3503 2863 3766 2936 ἀρνησάμε-

2230 2975 2312 3012 νοι
2344 2959 2624 3030 τράπεζαν
2659 2959 2944 3032 βασιλέως,
2979 2959 3074 3014 καὶ
3112 2953 3479 3031 αίρησάμενοι
3511 2958 3767 3030 σπέρμασιν

2229 3050 2540 3122 ἀρκεῖσθαι,
2589 3050 2623 3122 ἢ
2656 3051 2924 3124 τραπέζῃ,
2955 3051 3052 3106 καὶ
3085 3048 3365 3122 βρώμασι,
3417 3050 3667 3121 χρήμασι,
3699 3044 3768 3097 καὶ

535 3147 760 3204 divitias
791 3146 1247 3218 splendoremque
1279 3149 1801 3219 contempserunt‘.
1833 3148 1944 3205 Nec
1972 3151 2125 3207 aliter

2234 3143 2362 3216 δόξῃ
2390 3143 2812 3214 ἀποταξάμενοι,
2833 3142 2909 3207 ὡς
2930 3142 3172 3212 Μωῦσῆς
3198 3141 3404 3212 μᾶλλον
3433 3141 3598 3194 εἵλετο
3620 3155 3770 3206 συγκι-

535 3238 773 3311 Moyses,
802 3239 896 3310 qui
920 3239 1105 3294 vexari
1135 3239 1410 3310 allligique
1441 3256 1565 3296 cum
1595 3241 1799 3311 populo
1828 3239 1944 3306 Dei,
1968 3257 2132 3312 quam

535 3330 879 3404 Egyptiaeis
912 3331 1188 3388 thesauris
1222 3330 1426 3402 perfrui
1451 3332 1644 3388 maluit
1675 3333 1714 3388 '.
1739 3332 1843 3400 Qui
1878 3333 2127 3404 quidem,

535 3424 666 3477 dum
726 3422 842 3478 suis
897 3421 1016 3492 ipse
1069 3422 1328 3480 manibus
1379 3438 1519 3494 opus
1570 3433 1813 3488 exercet,
1868 3424 2132 3495 pr0pheta

539 3515 714 3570 lactus
743 3523 846 3570 est.
905 3513 999 3570 llle
1043 3514 1192 3570 enim
1253 3515 1371 3586 ipse
1410 3515 1612 3572 nobilis
1644 3525 1699 3572 et
1738 3531 1770 3569 a
1823 3516 1934 3570 tilia
1990 3517 2136 3580 regis

537 3608 851 3678 adoptatus,
904 3617 963 3663 ut
1024 3623 1094 3663 ne
1141 3609 1350 3664 otiosus
1398 3623 1537 3678 pane
1582 3619 1920 3672 vesceretur,
1964 3608 2134 3680 Opilio

537 3701 874 3756 constitutus
921 3706 1028 3756 est.
1087 3698 1233 3755 idem
1292 3707 1349 3754 et
1395 3709 1551 3770 pater
1596 3711 1782 3757 noster
1822 3700 1994 3757 Jacob
2035 3717 2136 3757 nos

539 3793 748 3859 docuit,
784 3808 909 3846 cum
941 3791 1226 3845 Labanum
1258 3792 1569 3862 alloquens,
1638 3790 1714 3846 Da
1745 3794 1898 3859 mihi,
1935 3793 2133 3865 inquit,

540 3887 726 3956 operis
759 3885 989 3955 aliquid,
1011 3885 1290 3955 proprium
1325 3894 1384 3939 ut
1418 3887 1620 3939 victum
1662 3901 1897 3941 meream
1913 3887 1953 3941 ⁸.
1982 3886 2138 3944 Unde

541 3986 596 4033 et
633 3993 663 4030 a
694 3992 887 4033 socero
909 3975 1092 4029 ovium
1132 3975 1317 4030 itidem
1346 3975 1602 4046 gregibus
1646 3977 1962 4048 praeﬁcitur.
2004 3976 2138 4043 Qua:

545 4069 754 4124 idcirco
792 4069 1004 4138 1072
1051 4067 1194 4121 farta
1241 4074 1371 4123 sunt
1407 4067 1613 4134 omnia,
1651 4083 1718 4124 ne
1752 4069 1928 4122 sancti
1961 4068 2138 4124 homi-

544 4178 644 4216 nes
697 4177 893 4233 panem
950 4157 1112 4215 otiosi
1173 4158 1543 4215 eomederent.
1597 4159 1878 4230 Apostolis
1927 4176 2056 4216 vero
2104 4177 2136 4216 a

543 4249 778 4303 Domino
816 4257 1151 4320 praeceptum
1193 4247 1335 4302 istud
1364 4255 1484 4303 est:
1523 4256 1581 4302 ut
1611 4249 1783 4305 divini
1818 4251 1968 4306 verbi
1998 4268 2137 4322 prae-

542 4343 818 4398 dicatione
841 4340 1084 4396 contenti
1114 4347 1321 4405 essent,
1348 4357 1414 4396 ne
1444 4357 1508 4397 ex
1542 4341 1663 4396 aliis
1688 4341 1825 4400 alias
1853 4343 1909 4397 in
1969 4343 2135 4400 urbes

541 4453 607 4492 ac
648 4437 766 4490 loca
817 4433 1148 4506 praedicandi
1191 4450 1361 4489 causa
1413 4434 1731 4506 migrantes,
1763 4435 1934 4491 variis
1957 4437 2135 4493 rebus

541 4526 984 4582 distraherentur
1015 4565 1030 4580 .
1069 4523 1272 4594 Dignus
1309 4533 1384 4577 est
1418 4526 1554 4577 enim
1591 4527 1865 4592 operarius
1907 4526 2138 4580 mercede

543 4634 642 4672 sua
667 4616 720 4682 ⁷;
749 4622 804 4670 et
830 4633 845 4670 :
883 4614 1083 4673 Suﬂicit
1111 4616 1353 4682 operario
1380 4615 1692 4668 alimentum
1712 4631 1865 4667 suum
1892 4614 1935 4668 ⁸.
1960 4612 2135 4682 Quam

541 4711 792 4767 eamdem
823 4709 892 4764 ob
917 4723 1142 4763 causam
1160 4707 1476 4777 pastoribus
1505 4723 1602 4777 pro
1634 4706 1950 4763 incredibili
1983 4708 2137 4777 ipso-

546 4822 669 4860 rum
725 4805 780 4858 in
845 4800 1222 4873 gubernandis
1279 4801 1496 4870 populis
1549 4801 1931 4871 occupatione,
1976 4810 2138 4872 atque

542 4897 919 4953 ecclesiastica
945 4893 1357 4966 procuratione.
1399 4892 1931 4964 administrandique
1951 4893 2137 4950 labore

546 4997 812 5059 perpetuo
833 4989 1077 5044 divinum
1113 4986 1216 5041 hoc
1236 4985 1518 5040 oraculum
1551 4984 1750 5040 edicit:
1781 4986 1913 5052 Quis
1929 5002 2134 5056 gregem

549 5081 743 5150 pascit,
793 5091 842 5133 et
873 5079 1020 5134 illius
1061 5079 1200 5133 lacte
1235 5095 1339 5132 non
1380 5078 1585 5131 alitur?
1623 5078 1756 5142 Quis
1800 5078 2012 5146 plantat
2064 5081 2138 5132 vi-

546 5169 919 5240 ncam,etcjus
936 5171 1113 5240 fructu
1137 5190 1240 5226 non
1271 5171 1496 5227 vescitur
1514 5171 1535 5202 ’
1567 5165 1838 5240 ?Deinde,
1879 5168 2137 5242 Operam,

2237 3235 2552 3305 κουχεῖσθαι
2583 3233 2661 3307 τῷ
2691 3234 2806 3306 λαῷ
2836 3233 2930 3289 τοῦ
2957 3233 3091 3287 Θεοῦ
3133 3234 3278 3306 ἥπερ
3305 3233 3598 3288 ἀπολαύειν
3626 3230 3715 3284 τῶν
3731 3230 3773 3278 ὲν

2234 3329 2496 3400 Αἰγύπτῳ
2548 3326 2862 3400 θησαυρῶν,
2890 3325 3257 3398 ἐργαζόμενος
3307 3325 3368 3379 δὲ
3425 3325 3580 3389 ἰδίαις
3629 3321 3773 3395 χερσὶν

2235 3421 2394 3492 ἔτυχε
2416 3420 2773 3494 προφητείας.
2805 3419 3102 3491 Προϐἀτων
3129 3418 3238 3488 γὰρ
3275 3409 3437 3482 οὗτος
3460 3414 3652 3488 ποιμὴν
3676 3429 3773 3467 κατα

2236 3514 2390 3584 έστη,
2412 3515 2441 3566 ὁ
2475 3513 2701 3584 εὐγενὴς
2731 3513 2826 3566 καὶ
2860 3512 2980 3576 υίὸς
3007 3510 3279 3581 θυγατρὸς
3311 3509 3599 3580 βασιλέως.
3627 3509 3700 3561 ἵνα
3719 3503 3772 3573 μὴ

2236 3605 2405 3678 ἀργὸν
2451 3606 2608 3679 ἐσθίῃ
2637 3606 2803 3677 ἄρτον
2823 3622 2836 3634 ·
2866 3604 2942 3668 ὡς
2972 3603 3065 3658 καὶ
3105 3603 3345 3659 διδάσκει
3386 3604 3417 3656 ὁ
3460 3601 3634 3671 πατὴρ
3659 3594 3775 3667 ἡμῶν

2248 3697 2469 3763 Ἰακὼϐ,
2509 3699 2683 3768 λέγων
2717 3698 2932 3752 Δάϐαν·
2961 3696 3061 3761 Δός
3095 3712 3184 3767 μοι
3221 3697 3510 3768 ἐργασίαν,
3540 3696 3622 3748 ἶνα
3653 3688 3775 3762 ἐργά-

2237 3791 2419 3862 ζωμαι
2473 3789 2566 3844 τοῦ
2609 3791 2738 3844 ἰδίου
2772 3789 2959 3862 ἄρτου.
2998 3790 3108 3842 Καὶ
3135 3785 3296 3853 αὐτὸς
3327 3789 3495 3843 πάλιν
3528 3785 3775 3857 ποιμαίνειν

2238 3883 2639 3954 προστέτακται
2679 3883 2832 3955 παρὰ
2879 3883 2974 3936 τοῦ
3006 3882 3135 3936 ἰδίου
3184 3882 3474 3953 πενθεροῦ,
3509 3883 3592 3936 ἶνα
3625 3878 3688 3951 μὴ
3707 3877 3776 3946 ἀρε

2236 3977 2324 4045 γοὶ
2368 3984 2536 4048 ἄρτον
2589 3977 2843 4030 ἐσθίωσιν
2890 3978 2939 4029 ot
2989 3975 3210 4030 δίκαιοι.
3251 3975 3377 4039 Τοῖς
3415 3975 3476 4030 δὲ
3516 3970 3776 4029 ἀποστόλοις

2236 4067 2452 4138 εἴρηται
2509 4067 2797 4138 ἀρκεῖσθαι
2843 4067 2922 4139 τῷ
2968 4067 3112 4137 λόγῳ
3145 4068 3186 4100 ¹¹
3229 4066 3545 4137 κηρύττειν,
3605 4065 3678 4117 ἵνα
3725 4058 3777 4130 μὴ

2236 4160 2574 4231 ἀσχολῶνται
2604 4160 2711 4215 ἀπὸ
2742 4161 2947 4225 πόλεως
2974 4162 3054 4224 είς
3083 4160 3255 4225 πόλιν,
3288 4161 3384 4213 καὶ
3409 4160 3521 4213 ἀπὸ
3556 4159 3698 4211 τόπου
3723 4153 3778 4211 εἰς

2236 4255 2420 4317 τόπον,
2470 4254 2565 4306 ἐπὶ
2611 4255 2672 4308 τὸ
2731 4255 2994 4326 κηρυγμα
3051 4254 3152 4324 τὴν
3207 4253 3437 4326 πορείαν
3500 4250 3777 4320 ποιούμενοι.

2241 4347 2444 4414 Ἀξιος
2495 4346 2607 4418 γὰρ
2666 4351 2700 4402 ὁ
2750 4345 3004 4418 ἐργάτης
3050 4347 3157 4401 τοῦ
3203 4345 3432 4416 μισθοῦ
3453 4343 3662 4399 αὑτοῦ·
3694 4338 3778 4396 καὶ.

2253 4439 2532 4508 Ἀρκετὸν
2583 4438 2664 4505 τῷ
2713 4439 3080 4511 ἐργαζομένῳ
3125 4440 3164 4507 ἡ
3214 4439 3407 4508 τροφὴ
3464 4435 3660 4493 αὐτοῦ.
3701 4429 3780 4485 Καὶ

2243 4532 2356 4594 τοῖς
2380 4547 2439 4582 τε
2476 4531 2732 4602 ποιμέσιν
2765 4531 3028 4594 ὡσαύτως
3059 4530 3146 4584 διὰ
3177 4532 3276 4603 τὴν
3313 4531 3426 4584 τῶν
3455 4530 3596 4584 λαῶν
3627 4522 3780 4596 συχνήν

2243 4620 2523 4690 ἀσχολίαν,
2585 4621 2679 4674 καὶ
2738 4621 2838 4688 τὴν
2893 4621 3355 4692 ἐκκλησιαστικὴν
3408 4619 3680 4689 διοίκησιν.
3713 4609 3780 4665 καὶ

2243 4712 2494 4783 ἐνδελεχῆ
2527 4711 2889 4786 λειτουργίαν,
2923 4712 3089 4785 φησὶν
3121 4716 3149 4768 ὁ
3182 4714 3323 4779 θεῖος
3356 4713 3544 4784 λόγος·
3576 4713 3660 4776 Τίς
3689 4721 3779 4759 .m-

2238 4803 2440 4873 μαίνει
2469 4804 2757 4874 ποίμνην,
2792 4803 2887 4858 καί
2915 4804 2983 4859 ἐκ
3017 4806 3125 4860 τοῦ
3158 4806 3460 4874 γάλακτος
3497 4801 3676 4871 αὐτῆς
3698 4798 3778 4851 οὐκ

2245 4897 2468 4960 ἐσθίει;
2501 4898 2576 4950 ’Ἡ
2600 4898 2689 4962 τις
2715 4897 2958 4967 φυτεύει
2976 4897 3322 4966 ἀμπελῶνα,
3348 4899 3449 4953 καὶ
3475 4899 3544 4952 ἐκ
3566 4893 3663 4950 τοῦ
3683 4905 3777 4956 καρ-

2239 4987 2356 5041 ποῦ
2387 4988 2575 5042 αὑτοῦ
2617 4991 2688 5043 οὐ
2720 4989 3200 5059 μεταλαμϐάνει;
3238 4991 3346 5044 Καί
3395 5008 3560 5062 φησι·
3594 4986 3684 5040 Τὸν
3715 4997 3778 5035 κο·

2241 5079 2452 5134 πιῶντα
2481 5082 2726 5152 γεωργὸν
2756 5083 2837 5135 δεῖ
2880 5081 3100 5155 πρῶτον
3142 5083 3253 5137 τῶν
3285 5083 3514 5156 καρπῶν
3552 5077 3778 5153 μεταλαμ-

2244 5171 2461 5225 ϐάνειν·
2495 5172 2582 5226 ῐνα
2625 5173 2718 5227 τὸν
2763 5173 3157 5246 πρεσϐύτερον,
3194 5173 3227 5244 ἥ
3271 5173 3361 5228 τὸν
3407 5173 3690 5227 ἐπίσκοπον
3725 5159 3778 5232 μὴ

553 5264 767 5334 inquit,
809 5273 1102 5317 navantem
1155 5263 1450 5336 agricolam
1491 5269 1622 5316 ante
1667 5278 1859 5318 omnes
1914 5279 2010 5333 par
2059 5275 2125 5318 εει

2246 5263 2639 5336 ἐλαττούμενον
2692 5266 2792 5337 τῆς
2840 5265 3120 5338 ἐφημέρου
3172 5265 3382 5336 τροφῆς
3437 5261 3775 5330 καταστήσειν

550 5357 765 5413 fructus
798 5355 962 5410 edere
989 5355 1066 5408 ":
1093 5363 1150 5409 ut
1180 5371 1246 5409 ne
1276 5357 1674 5428 presbyterum,
1706 5355 1791 5411 vel
1819 5354 2139 5426 episcopum

549 5450 874 5519 quotidiana
895 5446 1020 5501 cibo
1048 5443 1380 5515 indigentem
1400 5447 1713 5500 constituat.
1733 5443 1816 5500 0b
1838 5445 1889 5500 id
1911 5445 2140 5515 populos

549 5542 900 5615 adhortatur,
928 5545 983 5593 ut
1002 5552 1125 5608 qua:
1150 5537 1214 5591 ad
1241 5536 1466 5591 alendos
1483 5535 1800 5593 sacerdotes
1826 5536 2137 5592 necessaria

638 5655 655 5684 ¹
687 5653 852 5706 Prov.
885 5665 958 5709 vt.
987 5651 1040 5703 8.
1119 5651 1138 5680 ²
1169 5645 1330 5702 Prov.
1359 5663 1518 5708 χχιιι,
1547 5646 1600 5701 3.
1679 5647 1698 5678 ³
1729 5647 1862 5702 ibid.
1896 5646 1951 5701 4.

2050 5646 2072 5678 ⁸
2111 5645 2246 5702 Dan.
2282 5665 2318 5715 t,
2352 5650 2386 5704 8
2435 5666 2558 5718 sqq.

2249 5358 2692 5429 προτρεπόμενος
2740 5357 2903 5421 λασῦς
2954 5359 3017 5412 ἐκ
3045 5357 3264 5412 δικαίων
3304 5359 3484 5412 πόνων
3528 5354 3695 5424 νέμειν
3731 5341 3779 5397 τά

2250 5449 2388 5520 πρὸς
2426 5450 2633 5521 τροφὴν
2666 5453 2778 5514 τοῖς
2808 5449 3015 5520 ἱερεῦσι
3034 5449 3121 5502 διὰ
3150 5450 3410 5521 ἀπαρχῶν
3455 5467 3516 5502 τε
3543 5447 3630 5501 καὶ
3651 5453 3779 5509 πρσσο

2251 5539 2451 5611 φορῶν,
2503 5539 2732 5594 καὶτῶν
2773 5539 2977 5594 ἄλλωνο
3021 5532 3096 5594 ὧν
3133 5538 3380 5604 ἐξουσίαν
3407 5537 3615 5607 ἔχοντες
3651 5531 3692 5582 οί
3731 5525 3778 5576 ἐι

2634 5651 2654 5681 ⁸
2691 5647 2866 5703 Exod.
2907 5664 2968 5711 ιι,
3014 5649 3115 5713 15;
3151 5646 3314 5702 Hebr.
3359 5662 3437 5711 Il,
3475 5645 3559 5699 Η.
3625 5638 3773 5713 _'GrJI-

557 5739 712 5781 xxix.
783 5721 868 5773 15.
957 5721 976 5752 ⁷
1010 5719 1199 5775 Matth.
1235 5735 1286 5785 χ,
1335 5716 1594 5786 lO;Luc.
1630 5734 1683 5783 χ,
1717 5718 1772 5773 7.
1854 5719 1917 5772 ⁸1
1953 5717 2093 5773 Tim.

2238 5711 2314 5775 s.’
2351 5711 2714 5788 item“,
2753 5721 2809 5774 7.
2889 5711 3217 5775 "ibidJS.
3295 5718 3489 5774 “Cor.
3520 5711 3771 5782 δυνάμενοι.

552 5792 602 5824 ί·
647 5791 710 5846 F.
744 5791 922 5855 λόγον.
