3958 6408
115 357 194 412 735
671 349 1043 410 ADVERSUS
1086 353 1432 412 IIA‘ZRESES
1472 356 1600 413 LIB.
1630 357 1718 414 lll.
1762 354 1926 415 T01].
1964 359 2117 416 ll.--
2150 361 2424 417 llAiltES.
2469 362 2679 418 LXXX.

3249 372 3360 427 766

104 473 220 530 Θεοῦ
248 473 362 539 τοὺς
409 472 571 537 λαοὺς
606 474 822 547 ὁδηγεῖν
869 479 1354 551 προστεταγμένοι,
1377 480 1498 535 οὐδὲ
1528 481 1653 536 τού-

1764 493 1902 550 sunt,
1917 485 2243 556 iustissimis
2273 487 2390 543 suis
2416 487 2696 545 laboribus
2722 488 2952 560 quaesita
2972 489 3348 561 suppeditent,

105 585 198 630 τοις
238 566 520 638 κέχρηνται
569 570 912 643 κατακόρως,
945 572 994 624 οἰ
1035 571 1156 643 Θεῷ
1198 572 1420 638 τελείως
1463 574 1656 647 εὐαρε-

103 662 225 715 στεῖν
243 658 717 730 ἐπαγγελλόμενοι.

1761 576 2060 633 oﬂ'erendis
2111 578 2400 649 primitiis,
2453 580 2826 637 oblationibus
2896 597 2962 635 ac
3015 583 3245 653 reliquis
3297 583 3350 636 id

1760 683 1951 739 genus.
1994 667 2128 735 Quae
2154 685 2280 724 cum
2330 668 2387 724 in
2433 677 2704 740 potestate
2728 685 2830 726 sua
2861 670 3120 737 habeant,
3147 672 3355 742 quibus

101 754 425 822 regendorum
469 768 503 806 a
551 753 665 810 Deo
695 757 1025 827 populorum
1072 767 1159 817 est
1205 760 1505 818 commissa
1570 762 1881 834 provincia,
1930 765 2138 820 borum
2195 773 2385 822 tamen
2427 765 2556 822 usui
2599 766 2758 837 plene
2829 767 3164 838 penitusque
3239 782 3352 822 non

101 847 372 918 indulgent,
421 848 515 915 qui
557 846 670 903 Deo
715 850 959 921 perfecte
1001 853 1219 923 placere
1263 870 1326 910 se
1365 856 1504 911 velle
1533 855 1890 925 proﬁtetur.

161 942 240 1006 (τ’.
280 940 382 992 Καὶ
413 939 523 1010 γὰρ
557 941 618 1008 ἐξ
635 942 814 998 αὐτῶν
839 942 934 997 τοῦ
969 944 1106 1000 Θεοῦ
1142 947 1353 1019 ἱερέων,
1381 949 1476 1003 καλ⁵
1502 948 1658 1002 αὐτοὶ

103 1031 221 1101 μετᾶ
264 1030 350 1084 τοῦ
401 1031 762 1103 κηρύγματος
807 1035 904 1090 τοῦ
957 1037 1118 1107 λόγου
1182 1039 1512 1112 μιμούμενοι
1564 1040 1656 1095 τὸν

104 1125 234 1190 ἆγιον
253 1123 420 1176 αὐτῶν
457 1124 594 1195 μετὰ
621 1126 714 1180 τὸν
735 1127 870 1182 Θεὸν
902 1131 959 1182 ὲν
987 1131 1210 1203 Χριστῷ
1239 1134 1474 1204 πατέρα,
1509 1134 1655 1203 φημὶ

99 1215 146 1267 δὲ
174 1214 368 1268 Παῦλον
408 1217 499 1270 τὸν
539 1219 692 1287 ἅγιον
723 1219 1044 1287 ἀπόστολον,
1090 1224 1186 1277 καὶ
1219 1225 1393 1289 αὐτοὶ,
1428 1225 1569 1279 κατά
1592 1224 1656 1278 τὸ

99 1307 312 1372 δυνατὸν,
364 1309 412 1361 εί
453 1311 549 1362 καὶ
601 1310 676 1381 μὴ
728 1312 950 1378 πάντες,
1011 1315 1127 1368 ἀλλ’
1157 1319 1210 1370 οί
1256 1317 1479 1380 πλείους
1532 1321 1655 1381 ταῖς

102 1397 237 1462 ἰδίαις
268 1401 448 1471 χερσὶν
475 1403 855 1474 ἐργαζόμενοι,
884 1407 1001 1460 οἵαν
1029 1408 1073 1460 δ’
1104 1408 1382 1478 ἀναλόγως
1406 1410 1652 1481 συμπρέ-

97 1507 276 1544 πουσαν
309 1492 384 1562 τῷ
411 1491 706 1564 ἀξιώματι,
732 1498 950 1569 καὶτῆς
986 1500 1452 1573 ἐκκλησιαστικῆς
1488 1520 1651 1573 φρον-

95 1582 215 1646 τίδος
244 1584 542 1657 ἐνδελεχείᾳ¹
584 1587 796 1661 εὕροιεν
820 1590 1039 1661 τέχνην,
1074 1593 1225 1658 ὅπως
1270 1593 1410 1666 μετά
1435 1594 1530 1648 τοῦ
1561 1595 1650 1648 λό-

94 1689 177 1740 γον
203 1675 289 1728 καὶ
314 1675 405 1729 τοῦ
441 1677 796 1750 κηρύγματος
826 1683 858 1753 ἡ
890 1683 1191 1754 συνείδησις
1214 1686 1400 1760 χαίρῃ,
1437 1687 1532 1741 καὶ
1561 1686 1650 1742 διὰ

1835 947 1927 1004 Vl.
1967 947 2046 1004 llli
2079 950 2229 1006 enim
2262 951 2480 1005 tametsi
2513 964 2544 1005 e
2576 949 2926 1005 sacerdotum
2960 928 3190 1005 numero
3217 950 3350 1014 sint,

1761 1041 1828 1096 ad
1890 1041 2228 1097 sanctissimi
2291 1043 2377 1096 sui
2437 1041 2746 1097 secundum
2805 1041 2974 1097 Deum
3030 1042 3084 1096 in
3131 1042 3354 1098 Christo

1759 1133 1935 1205 patris
1985 1135 2346 1188 imitationem
2393 1133 2648 1205 (Paulum
2712 1133 3022 1203 apostolum
3088 1133 3354 1206 intelligo)

1759 1244 1870 1284 non
1897 1245 2091 1284 omnes
2120 1229 2366 1299 quidem,
2407 1228 2502 1283 sed
2533 1227 2783 1298 plerique
2837 1235 3021 1280 tamen
3061 1226 3128 1279 ad
3174 1240 3357 1281 susce.

1758 1331 1907 1394 ptam
1931 1323 2103 1376 divini
2125 1321 2278 1376 verbi
2309 1319 2755 1390 praedicationem
2773 1327 3058 1372 externam
3093 1331 3373 1371 manuum-

1757 1429 1982 1485 Operam
2029 1413 2373 1482 adiungunt;
2439 1425 2834 1482 quamcunque
2890 1409 3112 1463 demum
3179 1415 3355 1462 artem

1757 1507 1938 1576 adepti
1976 1506 2106 1568 sint,
2129 1519 2251 1573 qua:
2269 1518 2370 1559 nec
2385 1503 2698 1572 edignitate
2717 1516 2840 1567 sua,
2879 1514 2981 1555 nec
3004 1500 3074 1554 ab
3097 1498 3357 1556 Ecclesiae

1756 1615 1890 1654 cura
1903 1613 2064 1670 quam
2083 1605 2402 1668 perpetuam
2428 1604 2647 1666 gerunt,
2666 1594 2992 1656 abhorreat,
3017 1600 3078 1645 ut
3106 1591 3374 1660 ipsorum-

1756 1690 2121 1758 conscientia,
2160 1695 2360 1759 praeter
2409 1688 2563 1741 illum
2610 1686 2782 1740 divini
2827 1683 2979 1738 verbi
3016 1683 3353 1754 praedicandi

93 1765 266 1834 χειρῶν
288 1766 430 1821 ἰδίων
453 1771 900 1842 καρποφοροῦσα,
923 1776 1018 1828 καὶ
1042 1777 1208 1848 ἑαυτῇ
1236 1779 1647 1850 ὲπαρκουμένη,

1764 1781 2015 1842 laborem,
2065 1779 2413 1850 propriarum
2455 1791 2715 1831 manuum
2761 1774 3001 1829 fructum
3045 1773 3249 1836 ferens,
3290 1788 3355 1828 ac

91 1858 184 1919 τοῖς
227 1873 281 1910 τε
331 1857 580 1929 ἀδελφοῖς
628 1862 723 1915 καλ
763 1863 1098 1935 ὲνδεομένοις
1137 1868 1238 1939 τὴν
1288 1868 1426 1939 μετά
1465 1872 1655 1941 χεῖρας

89 1949 402 2018 οἰκονομίαν·
435 1953 703 2024 ἀπαρχῶν
733 1954 811 2020 δὲ,
847 1957 1012 2028 φημὶ,
1057 1960 1153 2013 καὶ
1180 1962 1530 2032 προσφορῶν,
1562 1963 1656 2016 καὶ

90 2037 331 2131 έξναύτῶν
366 2042 482 2116 (25)
514 2045 623 2099 τῶν
644 2047 730 2101 διὰ
756 2049 958 2131 χειρῶν
990 2052 1369 2124 εἰργασμένων
1391 2056 1460 2109 δι’
1485 2057 1586 2110 ύπε
1597 2076 1655 2129 ρ-

89 2128 228 2202 60).in
254 2131 549 2200 διαθέσεως
587 2137 724 2208 πρὸς
743 2128 896 2205 Θεδν,
927 2143 1022 2196 καὶ
1050 2145 1164 2206 τοῖς
1191 2144 1363 2209 πέλας
1388 2128 1654 2213 ἑκουσίως

89 2224 452 2290 μεταδιδοῦσα·
485 2229 665 2283 καίτοι
709 2249 774 2300 γε
826 2232 900 2304 μὴ
945 2234 1410 2308 ἀναγκαζομένων
1447 2239 1648 2305 αὐτῶν,

87 2313 208 2382 μήτε
239 2320 741 2391 κατακρινομένων,
769 2323 906 2378 ἀλλὰ
930 2325 1279 2400 δικαιοσύνης
1308 2329 1506 2395 πόνους
1558 2333 1652 2386 καὶ

84 2403 318 2473 ἐργασίαν
351 2411 818 2488 ὲκκλησιαστικὴν
851 2418 1106 2488 ἑχόντων,
1146 2421 1239 2475 καὶ
1271 2423 1412 2477 κατά
1446 2423 1652 2478 δικαιο-

85 2493 228 2567 σύνην
247 2502 598 2572 σιτουμένων,
617 2505 684 2558 δι’
707 2505 811 2559 ύπε
819 2507 1014 2580 ρσολὴν
1029 2510 1084 2563 δὲ
1103 2513 1477 2583 προαιρέσεως
1494 2513 1652 2568 τοῦτο

80 2587 239 2643 αὐτῶν
292 2593 615 2650 ποιούντων.
664 2597 949 2652 Ἐπιποθεῖ
995 2601 1104 2672 γὰρ
1159 2604 1338 2658 αὐτῶν
1381 2605 1414 2676 ἡ
1468 2604 1650 2671 ἔνθεος

80 2675 226 2748 ψυχὴ,
255 2682 347 2734 καὶ
377 2683 436 2736 ἐν
471 2683 624 2756 φόϐῳ
652 2684 789 2738 Θεοῦ
823 2691 1220 2764 ὲστηριγμένη,
1251 2695 1347 2747 καὶ
1375 2675 1440 2748 ὲκ
1475 2695 1650 2748 Πνεύ-

81 2785 229 2874 ματος
250 2775 406 2874 ἀγίου
427 2777 533 2874 τὴν
562 2777 764 2846 γνῶσιν
791 2783 1128 2855 κεκτημένη,
1153 2784 1385 2839 πλούτου
1413 2788 1651 2860 ἐπουρα-

78 2864 176 2913 νίου
203 2864 290 2918 τοῦ
321 2867 465 2921 κατὰ.
497 2868 849 2945 δικαιοσύνην
877 2875 1018 2944 μετά
1044 2877 1288 2940 ἐπαίνου,
1314 2878 1409 2933 καὶ
1434 2880 1645 2946 κλέους,

76 2953 158 3006 καὶ
192 2956 497 3027 ἀριστείας,
549 2962 644 3016 τοῦ
693 2964 782 3017 διὰ
821 2965 980 3021 θείων
1015 2969 1324 3040 δογμάτων,
1367 2974 1462 3026 καὶ
1499 2973 1650 3038 Θείας

80 3044 288 3115 μελέτης
320 3049 488 3118 ἁγίας
521 3052 764 3135 Γίραφῆς,
795 3056 889 3109 καὶ
918 3057 1116 3126 λογίων
1139 3059 1296 3126 Θεοῦ,
1319 3060 1648 3138 ψαλμῳδιῶν

74 3151 124 3188 τε
155 3141 243 3193 καὶ
297 3145 600 3212 συνάξεων,
639 3147 809 3217 ἁγίων
847 3150 1113 3220 νηστειῶν
1169 3170 1228 3206 τε
1260 3156 1354 3208 καὶ
1402 3136 1648 3225 ἁγνείας,
1679 3136 1722 3192 C

75 3227 157 3279 καὶ
182 3231 476 3299 πολιτείας,
518 3238 613 3289 καὶ
641 3237 740 3307 τῆς
770 3237 860 3291 διὰ
897 3238 1116 3310 χειρῶν,
1148 3241 1334 3297 ἕνεκεν
1372 3245 1651 3299 δικαιοσύ-

72 3333 176 3388 νης,
223 3325 362 3393 μετὰ
404 3327 788 3398 προαιρέσεως
831 3331 1118 3401 ἐργασίας.
1158 3333 1316 3388 Ἀλλά
1369 3336 1464 3388 καὶ
1511 3335 1655 3408 ἄλλῳ

72 3409 786 3490 τύπῳ(25·)προελήφθησαν
803 3422 854 3474 οἱ
876 3421 1032 3475 αὐτοὶ
1045 3423 1217 3494 τίμιοι
1237 3425 1396 3496 ἡμῶν
1411 3425 1653 3494 ἀδελφοὶ.

69 3507 110 3558 οἰ
135 3509 266 3564 κατὰ
291 3511 734 3582 Μεσοποταμίαν
762 3513 822 3566 ἐν
854 3515 1238 3586 μοναστηρίοις
1293 3515 1654 3588 ὑπάρχοντες,

71 3595 229 3651 είτουν
255 3600 570 3671 Μάνδραις
599 3603 985 3674 καλουμέναις,
1019 3604 1237 3676 κώμαις
1263 3607 1279 3638 ¹
1306 3611 1655 3676 γυναικικαῖς

67 3692 519 3766 προϐαλλόμενοι,
561 3695 656 3749 καὶ
690 3697 881 3768 σάκκῳ
912 3702 1183 3770 προφανεῖ
1226 3702 1650 3773 ἑπερειδόμενοι.

70 3785 203 3838 Ἔδει
233 3786 291 3840 δὲ
336 3789 408 3843 τὰ
437 3789 547 3858 τῆς
597 3790 762 3858 ἁγίας
793 3791 1072 3864 Παρθένου
1113 3795 1320 3867 μητρὸς
1360 3797 1518 3868 ἡμῶν
1555 3797 1657 3868 τῆς

82 3874 402 3951 Ἐκκλησίας
452 3879 728 3951 ὑπάρχειν
782 3881 950 3937 τέκνα
998 3884 1193 3956 σεμνὰ,
1247 3888 1492 3959 οἰκουρά,
1535 3889 1657 3960 Θεῷ

65 3964 386 4039 λατρεύοντα
431 3974 688 4046 κρυφίως
725 3975 804 4046 τῷ
830 3974 1091 4030 εἰδότιτά
1127 3977 1358 4049 κρύφια,
1392 3981 1488 4035 καὶ
1515 3982 1655 4035 ἀπο-

63 4055 243 4114 διδόντι
271 4064 331 4118 ἐν
361 4068 485 4130 τοῖς
529 4067 805 4135 φανεροῖς,
843 4064 986 4120 κατὰ
1018 4066 1080 4120 τὸ
1124 4069 1532 4141 γεγραμμένον,
1562 4071 1657 4126 καὶ

64 4152 411 4227 εὐσχημόνως
449 4157 545 4212 διὰ
581 4157 710 4222 τοὺς
750 4157 875 4224 ἔξω,
907 4159 1004 4213 καὶ
1039 4158 1114 4231 μὴ
1155 4160 1438 4232 βούλεσθαι
1469 4162 1657 4216 λαϐεῖν

61 4243 159 4297 ἀπὸ
193 4246 300 4304 τῶν
345 4248 614 4323 ὁρώντων
640 4250 732 4304 τὸν
774 4250 963 4321 μισθὸν
993 4253 1088 4306 καὶ
1118 4252 1217 4325 τὴν
1253 4253 1435 4325 χάριν.
1475 4254 1657 4309 Ἀλλό-

61 4351 199 4403 τριον
243 4341 358 4414 γάρ
419 4343 548 4395 ἐστι
579 4343 680 4414 τῆς
733 4342 1031 4412 καθολικῆς
1080 4345 1406 4417 Ἑκκλησίας
1455 4347 1658 4414 σάκκος

63 4434 358 4499 προφανὴς.
391 4436 495 4489 καὶ
529 4435 671 4507 κόμη
719 4436 1094 4508 ὲκτεμνομένη
1120 4440 1140 4469 ³
1169 4437 1278 4491 ἀπὸ
1320 4438 1414 4493 τοῦ
1448 4441 1659 4513 κηρύγ-

63 4535 222 4586 ματος
249 4525 344 4580 ’.οῦ
376 4518 729 4585 Ἀποστόλου·
785 4529 956 4598 Ἀνὴρ
980 4529 1112 4599 γὰρ,
1141 4531 1328 4601 φησιν,
1357 4533 1470 4586 οὐκ
1495 4534 1656 4602 ὀφει-

56 4614 141 4666 λει
173 4615 394 4688 κομᾶν,
435 4619 624 4674 εἰκὼν
642 4620 742 4674 καὶ
770 4619 922 4686 δόξα
956 4621 1104 4676 Θεοῦ
1132 4621 1440 4693 ὑπάρχων.

1758 1889 1882 1930 cum
1916 1873 2021 1929 sibi
2084 1873 2212 1944 ipsi,
2263 1880 2378 1926 tum
2430 1869 2694 1924 fratribus
2738 1874 2793 1923 et
2827 1866 3120 1937 egentibus
3167 1865 3354 1935 operis

1757 1967 1840 2022 sui
1860 1973 2132 2036 quaestum
2159 1963 2503 2034 impertiens,
2528 1963 2808 2032 voluptate
2839 1959 3226 2029 perfundatur,
3253 1959 3355 2012 hoc

1754 2067 1968 2116 esttam
1994 2057 2265 2129 primitias
2287 2065 2340 2112 et
2387 2056 2712 2116 oblationes,
2740 2069 2904 2125 quam
2924 2051 3070 2123 quod
3091 2066 3353 2105 manuum

1755 2165 1980 2206 suarum
2016 2164 2182 2218 opera
2219 2148 2402 2203 lucelli
2442 2145 2748 2217 quaesierit,
2787 2159 2912 2198 cum
2929 2142 3196 2214 proximis
3237 2141 3356 2195 suis

1757 2241 1902 2296 ultro
1950 2255 2048 2312 pro
2093 2238 2309 2294 ardenti
2356 2239 2408 2292 in
2471 2237 2642 2292 Deum
2695 2249 2884 2290 amore
2958 2231 3352 2288 communicet.

1753 2333 1918 2404 Atqui
1980 2332 2129 2387 nulla
2202 2332 2269 2385 ad
2339 2330 2394 2386 id
2459 2327 2732 2401 agendum
2789 2326 3117 2382 necessitate
3175 2325 3352 2379 coacti

1753 2426 2105 2494 damnatique
2155 2430 2302 2479 sunt.
2335 2421 2443 2478 Sed
2500 2436 2628 2477 cum
2681 2418 3028 2490 iustissimos
3079 2417 3220 2470 alios
3275 2417 3356 2469 Ia-

1753 2520 1914 2574 borcs
1976 2527 2030 2573 et
2071 2515 2479 2573 ecclesiasticas
2519 2516 2910 2585 occupationes
2971 2511 3209 2566 habeant
3236 2549 3251 2575 ,
3295 2517 3353 2564 et

1752 2625 1853 2681 pro
1924 2624 1990 2664 eo
2037 2617 2203 2679 atque
2248 2622 2463 2678 aequum
2507 2612 2612 2669 est,
2656 2606 2728 2659 ali
2772 2603 3015 2658 indidem
3075 2602 3351 2666 debeant,

1752 2701 2090 2757 abundantia
2122 2700 2360 2771 quadam
2423 2698 2647 2754 virtutis
2696 2705 2751 2752 et
2779 2696 3006 2767 prolixae
3049 2693 3355 2748 voluntatis

1753 2795 1806 2849 id
1831 2795 1934 2850 sibi
1965 2793 2151 2849 oneris
2169 2793 2479 2863 imponunt.
2509 2789 2725 2845 Etenim
2747 2788 2968 2844 divinus
2992 2786 3208 2841 illorum
3235 2785 3358 2838 ani-

1753 2902 1899 2948 mus,
1923 2895 1977 2938 et
2002 2885 2056 2939 in
2088 2883 2180 2938 Dei
2221 2884 2420 2938 timore
2450 2880 2749 2945 stabilitus,
2783 2879 3073 2948 infusaque
3099 2892 3128 2930 a
3148 2876 3358 2946 Spiritu

1755 2975 1966 3048 1073
2004 2982 2196 3030 sancto
2243 2973 2472 3030 scientia
2503 2973 2784 3043 praeditus,
2833 2969 3138 3025 cmlestium
3167 2983 3357 3038 opum,

1753 3083 1873 3140 quae
1899 3068 1952 3120 in
1979 3066 2192 3137 justitia
2225 3065 2419 3136 posita:
2442 3071 2593 3126 sunt,
2623 3061 2899 3117 desiderio
2931 3070 3147 3116 tenetur
3176 3079 3189 3114 :
3214 3075 3356 3129 quas

1764 3174 1889 3215 cum
1929 3157 2091 3212 laude
2144 3164 2200 3212 et
2233 3157 2430 3227 gloria,
2471 3154 2822 3223 egregiisque
2865 3151 3026 3208 factis
3071 3167 3102 3206 e
3154 3150 3360 3204 divinis

1758 3249 2108 3319 dogmatibus
2141 3261 2206 3301 ac
2234 3260 2518 3301 sacrarum
2541 3243 2874 3298 Litterarum
2899 3251 2957 3297 et
3003 3242 3356 3296 oraculorum

1761 3341 1852 3397 Dei
1878 3339 2257 3401 meditatione,
2275 3348 2440 3407 atque
2455 3351 2487 3390 e
2503 3337 2843 3404 psalmorum
2865 3333 3356 3397 concentionibus,

1757 3441 1813 3488 et
1860 3428 2249 3486 ecclesiasticis
2317 3425 2702 3487 conventibus,
2756 3437 2975 3478 necnon
3035 3431 3092 3476 et
3151 3421 3360 3477 sanctis

1755 3521 2003 3594 jejuniis.
2049 3520 2327 3583 castitate,
2363 3515 2782 3587 religiosissimo
2814 3513 3033 3570 vivendi
3069 3511 3342 3576 instituto,

1759 3630 1825 3672 ac
1857 3621 2052 3686 sponte
2085 3611 2189 3667 sibi
2221 3610 2426 3665 indicta
2452 3609 2524 3663 ob
2555 3621 2801 3662 amorem
2829 3604 3065 3676 iustitiae
3094 3617 3356 3657 manuum

1758 3721 1924 3778 Opera
1977 3709 2412 3774 consequuntur.
2449 3701 2548 3755 Est
2589 3709 2644 3754 et
2691 3700 2798 3753 alia
2839 3697 3090 3769 quaedam
3139 3695 3360 3750 vivendi

1760 3797 1934 3852 forma
1999 3809 2064 3850 ac
2116 3793 2440 3864 disciplina,
2501 3805 2610 3860 qua
2675 3789 2989 3845 istiusmodi
3048 3787 3353 3842 venerandi

1761 3890 1937 3946 nostri
1969 3888 2168 3944 fratres
2199 3893 2466 3948 utuntur,
2511 3884 2606 3953 qui
2642 3883 2698 3937 in
2735 3881 3128 3952 Mesopotamia
3154 3879 3210 3934 in
3243 3894 3364 3934 mo-

1760 3982 2038 4043 nasteriis,
2065 3996 2203 4052 quas
2238 3978 2494 4033 Mandras
2519 3976 2820 4048 appellant,
2864 3975 3204 4030 domicilium
3237 3972 3365 4028 fixe-

1759 4081 1911 4131 runt.
1933 4071 2040 4139 Qui
2057 4079 2114 4128 et
2135 4086 2324 4126 eomas
2351 4068 2674 4123 muliebrem
2694 4069 2749 4122 in
2767 4067 2992 4123 modum
3008 4068 3361 4137 promittunt,

1759 4172 1814 4219 et
1847 4163 2085 4217 cilicium
2119 4160 2404 4230 prepalam
2453 4157 2732 4212 affectant.
2772 4155 2878 4212 Sed
2911 4156 3171 4211 nimirum
3197 4168 3363 4223 opor-

1763 4255 1912 4311 tebat
1937 4261 2144 4310 sanctae
2184 4251 2430 4322 Virginis
2486 4265 2553 4305 ac
2614 4256 2821 4305 nostra:
2869 4247 3064 4302 matris
3099 4245 3362 4300 Ecclesia:

1761 4347 1966 4402 liberos
2018 4360 2143 4400 esse
2185 4344 2567 4413 perhonestos,
2609 4341 2834 4397 domum
2867 4346 3177 4401 servantes,
3229 4335 3360 4391 Deo-

1762 4457 1888 4512 que,
1929 4439 2022 4510 qui
2052 4437 2238 4493 abdita
2281 4437 2608 4504 occultaque
2632 4434 2784 4489 novit
2838 4447 2903 4486 ac
2931 4431 3108 4501 palam
3134 4429 3357 4501 praemia

1766 4533 2044 4606 persolvit,
2083 4531 2158 4585 uti
2207 4529 2474 4599 scriptum
2500 4536 2607 4592 est,
2647 4527 2704 4582 in
2749 4523 2937 4580 abdito
2967 4523 2990 4555 ⁸
3025 4521 3350 4581 servientes,

1765 4627 1929 4697 idque
1958 4625 2174 4688 decore,
2207 4630 2428 4693 propter
2455 4627 2698 4687 exteros,
2731 4627 2786 4674 et
2824 4619 3086 4673 honeste:
3119 4615 3258 4670 adeo
3289 4623 3352 4668 ut

57 4708 256 4792 nullam
289 4713 361 4767 ab
391 4713 744 4769 intuentibus
773 4715 1107 4781 mercedem,
1159 4726 1255 4772 aut
1297 4718 1527 4788 gratiam
1558 4728 1960 4792 exspectarent.
2005 4716 2102 4774 Est
2139 4719 2284 4772 enim
2329 4715 2399 4770 ab
2436 4713 2698 4769 Ecclesiae
2735 4709 3021 4766 catholica;
3052 4715 3108 4762 et
3135 4710 3353 4775 aposto~

53 4789 224 4852 lorum
251 4803 521 4861 doctrina
555 4821 785 4876 prorsus
812 4807 1076 4871 alienum,
1114 4808 1355 4864 cilicium
1400 4811 1578 4881 palam
1620 4789 1733 4882 pra:
1772 4829 1832 4868 se
1874 4811 2038 4874 ferre,
2071 4825 2136 4864 ac
2162 4822 2374 4864 comam
2405 4805 2753 4863 submittere.
2818 4801 2913 4857 Vir
2955 4799 3120 4864 enirn,
3174 4798 3360 4868 inquit

52 4893 376 4962 Apostolus.
417 4915 634 4952 comam
663 4899 868 4954 nutrire
904 4916 1008 4955 non
1033 4900 1205 4966 debet,
1253 4919 1377 4957 cum
1403 4905 1580 4976 imago
1611 4905 1706 4961 Dei
1744 4907 1814 4960 sit
1845 4914 1894 4960 et
1925 4905 2102 4976 gloria
2125 4905 2167 4957 ⁵.

116 4986 192 5041 Z'.
231 4986 300 5042 Τι
327 4988 389 5042 δὲ
431 4989 623 5059 χεῖρον
656 4988 676 5018 ³
711 4989 804 5041 καὶ
831 4988 1090 5044 ἐναντίον.
1119 4993 1184 5045 Οί
1227 4992 1327 5064 μὲν
1355 4993 1418 5046 τὸ
1452 4993 1662 5061 γένειον

1842 4993 1955 5048 Vll.
2015 4992 2123 5048 Sed
2168 4991 2413 5061 deterius
2458 4989 2716 5060 quiddam
2767 5002 2833 5041 ac
2888 4983 3225 5040 contrarium
3285 4985 3358 5039 ab

50 5077 142 5147 τὴν
170 5080 396 5151 μορφὴν
459 5078 561 5133 τοῦ
604 5080 798 5151 ἀνδρὸς
824 5080 1211 5152 ἀποτέμνουσι,
1243 5083 1440 5154 τρίχας
1470 5083 1528 5138 δὲ
1563 5085 1653 5154 τῆς

1767 5084 1877 5140 illis
1915 5083 2126 5154 geritur
2160 5081 2472 5151 :siquidem
2519 5079 2607 5133 isti
2653 5077 2904 5138 barbam,
2939 5076 3046 5130 hoc
3089 5081 3177 5130 est
3225 5089 3360 5144 pro-

50 5169 295 5241 κεςαλῆς
359 5171 634 5235 πολλάκις
687 5172 920 5244 κομῶσι.
976 5173 1088 5227 Καὶ
1127 5175 1258 5245 περὶ
1305 5175 1405 5244 μὲν
1437 5171 1533 5227 οὖν
1563 5169 1658 5229 τοῦ

1774 5176 1954 5247 priam
1992 5174 2094 5230 viri
2129 5173 2388 5232 formam.
2417 5181 2668 5227 resecant
2691 5188 2706 5237 ;
2733 5169 2966 5240 capillos
2996 5183 3131 5224 vero
3162 5176 3223 5222 ut
3242 5169 3361 5238 plu-

49 5264 256 5324 γενείου
285 5262 408 5335 (24)
440 5263 506 5315 ἐν
535 5265 654 5328 ταῖς
669 5264 957 5330 Διατάξεσι
985 5265 1095 5319 τῶν
1135 5266 1451 5321 ἀποστόλων
1469 5267 1653 5336 φάσκει

1777 5270 1974 5324 timum
2008 5267 2334 5339 prolixiores
2368 5265 2592 5329 habent.
2635 5263 2801 5333 Atqui
2834 5261 2985 5332 quod
3029 5261 3098 5317 ad
3129 5261 3366 5319 barbam

116 5378 131 5408 ¹
167 5377 232 5433 F.
277 5380 494 5453 κόμας.
572 5383 593 5414 ³
623 5379 684 5436 F.
715 5381 1090 5453 ἐκτεινομένη.
1164 5383 1187 5415 ³
1215 5383 1275 5438 F.
1314 5383 1342 5436 ὃ
1367 5384 1424 5438 δὲ
1451 5387 1652 5456 χεῖρον,

1764 5387 1791 5452 I,
1826 5385 1905 5440 ἔτι
1936 5385 2014 5440 δέ.
2090 5383 2114 5416 ⁸
2143 5383 2332 5438 Matth.
2358 5397 2435 5448 νι,
2462 5382 2516 5438 6.
2596 5382 2618 5412 ⁵
2657 5379 2676 5434 ι
2707 5379 2834 5434 Cor.
2866 5394 2944 5443 τι,
2980 5377 3036 5432 7.

75 5583 85 5592 _
117 5513 232 5596 (διδ)
268 5515 387 5570 Καὶ
474 5516 550 5580 ἐξ
586 5517 802 5596 αὑτων.
856 5513 969 5569 lmo
1025 5529 1418 5596 nonnunquam
1457 5514 1510 5596 id
1543 5516 1656 5570 cle-

49 5586 191 5660 ricis
212 5596 477 5660 veterum
537 5587 893 5660 conciliorum
923 5586 1229 5660 canentibus
1253 5587 1652 5660 praescriptum,

49 5663 104 5704 ut
153 5656 430 5726 tinrtliag.
493 5672 571 5726 tv,
635 5673 757 5713 can.
826 5657 905 5711 51.
975 5654 1212 5711 Clericus
1253 5654 1654 5726 quantumlibet

49 5726 196 5778 robo
251 5728 349 5779 Dei
379 5725 636 5798 eruditus
666 5727 1125 5798 urti/icio_vicmm
1151 5725 1375 5792 quwrat.
1408 5727 1491 5798 _l)e
1546 5743 1656 5779 meo

49 5799 240 5850 natiiis
261 5797 597 5860 verumulto
621 5798 672 5852 id
707 5800 884 5864 ipsum
909 5796 1102 5865 magis
1133 5797 1360 5852 allii-inut
1390 5796 1651 5867 Augustie

1767 5531 1874 5570 nus
1902 5517 2043 5571 libro
2075 5515 2338 5586 singulari
2375 5515 2441 5569 de
2465 5530 2525 5570 ea
2553 5531 2610 5568 re
2633 5515 2859 5586 scripto.

1839 5587 1972 5654 (25‘)
1993 5578 2192 5640 Ἀλλίῖ
2203 5588 2298 5639 καὶ
2325 5586 2492 5654 ἄλλῳ
2520 5587 2706 5652 τύπῳ.
2731 5578 3038 5654 Μειιιῑῃὶιίη
3058 5578 3348 5654 Ancorato.

1835 5647 2085 5727 (24th
2105 5657 2235 5723 περὶ
2249 5656 2367 5726 μὲν
2386 5647 2625 5727 οὖῇτοῦ
2637 5647 3087 5727 γενείουλιοο-ιιε
3114 5654 3198 5702 est
3217 5647 3310 5700 lib.
3333 5662 3354 5700 ι

1763 5719 1987 5781 Consul.
2015 5719 2212 5794 αγιοδιῖ,
2238 5719 2359 5795 cap.
2395 5727 2446 5780 5.
2494 5719 2664 5780 Notus
2690 5740 2845 5779 conc.
2877 5719 3133 5795 carthag.
3170 5731 3354 5795 canon

1759 5799 1850 5864 ιΗ,
1882 5785 2117 5854 Clericus
2163 5785 2255 5853 nec
2293 5785 2499 5853 comam
2535 5797 2753 5862 nutriat,
2777 5809 2870 5849 nec
2909 5785 3129 5846 barbam
3165 5785 3346 5843 radat.
