3958 6402
591 353 694 409 767
2030 345 2091 402 8.
2133 341 2482 400 EPlPllANll
3705 341 3773 396 τω

590 474 808 536 attinet,
843 472 896 524 in
927 469 1303 539 apostolorum
1328 466 1837 523 Constitutiombus
1869 464 2059 520 divino
2082 479 2153 518 εει

2221 468 2268 524 Α
2297 462 2326 514 ό
2365 448 2506 524 θεῖος
2537 458 2696 528 λόγος
2727 457 2823 511 καὶ
2847 458 2880 526 ἡ
2902 455 3218 511 διδασκαλία
3236 456 3312 528 μὴ
3342 455 3580 528 φθείρειν,
3603 462 3777 513 τουτέστι

592 578 753 618 mone
797 579 863 617 ac
897 563 1156 633 dogmate
1198 560 1605 631 praescribitur,
1652 575 1732 615 ne.
1754 574 1818 614 ea
1868 572 2155 628 corrumpe

2297 553 2374 625 μὴ
2401 553 2620 624 τέμνειν
2643 551 2837 623 τρίχας
2879 549 3121 618 γενείου,
3181 549 3315 620 μηδὲ
3347 548 3616 620 ἑταιρισμῷ
3659 567 3776 603 κατι.

591 666 682 709 tur
713 675 728 711 :
767 657 868 710 hoc
913 665 1000 710 est
1051 669 1119 709 ne
1156 653 1322 708 barba
1353 661 1618 723 ponatur,
1668 667 1807 706 neve
1843 649 2154 705 meretricii:

2292 643 2582 716 κομείσθαι
2600 645 2642 708 ³,
2660 645 2797 715 μήτε
2819 642 3198 714 ὑπερηφανίας
3222 641 3514 712 ὑπόδειγμα
3525 642 3779 713 δικαιοσύνης

589 747 771 801 cultus
797 753 1109 817 eLornatus
1137 753 1462 814 usurpetur,
1483 758 1548 798 ac
1579 759 1647 798 ne
1698 758 1793 813 per
1815 740 2150 811 arrogantiat

2291 738 2391 809 τὴν
2455 735 2817 810 προσέλευσιν
2873 734 3038 804 ἔχειν.
3090 734 3341 804 Ἐπρεπε
3389 731 3490 804 γὰρ
3525 733 3779 804 Ναζωραίος

587 849 641 892 ει
669 838 874 893 fastqu
906 838 1162 893 affectata
1190 836 1440 907 quaedam
1467 835 1698 905 justitia:
1727 835 1939 908 species
1977 834 2031 887 in
2062 847 2149 892 cui

2289 829 2450 884 τοῦτο
2484 827 2646 900 μόνον
2697 826 2786 880 διά
2829 827 2923 880 τὸν
2967 825 3157 880 τύπον.
3196 825 3362 896 Τύπῳ
3385 824 3486 896 γὰρ
3510 825 3696 895 ἡγοῦντο
3719 827 3780 880 ‘oi

589 947 782 999 gressu
839 947 906 986 ac
956 931 1364 986 consuetudine
1431 929 1782 998 praeferatur.
1846 925 1984 981 Illud
2037 926 2148 983 eui:

2291 919 2518 974 παλαιοὶ
2556 918 2654 973 τοῦ
2714 917 3004 989 μέλλοντος
3047 917 3288 980 ἔσεσθαι,
3319 916 3520 987 ἔχοντες
3557 919 3698 987 κόμην
3724 921 3779 971 ἐπὶ

590 1020 868 1079 Νιιιοιιωὶε
905 1022 1176 1078 duntaxat
1215 1023 1288 1076 ob
1322 1022 1552 1091 figuram
1585 1017 1943 1089 congruebat.
1972 1015 2153 1087 Quipp

2289 1012 2392 1082 τῆς
2438 1011 2684 1082 κεφαλῆς
2721 1009 2811 1063 διὰ
2831 1009 2928 1081 τὴν
2978 1009 3163 1081 εὐχὴν,
3195 1009 3301 1072 ἓως
3339 1011 3457 1063 ὅτου
3480 1005 3670 1080 ἦλθενὴ

594 1121 806 1169 veteres
852 1129 950 1183 per
991 1113 1303 1166 futurarum
1347 1126 1531 1166 rerum
1579 1110 1939 1165 adumbratas
1993 1108 2157 1178 imagt

2291 1103 2386 1157 τοῦ
2438 1102 2671 1174 κόσμου,
2732 1102 2829 1155 καὶ
2874 1101 3166 1172 ἐτελειώθη
3190 1117 3204 1130 '
3244 1101 3450 1172 κεφαλὴ
3481 1101 3533 1154 δὲ
3566 1101 3784 1171 πέφηνενί

593 1219 693 1260 nes
727 1205 967 1258 traducti
1015 1212 1167 1269 sunt,
1198 1204 1345 1257 velut
1383 1217 1509 1256 cum
1539 1216 1754 1255 comam
1791 1216 1858 1255 ex
1903 1207 2031 1254 voto
2059 1213 2156 1270 pro

2291 1195 2526 1266 Χριστὸς
2585 1195 2616 1247 ό
2668 1193 2964 1265 μονογενὴς
2997 1193 3124 1256 re;
3163 1190 3256 1246 τοῦ
3303 1190 3466 1253 Θεοῦ,
3506 1191 3590 1245 καὶ
3613 1191 3783 1260 ἐγνώσθη

595 1296 906 1352 missiorem
941 1296 1276 1358 habuerunt,
1330 1294 1507 1349 donec
1559 1293 1746 1347 mundi
1788 1301 1976 1350 votum
2022 1292 2158 1347 adve

2291 1286 2368 1357 τῷ
2397 1288 2587 1357 κόσμῳ
2620 1287 2649 1339 ό
2687 1285 2764 1338 ὢν
2804 1284 2894 1340 ἀεὶ
2939 1285 3034 1338 καὶ
3067 1283 3144 1355 μὴ
3192 1284 3578 1356 γινωσκόμενος
3603 1283 3718 1354 παρὰ
3743 1285 3784 1351 τῇ

595 1389 698 1454 uit,
749 1395 805 1443 et
854 1388 1138 1456 impletum
1188 1393 1295 1451 est,
1344 1386 1449 1439 hoc
1499 1393 1586 1441 est
1632 1387 1887 1456 apparuit
1929 1383 2154 1439 Christu

2293 1377 2444 1450 πάσῃ
2494 1373 2896 1448 ἀνθρωπότητι,
2928 1373 2962 1442 ἢ
3015 1374 3176 1444 μόνον
3227 1373 3391 1438 ἐνίοις
3430 1376 3533 1435 τοῖς
3575 1375 3643 1436 εἰς
3681 1372 3787 1425 αὑτὸν

596 1481 864 1535 Dominus
894 1480 1094 1534 unicus
1122 1477 1215 1533 Dei
1256 1475 1466 1542 Filius;
1504 1485 1558 1530 et
1593 1477 1939 1530 innotescere
1979 1475 2159 1530 mundi

2292 1465 2749 1520 πεπιστευκόσιν·
2796 1466 2887 1529 ἶν’,
2932 1465 3060 1519 ὅταν
3102 1463 3321 1536 γνῶμεν
3380 1463 3474 1535 τὴν
3505 1464 3718 1532 κεφαλὴν,
3742 1463 3787 1534 μὴ

593 1571 759 1640 coepit
801 1571 892 1624 ille
941 1569 1058 1640 ipse
1102 1568 1478 1636 sempiternus
1502 1566 1745 1637 quidem,
1781 1566 1876 1620 sed
1922 1566 1994 1622 ab
2035 1582 2156 1620 omn

2294 1555 2742 1627 καταισχύνωμεν
2803 1555 2900 1626 τὴν
2964 1553 3229 1626 κεφαλήν.
3299 1554 3377 1606 Οὑ
3421 1553 3522 1625 γὰρ
3549 1553 3698 1606 ἕνεκεν
3729 1554 3789 1622 τῆς

590 1677 791 1731 genere
847 1661 1134 1716 hominum
1194 1675 1547 1730 nequaquam
1599 1657 1854 1728 agnitus;
1899 1672 2091 1712 verum

2295 1650 2431 1714 ἰδίας
2462 1649 2704 1719 κεφαλῆς
2743 1648 2916 1717 λέγει,
2940 1647 3054 1702 ἀλλ’
3102 1646 3212 1702 ἀπὸ
3241 1646 3343 1717 τῆς
3378 1647 3509 1710 ὶδίας
3534 1647 3604 1709 είς
3631 1647 3790 1716 Χριστὸν

589 1753 922 1824 quibusdam
949 1753 1241 1816 duntaxat,
1269 1753 1363 1822 qui
1398 1753 1454 1805 in
1489 1751 1669 1820 ipsum
1719 1733 2088 1812 crediderant,
2128 1766 2152 1804 ιι

2230 1809 2263 1824 ἢ
2292 1741 2588 1813 ἐνσκήπτει
2621 1739 2682 1793 τὸ
2726 1740 2825 1810 τῆς
2852 1737 3051 1810 χλεύης
3085 1737 3244 1808 ἔργον
3274 1753 3286 1766 ·
3385 1739 3580 1807 φησινό
3613 1735 3793 1788 ’Δτόστο-

590 1809 815 1916 cognito
869 1844 1056 1914 capite
1099 1809 1304 1896 nullam
1355 1809 1890 1911 huic-ignominiam
1936 1809 2153 1908 impona

2232 1809 2263 1868 Β
2295 1836 2385 1899 λος
2411 1851 2423 1862 ³
2447 1809 2626 1901 *Αὐτὴ
2659 1833 2714 1900 ιή
2764 1809 2952 1903 φύσις
2987 1833 3059 1884 οὺ
3111 1809 3381 1883 διδάσκει
3409 1827 3570 1898 ἡμᾶς,
3595 1827 3667 1880 ὅτι
3694 1826 3795 1894 ἀνὴρ

593 1953 737 1991 mus.
772 1934 912 1988 Nam
940 1950 1051 1990 non
1086 1942 1196 1987 tam
1227 1934 1295 1988 de
1320 1933 1542 2003 proprio
1570 1931 1786 2002 1074
1811 1931 2081 2000 cujusque
2103 1946 2156 1984 ea

2290 1930 2410 2001 μὲν
2438 1928 2548 1983 ἐὰν
2579 1925 2755 1998 κομᾷ,
2778 1927 2983 1995 ἀτιμιά
3012 1922 3172 1989 αὑτῷ
3195 1925 3404 1988 sacer;
3435 1921 3574 1993 Δὺτη
3595 1921 3693 1992 δὲή

594 2020 704 2089 pite
744 2018 990 2088 loquitur
1024 2016 1342 2088 Apostolus,
1381 2033 1553 2087 quam
1605 2018 1674 2071 ab
1710 2033 1774 2072 eo
1810 2015 1864 2068 in
1907 2015 2157 2069 Christuu

2301 2025 2400 2095 μία
2427 2023 2528 2076 οὑκ
2555 2019 2837 2091 ἐπαινετὴ,
2869 2018 2945 2084 ὡς
2973 2017 3180 2088 ἐκείνη,
3209 2017 3468 2086 λέγουσα,
3495 2017 3570 2069 ὅτι
3602 2015 3797 2083 Αἰσχύνης

594 2111 774 2181 ipsum
826 2110 1124 2165 ludibrium
1163 2110 1670 2181 contumeliamque
1705 2109 1958 2164 derivat:
1995 2107 2156 2162 Noun

2299 2115 2728 2186 κατεφρόνησας.
2773 2113 2846 2166 Οὐ
2872 2113 2980 2182 γὰρ
3013 2111 3103 2164 διὰ
3126 2103 3262 2163 Θεὸν
3303 2111 3339 2182 ἡ
3372 2110 3554 2180 ἀρετὴ,
3577 2108 3663 2162 κάν
3679 2124 3724 2159 τε
3745 2106 3800 2158 iii

593 2205 790 2275 inquit,
837 2214 1033 2259 natura
1078 2206 1197 2274 ipsa
1236 2221 1331 2258 nos
1364 2202 1554 2267 docet,
1585 2203 1729 2274 quod
1775 2204 1854 2258 vir
1893 2219 2099 2257 comam
2140 2223 2156 2258 ιι

2297 2207 2430 2261 Θεὸν
2481 2203 2822 2276 ὑποληφθείη
2845 2218 2860 2231 °
2927 2201 3063 2256 ἀλλὰ
3122 2201 3213 2254 διὰ
3247 2199 3575 2270 φιλονεικίαν
3615 2199 3640 2250 ό
3665 2199 3802 2268 τρίπος

592 2297 820 2359 nutriat,
854 2297 1148 2366 ignominia
1185 2305 1261 2350 est
1289 2295 1368 2348 illi
1396 2296 1439 2348 ‘?
1487 2293 1646 2361 Quod
1691 2296 1915 2366 quidem
1965 2295 2148 2366 ignom

2299 2299 2664 2373 παρελθόντος
2695 2296 2790 2351 τοῦ
2813 2296 2956 2350 κατά
2985 2295 3148 2366 νόμον
3183 2293 3383 2359 τύπου,
3404 2296 3494 2349 καὶ
3513 2291 3803 2363 ἐλθούσηςτῆς

592 2388 698 2444 nia:
742 2404 918 2460 genus
958 2389 1236 2444 laudabile
1287 2405 1398 2443 non
1455 2399 1561 2452 est,
1608 2394 1668 2441 ut
1717 2387 1810 2441 illa
1853 2403 1974 2456 quae
2011 2387 2147 2442 dicit

2298 2390 2579 2462 ἀληθείας.
2615 2389 2780 2458 Λέγει
2807 2389 2866 2443 δέ
2884 2405 2897 2418 ο
2937 2389 3010 2442 Εἴ
3033 2405 3122 2454 τις
3149 2387 3316 2441 δοκεῖ
3343 2388 3668 2456 φιλόνεικος
3684 2380 3803 2444 εἶναι.

593 2482 958 2552 Ignominiam
985 2482 1398 2551 contempsisti.
1431 2479 1618 2550 Neque
1647 2480 1796 2535 enim
1833 2479 1991 2550 quasi
2023 2495 2156 2549 quor

2297 2484 2469 2556 ἡμεῖς
2520 2483 2805 2550 τοιαύτην
2843 2479 3178 2547 συνήθειαν
3224 2479 3339 2531 οὐκ
3386 2477 3613 2548 ἔχομεν,
3637 2475 3743 2528 οὔτε
3770 2471 3805 2524 al

590 2575 717 2630 dam
761 2574 987 2630 virtutis
1036 2574 1300 2641 ollicium,
1332 2573 1424 2627 Dei
1470 2573 1603 2627 illud
1645 2588 1813 2628 causa
1861 2572 2153 2642 suscipitul

2311 2575 2668 2644 Ἐκκλησίαι
2696 2573 2801 2628 τοῦ
2843 2571 3012 2627 Θεοῦ.
3070 2569 3450 2643 Παρεξέδαλεν
3497 2567 3584 2623 οὖν
3627 2568 3728 2629 τοὺς
3764 2564 3809 2617 τὰ

593 2669 814 2724 tametsi
841 2667 914 2722 ad
942 2667 1112 2722 Deum
1138 2666 1420 2737 pertinere
1455 2665 1728 2720 videatur.
1763 2665 1869 2721 Sed
1902 2681 1932 2720 a
1963 2674 2156 2722 conten

2299 2667 2522 2722 τοιαῦτα
2578 2665 3006 2739 ἐργαζομένους,
3047 2665 3142 2718 καὶ
3175 2663 3490 2727 ποιοῦντας,
3517 2665 3570 2716 ὲν
3586 2657 3809 2731 φιλονεικίᾳ

594 2760 744 2814 ιίοιιε
785 2774 850 2814 ac
895 2759 1196 2829 pertinacia
1241 2758 1548 2828 profectum
1609 2767 1716 2825 est,
1776 2774 1902 2813 cum
1934 2758 2048 2828 jam
2075 2760 2157 2830 pri

2297 2779 2358 2815 τε
2386 2761 2566 2825 ὂντας,
2603 2760 2712 2814 ἀπό
2739 2776 2799 2813 τε
2823 2758 2918 2812 τοῦ
2946 2757 3150 2828 θεσμοῦ
3185 2757 3292 2811 τῶν
3329 2756 3631 2810 ἀποστόλων
3651 2753 3726 2806 καὶ
3741 2750 3809 2804 ἀπὸ

594 2850 717 2904 dem
759 2851 894 2921 legis
938 2851 1133 2906 umbra
1201 2850 1484 2921 figuraque
1533 2861 1944 2922 pralergressa,
1989 2853 2157 2907 verita

2298 2854 2398 2925 τῆς
2442 2853 2538 2906 τοῦ
2571 2851 2706 2906 Θεοῦ
2751 2851 3098 2923 Ἑκκλησίας.
3145 2851 3304 2905 ’Δλλά
3334 2852 3514 2909 ταῦτα
3541 2853 3810 2925 ἡναγκάσθη-

597 2944 715 3014 ipsa
757 2942 1102 2999 successerit.
1137 2942 1319 3009 Quare
1354 2943 1436 2998 sic
1475 2943 1773 3014 Apostolus
1799 2943 2046 2999 decernit
2081 2962 2096 2998 :
2131 2942 2160 2998 ξι

2303 2961 2403 3015 μεν
2457 2943 2635 3012 λέγειν
2668 2942 2758 2996 διὰ
2812 2942 2911 3014 τὴν
2972 2943 3246 3014 πρόφασιν
3303 2945 3420 2998 τῶν
3484 2946 3810 3019 προειρημένων

593 3036 712 3104 quis
751 3035 958 3089 videtur
991 3035 1349 3090 contentiosa;
1399 3051 1536 3096 esse.
1568 3051 1665 3090 nos
1706 3036 1866 3090 talem
1907 3050 2156 3090 consuetu

2300 3033 2727 3100 Μασσαλιανῶν,
2774 3034 2858 3086 ὅτι
2886 3034 2980 3086 καὶ
3026 3033 3202 3097 αὑτοὶ,
3252 3034 3513 3100 λαϐόντες
3556 3038 3731 3092 ἐκεῖθεν
3751 3032 3810 3086 τοῦ

594 3127 773 3182 dinem
809 3144 912 3182 non
936 3126 1209 3191 habemus,
1247 3143 1339 3180 nec
1365 3125 1622 3182 Ecclesia:
1655 3126 1748 3182 Dei
1768 3130 1810 3182 '.
1833 3127 2044 3194 Quibus
2070 3146 2157 3182 ver

2248 3191 2262 3200 _
2301 3128 2654 3199 φρονήματος
2707 3125 2806 3196 τὴν
2865 3126 3041 3187 νόσον.
3090 3127 3186 3180 καὶ
3239 3128 3606 3200 ἐκτραπέντες
3631 3131 3712 3200 τὴν
3737 3126 3811 3179 διὰ·

595 3220 680 3276 bis
713 3235 830 3285 eos,
862 3219 958 3289 qui
986 3219 1092 3274 tale
1118 3218 1327 3289 aliquid
1361 3218 1596 3287 faciunt,
1630 3227 1686 3275 et
1721 3191 2070 3276 contentiose
2104 3237 2158 3276 re

2250 3191 2263 3250 ἶ
2297 3191 2798 3284 νοιανξνὲξώκειλαην
2829 3219 2895 3288 τῇ
2920 3217 3147 3287 ἀληθείᾳ
3168 3233 3184 3252 ο
3206 3217 3301 3272 καὶ
3330 3191 3568 3292 κατέστη
3596 3191 3763 3290 αἵρεσις
3778 3220 3813 3269 ιδ

597 3309 903 3380 fragantur,
934 3308 1002 3363 ab
1032 3309 1414 3379 apostolorqu
1461 3311 1649 3381 regula
1690 3327 1755 3366 ac
1813 3311 1910 3367 Dei
1943 3310 2154 3368 Ecclesi

1943 3310 2190 3368 Ecclesia
2298 3309 2566 3380 δεινότητι
2588 3310 2786 3381 ἀργίας
2813 3311 2906 3364 καὶ
2937 3311 3044 3364 τῶν
3078 3311 3254 3366 ἄλλων
3281 3313 3497 3368 κακῶν.

595 3404 1027 3461 summovendos
1081 3413 1252 3476 putat.
1300 3405 1427 3460 Haec
1471 3407 1639 3476 igitur
1685 3407 1892 3470 omnia,
1919 3416 2146 3476 accepta
2191 3423 2222 3461 a
2289 3406 2634 3461 Massalianis
2685 3407 3003 3474 occasione,
3035 3408 3220 3464 dicere
3279 3411 3646 3467 necessarium
3682 3408 3811 3463 habui-

595 3514 742 3563 mus,
776 3499 922 3568 quod
945 3505 1007 3554 ἐι
1038 3500 1141 3569 ipsi
1188 3500 1432 3556 indidem
1483 3510 1772 3556 contracto
1815 3503 2096 3572 opinionis
2142 3501 2291 3558 illius
2347 3503 2544 3557 morbo
2603 3503 2901 3574 animoque
2952 3502 3263 3574 depravati,
3306 3521 3337 3559 a
3411 3511 3634 3562 veritate
3661 3504 3813 3560 decide.

593 3601 727 3647 runt
755 3611 768 3646 :
803 3594 948 3650 unde
996 3610 1135 3649 nova
1183 3604 1268 3650 est
1320 3596 1548 3651 haeresis
1579 3613 1648 3652 ex
1678 3597 1790 3652 otio
1818 3605 1874 3652 et
1906 3597 2121 3667 ignavia
2148 3597 2474 3666 exterisque
2507 3596 2762 3666 pestibus
2785 3596 3040 3652 conflata.

669 3687 805 3742 Vlll.
854 3687 975 3745 Haec
1006 3698 1279 3760 suntquae
1306 3690 1374 3746 de
1407 3691 1718 3748 istiusmodi
1750 3692 2068 3748 hominibus
2096 3708 2192 3748 ac-

2368 3691 2453 3749 H'.
2488 3691 2674 3747 Ταῦτά
2707 3694 2856 3746 ἐστιν
2912 3693 2950 3747 ἀ
2988 3693 3118 3766 περὶ
3160 3693 3370 3748 τούτων
3415 3697 3511 3749 καὶ
3549 3693 3705 3747 αὐτῶν
3729 3692 3813 3754 ἀκη-

595 3780 867 3848 cepimus,
904 3783 997 3850 qui
1034 3783 1240 3838 tmtndo
1285 3781 1353 3835 ad
1388 3783 1689 3838 ludibrium
1720 3785 1960 3855 expositi
2000 3785 2158 3843 viden

2297 3785 2524 3856 κόαμεν,
2555 3785 2666 3839 τῶν
2693 3787 2775 3850 είς
2800 3785 3001 3858 χλεύην
3029 3785 3108 3857 τῷ
3136 3786 3327 3856 κόσμῳ
3357 3787 3737 3844 καταστάντων,
3756 3778 3810 3831 καὶ

599 3879 711 3931 tur,
739 3870 946 3940 quique
977 3873 1190 3942 plebeia
1261 3873 1466 3943 ingenii
1500 3875 1584 3929 sui
1625 3891 1789 3932 sensa
1823 3885 1878 3932 et
1903 3892 2162 3934 sermone;

2297 3875 2612 3948 συρφετώδη
2669 3877 2797 3930 νοῦν
2837 3878 2926 3931 καὶ
2963 3877 3154 3946 λόγους
3184 3877 3550 3949 ὲξεμούντων,
3575 3875 3813 3932 ἀσυστάτων

597 3973 881 4032 evomunt,
912 3981 978 4020 ac
1024 3983 1127 4021 nec
1171 3968 1282 4022 ulla
1330 3967 1589 4025 firmitate
1631 3971 1928 4035 cohaerent,
1975 3981 2030 4027 et
2067 3989 2156 4028 om

2292 3973 2351 4026 δὲ
2396 3971 2586 4034 ὄντων,
2619 3971 2714 4024 καὶ
2744 3971 3104 4034 ἀνελπίστων,
3132 3972 3229 4024 καὶ
3272 3974 3375 4043 τῆς
3406 3972 3504 4026 τοῦ
3529 3970 3654 4025 Θεοῦ
3674 3964 3812 4021 obuio-

600 4055 733 4110 nino
757 4057 1038 4127 desperati
1069 4067 1223 4124 sunt,
1250 4068 1417 4130 atque
1448 4069 1606 4120 extra
1640 4061 1733 4118 Dei
1765 4063 2163 4120 aedificationeu

2295 4063 2402 4134 μῆς
2450 4061 2555 4127 ἐξω
2585 4062 2918 4133 βεὸηκότων.
2955 4061 3120 4116 ὐθεν
3174 4063 3268 4115 καὶ
3320 4065 3456 4134 περὶ
3499 4063 3686 4116 τούτων
3712 4057 3813 4120 ὀλίγα

597 4149 904 4204 constituti.
941 4150 1125 4217 Quare
1163 4150 1356 4222 paucis
1402 4151 1513 4208 illis
1543 4152 1811 4210 adversus
1851 4171 1949 4211 eos
1991 4156 2160 4228 dispu

2290 4155 2657 4219 διαλαϐόντες,
2684 4151 2840 4218 αὖθις
2855 4156 2935 4218 είς
2967 4155 3280 4227 ἀνατροπὴν
3306 4155 3498 4211 αὑτῶν
3523 4149 3811 4227 ὲργασόμεθι.

598 4241 749 4308 tatis,
784 4243 851 4297 ad
883 4243 1103 4299 eosdem
1131 4243 1501 4301 confutandos
1532 4247 1932 4317 aggrediemur.
1964 4248 2161 4305 Princi'

2293 4245 2399 4300 Καὶ
2441 4245 2658 4317 πρῶτον
2711 4244 2832 4315 μὲν,
2869 4246 2952 4298 ὅτι
2986 4248 3245 4314 γυναῖκες
3277 4247 3298 4277 ⁵
3333 4246 3484 4316 μετά
3519 4243 3708 4315 ἀνδρῶν
3737 4241 3813 4291 ἒπ-

597 4333 688 4402 pio
730 4335 989 4392 mulieres
1026 4352 1152 4391 cum
1215 4337 1350 4393 viris
1384 4340 1704 4418 promiscue
1750 4343 1988 4408 versari,
2038 4343 2160 4397 null

2248 4336 2267 4386 )
2295 4337 2491 4392 τοαυτὸ
2521 4333 2659 4392 εἶναι
2691 4338 2818 4391 οὗτε
2847 4337 2954 4391 ἀπὸ
2987 4337 3229 4401 παλαιᾶς
3275 4337 3574 4409 συνηθείας
3597 4334 3692 4388 τῶν
3711 4329 3811 4399 φύσει

593 4441 663 4479 ex
711 4427 881 4482 veteri
942 4444 1132 4483 eorum
1190 4431 1615 4498 consuetudine,
1677 4435 1771 4503 qui
1819 4434 1876 4488 in
1931 4434 2153 4505 coniugi

2297 4431 2568 4501 συζυγιῶν
2622 4430 2980 4502 κεκτημένων
3029 4433 3058 4484 ὁ
3093 4429 3299 4494 δίκαιος
3330 4430 3513 4500 ὁρίζει
3550 4418 3814 4496 λόγος,

593 4524 870 4586 vixerunt,
917 4521 1242 4592 deprompta
1309 4523 1541 4592 justitize
1593 4535 1647 4580 et
1689 4527 1999 4583 honestatis
2045 4530 2156 4582 ratio

2293 4523 2435 4594 ἀνὴρ
2463 4521 2600 4593 γυνὴ
2616 4523 2636 4552 ⁸
2655 4521 2948 4576 ὲπιτοαυτὸ
2971 4521 3070 4576 ἕνα
3096 4521 3232 4592 πρὸς
3263 4520 3364 4592 τὴν
3409 4523 3544 4592 μίαν
3567 4538 3580 4551 ·
3606 4519 3672 4580 ὡς
3700 4513 3812 4576 Ἀδάμ

595 4613 822 4683 patitur.
853 4612 960 4667 Sed
989 4630 1133 4669 unus
1159 4616 1432 4672 duntaxat
1463 4633 1589 4672 cum
1621 4634 1729 4672 una
1755 4619 2073 4676 consociari
2097 4621 2158 4676 de

2293 4615 2430 4687 πρὸς
2459 4614 2556 4685 τὴν
2586 4615 2752 4678 Εὕαν,
2781 4616 2858 4679 ὡς
2899 4615 3086 4685 Σάρῤα
3119 4614 3255 4684 πρὸς
3299 4615 3392 4668 τὸν
3449 4604 3811 4686 Ἀδραὰμεῖχεν,

595 4704 708 4769 bet,
744 4711 803 4758 ut
847 4705 1092 4762 Adamus
1129 4721 1254 4761 cum
1290 4707 1421 4775 Eva,
1479 4708 1615 4763 Sara
1672 4724 1797 4764 cum
1849 4710 2158 4768 Abrahamc

2290 4706 2366 4770 ὼς
2409 4707 2673 4761 Ῥεϐέκκα
2696 4706 2778 4776 τῷ
2805 4705 2992 4761 Ἰσαὰκ
3010 4707 3269 4777 συνῆπτο.
3296 4708 3359 4760 Εἰ
3381 4709 3496 4778 γὰρ
3514 4707 3735 4762 καίτινες
3747 4697 3813 4748 τίη

596 4793 844 4851 Rebecca
895 4812 1021 4851 eum
1069 4797 1262 4853 lsaaco
1313 4800 1567 4870 copulata
1627 4801 1847 4870 legitur.
1895 4800 2035 4856 Nam
2083 4812 2159 4860 ets

2292 4797 2554 4870 Πατέρων
2607 4798 2703 4852 δύο
2737 4799 2830 4852 καὶ
2859 4801 3007 4870 τρεῖς
3039 4801 3300 4868 γυναῖκας
3330 4800 3653 4870 ἐσχήκασιν,
3680 4793 3754 4846 οὐκ
3781 4786 3812 4836 ἐν

594 4887 815 4957 quidam
851 4904 882 4944 e
918 4887 1174 4946 Patribus
1219 4889 1360 4946 duas
1393 4899 1578 4948 tresve
1625 4908 1827 4949 uxores
1871 4893 2157 4950 habuerint

2291 4891 2391 4962 μιᾷ
2415 4890 2564 4961 οἰκίᾳ
2589 4891 2645 4943 αί
2678 4893 2936 4960 γυναῖκες
2969 4885 3131 4962 ἦσαν.
3158 4891 3374 4961 Χοίρων
3414 4891 3528 4960 γὰρ
3559 4889 3618 4942 τὸ
3642 4881 3811 4938 τοιούτω

594 4991 706 5030 non
730 4977 786 5031 in
829 4979 1019 5034 eadem
1051 4980 1157 5035 illae
1180 4980 1346 5036 domo
1381 4980 1624 5038 fuerunt.
1662 4983 1797 5038 Nam
1833 4983 1949 5038 haec
1979 4985 2157 5056 alioqu

2286 4979 2448 5048 εἶδος,
2472 4983 2568 5037 καὶ
2591 4982 2807 5052 κτηνῶν
2836 4984 2870 5052 ὴ
2904 4983 3130 5052 τοιαύτη
3160 4983 3451 5051 συνάφεια.
3483 4973 3639 5037 Οὗτοι
3658 4978 3705 5031 δὲ
3723 4969 3809 5045 pi"

596 5068 770 5124 forma
801 5073 1227 5143 coniunctioque
1267 5075 1452 5145 porcis
1492 5091 1557 5131 ac
1622 5077 1927 5148 pecudibus
1981 5095 2159 5136 conve

2284 5075 2374 5129 λον
2401 5077 2482 5138 είς
2519 5074 2781 5145 ἔκπληξιν
2803 5076 2951 5145 ἡμᾶς
2986 5074 3353 5143 ἀναγκάζουσι
3371 5074 3586 5146 φέρειν,
3616 5062 3809 5134 ὲπαΠελ’

595 5160 698 5214 nit.
730 5159 797 5214 At
823 5163 1060 5219 haeretici
1092 5167 1266 5220 nostri
1301 5167 1565 5237 majorem
1596 5169 1760 5224 nobis
1785 5176 2068 5239 stuporem
2099 5171 2158 5225 af

2289 5169 2534 5240 λομὲνων
2565 5167 2746 5220 αὑτῶν
2789 5167 2927 5237 πρὸς
2968 5170 3234 5237 γυναῖκας
3282 5167 3584 5236 συνάφειαν
3618 5160 3808 5236 μὴὲχεινι

593 5253 801 5316 ferunt,
847 5255 941 5324 qui
986 5269 1111 5309 cum
1148 5259 1286 5314 nihil
1334 5278 1396 5317 se
1443 5277 1570 5316 cum
1611 5262 1936 5318 mulieribus
1977 5262 2156 5320 haberi

2289 5261 2600 5315 τούναντίον
2653 5261 2860 5332 μᾶλλον
2915 5263 3015 5332 τὴν
3050 5259 3247 5330 χλεύην
3296 5245 3809 5331 ἀπεργαζόμενοι,λείὶ

589 5361 885 5402 commune
934 5349 1326 5419 profiteantur,
1381 5367 1412 5408 e
1458 5354 1737 5423 contrario
1773 5361 1955 5409 tamen
1999 5355 2152 5425 turpi

2287 5355 2388 5426 τὴν
2428 5353 2640 5408 τελείαν
2698 5353 2880 5426 αὑτῶν
2931 5353 3329 5422 ἐνδεικνύμενοι
3368 5351 3648 5423 αἰσχύνην.
3676 5338 3808 5408 Eli”

591 5456 824 5511 quaeque
846 5454 910 5495 ac
951 5440 1183 5495 ridicula
1217 5442 1519 5514 impensius
1543 5455 1860 5518 perpetrant
1897 5453 1952 5500 ct
1999 5455 2154 5502 extre

2292 5449 2387 5500 καὶ
2418 5447 2667 5518 γαμετὰς
2694 5444 2840 5518 εἶχον
2865 5448 2913 5500 οί
2941 5446 3197 5510 τοιοῦτοι,
3221 5444 3524 5518 σποράδην,
3548 5443 3641 5495 οὐκ
3668 5430 3807 5502 ἀναμὶξ

623 5691 683 5796 τί
711 5691 725 5742 Ι
750 5691 878 5745 Cor.
917 5711 992 5758 xl,
1026 5693 1112 5748 Η.
1179 5697 1199 5726 ⁸
1241 5695 1482 5753 ibid.l9.
1549 5699 1568 5731 ³
1596 5699 1658 5758 F.
1689 5705 2153 5774 κατακοσμεῖσῑῗαι

595 5775 674 5824 ις
706 5761 841 5829 πρὸς
870 5764 968 5835 τὴν
992 5763 1143 5835 μίαν.

2242 5701 2264 5736 ⁸
2296 5702 2356 5759 F.
2389 5703 2603 5775 ἤγοντο.
2663 5703 2684 5736 ⁸
2720 5701 2778 5759 F.
2813 5703 3090 5772 γυναῖκας.
3161 5701 3181 5732 ⁸
3227 5697 3284 5755 1⁷.
3333 5699 3430 5753 καὶ
3471 5696 3621 5768 γυνή.
3647 5690 3698 5747 Et
3722 5696 3801 5741 mm
