3958 6430
149 383 281 438 769
826 388 1198 446 ADVERSUS
1236 388 1582 448 lizERESES
1620 393 1752 450 LIB.
1793 395 1880 452 Ill.
1925 396 2090 456 TOM.
2132 401 2198 456 ll.
2239 433 2308 442 —
2348 399 2624 460 IMERES.
2666 405 2882 462 LXXX.
3375 411 3476 467 770

143 502 377 566 ταύτας
412 503 643 573 ὤφειλον
668 505 992 576 κεκτῆσθαι.
1032 508 1094 561 Εἰ
1133 507 1190 561 δὲ
1222 509 1317 562 καλ⁵
1346 509 1484 564 είσὶν
1515 512 1573 564 ὲν
1607 512 1749 577 συζυι

1875 529 2019 570 mam
2048 532 2203 572 suam
2238 518 2596 589 ignominiam
2629 523 2955 578 ostendunt.
2986 523 3204 580 Etenim
3247 525 3294 580 si
3339 543 3475 581 um-

141 597 291 665 γῑᾳ,
321 593 423 646 οὐκ
467 593 574 646 ἔδει
612 594 808 658 αὐτοὺς
839 595 900 648 τὸ
923 597 988 648 ἐκ
1011 595 1147 649 Θεοῦ
1179 598 1545 669 καταδειχθὲν,
1580 600 1749 672 ἀνδρὸς

1889 620 1978 660 res
2012 606 2276 662 haberent
2310 609 2411 670 illi,
2460 613 2893 680 separatimmon
2925 616 3236 684 promiscue
3269 617 3474 673 habere

145 685 315 754 πρὸς
363 685 599 751 γυναῖκα
652 684 974 754 συνάφειαν,
1030 685 1168 757 μετά
1207 688 1643 761 εὐσχημοσύνης,
1675 693 1749 744 κα

1881 696 2003 752 illas
2044 701 2360 769 oportebat.
2412 702 2493 766 Si,
2548 703 2798 772 inquam,
2837 707 3094 777 coniugio
3138 717 3329 766 essent
3374 712 3473 767 ob-

146 777 529 846 σεμνὸτητος,
563 778 658 830 καὶ
691 779 1026 850 ἐπιστήμης,
1057 781 1152 834 καὶ
1191 781 1250 845 ἐξ
1285 782 1421 845 ίδίας
1456 782 1749 855 ἐλευθερίας

1878 791 2085 857 stricti,
2117 791 2275 846 nefas
2322 801 2443 848 erat
2469 795 2573 848 viri
2609 810 2736 849 cum
2770 799 3000 854 muliere
3040 802 3468 870 copulationem,

141 867 259 920 ἐπὶ
298 866 358 920 τὸ
401 868 565 938 μέσον
590 869 856 940 φέροντας
877 877 1150 942 φωρᾶσαι.
1181 873 1244 927 El
1269 872 1326 925 δὲ
1350 878 1443 927 καὶ
1465 875 1749 946 ἀπέσχοντι

1875 898 2039 952 quam
2074 882 2217 939 Deus
2255 901 2380 940 cum
2417 887 2567 941 omni
2611 889 2901 956 modestia,
2929 866 3200 961 gravitate
3259 866 3469 966 1075

143 957 450 1026 γυναικῶν
505 961 563 1012 ὲν
617 961 809 1034 ἁγνείᾳ
836 962 978 1025 τινὲς
1015 963 1168 1027 ὄντες
1209 966 1302 1017 καὶ
1343 966 1402 1019 ὲν
1441 967 1762 1038 ἐγκρατείᾳ.

144 1051 467 1122 ἐξύϐρισαν
522 1052 582 1105 τὸ
625 1052 832 1106 δίκαιον
859 1053 946 1107 διὰ
984 1055 1085 1125 τῆς
1117 1057 1395 1126 ἀνοησίας,
1447 1060 1626 1112 καὶτὸ
1667 1060 1765 1126 τῆς

140 1143 372 1214 ἀρετῆς
406 1143 706 1215 πολίτευμα
733 1145 820 1198 διὰ
845 1146 945 1217 τῆς
981 1148 1040 1200 ὲν
1079 1148 1358 1221 ἀφροσύνῃ
1393 1150 1647 1219 ἀφειδοῦς
1674 1153 1764 1223 ἐρ-

1873 987 1937 1028 ac
1978 975 2264 1044 prudentia
2308 977 2658 1048 conjunctam
2707 981 2966 1046 instituit,
3009 993 3204 1053 sponte
3260 1002 3358 1040 sua
3413 987 3468 1040 in

1878 1065 2118 1120 medium
2153 1068 2402 1137 proferre
2454 1085 2517 1125 nc
2573 1071 2901 1140 patefacere.
2942 1060 3151 1140 Quodsi
3198 1090 3229 1129 a
3271 1078 3465 1132 mulie-

1872 1158 2026 1213 ribus
2060 1160 2338 1215 abstinent
2366 1164 2642 1228 nonnulli,
2689 1165 2783 1234 qui
2817 1167 3202 1222 castimoniam
3256 1169 3360 1223 sibi
3403 1185 3466 1224 ac

140 1237 404 1302 γασίας·
434 1237 494 1290 οὐ
540 1238 648 1291 τῶν
687 1239 1002 1292 ἀποστόλων
1049 1239 1209 1294 τοῦτο
1264 1244 1647 1314 πεπραχότων,
1696 1245 1749 1298 ού

1868 1253 2288 1320 temperantiam
2342 1255 2662 1319 indixeriut,
2719 1272 2885 1325 quam
2947 1258 3152 1315 habent
3195 1259 3464 1328 justitiam

140 1328 274 1381 τῶν
320 1329 426 1401 πρὸ
471 1330 580 1383 τῶν
608 1331 923 1384 ἀποστόλων
963 1334 1259 1403 προφητῶν
1291 1337 1451 1389 τοῦτο
1493 1335 1759 1401 διαταξα-

147 1420 369 1488 μένων.

1868 1355 1966 1409 pcr
1995 1359 2267 1398 summam
2299 1346 2658 1401 stoliditatem
2697 1355 2752 1402 et
2789 1349 3036 1405 honesta:
3070 1352 3196 1405 vitae
3219 1351 3469 1424 discipli-

1871 1449 2019 1499 nam,
2059 1451 2155 1505 per
2195 1438 2666 1496 inconsideratam
2701 1442 2847 1495 illam
2883 1457 3256 1512 vesanamque
3295 1445 3466 1499 licen-

142 1513 297 1565 tiam
332 1510 695 1582 ignominiose
739 1512 1074 1570 traducunt;
1103 1515 1243 1570 nihil
1285 1517 1432 1572 enim
1475 1517 1748 1588 ejusmodi
1785 1531 1880 1578 aut
1927 1529 2166 1597 apostoli
2237 1546 2483 1601 unquam
2539 1531 2814 1599 fecerunt,
2875 1541 2972 1586 aut
3013 1541 3141 1588 ante
3167 1510 3463 1604 apostolos

142 1605 446 1677 prOpbetze
473 1607 901 1664 constituerunt.

231 1701 319 1754 8'.
341 1703 582 1775 Μωῦσῆς
598 1703 729 1772 γοῦν
746 1705 804 1758 ὲν
815 1708 881 1778 τῇ
908 1708 1008 1778 ὲρή
1019 1725 1126 1780 μῳ,
1145 1708 1432 1764 ἀναλαϐὼν
1462 1710 1560 1782 τὴν
1582 1711 1756 1784 ὑμνη-

1936 1711 2174 1767 1Χ.Ιιηο
2212 1729 2342 1777 vero
2393 1715 2610 1787 Moyses
2663 1716 2717 1771 in
2768 1719 2990 1774 deserto
3024 1734 3245 1775 carmen
3295 1738 3457 1777 suum

143 1792 381 1865 γορίαν,
436 1793 552 1865 ᾄδει
594 1795 673 1867 τῷ
696 1795 817 1867 Θεῷ
846 1796 1020 1870 ᾆσμα,
1062 1800 1299 1854 ἀνελθὼν
1326 1802 1434 1856 ἀπὸ
1458 1802 1749 1876 θαλάσσης,

1865 1806 2489 1871 concinens,canticum
2529 1810 2638 1863 Deo
2661 1810 2978 1865 modulatur
3006 1826 3035 1864 a
3072 1813 3208 1865 mari
3240 1813 3457 1884 digres-

145 1886 419 1954 φάσκων⁹
455 1888 732 1958 ᾋσωμεν
763 1888 842 1956 τῷ
872 1893 1068 1960 Κυρίῳ
1086 1910 1100 1923 ο
1150 1893 1413 1961 ἐνδόξως
1455 1896 1566 1965 γὰρ
1597 1897 1756 1951 δεδό-

139 1977 410 2041 ξασταιθ
439 1979 630 2033 ἵππον
669 1980 764 2034 καί
792 1982 1099 2050 ἀναϐάτην
1129 1983 1379 2054 ἕῤῥιψεν
1401 1989 1489 2054 είς
1523 1988 1753 2044 θάλασ-

140 2086 308 2125 σαν.
348 2071 516 2142 ὐμοῦ
547 2072 604 2125 δὲ
631 2073 948 2143 ἐπεφώνουν
970 2076 1120 2148 αὑτῷ
1145 2079 1194 2131 οί
1225 2078 1440 2150 ἄνδρες,
1465 2081 1558 2135 καὶ
1594 2083 1752 2136 οὐδα-

148 2165 268 2236 μοῦ
307 2167 560 2232 γυναῖκες
580 2183 593 2196 ·
627 2166 714 2220 ἵνα
747 2166 843 2239 τὴν
881 2167 1141 2224 εὔτακτον
1173 2172 1322 2244 δείξῃ
1361 2172 1632 2227 διάθεσιν·
1666 2176 1752 2228 ἵνα

141 2257 217 2309 τὸ
249 2257 448 2328 σεμνὸν
490 2259 592 2328 τῆς
618 2260 871 2326 εὐταξίας
903 2261 998 2316 τοῦ
1029 2265 1194 2335 νόμου
1233 2265 1325 2318 τοῦ
1348 2265 1484 2319 Θεοῦ
1515 2267 1747 2340 κηρύξῃ.

140 2345 298 2403 Εἶτα
354 2350 648 2421 μετέπειτά
701 2371 867 2425 φησι·
925 2357 1035 2409 Καὶ
1070 2359 1350 2412 λαϐοῦσα
1399 2361 1638 2431 Μαριὰμ
1683 2362 1752 2416 τὸ

141 2443 498 2511 τύμπανον,
524 2439 674 2514 ἦρχε
690 2445 810 2500 τῶν
835 2449 1153 2517 γυναικῶν,
1171 2450 1266 2504 καὶ
1297 2451 1507 2520 ἔλεγεν
1524 2469 1538 2483 ·
1563 2454 1752 2524 ’ᾼσω-

139 2551 271 2601 μεν·
326 2533 406 2600 τῷ
458 2537 696 2605 Kvplcp'
745 2537 1007 2605 ἐνδόξως
1061 2541 1171 2609 γὰρ
1215 2541 1595 2607 δεδόξασται.
1641 2546 1750 2598 Καὶ

136 2633 418 2699 γυναῖκες
449 2631 585 2701 ὁμοῦ
619 2630 935 2702 ἐπεφώνουν
962 2637 1028 2706 τῇ
1064 2637 1376 2708 ὁμοτρὸπῳ,
1403 2639 1496 2692 καὶ
1523 2639 1631 2692 ἀπὸ
1653 2640 1748 2693 τοῦ

137 2719 329 2774 αὑτοῦ
378 2721 570 2789 γένους
609 2722 957 2796 ὑπαρχούσῃ,
1013 2726 1108 2778 καὶ
1160 2726 1218 2779 ἔν
1257 2744 1364 2780 τινι
1411 2730 1748 2802 προαγούσῃ,

135 2813 243 2867 διὰ
305 2814 404 2884 τὴν
452 2815 864 2886 ἀνεπιστήμονα
908 2817 1003 2870 καὶ
1029 2818 1129 2889 τὴν
1159 2818 1476 2890 συρφετὼδη
1510 2822 1750 2878 διάνοιαν

137 2905 266 2959 τῶν
315 2907 514 2977 ἀναμὶξ
557 2907 940 2980 ἐργαζομένων
972 2909 1491 2980 ἐτεροδιδασκαλίας.
1529 2916 1665 2986 Περὶ
1693 2916 1750 2969 δὲ

140 2994 258 3064 τῆς
288 2995 638 3062 ἀναστάσεως
691 3015 857 3069 φησιν
884 2999 912 3051 ὁ
947 3004 1270 3074 προφήτης·
1307 3002 1416 3059 Καὶ
1455 3005 1750 3073 κόψονται

141 3087 310 3140 κατὰ
346 3089 572 3157 φυλὴν,
613 3091 782 3159 φυλὴ
822 3092 1140 3148 κατέναντι
1173 3095 1380 3163 φυλῆς
1401 3114 1413 3126 ο
1447 3099 1616 3165 φυλὴ
1644 3098 1750 3152 τοῦ

1863 1913 1982 1953 sus.
2017 1895 2325 1962 Cantemus,
2369 1900 2568 1970 inquit,
2606 1899 2874 1964 Domino;
2907 1902 3134 1972 gloriose
3163 1905 3303 1956 enim
3342 1921 3459 1957 ma-

1860 1989 2144 2059 gniﬁcatus
2158 2001 2236 2044 est
2260 2007 2278 2044 :
2305 2007 2495 2062 equum
2510 2003 2560 2045 et
2578 2008 2913 2047 ascensorem
2945 1993 3135 2062 dejecit
3163 1995 3218 2047 in
3241 2012 3386 2048 mare
3409 1996 3456 2050 ⁸.

1861 2082 2025 2151 Atqui
2095 2091 2212 2136 tum
2269 2082 2404 2138 viris
2460 2085 2862 2149 aceinentibus,
2920 2087 3179 2140 mulieres
3227 2088 3297 2141 ab
3349 2088 3455 2143 illis

1863 2174 2178 2237 abfuerunt,
2213 2180 2272 2226 ut
2303 2175 2566 2243 pudorem
2627 2174 3070 2246 modestiamque
3103 2177 3456 2230 demonstra-

1863 2274 1966 2330 ret,
2011 2275 2062 2321 et
2097 2276 2156 2320 ut
2189 2268 2387 2322 divina:
2421 2267 2560 2338 legis
2617 2267 2936 2338 gravitatem
2993 2281 3057 2320 ac
3104 2267 3454 2337 disciplinam

1861 2360 2199 2424 ostenderet,
2231 2359 2415 2430 Pergit
2442 2375 2572 2414 vero
2595 2359 2836 2414 deinde:
2872 2358 3053 2414 uaria
3101 2375 3260 2428 porro
3317 2370 3456 2428 tym-

1859 2471 2059 2524 panum
2124 2469 2374 2517 sumens,
2435 2451 2658 2520 prwibat
2720 2450 3030 2504 mulieribus
3086 2460 3134 2502 et
3195 2450 3454 2502 dicebat:

1861 2545 2148 2601 Cantemus
2181 2543 2428 2606 Domino,
2465 2543 2694 2614 gloriose
2721 2543 2860 2596 enim
2902 2541 3277 2610 magniﬁcatus
3306 2554 3379 2595 est
3409 2542 3454 2600 ".

1859 2636 1961 2692 Cui
2009 2636 2267 2691 mulieres
2309 2635 2429 2705 pari
2483 2635 2649 2688 modo
2707 2631 3090 2694 succinebant,
3147 2647 3269 2700 quae
3298 2641 3349 2686 et
3385 2646 3453 2684 ex

1858 2733 2049 2788 eodem
2090 2740 2207 2786 erat
2243 2743 2461 2800 genere,
2495 2737 2548 2784 et
2585 2726 2993 2798 quodammodo
3028 2739 3194 2794 supra
3226 2732 3454 2779 caeteras

1857 2825 2154 2887 eminebat,
2192 2831 2252 2877 ut
2283 2823 2367 2877 vel
2396 2838 2461 2876 ex
2496 2820 3053 2889 boc-unoimperilum
3084 2832 3148 2873 ac
3183 2817 3452 2888 plebeium

1860 2918 2077 2972 illorum
2137 2915 2428 2972 consilium
2479 2914 2906 2980 institutumque
2975 2909 3298 2974 refellatur,
3359 2910 3453 2980 qtti

1859 3008 2132 3080 peregrini
2159 3007 2437 3078 dogmatis
2480 3006 2734 3076 pudenda
2768 3005 2860 3057 illa
2901 3018 2966 3056 ac
2999 3002 3211 3057 nefaria
3251 3016 3452 3070 perpe-

1858 3110 2029 3156 trant.
2063 3100 2140 3154 Ad
2166 3099 2282 3153 ha>c
2311 3100 2380 3154 de
2411 3097 2819 3152 resurrectione
2859 3096 3123 3165 propheta
3156 3095 3238 3149 sic
3269 3095 3451 3165 loqui-

139 3177 364 3234 Νάθαν
402 3183 531 3236 καθ’
563 3181 810 3250 ἑαυτὴν,
845 3185 941 3237 καὶ
978 3187 1038 3238 αὶ
1084 3186 1367 3255 γυναῖκες
1391 3188 1591 3242 αὐτῶν
1617 3192 1747 3243 καθ’

1857 3202 1943 3247 tur
1975 3212 1987 3247 :
2026 3191 2092 3245 Et
2131 3193 2381 3262 plangent
2435 3189 2724 3242 tributim:
2760 3187 2929 3241 tribus
2975 3203 3041 3240 ea:
3088 3187 3308 3240 adverso
3352 3188 3452 3239 tri-

139 3271 414 3338 ἐιιυτάς·
466 3273 633 3343 φυλὴ
699 3276 806 3329 τοῦ
843 3276 1032 3331 Ἰούδα
1078 3279 1210 3333 καθ’
1251 3279 1498 3348 ἑαυτὴν,
1545 3281 1644 3334 καὶ
1685 3285 1746 3336 αἱ

141 3363 438 3434 γυναῖκες
483 3365 684 3421 αὐτῶν
735 3369 865 3424 καθ’
892 3369 1128 3436 ἑαυτὰς.
1163 3371 1257 3424 καὶ
1286 3371 1352 3425 τὰ
1396 3373 1543 3443 ἑξῆς.
1590 3372 1748 3426 υῦτω

141 3457 252 3512 καὶ
267 3457 319 3510 οἱ
346 3457 998 3514 ἀπόστολοιδιατάσσουσι
1019 3463 1085 3533 τῇ
1122 3462 1452 3534 Ἐκκλησίᾳο
1486 3463 1631 3517 οὕτω
1653 3465 1748 3518 καὶ

141 3550 181 3602 ὁ
231 3547 434 3620 Κύριος
473 3549 717 3616 διέταξεν
765 3553 822 3605 ὲν
871 3551 951 3622 τῷ
998 3553 1335 3625 Εὐαγγελίῳ,
1381 3555 1490 3608 ἀπὸ
1525 3556 1656 3625 μιᾶς
1687 3555 1748 3608 τὸ

144 3641 464 3712 ὑπόδειγμα
493 3644 625 3714 ἡμῖν
655 3643 962 3715 κηρύττων,
987 3649 1166 3716 φήσας
1201 3649 1268 3718 τῇ
1312 3649 1480 3719 μητρὶ
1512 3647 1677 3700 αὐτοῦ
1706 3649 1744 3712 ¹,

143 3731 390 3801 ιπήμου
421 3733 636 3789 ἅπτου.
689 3736 867 3789 Οὔπω
905 3737 1015 3806 γὰρ
1063 3737 1404 3806 ἀναϐέϐηκα
1439 3739 1590 3807 πρὸς
1641 3739 1749 3792 τὸν

143 3821 410 3889 Πατέρα.
446 3823 632 3888 Οὕτως
653 3826 681 3878 ὁ
710 3825 886 3889 Γιεζεὶ
906 3827 1270 3898 προσέρχεται
1291 3831 1356 3900 τῇ
1378 3828 1744 3899 Σουναμίτιδι,

146 3913 548 3984 ἀπωθούμενος
601 3915 836 3988 ταύτην·
875 3918 961 3970 ἵνα
1018 3920 1092 3989 μὴ
1137 3920 1379 3993 ἀφανίσῃ
1427 3921 1488 3974 τὸ
1518 3920 1743 3990 τάγμα·

148 4009 251 4061 ἵνα
283 4005 355 4078 μὴ
381 4006 577 4078 ὑϐρίσῃ
607 4008 698 4061 τὸν
725 4007 924 4079 θεσμὸν
949 4009 1057 4061 τῶν
1081 4010 1397 4081 προφητῶν.
1441 4011 1500 4062 Ὀ
1528 4009 1586 4063 δὲ
1613 4027 1748 4082 προ-

150 4102 360 4172 φὴτης,
408 4099 690 4171 Πνεύματι
737 4102 877 4173 ἁγίῳ
906 4102 1224 4175 φερόμενος,
1273 4102 1579 4156 κατὼδυνον
1603 4103 1748 4175 ἐώρα

147 4195 262 4265 τὴν
305 4194 644 4263 Σουναμῖτιν.
683 4195 1046 4266 Παραμυθίας
1083 4195 1140 4248 δὲ
1196 4195 1356 4268 χάριν
1399 4196 1747 4268 ὑπερϐέϐηκε

147 4287 262 4358 τὴν
310 4285 481 4354 τάξιν,
516 4288 611 4340 καὶ
663 4288 948 4354 ἀνεδέξατο
985 4289 1123 4360 πρὸς
1172 4288 1272 4358 τὴν
1309 4287 1458 4360 ὤραν
1486 4305 1747 4359 παραμυ-

151 4378 295 4432 Οίειν
322 4380 342 4409 ⁸
374 4379 472 4449 τῆς
499 4379 760 4447 γυναικὸς
787 4381 967 4451 χάριν,
990 4380 1102 4434 ἴσον
1124 4378 1471 4450 ἡγησάμενος
1497 4379 1559 4432 τὸ
1581 4379 1749 4432 ἀπτε-

153 4471 285 4526 σθαι
313 4471 422 4525 τῶν
448 4471 614 4526 αὐτοῦ
646 4472 824 4527 ποδῶν
860 4474 1012 4547 παρὰ
1055 4472 1344 4542 συνήθειαν
1377 4471 1475 4543 τὴν
1489 4475 1745 4541 γυναῖκα.

1850 3286 1945 3339 bus
1962 3301 1981 3339 :
2005 3283 2172 3338 tribus
2199 3282 2250 3335 Ν
2256 3282 2417 3336 atltan
2435 3297 2528 3349 per
2543 3297 2676 3349 sese,
2691 3289 2739 3334 et
2753 3295 2944 3333 uxores
2963 3277 3178 3332 illorum
3197 3279 3415 3331 seorsim
3431 3293 3452 3331 :

1850 3377 2019 3431 tribus
2053 3375 2198 3429 Juda
2226 3393 2315 3445 per
2332 3390 2463 3437 sese,
2494 3383 2542 3427 et
2568 3388 2757 3426 uxores
2797 3371 3012 3424 illorum
3025 3371 3243 3424 seorsint
3267 3369 3313 3435 ⁵,
3340 3376 3449 3424 etc.

1853 3465 1946 3520 Sic
1976 3474 2031 3520 et
2065 3464 2299 3535 apostoli
2333 3462 2598 3517 Ecclesiae
2627 3461 3120 3532 praescripserunt;
3151 3473 3368 3512 necnon
3395 3465 3451 3511 et

1850 3555 2115 3611 Dominus
2148 3554 2203 3608 in
2251 3553 2546 3623 Evangelio
2591 3551 2874 3605 mandavit
2917 3556 2974 3604 et
3013 3550 3066 3602 in
3119 3563 3227 3602 una
3253 3555 3258 3558 '
3289 3547 3450 3602 nob's

1846 3647 2156 3715 exemplum
2202 3645 2453 3716 praebuit,
2481 3659 2606 3698 cum
2637 3643 2711 3697 ita
2749 3641 2930 3696 Mariae
2967 3641 3107 3695 dixit
3147 3658 3161 3694 :
3196 3639 3326 3693 Noli
3369 3657 3451 3695 me

1849 3745 2078 3806 tangere.
2140 3733 2391 3788 Nondum
2415 3734 2554 3787 enim
2584 3731 2800 3786 escendi
2834 3730 2903 3784 ad
2955 3729 3170 3783 Patrem
3198 3744 3369 3782 meum
3395 3729 3439 3782 ⁸.

1849 3831 1927 3884 Ita
1962 3843 2124 3899 porro
2141 3826 2292 3881 Giezi
2334 3825 2404 3880 ad
2438 3823 2837 3880 Sunamitidem
2871 3821 3140 3876 accedens
3189 3819 3448 3874 feminam

1849 3920 2083 3989 repellit,
2135 3932 2202 3972 ne
2239 3915 2487 3971 ordinem
2534 3915 2764 3968 violaret
2823 3927 2886 3966 ac
2927 3913 3320 3983 prophetarum
3364 3910 3450 3963 inv

1849 4013 2045 4068 stituto
2074 4008 2464 4065 contumeliam
2500 4007 2704 4061 faceret
2737 4005 2784 4058 '.
2827 4004 2895 4058 At
2929 4003 3197 4074 propheta
3239 4001 3446 4073 Spiritu

1849 4102 2366 4159 sanetoinstinctus
2399 4100 2592 4155 dolore
2624 4097 2934 4153 confectam
2965 4110 3094 4151 esse
3145 4093 3448 4149 Sunamiti-

1849 4197 1970 4249 dem
2007 4193 2227 4263 agnovit
2265 4211 2278 4246 ε
2318 4190 2552 4259 ideoque
2579 4196 2640 4242 ut
2675 4201 2796 4241 eam
2844 4184 3249 4248 consolaretur,
3283 4181 3446 4236 ollicii

1850 4290 2019 4358 legem
2054 4284 2336 4354 paululum
2371 4289 2756 4349 transgressus
2805 4284 2910 4340 est,
2948 4289 3017 4327 ac
3046 4281 3270 4342 propter
3295 4271 3442 4324 illius

1850 4380 2130 4440 solatium,
2164 4376 2310 4445 quod
2345 4375 2414 4427 ab
2440 4386 2504 4426 ea
2541 4371 2723 4433 ﬁebat,
2747 4368 2814 4421 ad
2845 4376 3065 4436 tempus
3111 4373 3197 4418 est
3220 4377 3441 4432 passus.

1850 4487 1976 4528 eum
2005 4470 2170 4540 pedes
2205 4483 2337 4523 suos
2379 4479 2410 4519 a
2441 4464 2668 4518 muliere
2727 4469 2926 4531 praeter
2983 4455 3441 4512 consuetudinem

148 4566 262 4639 τῆς
295 4567 464 4638 αὐτῆς
505 4569 564 4620 ὲν
602 4570 667 4638 τῇ
711 4567 923 4636 διανοίᾳ
956 4563 1252 4628 κακώσεως
1290 4581 1352 4616 τε
1402 4564 1498 4617 καὶ
1543 4563 1741 4634 λύπης.

1857 4561 2154 4624 attrectari,
2193 4556 2491 4612 calamitati
2549 4554 2726 4624 ipsius
2781 4567 2846 4606 ac
2898 4548 3071 4603 luctui
3131 4562 3228 4617 par
3277 4554 3443 4614 atque

152 4660 272 4711 Καὶ
329 4657 380 4710 τί
441 4674 532 4728 μοι
583 4657 754 4711 πολλὰ
800 4656 983 4726 λέγειν
1025 4657 1156 4728 περὶ
1193 4654 1418 4720 τούτων,
1465 4653 1574 4708 τῶν
1620 4656 1747 4718 τοὺς

150 4749 328 4812 κύνας
383 4749 754 4821 μιμουμένων,
801 4749 1048 4812 καὶτοὺς
1090 4747 1190 4812 ὕας
1247 4747 1751 4819 ζηλούντωνςΠερὶ

149 4842 221 4897 δὲ
275 4840 368 4894 τοῦ
426 4843 602 4894 εἰπεῖν
655 4841 848 4895 ἑαυτὸν
891 4831 1150 4910 Χριστὸν,
1190 4839 1297 4892 τίνι
1331 4839 1530 4910 μανίας
1552 4839 1612 4892 ὃν
1650 4839 1752 4893 οὐκ

150 4932 348 5003 ὀφθείη
383 4932 443 4985 τὸ
461 4926 636 5003 δόγμα
661 4932 767 4986 τῶν
795 4931 1012 4985 σύνεσιν
1039 4931 1395 5002 κεκτημένων
1419 4947 1434 4996 ;
1474 4930 1507 5001 ἢ
1537 4930 1740 4997 λέγειν,

149 5027 244 5080 ὅτι
297 5025 590 5097 Προφήτης
636 5022 748 5093 ἐγώ
783 5041 798 5089 ;
853 5024 918 5076 Ti
950 5025 1060 5093 γὰρ
1091 5021 1430 5094 προφητείας
1489 5020 1619 5091 παρ’
1645 5021 1744 5073 αὐ-

149 5119 273 5180 τοῖς
296 5113 434 5181 εἶδος
471 5117 828 5188 φαινόμενον;
865 5115 935 5168 Ἢ
981 5115 1134 5168 ποῖον
1164 5113 1402 5184 Χριστοῦ
1429 5111 1742 5182 θαυμαστὸν

152 5211 320 5280 ἔργον
340 5209 582 5278 γίνεται;
615 5209 752 5262 Είδὲ
778 5207 942 5271 αὐτὸς
961 5205 1218 5279 Χριστὸς,
1242 5207 1322 5270 είς
1357 5207 1508 5259 ποῖον
1533 5204 1742 5276 Κύριον

153 5300 358 5368 ῇλπικέ
385 5317 445 5353 τε
474 5301 570 5355 καὶ
606 5301 970 5365 πεπίστευκες
1003 5299 1070 5353 Τί
1116 5297 1185 5352 τὰ
1213 5299 1313 5369 τῆς
1347 5297 1559 5368 πλάνης
1586 5314 1741 5350 κενο-

157 5409 500 5464 φωνηματας
554 5393 620 5446 Τί
656 5393 766 5446 τῶν
834 5393 1082 5462 ἀνοήτων
1133 5389 1516 5460 τά’δὸγματα;
1582 5389 1743 5442 Ἀλλά

157 5485 386 5558 ἀρκέσει
413 5486 509 5540 καὶ
539 5487 670 5557 περὶ
693 5485 899 5556 ταύτης
927 5483 995 5538 τὰ
1027 5483 1109 5547 είς
1137 5482 1310 5554 αὐτὴν
1346 5480 1634 5553 εἰρημένα.

1848 4655 2058 4726 aequale
2085 4667 2209 4708 esse
2253 4650 2523 4705 crederet.
2563 4646 2761 4702 Verum
2793 4642 2926 4714 quid
2958 4657 3062 4713 ego
3113 4639 3324 4695 diutius
3386 4637 3442 4691 in

1849 4749 1959 4803 illis
1997 4743 2304 4802 refutandis
2349 4742 2635 4808 immoror,
2671 4739 2889 4809 1076
2924 4736 3020 4806 qui
3072 4748 3271 4788 canum
3309 4745 3441 4802 por-

1850 4853 2112 4894 corumve
2138 4835 2460 4907 spurcitiam
2507 4831 2836 4888 imitantur?
2863 4827 3017 4894 Quod
3069 4832 3252 4878 autem
3283 4821 3444 4877 Chri-

1851 4940 1995 4988 stum
2026 4944 2088 4985 se
2117 4943 2240 4985 esse
2260 4927 2492 4998 quilibet
2515 4941 2580 4980 ex
2616 4924 2737 4979 istis
2771 4921 3010 4985 asserit;
3042 4917 3167 4988 quis
3195 4915 3441 4986 prudens

1850 5039 1959 5077 non
1988 5021 2121 5076 illud
2159 5019 2386 5075 insania:
2413 5015 2792 5088 plenissinunn
2823 5008 3159 5065 arbitretur?
3191 5014 3286 5060 aut
3314 5019 3440 5059 cum

1851 5131 1910 5170 se
1939 5115 2232 5185 prophetas
2273 5127 2396 5168 esse
2456 5108 2728 5165 narrant?
2757 5103 2914 5173 Quod
2959 5103 3105 5158 enim
3141 5097 3443 5172 prophetiae

1850 5223 2024 5278 genus
2091 5204 2233 5276 apud
2292 5204 2418 5260 illos
2476 5201 2736 5273 apparet?
2769 5197 3058 5265 Quodnam
3105 5208 3257 5260 vero,
3295 5199 3356 5246 nt
3407 5202 3443 5244 α

1844 5301 2068 5355 Christo
2091 5298 2390 5369 quondam,
2426 5294 2751 5351 admirabile
2789 5297 2876 5346 est
2932 5290 3002 5344 ab
3028 5288 3138 5343 illis
3161 5301 3301 5356 Opus
3325 5281 3443 5339 edi-

1847 5393 2002 5446 ιιιιηῖ
2026 5392 2183 5459 Quod
2241 5391 2289 5446 si
2339 5391 2575 5460 ipsemet
2629 5394 2718 5442 est
2774 5383 3054 5445 Christus.
3093 5392 3322 5449 ecquem
3381 5373 3441 5426 in

1848 5483 2139 5538 Dominum
2198 5482 2439 5553 speravit
2478 5495 2542 5535 ac
2563 5477 2835 5534 credidit?
2861 5475 2995 5542 Qua:
3033 5478 3161 5528 sunt
3191 5469 3297 5524 illae
3324 5472 3444 5520 tan.

158 5579 285 5632 dem
314 5578 518 5633 erroris
579 5577 837 5648 ineptiae?
865 5590 1054 5647 quaeve
1095 5573 1420 5630 stolidorum
1449 5572 1735 5628 hominum
1792 5573 2090 5646 dogmata?
2151 5573 2260 5630 Sed
2311 5574 2575 5629 adversns
2633 5571 2795 5626 istam
2865 5565 3098 5621 haeresin
3157 5561 3443 5626 bncu-‘Nl'Ie

157 5675 472 5746 disputasse
503 5675 640 5731 satis
666 5683 771 5731 est.

235 5790 254 5820 ¹
285 5787 650 5858 llallucinatio
679 5797 779 5843 est.
856 5789 876 5818 ²
905 5785 1033 5841 Cor.
1071 5781 1444 5858 παραμυθίας.
1522 5781 1542 5814 '
1578 5777 1749 5835 Exod.

1857 5821 1870 5848 ,
1907 5778 1958 5835 1.
2033 5779 2059 5814 ⁸
2096 5774 2230 5832 ibid.
2260 5774 2353 5842 20,
2382 5773 2474 5829 2|.
2550 5771 2571 5804 ⁸
2601 5768 2770 5826 Zach.
2810 5781 2907 5830 xu,
2943 5763 3026 5828 l2,
3067 5761 3153 5816 15,
3232 5761 3253 5791 ⁸
3280 5757 3440 5813 Joan.

163 5877 257 5926 ιι,
287 5859 365 5913 Π.
445 5857 714 5931 71Vilcg.
754 5877 806 5916 tv
863 5858 898 5912 4
937 5864 1078 5928 sqq.‘
