3958 6462
566 420 657 476 ττι

1977 402 2036 460 s.
2078 401 2422 460 EPIPHANII
3694 409 3771 466 τῃ

635 538 703 593 X.
745 535 846 592 Hic
895 549 996 605 ego
1054 541 1336 606 postremo
1368 530 1469 586 toti
1520 543 1550 582 a
1587 542 1675 583 me
1709 525 1861 598 operi
1899 534 2158 596 suscepto

2333 528 2390 582 ι’.
2422 527 2532 581 Καὶ
2569 527 2674 592 ἓως
2706 519 2808 583 ὧδε
2855 527 3025 599 ἐχέτω
3059 525 3118 581 τὸ
3152 529 3450 599 σφραγῖσαι
3478 529 3565 581 καὶ
3614 530 3770 586 relati}-

567 631 728 686 finem
760 629 1037 698 imponam
1071 643 1086 680 :
1124 625 1179 679 in
1211 638 1323 695 quo
1353 621 1688 691 singularem
1711 633 1842 689 erga
1867 634 1970 673 nos
1989 617 2161 673 divini

567 719 809 778 numinis
837 732 996 788 opem
1051 731 1116 771 ac
1150 713 1498 787 praesentiam
1531 727 1727 766 sumus
1749 710 1980 780 experti,
2016 710 2163 781 quod

567 828 630 869 ex
679 818 798 864 toto
837 810 1025 864 animo
1080 820 1146 862 ac
1190 814 1374 861 tuente
1417 802 1694 867 confiteri,
1729 801 2020 872 eidemque
2060 800 2164 854 Do-

567 903 718 958 mino
743 903 951 973 gratias
1003 915 1170 970 agere
1219 897 1523 962 debemus;
1566 893 2014 965 quandoquidem
2069 894 2163 948 illo

564 993 789 1062 iuvante
811 989 1079 1062 quidquid
1132 995 1414 1057 receptum
1457 1000 1487 1038 a
1523 984 1685 1038 nobis
1717 985 2164 1054 promissumque

573 1085 696 1149 fuit,
735 1082 968 1137 feliciter
997 1079 1067 1134 ad
1113 1079 1319 1133 exitum
1361 1075 1719 1147 perduximus
1751 1090 1764 1126 :
1799 1089 1865 1128 ac
1897 1089 2020 1128 cum
2051 1073 2164 1128 haz-

572 1192 728 1232 reses
794 1187 988 1230 omnes
1064 1171 1422 1242 exposuimus
1494 1167 1988 1236 refutavimusque,
2047 1174 2162 1218 tum

574 1267 706 1338 quid
743 1266 813 1320 ab
845 1278 1174 1334 unaquaque
1203 1267 1426 1331 geratur
1457 1273 1558 1330 pro
1601 1257 1801 1312 virium
1852 1264 2164 1312 nostrarum

578 1358 952 1414 imbecillitate
978 1352 1357 1424 patefecimus.
1393 1351 1664 1405 Caeterum
1714 1364 1841 1404 cum
1888 1348 2166 1418 octoginta

579 1453 880 1514 hmreseon,
921 1461 1060 1518 quas
1085 1447 1145 1502 in
1174 1445 1362 1498 orbem
1413 1452 1685 1497 terrarum
1733 1439 2080 1496 introductas
2099 1437 2167 1492 ad

578 1541 719 1594 banc
735 1539 877 1594 diem
903 1535 1234 1598 audivimus,
1248 1547 1592 1604 quarumque
1615 1545 1902 1586 numerum
1918 1537 1972 1584 et
1984 1529 2172 1600 appel-

579 1630 828 1691 lationes,
859 1625 1246 1682 nonnullarum
1273 1621 1442 1676 etiam
1471 1621 1714 1687 decreta,
1746 1627 1801 1675 et
1846 1625 2169 1689 argumenta

576 1719 1005 1789 affectionesque
1041 1715 1441 1786 cognovimus;
1491 1727 1639 1778 cum,
1673 1712 1921 1781 inquam,
1954 1711 2168 1765 illarum

576 1812 820 1882 origines
842 1822 1150 1878 causasque
1172 1806 1323 1860 nulla
1348 1819 1428 1869 re,
1451 1805 1630 1873 quoad
1656 1802 1772 1857 fieri
1802 1802 2000 1872 potuit,
2032 1816 2171 1871 pra:-

2269 638 2361 674 σαι
2387 621 2487 692 τὴν
2516 622 2698 674 πᾶσαν
2721 619 2879 692 ἡμῶν
2911 621 3041 692 περὶ
3071 619 3276 673 τούτων
3307 621 3685 690 πραγματείαν
3713 627 3776 678 τοῦ

2265 711 2402 765 Θεοῦ
2438 712 2570 783 ἡμῖν
2618 710 2976 781 ἐπιφανέντος
3005 710 3098 763 καὶ
3151 710 3530 782 βοηθήσαντος,
3555 711 3620 772 ὡς
3638 713 3778 783 ὁμιλι-

2265 804 2385 873 γεϊν
2414 802 2563 856 ἐστιν
2590 802 2655 855 ἐκ
2679 802 2862 872 πάσης
2874 801 3075 873 ψυχῆς,
3109 800 3203 854 καὶ
3228 800 3484 864 διανοίας,
3516 801 3780 872 εὐχαριστεῖν

2267 893 2418 966 αὗτῷ
2443 893 2522 965 τῷ
2550 895 2760 966 Κυρίῳ,
2785 895 2869 947 δτι
2891 893 2952 947 τδ
2975 893 3318 964 ἐπάγγελμα,
3344 893 3778 964 ὃὲπηγγειλάμεθα,

2268 990 2325 1042 ὲν
2363 987 2512 1058 αὐτῷ
2558 987 2638 1057 τῷ
2674 985 2861 1058 Κυρίῳ
2911 985 3335 1057 κατηξιώθημεν
3369 984 3663 1038 τελειῶσαιο
3688 987 3782 1040 uti

2268 1080 2534 1151 αἱρέσεων
2591 1078 2669 1141 δὲ,
2705 1077 2870 1150 φημὶ,
2927 1078 3028 1147 τὴν
3095 1077 3346 1147 διήγησιν
3404 1077 3497 1130 καὶ
3547 1076 3783 1146 ἀνατροπὴν

2269 1169 2652 1242 ποιησάμενοι,
2682 1169 2798 1240 ἅμα
2825 1187 2884 1223 τε
2914 1171 3009 1222 καὶ
3027 1168 3480 1238 ἀποκαλύψαντες
3502 1169 3619 1237 παρ’
3637 1169 3783 1238 ἑκάστῃ

2267 1264 2321 1317 τί
2347 1264 2666 1336 πράττεται,
2701 1263 2777 1326 ὼς
2819 1261 2961 1316 κατά
3001 1260 3100 1333 τὴν
3137 1262 3417 1332 ἡμετέραν
3443 1259 3702 1312 ὑπόστασιν
3719 1259 3784 1328 τῆς

2269 1355 2531 1420 ἀσθενοῦς
2575 1355 3012 1427 ἀνθρωπότητος.
3056 1355 3198 1416 Ἕως
3241 1353 3353 1424 γάρ
3387 1350 3608 1406 ἐνταῦθα
3649 1351 3784 1420 ὀγδοή-

2270 1464 2438 1502 κοντα
2495 1445 2802 1519 αἱρέσεων,
2859 1437 2936 1498 ὧν
2989 1442 3339 1514 ὲνηχήθημεν
3398 1442 3476 1512 τῷ
3528 1441 3704 1511 κόσμῳ.
3725 1442 3787 1493 21‘:

2272 1538 2519 1609 ἔγνωμεν
2569 1536 2661 1590 τὸν
2707 1535 2942 1608 ἀριθμὸν
2973 1535 3194 1600 καὶτὰς
3237 1534 3532 1606 ὀνομασίας
3563 1533 3644 1586 καί
3678 1549 3788 1585 τινων

2271 1631 2370 1695 τὰς
2401 1631 2612 1702 ῥήσεις,
2637 1629 2940 1702 προφάσεις
2960 1646 3018 1682 τε
3043 1628 3138 1682 καὶ
3160 1627 3400 1698 σχέσεις,
3423 1625 3519 1690 τὰς
3546 1625 3694 1696 ὁρμάς
3726 1625 3790 1677 καὶ

2272 1721 2341 1774 τὰ
2383 1720 2536 1774 αίτια
2594 1718 3024 1791 άπαραλείπτως
3081 1716 3503 1782 ὑποδείξαντες,
3554 1713 3791 1785 θαυμασμῷ

2276 1813 2564 1886 φερόμενοι
2592 1809 3026 1881 ἐκπεπλήγμεθα
3053 1807 3113 1862 τὸ
3148 1809 3204 1861 ὲν
3235 1810 3304 1878 τῇ
3331 1806 3458 1878 θεία
3488 1807 3660 1876 Γραφῇ
3687 1806 3792 1873 εἰρη-

577 1903 832 1961 termissa
843 1899 1216 1960 docuerimus.
1231 1896 1578 1952 vehementer
1592 1893 1722 1948 illud
1737 1891 1996 1947 admirari
2011 1891 2176 1962 subit,

2287 1907 2468 1978 μένον,
2510 1905 2593 1958 ὅτι
2621 1899 2949 1968 Ἐξήκοντὰ
2972 1902 3088 1954 εἱσι
3116 1899 3510 1964 βασίλισσαι,
3535 1897 3624 1950 καὶ
3645 1894 3795 1965 dracti-

581 1993 724 2065 quod
744 1993 798 2046 in
817 1991 993 2047 sacris
1011 1987 1234 2044 Litteris
1251 1984 1564 2042 continetur
1583 2003 1596 2039 :
1617 1982 1908 2054 Sexaginta
1936 1991 2059 2036 sunt
2078 1997 2176 2036 re-

580 2087 716 2158 gina-
729 2131 747 2159 ,
763 2100 898 2144 eloc.
917 2082 1141 2152 uaginla
1164 2079 1468 2134 concubina:
1487 2093 1507 2144 ;
1529 2087 1578 2132 et
1601 2074 2028 2138 adulescentula,
2044 2089 2178 2144 qua-

581 2193 702 2233 runt
723 2175 903 2231 nullus
919 2183 995 2228 est
1019 2187 1273 2227 numerus
1288 2187 1306 2226 .'
1321 2186 1427 2224 una
1452 2178 1526 2225 est
1542 2166 1785 2224 columba
1798 2183 1934 2232 mea,
1946 2167 2176 2236 perfecta

590 2286 709 2326 mea
737 2268 780 2322 ί.
809 2266 887 2322 De
940 2265 1027 2322 bis
1071 2264 1241 2336 igitur
1277 2262 1555 2334 octoginta
1586 2259 1875 2332 pellicibus
1909 2260 2177 2316 hactenus

578 2361 829 2433 egimus;
865 2357 1242 2421 Barbarismo,
1311 2354 1676 2418 llellenismo,
1713 2352 2048 2425 Scythismo,
2081 2351 2178 2408 Ju-

579 2451 795 2507 daismo
827 2456 882 2504 et
931 2446 1337 2511 Samaritismo,
1381 2459 1504 2515 quae
1563 2459 1797 2500 uxorum
1842 2442 2067 2498 minime
2096 2443 2177 2498 le-

579 2540 900 2613 gitimarum
928 2537 1152 2594 nomina
1181 2543 1312 2592 sunt
1355 2553 1369 2590 :
1398 2533 1710 2605 cujusmodi
1740 2548 1920 2604 neque
1951 2532 2022 2589 ab
2050 2546 2179 2602 rege

580 2632 762 2686 dotem
789 2637 1144 2698 acceperunt,
1177 2640 1356 2696 neque
1383 2626 1436 2681 in
1473 2625 1787 2680 testamenti
1818 2625 2022 2680 tabulis
2052 2639 2178 2679 cum

582 2723 714 2779 filiis
742 2721 988 2778 baeredes
1017 2721 1240 2792 scriptae
1268 2727 1418 2775 sunt.
1450 2717 1666 2774 Etenim
1694 2719 1740 2773 si
1774 2718 1998 2791 proprie
2030 2718 2176 2788 loqui

585 2815 848 2880 velimus,
878 2827 1019 2868 uxv
1047 2819 1180 2868 sunt
1207 2811 1469 2877 hareses,
1505 2824 1736 2880 quarum
1768 2818 1977 2864 matres
2017 2809 2178 2880 quin-

585 2923 693 2980 que
714 2913 844 2962 sunt
875 2921 889 2958 :
925 2911 1056 2976 puta
1096 2901 1488 2966 llellenismus,
1519 2902 1638 2957 sive
1675 2899 1962 2971 gentilium
2003 2907 2176 2966 secta,

587 3017 616 3054 α
648 3017 754 3072 qua
780 2999 1010 3071 gentiles
1039 2995 1260 3052 oriundi
1309 3001 1470 3061 sunt;
1511 2991 1852 3058 Judaismus,
1894 2991 2041 3048 unde
2094 2989 2181 3046 ιυ-

585 3093 713 3159 dai,
756 3100 813 3146 et
845 3091 1121 3155 haereses;
1150 3102 1215 3142 ac
1250 3085 1577 3140 Samaritica
1613 3093 1790 3151 secta,
1818 3083 1962 3139 unde
1985 3082 2181 3141 Sama-

588 3184 840 3240 ritismus
869 3195 926 3238 et
954 3178 1434 3236 Cbristianismus.
1479 3177 1565 3232 Ab
1598 3176 1688 3233 bis
1711 3176 1862 3232 velut
1891 3176 2028 3230 rami
2054 3175 2181 3246 qui-

585 3276 712 3332 dam
741 3281 1008 3346 separatae
1034 3273 1273 3328 haereses
1296 3270 1502 3326 avulsa:
1523 3275 1673 3326 sunt.
1702 3268 1835 3336 Quae
1862 3268 1992 3324 licet
2019 3266 2180 3322 Chri-
2206 3258 2248 3314 C

587 3370 659 3427 sti
689 3382 887 3422 nomen
919 3379 1029 3436 pm
1061 3379 1122 3420 se
1159 3362 1364 3426 ferant,
1405 3361 1540 3417 nihil
1569 3369 1750 3416 tamen
1785 3359 1852 3415 ad
1880 3360 2031 3414 illum
2055 3373 2180 3430 per-

587 3464 764 3516 tint-nt
789 3476 802 3513 :
832 3458 928 3516 sed
957 3456 1158 3529 partim
1213 3453 1430 3525 longius
1469 3453 1539 3508 ab
1572 3452 1666 3509 illo
1705 3451 1950 3518 distant;
1983 3451 2180 3522 partim

591 3551 805 3623 1017
849 3549 1132 3605 minimam
1174 3546 1248 3604 ob
1273 3560 1503 3602 causam
1535 3545 1603 3600 ab
1633 3544 1784 3600 omni
1821 3545 1969 3600 illius
2011 3543 2183 3600 haere-

588 3644 761 3699 ditate
807 3641 1016 3696 alienas
1055 3653 1122 3693 ac
1168 3638 1490 3709 peregrinas
1537 3652 1596 3692 se
1637 3634 1866 3702 faciunt,
1899 3650 2010 3690 una
2056 3650 2182 3690 cum

592 3737 838 3805 ipsarum
871 3731 1085 3797 liberis,
1125 3744 1252 3786 cum
1274 3728 1533 3784 videlicet
1565 3741 1914 3798 nequaquam
1942 3725 2185 3796 legitime

592 3827 726 3888 sint,
757 3822 854 3879 sed
888 3823 1035 3878 inter
1070 3829 1332 3877 externas
1381 3819 1711 3883 habeantur,
1753 3832 1818 3872 ac
1852 3817 2032 3872 solum
2073 3815 2180 3872 sibi

595 3914 973 3971 Christianum
1028 3925 1229 3966 nomen
1273 3909 1569 3965 vindicent.
1605 3907 1740 3975 Quae
1777 3921 1903 3961 cum
1947 3906 2022 3961 ita
2049 3906 2181 3970 sint,

593 4008 802 4064 veritas
825 4004 984 4060 nobis
1014 4005 1131 4075 ipsa
1157 3999 1489 4058 declaranda
1523 4005 1798 4070 superest,
1827 4006 1991 4066 atque
2021 3997 2186 4053 unica

594 4099 856 4154 nimirum
900 4095 991 4150 illa
1039 4092 1318 4156 columba,
1351 4106 1472 4162 qua:
1503 4105 1534 4144 a
1569 4104 1776 4161 sponso
1821 4089 2182 4144 collaudatur.

666 4189 760 4246 XI.
789 4187 1061 4256 Quocirca
1121 4201 1248 4241 cum
1281 4185 1455 4239 otium
1488 4183 1634 4238 nacti
1671 4181 1868 4248 simus,
1902 4190 2028 4253 post
2066 4180 2186 4238 eni-

594 4299 696 4340 xas
720 4283 787 4337 ad
824 4281 994 4338 Deum
1036 4293 1249 4351 preces,
1283 4285 1340 4332 ut
1391 4275 1767 4348 disputatione
1815 4275 2056 4339 brevem,
2101 4273 2186 4329 sic

595 4375 866 4447 majorum
918 4372 1211 4428 traditione
1258 4375 1468 4424 certam
1516 4365 1766 4422 veritatis
1805 4364 2182 4421 defensionem

595 4469 860 4536 deinceps
909 4463 1288 4519 instituemus.
1331 4458 1464 4524 Quae
1507 4455 1733 4528 quidem
1783 4471 1895 4511 non
1939 4463 2187 4526 tempore

596 4559 900 4631 posterior,
931 4555 1040 4610 imo
1069 4568 1202 4609 vero
1238 4551 1392 4623 prior
1410 4550 1669 4606 omnibus
1698 4547 1942 4612 exstitit,
1974 4562 2185 4617 nosque

595 4651 665 4707 de
689 4667 754 4706 ea
782 4659 908 4703 ante
935 4647 1170 4702 haereses
1187 4658 1404 4706 omnes.
1435 4658 1559 4697 cmn
1592 4641 1661 4696 de
1687 4639 1894 4695 Christi
1925 4639 2182 4693 incarna-

598 4743 747 4796 tione
786 4739 1211 4802 disscreremus,
1244 4732 1580 4788 mentionem
1614 4731 1772 4786 initio
1798 4730 2053 4786 fecimus.
2084 4729 2182 4784 Ea-

597 4833 720 4890 dem
741 4846 906 4903 porro
930 4844 1078 4886 nunc
1107 4842 1233 4882 cum
1271 4841 1465 4881 omnes
1489 4823 1784 4891 antecedit,
1813 4831 1929 4879 tum
1961 4823 2182 4880 Christo

603 4925 833 4980 Domino
857 4930 984 4995 post
1012 4921 1135 4993 ejus
1155 4918 1618 4981 incarnationem,
1641 4917 1791 4973 velut
1812 4930 2016 4986 sponsa
2042 4932 2185 4988 qua:-

601 5014 726 5068 dam
756 5013 1128 5077 sanctissima,
1160 5009 1458 5079 conjuncta
1485 5016 1570 5064 est
1598 5024 1612 5062 :
1637 5020 1761 5077 quae
1795 5013 1851 5062 et
1883 5007 2015 5062 olim
2051 5021 2176 5063 cum

604 5105 813 5161 Adamo
859 5103 1119 5168 formata,
1155 5111 1210 5161 et
1238 5102 1295 5157 in
1325 5101 1458 5167 illis,
1487 5101 1584 5172 qui
1624 5099 2000 5156 Abrahamum
2045 5114 2182 5169 pra:-

601 5201 908 5260 cesserunt,
939 5193 1229 5264 praedicata
1258 5193 1520 5267 patribus,
1535 5200 1588 5247 et
1642 5199 1769 5262 post
1806 5191 2180 5248 Abrahamum

604 5286 765 5342 fidem
825 5285 1041 5352 merita,
1065 5293 1121 5340 et
1167 5301 1264 5356 per
1315 5285 1554 5357 Moysen!
1599 5283 1870 5355 patefacta
1929 5293 1985 5340 et
2029 5284 2175 5355 apud

603 5377 798 5435 Isaiam
831 5375 1176 5447 praedicta,et
1215 5375 1270 5430 in
1319 5375 1540 5432 Christo
1591 5376 2008 5443 demonstrata,
2055 5391 2180 5432 cum

602 5483 779 5540 eoque
804 5467 970 5523 simul
994 5467 1292 5528 exsistens,
1323 5467 1627 5535 posteriore
1650 5483 1681 5523 a
1707 5470 1868 5525 nobis
1886 5471 2006 5525 loco
2031 5483 2184 5523 com-

604 5560 970 5618 mendabitur.
1013 5556 1149 5614 Nam
1204 5556 1458 5613 athletam
1504 5568 1720 5629 oportet
1768 5563 2005 5631 primum
2061 5577 2183 5617 om-

606 5653 756 5709 ulum
791 5653 847 5708 in
869 5651 1172 5708 certamine
1217 5665 1284 5705 ac
1325 5649 1514 5704 labore
1551 5653 1872 5724 caeterisque
1892 5656 2184 5726 generibus

680 5809 698 5840 ¹
731 5808 893 5865 Cant.
923 5826 997 5877 vt,
1028 5811 1085 5866 7.
1159 5813 1180 5844 ⁸
1212 5809 1341 5867 Haec
1373 5811 1666 5886 depravata
1712 5815 1923 5871 leviter.

2278 2016 2463 2054 κοντα
2507 1995 2818 2051 παλλακαί
2839 2011 2853 2026 ο
2906 1992 3007 2047 καὶ
3060 1992 3359 2059 νεάνιδες,
3417 1985 3505 2046 ὧν
3547 1991 3646 2046 οὐκ
3676 1988 3798 2042 ἔστιν

2277 2091 2544 2159 ἀριθμός-⁸
2579 2088 2688 2158 μία
2737 2085 2869 2140 ἐστι
2935 2083 3254 2152 περιστερά
3283 2101 3432 2153 μου,
3490 2082 3668 2136 τελεία
3697 2097 3796 2151 μου.

2284 2183 2379 2244 Ὦς
2418 2176 2512 2234 οὖν
2545 2178 2674 2251 περὶ
2705 2177 2812 2232 τῶν
2846 2177 3140 2232 παλλακῶν
3168 2176 3380 2232 τούτων
3410 2177 3516 2230 τῶν
3539 2176 3800 2244 ὁγδοήκοντα

2279 2274 2561 2347 εἰρηκότες
2604 2271 2882 2343 ἀπαρχῆς,
2908 2267 3315 2341 βαρϐαρισμοῦ,
3359 2268 3459 2322 καὶ
3494 2263 3798 2337 Ἑλληνισμοῦ,

2278 2369 2373 2420 καὶ
2401 2363 2734 2435 Σκυθισμοῦ,
2768 2363 2862 2416 καὶ
2889 2359 3247 2430 Ἰουδαῖσμοῦ,
3281 2361 3383 2414 καὶ
3407 2357 3799 2432 Σαμαρειτισμσῦ,

2277 2456 2573 2529 ὀνομασίας
2606 2455 2716 2509 τῶν
2756 2455 2857 2509 οὐκ
2902 2453 3079 2507 οὐσῶν
3110 2451 3398 2524 ἑνθέσμων
3425 2450 3693 2522 γυναικῶν,
3719 2449 3800 2502 οὐδὲ

2278 2551 2386 2606 ἀπὸ
2402 2551 2496 2604 τοῦ
2529 2547 2792 2620 βασιλέως
2815 2546 3314 2619 πεπροικισμένων,
3355 2546 3480 2600 οὐδὲ
3501 2547 3557 2599 ἐν
3583 2544 3801 2613 διαθήκαις

2278 2640 2386 2695 τῶν
2423 2639 2632 2694 τέκνων
2675 2638 2858 2694 αὐτῶν
2911 2637 3274 2710 κληρονομεῖν
3320 2637 3658 2708 δυναμένων·
3691 2633 3801 2702 φύσει

2240 2798 2245 2804 ι
2283 2735 2382 2806 μὲν
2409 2735 2519 2806 γάρ
2546 2733 2684 2785 εἰσιν
2705 2730 3076 2802 ἐϐδομήκοντα
3100 2729 3286 2793 πέντε,
3319 2729 3422 2782 καὶ
3446 2728 3636 2782 τούτων
3666 2726 3712 2778 αἱ
3732 2742 3803 2792 μη-

2279 2826 2435 2898 τέρες
2486 2825 2650 2879 πέντε
2699 2823 2890 2894 ὥσπερ
2926 2819 3307 2893 Ἑλληνισμὸς,
3364 2819 3459 2888 ἀφ’
3491 2814 3551 2872 οὗ
3583 2815 3799 2885 Ἕλληνες,

2281 2917 2376 2971 καὶ
2414 2914 2769 2985 Ίουδαῖσμὺς,
2805 2913 2898 2982 ἀφ’
2930 2906 2992 2967 οὗ
3041 2911 3306 2973 Ἰουδαῖοι,
3357 2910 3458 2964 καὶ
3484 2905 3716 2980 αἱρέσεις,
3739 2902 3802 2954 καὶ

2281 3006 2675 3080 Σαμαρειτικὴ,
2716 3006 2810 3075 ἀφ’
2852 2996 2914 3059 οὗ
2964 3002 3439 3076 Σαμαρειτισμὸς.
3491 3002 3579 3054 καὶ
3608 3000 3803 3069 Χριστια-

2279 3099 2490 3171 νισμὺς,
2515 3100 2608 3169 ἀφ’
2643 3093 2706 3152 οὗ
2749 3095 3178 3168 ἐξεκλάσθησαν,
3214 3095 3411 3166 ὥσπερ
3439 3092 3628 3158 κλάδοι,
3647 3090 3692 3143 αἱ
3713 3090 3803 3154 dso-

2284 3190 2552 3264 ρισθεῖσαι
2586 3191 2848 3263 αἱρέσεις,
2875 3191 2955 3254 εἱς
2987 3187 3160 3260 ὄνομα
3190 3187 3436 3261 Χριστοῦ
3470 3177 3804 3256 κληθεῖσαι,μῆ

2281 3278 2447 3336 οὖσαι·
2469 3281 2528 3336 δὲ
2555 3281 2744 3345 αὑτοῦ,
2767 3280 2882 3336 ἀλλ’
2907 3279 2966 3334 αἱ
3003 3279 3102 3351 μὲν
3128 3279 3237 3332 ἀπὸ
3261 3277 3505 3350 μήκοθεν
3546 3271 3691 3330 αὑτοῦ
3712 3268 3803 3322 πολὺ

2280 3372 2590 3436 διεστῶσαι,
2619 3374 2677 3426 αἱ
2693 3372 2751 3426 δὲ
2778 3371 2868 3426 διά
2884 3389 2936 3424 τι
2967 3370 3248 3442 ἐλάχιστον
3270 3367 3723 3440 άποκληρονόμους
3744 3359 3804 3410 καὶ

2285 3462 2445 3528 ξένας
2495 3459 2662 3517 αὑτοῦ
2719 3460 2923 3524 ἑαυτάς
2973 3459 3415 3530 καταστήσασαι,
3463 3458 3556 3512 καὶ
3585 3455 3645 3510 τὰ
3677 3448 3802 3506 αὐτῶν

2283 3555 2450 3610 τέκνα
2480 3553 2591 3608 τῶν
2617 3555 2718 3609 οὐκ
2753 3553 2930 3608 οὐσῶν
2980 3550 3286 3621 ὲνθέσμων,
3317 3549 3428 3616 ἔξω
3459 3549 3516 3603 δὲ
3545 3540 3801 3618 βεδηκυιᾶνι.

2287 3647 2450 3720 μόνον
2480 3647 2538 3701 δὲ
2592 3645 2655 3700 τὸ
2695 3646 2865 3717 ὄνομα
2921 3643 3378 3716 ἐπικεκλημένων
3420 3637 3675 3713 Χριστοῦ·
3697 3649 3804 3702 περι·

2284 3739 2636 3810 λειφθήσεται
2665 3741 2854 3810 ἡμῖνή
2891 3739 3020 3810 περὶ
3066 3737 3327 3808 ἀληθείας
3377 3732 3659 3798 ἀπόδειξις,
3684 3724 3803 3790 αὐτῆς

2284 3848 2346 3885 τε
2385 3833 2485 3902 τῆς
2533 3831 2862 3902 περιστερᾶς
2901 3830 3003 3900 τῆς
3033 3829 3350 3902 μονωτάτης
3371 3827 3482 3881 ὑπὸ
3505 3822 3595 3879 τοῦ
3631 3817 3801 3890 νυμφίον

2286 3923 2508 3977 ὲπαινου
2515 3922 2704 3993 μένης.

2359 4190 2460 4246 1Λ’.
2494 4188 2605 4242 Καὶ
2634 4188 2693 4241 ὲν
2740 4186 2906 4258 σχολῇ
2937 4184 3096 4257 ἡμῶν
3139 4184 3489 4254 γενομένων,
3529 4181 3618 4235 καὶ
3655 4173 3802 4244 σφόδρα

2292 4279 2687 4334 ἱκετευσάντων
2717 4277 2872 4341 Θεὸν,
2895 4277 3159 4347 σύντομον
3179 4277 3277 4347 μὲν
3298 4278 3364 4346 τῇ
3389 4275 3624 4343 διαλογῇ,
3644 4263 3802 4335 ἀσφαλῆ

2285 4372 2342 4426 δὲ
2367 4374 2435 4444 τῇ
2469 4370 2761 4443 παραδόσει
2793 4369 2888 4424 καὶ
2920 4367 3062 4440 ὑπὲρ
3095 4367 3350 4438 ἀληθείας
3377 4364 3661 4432 ἀπολογίαν
3682 4360 3728 4411 ὲν
3752 4351 3802 4419 τῷ

2287 4465 2415 4535 ἑξῆς
2470 4461 2835 4534 ποιησόμεθα,
2877 4461 2980 4515 οὐκ
3033 4459 3201 4530 αὐτῆς
3251 4459 3487 4530 ὑστέρας
3511 4455 3678 4524 οὔσης,
3709 4444 3801 4502 ἀλλὰ

2218 4599 2261 4654 D
2291 4555 2535 4654 πρώτης.
2590 4555 2701 4608 Καὶ
2744 4555 2847 4625 ήδη
2879 4554 2939 4608 δὲ
2963 4553 3063 4624 τῆς
3096 4553 3204 4626 πρὸ
3241 4553 3352 4607 τῶν
3388 4550 3644 4623 αἱρέσεων
3680 4546 3726 4654 ὲν

2287 4645 2518 4717 ὲνδημίᾳ
2545 4646 2782 4718 Χριστοῦ
2813 4644 3074 4700 ἀνωτάτω
3097 4645 3226 4716 ἡμῖν
3248 4641 3691 4715 ὑπομνησθείσηςο
3710 4629 3801 4684 ’νῦν

2286 4738 2343 4792 δὲ
2406 4737 2631 4810 πρώτην
2672 4733 2861 4801 οὖσαν,
2910 4738 3006 4790 καὶ
3051 4736 3272 4809 Χριστῷ
3323 4735 3660 4808 συνημμένην
3687 4727 3799 4795 ἁγίαν

2287 4830 2508 4902 νύμφην
2563 4831 2676 4885 ἀπὸ
2727 4833 2828 4902 τῆς
2880 4831 3148 4902 ἐνσάρκου
3201 4829 3363 4884 αὑτοῦ
3391 4825 3697 4900 παρουσίας,
3721 4815 3799 4890 ἱκαὶ

2287 4923 2349 4976 τὸ
2393 4923 2491 4994 τῆς
2534 4921 2699 4978 αὑτοῦ
2748 4923 3097 4996 παρουσίας,]
3147 4923 3270 4993 ἥτις
3300 4922 3418 4976 ἐστὶ
3457 4921 3552 4974 σὺν
3576 4915 3648 4986 τῷ
3679 4907 3799 4974 ’Δὸᾰμ

2291 5012 2672 5085 πεπλασμένη,
2699 5015 2798 5068 καὶ
2829 5017 2887 5068 ὲν
2918 5017 3034 5079 τοῖς
3064 5015 3172 5086 πρὸ
3198 5013 3292 5067 τοῦ
3319 5011 3563 5084 ’Δὸραάμ
3593 4999 3796 5074 tumidi"

2288 5122 2412 5175 χαις
2443 5107 2859 5178 κεκηρυγμένη,
2880 5107 2976 5161 καὶ
3008 5107 3147 5178 μετὰ
3171 5105 3267 5160 τοῦ
3304 5105 3551 5178 Ἀϐραάμ
3571 5108 3798 5154 πεπιστευ·

2293 5196 2452 5268 μένη.
2498 5197 2598 5251 καὶ
2651 5198 2744 5252 διὰ
2796 5199 3078 5262 Μωῦσέως
3139 5196 3600 5266 ἀποκαλυφθεῖσι,
3643 5187 3718 5242 καὶ
3760 5181 3796 5230 ὲν

2302 5287 2503 5361 Ἡσαΐᾳ
2531 5291 3010 5363 προφητευομένη,
3049 5294 3108 5346 ὲν
3139 5290 3361 5362 Χριστῷ
3391 5290 3447 5343 δὲ
3473 5278 3796 5352 mnuum.

2292 5382 2388 5436 καὶ
2411 5383 2509 5438 σὺν
2558 5381 2782 5457 Χριστῷ
2816 5385 3158 5458 ὑπάρχουσα,
3186 5389 3242 5440 ιν
3273 5387 3481 5456 ὑστέρῳ
3508 5383 3563 5436 δὲ
3589 5375 3666 5448 ὑφ’
3688 5365 3796 5442 ἡμῶν

2291 5473 2768 5548 ἐγκωμιαζομένη.
2825 5478 2919 5531 Δεῖ
2945 5477 3055 5548 γὰρ
3097 5478 3188 5532 τὸν
3219 5475 3604 5546 ἀγωνιζόμενον
3637 5461 3795 5536 πρῶτον

2290 5564 2600 5622 ἐνίστασθαι
2624 5567 2703 5639 τῷ
2728 5568 2920 5638 ἀγῶνι,
2952 5569 3030 5640 τῷ
3056 5587 3116 5624 τε
3150 5571 3381 5641 καμάτῳ
3409 5568 3498 5622 καὶ
3531 5565 3632 5625 τοῖς
3668 5553 3794 5611 ἄλλοις

2289 5658 2384 5712 τοῦ
2435 5659 2647 5728 ἀγῶνος
2681 5662 3074 5734 παλαίσμασιν,
3122 5665 3207 5718 ἵνα
3242 5663 3463 5734 ὕστερον
3487 5661 3574 5716 τὸν
3593 5654 3790 5724 στέφανον
