3958 6432
475 370 581 426 773
1896 357 1958 412 s.
1998 351 2347 412 EPll’iiANll
3625 358 3708 416 π,

472 485 696 558 quidem
734 483 805 538 iis
836 482 891 537 in
922 477 1401 552 disputationibus
1428 472 1956 545 commentariisque
1979 486 2073 543 pe-

2196 490 2278 544 νης
2304 471 2499 542 λιμένα
2529 472 2650 526 νυνὶ
2683 469 2951 543 θεώμενοι
2982 513 2997 537 ,
3028 475 3109 539 είς
3144 473 3205 528 δν
3238 474 3474 547 κατᾶραι
3502 474 3715 531 σπεύδεθ-

480 576 706 634 riclitati
743 587 983 630 sumus:
1018 587 1145 627 cum
1178 579 1464 644 postremo
1498 567 1651 639 pacis
1688 573 1906 638 portum
1937 564 2074 619 emi-

2196 580 2273 628 τες
2291 606 2308 630 ,
2336 563 2405 618 δι’
2429 560 2612 635 εὐχῆς
2631 563 2796 620 πάλιν
2824 564 2917 618 τὸν
2947 563 3145 637 Κύριον
3173 564 3456 637 ἀξιοῦμεν.
3485 566 3611 637 Ἤδη
3640 565 3719 638 μὶν

475 680 583 721 nus
622 665 960 728 intueamur,
1007 661 1076 717 ad
1109 678 1235 718 eum
1290 675 1484 714 navem
1536 656 1817 729 applicare
1855 656 2076 727 cupien-

2196 656 2383 719 παντὸς
2418 654 2584 729 φόϐου
2635 653 2733 709 καὶ
2783 652 3015 725 θορύϐου
3047 655 3144 709 καὶ
3190 656 3520 720 ναυτιάσεως
3550 657 3722 713 sm

475 761 578 816 tes,
613 753 787 807 divini
823 753 1071 808 numinis
1101 767 1259 822 opem
1297 764 1496 806 rursus
1524 746 1969 818 implorabimus.
1997 746 2077 801 Ac

2196 747 2430 819 ρῶντες,
2482 744 2595 813 ἕξει
2629 745 2687 799 δὲ
2746 744 3015 821 καλλίστῃ
3049 745 3228 816 (τὰς)
3269 747 3374 820 πρὸ
3416 748 3513 819 τῆς
3538 751 3724 822 στερεᾶς

477 854 623 901 metu
659 846 883 917 quidem
919 844 1072 899 omni
1111 850 1167 899 et
1200 840 1572 913 trepidatione
1612 854 1932 909 nauseaque
1957 853 2078 893 ces-

2196 839 2415 912 ίὸρας¹ο
2439 837 2802 910 ἐμπνεόμενα
2822 836 2918 891 καὶ
2943 838 3244 909 ἀσφαλείας
3271 839 3366 895 καὶ
3388 839 3482 893 τοῦ
3502 857 3563 894 τε
3584 840 3725 895 εὐδίου

476 947 659 1005 sante,
692 937 904 1008 optimo
937 936 993 990 in
1042 942 1189 991 statu
1225 935 1389 1004 positi
1420 931 1936 1003 jucundissimoque
1966 945 2081 984 cer-

2196 934 2403 1004 λιμένος
2430 972 2445 995 ,
2478 929 2853 1003 ὲνισχυόμενοι
2882 930 2963 1003 τῷ
2995 930 3269 1003 πνεύματι
3308 932 3410 1004 ἤδη
3435 931 3724 1003 γεγήθσμεν.

477 1029 638 1084 tioris
678 1042 830 1082 aurae
864 1041 928 1081 ac
959 1024 1489 1087 securitatislaﬂlatu
1526 1022 1895 1094 perfruentes,
1932 1028 2081 1075 tran-

2196 1025 2368 1081 Πολλὰ
2403 1026 2503 1097 μὲν
2545 1025 2631 1094 (εί
2665 1024 2749 1079 δεῖ
2793 1024 2843 1077 τ’
2892 1024 3070 1096 ἀληθῆ
3121 1023 3342 1096 λέγειν)
3389 1025 3624 1097 μοχθηρά
3657 1028 3729 1080 ἐπὶ

477 1120 711 1191 quillum
734 1118 850 1190 jam
883 1117 939 1173 in
973 1125 1194 1189 portmn
1228 1116 1510 1177 subducti.
1544 1114 1741 1186 spiritu
1782 1113 2081 1184 animoque

2196 1118 2440 1185 τούτοις,
2476 1117 2571 1172 καὶ
2618 1116 2806 1187 ῦΰρεις
2843 1117 2904 1171 ού
2953 1117 3053 1182 τὰς
3096 1116 3370 1189 τυχούσας
3420 1117 3728 1183 ὑποστάντες,

480 1211 772 1281 gestimus.
807 1209 1023 1271 Etenim
1067 1209 1137 1265 iis
1173 1209 1227 1264 in
1270 1207 1551 1270 omnibus.
1602 1206 1648 1262 si
1688 1220 1880 1261 verum
1918 1203 2081 1260 fateri

2196 1212 2286 1267 καὶ
2316 1210 2422 1282 γῆν
2459 1210 2553 1265 καὶ
2595 1209 2903 1273 θάλατταν,
2946 1210 3023 1274 ὡς
3072 1212 3251 1265 είπεῐν
3273 1248 3289 1276 ,
3320 1208 3664 1276 πεζεύσαντές
3684 1229 3731 1265 τε

481 1305 761 1369 volumus,
793 1303 1047 1374 pluribus
1079 1300 1447 1356 incommodis
1480 1308 1539 1355 et
1571 1298 1829 1353 maximis
1860 1297 2084 1368 injuriis

2196 1304 2287 1359 καὶ
2312 1303 2855 1378 ποντοπορήσαντες,
2907 1303 3006 1375 τῆς
3047 1303 3146 1373 μὲν
3176 1305 3282 1375 γῆς
3329 1301 3401 1369 τά
3444 1302 3637 1375 τραχῆ,
3662 1304 3732 1357 καὶ

484 1397 809 1462 conﬂictati,
842 1410 927 1458 ac,
960 1394 1211 1449 terrestri
1245 1391 1638 1461 maritimoque
1664 1390 1862 1445 itinere
1895 1387 2083 1445 conie—

2196 1397 2290 1469 τῆς
2321 1395 2533 1467 ἐρήμου
2563 1393 2664 1456 τὰς
2709 1392 3052 1466 δυσχωρίας,
3085 1395 3182 1447 και
3228 1391 3339 1447 τῶν
3367 1393 3733 1464 προειρημένων

485 1496 597 1552 cto,
628 1501 862 1557 quorum
911 1484 964 1538 in
1000 1484 1095 1539 illo
1123 1481 1416 1555 impeditas
1450 1497 1515 1537 ac
1551 1481 1801 1537 dilliciles
1834 1480 2085 1537 salebras

2196 1489 2446 1561 πελαγῶν
2472 1488 2601 1552 τοὺς
2628 1485 2909 1551 κινδύνους
2930 1525 2948 1548 ,
2975 1484 3112 1557 ὁμοῦ
3134 1502 3194 1538 τε
3229 1484 3386 1538 πόλιν
3410 1483 3649 1556 δρῶντες,
3670 1484 3735 1537 ἐπ’

484 1586 540 1634 ct
569 1577 886 1635 solitudinis
913 1578 1268 1649 asperitates,
1296 1578 1351 1632 in
1384 1577 1490 1633 hoc
1523 1576 1675 1631 varia
1707 1575 1949 1648 pericula
1980 1575 2088 1631 iui-

2196 1582 2363 1655 αὐτὴν
2398 1580 2727 1652 σπεύσωμεν
2748 1619 2765 1645 ,
2805 1577 2906 1650 τὴν
2939 1577 3101 1646 ἁγίαν
3135 1576 3499 1650 Ἰερουσαλὴμ
3519 1614 3537 1641 ,
3562 1578 3646 1630 καὶ
3659 1575 3737 1647 τὴν

485 1687 610 1726 mus
649 1670 881 1737 emensi,
917 1685 1043 1726 cum
1070 1671 1186 1739 jam
1219 1669 1503 1725 civitatem
1543 1668 1974 1740 prOSpiciamus,
2017 1666 2086 1723 ad

2196 1675 2466 1748 παρθένον
2499 1671 2738 1747 Χριστοῦ
2760 1713 2776 1739 ,
2827 1670 2925 1726 καὶ
2960 1669 3215 1741 νύμφην,
3245 1669 3471 1741 ἀσφαλῆ
3510 1685 3570 1723 τε
3613 1668 3738 1738 βάσιν

486 1766 664 1835 ipsam
719 1778 1087 1835 properemus
1150 1771 1404 1819 sanctam
1452 1760 1821 1826 Hierusalem,
1879 1758 2086 1817 Christi

2196 1767 2293 1822 καὶ
2314 1766 2543 1839 πέτραν,
2591 1764 2796 1837 σεμνὴν
2830 1780 2891 1818 τε
2920 1763 3134 1835 μητέρα
3160 1762 3343 1834 ἡμῶν.
3380 1761 3610 1834 Χριστοῦ
3640 1762 3740 1833 νύμρ

484 1855 754 1927 virginem
805 1869 871 1910 ac
924 1870 1209 1926 sponsam,
1243 1853 1403 1910 basin
1453 1861 1509 1910 et
1564 1862 1776 1925 petram
1820 1852 2088 1909 solidissi-

2196 1876 2317 1931 φην.
2347 1856 2729 1930 Εὐκαιρότατα
2762 1857 2857 1911 καὶ
2893 1855 3051 1910 αὐτοὶ
3089 1854 3348 1925 λέγοντες
3367 1871 3381 1885 ·
3417 1853 3610 1915 Δεῦτε.
3628 1853 3740 1909 dra-

486 1961 632 2002 mam
658 1945 1141 2016 venerandamque
1181 1953 1411 2000 matrem
1461 1952 1733 2009 nostram,
1761 1953 1815 2000 et
1835 1944 2085 2000 eamdem

2196 1950 2390 2021 βῶμεν
2430 1951 2520 2016 είς
2556 1949 2623 2004 τὸ
2653 1946 2794 2018 ὄρος
2839 1948 3067 2017 Κυρίου
3095 1946 3194 2000 καί
3224 1948 3317 2013 εὶς
3346 1945 3457 2001 τὸν
3482 1946 3639 2002 οἷκον
3656 1946 3741 2000 τοῦ

487 2038 695 2095 Clu-isti
726 2053 1015 2109 sponsam.
1047 2036 1106 2092 ln
1142 2052 1254 2108 quo
1283 2045 1594 2110 Opportune
1637 2036 1786 2092 istud
1819 2051 2089 2106 usurpare

2196 2040 2338 2096 Θεοῦ
2384 2037 2595 2095 Ἰακὼϐ
2608 2078 2624 2103 ,
2657 2038 2757 2092 καί
2785 2036 3106 2109 ἀναγγελεῖ
3154 2035 3302 2108 ἡμῖν
3337 2037 3460 2107 τὴν
3503 2036 3637 2092 ὁδὸν
3657 2039 3742 2092 αύ-

488 2140 789 2199 possumus
814 2124 1025 2181 :Venite
1046 2165 1060 2191 ,
1097 2126 1452 2181 aseendamus
1488 2126 1559 2181 ad
1610 2135 1839 2183 montem
1874 2126 2089 2183 Domini

2196 2131 2298 2188 τοῦ
2316 2170 2334 2199 ,
2363 2129 2460 2186 καὶ
2488 2128 2558 2184 τὰ
2586 2128 2736 2201 ἑξῆς.

487 2228 539 2272 et
568 2217 638 2271 ad
671 2217 889 2272 domum
926 2216 1031 2274 Dei
1049 2216 1241 2284 Iacob,
1278 2228 1330 2274 et
1372 2217 1716 2274 annuntiabit
1756 2218 1908 2275 nobis
1950 2218 2089 2273 viam

489 2325 644 2363 suam
679 2311 721 2375 ι,
748 2317 856 2365 etc.

564 2399 783 2472 1079
804 2397 871 2454 ll.
912 2400 1075 2473 Agite
1108 2401 1318 2473 itaque,
1367 2398 1581 2458 Christi
1636 2400 1730 2457 ﬁlii
1781 2416 1847 2456 ac
1885 2408 2090 2457 sancta:

2264 2393 2340 2447 B'.
2364 2395 2499 2463 Ἀγε
2524 2391 2727 2457 τοίνυν,
2758 2391 2807 2446 οί
2841 2387 3078 2463 Χριστοῦ
3103 2388 3315 2452 παῖδες,
3350 2388 3463 2442 υἱοὶ
3499 2388 3588 2459 τῆς
3620 2387 3746 2455 ἁγίας

489 2489 586 2546 Dei
625 2491 888 2549 Ecclesiae
919 2493 1105 2561 liberi,
1141 2493 1236 2564 qui
1279 2492 1386 2547 hoc
1425 2501 1678 2549 nostrum
1705 2492 1773 2547 de
1811 2506 1956 2546 Lxxx
1980 2491 2090 2546 ba:-

2196 2485 2330 2541 Θεοῦ
2378 2485 2726 2557 Ἐκκληοίας,
2761 2484 2812 2537 οἱ
2846 2482 2964 2536 τόδε
3015 2479 3079 2534 τὸ
3123 2480 3417 2553 σύνταγμα
3441 2480 3546 2534 τῶν
3587 2477 3746 2550 ὀγδοή-

490 2584 725 2641 resibus.
756 2600 898 2656 opus
929 2586 1167 2659 benigne
1210 2585 1587 2656 percurristis,
1634 2582 1841 2656 quique
1875 2598 2090 2638 mecum

2196 2596 2359 2633 κοντα
2427 2578 2694 2650 αἱρέσεων
2732 2575 2956 2648 ἡμέρως
3002 2574 3136 2627 αὐτὸ
3162 2573 3525 2647 διερχόμενοι,
3558 2570 3643 2626 καὶ
3673 2591 3749 2624 συν

491 2676 828 2733 altissimum
854 2678 1006 2732 illum
1035 2693 1329 2750 pravorum
1358 2677 1701 2749 dogmatum,
1728 2693 1851 2748 qua:
1888 2678 2090 2733 hucus-

2196 2671 2319 2744 ἐμοὶ
2342 2671 2435 2725 τὸν
2460 2669 2704 2725 τοιοῦτον
2726 2669 2889 2740 ὄγκον
2911 2668 3023 2723 τῶν
3045 2667 3471 2741 προειρημένων
3500 2663 3749 2738 μοχθηρων

495 2784 601 2839 que
650 2771 1092 2840 percensuimus,
1140 2771 1413 2842 gurgitem
1446 2771 1734 2834 tranastis,
1776 2785 1842 2825 ac
1881 2776 2090 2828 “asiam

2196 2763 2555 2820 διδασκαλιῶν
2599 2763 3009 2836 διανηξάμενοι,
3062 2760 3528 2826 διαπεζεύσαντές
3577 2777 3631 2814 τε
3673 2757 3750 2827 τὴν

493 2869 549 2912 et
596 2857 1002 2915 formidabilem
1058 2861 1517 2930 siticulosamque
1565 2859 1921 2917 solitudinem
1971 2876 2090 2933 per-

2196 2856 2466 2929 τοσαύτην
2497 2856 2728 2930 ἔρημον,
2762 2855 3004 2928 φοϐεράν
3053 2873 3115 2910 τε
3158 2856 3253 2910 καὶ
3283 2856 3346 2909 ὲν
3380 2855 3527 2926 δίψει
3556 2868 3748 2909 κατατε-

497 2951 760 3022 agrastis,
820 2967 1005 3008 rerum
1059 2952 1308 3007 omnium
1358 2953 1651 3008 Dominum
1713 2952 2090 3023 imploremus.

2196 2966 2497 3022 ταγμενην,
2554 2947 3016 3022 ὲπικαλεσὼμεθα
3068 2948 3160 3003 τὸν
3212 2947 3321 3002 τῶν
3376 2947 3516 3002 ὅλων
3562 2945 3747 3017 Κύριον.

496 3046 653 3113 Quod
707 3045 928 3117 quidem
963 3045 1289 3117 jamdudum
1326 3047 1384 3103 in
1426 3049 1569 3103 votis
1604 3046 1920 3114 babuimus,
1967 3062 2090 3101 cum

2197 3044 2375 3101 Πάλαι
2400 3043 2498 3115 μὲν
2519 3045 2578 3097 ὲν
2607 3042 2876 3114 ἐπιθυμίᾳ
2907 3040 3098 3095 τούτου
3126 3040 3302 3103 ὄντες,
3326 3041 3430 3094 καὶ
3455 3038 3751 3095 καθέκαστον

497 3138 553 3192 in
594 3138 841 3209 quolibet
863 3148 1141 3194 sectarum
1174 3137 1489 3195 istiusmodi
1535 3138 1678 3203 loco,
1719 3136 1802 3193 sic
1832 3146 2090 3209 tanquam

2197 3139 2361 3193 τόπον
2389 3136 2501 3191 τῶν
2535 3135 2800 3209 αἱρέσεων
2824 3133 3050 3199 τούτων,
3081 3132 3272 3204 ὥσπερ
3299 3134 3362 3188 έν
3394 3133 3588 3204 Μερῤᾆ
3612 3130 3751 3200 τόπῳ.

494 3232 551 3288 in
587 3230 826 3299 Merrha,
853 3238 908 3287 et
944 3231 998 3285 in
1041 3229 1402 3287 iorinidolosa
1456 3244 1521 3286 ac
1573 3229 1825 3301 squalida
1858 3240 1912 3286 et
1952 3230 2090 3285 inac-

2199 3233 2295 3287 καὶ
2322 3231 2382 3283 ὲν
2410 3229 2552 3300 δίψει
2581 3229 2683 3301 τῆς
2711 3228 2949 3302 φοϐερᾶς
2971 3226 3173 3281 ἀϐάτου
3208 3227 3449 3298 ἐρήμου,
3481 3226 3569 3280 ἀεὶ
3597 3241 3753 3280 συναν-

496 3339 655 3382 cessa
686 3323 988 3380 solitudine
1011 3323 1052 3389 ',
1089 3324 1144 3378 in
1175 3322 1434 3394 obliquos
1467 3337 1532 3378 ac
1562 3331 1844 3379 tortuosos
1875 3322 2090 3378 illorum

2196 3324 2401 3390 τῶντες
2427 3326 2541 3388 τοῖς
2581 3322 2813 3386 σκολιοῖς
2844 3320 3025 3376 αὐτῶν
3058 3320 3255 3390 λόγοις.
3319 3320 3753 3392 Ἐπιφωνήοωμεν

496 3432 780 3473 santiones
805 3416 1238 3473 incurreremus.
1260 3413 1420 3471 Nunc
1446 3414 1583 3472 illud
1600 3415 1728 3485 jure
1747 3421 1943 3471 nostro
1968 3428 2090 3485 pro-

2198 3416 2296 3495 ιιαὶ
2338 3416 2530 3472 αύτοίσ
2582 3417 2693 3470 Ὃν
2740 3417 2968 3483 τρόπον
3012 3411 3283 3469 ἐπιποθεῖ
3330 3412 3374 3481 ἡ
3424 3413 3641 3484 ἔλαφος
3676 3409 3752 3463 ἐπὶ

496 3509 816 3565 nuntiemus
876 3527 891 3564 :
936 3506 1398 3577 Quemadmodum
1466 3506 1738 3563 desiderat
1794 3522 1974 3562 cervus
2028 3506 2090 3559 ad

2196 3510 2304 3576 τὰς
2333 3507 2528 3578 πηγὰς
2561 3507 2682 3561 τῶν
2703 3505 2962 3571 ὑδάτων,
2995 3504 3187 3572 οὕτως
3216 3505 3503 3561 ἐπιποθεῖ
3537 3507 3575 3573 ἡ
3612 3501 3750 3572 ψυχή

499 3601 669 3669 fontes
716 3586 1009 3668 aquarum.
1074 3600 1151 3656 ita
1203 3599 1472 3656 desiderat
1523 3599 1707 3653 anima
1761 3616 1880 3653 mea
1922 3596 1992 3653 ad
2025 3607 2090 3663 te,

2196 3616 2313 3670 μου
2338 3597 2490 3667 πρὸς
2522 3597 2619 3664 σὲ,
2661 3600 2695 3653 ὀ
2722 3597 2893 3664 ϐοός.
2927 3597 3038 3651 Καὶ
3065 3595 3258 3651 πάλιν·
3291 3598 3451 3652 Πότε
3489 3598 3651 3660 ἔλθω,
3677 3592 3752 3648 καί

498 3689 640 3747 Deus
667 3692 713 3745 ³.
757 3694 891 3748 Item
924 3711 939 3747 :
980 3691 1207 3757 Quando
1240 3693 1467 3758 veniam,
1492 3702 1543 3747 et
1577 3694 1838 3763 apparebo
1860 3701 1984 3746 ante
2008 3691 2090 3761 fa-

2197 3690 2539 3761 ὀφθήσομαι
2573 3689 2655 3756 τῷ
2684 3688 2982 3759 προσώπῳ
3009 3689 3115 3744 τοῦ
3144 3687 3332 3756 Θεοῦ;
3367 3689 3475 3745 Διὰ
3512 3691 3658 3744 τοῦτο
3682 3688 3753 3739 τά·

499 3785 631 3837 ciem
659 3782 757 3838 Dei
780 3783 840 3839 ‘i
865 3782 1011 3850 Quin
1054 3792 1108 3838 et
1141 3786 1256 3857 nos
1284 3783 1532 3854 ejusdem
1568 3784 1872 3855 Scriptura:
1914 3784 2090 3840 verbis

2197 3801 2311 3857 χιον
2346 3783 2441 3839 καὶ
2468 3783 2624 3838 αὐτοὶ
2656 3780 3134 3853 ἐπικύεσιῦμεθα,
3163 3782 3264 3853 ούχ
3293 3781 3373 3847 ὡς
3415 3784 3620 3845 ἐκεῖνος
3651 3779 3754 3833 ὲιιά-

501 3888 764 3943 sponsam
814 3887 1122 3949 vocemus,
1147 3889 1259 3928 non
1309 3882 1369 3929 ιιι
1413 3874 1506 3929 ille
1544 3875 1718 3945 ipsius
1748 3874 1998 3946 Sponsus
2032 3889 2090 3930 ac

2196 3876 2280 3931 λει
2319 3875 2420 3949 τὴν
2447 3875 2691 3948 νύμφην,
2735 3873 3177 3946 νυμφίος³αύτῆς
3202 3874 3519 3945 τυγχάνων,
3554 3873 3640 3927 καὶ
3667 3870 3753 3924 Κύο

502 3961 770 4020 Dominus
790 3973 846 4021 et
898 3980 997 4020 rex
1025 3972 1081 4022 et
1115 3964 1259 4021 Deus
1302 3975 1356 4021 et
1397 3974 1701 4037 protector,
1738 3966 1835 4023 sed
1886 3973 1944 4020 ut
1975 3966 2090 4036 ejus

2198 3986 2336 4041 ριος,
2392 3968 2489 4022 καὶ
2532 3966 2837 4037 Δεσπότης,
2895 3967 2993 4020 καὶ
3041 3963 3319 4035 βασιλεὺς,
3363 3967 3465 4020 καὶ
3498 3964 3641 4030 Θεὸς,
3681 3960 3753 4015 καὶ

510 4057 655 4111 servi
693 4055 887 4111 iisdem
918 4056 1122 4128 quibus
1153 4057 1271 4128 ipse
1303 4060 1488 4116 verbis
1518 4060 1668 4116 illam
1703 4063 2045 4135 appellemus
2075 4081 2091 4117 :

513 4146 643 4204 Veni
665 4155 731 4202 de
753 4146 982 4216 Libano,
1018 4166 1237 4218 sponsa,
1260 4153 1512 4224 quoniam
1555 4163 1669 4209 tota
1699 4153 1925 4226 pulchra
1946 4171 2022 4223 es,
2046 4165 2090 4212 et

2198 4150 2360 4223 μεθα,
2394 4148 2605 4221 συνῳδὰ
2632 4148 2711 4222 τῷ
2758 4148 2911 4220 αὐτῷ
2959 4148 3055 4226 καὶ
3095 4147 3253 4204 αὐτοὶ
3280 4149 3567 4219 λέγοντεςο
3602 4145 3754 4214 Δεῦρο

502 4238 719 4295 macula
767 4255 874 4294 non
914 4249 993 4296 est
1052 4242 1108 4296 in
1153 4251 1202 4296 te
1219 4242 1264 4300 '.
1296 4242 1559 4302 Paradise
1601 4247 1802 4302 summi
1844 4246 2090 4315 artiﬁcis,

2196 4245 2316 4300 ἀπὸ
2354 4242 2639 4309 Λιϐάνου,
2680 4243 2907 4313 νύμφη,
2943 4241 3035 4296 ὅτι
3081 4241 3197 4311 ὅλη
3226 4241 3389 4311 καλὴ
3431 4243 3506 4307 ετ,
3548 4242 3637 4297 καὶ
3658 4236 3753 4311 μῶ-

500 4334 683 4388 sancti
720 4334 867 4406 regis
897 4334 1116 4399 civitas,
1145 4335 1269 4407 puri
1295 4331 1602 4410 illibatiqu’e
1629 4336 1838 4395 Christi
1865 4355 2090 4411 sponsa,

2196 4353 2307 4406 μος
2335 4337 2446 4392 οὐκ
2479 4334 2653 4388 ἐστιν
2679 4334 2748 4388 ἐν
2776 4334 2898 4389 σοι.
2952 4332 3011 4388 '0
3053 4333 3385 4406 παράδεισος
3418 4333 3515 4388 τοῦ
3551 4331 3752 4403 μεγάλου

503 4424 817 4481 castissima
846 4426 1025 4498 virgo,
1057 4427 1154 4482 uni
1178 4442 1244 4484 ac
1269 4427 1535 4499 singulari
1559 4432 1681 4486 viro
1702 4430 1972 4503 desponsa
1999 4449 2090 4504 per

2196 4428 2463 4500 τεχνίτου,
2495 4428 2530 4500 ἡ
2558 4428 2714 4492 πόλις
2746 4425 2839 4481 τοῦ
2884 4426 3044 4498 ἁγίου
3076 4425 3358 4499 βασιλέως,
3393 4428 3429 4500 ἡ
3468 4427 3646 4499 νύμφη
3676 4420 3748 4477 τώ

504 4516 690 4584 Iidem,
731 4518 1013 4590 splendida
1047 4528 1102 4576 et
1149 4519 1380 4575 diluculi
1414 4521 1591 4578 instar
1614 4538 1936 4593 emergens;
1976 4525 2090 4597 pul-

2198 4520 2429 4576 ἀσπίλου
2456 4520 2716 4594 Χριστοῦ,
2755 4521 2790 4592 ἡ
2821 4518 3087 4592 παρθένος
3117 4520 3153 4591 ἡ
3202 4519 3363 4592 ἁγνὴ,
3404 4521 3554 4593 μόνῳ
3578 4520 3650 4574 ἑνὶ
3674 4519 3748 4572 άν-

502 4611 638 4665 cbra
670 4620 732 4666 ut
761 4611 913 4679 luna,
940 4612 1112 4667 electa
1163 4620 1224 4667 ut
1260 4613 1364 4677 sol,
1416 4613 1677 4669 terribilis
1702 4623 1762 4672 ut
1781 4621 2088 4673 castrorum

2196 4613 2286 4686 6p“.
2325 4615 2385 4668 ὲν
2435 4613 2618 4668 πίστει
2659 4612 3140 4687 μεμνηστευμένη,
3182 4614 3217 4685 ἠ
3267 4613 3535 4689 διαφανὴς
3565 4611 3651 4667 καί
3675 4612 3747 4664 ὲκ·

502 4701 651 4758 acies
695 4702 948 4757 ordinata
973 4703 996 4735 ⁸
1020 4721 1034 4758 :
1061 4716 1227 4774 quam
1266 4705 1468 4776 regina:
1507 4704 1725 4761 beatam
1762 4706 2087 4777 pradicant,

2198 4703 2479 4761 κύπτουσα
2526 4704 2661 4760 ὡσεὶ
2698 4704 2916 4779 ὄρθρος,
2963 4704 3105 4776 καλὴ
3139 4704 3217 4769 ὡς
3258 4704 3482 4778 σελήνη,
3525 4702 3750 4779 milia:

500 4799 558 4847 et
576 4793 903 4850 concubinae
923 4795 1227 4861 celebrant,
1250 4804 1311 4851 et
1329 4797 1525 4867 puellae
1544 4797 1864 4854 collaudant
1879 4799 1903 4832 ⁷
1925 4815 1943 4868 ;
1967 4814 2090 4871 qua:

2196 4797 2464 4871 ὲκλεκτὴ,
2517 4795 2728 4869 θάμϐος
2770 4796 2847 4862 ὼς
2897 4796 3232 4869 τεταγμένη,
3276 4798 3311 4867 ἡ
3368 4794 3747 4870 μακαριζομένη

2198 4060 2549 4134 ύπέρμαχος’
2585 4058 2703 4113 ἀλλ’
2733 4057 2809 4123 ὡς
2840 4056 3017 4112 δοῦλοι
3046 4056 3211 4111 αὐτοῦ
3246 4060 3415 4129 ἡμεῖς
3449 4053 3751 4113 ἐπικαλεσώ-

503 4883 758 4943 ascendis
798 4901 831 4943 e
878 4887 1122 4955 deserto,
1160 4888 1611 4960 splendidissimo
1641 4891 1882 4949 candore
1923 4892 2092 4951 collu-

502 4988 637 5031 cens
699 4984 755 5031 et
804 4980 996 5036 innixa
1043 4982 1474 5054 patruelizqua:
1518 4990 1927 5056 unguentorum
1974 4984 2091 5040 fra-

502 5068 773 5138 grantiam
804 5072 1016 5130 redoles
1048 5093 1062 5129 :
1091 5090 1212 5146 quae
1238 5075 1496 5133 ascendis
1525 5091 1556 5132 e
1578 5075 1801 5132 deserto
1825 5084 2089 5151 tanquam

508 5156 717 5228 virgula
743 5156 877 5213 fumi
902 5175 971 5216 ex
1001 5164 1237 5233 myrrhae
1265 5165 1557 5237 tburisque
1587 5164 1795 5231 suﬂitu,
1825 5175 1993 5238 atque
2023 5182 2090 5224 ex

503 5246 819 5303 aromatarii
871 5250 1199 5322 pulvisculo,
1256 5257 1350 5327 qui
1412 5257 1806 5313 suavissimum
1861 5255 2090 5313 odorem

501 5342 781 5396 exhalavit
804 5339 850 5398 '.
879 5342 1054 5410 Quem
1084 5344 1177 5398 illa
1214 5349 1523 5418 praevidebs
1552 5350 1773 5407 dicebat
1800 5368 1816 5407 :
1850 5347 2095 5423 Unguen-

502 5438 616 5487 tunt
653 5432 882 5503 e/j‘usum
920 5449 1109 5489 nomen
1144 5448 1294 5491 tuum
1323 5456 1341 5494 :
1369 5451 1644 5513 propterea
1680 5443 2091 5499 adolescentqu
2140 5457 2147 5464 '

499 5521 801 5580 dilexerunt
826 5536 877 5581 te
908 5526 954 5581 ⁹.
1009 5526 1146 5592 Quae
1195 5528 1267 5582 ad
1304 5529 1587 5588 dexteram
1648 5534 1794 5605 regis
1844 5532 2090 5604 assistis,

574 5705 594 5738 ¹
628 5704 738 5762 lsa.
778 5723 840 5770 ιι,
865 5707 921 5762 5.
1000 5708 1021 5740 ³
1050 5705 1225 5773 Exod.
1247 5724 1337 5772 xv,
1364 5708 1435 5764 23
1457 5725 1518 5780 sq
1561 5752 1576 5766 .

574 5771 716 5831 lant.
752 5791 835 5834 ιιι.
865 5778 920 5831 6.
985 5787 1007 5819 ο
1044 5779 1202 5834 Cant.
1238 5794 1277 5834 ι.
1300 5779 1358 5834 2.
1437 5780 1481 5814 ¹⁰

495 5763 518 5796 ³
553 5771 716 5831 Cant.
752 5763 838 5845 ιιι,
865 5778 920 5831 6.
985 5787 1007 5819 ο
1044 5768 1277 5845 Canta],
1300 5763 1358 5834 ἒ.
1418 5763 1576 5836 Diali.
1600 5763 1805 5854 αὔρας.

2194 4890 2306 4945 ἀπὸ
2334 4889 2445 4943 τῶν
2483 4889 2792 4961 βασιλίδων,
2829 4889 2922 4944 καὶ
2948 4888 3326 4961 ὲξυμνουμένη
3354 4889 3464 4944 ύπδ
3500 4888 3604 4942 τῶν
3636 4885 3748 4943 παλ-

2194 4982 2450 5048 λακίδων,
2507 4986 2541 5054 ή
2597 4983 2703 5037 ὑπὸ
2735 4981 2843 5037 τῶν
2889 4981 3205 5054 θυγατέρων
3247 4981 3635 5054 ἐπαινουμένη,
3675 4975 3749 5030 καὶ

2194 5074 2305 5129 ἀπὸ
2334 5074 2436 5145 τῆς
2482 5074 2693 5148 ἐρήμου
2721 5073 3083 5146 ἀνερχομένη,
3127 5073 3222 5128 καὶ
3259 5068 3744 5143 λελευκανθισμένησ

2195 5164 2292 5219 καὶ
2337 5165 2430 5218 ἐπὶ
2478 5165 2568 5220 τὸν
2612 5165 2929 5236 ἀδελφιδοῦν
2980 5166 3153 5237 αὐτῆς
3202 5165 3673 5239 ἐπιστηριζομένη,
3718 5159 3744 5229 ή

2198 5257 2388 5331 μύρων
2419 5256 2679 5322 πνέουσα,
2706 5259 2742 5330 ἡ
2798 5257 2907 5311 ἀπὸ
2935 5257 3038 5328 τῆς
3074 5258 3283 5330 ἐρήμου
3331 5257 3655 5331 ἀνερχομένη
3686 5252 3744 5314 ὡς

2197 5350 2426 5422 στελέχη
2459 5349 2670 5404 καπνοῦ
2722 5348 3098 5427 τεθυμιαμένη
3150 5349 3392 5423 σμύρναν
3434 5350 3530 5404 καὶ
3560 5346 3742 5403 λίϐανον

2198 5442 2307 5497 ἀπὸ
2341 5441 2635 5513 κονιορτῶν
2686 5441 2952 5515 μυρεψοῦ.
3000 5440 3095 5495 τοῦ
3138 5441 3426 5505 δεδωκότος
3453 5437 3643 5495 ἑαυτοῦ
3666 5435 3741 5506 τὴν

2198 5534 2476 5607 εύοδμίαν.
2517 5536 2615 5590 Ὃν
2662 5534 2954 5608 προορῶσα
2996 5533 3183 5604 ἔλεγε·
3216 5535 3418 5604 uapor
3442 5526 3740 5588 ἑκκενωϐἐν

1656 5711 1677 5783 ξ
1706 5712 1852 5768 Psal.
1887 5728 2003 5783 xu,
2037 5714 2090 5768 2.

2218 5711 2352 5770 ibid.
2378 5714 2432 5769 5.
2511 5714 2533 5748 ⁸
2563 5713 2725 5770 Cant.
2762 5730 2838 5780 tv,
2866 5713 2922 5773 8.
2999 5714 3020 5746 ⁸
3046 5715 3205 5771 Cant.
3239 5711 3397 5783 Vt,-9.
3472 5711 3495 5744 '
3525 5708 3648 5767 ibid.
3687 5705 3729 5760 8.
