  <div class='ocr_page' id='page_1' title='image "/cluster/home/n/w/nwhite01/storage/ocr_20150623/42:no.2/coo.31924054869403/394.png"; bbox 0 0 3958 6406; ppageno 0'>
   <div class='ocr_carea' id='block_1_1' title="bbox 244 409 347 464">
    <p class='ocr_par' dir='ltr' id='par_1_1' title="bbox 244 409 347 464">
     <span class='ocr_line' id='line_1_1' title="bbox 244 409 347 464; baseline -0.029 0"><span class='ocrx_word' id='word_1_1' title='bbox 244 409 347 464; x_wconf 81' lang='grc' dir='ltr'><strong><em>ΤΠ</em></strong></span> 
     </span>
    </p>
   </div>
   <div class='ocr_carea' id='block_1_2' title="bbox 785 403 2879 471">
    <p class='ocr_par' dir='ltr' id='par_1_2' title="bbox 785 403 2879 471">
     <span class='ocr_line' id='line_1_2' title="bbox 785 403 2879 471; baseline 0.005 -11"><span class='ocrx_word' id='word_1_2' title='bbox 785 403 1155 462; x_wconf 73' lang='lat' dir='ltr'><strong>ADVERSUS</strong></span> <span class='ocrx_word' id='word_1_3' title='bbox 1186 403 1530 461; x_wconf 58' lang='lat' dir='ltr'><strong>&quot;ERESES</strong></span> <span class='ocrx_word' id='word_1_4' title='bbox 1572 404 1697 459; x_wconf 80' lang='lat' dir='ltr'><strong>LIB.</strong></span> <span class='ocrx_word' id='word_1_5' title='bbox 1727 404 1812 458; x_wconf 82' lang='lat' dir='ltr'><strong>HI.</strong></span> <span class='ocrx_word' id='word_1_6' title='bbox 1853 404 2016 460; x_wconf 82' lang='grc' dir='ltr'>ΤΟΜ.</span> <span class='ocrx_word' id='word_1_7' title='bbox 2062 406 2122 462; x_wconf 86' lang='lat' dir='ltr'><strong>ll.</strong></span> <span class='ocrx_word' id='word_1_8' title='bbox 2165 440 2236 453; x_wconf 86' lang='grc'><strong>--</strong></span> <span class='ocrx_word' id='word_1_9' title='bbox 2275 409 2642 469; x_wconf 76' lang='lat' dir='ltr'><strong>EXI’OSITIO</strong></span> <span class='ocrx_word' id='word_1_10' title='bbox 2682 413 2879 471; x_wconf 80' lang='lat' dir='ltr'><strong>FIDEI.</strong></span> 
     </span>
    </p>
   </div>
   <div class='ocr_carea' id='block_1_3' title="bbox 3403 431 3504 486">
    <p class='ocr_par' dir='ltr' id='par_1_3' title="bbox 3403 431 3504 486">
     <span class='ocr_line' id='line_1_3' title="bbox 3403 431 3504 486; baseline 0.069 -7"><span class='ocrx_word' id='word_1_11' title='bbox 3403 431 3504 486; x_wconf 74' lang='grc'><strong>778</strong></span> 
     </span>
    </p>
   </div>
   <div class='ocr_carea' id='block_1_4' title="bbox 239 515 1800 596">
    <p class='ocr_par' dir='ltr' id='par_1_4' title="bbox 239 519 1800 588">
     <span class='ocr_line' id='line_1_4' title="bbox 239 519 1800 588; baseline -0.003 -14"><span class='ocrx_word' id='word_1_12' title='bbox 239 521 429 587; x_wconf 77' lang='grc' dir='ltr'>ὄνομά</span> <span class='ocrx_word' id='word_1_13' title='bbox 479 535 609 584; x_wconf 81' lang='grc' dir='ltr'>σοι,</span> <span class='ocrx_word' id='word_1_14' title='bbox 659 519 756 574; x_wconf 78' lang='grc' dir='ltr'>διὰ</span> <span class='ocrx_word' id='word_1_15' title='bbox 804 521 981 574; x_wconf 71' lang='grc' dir='ltr'>τοῦτο</span> <span class='ocrx_word' id='word_1_16' title='bbox 1027 520 1300 586; x_wconf 70' lang='grc' dir='ltr'>νεάνιδες</span> <span class='ocrx_word' id='word_1_17' title='bbox 1344 519 1672 588; x_wconf 74' lang='grc' dir='ltr'>ἡγάπησάν</span> <span class='ocrx_word' id='word_1_18' title='bbox 1727 535 1800 571; x_wconf 79' lang='grc' dir='ltr'><strong>σε</strong></span> 
     </span>
    </p>
   </div>
   <div class='ocr_carea' id='block_1_5' title="bbox 1908 515 3509 596">
    <p class='ocr_par' dir='ltr' id='par_1_5' title="bbox 1934 515 3509 596">
     <span class='ocr_line' id='line_1_5' title="bbox 1934 515 3509 596; baseline 0.011 -27"><span class='ocrx_word' id='word_1_19' title='bbox 1934 515 2223 576; x_wconf 88' lang='lat' dir='ltr'><strong>ﬁmbriatis</strong></span> <span class='ocrx_word' id='word_1_20' title='bbox 2273 522 2464 577; x_wconf 87' lang='lat' dir='ltr'><strong>induta</strong></span> <span class='ocrx_word' id='word_1_21' title='bbox 2499 528 2747 583; x_wconf 81' lang='lat' dir='ltr'><strong>vestibus</strong></span> <span class='ocrx_word' id='word_1_22' title='bbox 2771 531 2811 594; x_wconf 92' lang='grc'><strong>¹,</strong></span> <span class='ocrx_word' id='word_1_23' title='bbox 2859 540 2912 584; x_wconf 92' lang='lat' dir='ltr'><strong>et</strong></span> <span class='ocrx_word' id='word_1_24' title='bbox 2950 531 3174 588; x_wconf 89' lang='lat' dir='ltr'><strong>intextis</strong></span> <span class='ocrx_word' id='word_1_25' title='bbox 3217 546 3378 596; x_wconf 85' lang='lat' dir='ltr'><strong>auro,</strong></span> <span class='ocrx_word' id='word_1_26' title='bbox 3413 549 3509 586; x_wconf 71' lang='lat' dir='ltr'><strong>va-</strong></span> 
     </span>
    </p>
   </div>
   <div class='ocr_carea' id='block_1_6' title="bbox 247 611 1820 683">
    <p class='ocr_par' dir='ltr' id='par_1_6' title="bbox 247 611 1820 683">
     <span class='ocr_line' id='line_1_6' title="bbox 247 611 1820 683; baseline -0.003 -16"><span class='ocrx_word' id='word_1_27' title='bbox 247 614 314 667; x_wconf 84' lang='grc' dir='ltr'><strong>Ἦ</strong></span> <span class='ocrx_word' id='word_1_28' title='bbox 367 615 626 683; x_wconf 79' lang='grc' dir='ltr'>ἑστηκυῖα</span> <span class='ocrx_word' id='word_1_29' title='bbox 675 616 739 666; x_wconf 81' lang='grc' dir='ltr'>ὲκ</span> <span class='ocrx_word' id='word_1_30' title='bbox 801 613 987 680; x_wconf 81' lang='grc' dir='ltr'>δεξιῶν</span> <span class='ocrx_word' id='word_1_31' title='bbox 1036 615 1128 666; x_wconf 82' lang='grc' dir='ltr'>τοῦ</span> <span class='ocrx_word' id='word_1_32' title='bbox 1184 613 1463 683; x_wconf 84' lang='grc' dir='ltr'>βασιλέως,</span> <span class='ocrx_word' id='word_1_33' title='bbox 1500 611 1820 682; x_wconf 79' lang='grc' dir='ltr'>ἐνδεδυμένη</span> 
     </span>
    </p>
   </div>
   <div class='ocr_carea' id='block_1_7' title="bbox 237 703 1821 776">
    <p class='ocr_par' dir='ltr' id='par_1_7' title="bbox 237 703 1821 776">
     <span class='ocr_line' id='line_1_7' title="bbox 237 703 1821 776; baseline -0.003 -18"><span class='ocrx_word' id='word_1_34' title='bbox 237 706 546 776; x_wconf 76' lang='grc' dir='ltr'>κροσσωτά,</span> <span class='ocrx_word' id='word_1_35' title='bbox 587 705 897 775; x_wconf 73' lang='grc' dir='ltr'><strong>διαχρύσοις</strong></span> <span class='ocrx_word' id='word_1_36' title='bbox 945 706 1364 775; x_wconf 70' lang='grc' dir='ltr'><strong>πεποικιλμένη,</strong></span> <span class='ocrx_word' id='word_1_37' title='bbox 1401 706 1432 774; x_wconf 81' lang='grc' dir='ltr'>ἡ</span> <span class='ocrx_word' id='word_1_38' title='bbox 1486 703 1650 773; x_wconf 80' lang='grc' dir='ltr'>μηδὲν</span> <span class='ocrx_word' id='word_1_39' title='bbox 1695 720 1821 755; x_wconf 87' lang='grc' dir='ltr'>σκο-</span> 
     </span>
    </p>
   </div>
   <div class='ocr_carea' id='block_1_8' title="bbox 238 793 1820 865">
    <p class='ocr_par' dir='ltr' id='par_1_8' title="bbox 238 793 1820 865">
     <span class='ocr_line' id='line_1_8' title="bbox 238 793 1820 865; baseline -0.004 -17"><span class='ocrx_word' id='word_1_40' title='bbox 238 795 410 848; x_wconf 77' lang='grc' dir='ltr'>τεινὸν</span> <span class='ocrx_word' id='word_1_41' title='bbox 446 795 664 864; x_wconf 80' lang='grc' dir='ltr'>ἔχουσα.</span> <span class='ocrx_word' id='word_1_42' title='bbox 700 796 836 848; x_wconf 64' lang='lat' dir='ltr'><strong>ﬂori:</strong></span> <span class='ocrx_word' id='word_1_43' title='bbox 870 796 925 848; x_wconf 82' lang='grc' dir='ltr'><strong>δὲ</strong></span> <span class='ocrx_word' id='word_1_44' title='bbox 961 795 1410 865; x_wconf 80' lang='grc' dir='ltr'>μεμελανωμὲνη,</span> <span class='ocrx_word' id='word_1_45' title='bbox 1451 795 1565 846; x_wconf 79' lang='grc' dir='ltr'>νυνὶ</span> <span class='ocrx_word' id='word_1_46' title='bbox 1596 793 1650 846; x_wconf 82' lang='grc' dir='ltr'><strong>δὲ</strong></span> <span class='ocrx_word' id='word_1_47' title='bbox 1683 794 1820 862; x_wconf 82' lang='grc' dir='ltr'>καλὴ</span> 
     </span>
    </p>
   </div>
   <div class='ocr_carea' id='block_1_9' title="bbox 237 885 1819 957">
    <p class='ocr_par' dir='ltr' id='par_1_9' title="bbox 237 885 1819 957">
     <span class='ocr_line' id='line_1_9' title="bbox 237 885 1819 957; baseline 0.001 -19"><span class='ocrx_word' id='word_1_48' title='bbox 237 887 332 938; x_wconf 76' lang='grc' dir='ltr'><strong>καὶ</strong></span> <span class='ocrx_word' id='word_1_49' title='bbox 361 885 878 956; x_wconf 75' lang='grc' dir='ltr'>λελευκανθισμένη·</span> <span class='ocrx_word' id='word_1_50' title='bbox 915 888 1001 940; x_wconf 81' lang='grc' dir='ltr'><strong>ἵνα</strong></span> <span class='ocrx_word' id='word_1_51' title='bbox 1030 890 1087 940; x_wconf 82' lang='grc' dir='ltr'>ὲν</span> <span class='ocrx_word' id='word_1_52' title='bbox 1134 890 1212 940; x_wconf 70' lang='grc' dir='ltr'><strong>σοι</strong></span> <span class='ocrx_word' id='word_1_53' title='bbox 1241 886 1520 957; x_wconf 69' lang='grc' dir='ltr'>γενόμενοι</span> <span class='ocrx_word' id='word_1_54' title='bbox 1552 887 1819 956; x_wconf 59' lang='grc' dir='ltr'>λωφήσω-</span> 
     </span>
    </p>
   </div>
   <div class='ocr_carea' id='block_1_10' title="bbox 239 977 1823 1050">
    <p class='ocr_par' dir='ltr' id='par_1_10' title="bbox 239 977 1823 1050">
     <span class='ocr_line' id='line_1_10' title="bbox 239 977 1823 1050; baseline -0.001 -21"><span class='ocrx_word' id='word_1_55' title='bbox 239 994 340 1046; x_wconf 87' lang='grc' dir='ltr'><strong>μεν</strong></span> <span class='ocrx_word' id='word_1_56' title='bbox 387 978 494 1030; x_wconf 87' lang='grc' dir='ltr'><strong>τῶν</strong></span> <span class='ocrx_word' id='word_1_57' title='bbox 529 979 950 1050; x_wconf 80' lang='grc' dir='ltr'>προδιελθὸντων</span> <span class='ocrx_word' id='word_1_58' title='bbox 996 981 1140 1049; x_wconf 82' lang='grc' dir='ltr'>ἡμᾶς</span> <span class='ocrx_word' id='word_1_59' title='bbox 1191 978 1467 1048; x_wconf 77' lang='grc' dir='ltr'><strong>στυγερῶν</strong></span> <span class='ocrx_word' id='word_1_60' title='bbox 1514 978 1624 1031; x_wconf 89' lang='grc' dir='ltr'><strong>τῶν</strong></span> <span class='ocrx_word' id='word_1_61' title='bbox 1673 977 1823 1048; x_wconf 83' lang='grc' dir='ltr'>αἱρέ-</span> 
     </span>
    </p>
   </div>
   <div class='ocr_carea' id='block_1_11' title="bbox 237 1069 1821 1140">
    <p class='ocr_par' dir='ltr' id='par_1_11' title="bbox 237 1069 1821 1140">
     <span class='ocr_line' id='line_1_11' title="bbox 237 1069 1821 1140; baseline -0.001 -18"><span class='ocrx_word' id='word_1_62' title='bbox 237 1087 376 1123; x_wconf 86' lang='grc' dir='ltr'>σεων</span> <span class='ocrx_word' id='word_1_63' title='bbox 421 1071 784 1140; x_wconf 74' lang='grc' dir='ltr'><strong>πραγμάτων,</strong></span> <span class='ocrx_word' id='word_1_64' title='bbox 832 1071 923 1124; x_wconf 68' lang='grc' dir='ltr'>καὶ</span> <span class='ocrx_word' id='word_1_65' title='bbox 956 1072 1319 1140; x_wconf 77' lang='grc' dir='ltr'>ἡσυχάσωμεν</span> <span class='ocrx_word' id='word_1_66' title='bbox 1364 1069 1470 1122; x_wconf 77' lang='grc' dir='ltr'>ἀπὸ</span> <span class='ocrx_word' id='word_1_67' title='bbox 1507 1069 1684 1122; x_wconf 85' lang='grc' dir='ltr'>σάλων</span> <span class='ocrx_word' id='word_1_68' title='bbox 1723 1069 1821 1138; x_wconf 79' lang='grc' dir='ltr'>τῆς</span> 
     </span>
    </p>
   </div>
   <div class='ocr_carea' id='block_1_12' title="bbox 233 1158 1820 1230">
    <p class='ocr_par' dir='ltr' id='par_1_12' title="bbox 233 1158 1820 1230">
     <span class='ocr_line' id='line_1_12' title="bbox 233 1158 1820 1230; baseline 0.001 -20"><span class='ocrx_word' id='word_1_69' title='bbox 233 1159 343 1210; x_wconf 83' lang='grc' dir='ltr'><strong>τῶν</strong></span> <span class='ocrx_word' id='word_1_70' title='bbox 377 1159 554 1212; x_wconf 85' lang='grc' dir='ltr'>αὑτῶν</span> <span class='ocrx_word' id='word_1_71' title='bbox 583 1161 899 1230; x_wconf 85' lang='grc' dir='ltr'>τρικυμίας,</span> <span class='ocrx_word' id='word_1_72' title='bbox 933 1161 1028 1212; x_wconf 80' lang='grc' dir='ltr'>καὶ</span> <span class='ocrx_word' id='word_1_73' title='bbox 1057 1160 1420 1229; x_wconf 74' lang='grc' dir='ltr'>ἀναψὺξωμεν</span> <span class='ocrx_word' id='word_1_74' title='bbox 1456 1161 1513 1211; x_wconf 78' lang='grc' dir='ltr'>ἐν</span> <span class='ocrx_word' id='word_1_75' title='bbox 1556 1159 1656 1222; x_wconf 63' lang='grc' dir='ltr'>σοι,</span> <span class='ocrx_word' id='word_1_76' title='bbox 1688 1158 1820 1226; x_wconf 83' lang='grc' dir='ltr'>ἁγία</span> 
     </span>
    </p>
   </div>
   <div class='ocr_carea' id='block_1_13' title="bbox 238 1249 1814 1322">
    <p class='ocr_par' dir='ltr' id='par_1_13' title="bbox 238 1249 1814 1322">
     <span class='ocr_line' id='line_1_13' title="bbox 238 1249 1814 1322; baseline 0 -20"><span class='ocrx_word' id='word_1_77' title='bbox 238 1256 424 1322; x_wconf 69' lang='grc' dir='ltr'>μήτηρ</span> <span class='ocrx_word' id='word_1_78' title='bbox 465 1252 620 1322; x_wconf 83' lang='grc' dir='ltr'>ἡμῶν</span> <span class='ocrx_word' id='word_1_79' title='bbox 661 1253 977 1322; x_wconf 79' lang='grc' dir='ltr'><strong>Ἐκκλησία,</strong></span> <span class='ocrx_word' id='word_1_80' title='bbox 1011 1253 1104 1305; x_wconf 75' lang='grc' dir='ltr'><strong>καὶ</strong></span> <span class='ocrx_word' id='word_1_81' title='bbox 1134 1253 1190 1302; x_wconf 86' lang='grc' dir='ltr'>ὲν</span> <span class='ocrx_word' id='word_1_82' title='bbox 1239 1254 1305 1320; x_wconf 83' lang='grc' dir='ltr'>τῇ</span> <span class='ocrx_word' id='word_1_83' title='bbox 1343 1251 1474 1320; x_wconf 69' lang='grc' dir='ltr'>ἁγία</span> <span class='ocrx_word' id='word_1_84' title='bbox 1505 1251 1563 1301; x_wconf 78' lang='grc' dir='ltr'>ἐν</span> <span class='ocrx_word' id='word_1_85' title='bbox 1614 1250 1696 1302; x_wconf 77' lang='grc' dir='ltr'><strong>σοὶ</strong></span> <span class='ocrx_word' id='word_1_86' title='bbox 1745 1249 1814 1302; x_wconf 83' lang='grc' dir='ltr'>δι-</span> 
     </span>
    </p>
   </div>
   <div class='ocr_carea' id='block_1_14' title="bbox 231 1340 1821 1415">
    <p class='ocr_par' dir='ltr' id='par_1_14' title="bbox 231 1340 1821 1415">
     <span class='ocr_line' id='line_1_14' title="bbox 231 1340 1821 1415; baseline -0.002 -21"><span class='ocrx_word' id='word_1_87' title='bbox 231 1344 525 1414; x_wconf 74' lang='grc' dir='ltr'>δασκαλίᾳ,</span> <span class='ocrx_word' id='word_1_88' title='bbox 563 1345 654 1396; x_wconf 75' lang='grc' dir='ltr'>καὶ</span> <span class='ocrx_word' id='word_1_89' title='bbox 686 1343 817 1414; x_wconf 73' lang='grc' dir='ltr'>ἁγίᾳ</span> <span class='ocrx_word' id='word_1_90' title='bbox 865 1345 960 1396; x_wconf 73' lang='grc' dir='ltr'><strong>καὶ</strong></span> <span class='ocrx_word' id='word_1_91' title='bbox 1009 1343 1145 1415; x_wconf 78' lang='grc' dir='ltr'>μόνῃ</span> <span class='ocrx_word' id='word_1_92' title='bbox 1190 1344 1371 1394; x_wconf 83' lang='grc' dir='ltr'>πίστει</span> <span class='ocrx_word' id='word_1_93' title='bbox 1412 1341 1548 1393; x_wconf 76' lang='grc' dir='ltr'>Θεοῦ</span> <span class='ocrx_word' id='word_1_94' title='bbox 1590 1343 1645 1392; x_wconf 76' lang='grc' dir='ltr'>ἐν</span> <span class='ocrx_word' id='word_1_95' title='bbox 1689 1340 1821 1410; x_wconf 83' lang='grc' dir='ltr'>άλη-</span> 
     </span>
    </p>
   </div>
   <div class='ocr_carea' id='block_1_15' title="bbox 234 1433 1819 1508">
    <p class='ocr_par' dir='ltr' id='par_1_15' title="bbox 234 1433 1819 1508">
     <span class='ocr_line' id='line_1_15' title="bbox 234 1433 1819 1508; baseline -0.005 -18"><span class='ocrx_word' id='word_1_96' title='bbox 234 1439 375 1508; x_wconf 82' lang='grc' dir='ltr'>θείᾳ,</span> <span class='ocrx_word' id='word_1_97' title='bbox 427 1436 583 1489; x_wconf 78' lang='grc' dir='ltr'>Ἀλλὰ</span> <span class='ocrx_word' id='word_1_98' title='bbox 611 1435 845 1506; x_wconf 80' lang='grc' dir='ltr'>ἄρξομαι</span> <span class='ocrx_word' id='word_1_99' title='bbox 884 1434 1014 1505; x_wconf 69' lang='grc' dir='ltr'>περὶ</span> <span class='ocrx_word' id='word_1_100' title='bbox 1042 1435 1242 1503; x_wconf 81' lang='grc' dir='ltr'><strong>ταύτης</strong></span> <span class='ocrx_word' id='word_1_101' title='bbox 1285 1435 1381 1503; x_wconf 75' lang='grc' dir='ltr'>τῆς</span> <span class='ocrx_word' id='word_1_102' title='bbox 1419 1433 1582 1499; x_wconf 79' lang='grc' dir='ltr'>ἁγίας</span> <span class='ocrx_word' id='word_1_103' title='bbox 1610 1433 1819 1493; x_wconf 68' lang='grc' dir='ltr'>πόλεως</span> 
     </span>
    </p>
   </div>
   <div class='ocr_carea' id='block_1_16' title="bbox 225 1522 1818 1596">
    <p class='ocr_par' dir='ltr' id='par_1_16' title="bbox 225 1522 1818 1596">
     <span class='ocr_line' id='line_1_16' title="bbox 225 1522 1818 1596; baseline -0.001 -20"><span class='ocrx_word' id='word_1_104' title='bbox 225 1527 364 1578; x_wconf 63' lang='grc' dir='ltr'><strong>(ι)εοῦ</strong></span> <span class='ocrx_word' id='word_1_105' title='bbox 393 1526 460 1578; x_wconf 73' lang='grc' dir='ltr'>τὰ</span> <span class='ocrx_word' id='word_1_106' title='bbox 503 1525 791 1593; x_wconf 83' lang='grc' dir='ltr'>θαυμαστὰ</span> <span class='ocrx_word' id='word_1_107' title='bbox 819 1523 1164 1596; x_wconf 79' lang='grc' dir='ltr'><strong>διηγεῖσθαι·</strong></span> <span class='ocrx_word' id='word_1_108' title='bbox 1206 1524 1272 1576; x_wconf 76' lang='grc' dir='ltr'>τὰ</span> <span class='ocrx_word' id='word_1_109' title='bbox 1317 1524 1425 1593; x_wconf 73' lang='grc' dir='ltr'><strong>γὰρ</strong></span> <span class='ocrx_word' id='word_1_110' title='bbox 1458 1522 1818 1592; x_wconf 77' lang='grc' dir='ltr'>δεδοξασμένα</span> 
     </span>
    </p>
   </div>
   <div class='ocr_carea' id='block_1_17' title="bbox 225 1615 1810 1687">
    <p class='ocr_par' dir='ltr' id='par_1_17' title="bbox 225 1615 1810 1687">
     <span class='ocr_line' id='line_1_17' title="bbox 225 1615 1810 1687; baseline 0 -19"><span class='ocrx_word' id='word_1_111' title='bbox 225 1617 462 1687; x_wconf 82' lang='grc' dir='ltr'>ἐλαλήθη</span> <span class='ocrx_word' id='word_1_112' title='bbox 512 1617 639 1683; x_wconf 72' lang='grc' dir='ltr'>περὶ</span> <span class='ocrx_word' id='word_1_113' title='bbox 683 1615 877 1684; x_wconf 79' lang='grc' dir='ltr'>αὐτῆς,</span> <span class='ocrx_word' id='word_1_114' title='bbox 931 1616 1005 1678; x_wconf 83' lang='grc' dir='ltr'>ὼς</span> <span class='ocrx_word' id='word_1_115' title='bbox 1045 1615 1209 1686; x_wconf 76' lang='grc' dir='ltr'>φησὶν</span> <span class='ocrx_word' id='word_1_116' title='bbox 1256 1617 1284 1666; x_wconf 92' lang='lat'><strong>6</strong></span> <span class='ocrx_word' id='word_1_117' title='bbox 1332 1616 1656 1686; x_wconf 71' lang='grc' dir='ltr'>Προφήτης·</span> <span class='ocrx_word' id='word_1_118' title='bbox 1712 1619 1810 1668; x_wconf 84' lang='grc' dir='ltr'><strong>Δε-</strong></span> 
     </span>
    </p>
   </div>
   <div class='ocr_carea' id='block_1_18' title="bbox 222 1705 1809 1776">
    <p class='ocr_par' dir='ltr' id='par_1_18' title="bbox 222 1705 1809 1776">
     <span class='ocr_line' id='line_1_18' title="bbox 222 1705 1809 1776; baseline -0.001 -16"><span class='ocrx_word' id='word_1_119' title='bbox 222 1708 572 1776; x_wconf 73' lang='grc' dir='ltr'>δοξιισμένα</span> <span class='ocrx_word' id='word_1_120' title='bbox 626 1708 894 1775; x_wconf 71' lang='grc' dir='ltr'>ἐλαλήθη</span> <span class='ocrx_word' id='word_1_121' title='bbox 959 1711 1090 1775; x_wconf 78' lang='grc' dir='ltr'>,περὶ</span> <span class='ocrx_word' id='word_1_122' title='bbox 1151 1707 1302 1768; x_wconf 82' lang='grc' dir='ltr'>σοῦ,</span> <span class='ocrx_word' id='word_1_123' title='bbox 1362 1709 1400 1774; x_wconf 73' lang='grc' dir='ltr'><em>ὴ</em></span> <span class='ocrx_word' id='word_1_124' title='bbox 1472 1710 1649 1772; x_wconf 74' lang='grc' dir='ltr'>πόλις</span> <span class='ocrx_word' id='word_1_125' title='bbox 1701 1705 1809 1759; x_wconf 80' lang='grc' dir='ltr'>τοῦ</span> 
     </span>
    </p>
   </div>
   <div class='ocr_carea' id='block_1_19' title="bbox 225 1797 1807 1870">
    <p class='ocr_par' dir='ltr' id='par_1_19' title="bbox 225 1797 1807 1870">
     <span class='ocr_line' id='line_1_19' title="bbox 225 1797 1807 1870; baseline -0.004 -16"><span class='ocrx_word' id='word_1_126' title='bbox 225 1801 398 1854; x_wconf 70' lang='grc' dir='ltr'>Θεοῦ.</span> <span class='ocrx_word' id='word_1_127' title='bbox 463 1799 794 1870; x_wconf 82' lang='grc' dir='ltr'>’Λνθρῶποις</span> <span class='ocrx_word' id='word_1_128' title='bbox 828 1802 924 1870; x_wconf 83' lang='grc' dir='ltr'><strong>μὲν</strong></span> <span class='ocrx_word' id='word_1_129' title='bbox 953 1801 1119 1851; x_wconf 74' lang='grc' dir='ltr'>πᾶσιν</span> <span class='ocrx_word' id='word_1_130' title='bbox 1152 1800 1439 1867; x_wconf 72' lang='grc' dir='ltr'><strong>ἀνέφικτα,</strong></span> <span class='ocrx_word' id='word_1_131' title='bbox 1467 1799 1714 1860; x_wconf 85' lang='grc' dir='ltr'>απίστοις</span> <span class='ocrx_word' id='word_1_132' title='bbox 1750 1797 1807 1849; x_wconf 81' lang='grc' dir='ltr'>δὲ</span> 
     </span>
    </p>
   </div>
   <div class='ocr_carea' id='block_1_20' title="bbox 1929 610 3506 687">
    <p class='ocr_par' dir='ltr' id='par_1_20' title="bbox 1929 610 3506 687">
     <span class='ocr_line' id='line_1_20' title="bbox 1929 610 3506 687; baseline 0.011 -25"><span class='ocrx_word' id='word_1_133' title='bbox 1929 610 2134 682; x_wconf 88' lang='lat' dir='ltr'><strong>riisque</strong></span> <span class='ocrx_word' id='word_1_134' title='bbox 2182 615 2443 683; x_wconf 89' lang='lat' dir='ltr'><strong>perpolita</strong></span> <span class='ocrx_word' id='word_1_135' title='bbox 2478 635 2489 669; x_wconf 92' lang='lat'><strong>:</strong></span> <span class='ocrx_word' id='word_1_136' title='bbox 2527 633 2647 686; x_wconf 79' lang='lat' dir='ltr'><strong>quae</strong></span> <span class='ocrx_word' id='word_1_137' title='bbox 2688 621 3087 675; x_wconf 80' lang='lat' dir='ltr'><strong>tenebricosum</strong></span> <span class='ocrx_word' id='word_1_138' title='bbox 3127 623 3260 676; x_wconf 86' lang='lat' dir='ltr'><strong>nihil</strong></span> <span class='ocrx_word' id='word_1_139' title='bbox 3313 623 3506 687; x_wconf 83' lang='lat' dir='ltr'><strong>habes,</strong></span> 
     </span>
    </p>
   </div>
   <div class='ocr_carea' id='block_1_21' title="bbox 1927 705 3509 783">
    <p class='ocr_par' dir='ltr' id='par_1_21' title="bbox 1927 705 3509 783">
     <span class='ocr_line' id='line_1_21' title="bbox 1927 705 3509 783; baseline 0.009 -28"><span class='ocrx_word' id='word_1_140' title='bbox 1927 712 2021 757; x_wconf 86' lang='lat' dir='ltr'><strong>aut</strong></span> <span class='ocrx_word' id='word_1_141' title='bbox 2084 705 2400 762; x_wconf 88' lang='lat' dir='ltr'><strong>obscurum.</strong></span> <span class='ocrx_word' id='word_1_142' title='bbox 2459 709 2590 773; x_wconf 80' lang='lat' dir='ltr'><strong>Quae</strong></span> <span class='ocrx_word' id='word_1_143' title='bbox 2645 711 2864 780; x_wconf 78' lang='lat' dir='ltr'><strong>nigrore</strong></span> <span class='ocrx_word' id='word_1_144' title='bbox 2911 714 3183 782; x_wconf 88' lang='lat' dir='ltr'><strong>quondam</strong></span> <span class='ocrx_word' id='word_1_145' title='bbox 3250 715 3509 783; x_wconf 68' lang='lat' dir='ltr'><strong>inl‘et-ta’,</strong></span> 
     </span>
    </p>
   </div>
   <div class='ocr_carea' id='block_1_22' title="bbox 1927 799 3509 880">
    <p class='ocr_par' dir='ltr' id='par_1_22' title="bbox 1927 799 3509 880">
     <span class='ocr_line' id='line_1_22' title="bbox 1927 799 3509 880; baseline 0.012 -32"><span class='ocrx_word' id='word_1_146' title='bbox 1927 799 2151 865; x_wconf 89' lang='lat' dir='ltr'><strong>pulchra</strong></span> <span class='ocrx_word' id='word_1_147' title='bbox 2201 816 2346 853; x_wconf 87' lang='lat' dir='ltr'><strong>nunc</strong></span> <span class='ocrx_word' id='word_1_148' title='bbox 2394 817 2452 855; x_wconf 89' lang='lat' dir='ltr'><strong>es</strong></span> <span class='ocrx_word' id='word_1_149' title='bbox 2501 810 2553 856; x_wconf 90' lang='lat' dir='ltr'><strong>et</strong></span> <span class='ocrx_word' id='word_1_150' title='bbox 2588 804 2843 869; x_wconf 83' lang='lat' dir='ltr'><strong>candida,</strong></span> <span class='ocrx_word' id='word_1_151' title='bbox 2880 814 2938 859; x_wconf 91' lang='lat' dir='ltr'><strong>ut</strong></span> <span class='ocrx_word' id='word_1_152' title='bbox 2969 824 3090 860; x_wconf 92' lang='lat' dir='ltr'><strong>cum</strong></span> <span class='ocrx_word' id='word_1_153' title='bbox 3118 809 3184 862; x_wconf 87' lang='lat' dir='ltr'><strong>ad</strong></span> <span class='ocrx_word' id='word_1_154' title='bbox 3233 816 3284 864; x_wconf 88' lang='lat' dir='ltr'><strong>te</strong></span> <span class='ocrx_word' id='word_1_155' title='bbox 3313 827 3509 880; x_wconf 86' lang='lat' dir='ltr'><strong>perve-</strong></span> 
     </span>
    </p>
   </div>
   <div class='ocr_carea' id='block_1_23' title="bbox 1927 889 3506 972">
    <p class='ocr_par' dir='ltr' id='par_1_23' title="bbox 1927 889 3506 972">
     <span class='ocr_line' id='line_1_23' title="bbox 1927 889 3506 972; baseline 0.011 -30"><span class='ocrx_word' id='word_1_156' title='bbox 1927 889 2231 965; x_wconf 70' lang='lat' dir='ltr'><strong>nerimus,a</strong></span> <span class='ocrx_word' id='word_1_157' title='bbox 2266 892 2602 948; x_wconf 87' lang='lat' dir='ltr'><strong>tristissimis</strong></span> <span class='ocrx_word' id='word_1_158' title='bbox 2635 895 2743 950; x_wconf 89' lang='lat' dir='ltr'><strong>illis</strong></span> <span class='ocrx_word' id='word_1_159' title='bbox 2773 896 3051 951; x_wconf 78' lang='lat' dir='ltr'><strong>haereseon</strong></span> <span class='ocrx_word' id='word_1_160' title='bbox 3080 900 3348 955; x_wconf 81' lang='lat' dir='ltr'><strong>molestiis</strong></span> <span class='ocrx_word' id='word_1_161' title='bbox 3371 919 3506 972; x_wconf 64' lang='lat' dir='ltr'><strong>quam</strong></span> 
     </span>
    </p>
   </div>
   <div class='ocr_carea' id='block_1_24' title="bbox 1926 980 3508 1058">
    <p class='ocr_par' dir='ltr' id='par_1_24' title="bbox 1926 980 3508 1058">
     <span class='ocr_line' id='line_1_24' title="bbox 1926 980 3508 1058; baseline 0.01 -25"><span class='ocrx_word' id='word_1_162' title='bbox 1926 980 2194 1036; x_wconf 75' lang='lat' dir='ltr'><strong>hactenus</strong></span> <span class='ocrx_word' id='word_1_163' title='bbox 2226 983 2524 1051; x_wconf 84' lang='lat' dir='ltr'><strong>obivimus,</strong></span> <span class='ocrx_word' id='word_1_164' title='bbox 2566 987 2861 1057; x_wconf 82' lang='lat' dir='ltr'><strong>aliquando</strong></span> <span class='ocrx_word' id='word_1_165' title='bbox 2895 1005 3207 1058; x_wconf 90' lang='lat' dir='ltr'><strong>cessemus;</strong></span> <span class='ocrx_word' id='word_1_166' title='bbox 3239 1001 3290 1048; x_wconf 90' lang='lat' dir='ltr'><strong>et</strong></span> <span class='ocrx_word' id='word_1_167' title='bbox 3327 1009 3354 1046; x_wconf 88' lang='lat' dir='ltr'><strong>a</strong></span> <span class='ocrx_word' id='word_1_168' title='bbox 3381 1004 3508 1048; x_wconf 86' lang='lat' dir='ltr'><strong>tem-</strong></span> 
     </span>
    </p>
   </div>
   <div class='ocr_carea' id='block_1_25' title="bbox 1925 1075 3504 1150">
    <p class='ocr_par' dir='ltr' id='par_1_25' title="bbox 1925 1075 3504 1150">
     <span class='ocr_line' id='line_1_25' title="bbox 1925 1075 3504 1150; baseline 0.007 -23"><span class='ocrx_word' id='word_1_169' title='bbox 1925 1082 2200 1142; x_wconf 88' lang='lat' dir='ltr'><strong>pestatum</strong></span> <span class='ocrx_word' id='word_1_170' title='bbox 2235 1075 2782 1148; x_wconf 87' lang='lat' dir='ltr'><strong>decumanornmque</strong></span> <span class='ocrx_word' id='word_1_171' title='bbox 2815 1081 2907 1150; x_wconf 90' lang='lat' dir='ltr'><strong>qui</strong></span> <span class='ocrx_word' id='word_1_172' title='bbox 2936 1081 3047 1135; x_wconf 84' lang='lat' dir='ltr'><strong>illic</strong></span> <span class='ocrx_word' id='word_1_173' title='bbox 3081 1093 3210 1136; x_wconf 87' lang='lat' dir='ltr'><strong>sunt</strong></span> <span class='ocrx_word' id='word_1_174' title='bbox 3243 1083 3504 1139; x_wconf 78' lang='lat' dir='ltr'><strong>ﬂuctuum</strong></span> 
     </span>
    </p>
   </div>
   <div class='ocr_carea' id='block_1_26' title="bbox 1920 1162 3508 1234">
    <p class='ocr_par' dir='ltr' id='par_1_26' title="bbox 1920 1162 3508 1234">
     <span class='ocr_line' id='line_1_26' title="bbox 1920 1162 3508 1234; baseline 0.008 -19"><span class='ocrx_word' id='word_1_175' title='bbox 1920 1162 2220 1231; x_wconf 80' lang='lat' dir='ltr'><strong>jactatione</strong></span> <span class='ocrx_word' id='word_1_176' title='bbox 2260 1169 2735 1234; x_wconf 82' lang='lat' dir='ltr'><strong>ronquiescentes.</strong></span> <span class='ocrx_word' id='word_1_177' title='bbox 2778 1171 2831 1223; x_wconf 90' lang='lat' dir='ltr'><strong>iu</strong></span> <span class='ocrx_word' id='word_1_178' title='bbox 2861 1178 2932 1229; x_wconf 85' lang='lat' dir='ltr'><strong>te,</strong></span> <span class='ocrx_word' id='word_1_179' title='bbox 2983 1181 3172 1226; x_wconf 85' lang='lat' dir='ltr'><strong>sancta</strong></span> <span class='ocrx_word' id='word_1_180' title='bbox 3207 1183 3381 1228; x_wconf 86' lang='lat' dir='ltr'><strong>mater</strong></span> <span class='ocrx_word' id='word_1_181' title='bbox 3407 1176 3508 1228; x_wconf 83' lang='lat' dir='ltr'><strong>Ee-</strong></span> 
     </span>
    </p>
   </div>
   <div class='ocr_carea' id='block_1_27' title="bbox 1923 1255 3506 1336">
    <p class='ocr_par' dir='ltr' id='par_1_27' title="bbox 1923 1255 3506 1336">
     <span class='ocr_line' id='line_1_27' title="bbox 1923 1255 3506 1336; baseline 0.009 -30"><span class='ocrx_word' id='word_1_182' title='bbox 1923 1255 2110 1321; x_wconf 74' lang='lat' dir='ltr'><strong>clesia,</strong></span> <span class='ocrx_word' id='word_1_183' title='bbox 2145 1265 2198 1310; x_wconf 92' lang='lat' dir='ltr'><strong>ct</strong></span> <span class='ocrx_word' id='word_1_184' title='bbox 2228 1259 2282 1312; x_wconf 88' lang='lat' dir='ltr'><strong>in</strong></span> <span class='ocrx_word' id='word_1_185' title='bbox 2319 1269 2507 1313; x_wconf 83' lang='lat' dir='ltr'><strong>sancta</strong></span> <span class='ocrx_word' id='word_1_186' title='bbox 2542 1261 2792 1316; x_wconf 90' lang='lat' dir='ltr'><strong>doctrina</strong></span> <span class='ocrx_word' id='word_1_187' title='bbox 2826 1273 2937 1329; x_wconf 84' lang='lat' dir='ltr'><strong>tua,</strong></span> <span class='ocrx_word' id='word_1_188' title='bbox 2977 1280 3040 1318; x_wconf 90' lang='lat' dir='ltr'><strong>ac</strong></span> <span class='ocrx_word' id='word_1_189' title='bbox 3075 1267 3290 1336; x_wconf 80' lang='lat'><strong>1080</strong></span> <span class='ocrx_word' id='word_1_190' title='bbox 3319 1275 3506 1322; x_wconf 84' lang='lat' dir='ltr'><strong>sancta</strong></span> 
     </span>
    </p>
   </div>
   <div class='ocr_carea' id='block_1_28' title="bbox 1925 1347 3505 1424">
    <p class='ocr_par' dir='ltr' id='par_1_28' title="bbox 1925 1347 3505 1424">
     <span class='ocr_line' id='line_1_28' title="bbox 1925 1347 3505 1424; baseline 0.009 -28"><span class='ocrx_word' id='word_1_191' title='bbox 1925 1347 2127 1414; x_wconf 86' lang='lat' dir='ltr'><strong>pariter</strong></span> <span class='ocrx_word' id='word_1_192' title='bbox 2159 1349 2386 1419; x_wconf 85' lang='lat' dir='ltr'><strong>solaque</strong></span> <span class='ocrx_word' id='word_1_193' title='bbox 2412 1350 2502 1405; x_wconf 97' lang='lat' dir='ltr'><strong>Dei</strong></span> <span class='ocrx_word' id='word_1_194' title='bbox 2538 1352 2641 1406; x_wconf 88' lang='lat' dir='ltr'><strong>ﬁde</strong></span> <span class='ocrx_word' id='word_1_195' title='bbox 2673 1362 2726 1407; x_wconf 83' lang='lat' dir='ltr'><strong>et</strong></span> <span class='ocrx_word' id='word_1_196' title='bbox 2755 1355 2986 1409; x_wconf 79' lang='lat' dir='ltr'><strong>veritate</strong></span> <span class='ocrx_word' id='word_1_197' title='bbox 3015 1358 3370 1424; x_wconf 87' lang='lat' dir='ltr'><strong>respiremus.</strong></span> <span class='ocrx_word' id='word_1_198' title='bbox 3401 1353 3505 1410; x_wconf 84' lang='lat' dir='ltr'><strong>Sed</strong></span> 
     </span>
    </p>
   </div>
   <div class='ocr_carea' id='block_1_29' title="bbox 1921 1440 3503 1512">
    <p class='ocr_par' dir='ltr' id='par_1_29' title="bbox 1921 1440 3503 1512">
     <span class='ocr_line' id='line_1_29' title="bbox 1921 1440 3503 1512; baseline 0.007 -23"><span class='ocrx_word' id='word_1_199' title='bbox 1921 1454 2040 1506; x_wconf 85' lang='lat' dir='ltr'><strong>quae</strong></span> <span class='ocrx_word' id='word_1_200' title='bbox 2074 1440 2128 1493; x_wconf 91' lang='lat' dir='ltr'><strong>in</strong></span> <span class='ocrx_word' id='word_1_201' title='bbox 2176 1441 2278 1494; x_wconf 90' lang='lat' dir='ltr'><strong>hac</strong></span> <span class='ocrx_word' id='word_1_202' title='bbox 2315 1443 2430 1512; x_wconf 86' lang='lat' dir='ltr'><strong>ipsa</strong></span> <span class='ocrx_word' id='word_1_203' title='bbox 2468 1444 2817 1499; x_wconf 82' lang='lat' dir='ltr'><strong>sanctissima</strong></span> <span class='ocrx_word' id='word_1_204' title='bbox 2861 1445 2954 1500; x_wconf 91' lang='lat' dir='ltr'><strong>Dei</strong></span> <span class='ocrx_word' id='word_1_205' title='bbox 2998 1448 3222 1501; x_wconf 79' lang='lat' dir='ltr'><strong>civitate</strong></span> <span class='ocrx_word' id='word_1_206' title='bbox 3262 1448 3503 1502; x_wconf 85' lang='lat' dir='ltr'><strong>admira-</strong></span> 
     </span>
    </p>
   </div>
   <div class='ocr_carea' id='block_1_30' title="bbox 1923 1531 3504 1608">
    <p class='ocr_par' dir='ltr' id='par_1_30' title="bbox 1923 1531 3504 1608">
     <span class='ocr_line' id='line_1_30' title="bbox 1923 1531 3504 1608; baseline 0.009 -28"><span class='ocrx_word' id='word_1_207' title='bbox 1923 1531 2070 1584; x_wconf 87' lang='lat' dir='ltr'><strong>tione</strong></span> <span class='ocrx_word' id='word_1_208' title='bbox 2109 1531 2271 1600; x_wconf 80' lang='lat' dir='ltr'><strong>digna</strong></span> <span class='ocrx_word' id='word_1_209' title='bbox 2320 1542 2444 1586; x_wconf 88' lang='lat' dir='ltr'><strong>sunt</strong></span> <span class='ocrx_word' id='word_1_210' title='bbox 2482 1549 2707 1589; x_wconf 88' lang='lat' dir='ltr'><strong>narrare</strong></span> <span class='ocrx_word' id='word_1_211' title='bbox 2747 1536 2859 1601; x_wconf 80' lang='lat' dir='ltr'><strong>jam</strong></span> <span class='ocrx_word' id='word_1_212' title='bbox 2907 1538 3229 1606; x_wconf 76' lang='lat' dir='ltr'><strong>aggrediar:</strong></span> <span class='ocrx_word' id='word_1_213' title='bbox 3265 1539 3504 1608; x_wconf 78' lang='lat' dir='ltr'><strong>gloriosa</strong></span> 
     </span>
    </p>
   </div>
   <div class='ocr_carea' id='block_1_31' title="bbox 1912 1623 3491 1698">
    <p class='ocr_par' dir='ltr' id='par_1_31' title="bbox 1912 1623 3491 1698">
     <span class='ocr_line' id='line_1_31' title="bbox 1912 1623 3491 1698; baseline 0.004 -22"><span class='ocrx_word' id='word_1_214' title='bbox 1912 1623 2057 1676; x_wconf 90' lang='lat' dir='ltr'><strong>enim</strong></span> <span class='ocrx_word' id='word_1_215' title='bbox 2089 1623 2156 1676; x_wconf 90' lang='lat' dir='ltr'><strong>de</strong></span> <span class='ocrx_word' id='word_1_216' title='bbox 2187 1624 2277 1676; x_wconf 92' lang='lat' dir='ltr'><strong>illa</strong></span> <span class='ocrx_word' id='word_1_217' title='bbox 2309 1624 2454 1678; x_wconf 85' lang='lat' dir='ltr'><strong>dicta</strong></span> <span class='ocrx_word' id='word_1_218' title='bbox 2487 1636 2636 1691; x_wconf 91' lang='lat' dir='ltr'><strong>sunt,</strong></span> <span class='ocrx_word' id='word_1_219' title='bbox 2671 1639 2729 1682; x_wconf 89' lang='lat' dir='ltr'><strong>ut</strong></span> <span class='ocrx_word' id='word_1_220' title='bbox 2759 1627 3028 1698; x_wconf 82' lang='lat' dir='ltr'><strong>Propheta</strong></span> <span class='ocrx_word' id='word_1_221' title='bbox 3063 1632 3307 1698; x_wconf 80' lang='lat' dir='ltr'><strong>loquitur</strong></span> <span class='ocrx_word' id='word_1_222' title='bbox 3332 1650 3343 1684; x_wconf 91' lang='lat'><strong>:</strong></span> <span class='ocrx_word' id='word_1_223' title='bbox 3372 1629 3491 1685; x_wconf 76' lang='lat' dir='ltr'><strong>Glo-</strong></span> 
     </span>
    </p>
   </div>
   <div class='ocr_carea' id='block_1_32' title="bbox 1912 1711 3499 1787">
    <p class='ocr_par' dir='ltr' id='par_1_32' title="bbox 1912 1711 3499 1787">
     <span class='ocr_line' id='line_1_32' title="bbox 1912 1711 3499 1787; baseline 0.009 -25"><span class='ocrx_word' id='word_1_224' title='bbox 1912 1711 2054 1764; x_wconf 82' lang='lat' dir='ltr'><strong>riosa</strong></span> <span class='ocrx_word' id='word_1_225' title='bbox 2118 1711 2261 1765; x_wconf 85' lang='lat' dir='ltr'><strong>dicta</strong></span> <span class='ocrx_word' id='word_1_226' title='bbox 2309 1724 2432 1768; x_wconf 79' lang='lat' dir='ltr'><strong>sunt</strong></span> <span class='ocrx_word' id='word_1_227' title='bbox 2484 1715 2548 1771; x_wconf 84' lang='lat' dir='ltr'><strong>de</strong></span> <span class='ocrx_word' id='word_1_228' title='bbox 2587 1726 2666 1782; x_wconf 87' lang='lat' dir='ltr'><strong>te,</strong></span> <span class='ocrx_word' id='word_1_229' title='bbox 2720 1719 2902 1771; x_wconf 75' lang='lat' dir='ltr'><strong>ciritas</strong></span> <span class='ocrx_word' id='word_1_230' title='bbox 2952 1719 3069 1773; x_wconf 88' lang='lat' dir='ltr'><strong>Dei.</strong></span> <span class='ocrx_word' id='word_1_231' title='bbox 3113 1721 3134 1751; x_wconf 86' lang='grc'>³</span> <span class='ocrx_word' id='word_1_232' title='bbox 3178 1720 3311 1787; x_wconf 76' lang='lat' dir='ltr'><strong>Quae</strong></span> <span class='ocrx_word' id='word_1_233' title='bbox 3369 1733 3499 1777; x_wconf 85' lang='lat' dir='ltr'><strong>sunt</strong></span> 
     </span>
    </p>
   </div>
   <div class='ocr_carea' id='block_1_33' title="bbox 1909 1802 3494 1883">
    <p class='ocr_par' dir='ltr' id='par_1_33' title="bbox 1909 1802 3494 1883">
     <span class='ocr_line' id='line_1_33' title="bbox 1909 1802 3494 1883; baseline 0.011 -29"><span class='ocrx_word' id='word_1_234' title='bbox 1909 1802 2205 1871; x_wconf 81' lang='lat' dir='ltr'><strong>ejusmodi,</strong></span> <span class='ocrx_word' id='word_1_235' title='bbox 2244 1813 2302 1860; x_wconf 85' lang='lat' dir='ltr'><strong>ut</strong></span> <span class='ocrx_word' id='word_1_236' title='bbox 2334 1822 2459 1861; x_wconf 88' lang='lat' dir='ltr'><strong>cum</strong></span> <span class='ocrx_word' id='word_1_237' title='bbox 2505 1825 2664 1863; x_wconf 85' lang='lat' dir='ltr'><strong>nemo</strong></span> <span class='ocrx_word' id='word_1_238' title='bbox 2695 1827 2758 1864; x_wconf 83' lang='lat' dir='ltr'><strong>ea</strong></span> <span class='ocrx_word' id='word_1_239' title='bbox 2803 1813 3116 1866; x_wconf 84' lang='lat' dir='ltr'><strong>mortalium</strong></span> <span class='ocrx_word' id='word_1_240' title='bbox 3155 1815 3372 1883; x_wconf 76' lang='lat' dir='ltr'><strong>penitus</strong></span> <span class='ocrx_word' id='word_1_241' title='bbox 3407 1831 3494 1871; x_wconf 83' lang='lat' dir='ltr'><strong>as-</strong></span> 
     </span>
    </p>
   </div>
   <div class='ocr_carea' id='block_1_34' title="bbox 222 1890 1800 1970">
    <p class='ocr_par' dir='ltr' id='par_1_34' title="bbox 222 1890 1800 1965">
     <span class='ocr_line' id='line_1_34' title="bbox 222 1890 1800 1965; baseline -0.002 -19"><span class='ocrx_word' id='word_1_242' title='bbox 222 1895 501 1965; x_wconf 85' lang='grc' dir='ltr'>ἀλλότρια,</span> <span class='ocrx_word' id='word_1_243' title='bbox 562 1897 769 1956; x_wconf 82' lang='grc' dir='ltr'><strong>πιστοῖς</strong></span> <span class='ocrx_word' id='word_1_244' title='bbox 812 1894 870 1946; x_wconf 80' lang='grc' dir='ltr'>δὲ</span> <span class='ocrx_word' id='word_1_245' title='bbox 929 1893 1237 1963; x_wconf 81' lang='grc' dir='ltr'>ἀνθρώποις</span> <span class='ocrx_word' id='word_1_246' title='bbox 1289 1894 1384 1946; x_wconf 79' lang='grc' dir='ltr'><strong>καὶ</strong></span> <span class='ocrx_word' id='word_1_247' title='bbox 1433 1890 1706 1962; x_wconf 80' lang='grc' dir='ltr'><strong>ἀληθινοῖς</strong></span> <span class='ocrx_word' id='word_1_248' title='bbox 1750 1892 1800 1943; x_wconf 66' lang='grc' dir='ltr'>ὲν</span> 
     </span>
    </p>
   </div>
   <div class='ocr_carea' id='block_1_35' title="bbox 1908 1890 3498 1970">
    <p class='ocr_par' dir='ltr' id='par_1_35' title="bbox 1912 1897 3498 1970">
     <span class='ocr_line' id='line_1_35' title="bbox 1912 1897 3498 1970; baseline 0.009 -20"><span class='ocrx_word' id='word_1_249' title='bbox 1912 1897 2066 1966; x_wconf 69' lang='lat' dir='ltr'><strong>sitqui</strong></span> <span class='ocrx_word' id='word_1_250' title='bbox 2109 1899 2305 1967; x_wconf 81' lang='lat' dir='ltr'><strong>possit,</strong></span> <span class='ocrx_word' id='word_1_251' title='bbox 2341 1911 2455 1954; x_wconf 89' lang='lat' dir='ltr'><strong>tum</strong></span> <span class='ocrx_word' id='word_1_252' title='bbox 2488 1903 2556 1956; x_wconf 80' lang='lat' dir='ltr'><strong>ah</strong></span> <span class='ocrx_word' id='word_1_253' title='bbox 2587 1902 2898 1961; x_wconf 90' lang='lat' dir='ltr'><strong>inﬁdelibus</strong></span> <span class='ocrx_word' id='word_1_254' title='bbox 2929 1906 3124 1970; x_wconf 86' lang='lat' dir='ltr'><strong>aliena,</strong></span> <span class='ocrx_word' id='word_1_255' title='bbox 3152 1908 3402 1964; x_wconf 88' lang='lat' dir='ltr'><strong>ﬁdelibus</strong></span> <span class='ocrx_word' id='word_1_256' title='bbox 3433 1924 3498 1965; x_wconf 84' lang='lat' dir='ltr'><strong>ac</strong></span> 
     </span>
    </p>
   </div>
   <div class='ocr_carea' id='block_1_36' title="bbox 223 1983 1806 2057">
    <p class='ocr_par' dir='ltr' id='par_1_36' title="bbox 223 1983 1806 2057">
     <span class='ocr_line' id='line_1_36' title="bbox 223 1983 1806 2057; baseline -0.002 -18"><span class='ocrx_word' id='word_1_257' title='bbox 223 1987 406 2057; x_wconf 79' lang='grc' dir='ltr'>μέρει,</span> <span class='ocrx_word' id='word_1_258' title='bbox 439 1991 496 2040; x_wconf 83' lang='grc' dir='ltr'><strong>ἐν</strong></span> <span class='ocrx_word' id='word_1_259' title='bbox 544 1988 835 2057; x_wconf 79' lang='grc' dir='ltr'>ὑποσχέσει</span> <span class='ocrx_word' id='word_1_260' title='bbox 870 1987 926 2038; x_wconf 83' lang='grc' dir='ltr'><strong>δὲ</strong></span> <span class='ocrx_word' id='word_1_261' title='bbox 975 1986 1306 2049; x_wconf 78' lang='grc' dir='ltr'>τελειώσεως</span> <span class='ocrx_word' id='word_1_262' title='bbox 1342 1985 1460 2054; x_wconf 75' lang='grc' dir='ltr'>(ὡς)</span> <span class='ocrx_word' id='word_1_263' title='bbox 1515 1985 1665 2055; x_wconf 79' lang='grc' dir='ltr'>παρὰ</span> <span class='ocrx_word' id='word_1_264' title='bbox 1711 1983 1806 2036; x_wconf 73' lang='grc' dir='ltr'>τοῦ</span> 
     </span>
    </p>
   </div>
   <div class='ocr_carea' id='block_1_37' title="bbox 219 2076 1807 2149">
    <p class='ocr_par' dir='ltr' id='par_1_37' title="bbox 219 2076 1807 2149">
     <span class='ocr_line' id='line_1_37' title="bbox 219 2076 1807 2149; baseline -0.002 -18"><span class='ocrx_word' id='word_1_265' title='bbox 219 2079 404 2132; x_wconf 78' lang='grc' dir='ltr'>αὐτῶν</span> <span class='ocrx_word' id='word_1_266' title='bbox 449 2079 718 2132; x_wconf 69' lang='grc' dir='ltr'>Δεσπότω</span> <span class='ocrx_word' id='word_1_267' title='bbox 772 2078 1299 2149; x_wconf 81' lang='grc' dir='ltr'>παρασχεθησόμενα</span> <span class='ocrx_word' id='word_1_268' title='bbox 1352 2079 1411 2130; x_wconf 83' lang='grc' dir='ltr'>ὲν</span> <span class='ocrx_word' id='word_1_269' title='bbox 1443 2079 1507 2147; x_wconf 83' lang='grc' dir='ltr'>τῇ</span> <span class='ocrx_word' id='word_1_270' title='bbox 1560 2076 1807 2148; x_wconf 75' lang='grc' dir='ltr'>βασιλεία</span> 
     </span>
    </p>
   </div>
   <div class='ocr_carea' id='block_1_38' title="bbox 219 2169 1808 2241">
    <p class='ocr_par' dir='ltr' id='par_1_38' title="bbox 219 2169 1808 2241">
     <span class='ocr_line' id='line_1_38' title="bbox 219 2169 1808 2241; baseline -0.002 -18"><span class='ocrx_word' id='word_1_271' title='bbox 219 2171 332 2223; x_wconf 86' lang='grc' dir='ltr'><strong>τῶν</strong></span> <span class='ocrx_word' id='word_1_272' title='bbox 364 2170 630 2241; x_wconf 76' lang='grc' dir='ltr'>οὐρανῶν,</span> <span class='ocrx_word' id='word_1_273' title='bbox 659 2171 792 2224; x_wconf 81' lang='grc' dir='ltr'>ὅπου</span> <span class='ocrx_word' id='word_1_274' title='bbox 827 2170 964 2240; x_wconf 81' lang='grc' dir='ltr'>αὑτὴ</span> <span class='ocrx_word' id='word_1_275' title='bbox 996 2172 1028 2240; x_wconf 84' lang='grc' dir='ltr'>ἡ</span> <span class='ocrx_word' id='word_1_276' title='bbox 1059 2170 1188 2238; x_wconf 85' lang='grc' dir='ltr'>ἁγία</span> <span class='ocrx_word' id='word_1_277' title='bbox 1236 2170 1506 2240; x_wconf 79' lang='grc' dir='ltr'>παρθένος</span> <span class='ocrx_word' id='word_1_278' title='bbox 1551 2171 1642 2222; x_wconf 71' lang='grc' dir='ltr'><strong>καὶ</strong></span> <span class='ocrx_word' id='word_1_279' title='bbox 1677 2169 1808 2240; x_wconf 87' lang='grc' dir='ltr'>κλη-</span> 
     </span>
    </p>
   </div>
   <div class='ocr_carea' id='block_1_39' title="bbox 223 2259 1806 2329">
    <p class='ocr_par' dir='ltr' id='par_1_39' title="bbox 223 2259 1806 2329">
     <span class='ocr_line' id='line_1_39' title="bbox 223 2259 1806 2329; baseline 0.002 -20"><span class='ocrx_word' id='word_1_280' title='bbox 223 2259 452 2329; x_wconf 67' lang='grc' dir='ltr'>ρονόμος</span> <span class='ocrx_word' id='word_1_281' title='bbox 495 2261 592 2312; x_wconf 72' lang='grc' dir='ltr'><strong>σὺν</strong></span> <span class='ocrx_word' id='word_1_282' title='bbox 639 2259 716 2328; x_wconf 81' lang='grc' dir='ltr'>τῷ</span> <span class='ocrx_word' id='word_1_283' title='bbox 769 2259 880 2329; x_wconf 82' lang='grc' dir='ltr'>ἰδίῳ</span> <span class='ocrx_word' id='word_1_284' title='bbox 918 2260 1154 2329; x_wconf 71' lang='grc' dir='ltr'>Νυμφίῳ</span> <span class='ocrx_word' id='word_1_285' title='bbox 1196 2261 1252 2312; x_wconf 80' lang='grc' dir='ltr'><strong>ἐν</strong></span> <span class='ocrx_word' id='word_1_286' title='bbox 1299 2259 1514 2329; x_wconf 82' lang='grc' dir='ltr'>οὑρανῷ</span> <span class='ocrx_word' id='word_1_287' title='bbox 1548 2260 1672 2329; x_wconf 78' lang='grc' dir='ltr'>ἔσχε</span> <span class='ocrx_word' id='word_1_288' title='bbox 1717 2259 1806 2312; x_wconf 75' lang='grc' dir='ltr'><strong>τὸν</strong></span> 
     </span>
    </p>
   </div>
   <div class='ocr_carea' id='block_1_40' title="bbox 218 2349 1089 2421">
    <p class='ocr_par' dir='ltr' id='par_1_40' title="bbox 218 2349 1089 2421">
     <span class='ocr_line' id='line_1_40' title="bbox 218 2349 1089 2421; baseline 0.002 -19"><span class='ocrx_word' id='word_1_289' title='bbox 218 2349 422 2419; x_wconf 77' lang='grc' dir='ltr'>κλῆρον</span> <span class='ocrx_word' id='word_1_290' title='bbox 457 2351 548 2403; x_wconf 78' lang='grc' dir='ltr'><strong>καὶ</strong></span> <span class='ocrx_word' id='word_1_291' title='bbox 578 2351 677 2421; x_wconf 84' lang='grc' dir='ltr'><strong>τὴν</strong></span> <span class='ocrx_word' id='word_1_292' title='bbox 707 2351 1089 2421; x_wconf 81' lang='grc' dir='ltr'>κληρονομίαν.</span> 
     </span>
    </p>
   </div>
   <div class='ocr_carea' id='block_1_41' title="bbox 295 2441 1805 2512">
    <p class='ocr_par' dir='ltr' id='par_1_41' title="bbox 295 2441 1805 2512">
     <span class='ocr_line' id='line_1_41' title="bbox 295 2441 1805 2512; baseline 0 -19"><span class='ocrx_word' id='word_1_293' title='bbox 295 2442 368 2494; x_wconf 70' lang='grc' dir='ltr'>Γν.</span> <span class='ocrx_word' id='word_1_294' title='bbox 411 2443 520 2494; x_wconf 84' lang='grc' dir='ltr'>Καὶ</span> <span class='ocrx_word' id='word_1_295' title='bbox 557 2442 772 2512; x_wconf 86' lang='grc' dir='ltr'>πρῶτον</span> <span class='ocrx_word' id='word_1_296' title='bbox 824 2443 943 2512; x_wconf 80' lang='grc' dir='ltr'>μὲν,</span> <span class='ocrx_word' id='word_1_297' title='bbox 987 2444 1068 2494; x_wconf 80' lang='grc' dir='ltr'><strong>ὅτι</strong></span> <span class='ocrx_word' id='word_1_298' title='bbox 1118 2443 1146 2493; x_wconf 97' lang='lat'><strong>6</strong></span> <span class='ocrx_word' id='word_1_299' title='bbox 1193 2441 1324 2504; x_wconf 81' lang='grc' dir='ltr'>Θεὸς</span> <span class='ocrx_word' id='word_1_300' title='bbox 1367 2442 1394 2494; x_wconf 84' lang='grc' dir='ltr'>ὁ</span> <span class='ocrx_word' id='word_1_301' title='bbox 1447 2442 1540 2494; x_wconf 77' lang='grc' dir='ltr'>ἐπὶ</span> <span class='ocrx_word' id='word_1_302' title='bbox 1589 2441 1805 2494; x_wconf 88' lang='grc' dir='ltr'>πάντων</span> 
     </span>
    </p>
   </div>
   <div class='ocr_carea' id='block_1_42' title="bbox 216 2533 1807 2604">
    <p class='ocr_par' dir='ltr' id='par_1_42' title="bbox 216 2533 1807 2604">
     <span class='ocr_line' id='line_1_42' title="bbox 216 2533 1807 2604; baseline 0.003 -22"><span class='ocrx_word' id='word_1_303' title='bbox 216 2535 354 2604; x_wconf 73' lang='grc' dir='ltr'>ἡμῖν</span> <span class='ocrx_word' id='word_1_304' title='bbox 385 2533 514 2596; x_wconf 78' lang='grc' dir='ltr'>Θεὸς</span> <span class='ocrx_word' id='word_1_305' title='bbox 549 2533 782 2604; x_wconf 80' lang='grc' dir='ltr'>ὑπάρχει</span> <span class='ocrx_word' id='word_1_306' title='bbox 831 2537 942 2596; x_wconf 83' lang='grc' dir='ltr'>τοῖς</span> <span class='ocrx_word' id='word_1_307' title='bbox 989 2535 1052 2586; x_wconf 81' lang='grc' dir='ltr'><strong>ἐκ</strong></span> <span class='ocrx_word' id='word_1_308' title='bbox 1100 2534 1197 2604; x_wconf 77' lang='grc' dir='ltr'><strong>τῆς</strong></span> <span class='ocrx_word' id='word_1_309' title='bbox 1243 2533 1404 2601; x_wconf 83' lang='grc' dir='ltr'>ἁγία-ς</span> <span class='ocrx_word' id='word_1_310' title='bbox 1431 2533 1634 2604; x_wconf 80' lang='grc' dir='ltr'>ταύτης</span> <span class='ocrx_word' id='word_1_311' title='bbox 1685 2535 1807 2586; x_wconf 87' lang='grc' dir='ltr'><strong>Ἑκ-</strong></span> 
     </span>
    </p>
   </div>
   <div class='ocr_carea' id='block_1_43' title="bbox 215 2622 1802 2696">
    <p class='ocr_par' dir='ltr' id='par_1_43' title="bbox 215 2622 1802 2696">
     <span class='ocr_line' id='line_1_43' title="bbox 215 2622 1802 2696; baseline -0.001 -19"><span class='ocrx_word' id='word_1_312' title='bbox 215 2625 452 2694; x_wconf 84' lang='grc' dir='ltr'>κλησίας</span> <span class='ocrx_word' id='word_1_313' title='bbox 481 2625 837 2695; x_wconf 82' lang='grc' dir='ltr'>γεννηθεῖσιν.</span> <span class='ocrx_word' id='word_1_314' title='bbox 926 2624 1222 2689; x_wconf 77' lang='grc' dir='ltr'>Ἀπόδειξις</span> <span class='ocrx_word' id='word_1_315' title='bbox 1268 2625 1375 2696; x_wconf 82' lang='grc' dir='ltr'><strong>γάρ</strong></span> <span class='ocrx_word' id='word_1_316' title='bbox 1428 2623 1567 2694; x_wconf 83' lang='grc' dir='ltr'>αὑτὴ</span> <span class='ocrx_word' id='word_1_317' title='bbox 1613 2622 1802 2695; x_wconf 82' lang='grc' dir='ltr'>πρώτη</span> 
     </span>
    </p>
   </div>
   <div class='ocr_carea' id='block_1_44' title="bbox 214 2715 1805 2788">
    <p class='ocr_par' dir='ltr' id='par_1_44' title="bbox 214 2715 1805 2788">
     <span class='ocr_line' id='line_1_44' title="bbox 214 2715 1805 2788; baseline 0 -21"><span class='ocrx_word' id='word_1_318' title='bbox 214 2717 350 2786; x_wconf 73' lang='grc' dir='ltr'>περὶ</span> <span class='ocrx_word' id='word_1_319' title='bbox 397 2716 673 2785; x_wconf 84' lang='grc' dir='ltr'>ἀλήθειαν,</span> <span class='ocrx_word' id='word_1_320' title='bbox 725 2717 816 2769; x_wconf 70' lang='grc' dir='ltr'>καὶ</span> <span class='ocrx_word' id='word_1_321' title='bbox 869 2716 1149 2788; x_wconf 79' lang='grc' dir='ltr'>ἑδραίωμα</span> <span class='ocrx_word' id='word_1_322' title='bbox 1197 2715 1430 2778; x_wconf 85' lang='grc' dir='ltr'>πίστεως</span> <span class='ocrx_word' id='word_1_323' title='bbox 1483 2715 1584 2784; x_wconf 78' lang='grc' dir='ltr'>τῆς</span> <span class='ocrx_word' id='word_1_324' title='bbox 1637 2715 1805 2786; x_wconf 80' lang='grc' dir='ltr'>μόνης</span> 
     </span>
    </p>
   </div>
   <div class='ocr_carea' id='block_1_45' title="bbox 213 2806 1801 2878">
    <p class='ocr_par' dir='ltr' id='par_1_45' title="bbox 213 2806 1801 2878">
     <span class='ocr_line' id='line_1_45' title="bbox 213 2806 1801 2878; baseline -0.001 -18"><span class='ocrx_word' id='word_1_325' title='bbox 213 2807 425 2878; x_wconf 83' lang='grc' dir='ltr'>ταύτης</span> <span class='ocrx_word' id='word_1_326' title='bbox 458 2807 725 2878; x_wconf 83' lang='grc' dir='ltr'>παρθένου</span> <span class='ocrx_word' id='word_1_327' title='bbox 760 2807 854 2861; x_wconf 71' lang='grc' dir='ltr'><strong>καὶ</strong></span> <span class='ocrx_word' id='word_1_328' title='bbox 896 2807 1056 2875; x_wconf 80' lang='grc' dir='ltr'>ἁγίας</span> <span class='ocrx_word' id='word_1_329' title='bbox 1089 2807 1416 2877; x_wconf 77' lang='grc' dir='ltr'>περιστερᾶς</span> <span class='ocrx_word' id='word_1_330' title='bbox 1448 2807 1540 2858; x_wconf 75' lang='grc' dir='ltr'><strong>καὶ</strong></span> <span class='ocrx_word' id='word_1_331' title='bbox 1570 2806 1801 2869; x_wconf 81' lang='grc' dir='ltr'>ἀκάκου,</span> 
     </span>
    </p>
   </div>
   <div class='ocr_carea' id='block_1_46' title="bbox 217 2893 1821 2968">
    <p class='ocr_par' dir='ltr' id='par_1_46' title="bbox 217 2893 1821 2968">
     <span class='ocr_line' id='line_1_46' title="bbox 217 2893 1821 2968; baseline 0 -19"><span class='ocrx_word' id='word_1_332' title='bbox 217 2898 350 2968; x_wconf 72' lang='grc' dir='ltr'>περὶ</span> <span class='ocrx_word' id='word_1_333' title='bbox 381 2893 447 2968; x_wconf 83' lang='grc' dir='ltr'>ἦς</span> <span class='ocrx_word' id='word_1_334' title='bbox 497 2900 522 2950; x_wconf 83' lang='lat'><strong>6</strong></span> <span class='ocrx_word' id='word_1_335' title='bbox 558 2897 760 2967; x_wconf 82' lang='grc' dir='ltr'>Κύριος</span> <span class='ocrx_word' id='word_1_336' title='bbox 803 2899 859 2949; x_wconf 79' lang='grc' dir='ltr'><strong>ἐν</strong></span> <span class='ocrx_word' id='word_1_337' title='bbox 904 2896 1181 2966; x_wconf 84' lang='grc' dir='ltr'>Πνεύματι</span> <span class='ocrx_word' id='word_1_338' title='bbox 1225 2895 1302 2966; x_wconf 83' lang='grc' dir='ltr'>τῷ</span> <span class='ocrx_word' id='word_1_339' title='bbox 1341 2895 1656 2966; x_wconf 84' lang='grc' dir='ltr'>Σαλομῶντι</span> <span class='ocrx_word' id='word_1_340' title='bbox 1701 2897 1821 2948; x_wconf 69' lang='grc' dir='ltr'>ἅττ-⁸</span> 
     </span>
    </p>
   </div>
   <div class='ocr_carea' id='block_1_47' title="bbox 214 2987 1798 3060">
    <p class='ocr_par' dir='ltr' id='par_1_47' title="bbox 214 2987 1798 3060">
     <span class='ocr_line' id='line_1_47' title="bbox 214 2987 1798 3060; baseline 0 -18"><span class='ocrx_word' id='word_1_341' title='bbox 214 2990 524 3042; x_wconf 82' lang='grc' dir='ltr'>εκάλυπτεν</span> <span class='ocrx_word' id='word_1_342' title='bbox 560 2992 617 3043; x_wconf 85' lang='grc' dir='ltr'>ὲν</span> <span class='ocrx_word' id='word_1_343' title='bbox 672 2990 913 3060; x_wconf 77' lang='grc' dir='ltr'>’ᾼσματι</span> <span class='ocrx_word' id='word_1_344' title='bbox 961 2989 1070 3041; x_wconf 87' lang='grc' dir='ltr'><strong>τῶν</strong></span> <span class='ocrx_word' id='word_1_345' title='bbox 1105 2987 1387 3058; x_wconf 82' lang='grc' dir='ltr'>ᾀσμάτων,</span> <span class='ocrx_word' id='word_1_346' title='bbox 1440 2989 1532 3040; x_wconf 73' lang='grc' dir='ltr'><strong>καὶ</strong></span> <span class='ocrx_word' id='word_1_347' title='bbox 1579 2987 1798 3056; x_wconf 81' lang='grc' dir='ltr'>ἔλεγεν·</span> 
     </span>
    </p>
   </div>
   <div class='ocr_carea' id='block_1_48' title="bbox 225 3079 1804 3150">
    <p class='ocr_par' dir='ltr' id='par_1_48' title="bbox 225 3079 1804 3150">
     <span class='ocr_line' id='line_1_48' title="bbox 225 3079 1804 3150; baseline -0.001 -15"><span class='ocrx_word' id='word_1_348' title='bbox 225 3081 563 3150; x_wconf 75' lang='grc' dir='ltr'>Ἐξήκοντά</span> <span class='ocrx_word' id='word_1_349' title='bbox 613 3085 730 3135; x_wconf 74' lang='grc' dir='ltr'>εἰσι</span> <span class='ocrx_word' id='word_1_350' title='bbox 796 3082 1200 3145; x_wconf 76' lang='grc' dir='ltr'>βασίλισσαι.</span> <span class='ocrx_word' id='word_1_351' title='bbox 1276 3080 1374 3132; x_wconf 80' lang='grc' dir='ltr'>καὶ</span> <span class='ocrx_word' id='word_1_352' title='bbox 1435 3079 1804 3149; x_wconf 55' lang='grc' dir='ltr'>ὀγδοήκοντα</span> 
     </span>
    </p>
   </div>
   <div class='ocr_carea' id='block_1_49' title="bbox 1912 1989 3498 2070">
    <p class='ocr_par' dir='ltr' id='par_1_49' title="bbox 1912 1989 3498 2070">
     <span class='ocr_line' id='line_1_49' title="bbox 1912 1989 3498 2070; baseline 0.011 -31"><span class='ocrx_word' id='word_1_353' title='bbox 1912 1989 2162 2044; x_wconf 73' lang='lat' dir='ltr'><strong>veritatis</strong></span> <span class='ocrx_word' id='word_1_354' title='bbox 2187 1991 2452 2048; x_wconf 89' lang='lat' dir='ltr'><strong>studiosis</strong></span> <span class='ocrx_word' id='word_1_355' title='bbox 2479 2009 2542 2048; x_wconf 90' lang='lat' dir='ltr'><strong>ex</strong></span> <span class='ocrx_word' id='word_1_356' title='bbox 2577 2007 2729 2064; x_wconf 85' lang='lat' dir='ltr'><strong>parte</strong></span> <span class='ocrx_word' id='word_1_357' title='bbox 2760 1997 2922 2052; x_wconf 88' lang='lat' dir='ltr'><strong>liceat</strong></span> <span class='ocrx_word' id='word_1_358' title='bbox 2954 1999 3241 2070; x_wconf 79' lang='lat' dir='ltr'><strong>attingere,</strong></span> <span class='ocrx_word' id='word_1_359' title='bbox 3275 2009 3498 2057; x_wconf 78' lang='lat' dir='ltr'><strong>ostensa</strong></span> 
     </span>
    </p>
   </div>
   <div class='ocr_carea' id='block_1_50' title="bbox 1911 2079 3498 2164">
    <p class='ocr_par' dir='ltr' id='par_1_50' title="bbox 1911 2079 3498 2164">
     <span class='ocr_line' id='line_1_50' title="bbox 1911 2079 3498 2164; baseline 0.011 -31"><span class='ocrx_word' id='word_1_360' title='bbox 1911 2079 2107 2134; x_wconf 79' lang='lat' dir='ltr'><strong>iisdem</strong></span> <span class='ocrx_word' id='word_1_361' title='bbox 2148 2083 2367 2138; x_wconf 87' lang='lat' dir='ltr'><strong>interim</strong></span> <span class='ocrx_word' id='word_1_362' title='bbox 2417 2089 2800 2158; x_wconf 86' lang='lat' dir='ltr'><strong>promissaque</strong></span> <span class='ocrx_word' id='word_1_363' title='bbox 2846 2091 3064 2145; x_wconf 88' lang='lat' dir='ltr'><strong>illormu</strong></span> <span class='ocrx_word' id='word_1_364' title='bbox 3098 2094 3341 2162; x_wconf 84' lang='lat' dir='ltr'><strong>perfecta</strong></span> <span class='ocrx_word' id='word_1_365' title='bbox 3371 2109 3498 2164; x_wconf 82' lang='lat' dir='ltr'><strong>pos-</strong></span> 
     </span>
    </p>
   </div>
   <div class='ocr_carea' id='block_1_51' title="bbox 1911 2175 3496 2256">
    <p class='ocr_par' dir='ltr' id='par_1_51' title="bbox 1911 2175 3496 2256">
     <span class='ocr_line' id='line_1_51' title="bbox 1911 2175 3496 2256; baseline 0.008 -27"><span class='ocrx_word' id='word_1_366' title='bbox 1911 2175 2179 2242; x_wconf 87' lang='lat' dir='ltr'><strong>sessione,</strong></span> <span class='ocrx_word' id='word_1_367' title='bbox 2215 2193 2382 2247; x_wconf 88' lang='lat' dir='ltr'><strong>quam</strong></span> <span class='ocrx_word' id='word_1_368' title='bbox 2408 2180 2464 2232; x_wconf 93' lang='lat' dir='ltr'><strong>in</strong></span> <span class='ocrx_word' id='word_1_369' title='bbox 2495 2181 2708 2236; x_wconf 77' lang='lat' dir='ltr'><strong>cmlesti</strong></span> <span class='ocrx_word' id='word_1_370' title='bbox 2748 2198 2920 2252; x_wconf 82' lang='lat' dir='ltr'><strong>regno</strong></span> <span class='ocrx_word' id='word_1_371' title='bbox 2955 2185 3200 2256; x_wconf 88' lang='lat' dir='ltr'><strong>ipsorum</strong></span> <span class='ocrx_word' id='word_1_372' title='bbox 3231 2187 3496 2242; x_wconf 81' lang='lat' dir='ltr'><strong>Dominus</strong></span> 
     </span>
    </p>
   </div>
   <div class='ocr_carea' id='block_1_52' title="bbox 1909 2268 3491 2347">
    <p class='ocr_par' dir='ltr' id='par_1_52' title="bbox 1909 2268 3491 2347">
     <span class='ocr_line' id='line_1_52' title="bbox 1909 2268 3491 2347; baseline 0.008 -27"><span class='ocrx_word' id='word_1_373' title='bbox 1909 2268 2210 2336; x_wconf 79' lang='lat' dir='ltr'><strong>exhibebit,</strong></span> <span class='ocrx_word' id='word_1_374' title='bbox 2265 2271 2358 2325; x_wconf 89' lang='lat' dir='ltr'><strong>ubi</strong></span> <span class='ocrx_word' id='word_1_375' title='bbox 2410 2282 2600 2327; x_wconf 84' lang='lat' dir='ltr'><strong>sancta</strong></span> <span class='ocrx_word' id='word_1_376' title='bbox 2668 2275 2760 2328; x_wconf 88' lang='lat' dir='ltr'><strong>illa</strong></span> <span class='ocrx_word' id='word_1_377' title='bbox 2818 2277 2973 2347; x_wconf 84' lang='lat' dir='ltr'><strong>virgo</strong></span> <span class='ocrx_word' id='word_1_378' title='bbox 3019 2285 3076 2332; x_wconf 87' lang='lat' dir='ltr'><strong>et</strong></span> <span class='ocrx_word' id='word_1_379' title='bbox 3130 2279 3304 2334; x_wconf 73' lang='lat' dir='ltr'><strong>haeres</strong></span> <span class='ocrx_word' id='word_1_380' title='bbox 3367 2295 3491 2334; x_wconf 83' lang='lat' dir='ltr'><strong>cum</strong></span> 
     </span>
    </p>
   </div>
   <div class='ocr_carea' id='block_1_53' title="bbox 1911 2358 3493 2436">
    <p class='ocr_par' dir='ltr' id='par_1_53' title="bbox 1911 2358 3493 2436">
     <span class='ocr_line' id='line_1_53' title="bbox 1911 2358 3493 2436; baseline 0.009 -23"><span class='ocrx_word' id='word_1_381' title='bbox 1911 2358 2127 2429; x_wconf 80' lang='lat' dir='ltr'><strong>Sponsa</strong></span> <span class='ocrx_word' id='word_1_382' title='bbox 2155 2377 2255 2416; x_wconf 91' lang='lat' dir='ltr'><strong>suo</strong></span> <span class='ocrx_word' id='word_1_383' title='bbox 2291 2363 2665 2419; x_wconf 77' lang='lat' dir='ltr'><strong>haereditatem</strong></span> <span class='ocrx_word' id='word_1_384' title='bbox 2701 2376 2766 2421; x_wconf 86' lang='lat' dir='ltr'><strong>ac</strong></span> <span class='ocrx_word' id='word_1_385' title='bbox 2802 2370 3194 2436; x_wconf 88' lang='lat' dir='ltr'><strong>patrimonium</strong></span> <span class='ocrx_word' id='word_1_386' title='bbox 3229 2371 3493 2428; x_wconf 84' lang='lat' dir='ltr'><strong>obtinuit.</strong></span> 
     </span>
    </p>
   </div>
   <div class='ocr_carea' id='block_1_54' title="bbox 1979 2447 3492 2521">
    <p class='ocr_par' dir='ltr' id='par_1_54' title="bbox 1979 2447 3492 2521">
     <span class='ocr_line' id='line_1_54' title="bbox 1979 2447 3492 2521; baseline 0.011 -21"><span class='ocrx_word' id='word_1_387' title='bbox 1979 2447 2068 2502; x_wconf 82' lang='lat' dir='ltr'><strong>lli.</strong></span> <span class='ocrx_word' id='word_1_388' title='bbox 2111 2449 2389 2521; x_wconf 87' lang='lat' dir='ltr'><strong>Principio</strong></span> <span class='ocrx_word' id='word_1_389' title='bbox 2424 2453 2716 2508; x_wconf 85' lang='lat' dir='ltr'><strong>tenendum</strong></span> <span class='ocrx_word' id='word_1_390' title='bbox 2769 2456 2898 2510; x_wconf 86' lang='lat' dir='ltr'><strong>illud</strong></span> <span class='ocrx_word' id='word_1_391' title='bbox 2939 2467 3062 2512; x_wconf 88' lang='lat' dir='ltr'><strong>est:</strong></span> <span class='ocrx_word' id='word_1_392' title='bbox 3095 2457 3492 2516; x_wconf 79' lang='lat' dir='ltr'><strong>Moderatorem</strong></span> 
     </span>
    </p>
   </div>
   <div class='ocr_carea' id='block_1_55' title="bbox 1908 2541 3496 2621">
    <p class='ocr_par' dir='ltr' id='par_1_55' title="bbox 1908 2541 3496 2621">
     <span class='ocr_line' id='line_1_55' title="bbox 1908 2541 3496 2621; baseline 0.009 -28"><span class='ocrx_word' id='word_1_393' title='bbox 1908 2541 2154 2594; x_wconf 89' lang='lat' dir='ltr'><strong>omnium</strong></span> <span class='ocrx_word' id='word_1_394' title='bbox 2191 2541 2359 2595; x_wconf 91' lang='lat' dir='ltr'><strong>Deum</strong></span> <span class='ocrx_word' id='word_1_395' title='bbox 2389 2543 2455 2597; x_wconf 87' lang='lat' dir='ltr'><strong>ad</strong></span> <span class='ocrx_word' id='word_1_396' title='bbox 2488 2561 2588 2600; x_wconf 89' lang='lat' dir='ltr'><strong>nos</strong></span> <span class='ocrx_word' id='word_1_397' title='bbox 2617 2549 2892 2616; x_wconf 87' lang='lat' dir='ltr'><strong>pertinere</strong></span> <span class='ocrx_word' id='word_1_398' title='bbox 2921 2551 3158 2620; x_wconf 76' lang='lat' dir='ltr'><strong>proprie,</strong></span> <span class='ocrx_word' id='word_1_399' title='bbox 3195 2553 3285 2621; x_wconf 88' lang='lat' dir='ltr'><strong>qui</strong></span> <span class='ocrx_word' id='word_1_400' title='bbox 3315 2568 3346 2607; x_wconf 89' lang='lat' dir='ltr'><strong>e</strong></span> <span class='ocrx_word' id='word_1_401' title='bbox 3368 2568 3496 2608; x_wconf 77' lang='lat' dir='ltr'><strong>san-</strong></span> 
     </span>
    </p>
   </div>
   <div class='ocr_carea' id='block_1_56' title="bbox 1909 2633 3494 2709">
    <p class='ocr_par' dir='ltr' id='par_1_56' title="bbox 1909 2633 3494 2709">
     <span class='ocr_line' id='line_1_56' title="bbox 1909 2633 3494 2709; baseline 0.008 -25"><span class='ocrx_word' id='word_1_402' title='bbox 1909 2642 1996 2685; x_wconf 89' lang='lat' dir='ltr'><strong>cta</strong></span> <span class='ocrx_word' id='word_1_403' title='bbox 2038 2633 2129 2686; x_wconf 87' lang='lat' dir='ltr'><strong>illa</strong></span> <span class='ocrx_word' id='word_1_404' title='bbox 2178 2649 2371 2690; x_wconf 89' lang='lat' dir='ltr'><strong>sumus</strong></span> <span class='ocrx_word' id='word_1_405' title='bbox 2417 2635 2662 2692; x_wconf 76' lang='lat' dir='ltr'><strong>Ecelesia</strong></span> <span class='ocrx_word' id='word_1_406' title='bbox 2695 2640 2883 2709; x_wconf 80' lang='lat' dir='ltr'><strong>geniti.</strong></span> <span class='ocrx_word' id='word_1_407' title='bbox 2918 2640 3042 2695; x_wconf 83' lang='lat' dir='ltr'><strong>llaec</strong></span> <span class='ocrx_word' id='word_1_408' title='bbox 3077 2652 3162 2697; x_wconf 90' lang='lat' dir='ltr'><strong>est</strong></span> <span class='ocrx_word' id='word_1_409' title='bbox 3202 2645 3345 2698; x_wconf 89' lang='lat' dir='ltr'><strong>enim</strong></span> <span class='ocrx_word' id='word_1_410' title='bbox 3376 2660 3494 2700; x_wconf 90' lang='lat' dir='ltr'><strong>om-</strong></span> 
     </span>
    </p>
   </div>
   <div class='ocr_carea' id='block_1_57' title="bbox 1908 2724 3495 2801">
    <p class='ocr_par' dir='ltr' id='par_1_57' title="bbox 1908 2724 3495 2801">
     <span class='ocr_line' id='line_1_57' title="bbox 1908 2724 3495 2801; baseline 0.009 -26"><span class='ocrx_word' id='word_1_411' title='bbox 1908 2724 2058 2776; x_wconf 88' lang='lat' dir='ltr'><strong>nium</strong></span> <span class='ocrx_word' id='word_1_412' title='bbox 2107 2725 2159 2778; x_wconf 89' lang='lat' dir='ltr'><strong>in</strong></span> <span class='ocrx_word' id='word_1_413' title='bbox 2200 2725 2460 2781; x_wconf 87' lang='lat' dir='ltr'><strong>tradenda</strong></span> <span class='ocrx_word' id='word_1_414' title='bbox 2488 2730 2720 2785; x_wconf 86' lang='lat' dir='ltr'><strong>veritate</strong></span> <span class='ocrx_word' id='word_1_415' title='bbox 2763 2733 2936 2801; x_wconf 85' lang='lat' dir='ltr'><strong>prima</strong></span> <span class='ocrx_word' id='word_1_416' title='bbox 2974 2733 3395 2799; x_wconf 85' lang='lat' dir='ltr'><strong>demonstratio,</strong></span> <span class='ocrx_word' id='word_1_417' title='bbox 3439 2746 3495 2791; x_wconf 87' lang='lat' dir='ltr'><strong>et</strong></span> 
     </span>
    </p>
   </div>
   <div class='ocr_carea' id='block_1_58' title="bbox 1908 2817 3493 2888">
    <p class='ocr_par' dir='ltr' id='par_1_58' title="bbox 1908 2817 3493 2888">
     <span class='ocr_line' id='line_1_58' title="bbox 1908 2817 3493 2888; baseline 0.011 -19"><span class='ocrx_word' id='word_1_418' title='bbox 1908 2817 2087 2871; x_wconf 81' lang='lat' dir='ltr'><strong>unicae</strong></span> <span class='ocrx_word' id='word_1_419' title='bbox 2118 2817 2346 2888; x_wconf 77' lang='lat' dir='ltr'><strong>virginis</strong></span> <span class='ocrx_word' id='word_1_420' title='bbox 2380 2821 2527 2876; x_wconf 88' lang='lat' dir='ltr'><strong>illius</strong></span> <span class='ocrx_word' id='word_1_421' title='bbox 2569 2837 2632 2877; x_wconf 88' lang='lat' dir='ltr'><strong>ac</strong></span> <span class='ocrx_word' id='word_1_422' title='bbox 2683 2826 3050 2881; x_wconf 75' lang='lat' dir='ltr'><strong>sanctissima:</strong></span> <span class='ocrx_word' id='word_1_423' title='bbox 3091 2835 3144 2882; x_wconf 87' lang='lat' dir='ltr'><strong>et</strong></span> <span class='ocrx_word' id='word_1_424' title='bbox 3181 2830 3493 2886; x_wconf 89' lang='lat' dir='ltr'><strong>innocentis</strong></span> 
     </span>
    </p>
   </div>
   <div class='ocr_carea' id='block_1_59' title="bbox 1907 2896 3492 2988">
    <p class='ocr_par' dir='ltr' id='par_1_59' title="bbox 1907 2896 3492 2988">
     <span class='ocr_line' id='line_1_59' title="bbox 1907 2896 3492 2988; baseline 0.007 -23"><span class='ocrx_word' id='word_1_425' title='bbox 1907 2911 2180 2966; x_wconf 81' lang='lat' dir='ltr'><strong>columbae</strong></span> <span class='ocrx_word' id='word_1_426' title='bbox 2210 2911 2333 2966; x_wconf 90' lang='lat' dir='ltr'><strong>ﬁdei</strong></span> <span class='ocrx_word' id='word_1_427' title='bbox 2364 2896 2790 2980; x_wconf 51' lang='lat' dir='ltr'><strong>ﬁrmamentum,</strong></span> <span class='ocrx_word' id='word_1_428' title='bbox 2835 2919 2900 2972; x_wconf 90' lang='lat' dir='ltr'><strong>de</strong></span> <span class='ocrx_word' id='word_1_429' title='bbox 2925 2934 3032 2988; x_wconf 86' lang='lat' dir='ltr'><strong>qua</strong></span> <span class='ocrx_word' id='word_1_430' title='bbox 3069 2918 3336 2975; x_wconf 91' lang='lat' dir='ltr'><strong>Dominus</strong></span> <span class='ocrx_word' id='word_1_431' title='bbox 3363 2938 3492 2976; x_wconf 86' lang='lat' dir='ltr'><strong>sau-</strong></span> 
     </span>
    </p>
   </div>
   <div class='ocr_carea' id='block_1_60' title="bbox 1905 3001 3495 3075">
    <p class='ocr_par' dir='ltr' id='par_1_60' title="bbox 1905 3001 3495 3075">
     <span class='ocr_line' id='line_1_60' title="bbox 1905 3001 3495 3075; baseline 0.008 -18"><span class='ocrx_word' id='word_1_432' title='bbox 1905 3003 1982 3057; x_wconf 69' lang='grc' dir='ltr'><strong>(ειί</strong></span> <span class='ocrx_word' id='word_1_433' title='bbox 2023 3001 2261 3073; x_wconf 90' lang='lat' dir='ltr'><strong>Spiritus</strong></span> <span class='ocrx_word' id='word_1_434' title='bbox 2289 3004 2467 3059; x_wconf 86' lang='lat' dir='ltr'><strong>aﬁlatu</strong></span> <span class='ocrx_word' id='word_1_435' title='bbox 2506 3023 2604 3075; x_wconf 88' lang='lat' dir='ltr'><strong>per</strong></span> <span class='ocrx_word' id='word_1_436' title='bbox 2630 3009 2976 3065; x_wconf 85' lang='lat' dir='ltr'><strong>Salomonem</strong></span> <span class='ocrx_word' id='word_1_437' title='bbox 3011 3011 3124 3066; x_wconf 79' lang='lat' dir='ltr'><strong>haec</strong></span> <span class='ocrx_word' id='word_1_438' title='bbox 3158 3014 3212 3067; x_wconf 92' lang='lat' dir='ltr'><strong>in</strong></span> <span class='ocrx_word' id='word_1_439' title='bbox 3242 3013 3495 3070; x_wconf 75' lang='lat' dir='ltr'><strong>Cantico-</strong></span> 
     </span>
    </p>
   </div>
   <div class='ocr_carea' id='block_1_61' title="bbox 1912 3097 3488 3174">
    <p class='ocr_par' dir='ltr' id='par_1_61' title="bbox 1912 3097 3488 3174">
     <span class='ocr_line' id='line_1_61' title="bbox 1912 3097 3488 3174; baseline 0.008 -27"><span class='ocrx_word' id='word_1_440' title='bbox 1912 3111 2032 3147; x_wconf 88' lang='lat' dir='ltr'><strong>rum</strong></span> <span class='ocrx_word' id='word_1_441' title='bbox 2072 3098 2288 3149; x_wconf 88' lang='lat' dir='ltr'><strong>cantico</strong></span> <span class='ocrx_word' id='word_1_442' title='bbox 2313 3097 2640 3166; x_wconf 70' lang='lat' dir='ltr'><strong>signiﬁcavit</strong></span> <span class='ocrx_word' id='word_1_443' title='bbox 2673 3117 2686 3153; x_wconf 91' lang='lat'><strong>:</strong></span> <span class='ocrx_word' id='word_1_444' title='bbox 2723 3098 3013 3171; x_wconf 74' lang='lat' dir='ltr'><strong>Sexaginta</strong></span> <span class='ocrx_word' id='word_1_445' title='bbox 3042 3114 3165 3157; x_wconf 79' lang='lat' dir='ltr'><strong>sunt</strong></span> <span class='ocrx_word' id='word_1_446' title='bbox 3195 3107 3409 3174; x_wconf 66' lang='lat' dir='ltr'><strong>regium,</strong></span> <span class='ocrx_word' id='word_1_447' title='bbox 3440 3118 3488 3160; x_wconf 84' lang='lat' dir='ltr'><strong>et</strong></span> 
     </span>
    </p>
   </div>
   <div class='ocr_carea' id='block_1_62' title="bbox 211 3168 1800 3278">
    <p class='ocr_par' dir='ltr' id='par_1_62' title="bbox 211 3168 1797 3242">
     <span class='ocr_line' id='line_1_62' title="bbox 211 3168 1797 3242; baseline -0.002 -14"><span class='ocrx_word' id='word_1_448' title='bbox 211 3176 546 3236; x_wconf 73' lang='grc' dir='ltr'>παλλακαὶ,</span> <span class='ocrx_word' id='word_1_449' title='bbox 599 3174 697 3228; x_wconf 74' lang='grc' dir='ltr'>καὶ</span> <span class='ocrx_word' id='word_1_450' title='bbox 731 3173 1000 3239; x_wconf 71' lang='grc' dir='ltr'>νεάνιδες</span> <span class='ocrx_word' id='word_1_451' title='bbox 1038 3168 1125 3226; x_wconf 72' lang='grc' dir='ltr'><strong>ὧν</strong></span> <span class='ocrx_word' id='word_1_452' title='bbox 1155 3175 1264 3226; x_wconf 70' lang='grc' dir='ltr'>οὐκ</span> <span class='ocrx_word' id='word_1_453' title='bbox 1311 3174 1482 3226; x_wconf 74' lang='grc' dir='ltr'>ἔστιν</span> <span class='ocrx_word' id='word_1_454' title='bbox 1521 3174 1797 3242; x_wconf 75' lang='grc' dir='ltr'>ἀρ-’θμόςο</span> 
     </span>
    </p>
   </div>
   <div class='ocr_carea' id='block_1_63' title="bbox 1908 3168 3487 3278">
    <p class='ocr_par' dir='ltr' id='par_1_63' title="bbox 1908 3173 3487 3266">
     <span class='ocr_line' id='line_1_63' title="bbox 1908 3173 3487 3266; baseline 0.011 -30"><span class='ocrx_word' id='word_1_455' title='bbox 1908 3186 2176 3254; x_wconf 78' lang='lat' dir='ltr'><strong>octoginta</strong></span> <span class='ocrx_word' id='word_1_456' title='bbox 2216 3173 2542 3256; x_wconf 53' lang='lat' dir='ltr'><strong>concubium,</strong></span> <span class='ocrx_word' id='word_1_457' title='bbox 2587 3200 2636 3242; x_wconf 77' lang='lat' dir='ltr'><strong>et</strong></span> <span class='ocrx_word' id='word_1_458' title='bbox 2672 3191 3078 3248; x_wconf 75' lang='lat' dir='ltr'><strong>adolescentqu</strong></span> <span class='ocrx_word' id='word_1_459' title='bbox 3125 3214 3350 3266; x_wconf 83' lang='lat' dir='ltr'><strong>quarum</strong></span> <span class='ocrx_word' id='word_1_460' title='bbox 3385 3217 3487 3254; x_wconf 75' lang='lat' dir='ltr'><strong>non</strong></span> 
     </span>
    </p>
   </div>
   <div class='ocr_carea' id='block_1_64' title="bbox 205 3262 1800 3334">
    <p class='ocr_par' dir='ltr' id='par_1_64' title="bbox 205 3262 1800 3334">
     <span class='ocr_line' id='line_1_64' title="bbox 205 3262 1800 3334; baseline -0.002 -19"><span class='ocrx_word' id='word_1_461' title='bbox 205 3265 321 3334; x_wconf 77' lang='grc' dir='ltr'><strong>μία</strong></span> <span class='ocrx_word' id='word_1_462' title='bbox 353 3263 484 3317; x_wconf 83' lang='grc' dir='ltr'>ἐστὶ</span> <span class='ocrx_word' id='word_1_463' title='bbox 512 3262 832 3331; x_wconf 78' lang='grc' dir='ltr'>περιστερά</span> <span class='ocrx_word' id='word_1_464' title='bbox 857 3281 997 3331; x_wconf 82' lang='grc' dir='ltr'>μου,</span> <span class='ocrx_word' id='word_1_465' title='bbox 1031 3263 1228 3315; x_wconf 73' lang='grc' dir='ltr'>τελεία</span> <span class='ocrx_word' id='word_1_466' title='bbox 1268 3280 1409 3330; x_wconf 82' lang='grc' dir='ltr'>μου.</span> <span class='ocrx_word' id='word_1_467' title='bbox 1447 3264 1602 3314; x_wconf 82' lang='grc' dir='ltr'>Μετὰ</span> <span class='ocrx_word' id='word_1_468' title='bbox 1635 3279 1800 3332; x_wconf 88' lang='grc' dir='ltr'>προσ-</span> 
     </span>
    </p>
   </div>
   <div class='ocr_carea' id='block_1_65' title="bbox 209 3355 1801 3431">
    <p class='ocr_par' dir='ltr' id='par_1_65' title="bbox 209 3355 1801 3431">
     <span class='ocr_line' id='line_1_65' title="bbox 209 3355 1801 3431; baseline -0.019 -19"><span class='ocrx_word' id='word_1_469' title='bbox 209 3362 389 3431; x_wconf 80' lang='grc' dir='ltr'>θήκης</span> <span class='ocrx_word' id='word_1_470' title='bbox 415 3358 496 3424; x_wconf 82' lang='grc' dir='ltr'><strong>τὸ,</strong></span> <span class='ocrx_word' id='word_1_471' title='bbox 519 3359 658 3427; x_wconf 55' lang='lat' dir='ltr'><strong>pm&quot;),</strong></span> <span class='ocrx_word' id='word_1_472' title='bbox 691 3359 803 3422; x_wconf 71' lang='grc' dir='ltr'>καὶ,</span> <span class='ocrx_word' id='word_1_473' title='bbox 827 3359 966 3427; x_wconf 82' lang='grc' dir='ltr'>μοῦ.</span> <span class='ocrx_word' id='word_1_474' title='bbox 1003 3358 1177 3410; x_wconf 79' lang='grc' dir='ltr'>Αὑτοῦ</span> <span class='ocrx_word' id='word_1_475' title='bbox 1211 3361 1320 3428; x_wconf 77' lang='grc' dir='ltr'><strong>γὰρ</strong></span> <span class='ocrx_word' id='word_1_476' title='bbox 1355 3355 1674 3426; x_wconf 50' lang='grc' dir='ltr'>περιστερὰ,</span> <span class='ocrx_word' id='word_1_477' title='bbox 1708 3356 1801 3408; x_wconf 56' lang='grc' dir='ltr'>καὶ</span> 
     </span>
    </p>
   </div>
   <div class='ocr_carea' id='block_1_66' title="bbox 207 3448 1802 3519">
    <p class='ocr_par' dir='ltr' id='par_1_66' title="bbox 207 3448 1802 3519">
     <span class='ocr_line' id='line_1_66' title="bbox 207 3448 1802 3519; baseline -0.005 -13"><span class='ocrx_word' id='word_1_478' title='bbox 207 3450 380 3506; x_wconf 85' lang='grc' dir='ltr'>αὑτοῦ</span> <span class='ocrx_word' id='word_1_479' title='bbox 413 3450 615 3513; x_wconf 85' lang='grc' dir='ltr'>τελεία,</span> <span class='ocrx_word' id='word_1_480' title='bbox 646 3450 720 3514; x_wconf 81' lang='grc' dir='ltr'>ὡς</span> <span class='ocrx_word' id='word_1_481' title='bbox 767 3451 876 3503; x_wconf 85' lang='grc' dir='ltr'><strong>τῶν</strong></span> <span class='ocrx_word' id='word_1_482' title='bbox 916 3450 1090 3504; x_wconf 86' lang='grc' dir='ltr'>ἄλλων</span> <span class='ocrx_word' id='word_1_483' title='bbox 1122 3449 1429 3519; x_wconf 83' lang='grc' dir='ltr'>λεγομένων</span> <span class='ocrx_word' id='word_1_484' title='bbox 1479 3449 1574 3501; x_wconf 70' lang='grc' dir='ltr'><strong>καὶ</strong></span> <span class='ocrx_word' id='word_1_485' title='bbox 1610 3449 1682 3517; x_wconf 80' lang='grc' dir='ltr'>μὴ</span> <span class='ocrx_word' id='word_1_486' title='bbox 1711 3448 1802 3499; x_wconf 78' lang='grc' dir='ltr'>οὑ-</span> 
     </span>
    </p>
   </div>
   <div class='ocr_carea' id='block_1_67' title="bbox 209 3540 1799 3612">
    <p class='ocr_par' dir='ltr' id='par_1_67' title="bbox 209 3540 1799 3612">
     <span class='ocr_line' id='line_1_67' title="bbox 209 3540 1799 3612; baseline -0.003 -16"><span class='ocrx_word' id='word_1_487' title='bbox 209 3544 346 3605; x_wconf 87' lang='grc' dir='ltr'>σῶν,</span> <span class='ocrx_word' id='word_1_488' title='bbox 383 3542 552 3611; x_wconf 82' lang='grc' dir='ltr'>αὑτῆς</span> <span class='ocrx_word' id='word_1_489' title='bbox 578 3543 634 3594; x_wconf 77' lang='grc' dir='ltr'>δὲ</span> <span class='ocrx_word' id='word_1_490' title='bbox 679 3543 860 3612; x_wconf 77' lang='grc' dir='ltr'>διττῆς</span> <span class='ocrx_word' id='word_1_491' title='bbox 894 3542 1321 3612; x_wconf 74' lang='grc' dir='ltr'>ὀνομαζομένης.</span> <span class='ocrx_word' id='word_1_492' title='bbox 1373 3540 1497 3592; x_wconf 74' lang='grc' dir='ltr'>Ἐπὶ</span> <span class='ocrx_word' id='word_1_493' title='bbox 1543 3540 1650 3610; x_wconf 77' lang='grc' dir='ltr'><strong>γὰρ</strong></span> <span class='ocrx_word' id='word_1_494' title='bbox 1681 3544 1799 3602; x_wconf 85' lang='grc' dir='ltr'>ταῖς</span> 
     </span>
    </p>
   </div>
   <div class='ocr_carea' id='block_1_68' title="bbox 205 3631 1796 3704">
    <p class='ocr_par' dir='ltr' id='par_1_68' title="bbox 205 3631 1796 3704">
     <span class='ocr_line' id='line_1_68' title="bbox 205 3631 1796 3704; baseline -0.003 -15"><span class='ocrx_word' id='word_1_495' title='bbox 205 3635 401 3697; x_wconf 84' lang='grc' dir='ltr'>ἄλλαις</span> <span class='ocrx_word' id='word_1_496' title='bbox 426 3635 525 3686; x_wconf 86' lang='grc' dir='ltr'><strong>οὑκ</strong></span> <span class='ocrx_word' id='word_1_497' title='bbox 555 3631 709 3687; x_wconf 76' lang='grc' dir='ltr'>εἶπεν</span> <span class='ocrx_word' id='word_1_498' title='bbox 729 3651 742 3664; x_wconf 75' lang='grc'><strong><em>⁸</em></strong></span> <span class='ocrx_word' id='word_1_499' title='bbox 805 3635 1166 3704; x_wconf 73' lang='grc' dir='ltr'>Ὀγδοὴκοντά</span> <span class='ocrx_word' id='word_1_500' title='bbox 1199 3635 1304 3686; x_wconf 82' lang='grc' dir='ltr'>εἰσι</span> <span class='ocrx_word' id='word_1_501' title='bbox 1337 3632 1607 3686; x_wconf 84' lang='grc' dir='ltr'>παλλακαί</span> <span class='ocrx_word' id='word_1_502' title='bbox 1636 3650 1755 3701; x_wconf 80' lang='grc' dir='ltr'><strong>μου</strong></span> <span class='ocrx_word' id='word_1_503' title='bbox 1784 3647 1796 3660; x_wconf 85' lang='lat'><strong><em>°</em></strong></span> 
     </span>
    </p>
   </div>
   <div class='ocr_carea' id='block_1_69' title="bbox 203 3725 1796 3796">
    <p class='ocr_par' dir='ltr' id='par_1_69' title="bbox 203 3725 1796 3796">
     <span class='ocr_line' id='line_1_69' title="bbox 203 3725 1796 3796; baseline -0.002 -17"><span class='ocrx_word' id='word_1_504' title='bbox 203 3725 350 3779; x_wconf 76' lang='grc' dir='ltr'>ἀλλὰ</span> <span class='ocrx_word' id='word_1_505' title='bbox 391 3729 509 3789; x_wconf 88' lang='grc' dir='ltr'>ταῖς</span> <span class='ocrx_word' id='word_1_506' title='bbox 558 3726 657 3796; x_wconf 82' lang='grc' dir='ltr'><strong>μὲν</strong></span> <span class='ocrx_word' id='word_1_507' title='bbox 687 3726 1023 3795; x_wconf 77' lang='grc' dir='ltr'>βασιλίσσαις</span> <span class='ocrx_word' id='word_1_508' title='bbox 1065 3725 1152 3777; x_wconf 76' lang='grc' dir='ltr'>διὰ</span> <span class='ocrx_word' id='word_1_509' title='bbox 1203 3725 1302 3794; x_wconf 81' lang='grc' dir='ltr'>τῆς</span> <span class='ocrx_word' id='word_1_510' title='bbox 1352 3725 1562 3790; x_wconf 77' lang='grc' dir='ltr'>ἐνδόξου</span> <span class='ocrx_word' id='word_1_511' title='bbox 1600 3725 1796 3793; x_wconf 70' lang='grc' dir='ltr'>ὀνομα-</span> 
     </span>
    </p>
   </div>
   <div class='ocr_carea' id='block_1_70' title="bbox 205 3817 1797 3888">
    <p class='ocr_par' dir='ltr' id='par_1_70' title="bbox 205 3817 1797 3888">
     <span class='ocr_line' id='line_1_70' title="bbox 205 3817 1797 3888; baseline -0.001 -19"><span class='ocrx_word' id='word_1_512' title='bbox 205 3818 335 3879; x_wconf 78' lang='grc' dir='ltr'>σίας</span> <span class='ocrx_word' id='word_1_513' title='bbox 383 3818 480 3888; x_wconf 76' lang='grc' dir='ltr'><strong>τὴν</strong></span> <span class='ocrx_word' id='word_1_514' title='bbox 529 3820 826 3885; x_wconf 59' lang='grc' dir='ltr'>συνάφειαν</span> <span class='ocrx_word' id='word_1_515' title='bbox 868 3819 965 3886; x_wconf 71' lang='grc' dir='ltr'>τῆς</span> <span class='ocrx_word' id='word_1_516' title='bbox 1029 3817 1188 3887; x_wconf 73' lang='grc' dir='ltr'>τιμῆς</span> <span class='ocrx_word' id='word_1_517' title='bbox 1238 3819 1564 3885; x_wconf 70' lang='grc' dir='ltr'>ἀπένειμεν·</span> <span class='ocrx_word' id='word_1_518' title='bbox 1616 3817 1708 3868; x_wconf 69' lang='grc' dir='ltr'>ἐπὶ</span> <span class='ocrx_word' id='word_1_519' title='bbox 1741 3817 1797 3868; x_wconf 76' lang='grc' dir='ltr'><strong>δὲ</strong></span> 
     </span>
    </p>
   </div>
   <div class='ocr_carea' id='block_1_71' title="bbox 201 3903 1796 3978">
    <p class='ocr_par' dir='ltr' id='par_1_71' title="bbox 201 3903 1796 3978">
     <span class='ocr_line' id='line_1_71' title="bbox 201 3903 1796 3978; baseline 0 -18"><span class='ocrx_word' id='word_1_520' title='bbox 201 3911 330 3970; x_wconf 71' lang='grc' dir='ltr'>ταῖς</span> <span class='ocrx_word' id='word_1_521' title='bbox 360 3908 662 3972; x_wconf 80' lang='grc' dir='ltr'>παλλακαῖς</span> <span class='ocrx_word' id='word_1_522' title='bbox 696 3909 756 3961; x_wconf 72' lang='grc' dir='ltr'>τὸ</span> <span class='ocrx_word' id='word_1_523' title='bbox 790 3909 1070 3977; x_wconf 76' lang='grc' dir='ltr'>ἀλλότριον</span> <span class='ocrx_word' id='word_1_524' title='bbox 1099 3909 1282 3961; x_wconf 85' lang='grc' dir='ltr'>τέλεον</span> <span class='ocrx_word' id='word_1_525' title='bbox 1322 3910 1664 3978; x_wconf 72' lang='grc' dir='ltr'>ἀπεφήνατο.</span> <span class='ocrx_word' id='word_1_526' title='bbox 1699 3903 1796 3960; x_wconf 82' lang='grc' dir='ltr'>Ὧν</span> 
     </span>
    </p>
   </div>
   <div class='ocr_carea' id='block_1_72' title="bbox 201 4000 1797 4071">
    <p class='ocr_par' dir='ltr' id='par_1_72' title="bbox 201 4000 1797 4071">
     <span class='ocr_line' id='line_1_72' title="bbox 201 4000 1797 4071; baseline 0 -19"><span class='ocrx_word' id='word_1_527' title='bbox 201 4001 336 4063; x_wconf 70' lang='grc' dir='ltr'>τοὺς</span> <span class='ocrx_word' id='word_1_528' title='bbox 385 4000 653 4071; x_wconf 78' lang='grc' dir='ltr'>ἀριθμοὺς</span> <span class='ocrx_word' id='word_1_529' title='bbox 686 4001 796 4071; x_wconf 72' lang='lat'><strong>(‘26)</strong></span> <span class='ocrx_word' id='word_1_530' title='bbox 852 4003 931 4063; x_wconf 83' lang='grc' dir='ltr'>εἰς</span> <span class='ocrx_word' id='word_1_531' title='bbox 982 4001 1150 4070; x_wconf 76' lang='grc' dir='ltr'>ὄνομα</span> <span class='ocrx_word' id='word_1_532' title='bbox 1205 4001 1593 4070; x_wconf 73' lang='grc' dir='ltr'>λαμϐάνοντες,</span> <span class='ocrx_word' id='word_1_533' title='bbox 1656 4000 1797 4052; x_wconf 76' lang='grc' dir='ltr'>κατὰ</span> 
     </span>
    </p>
   </div>
   <div class='ocr_carea' id='block_1_73' title="bbox 199 4091 1795 4162">
    <p class='ocr_par' dir='ltr' id='par_1_73' title="bbox 199 4091 1795 4162">
     <span class='ocr_line' id='line_1_73' title="bbox 199 4091 1795 4162; baseline 0.001 -20"><span class='ocrx_word' id='word_1_534' title='bbox 199 4093 308 4159; x_wconf 79' lang='grc' dir='ltr'>τὴν</span> <span class='ocrx_word' id='word_1_535' title='bbox 353 4093 641 4162; x_wconf 80' lang='grc' dir='ltr'>ἀναγωγὴν</span> <span class='ocrx_word' id='word_1_536' title='bbox 695 4093 793 4162; x_wconf 75' lang='grc' dir='ltr'>τῆς</span> <span class='ocrx_word' id='word_1_537' title='bbox 851 4091 1082 4161; x_wconf 82' lang='grc' dir='ltr'>θεωρίας</span> <span class='ocrx_word' id='word_1_538' title='bbox 1138 4092 1550 4161; x_wconf 68' lang='grc' dir='ltr'>ἐπεργάσασθαι</span> <span class='ocrx_word' id='word_1_539' title='bbox 1607 4093 1664 4143; x_wconf 82' lang='grc' dir='ltr'><strong>ἐν</strong></span> <span class='ocrx_word' id='word_1_540' title='bbox 1718 4091 1795 4161; x_wconf 79' lang='grc' dir='ltr'>τῷ</span> 
     </span>
    </p>
   </div>
   <div class='ocr_carea' id='block_1_74' title="bbox 199 4175 1794 4255">
    <p class='ocr_par' dir='ltr' id='par_1_74' title="bbox 199 4175 1794 4255">
     <span class='ocr_line' id='line_1_74' title="bbox 199 4175 1794 4255; baseline -0.024 14"><span class='ocrx_word' id='word_1_541' title='bbox 199 4185 358 4253; x_wconf 70' lang='grc' dir='ltr'><strong>τόπῳ</strong></span> <span class='ocrx_word' id='word_1_542' title='bbox 409 4184 852 4255; x_wconf 60' lang='grc' dir='ltr'><strong>ἀναγκαζόμεθα,</strong></span> <span class='ocrx_word' id='word_1_543' title='bbox 915 4175 1004 4237; x_wconf 74' lang='grc' dir='ltr'>διὰ</span> <span class='ocrx_word' id='word_1_544' title='bbox 1047 4184 1108 4236; x_wconf 83' lang='grc' dir='ltr'><strong>τὸ</strong></span> <span class='ocrx_word' id='word_1_545' title='bbox 1159 4183 1233 4254; x_wconf 86' lang='grc' dir='ltr'><strong>μὴ</strong></span> <span class='ocrx_word' id='word_1_546' title='bbox 1290 4183 1673 4254; x_wconf 72' lang='grc' dir='ltr'>ὑπερϐαίνειν,</span> <span class='ocrx_word' id='word_1_547' title='bbox 1713 4185 1794 4236; x_wconf 76' lang='grc' dir='ltr'>ὅτι</span> 
     </span>
    </p>
   </div>
   <div class='ocr_carea' id='block_1_75' title="bbox 197 4275 1793 4346">
    <p class='ocr_par' dir='ltr' id='par_1_75' title="bbox 197 4275 1793 4346">
     <span class='ocr_line' id='line_1_75' title="bbox 197 4275 1793 4346; baseline 0.001 -19"><span class='ocrx_word' id='word_1_548' title='bbox 197 4275 687 4346; x_wconf 72' lang='grc' dir='ltr'>ψυχρολογοῦντες,</span> <span class='ocrx_word' id='word_1_549' title='bbox 747 4277 862 4329; x_wconf 80' lang='grc' dir='ltr'>ἀλλ’</span> <span class='ocrx_word' id='word_1_550' title='bbox 918 4279 977 4328; x_wconf 85' lang='grc' dir='ltr'><strong>ἐν</strong></span> <span class='ocrx_word' id='word_1_551' title='bbox 1035 4277 1262 4346; x_wconf 74' lang='grc' dir='ltr'>ἀληθείᾳ</span> <span class='ocrx_word' id='word_1_552' title='bbox 1310 4275 1504 4343; x_wconf 79' lang='grc' dir='ltr'>λόγους</span> <span class='ocrx_word' id='word_1_553' title='bbox 1548 4275 1634 4329; x_wconf 77' lang='grc' dir='ltr'><strong>διὰ</strong></span> <span class='ocrx_word' id='word_1_554' title='bbox 1684 4275 1793 4328; x_wconf 90' lang='grc' dir='ltr'><strong>τῶν</strong></span> 
     </span>
    </p>
   </div>
   <div class='ocr_carea' id='block_1_76' title="bbox 197 4367 1792 4439">
    <p class='ocr_par' dir='ltr' id='par_1_76' title="bbox 197 4367 1792 4439">
     <span class='ocr_line' id='line_1_76' title="bbox 197 4367 1792 4439; baseline -0.002 -18"><span class='ocrx_word' id='word_1_555' title='bbox 197 4367 474 4436; x_wconf 80' lang='grc' dir='ltr'>ἀληθινῶν</span> <span class='ocrx_word' id='word_1_556' title='bbox 507 4369 738 4439; x_wconf 65' lang='grc' dir='ltr'>Γραφῶν</span> <span class='ocrx_word' id='word_1_557' title='bbox 762 4372 880 4432; x_wconf 83' lang='grc' dir='ltr'>ταῖς</span> <span class='ocrx_word' id='word_1_558' title='bbox 915 4369 1193 4439; x_wconf 79' lang='grc' dir='ltr'>ἀληθιναῖς</span> <span class='ocrx_word' id='word_1_559' title='bbox 1227 4368 1483 4438; x_wconf 80' lang='grc' dir='ltr'>θεωρίαις</span> <span class='ocrx_word' id='word_1_560' title='bbox 1507 4367 1792 4433; x_wconf 66' lang='grc' dir='ltr'><strong>ιΞιντεξετά·⁸</strong></span> 
     </span>
    </p>
   </div>
   <div class='ocr_carea' id='block_1_77' title="bbox 197 4459 1790 4532">
    <p class='ocr_par' dir='ltr' id='par_1_77' title="bbox 197 4459 1790 4532">
     <span class='ocr_line' id='line_1_77' title="bbox 197 4459 1790 4532; baseline -0.001 -20"><span class='ocrx_word' id='word_1_561' title='bbox 197 4459 411 4524; x_wconf 82' lang='grc' dir='ltr'>ζοντες.</span> <span class='ocrx_word' id='word_1_562' title='bbox 452 4461 573 4513; x_wconf 87' lang='grc' dir='ltr'>Ὅτι</span> <span class='ocrx_word' id='word_1_563' title='bbox 625 4462 722 4530; x_wconf 85' lang='grc' dir='ltr'><strong>μὲν</strong></span> <span class='ocrx_word' id='word_1_564' title='bbox 771 4461 880 4532; x_wconf 78' lang='grc' dir='ltr'><strong>γὰρ</strong></span> <span class='ocrx_word' id='word_1_565' title='bbox 917 4461 1009 4513; x_wconf 78' lang='grc' dir='ltr'><strong>καὶ</strong></span> <span class='ocrx_word' id='word_1_566' title='bbox 1056 4463 1083 4513; x_wconf 92' lang='lat'><strong>6</strong></span> <span class='ocrx_word' id='word_1_567' title='bbox 1125 4459 1357 4531; x_wconf 77' lang='grc' dir='ltr'>ἀριθμὸς</span> <span class='ocrx_word' id='word_1_568' title='bbox 1405 4460 1790 4529; x_wconf 78' lang='grc' dir='ltr'>γεγραμμένος</span> 
     </span>
    </p>
   </div>
   <div class='ocr_carea' id='block_1_78' title="bbox 1904 3284 3484 3357">
    <p class='ocr_par' dir='ltr' id='par_1_78' title="bbox 1904 3284 3484 3357">
     <span class='ocr_line' id='line_1_78' title="bbox 1904 3284 3484 3357; baseline 0.012 -29"><span class='ocrx_word' id='word_1_569' title='bbox 1904 3285 1983 3329; x_wconf 77' lang='lat' dir='ltr'><strong>est</strong></span> <span class='ocrx_word' id='word_1_570' title='bbox 2028 3294 2316 3343; x_wconf 84' lang='lat' dir='ltr'><strong>numerus;</strong></span> <span class='ocrx_word' id='word_1_571' title='bbox 2346 3296 2452 3332; x_wconf 84' lang='lat' dir='ltr'><strong>una</strong></span> <span class='ocrx_word' id='word_1_572' title='bbox 2487 3291 2562 3335; x_wconf 82' lang='lat' dir='ltr'><strong>est</strong></span> <span class='ocrx_word' id='word_1_573' title='bbox 2594 3284 2838 3338; x_wconf 80' lang='lat' dir='ltr'><strong>columba</strong></span> <span class='ocrx_word' id='word_1_574' title='bbox 2874 3303 3009 3345; x_wconf 77' lang='lat' dir='ltr'><strong>mea.</strong></span> <span class='ocrx_word' id='word_1_575' title='bbox 3051 3291 3282 3357; x_wconf 80' lang='lat' dir='ltr'><strong>perfecta</strong></span> <span class='ocrx_word' id='word_1_576' title='bbox 3317 3310 3429 3347; x_wconf 80' lang='lat' dir='ltr'><strong>mea</strong></span> <span class='ocrx_word' id='word_1_577' title='bbox 3444 3294 3484 3346; x_wconf 70' lang='grc'>⁸.</span> 
     </span>
    </p>
   </div>
   <div class='ocr_carea' id='block_1_79' title="bbox 1907 3363 3487 3452">
    <p class='ocr_par' dir='ltr' id='par_1_79' title="bbox 1907 3363 3487 3452">
     <span class='ocr_line' id='line_1_79' title="bbox 1907 3363 3487 3452; baseline 0.012 -34"><span class='ocrx_word' id='word_1_578' title='bbox 1907 3363 2009 3419; x_wconf 90' lang='lat' dir='ltr'><strong>Ubi</strong></span> <span class='ocrx_word' id='word_1_579' title='bbox 2040 3365 2124 3419; x_wconf 92' lang='lat' dir='ltr'><strong>bis</strong></span> <span class='ocrx_word' id='word_1_580' title='bbox 2154 3367 2244 3421; x_wconf 87' lang='lat' dir='ltr'><strong>illa</strong></span> <span class='ocrx_word' id='word_1_581' title='bbox 2280 3370 2510 3437; x_wconf 86' lang='lat' dir='ltr'><strong>repetita</strong></span> <span class='ocrx_word' id='word_1_582' title='bbox 2543 3371 2831 3438; x_wconf 79' lang='lat' dir='ltr'><strong>voeabula,</strong></span> <span class='ocrx_word' id='word_1_583' title='bbox 2866 3393 3005 3443; x_wconf 85' lang='lat' dir='ltr'><strong>mea,</strong></span> <span class='ocrx_word' id='word_1_584' title='bbox 3028 3386 3102 3442; x_wconf 89' lang='lat' dir='ltr'><strong>et,</strong></span> <span class='ocrx_word' id='word_1_585' title='bbox 3140 3396 3276 3434; x_wconf 75' lang='lat' dir='ltr'><strong>mea.</strong></span> <span class='ocrx_word' id='word_1_586' title='bbox 3309 3381 3487 3452; x_wconf 84' lang='lat' dir='ltr'><strong>Hujus</strong></span> 
     </span>
    </p>
   </div>
   <div class='ocr_carea' id='block_1_80' title="bbox 1903 3458 3489 3537">
    <p class='ocr_par' dir='ltr' id='par_1_80' title="bbox 1903 3458 3489 3537">
     <span class='ocr_line' id='line_1_80' title="bbox 1903 3458 3489 3537; baseline 0.012 -27"><span class='ocrx_word' id='word_1_587' title='bbox 1903 3458 2047 3510; x_wconf 88' lang='lat' dir='ltr'><strong>enim</strong></span> <span class='ocrx_word' id='word_1_588' title='bbox 2089 3458 2366 3518; x_wconf 82' lang='lat' dir='ltr'><strong>columba.</strong></span> <span class='ocrx_word' id='word_1_589' title='bbox 2415 3461 2581 3530; x_wconf 85' lang='lat' dir='ltr'><strong>hujus</strong></span> <span class='ocrx_word' id='word_1_590' title='bbox 2615 3473 2698 3517; x_wconf 87' lang='lat' dir='ltr'><strong>est</strong></span> <span class='ocrx_word' id='word_1_591' title='bbox 2747 3465 2837 3518; x_wconf 86' lang='lat' dir='ltr'><strong>illa</strong></span> <span class='ocrx_word' id='word_1_592' title='bbox 2879 3468 3144 3537; x_wconf 78' lang='lat' dir='ltr'><strong>perfecta,</strong></span> <span class='ocrx_word' id='word_1_593' title='bbox 3179 3479 3238 3524; x_wconf 84' lang='lat' dir='ltr'><strong>ut</strong></span> <span class='ocrx_word' id='word_1_594' title='bbox 3279 3483 3489 3529; x_wconf 61' lang='lat' dir='ltr'><strong>caetera:</strong></span> 
     </span>
    </p>
   </div>
   <div class='ocr_carea' id='block_1_81' title="bbox 1903 3550 3486 3636">
    <p class='ocr_par' dir='ltr' id='par_1_81' title="bbox 1903 3550 3486 3636">
     <span class='ocr_line' id='line_1_81' title="bbox 1903 3550 3486 3636; baseline 0.014 -35"><span class='ocrx_word' id='word_1_595' title='bbox 1903 3550 2245 3617; x_wconf 75' lang='lat' dir='ltr'><strong>appellentur</strong></span> <span class='ocrx_word' id='word_1_596' title='bbox 2289 3552 2362 3604; x_wconf 90' lang='lat' dir='ltr'><strong>ita</strong></span> <span class='ocrx_word' id='word_1_597' title='bbox 2410 3555 2653 3622; x_wconf 86' lang='lat' dir='ltr'><strong>quidem,</strong></span> <span class='ocrx_word' id='word_1_598' title='bbox 2694 3558 2916 3612; x_wconf 86' lang='lat' dir='ltr'><strong>minime</strong></span> <span class='ocrx_word' id='word_1_599' title='bbox 2956 3567 3136 3615; x_wconf 88' lang='lat' dir='ltr'><strong>tamen</strong></span> <span class='ocrx_word' id='word_1_600' title='bbox 3187 3564 3320 3628; x_wconf 90' lang='lat' dir='ltr'><strong>sint,</strong></span> <span class='ocrx_word' id='word_1_601' title='bbox 3368 3566 3486 3636; x_wconf 84' lang='lat' dir='ltr'><strong>ipsa</strong></span> 
     </span>
    </p>
   </div>
   <div class='ocr_carea' id='block_1_82' title="bbox 1903 3643 3484 3721">
    <p class='ocr_par' dir='ltr' id='par_1_82' title="bbox 1903 3643 3484 3721">
     <span class='ocr_line' id='line_1_82' title="bbox 1903 3643 3484 3721; baseline 0.013 -28"><span class='ocrx_word' id='word_1_602' title='bbox 1903 3656 2033 3694; x_wconf 82' lang='lat' dir='ltr'><strong>vero</strong></span> <span class='ocrx_word' id='word_1_603' title='bbox 2064 3658 2127 3696; x_wconf 87' lang='lat' dir='ltr'><strong>eo</strong></span> <span class='ocrx_word' id='word_1_604' title='bbox 2161 3643 2383 3698; x_wconf 88' lang='lat' dir='ltr'><strong>nomine</strong></span> <span class='ocrx_word' id='word_1_605' title='bbox 2412 3646 2700 3715; x_wconf 81' lang='lat' dir='ltr'><strong>dupliciter</strong></span> <span class='ocrx_word' id='word_1_606' title='bbox 2729 3650 2988 3720; x_wconf 80' lang='lat' dir='ltr'><strong>insignita</strong></span> <span class='ocrx_word' id='word_1_607' title='bbox 3031 3655 3118 3706; x_wconf 88' lang='lat' dir='ltr'><strong>sit.</strong></span> <span class='ocrx_word' id='word_1_608' title='bbox 3147 3654 3326 3721; x_wconf 85' lang='lat' dir='ltr'><strong>Quare</strong></span> <span class='ocrx_word' id='word_1_609' title='bbox 3358 3675 3484 3712; x_wconf 86' lang='lat' dir='ltr'><strong>cum</strong></span> 
     </span>
    </p>
   </div>
   <div class='ocr_carea' id='block_1_83' title="bbox 1901 3729 3486 3816">
    <p class='ocr_par' dir='ltr' id='par_1_83' title="bbox 1901 3729 3486 3816">
     <span class='ocr_line' id='line_1_83' title="bbox 1901 3729 3486 3816; baseline 0.013 -34"><span class='ocrx_word' id='word_1_610' title='bbox 1901 3729 1968 3784; x_wconf 83' lang='lat' dir='ltr'><strong>de</strong></span> <span class='ocrx_word' id='word_1_611' title='bbox 2027 3731 2150 3787; x_wconf 83' lang='lat' dir='ltr'><strong>aliis</strong></span> <span class='ocrx_word' id='word_1_612' title='bbox 2213 3733 2532 3802; x_wconf 85' lang='lat' dir='ltr'><strong>loqueretur</strong></span> <span class='ocrx_word' id='word_1_613' title='bbox 2591 3752 2703 3793; x_wconf 86' lang='lat' dir='ltr'><strong>non</strong></span> <span class='ocrx_word' id='word_1_614' title='bbox 2764 3740 2949 3794; x_wconf 84' lang='lat' dir='ltr'><strong>dixit:</strong></span> <span class='ocrx_word' id='word_1_615' title='bbox 3001 3741 3292 3816; x_wconf 80' lang='lat' dir='ltr'><strong>Octoginta</strong></span> <span class='ocrx_word' id='word_1_616' title='bbox 3356 3759 3486 3803; x_wconf 86' lang='lat' dir='ltr'><strong>sunt</strong></span> 
     </span>
    </p>
   </div>
   <div class='ocr_carea' id='block_1_84' title="bbox 1902 3821 3489 3908">
    <p class='ocr_par' dir='ltr' id='par_1_84' title="bbox 1902 3821 3489 3908">
     <span class='ocr_line' id='line_1_84' title="bbox 1902 3821 3489 3908; baseline 0.013 -36"><span class='ocrx_word' id='word_1_617' title='bbox 1902 3821 2222 3875; x_wconf 74' lang='lat' dir='ltr'><strong>concubinae</strong></span> <span class='ocrx_word' id='word_1_618' title='bbox 2264 3840 2426 3887; x_wconf 70' lang='lat' dir='ltr'><strong>metu;</strong></span> <span class='ocrx_word' id='word_1_619' title='bbox 2477 3841 2664 3879; x_wconf 81' lang='lat' dir='ltr'><strong>verum</strong></span> <span class='ocrx_word' id='word_1_620' title='bbox 2710 3830 2916 3899; x_wconf 78' lang='lat' dir='ltr'><strong>reginis</strong></span> <span class='ocrx_word' id='word_1_621' title='bbox 2950 3833 3150 3887; x_wconf 77' lang='lat' dir='ltr'><strong>eximia</strong></span> <span class='ocrx_word' id='word_1_622' title='bbox 3183 3836 3272 3890; x_wconf 86' lang='lat' dir='ltr'><strong>illa</strong></span> <span class='ocrx_word' id='word_1_623' title='bbox 3307 3841 3489 3908; x_wconf 90' lang='lat' dir='ltr'><strong>appel-</strong></span> 
     </span>
    </p>
   </div>
   <div class='ocr_carea' id='block_1_85' title="bbox 1902 3910 3486 3995">
    <p class='ocr_par' dir='ltr' id='par_1_85' title="bbox 1902 3910 3486 3995">
     <span class='ocr_line' id='line_1_85' title="bbox 1902 3910 3486 3995; baseline 0.016 -34"><span class='ocrx_word' id='word_1_624' title='bbox 1902 3910 2105 3966; x_wconf 84' lang='lat' dir='ltr'><strong>latione</strong></span> <span class='ocrx_word' id='word_1_625' title='bbox 2165 3913 2474 3982; x_wconf 89' lang='lat' dir='ltr'><strong>proximum</strong></span> <span class='ocrx_word' id='word_1_626' title='bbox 2527 3918 2821 3985; x_wconf 86' lang='lat' dir='ltr'><strong>quemdam</strong></span> <span class='ocrx_word' id='word_1_627' title='bbox 2885 3921 3148 3980; x_wconf 87' lang='lat' dir='ltr'><strong>honorem</strong></span> <span class='ocrx_word' id='word_1_628' title='bbox 3199 3929 3486 3995; x_wconf 86' lang='lat' dir='ltr'><strong>attribuit;</strong></span> 
     </span>
    </p>
   </div>
   <div class='ocr_carea' id='block_1_86' title="bbox 1894 4005 3483 4078">
    <p class='ocr_par' dir='ltr' id='par_1_86' title="bbox 1894 4005 3483 4078">
     <span class='ocr_line' id='line_1_86' title="bbox 1894 4005 3483 4078; baseline 0.014 -23"><span class='ocrx_word' id='word_1_629' title='bbox 1894 4005 2240 4060; x_wconf 82' lang='lat' dir='ltr'><strong>concubinas</strong></span> <span class='ocrx_word' id='word_1_630' title='bbox 2293 4023 2421 4061; x_wconf 78' lang='lat' dir='ltr'><strong>vero</strong></span> <span class='ocrx_word' id='word_1_631' title='bbox 2471 4025 2699 4077; x_wconf 89' lang='lat' dir='ltr'><strong>prorsus</strong></span> <span class='ocrx_word' id='word_1_632' title='bbox 2755 4013 2962 4070; x_wconf 88' lang='lat' dir='ltr'><strong>alienas</strong></span> <span class='ocrx_word' id='word_1_633' title='bbox 3011 4033 3135 4072; x_wconf 90' lang='lat' dir='ltr'><strong>esse</strong></span> <span class='ocrx_word' id='word_1_634' title='bbox 3170 4020 3483 4078; x_wconf 50' lang='lat' dir='ltr'><strong>declarant.</strong></span> 
     </span>
    </p>
   </div>
   <div class='ocr_carea' id='block_1_87' title="bbox 1898 4096 3486 4169">
    <p class='ocr_par' dir='ltr' id='par_1_87' title="bbox 1898 4096 3486 4169">
     <span class='ocr_line' id='line_1_87' title="bbox 1898 4096 3486 4169; baseline 0.013 -22"><span class='ocrx_word' id='word_1_635' title='bbox 1898 4096 2197 4150; x_wconf 79' lang='lat' dir='ltr'><strong>Amhornm</strong></span> <span class='ocrx_word' id='word_1_636' title='bbox 2226 4113 2390 4166; x_wconf 89' lang='lat' dir='ltr'><strong>porro</strong></span> <span class='ocrx_word' id='word_1_637' title='bbox 2424 4116 2714 4156; x_wconf 89' lang='lat' dir='ltr'><strong>numerum</strong></span> <span class='ocrx_word' id='word_1_638' title='bbox 2762 4121 2884 4159; x_wconf 88' lang='lat' dir='ltr'><strong>cum</strong></span> <span class='ocrx_word' id='word_1_639' title='bbox 2933 4110 3254 4166; x_wconf 86' lang='lat' dir='ltr'><strong>nominatim</strong></span> <span class='ocrx_word' id='word_1_640' title='bbox 3287 4114 3486 4169; x_wconf 78' lang='lat' dir='ltr'><strong>habea-</strong></span> 
     </span>
    </p>
   </div>
   <div class='ocr_carea' id='block_1_88' title="bbox 1899 4193 3484 4262">
    <p class='ocr_par' dir='ltr' id='par_1_88' title="bbox 1899 4193 3484 4262">
     <span class='ocr_line' id='line_1_88' title="bbox 1899 4193 3484 4262; baseline 0.014 -25"><span class='ocrx_word' id='word_1_641' title='bbox 1899 4201 2022 4240; x_wconf 88' lang='lat' dir='ltr'><strong>mus</strong></span> <span class='ocrx_word' id='word_1_642' title='bbox 2046 4201 2392 4255; x_wconf 84' lang='lat' dir='ltr'><strong>exprcssum,</strong></span> <span class='ocrx_word' id='word_1_643' title='bbox 2429 4193 2893 4262; x_wconf 86' lang='lat' dir='ltr'><strong>contemplatione</strong></span> <span class='ocrx_word' id='word_1_644' title='bbox 2924 4207 3112 4252; x_wconf 89' lang='lat' dir='ltr'><strong>nostra</strong></span> <span class='ocrx_word' id='word_1_645' title='bbox 3139 4201 3385 4258; x_wconf 87' lang='lat' dir='ltr'><strong>altiorem</strong></span> <span class='ocrx_word' id='word_1_646' title='bbox 3417 4207 3484 4259; x_wconf 89' lang='lat' dir='ltr'><strong>ad</strong></span> 
     </span>
    </p>
   </div>
   <div class='ocr_carea' id='block_1_89' title="bbox 1898 4285 3486 4356">
    <p class='ocr_par' dir='ltr' id='par_1_89' title="bbox 1898 4285 3486 4356">
     <span class='ocr_line' id='line_1_89' title="bbox 1898 4285 3486 4356; baseline 0.011 -23"><span class='ocrx_word' id='word_1_647' title='bbox 1898 4294 2121 4334; x_wconf 89' lang='lat' dir='ltr'><strong>sensum</strong></span> <span class='ocrx_word' id='word_1_648' title='bbox 2163 4291 2372 4341; x_wconf 86' lang='lat' dir='ltr'><strong>evecta,</strong></span> <span class='ocrx_word' id='word_1_649' title='bbox 2424 4285 2674 4337; x_wconf 87' lang='lat' dir='ltr'><strong>nonnihil</strong></span> <span class='ocrx_word' id='word_1_650' title='bbox 2729 4289 2974 4356; x_wconf 78' lang='lat' dir='ltr'><strong>expolire</strong></span> <span class='ocrx_word' id='word_1_651' title='bbox 3031 4291 3176 4348; x_wconf 88' lang='lat' dir='ltr'><strong>istud</strong></span> <span class='ocrx_word' id='word_1_652' title='bbox 3230 4295 3332 4348; x_wconf 92' lang='lat' dir='ltr'><strong>hoc</strong></span> <span class='ocrx_word' id='word_1_653' title='bbox 3363 4296 3486 4352; x_wconf 87' lang='lat' dir='ltr'><strong>loco</strong></span> 
     </span>
    </p>
   </div>
   <div class='ocr_carea' id='block_1_90' title="bbox 1897 4373 3485 4457">
    <p class='ocr_par' dir='ltr' id='par_1_90' title="bbox 1897 4373 3485 4457">
     <span class='ocr_line' id='line_1_90' title="bbox 1897 4373 3485 4457; baseline 0.013 -34"><span class='ocrx_word' id='word_1_654' title='bbox 1897 4373 2170 4442; x_wconf 78' lang='lat' dir='ltr'><strong>cogimur,</strong></span> <span class='ocrx_word' id='word_1_655' title='bbox 2205 4381 2262 4426; x_wconf 90' lang='lat' dir='ltr'><strong>ut</strong></span> <span class='ocrx_word' id='word_1_656' title='bbox 2289 4390 2355 4428; x_wconf 90' lang='lat' dir='ltr'><strong>ne</strong></span> <span class='ocrx_word' id='word_1_657' title='bbox 2384 4385 2642 4445; x_wconf 91' lang='lat' dir='ltr'><strong>tanquam</strong></span> <span class='ocrx_word' id='word_1_658' title='bbox 2670 4378 2928 4449; x_wconf 82' lang='lat' dir='ltr'><strong>frigidum</strong></span> <span class='ocrx_word' id='word_1_659' title='bbox 2963 4382 3321 4455; x_wconf 89' lang='lat' dir='ltr'><strong>ineptumque</strong></span> <span class='ocrx_word' id='word_1_660' title='bbox 3346 4405 3485 4457; x_wconf 71' lang='lat' dir='ltr'><strong>pra:-</strong></span> 
     </span>
    </p>
   </div>
   <div class='ocr_carea' id='block_1_91' title="bbox 1899 4468 3484 4538">
    <p class='ocr_par' dir='ltr' id='par_1_91' title="bbox 1899 4468 3484 4538">
     <span class='ocr_line' id='line_1_91' title="bbox 1899 4468 3484 4538; baseline 0.013 -21"><span class='ocrx_word' id='word_1_661' title='bbox 1899 4473 2204 4530; x_wconf 89' lang='lat' dir='ltr'><strong>tereamus;</strong></span> <span class='ocrx_word' id='word_1_662' title='bbox 2237 4468 2332 4521; x_wconf 90' lang='lat' dir='ltr'><strong>sed</strong></span> <span class='ocrx_word' id='word_1_663' title='bbox 2364 4485 2486 4536; x_wconf 83' lang='lat' dir='ltr'><strong>quae</strong></span> <span class='ocrx_word' id='word_1_664' title='bbox 2517 4470 2800 4538; x_wconf 88' lang='lat' dir='ltr'><strong>dicuntur,</strong></span> <span class='ocrx_word' id='word_1_665' title='bbox 2835 4488 2899 4526; x_wconf 82' lang='lat' dir='ltr'><strong>ex</strong></span> <span class='ocrx_word' id='word_1_666' title='bbox 2932 4475 3009 4529; x_wconf 88' lang='lat' dir='ltr'><strong>rei</strong></span> <span class='ocrx_word' id='word_1_667' title='bbox 3040 4479 3272 4534; x_wconf 82' lang='lat' dir='ltr'><strong>veritate</strong></span> <span class='ocrx_word' id='word_1_668' title='bbox 3299 4497 3364 4536; x_wconf 89' lang='lat' dir='ltr'><strong>ac</strong></span> <span class='ocrx_word' id='word_1_669' title='bbox 3395 4499 3484 4538; x_wconf 83' lang='lat' dir='ltr'><strong>vc-</strong></span> 
     </span>
    </p>
   </div>
   <div class='ocr_carea' id='block_1_92' title="bbox 193 4551 1800 4631">
    <p class='ocr_par' dir='ltr' id='par_1_92' title="bbox 193 4551 1790 4623">
     <span class='ocr_line' id='line_1_92' title="bbox 193 4551 1790 4623; baseline -0.002 -17"><span class='ocrx_word' id='word_1_670' title='bbox 193 4553 556 4622; x_wconf 64' lang='grc' dir='ltr'>ὀπαράεατός</span> <span class='ocrx_word' id='word_1_671' title='bbox 596 4555 744 4608; x_wconf 81' lang='grc' dir='ltr'>ἐστιν</span> <span class='ocrx_word' id='word_1_672' title='bbox 787 4553 1026 4623; x_wconf 79' lang='grc' dir='ltr'>ἑκάστης</span> <span class='ocrx_word' id='word_1_673' title='bbox 1052 4552 1383 4615; x_wconf 81' lang='grc' dir='ltr'>ὑποθέσεως,</span> <span class='ocrx_word' id='word_1_674' title='bbox 1417 4553 1511 4605; x_wconf 75' lang='grc' dir='ltr'><strong>καὶ</strong></span> <span class='ocrx_word' id='word_1_675' title='bbox 1549 4551 1672 4604; x_wconf 74' lang='grc' dir='ltr'>οὔτε</span> <span class='ocrx_word' id='word_1_676' title='bbox 1699 4551 1790 4604; x_wconf 83' lang='grc' dir='ltr'>δύ-</span> 
     </span>
    </p>
   </div>
   <div class='ocr_carea' id='block_1_93' title="bbox 1908 4551 3484 4631">
    <p class='ocr_par' dir='ltr' id='par_1_93' title="bbox 1908 4559 3484 4631">
     <span class='ocr_line' id='line_1_93' title="bbox 1908 4559 3484 4631; baseline 0.012 -21"><span class='ocrx_word' id='word_1_677' title='bbox 1908 4573 2080 4611; x_wconf 56' lang='grc' dir='ltr'>ιειιυιιιιι</span> <span class='ocrx_word' id='word_1_678' title='bbox 2127 4560 2450 4614; x_wconf 82' lang='lat' dir='ltr'><strong>auctoritate</strong></span> <span class='ocrx_word' id='word_1_679' title='bbox 2500 4559 2932 4631; x_wconf 82' lang='lat' dir='ltr'><strong>Scripturarum,</strong></span> <span class='ocrx_word' id='word_1_680' title='bbox 2981 4583 3110 4622; x_wconf 87' lang='lat' dir='ltr'><strong>vera</strong></span> <span class='ocrx_word' id='word_1_681' title='bbox 3145 4572 3314 4625; x_wconf 89' lang='lat' dir='ltr'><strong>animi</strong></span> <span class='ocrx_word' id='word_1_682' title='bbox 3353 4589 3484 4629; x_wconf 81' lang='lat' dir='ltr'><strong>con-</strong></span> 
     </span>
    </p>
   </div>
   <div class='ocr_carea' id='block_1_94' title="bbox 192 4641 1783 4717">
    <p class='ocr_par' dir='ltr' id='par_1_94' title="bbox 192 4641 1783 4717">
     <span class='ocr_line' id='line_1_94' title="bbox 192 4641 1783 4717; baseline -0.001 -18"><span class='ocrx_word' id='word_1_683' title='bbox 192 4661 360 4699; x_wconf 82' lang='grc' dir='ltr'>ναται</span> <span class='ocrx_word' id='word_1_684' title='bbox 395 4646 452 4698; x_wconf 84' lang='grc' dir='ltr'><strong>τὸ</strong></span> <span class='ocrx_word' id='word_1_685' title='bbox 482 4647 538 4699; x_wconf 79' lang='grc' dir='ltr'>ὲν</span> <span class='ocrx_word' id='word_1_686' title='bbox 567 4646 785 4717; x_wconf 77' lang='grc' dir='ltr'>ἀριθμῷ</span> <span class='ocrx_word' id='word_1_687' title='bbox 824 4647 1297 4716; x_wconf 82' lang='grc' dir='ltr'>κατατεταγμένον</span> <span class='ocrx_word' id='word_1_688' title='bbox 1323 4645 1488 4698; x_wconf 72' lang='grc' dir='ltr'>ἕωλόν</span> <span class='ocrx_word' id='word_1_689' title='bbox 1533 4664 1583 4698; x_wconf 89' lang='grc' dir='ltr'><strong>τι</strong></span> <span class='ocrx_word' id='word_1_690' title='bbox 1623 4641 1783 4710; x_wconf 75' lang='grc' dir='ltr'>εἶναι,</span> 
     </span>
    </p>
   </div>
   <div class='ocr_carea' id='block_1_95' title="bbox 185 4738 1787 4810">
    <p class='ocr_par' dir='ltr' id='par_1_95' title="bbox 185 4738 1787 4810">
     <span class='ocr_line' id='line_1_95' title="bbox 185 4738 1787 4810; baseline -0.001 -17"><span class='ocrx_word' id='word_1_691' title='bbox 185 4738 323 4793; x_wconf 76' lang='grc' dir='ltr'>οὔτε</span> <span class='ocrx_word' id='word_1_692' title='bbox 362 4740 442 4802; x_wconf 79' lang='grc' dir='ltr'><strong>εἰς</strong></span> <span class='ocrx_word' id='word_1_693' title='bbox 471 4741 749 4810; x_wconf 78' lang='grc' dir='ltr'>ἅργότητα</span> <span class='ocrx_word' id='word_1_694' title='bbox 775 4743 832 4792; x_wconf 78' lang='grc' dir='ltr'><strong>ἐν</strong></span> <span class='ocrx_word' id='word_1_695' title='bbox 869 4744 934 4810; x_wconf 83' lang='grc' dir='ltr'>τῇ</span> <span class='ocrx_word' id='word_1_696' title='bbox 982 4742 1168 4810; x_wconf 55' lang='grc' dir='ltr'>Γραφῇ</span> <span class='ocrx_word' id='word_1_697' title='bbox 1215 4738 1649 4810; x_wconf 82' lang='grc' dir='ltr'>ὲπιμετρεῖσθαι.</span> <span class='ocrx_word' id='word_1_698' title='bbox 1683 4739 1787 4791; x_wconf 83' lang='grc' dir='ltr'><strong>Βα-</strong></span> 
     </span>
    </p>
   </div>
   <div class='ocr_carea' id='block_1_96' title="bbox 188 4833 1784 4906">
    <p class='ocr_par' dir='ltr' id='par_1_96' title="bbox 188 4833 1784 4906">
     <span class='ocr_line' id='line_1_96' title="bbox 188 4833 1784 4906; baseline -0.001 -20"><span class='ocrx_word' id='word_1_699' title='bbox 188 4834 439 4886; x_wconf 85' lang='grc' dir='ltr'>σίλισσαι</span> <span class='ocrx_word' id='word_1_700' title='bbox 476 4834 532 4886; x_wconf 84' lang='grc' dir='ltr'><strong>δέ</strong></span> <span class='ocrx_word' id='word_1_701' title='bbox 560 4837 696 4886; x_wconf 86' lang='grc' dir='ltr'>εἰσιν</span> <span class='ocrx_word' id='word_1_702' title='bbox 745 4837 799 4887; x_wconf 75' lang='lat' dir='ltr'><strong>ai</strong></span> <span class='ocrx_word' id='word_1_703' title='bbox 855 4835 954 4906; x_wconf 71' lang='grc' dir='ltr'>ἤδη</span> <span class='ocrx_word' id='word_1_704' title='bbox 1012 4834 1274 4904; x_wconf 83' lang='grc' dir='ltr'>πρότερον</span> <span class='ocrx_word' id='word_1_705' title='bbox 1319 4834 1398 4896; x_wconf 84' lang='grc' dir='ltr'>εἰς</span> <span class='ocrx_word' id='word_1_706' title='bbox 1436 4833 1784 4901; x_wconf 82' lang='grc' dir='ltr'>γενεαλογίαν</span> 
     </span>
    </p>
   </div>
   <div class='ocr_carea' id='block_1_97' title="bbox 177 4926 1783 4998">
    <p class='ocr_par' dir='ltr' id='par_1_97' title="bbox 177 4926 1783 4998">
     <span class='ocr_line' id='line_1_97' title="bbox 177 4926 1783 4998; baseline -0.001 -18"><span class='ocrx_word' id='word_1_707' title='bbox 177 4926 583 4996; x_wconf 80' lang='grc' dir='ltr'>ὠνομασμέναι</span> <span class='ocrx_word' id='word_1_708' title='bbox 625 4927 826 4997; x_wconf 73' lang='grc' dir='ltr'>ψυχαί·</span> <span class='ocrx_word' id='word_1_709' title='bbox 895 4928 970 4990; x_wconf 83' lang='grc' dir='ltr'>ὡς</span> <span class='ocrx_word' id='word_1_710' title='bbox 1025 4928 1134 4998; x_wconf 71' lang='grc' dir='ltr'><strong>γὰρ</strong></span> <span class='ocrx_word' id='word_1_711' title='bbox 1199 4927 1409 4997; x_wconf 89' lang='grc' dir='ltr'>βασιλεῖ</span> <span class='ocrx_word' id='word_1_712' title='bbox 1461 4927 1783 4980; x_wconf 84' lang='grc' dir='ltr'>συνέπονται</span> 
     </span>
    </p>
   </div>
   <div class='ocr_carea' id='block_1_98' title="bbox 177 5019 1781 5091">
    <p class='ocr_par' dir='ltr' id='par_1_98' title="bbox 177 5019 1781 5091">
     <span class='ocr_line' id='line_1_98' title="bbox 177 5019 1781 5091; baseline -0.001 -18"><span class='ocrx_word' id='word_1_713' title='bbox 177 5019 379 5091; x_wconf 77' lang='grc' dir='ltr'>πλήθη</span> <span class='ocrx_word' id='word_1_714' title='bbox 405 5019 593 5082; x_wconf 79' lang='grc' dir='ltr'>πολλὰ,</span> <span class='ocrx_word' id='word_1_715' title='bbox 623 5020 715 5072; x_wconf 82' lang='grc' dir='ltr'><strong>τοῦ</strong></span> <span class='ocrx_word' id='word_1_716' title='bbox 747 5020 802 5073; x_wconf 78' lang='grc' dir='ltr'>δὲ</span> <span class='ocrx_word' id='word_1_717' title='bbox 836 5019 1100 5088; x_wconf 82' lang='grc' dir='ltr'>βασιλέως</span> <span class='ocrx_word' id='word_1_718' title='bbox 1118 5022 1359 5090; x_wconf 70' lang='grc' dir='ltr'>κεφαλῆς</span> <span class='ocrx_word' id='word_1_719' title='bbox 1387 5020 1572 5091; x_wconf 74' lang='grc' dir='ltr'>οὒσης.</span> <span class='ocrx_word' id='word_1_720' title='bbox 1593 5021 1781 5087; x_wconf 83' lang='grc' dir='ltr'>ῶσπερ</span> 
     </span>
    </p>
   </div>
   <div class='ocr_carea' id='block_1_99' title="bbox 172 5108 1782 5181">
    <p class='ocr_par' dir='ltr' id='par_1_99' title="bbox 172 5108 1782 5181">
     <span class='ocr_line' id='line_1_99' title="bbox 172 5108 1782 5181; baseline 0.001 -18"><span class='ocrx_word' id='word_1_721' title='bbox 172 5111 282 5163; x_wconf 81' lang='grc' dir='ltr'>ἐπὶ</span> <span class='ocrx_word' id='word_1_722' title='bbox 322 5108 573 5179; x_wconf 80' lang='grc' dir='ltr'>σώματος</span> <span class='ocrx_word' id='word_1_723' title='bbox 608 5109 816 5164; x_wconf 88' lang='grc' dir='ltr'>πολλῶν</span> <span class='ocrx_word' id='word_1_724' title='bbox 869 5109 1047 5179; x_wconf 86' lang='grc' dir='ltr'>μελῶν</span> <span class='ocrx_word' id='word_1_725' title='bbox 1088 5110 1276 5175; x_wconf 73' lang='grc' dir='ltr'>ὄντων,</span> <span class='ocrx_word' id='word_1_726' title='bbox 1327 5112 1434 5163; x_wconf 81' lang='grc' dir='ltr'><strong>ἀπὸ</strong></span> <span class='ocrx_word' id='word_1_727' title='bbox 1479 5112 1579 5181; x_wconf 77' lang='grc' dir='ltr'><strong>τῆς</strong></span> <span class='ocrx_word' id='word_1_728' title='bbox 1616 5129 1782 5179; x_wconf 68' lang='grc' dir='ltr'>κεφα-</span> 
     </span>
    </p>
   </div>
   <div class='ocr_carea' id='block_1_100' title="bbox 166 5196 1777 5274">
    <p class='ocr_par' dir='ltr' id='par_1_100' title="bbox 166 5196 1777 5274">
     <span class='ocr_line' id='line_1_100' title="bbox 166 5196 1777 5274; baseline 0.002 -20"><span class='ocrx_word' id='word_1_729' title='bbox 166 5202 287 5271; x_wconf 71' lang='grc' dir='ltr'>λῆς</span> <span class='ocrx_word' id='word_1_730' title='bbox 331 5201 361 5251; x_wconf 89' lang='lat'><strong>6</strong></span> <span class='ocrx_word' id='word_1_731' title='bbox 389 5196 468 5262; x_wconf 73' lang='grc' dir='ltr'>εἷς</span> <span class='ocrx_word' id='word_1_732' title='bbox 497 5201 780 5272; x_wconf 85' lang='grc' dir='ltr'>ἄνθρωπος</span> <span class='ocrx_word' id='word_1_733' title='bbox 813 5201 1248 5274; x_wconf 82' lang='grc' dir='ltr'>ἀριθμηθήσεται</span> <span class='ocrx_word' id='word_1_734' title='bbox 1269 5219 1282 5232; x_wconf 79' lang='grc'><em>’</em></span> <span class='ocrx_word' id='word_1_735' title='bbox 1328 5202 1500 5265; x_wconf 71' lang='grc' dir='ltr'>οὑτως</span> <span class='ocrx_word' id='word_1_736' title='bbox 1545 5204 1653 5255; x_wconf 69' lang='grc' dir='ltr'><strong>ἀπὸ</strong></span> <span class='ocrx_word' id='word_1_737' title='bbox 1683 5204 1777 5257; x_wconf 83' lang='grc' dir='ltr'>τοῦ</span> 
     </span>
    </p>
   </div>
   <div class='ocr_carea' id='block_1_101' title="bbox 378 5311 421 5340">
    <p class='ocr_par' dir='ltr' id='par_1_101' title="bbox 378 5311 421 5340">
     <span class='ocr_line' id='line_1_101' title="bbox 378 5311 421 5340; baseline 0 -2"><span class='ocrx_word' id='word_1_738' title='bbox 378 5311 421 5340; x_wconf 60' lang='grc' dir='ltr'>δ</span> 
     </span>
    </p>
   </div>
   <div class='ocr_carea' id='block_1_102' title="bbox 286 5401 1298 5472">
    <p class='ocr_par' dir='ltr' id='par_1_102' title="bbox 286 5401 1298 5472">
     <span class='ocr_line' id='line_1_102' title="bbox 286 5401 1298 5472; baseline 0.006 -18"><span class='ocrx_word' id='word_1_739' title='bbox 286 5427 298 5434; x_wconf 92' lang='grc'><strong><em>-</em></strong></span> <span class='ocrx_word' id='word_1_740' title='bbox 333 5401 476 5458; x_wconf 83' lang='lat' dir='ltr'><strong>Psal.</strong></span> <span class='ocrx_word' id='word_1_741' title='bbox 508 5419 654 5468; x_wconf 60' lang='grc' dir='ltr'>μιν,</span> <span class='ocrx_word' id='word_1_742' title='bbox 696 5405 785 5459; x_wconf 78' lang='grc' dir='ltr'>Η.</span> <span class='ocrx_word' id='word_1_743' title='bbox 932 5407 951 5436; x_wconf 83' lang='grc'><strong><em>²</em></strong></span> <span class='ocrx_word' id='word_1_744' title='bbox 982 5406 1145 5460; x_wconf 77' lang='lat' dir='ltr'><strong>Cant.</strong></span> <span class='ocrx_word' id='word_1_745' title='bbox 1178 5423 1212 5472; x_wconf 89' lang='grc' dir='ltr'><strong>ι,</strong></span> 
     </span>
    </p>
   </div>
   <div class='ocr_carea' id='block_1_103' title="bbox 251 5602 1774 5677">
    <p class='ocr_par' dir='ltr' id='par_1_103' title="bbox 251 5602 1774 5677">
     <span class='ocr_line' id='line_1_103' title="bbox 251 5602 1774 5677; baseline 0.007 -19"><span class='ocrx_word' id='word_1_746' title='bbox 251 5605 376 5677; x_wconf 70' lang='lat'>(‘26)</span> <span class='ocrx_word' id='word_1_747' title='bbox 404 5602 516 5660; x_wconf 77' lang='grc' dir='ltr'><strong>⁷Ων</strong></span> <span class='ocrx_word' id='word_1_748' title='bbox 551 5606 691 5670; x_wconf 72' lang='grc' dir='ltr'>τοὺς</span> <span class='ocrx_word' id='word_1_749' title='bbox 719 5607 1024 5676; x_wconf 68' lang='grc' dir='ltr'>ἀριθμούς.</span> <span class='ocrx_word' id='word_1_750' title='bbox 1076 5608 1330 5664; x_wconf 69' lang='lat' dir='ltr'><strong>Petavius</strong></span> <span class='ocrx_word' id='word_1_751' title='bbox 1378 5611 1613 5666; x_wconf 81' lang='lat' dir='ltr'><strong>reddidit</strong></span> <span class='ocrx_word' id='word_1_752' title='bbox 1659 5632 1774 5668; x_wconf 76' lang='lat' dir='ltr'><strong>(Im-</strong></span> 
     </span>
    </p>
   </div>
   <div class='ocr_carea' id='block_1_104' title="bbox 154 5679 1769 5754">
    <p class='ocr_par' dir='ltr' id='par_1_104' title="bbox 154 5679 1769 5754">
     <span class='ocr_line' id='line_1_104' title="bbox 154 5679 1769 5754; baseline 0.007 -27"><span class='ocrx_word' id='word_1_753' title='bbox 154 5680 374 5732; x_wconf 74' lang='lat' dir='ltr'><strong>borum</strong></span> <span class='ocrx_word' id='word_1_754' title='bbox 424 5693 741 5736; x_wconf 66' lang='lat' dir='ltr'><strong>mimarum;</strong></span> <span class='ocrx_word' id='word_1_755' title='bbox 775 5679 1102 5732; x_wconf 74' lang='lat' dir='ltr'><strong>&#39;l&#39;homasius</strong></span> <span class='ocrx_word' id='word_1_756' title='bbox 1150 5680 1444 5754; x_wconf 74' lang='lat' dir='ltr'><strong>amborum,</strong></span> <span class='ocrx_word' id='word_1_757' title='bbox 1485 5692 1576 5735; x_wconf 88' lang='lat' dir='ltr'><strong>aut</strong></span> <span class='ocrx_word' id='word_1_758' title='bbox 1625 5687 1769 5754; x_wconf 72' lang='lat' dir='ltr'><strong>qum!</strong></span> 
     </span>
    </p>
   </div>
   <div class='ocr_carea' id='block_1_105' title="bbox 153 5747 1765 5821">
    <p class='ocr_par' dir='ltr' id='par_1_105' title="bbox 153 5747 1765 5821">
     <span class='ocr_line' id='line_1_105' title="bbox 153 5747 1765 5821; baseline 0.002 -18"><span class='ocrx_word' id='word_1_759' title='bbox 153 5753 246 5803; x_wconf 78' lang='lat' dir='ltr'><strong>ita</strong></span> <span class='ocrx_word' id='word_1_760' title='bbox 302 5747 391 5821; x_wconf 81' lang='lat' dir='ltr'><strong>ille</strong></span> <span class='ocrx_word' id='word_1_761' title='bbox 434 5748 739 5821; x_wconf 71' lang='lat' dir='ltr'><strong>scripserit.</strong></span> <span class='ocrx_word' id='word_1_762' title='bbox 778 5757 872 5802; x_wconf 88' lang='lat' dir='ltr'><strong>aut</strong></span> <span class='ocrx_word' id='word_1_763' title='bbox 901 5751 1046 5817; x_wconf 85' lang='lat' dir='ltr'><strong>quod</strong></span> <span class='ocrx_word' id='word_1_764' title='bbox 1099 5753 1473 5821; x_wconf 72' lang='lat' dir='ltr'><strong>typographus</strong></span> <span class='ocrx_word' id='word_1_765' title='bbox 1509 5747 1765 5808; x_wconf 74' lang='lat' dir='ltr'><strong>tuendum</strong></span> 
     </span>
    </p>
   </div>
   <div class='ocr_carea' id='block_1_106' title="bbox 153 5817 1768 5889">
    <p class='ocr_par' dir='ltr' id='par_1_106' title="bbox 153 5817 1768 5889">
     <span class='ocr_line' id='line_1_106' title="bbox 153 5817 1768 5889; baseline 0.005 -15"><span class='ocrx_word' id='word_1_766' title='bbox 153 5818 541 5874; x_wconf 85' lang='lat' dir='ltr'><strong>commiserit.</strong></span> <span class='ocrx_word' id='word_1_767' title='bbox 581 5817 839 5871; x_wconf 83' lang='lat' dir='ltr'><strong>Neutrum</strong></span> <span class='ocrx_word' id='word_1_768' title='bbox 875 5821 1042 5889; x_wconf 85' lang='lat' dir='ltr'><strong>probo</strong></span> <span class='ocrx_word' id='word_1_769' title='bbox 1068 5839 1078 5873; x_wconf 87' lang='lat'><strong>:</strong></span> <span class='ocrx_word' id='word_1_770' title='bbox 1108 5817 1258 5874; x_wconf 72' lang='lat' dir='ltr'><strong>titubo</strong></span> <span class='ocrx_word' id='word_1_771' title='bbox 1287 5817 1430 5876; x_wconf 84' lang='lat' dir='ltr'><strong>enim</strong></span> <span class='ocrx_word' id='word_1_772' title='bbox 1460 5823 1527 5879; x_wconf 91' lang='lat' dir='ltr'><strong>dc</strong></span> <span class='ocrx_word' id='word_1_773' title='bbox 1553 5824 1768 5882; x_wconf 82' lang='lat' dir='ltr'><strong>duobus</strong></span> 
     </span>
    </p>
   </div>
   <div class='ocr_carea' id='block_1_107' title="bbox 551 5936 1199 6005">
    <p class='ocr_par' dir='ltr' id='par_1_107' title="bbox 551 5936 1199 6005">
     <span class='ocr_line' id='line_1_107' title="bbox 551 5936 1199 6005; baseline 0.015 -10"><span class='ocrx_word' id='word_1_774' title='bbox 551 5936 821 6000; x_wconf 52' lang='lat' dir='ltr'><strong>Parnm&quot;</strong></span> <span class='ocrx_word' id='word_1_775' title='bbox 854 5941 969 6003; x_wconf 80' lang='lat' dir='ltr'><strong>Gn.</strong></span> <span class='ocrx_word' id='word_1_776' title='bbox 1005 5943 1199 6005; x_wconf 82' lang='lat' dir='ltr'><strong>XLII.</strong></span> 
     </span>
    </p>
   </div>
   <div class='ocr_carea' id='block_1_108' title="bbox 1375 5408 1902 5477">
    <p class='ocr_par' dir='ltr' id='par_1_108' title="bbox 1375 5408 1902 5477">
     <span class='ocr_line' id='line_1_108' title="bbox 1375 5408 1902 5477; baseline 0.011 -16"><span class='ocrx_word' id='word_1_777' title='bbox 1375 5408 1394 5437; x_wconf 83' lang='grc'><strong>³</strong></span> <span class='ocrx_word' id='word_1_778' title='bbox 1425 5408 1570 5463; x_wconf 81' lang='lat' dir='ltr'><strong>Psal.</strong></span> <span class='ocrx_word' id='word_1_779' title='bbox 1603 5426 1822 5477; x_wconf 76' lang='lat' dir='ltr'><strong>Lxxxw,</strong></span> <span class='ocrx_word' id='word_1_780' title='bbox 1849 5413 1902 5467; x_wconf 81' lang='grc'>5.</span> 
     </span>
    </p>
   </div>
   <div class='ocr_carea' id='block_1_109' title="bbox 1899 4652 3483 4734">
    <p class='ocr_par' dir='ltr' id='par_1_109' title="bbox 1899 4652 3483 4734">
     <span class='ocr_line' id='line_1_109' title="bbox 1899 4652 3483 4734; baseline 0.011 -31"><span class='ocrx_word' id='word_1_781' title='bbox 1899 4652 2252 4719; x_wconf 87' lang='lat' dir='ltr'><strong>templatione</strong></span> <span class='ocrx_word' id='word_1_782' title='bbox 2292 4654 2716 4721; x_wconf 86' lang='lat' dir='ltr'><strong>perpendamus.</strong></span> <span class='ocrx_word' id='word_1_783' title='bbox 2772 4655 2984 4711; x_wconf 83' lang='lat' dir='ltr'><strong>Etenim</strong></span> <span class='ocrx_word' id='word_1_784' title='bbox 3024 4659 3344 4734; x_wconf 84' lang='lat' dir='ltr'><strong>ubicunque</strong></span> <span class='ocrx_word' id='word_1_785' title='bbox 3384 4682 3483 4720; x_wconf 89' lang='lat' dir='ltr'><strong>nu-</strong></span> 
     </span>
    </p>
   </div>
   <div class='ocr_carea' id='block_1_110' title="bbox 1897 4747 3480 4822">
    <p class='ocr_par' dir='ltr' id='par_1_110' title="bbox 1897 4747 3480 4822">
     <span class='ocr_line' id='line_1_110' title="bbox 1897 4747 3480 4822; baseline 0.009 -25"><span class='ocrx_word' id='word_1_786' title='bbox 1897 4760 2081 4800; x_wconf 91' lang='lat' dir='ltr'><strong>merus</strong></span> <span class='ocrx_word' id='word_1_787' title='bbox 2125 4747 2456 4815; x_wconf 87' lang='lat' dir='ltr'><strong>concipitur,</strong></span> <span class='ocrx_word' id='word_1_788' title='bbox 2506 4750 2807 4807; x_wconf 87' lang='lat' dir='ltr'><strong>oscitanter</strong></span> <span class='ocrx_word' id='word_1_789' title='bbox 2847 4755 3189 4822; x_wconf 84' lang='lat' dir='ltr'><strong>praetermitti</strong></span> <span class='ocrx_word' id='word_1_790' title='bbox 3241 4772 3350 4810; x_wconf 89' lang='lat' dir='ltr'><strong>non</strong></span> <span class='ocrx_word' id='word_1_791' title='bbox 3386 4759 3480 4812; x_wconf 87' lang='lat' dir='ltr'><strong>de-</strong></span> 
     </span>
    </p>
   </div>
   <div class='ocr_carea' id='block_1_111' title="bbox 1899 4833 3476 4918">
    <p class='ocr_par' dir='ltr' id='par_1_111' title="bbox 1899 4833 3476 4918">
     <span class='ocr_line' id='line_1_111' title="bbox 1899 4833 3476 4918; baseline 0.01 -29"><span class='ocrx_word' id='word_1_792' title='bbox 1899 4836 1985 4889; x_wconf 88' lang='lat' dir='ltr'><strong>bet</strong></span> <span class='ocrx_word' id='word_1_793' title='bbox 2005 4851 2215 4906; x_wconf 85' lang='lat' dir='ltr'><strong>;neque</strong></span> <span class='ocrx_word' id='word_1_794' title='bbox 2231 4839 2373 4906; x_wconf 88' lang='lat' dir='ltr'><strong>quod</strong></span> <span class='ocrx_word' id='word_1_795' title='bbox 2395 4839 2465 4893; x_wconf 88' lang='lat' dir='ltr'><strong>ita</strong></span> <span class='ocrx_word' id='word_1_796' title='bbox 2483 4843 2986 4910; x_wconf 88' lang='lat' dir='ltr'><strong>comprehenditur,</strong></span> <span class='ocrx_word' id='word_1_797' title='bbox 3005 4833 3202 4900; x_wconf 83' lang='lat' dir='ltr'><strong>vanum</strong></span> <span class='ocrx_word' id='word_1_798' title='bbox 3217 4849 3476 4918; x_wconf 85' lang='lat' dir='ltr'><strong>quiddam</strong></span> 
     </span>
    </p>
   </div>
   <div class='ocr_carea' id='block_1_112' title="bbox 1895 4930 3481 5013">
    <p class='ocr_par' dir='ltr' id='par_1_112' title="bbox 1895 4930 3481 5013">
     <span class='ocr_line' id='line_1_112' title="bbox 1895 4930 3481 5013; baseline 0.012 -33"><span class='ocrx_word' id='word_1_799' title='bbox 1895 4936 1948 4980; x_wconf 86' lang='lat' dir='ltr'><strong>et</strong></span> <span class='ocrx_word' id='word_1_800' title='bbox 1988 4931 2149 4981; x_wconf 87' lang='lat' dir='ltr'><strong>inane</strong></span> <span class='ocrx_word' id='word_1_801' title='bbox 2188 4930 2399 4995; x_wconf 86' lang='lat' dir='ltr'><strong>videri,</strong></span> <span class='ocrx_word' id='word_1_802' title='bbox 2449 4941 2542 4986; x_wconf 89' lang='lat' dir='ltr'><strong>aut</strong></span> <span class='ocrx_word' id='word_1_803' title='bbox 2597 4935 2835 4990; x_wconf 90' lang='lat' dir='ltr'><strong>otiosum</strong></span> <span class='ocrx_word' id='word_1_804' title='bbox 2882 4939 3209 4993; x_wconf 88' lang='lat' dir='ltr'><strong>existimari.</strong></span> <span class='ocrx_word' id='word_1_805' title='bbox 3260 4940 3481 5013; x_wconf 72' lang='lat' dir='ltr'><strong>Reginae</strong></span> 
     </span>
    </p>
   </div>
   <div class='ocr_carea' id='block_1_113' title="bbox 1894 5025 3480 5098">
    <p class='ocr_par' dir='ltr' id='par_1_113' title="bbox 1894 5025 3480 5098">
     <span class='ocr_line' id='line_1_113' title="bbox 1894 5025 3480 5098; baseline 0.014 -29"><span class='ocrx_word' id='word_1_806' title='bbox 1894 5035 2057 5086; x_wconf 87' lang='lat' dir='ltr'><strong>porro</strong></span> <span class='ocrx_word' id='word_1_807' title='bbox 2093 5033 2244 5086; x_wconf 88' lang='lat' dir='ltr'><strong>sunt,</strong></span> <span class='ocrx_word' id='word_1_808' title='bbox 2287 5039 2408 5092; x_wconf 81' lang='lat' dir='ltr'><strong>quae</strong></span> <span class='ocrx_word' id='word_1_809' title='bbox 2433 5025 2545 5093; x_wconf 82' lang='lat' dir='ltr'><strong>jam</strong></span> <span class='ocrx_word' id='word_1_810' title='bbox 2578 5033 2737 5080; x_wconf 88' lang='lat' dir='ltr'><strong>antea</strong></span> <span class='ocrx_word' id='word_1_811' title='bbox 2774 5029 2962 5098; x_wconf 88' lang='lat' dir='ltr'><strong>stirpis</strong></span> <span class='ocrx_word' id='word_1_812' title='bbox 2999 5031 3052 5084; x_wconf 92' lang='lat' dir='ltr'><strong>in</strong></span> <span class='ocrx_word' id='word_1_813' title='bbox 3103 5033 3246 5087; x_wconf 89' lang='lat' dir='ltr'><strong>serie</strong></span> <span class='ocrx_word' id='word_1_814' title='bbox 3287 5051 3480 5091; x_wconf 83' lang='lat' dir='ltr'><strong>nume-</strong></span> 
     </span>
    </p>
   </div>
   <div class='ocr_carea' id='block_1_114' title="bbox 1893 5120 3482 5193">
    <p class='ocr_par' dir='ltr' id='par_1_114' title="bbox 1893 5120 3482 5193">
     <span class='ocr_line' id='line_1_114' title="bbox 1893 5120 3482 5193; baseline 0.011 -28"><span class='ocrx_word' id='word_1_815' title='bbox 1893 5123 2022 5167; x_wconf 83' lang='lat' dir='ltr'><strong>ratae</strong></span> <span class='ocrx_word' id='word_1_816' title='bbox 2066 5127 2195 5170; x_wconf 85' lang='lat' dir='ltr'><strong>sunt</strong></span> <span class='ocrx_word' id='word_1_817' title='bbox 2242 5120 2465 5184; x_wconf 78' lang='lat' dir='ltr'><strong>animae;</strong></span> <span class='ocrx_word' id='word_1_818' title='bbox 2508 5128 2567 5172; x_wconf 92' lang='lat' dir='ltr'><strong>ut</strong></span> <span class='ocrx_word' id='word_1_819' title='bbox 2594 5120 2739 5174; x_wconf 89' lang='lat' dir='ltr'><strong>enim</strong></span> <span class='ocrx_word' id='word_1_820' title='bbox 2776 5140 2957 5193; x_wconf 75' lang='lat' dir='ltr'><strong>regem</strong></span> <span class='ocrx_word' id='word_1_821' title='bbox 3007 5125 3296 5181; x_wconf 89' lang='lat' dir='ltr'><strong>inmunera</strong></span> <span class='ocrx_word' id='word_1_822' title='bbox 3343 5133 3482 5183; x_wconf 84' lang='lat' dir='ltr'><strong>inul-</strong></span> 
     </span>
    </p>
   </div>
   <div class='ocr_carea' id='block_1_115' title="bbox 1890 5208 3482 5291">
    <p class='ocr_par' dir='ltr' id='par_1_115' title="bbox 1890 5208 3482 5291">
     <span class='ocr_line' id='line_1_115' title="bbox 1890 5208 3482 5291; baseline 0.011 -33"><span class='ocrx_word' id='word_1_823' title='bbox 1890 5208 2067 5261; x_wconf 86' lang='lat' dir='ltr'><strong>titudo</strong></span> <span class='ocrx_word' id='word_1_824' title='bbox 2109 5210 2426 5275; x_wconf 81' lang='lat' dir='ltr'><strong>comitatur,</strong></span> <span class='ocrx_word' id='word_1_825' title='bbox 2467 5227 2594 5266; x_wconf 89' lang='lat' dir='ltr'><strong>cum</strong></span> <span class='ocrx_word' id='word_1_826' title='bbox 2634 5229 2728 5268; x_wconf 74' lang='lat' dir='ltr'><strong>rex</strong></span> <span class='ocrx_word' id='word_1_827' title='bbox 2769 5218 2964 5287; x_wconf 90' lang='lat' dir='ltr'><strong>capitis</strong></span> <span class='ocrx_word' id='word_1_828' title='bbox 3006 5219 3183 5275; x_wconf 89' lang='lat' dir='ltr'><strong>instar</strong></span> <span class='ocrx_word' id='word_1_829' title='bbox 3220 5222 3323 5287; x_wconf 88' lang='lat' dir='ltr'><strong>sit;</strong></span> <span class='ocrx_word' id='word_1_830' title='bbox 3358 5239 3482 5291; x_wconf 86' lang='lat' dir='ltr'><strong>per-</strong></span> 
     </span>
    </p>
   </div>
   <div class='ocr_carea' id='block_1_116' title="bbox 1981 5415 2470 5485">
    <p class='ocr_par' dir='ltr' id='par_1_116' title="bbox 1981 5415 2470 5485">
     <span class='ocr_line' id='line_1_116' title="bbox 1981 5415 2470 5485; baseline 0.006 -16"><span class='ocrx_word' id='word_1_831' title='bbox 1981 5415 2002 5444; x_wconf 79' lang='lat'><strong><em>&quot;</em></strong></span> <span class='ocrx_word' id='word_1_832' title='bbox 2028 5415 2188 5469; x_wconf 89' lang='lat' dir='ltr'><strong>Cant.</strong></span> <span class='ocrx_word' id='word_1_833' title='bbox 2227 5433 2300 5480; x_wconf 74' lang='lat' dir='ltr'><strong>rt,</strong></span> <span class='ocrx_word' id='word_1_834' title='bbox 2341 5417 2390 5485; x_wconf 88' lang='lat'><strong>7,</strong></span> <span class='ocrx_word' id='word_1_835' title='bbox 2417 5417 2470 5472; x_wconf 90' lang='lat'><strong>8.</strong></span> 
     </span>
    </p>
   </div>
   <div class='ocr_carea' id='block_1_117' title="bbox 1885 5621 3470 5698">
    <p class='ocr_par' dir='ltr' id='par_1_117' title="bbox 1885 5621 3470 5698">
     <span class='ocr_line' id='line_1_117' title="bbox 1885 5621 3470 5698; baseline 0.008 -28"><span class='ocrx_word' id='word_1_836' title='bbox 1885 5625 2092 5698; x_wconf 71' lang='lat' dir='ltr'><strong>tantum</strong></span> <span class='ocrx_word' id='word_1_837' title='bbox 2149 5621 2444 5698; x_wconf 68' lang='lat' dir='ltr'><strong>profertur.</strong></span> <span class='ocrx_word' id='word_1_838' title='bbox 2491 5625 2790 5683; x_wconf 81' lang='lat' dir='ltr'><strong>Redderem</strong></span> <span class='ocrx_word' id='word_1_839' title='bbox 2841 5646 2972 5698; x_wconf 74' lang='lat' dir='ltr'><strong>ergo</strong></span> <span class='ocrx_word' id='word_1_840' title='bbox 3006 5631 3188 5698; x_wconf 90' lang='lat' dir='ltr'><strong>potius</strong></span> <span class='ocrx_word' id='word_1_841' title='bbox 3222 5646 3470 5698; x_wconf 80' lang='lat' dir='ltr'><strong>quarum,</strong></span> 
     </span>
    </p>
   </div>
   <div class='ocr_carea' id='block_1_118' title="bbox 1882 5689 3468 5768">
    <p class='ocr_par' dir='ltr' id='par_1_118' title="bbox 1882 5689 3468 5768">
     <span class='ocr_line' id='line_1_118' title="bbox 1882 5689 3468 5768; baseline 0.01 -29"><span class='ocrx_word' id='word_1_842' title='bbox 1882 5689 2237 5768; x_wconf 38' lang='lat' dir='ltr'><strong>vel&#39;illarum.</strong></span> <span class='ocrx_word' id='word_1_843' title='bbox 2273 5691 2401 5768; x_wconf 82' lang='lat' dir='ltr'><strong>Loci</strong></span> <span class='ocrx_word' id='word_1_844' title='bbox 2455 5712 2651 5751; x_wconf 84' lang='lat' dir='ltr'><strong>senSus</strong></span> <span class='ocrx_word' id='word_1_845' title='bbox 2698 5689 2944 5768; x_wconf 74' lang='lat' dir='ltr'><strong>profecto</strong></span> <span class='ocrx_word' id='word_1_846' title='bbox 2984 5689 3369 5754; x_wconf 57' lang='lat' dir='ltr'><strong>declarat&#39;lani</strong></span> <span class='ocrx_word' id='word_1_847' title='bbox 3402 5689 3468 5756; x_wconf 83' lang='lat' dir='ltr'><strong>ad</strong></span> 
     </span>
    </p>
   </div>
   <div class='ocr_carea' id='block_1_119' title="bbox 1878 5760 3469 5881">
    <p class='ocr_par' dir='ltr' id='par_1_119' title="bbox 1878 5760 3469 5881">
     <span class='ocr_line' id='line_1_119' title="bbox 1878 5760 3469 5881; baseline 0.013 -73"><span class='ocrx_word' id='word_1_848' title='bbox 1878 5760 2096 5881; x_wconf 48' lang='lat' dir='ltr'><strong>Feginals</strong></span> <span class='ocrx_word' id='word_1_849' title='bbox 2127 5777 2289 5828; x_wconf 88' lang='lat' dir='ltr'><strong>quam</strong></span> <span class='ocrx_word' id='word_1_850' title='bbox 2334 5767 2399 5819; x_wconf 82' lang='lat' dir='ltr'><strong>ad</strong></span> <span class='ocrx_word' id='word_1_851' title='bbox 2437 5760 2775 5825; x_wconf 71' lang='lat' dir='ltr'><strong>concuhitias</strong></span> <span class='ocrx_word' id='word_1_852' title='bbox 2829 5786 3011 5825; x_wconf 77' lang='lat' dir='ltr'><strong>vocem</strong></span> <span class='ocrx_word' id='word_1_853' title='bbox 3051 5771 3197 5847; x_wconf 51' lang='lat' dir='ltr'><strong>illpm</strong></span> <span class='ocrx_word' id='word_1_854' title='bbox 3233 5788 3354 5827; x_wconf 85' lang='lat' dir='ltr'><strong>esse</strong></span> <span class='ocrx_word' id='word_1_855' title='bbox 3385 5788 3469 5828; x_wconf 80' lang='lat' dir='ltr'><strong>Ie-</strong></span> 
     </span>
     <span class='ocr_line' id='line_1_120' title="bbox 1901 5844 2182 5881; baseline 0 0"><span class='ocrx_word' id='word_1_856' title='bbox 1901 5844 2182 5881; x_wconf 78' lang='lat' dir='ltr'><strong>ercntam.</strong></span> 
     </span>
    </p>
   </div>
   <div class='ocr_carea' id='block_1_120' title="bbox 1901 5844 2182 5884">
    <p class='ocr_par' dir='ltr' id='par_1_120' title="bbox 1901 5844 2182 5884">
     <span class='ocr_line' id='line_1_121' title="bbox 1901 5844 2182 5884; baseline 0.007 -1"><span class='ocrx_word' id='word_1_857' title='bbox 1901 5844 2182 5884; x_wconf 75' lang='grc' dir='ltr'>ῡι·οιι(ιίιιη.</span> 
     </span>
    </p>
   </div>
   <div class='ocr_carea' id='block_1_121' title="bbox 3115 5959 3195 6019">
    <p class='ocr_par' dir='ltr' id='par_1_121' title="bbox 3115 5959 3195 6019">
     <span class='ocr_line' id='line_1_122' title="bbox 3115 5959 3195 6019; baseline 0.038 -3"><span class='ocrx_word' id='word_1_858' title='bbox 3115 5959 3195 6019; x_wconf 77' lang='lat'><strong>25</strong></span> 
     </span>
    </p>
   </div>
  </div>
