3958 6444
172 489 179 495 ’
245 501 333 555 781

819 496 1189 555 ADVERSUS
1224 495 1565 553 [MERESES
1604 495 1734 552 LIB.
1778 492 2049 550 IH.TOM.
2091 493 2155 548 ll.
2202 523 2272 532 —-
2307 493 2673 552 EXPOSlTlO
2713 492 2918 551 FIDEI.

3413 493 3519 549 782

240 620 294 672 ὲν
340 619 534 684 αὑταῖς
576 619 680 674 ἀνά
712 619 987 691 μετρητὰς
1025 618 1118 673 δύο
1145 619 1179 691 ἢ
1214 621 1364 690 τρεῖς
1389 633 1402 648 °
1450 618 1578 690 περὶ
1608 617 1703 671 τοῦ
1727 616 1824 688 μέ-

1937 615 2063 673 Lirim
2093 614 2259 671 Canae
2281 615 2337 670 in
2376 614 2601 671 Galilzea
2628 617 2854 688 lapideae
2884 615 3055 671 fuisse
3081 613 3362 674 dicuntur.
3399 628 3520 683 qua:

240 726 367 781 τρου
394 710 495 782 τῆς
518 710 763 774 Παλαιᾶς
779 712 873 765 καὶ
898 711 1043 775 Νέας
1063 710 1338 781 Διαθήκης
1359 710 1455 764 καὶ¹
1477 708 1709 781 Τριάδος
1727 706 1823 762 τοῦ

241 801 626 874 πληρώματος.
660 801 873 866 Αἰτινες
896 803 1005 856 ἀπὸ
1044 802 1137 856 τοῦ
1173 801 1366 865 ὓδατος
1383 802 1464 864 εἰς
1490 797 1632 854 οἶνον
1654 800 1826 871 ἀκρα-

240 909 326 946 τον
365 892 819 965 μεταϐέϐληνται,
865 894 1238 965 πληρωθεῖσαι
1275 895 1356 956 εἰς
1392 892 1693 963 εὐφρασίαν
1720 890 1823 960 γά⁴

245 1004 385 1056 μων,
434 986 530 1040 καὶ
576 986 707 1039 υἱῶν
736 986 845 1039 τῶν
874 984 1197 1058 ἀνθρώπων.
1249 983 1439 1037 Ἔνθεν
1477 983 1586 1053 γὰρ
1608 982 1671 1036 τὸ
1702 981 1826 1048 ἑξα-

240 1080 493 1145 γωνιαῖον
508 1076 753 1132 καλεῖται
774 1077 927 1149 παρά
940 1081 1054 1140 τοῖς
1072 1076 1271 1143 ἔξωθεν
1287 1076 1486 1144 λόγοις,
1498 1075 1589 1130 διά
1606 1073 1825 1146 τριάδος

242 1169 332 1221 καὶ
346 1168 639 1238 έὸδομάδος
665 1171 745 1232 είς
764 1169 1035 1223 εἰκοσιένα
1058 1167 1290 1239 ἀριθμὸν
1314 1164 1629 1236 γεωμετρού
1639 1182 1822 1236 μενον,

240 1255 299 1313 οῦ
331 1259 683 1329 ἐξαγωνιαίου
714 1261 962 1333 σημασία
988 1262 1103 1313 ἐστὶ⁸
1128 1258 1462 1331 πληρώσεως
1492 1257 1586 1311 τοῦ
1622 1256 1826 1320 παντὸς

239 1353 516 1424 ὁρωμένου
556 1352 772 1416 κύτους,
812 1352 901 1406 διὰ
930 1351 994 1405 τὸ
1024 1352 1262 1423 τετραχῆ
1290 1350 1435 1421 ἔχειν
1459 1348 1571 1419 {99)
1590 1388 1604 1411 ,
1650 1347 1725 1411 ὼς
1748 1348 1824 1400 εί-

239 1447 379 1505 πεῑν.
409 1444 469 1498 τὸ
504 1443 889 1516 τετραγώνιον,
918 1442 1236 1514 ὑποϐάθραν
1277 1458 1337 1495 τε
1397 1442 1491 1496 καὶ
1542 1441 1642 1509 τὴν
1685 1437 1827 1491 ἅνω-

238 1535 328 1589 θεν
367 1536 468 1607 τῆς
499 1536 825 1608 ὀροφώσεως
850 1537 1080 1607 σκέπην,
1109 1534 1267 1589 ’ἐκτον
1295 1533 1527 1607 ἀριθμὸν
1557 1530 1751 1586 τελεῖν.

1929 721 2055 762 cum
2097 715 2284 762 essent
2327 708 2630 775 exhaustae,
2682 724 2878 765 rursus
2921 708 3241 778 implentur,
3289 706 3520 777 singulm

1932 806 2193 855 metretas
2242 799 2382 855 duas
2428 810 2610 856 tresve
2659 800 3141 872 capientes‘:qui
3197 799 3395 855 modus
3450 798 3517 853 ad

1931 885 2104 943 Vetus
2141 887 2468 960 Novumque
2505 888 2921 945 Testamentum
2952 901 3007 946 et
3036 890 3325 946 Trinitatis
3365 905 3518 945 com-

1930 977 2267 1047 plementum
2296 980 2553 1035 refertur.
2600 978 2813 1037 Eaedem
2848 998 3011 1052 porro
3045 982 3250 1054 hydria:
3281 998 3347 1038 ex
3376 997 3516 1052 aqua

1929 1070 1985 1122 in
2031 1084 2242 1124 merum
2276 1071 2460 1126 vinum
2511 1087 2789 1129 conversae
2837 1086 2984 1139 sunt,
3029 1090 3153 1129 cum
3196 1075 3263 1128 ad
3302 1078 3522 1144 nuptia-

1930 1177 2050 1216 rum
2085 1162 2415 1219 hilaritatem
2439 1175 2493 1221 et
2518 1164 2754 1221 ﬁliorum
2789 1167 3072 1222 hominum
3096 1167 3517 1223 oblectationem

1927 1254 2165 1324 impletae
2207 1254 2462 1313 fuissent.
2508 1259 2650 1314 Hinc
2689 1259 2856 1315 etiam
2898 1261 3196 1331 sexangula
3233 1278 3262 1315 a
3309 1263 3521 1315 mathe-

1930 1344 2148 1399 maticis
2192 1343 2361 1416 ﬁgura
2402 1350 2739 1413 nominatur,
2786 1366 2908 1420 quae
2940 1367 3035 1420 per
3087 1353 3391 1406 ternarium
3444 1367 3523 1406 se-

1930 1437 2350 1508 ptenariumque
2389 1438 2458 1493 ad
2490 1457 2580 1494 xxr
2618 1444 2949 1511 geometrica
2999 1444 3374 1500 modulatione
3407 1460 3523 1514 per-

1934 1527 2196 1582 ducitur:
2229 1546 2337 1599 qua
2367 1532 2586 1601 quidem
2624 1535 2943 1604 hex‘agonus
2986 1537 3158 1591 totius
3192 1538 3523 1592 universita-

239 1628 311 1682 tis
344 1628 620 1698 impletam
661 1628 970 1681 vastitatem
1012 1626 1322 1697 signiﬁcat;
1371 1639 1498 1681 nam
1544 1622 1635 1693 qui
1689 1622 1744 1674 in
1801 1633 1867 1673 eo
1906 1627 1993 1672 est
2044 1619 2457 1691 quadrangulus
2505 1626 2918 1693 quaternarium
2987 1641 3316 1691 numerum,
3373 1626 3522 1681 basis

237 1738 367 1778 vero
396 1738 460 1778 ac
489 1723 742 1792 superior
772 1737 900 1792 pars
925 1722 1039 1778 sive
1071 1721 1346 1790 fastigium
1378 1719 1656 1777 senarium
1688 1713 2001 1786 perﬁciunt.

305 1817 382 1870 E'.
435 1815 576 1869 Ἀλλ’
606 1816 695 1869 ἵνα
748 1815 822 1887 μὴ
871 1816 952 1878 είς
992 1814 1194 1878 πλάτος
1240 1813 1468 1885 μηκύνω
1515 1812 1607 1865 τὸν
1640 1810 1821 1877 λόγον,

2008 1803 2070 1859 ν.
2115 1804 2220 1861 Sed
2248 1823 2315 1862 ne
2345 1808 2560 1879 longior
2593 1810 2717 1876 sim,
2757 1811 2890 1866 satis
2923 1812 3189 1866 hactenus
3216 1812 3282 1865 de
3315 1812 3516 1883 reginis

240 1902 399 1956 πάλιν
435 1902 635 1966 ἱκανῶς
668 1903 811 1974 ἔχειν
839 1903 1044 1974 νομίζω
1074 1905 1202 1975 περὶ
1233 1903 1342 1956 τῶν
1371 1902 1635 1974 ἑξήκοντα
1664 1900 1822 1971 βάσιμ-

1937 1897 2037 1953 illis
2080 1912 2147 1952 ιιι
2182 1898 2390 1955 dictum
2440 1901 2716 1970 arbitror,
2767 1904 2872 1958 hoc
2913 1911 3029 1970 est,
3070 1906 3517 1976 generationibus

238 1995 435 2048 λισσῶν
458 1995 563 2059 ἓως
597 1996 696 2066 τῆς
734 1995 829 2049 τοῦ
858 1995 1096 2068 Χριστοῦ
1137 1997 1440 2068 παρουσίας
1477 1993 1680 2064 γενεῶν
1706 1994 1828 2065 ἀρι-

236 2087 550 2158 θμηθεισῶν
590 2086 662 2140 τὰ
711 2088 997 2159 εἰρημένα.
1055 2088 1213 2143 Μετὰ
1253 2088 1311 2141 δὲ
1343 2089 1435 2142 τὸν
1468 2087 1701 2161 Χριστὸν
1732 2085 1827 2141 καὶ

235 2178 395 2250 δεῦρο
438 2178 825 2249 τυγχανουσῶν
862 2179 1047 2233 λοιπὸν
1080 2180 1305 2248 γενεῶν,
1347 2179 1528 2243 καθὼς
1564 2177 1714 2249 αὐτῷ
1750 2177 1828 2248 τῷ

232 2271 427 2343 Κυρίῳ
475 2272 620 2341 μόνῳ
666 2270 950 2340 ἔγνωσται.
1009 2272 1206 2324 Οὐκέτι
1236 2270 1345 2343 γὰρ
1379 2272 1519 2325 κατά
1552 2271 1748 2339 γενεὰν
1775 2271 1826 2323 οἱ

235 2362 462 2433 ἀριθμοὶ
493 2364 644 2434 παρά
694 2379 835 2415 τισιν
886 2362 1333 2434 άνηνέχθησανῆ
1385 2362 1823 2434 κατετάχθησαν,

232 2455 321 2509 διὰ
346 2455 407 2509 τὸ
430 2454 871 2528 ὑποσφραγίσθαι
908 2455 1019 2527 (50)
1046 2455 1138 2509 τὸν
1163 2456 1393 2527 ἀριθμὸν
1436 2457 1533 2527 τῆς
1571 2456 1827 2528 τοιαύτης

233 2551 548 2616 ὓποθέσεως
581 2552 676 2605 καὶ
698 2551 1123 2606 ἀποκεκλεῖσθαι
1143 2551 1232 2604 διὰ
1256 2552 1350 2606 τοῦ
1372 2551 1481 2606 τῶν
1500 2552 1826 2622 βασιλισσῶν

233 2641 470 2714 ἀριθμοῦ
494 2641 599 2705 ἕως
628 2641 792 2696 αὐτοῦ
826 2643 926 2712 τῆς
955 2641 1222 2713 ὲνσάρκου
1250 2642 1552 2713 παρουσίας
1584 2643 1825 2715 ἠριθμη-

235 2736 426 2805 μένου.
456 2734 659 2789 Λοιπὸν
687 2733 797 2804 γάρ
821 2734 871 2785 οἱ
903 2733 1197 2801 μετέπειτα
1232 2736 1590 2807 συγγραφεῖς,
1617 2735 1649 2805 ἢ
1674 2735 1828 2805 λογο-

231 2826 461 2896 γράφοι,
503 2826 536 2897 ἢ
570 2825 957 2897 χρονογράφοι,
986 2824 1019 2895 ἢ
1059 2825 1485 2897 ίστοριογράφοι,
1520 2828 1703 2882 οὐκέτι
1730 2844 1826 2898 γε-

230 2919 362 2983 νεάς
408 2917 753 2990 ἀριθμοῦσιν,
788 2917 904 2971 ἀλλ’
953 2916 986 2987 ἢ
1023 2917 1289 2987 βασιλέων
1330 2919 1431 2983 τὰς
1455 2918 1706 2991 διαδοχὰς
1732 2921 1828 2975 καὶ

233 3009 461 3081 χρόνους
511 3009 653 3063 κατά
718 3008 808 3061 τὸν
841 3007 952 3062 τῶν
988 3008 1126 3062 ὲτῶν
1172 3008 1404 3080 ἀριθμὸν
1454 3010 1686 3064 ἑκάστου
1711 3010 1825 3081 (51)

235 3099 504 3173 βασιλέως
528 3116 556 3137 ἐ
594 3099 724 3154 ὥστ’
762 3100 1063 3166 ὲξάπαντος
1095 3095 1153 3154 εὖ
1188 3100 1332 3170 μάλα
1368 3100 1461 3154 τὸν
1496 3101 1715 3155 συνετὸν
1748 3119 1828 3171 γι-

230 3193 487 3257 νώσκειν,
518 3193 598 3246 δτι
639 3192 735 3246 καὶ
776 3192 886 3245 ἀπὸ
927 3191 1116 3245 τούτου
1156 3191 1251 3245 τοῦ
1282 3191 1599 3264 ζητήματος
1626 3192 1688 3247 τὸ
1716 3195 1826 3248 πᾶν

229 3284 332 3339 τοῦ
362 3285 556 3356 χρόνου
612 3283 924 3356 συνετμήθη
972 3286 1054 3348 εἰς
1095 3283 1187 3338 τὸν
1235 3285 1344 3338 τῶν
1366 3284 1444 3355 ξβ⁹
1475 3284 1680 3354 γενεῶν
1721 3285 1826 3349 ἓως

231 3376 476 3448 Χριστοῦ
509 3377 761 3451 ἀριθμὸν,
796 3375 884 3431 διὰ
914 3376 976 3430 τὸ
1022 3377 1217 3448 μηκέτι
1252 3378 1390 3448 μετά
1420 3378 1656 3450 Χριστὸν
1685 3377 1828 3432 κατά

229 3471 336 3542 τὴν
364 3470 618 3525 ὑπόθεσιν
640 3471 844 3542 ταύτην
864 3471 952 3525 διὰ
971 3469 1334 3540 γενεαλογιῶν
1349 3472 1476 3535 τοὺς
1502 3471 1596 3525 τοῦ
1618 3471 1826 3542 κόσμου

228 3561 463 3634 χρόνους
498 3561 888 3633 ἀριθμεῖσθαι,
939 3561 1316 3633 τελειουμένου
1367 3564 1424 3616 ὲν
1461 3564 1561 3634 μιᾷ
1596 3560 1830 3616 συνενώ-

233 3667 325 3705 σει
351 3669 410 3705 τε
460 3652 834 3726 σημαινομένῃ
859 3653 1001 3707 κατά
1033 3653 1094 3706 τὸ
1128 3653 1230 3724 τῆς
1257 3653 1505 3717 εὐδοκίας
1531 3652 1668 3707 Θεοῦ
1694 3655 1831 3724 ἀμε-

229 3746 502 3800 τάστατον
531 3745 760 3818 ἔρεισμα
779 3761 793 3776 ·
822 3746 898 3810 ὡς
921 3745 1029 3800 ἀπὸ
1053 3745 1154 3816 τῆς
1176 3745 1349 3816 αὐτῆς
1378 3747 1475 3818 τὴν
1506 3746 1600 3800 τοῦ
1632 3746 1830 3808 αἰῶνος

232 3839 552 3892 συντέλειαν
599 3818 1059 3909 σῦντεμνομένην,
1106 3840 1201 3892 καὶ
1231 3838 1324 3891 ἐπὶ
1369 3838 1432 3892 τὸ
1463 3838 1829 3909 μεταϐατικὸν

229 3932 334 3987 τοῦ
362 3931 646 4003 μέλλοντος
678 3931 874 3995 αἰῶνος
906 3928 1310 4003 πληρουμένην.
1368 3931 1459 3984 Διὸ
1491 3932 1660 4001 λέγει,
1706 3933 1829 3986 Μιά

228 4022 373 4078 ἐστὶ
406 4021 726 4092 περιστερά
766 4040 919 4093 μου,
960 4023 1163 4076 τελεία
1184 4038 1340 4091 μου·
1397 4022 1475 4086 ὡς
1518 4022 1623 4087 ἕως
1659 4024 1830 4095 αὐτῆς

228 4116 348 4170 τῶν
383 4116 600 4170 πάντων
638 4114 1051 4186 τελειουμένων,
1084 4117 1185 4170 κᾶν
1214 4134 1274 4170 τε
1301 4117 1485 4188 χρόνοι
1519 4118 1614 4170 καὶ
1645 4119 1831 4189 καιροὶ

228 4208 476 4263 ἐνιαυτοί
501 4226 561 4262 τε
590 4209 683 4262 καὶ
712 4208 1059 4278 διαστήματα
1081 4209 1301 4277 γενεῶν,
1323 4209 1468 4264 κατά
1495 4226 1553 4262 τε
1571 4209 1829 4279 βασιλέας

227 4301 267 4374 ἢ
302 4301 542 4365 ὑπάτους
569 4300 602 4371 ἢ
631 4299 970 4370 ὀλυμπιάδας
1010 4300 1044 4372 ἢ
1074 4300 1396 4370 ἡγεμονίας,
1422 4302 1450 4353 ὁ
1476 4300 1611 4355 αἰὼν
1636 4303 1828 4357 ἑαυτὸν

226 4393 615 4465 ἀριθμήσειενο
645 4392 970 4465 ὀγδοήκοντα
993 4392 1050 4445 δὲ
1085 4392 1376 4457 παλλακαὶ,
1406 4395 1609 4459 αἵτινες
1644 4398 1703 4449 ὲν
1733 4396 1829 4467 μέ-

228 4503 322 4555 σῳ
347 4483 454 4537 τῶν
490 4482 796 4554 βασιλίδων,
832 4482 925 4535 καὶ
954 4481 1061 4553 πρὸ
1099 4482 1198 4552 τῆς
1227 4482 1494 4554 ὲνσάρκου
1528 4482 1824 4552 βασιλείας,

223 4575 486 4632 τουτέστι
512 4575 610 4648 τῆς
637 4573 894 4661 πίστεως,
923 4573 1019 4627 καὶ
1044 4574 1215 4645 αὐτῆς
1250 4573 1455 4645 ταύτης
1481 4575 1581 4646 τῆς
1607 4574 1827 4648 νύμφης
1861 4604 1905 4662 D

222 4667 334 4722 καὶ
368 4667 640 4738 παρθένου
684 4656 782 4720 καὶ
819 4664 1048 4720 ἀσπίλου
1091 4682 1151 4718 τε
1200 4665 1296 4721 κα)⁸
1322 4668 1683 4739 περιστερᾶς,
1726 4669 1824 4739 τῆς

222 4758 411 4832 μόνης
433 4760 499 4831 τῇ
538 4758 706 4831 μητρὶ
731 4757 827 4812 καὶ
852 4759 918 4829 τῇ
946 4755 1203 4829 τεκούσῃ.
1457 4748 1464 4755 ’

308 4937 402 5003 ς’.
438 4933 733 5004 Ἐκκλησία
749 4932 858 5004 γάρ
880 4933 1025 4985 ἐστιν
1051 4932 1159 4986 ἀπὸ
1183 4933 1312 5002 μιᾶς
1337 4931 1572 4995 πίστεως
1594 4949 1843 5007 γεγεννη.

216 5028 398 5102 μένη,
425 5026 677 5097 τεχθεῖσα
707 5026 764 5079 δὲ
786 5025 873 5079 διὰ
894 5024 1212 5095 Πνεύματος
1242 5025 1419 5093 ἀγίου,
1445 5023 1541 5096 μία
1572 5027 1639 5096 τῇ
1666 5025 1825 5099 μόνῃ,

214 5120 334 5179 καὶ
362 5120 460 5192 μία
484 5121 549 5191 τῇ
574 5135 734 5190 γεγεν
749 5118 938 5189 ιηκυίᾳ
955 5133 968 5148 ·
1002 5117 1095 5170 καὶ
1118 5120 1240 5171 ὅσαι
1260 5116 1398 5187 μετά
1420 5114 1626 5188 ταύτην
1659 5112 1826 5188 ἦλθον

306 5275 331 5307 ¹
371 5272 530 5329 Joan.
576 5289 638 5337 ιι,
671 5272 696 5325 1
742 5287 866 5343 sqq.
945 5274 966 5304 ³
996 5270 1160 5327 Cant.
1194 5285 1268 5334 vr,

298 5425 421 5498 (29)
451 5423 651 5508 Διὰ.τό
685 5424 943 5508 τετραχῆ
982 5424 1167 5494 ἔχειν.
1199 5422 1326 5481 Hae
1356 5440 1426 5482 ex
1464 5434 1729 5498 sequente
1765 5427 1831 5482 li-

207 5513 373 5574 gura
398 5505 693 5568 perspicua
719 5505 868 5551 sunt.

1928 2006 2051 2060 quae
2073 1990 2137 2045 ad
2156 1991 2435 2048 Christum
2463 2010 2641 2066 usque
2663 2007 3045 2052 numerantur.
3072 1998 3202 2054 Post
3226 1999 3510 2055 Christum

1929 2097 2060 2136 vero
2102 2083 2168 2138 ad
2222 2084 2323 2139 hoc
2384 2093 2599 2157 tempus
2642 2096 2776 2157 quot
2829 2091 3211 2159 generationes
3261 2092 3519 2163 deinceps

1929 2176 2320 2238 successerint,
2358 2178 2511 2232 solus
2560 2179 2711 2232 novit
2743 2178 3026 2236 Dominus.
3068 2181 3188 2236 Non
3217 2184 3362 2238 enim
3404 2200 3521 2240 am-

1929 2266 2073 2335 plius
2111 2283 2209 2337 per
2244 2271 2663 2339 generationes,
2707 2280 3012 2343 temporum
3060 2284 3143 2330 est
3183 2278 3249 2331 ab
3283 2279 3394 2333 ullo
3424 2279 3520 2334 de-

1933 2357 2100 2413 ducta
2128 2359 2451 2431 digestaque
2481 2362 2653 2418 series
2682 2382 2694 2418 :
2731 2380 2829 2434 pro
2852 2379 2918 2420 eo
2943 2367 3087 2436 quod
3123 2384 3387 2427 numerus
3415 2372 3518 2427 iste

1928 2463 2027 2518 per
2057 2450 2206 2503 illam
2242 2452 2417 2521 ipsam
2446 2454 2761 2524 reginarum
2789 2459 3260 2515 enumerationem
3293 2478 3415 2533 quae
3447 2465 3517 2519 ad

1928 2541 2209 2597 Christum
2245 2542 2539 2601 Dominum
2573 2555 2954 2614 recensentur,
2987 2551 3134 2606 velut
3189 2555 3514 2625 obsignatus

1929 2649 1995 2690 ac
2027 2636 2325 2692 conclusus
2371 2643 2476 2692 est.
2523 2636 2661 2692 Nam
2713 2641 2806 2709 qui
2855 2646 3203 2711 postmodum
3256 2649 3517 2705 exstitere

1931 2726 2232 2797 scriptores
2280 2741 2344 2783 ac
2396 2738 2879 2801 commentatores,
2931 2743 3027 2789 aut
3076 2736 3395 2810 chronologi
3432 2750 3515 2796 vei

1931 2817 2183 2874 historici
2207 2820 2391 2876 nullas
2413 2821 2648 2891 amplius
2670 2826 3057 2896 generationes
3085 2843 3394 2896 numerant,
3421 2835 3515 2889 sed

1926 2924 2120 2980 regum
2144 2912 2529 2968 successiones
2547 2928 2610 2968 ac
2627 2911 2874 2986 témpora
2902 2920 3202 2975 secundum
3227 2939 3516 2980 numerum

1929 3018 2201 3060 annorum
2236 3007 2505 3076 cujusque
2536 3007 2701 3077 regis.
2747 3007 2824 3062 Ex
2863 3011 3065 3081 quibus
3107 3014 3347 3083 prudens
3386 3017 3515 3072 illud

1929 3092 2166 3166 quisque
2202 3094 2363 3151 facile
2403 3103 2584 3168 potest
2618 3097 3076 3167 animadvertere,
3111 3112 3165 3157 et
3189 3119 3253 3158 ex
3281 3120 3343 3160 ea
3370 3123 3520 3175 qum-

1933 3186 2114 3242 stione
2144 3187 2392 3243 iudicare
2412 3205 2425 3242 :
2444 3186 2685 3258 Tempus
2713 3204 2876 3246 omne
2919 3191 2971 3244 in
2994 3207 3105 3246 an
3136 3184 3517 3263 generationes

1853 3256 1899 3318 Ε
1932 3275 1999 3330 ad
2047 3274 2330 3331 Christum
2391 3256 2901 3348 usque—redactum
2962 3256 3167 3351 fuisse:
3229 3297 3515 3356 propterea

1930 3368 2076 3438 quod
2113 3367 2373 3440 deinceps
2398 3377 2523 3439 post
2548 3370 2850 3434 Christum,
2879 3380 2935 3424 ut
2975 3389 3043 3428 ex
3073 3376 3140 3430 iis
3180 3392 3300 3439 qua:
3327 3379 3518 3450 dispu-

1928 3466 2045 3514 tata
2076 3470 2204 3515 sunt
2228 3469 2473 3531 apparet,
2500 3461 2689 3518 mundi
2719 3468 2963 3533 tempora
2996 3481 3105 3519 non
3140 3471 3376 3539 amplius
3421 3489 3519 3543 per

1929 3552 2277 3622 genealogias
2327 3553 2538 3624 digesta
2582 3563 2732 3609 sunt.
2775 3555 2880 3620 Qui
2917 3557 3135 3626 quidem
3169 3563 3406 3619 mundus
3461 3567 3514 3621 in

1930 3659 2038 3697 una
2070 3643 2161 3697 illa
2193 3659 2463 3698 annorum
2495 3645 2823 3702 collectione
2859 3646 3249 3717 perfectionem
3284 3655 3516 3725 adeptus

1930 3743 2047 3798 est,
2082 3751 2245 3805 quam
2294 3737 2649 3793 immutabilis
2679 3754 2743 3794 ac
2777 3740 2953 3795 solida
2992 3740 3084 3797 Dei
3130 3744 3385 3803 voluntas
3421 3750 3517 3806 ob-

1931 3828 2188 3898 signavit.
2233 3827 2416 3895 Quare
2448 3829 2516 3885 ab
2558 3829 2660 3885 hac
2704 3832 2892 3887 eadem
2926 3834 3156 3905 abrupta
3204 3840 3517 3896 terminata-

1931 3935 2038 3990 que
2076 3921 2259 3976 saeculi
2302 3925 2725 3989 consummatio,
2770 3934 2825 3980 et
2864 3927 2928 3981 ad
2959 3940 3133 3983 aevum
3184 3930 3428 3989 futurum
3464 3946 3522 3990 ut

1931 4012 2224 4083 impleatur
2247 4013 2522 4069 traducta.
2565 4015 2778 4086 1083
2826 4015 2910 4073 Ob
2935 4018 2986 4074 id
3017 4020 3218 4077 dicitur
3251 4041 3263 4079 :
3296 4023 3413 4079 Una
3443 4037 3520 4082 est

1931 4105 2178 4160 columba
2193 4123 2332 4170 mea,
2351 4107 2582 4177 perfecta
2599 4124 2713 4162 mea
2728 4110 2780 4163 ἐ
2808 4113 2964 4181 quasi
2989 4113 3043 4167 in
3068 4114 3242 4184 ipsam
3262 4119 3517 4176 universa

1931 4201 2206 4268 desinant,
2254 4211 2499 4275 tempora
2526 4204 2797 4269 videlicet,
2822 4206 2974 4268 anni,
3012 4222 3074 4261 ac
3104 4212 3517 4283 generationum

1931 4291 2239 4357 intervalla,
2268 4295 2384 4351 sive
2406 4311 2502 4366 per
2527 4310 2702 4366 reges,
2727 4297 2842 4353 sive
2864 4313 2959 4367 per
2980 4302 3258 4367 consules,
3283 4304 3398 4358 sive
3423 4320 3521 4373 per

1930 4388 2291 4459 olympiadas,
2328 4397 2424 4443 aut
2450 4389 2827 4460 magistratus,
2863 4398 3170 4462 temporum
3203 4397 3383 4465 spatia
3417 4412 3516 4451 nu-

1932 4486 2230 4534 merentur.
2281 4479 2570 4551 Octoginta
2625 4495 2792 4550 porro
2830 4482 3149 4538 concubina:
3192 4492 3324 4539 sunt
3375 4486 3516 4542 inter

1932 4571 2153 4643 reginas
2199 4572 2522 4644 interjectze.
2572 4575 2735 4629 etiam
2782 4575 2985 4630 Christi
3031 4591 3140 4646 qua
3187 4577 3352 4635 homo
3395 4590 3512 4648 est,

1932 4678 2102 4735 regno
2129 4664 2365 4735 priores,
2396 4666 2500 4721 hoc
2526 4673 2632 4730 est,
2665 4666 2791 4735 ﬁde,
2827 4668 3057 4738 ipsaque
3081 4684 3284 4739 sponsa
3311 4673 3518 4742 pariter

1932 4766 1998 4807 ac
2032 4754 2261 4826 virgine,
2297 4755 2524 4821 illibata,
2560 4757 2835 4823 columba,
2882 4775 3003 4829 qua:
3044 4760 3208 4814 unica
3241 4763 3400 4816 matri
3434 4772 3518 4820 est
3602 4750 3606 4753 ’

1933 4853 2096 4916 atque
2122 4848 2392 4917 genitrici.

2008 4937 2093 4992 Vl.
2138 4940 2419 5010 Siquidem
2456 4940 2700 4998 Ecclesia
2733 4944 2801 4998 ab
2826 4958 2935 4997 una
2968 4943 3073 4998 ﬁde
3098 4945 3299 5014 genita,
3332 4961 3396 5000 ac
3425 4963 3522 5017 per

1931 5026 2194 5099 Spiritum
2232 5043 2481 5087 sanctum
2517 5033 2571 5087 in
2605 5034 2781 5088 lucem
2829 5034 3022 5101 edita,‘
3050 5050 3156 5089 una
3190 5045 3277 5092 est
3303 5039 3422 5105 uni,
3466 5050 3520 5094 et

1932 5137 2040 5175 una
2072 5122 2322 5194 genitrici
2347 5139 2480 5180 sua.
2512 5124 2651 5180 Tum
2684 5142 2817 5182 vero
2841 5136 3195 5200 quotcunque
3220 5139 3343 5202 post
3372 5131 3518 5185 illam

1938 5427 2073 5484 Nam
2113 5430 2525 5500 quadrangulus
2563 5431 2779 5488 medius
2820 5432 2965 5490 inter
2993 5433 3131 5491 duas
3167 5434 3404 5490 unitates
3430 5435 3521 5489 in-

1935 5499 2217 5556 terceptus
2244 5509 2348 5555 est.
2375 5499 2590 5555 ’Psnv.

2010 5571 2124 5639 (50)
2165 5572 2629 5645 Ἐπισφραγίσθαι
2659 5572 2894 5643 legimus
2939 5573 3080 5644 apud
3103 5572 3385 5628 Petavium
3423 5590 3521 5645 pro

1936 5640 2398 5713 ῦποσφραγίσθα

2010 5710 2312 5783 (3|)‘_Edita
2349 5710 2561 5767 Petavii
2610 5713 2723 5768 illic
2756 5713 2959 5768 habent
2984 5712 3214 5767 ἕκαστον
3259 5726 3361 5781 pro
3394 5714 3524 5783 εκα·

1938 5781 2321 5835 στου.’1.ειιίηιι
2351 5797 2482 5837 vero
2510 5782 2890 5852 interpretatio
2914 5783 2969 5836 in
2994 5783 3185 5837 iisdem
3217 5791 3303 5838 est
3322 5781 3524 5851 hujus:

1936 5852 2125 5924 modi;
2169 5851 2260 5924 sed
2300 5869 2477 5923 regum
2499 5851 2867 5924 successiones
2896 5870 2958 5909 ac
2991 5864 3248 5923 tempora,
3299 5866 3524 5924 quorum

1932 5921 2251 5992 singillatim
2277 5921 2443 5978 annos
2475 5922 2796 5979 describunt.
