3958 6404
271 391 377 445 785

834 388 1204 448 ADVERSUS
1240 390 1587 448 "IERESES
1611 392 1741 447 LIB.
1781 391 1867 450 Ill.
1911 394 2078 454 ΤΟΜ.
2120 397 2275 452 Ιῐ.-
2310 394 2674 452 EXPOSITIO
2709 395 2909 453 FiDEl.

3449 398 3554 455 786

269 501 437 540 κοντα
471 482 834 549 παλλακίδας,
878 486 974 539 καὶ
1008 486 1257 550 νεάνιδας
1293 479 1368 541 ὧν
1405 489 1508 541 οὐκ
1548 487 1694 541 ἐστιν
1729 490 1852 559 ἀρι-

1961 492 2138 557 binas,
2165 502 2221 547 et
2245 492 2683 548 adolescentulas
2711 506 2945 563 quarum
2972 506 3237 547 numerus
3262 505 3371 546 non
3396 502 3479 547 est
3507 495 3551 552 ³.

268 579 427 650 θμός.
458 580 580 632 Mla
606 577 663 630 δὲ
684 618 699 641 ,
731 578 916 649 φησὶν,
947 579 1080 633 ἐστὶ
1126 580 1447 649 περιστερά
1486 599 1629 650 μου,
1658 583 1860 636 τελεία

264 689 387 741 μου
408 712 423 736 ,
448 672 559 741 μία
593 671 725 725 ἐστὶ
768 670 844 739 τῇ
869 671 1049 741 μητρὶ
1088 671 1278 741 αὐτῆς
1305 713 1319 738 ,
1360 674 1618 744 ἐκλεκτὴ
1662 675 1738 745 τῇ
1768 693 1860 730 τε-

270 761 467 831 κούσῃ
495 760 710 829 αὐτήν.
740 762 849 816 Καὶ
874 762 1100 834 ὕστερον
1128 763 1370 818 δείκνυσι
1418 765 1535 829 πῶς
1568 770 1720 838 παρὰ
1747 770 1855 822 πᾶ-

271 870 359 906 σιν
401 854 780 926 εὑρεθήσεται,
818 853 895 919 ὡς
948 855 1274 927 ἐντιμοτέρα
1322 857 1513 911 πασῶν
1553 854 1709 925 οὖσα,
1764 862 1859 913 καὶ

274 943 494 998 πάντων
522 945 890 1011 δεσπόζουσα,
938 946 1032 1000 καὶ
1076 946 1238 1001 αὑτοῦ
1289 948 1423 1021 μόνη
1455 949 1856 1023 ὲκλελεγμένη,

273 1033 340 1110 ἧς
388 1039 454 1092 τὰ
488 1039 655 1094 τέκνα
703 1040 1018 1112 κληρονόμα
1065 1040 1156 1095 τοῦ
1205 1041 1493 1111 βασιλέως,
1558 1047 1651 1099 καὶ
1692 1046 1859 1101 τέκνα

270 1132 531 1202 ἀληθινὰ,
578 1134 655 1198 ὡς
691 1135 855 1188 τέκνα
896 1136 997 1205 τῆς
1032 1135 1395 1204 ἐπαγγελίας.
1434 1139 1529 1192 καὶ
1580 1140 1640 1192 οὐ
1692 1141 1859 1194 τέκνα

266 1221 372 1291 τῆς
408 1222 854 1296 παιδίσκης,οὕτε
881 1223 1231 1290 παλλακίδος,
1250 1223 1375 1277 οὔτε
1406 1226 1512 1280 τῶν
1540 1227 1716 1281 ἄλλων
1749 1228 1859 1282 τῶν

268 1312 591 1385 ἀναρίθμως
615 1314 1091 1386 ἑρμηνευομένων.
1115 1317 1179 1369 Et
1207 1317 1314 1390 γὰρ
1344 1317 1439 1370 καὶ
1483 1318 1595 1371 ἀπὸ
1626 1320 1862 1373 Χεττούο

272 1420 375 1472 ρας
396 1404 499 1473 τῆς
526 1404 853 1470 παλλακίδος
877 1406 1035 1478 ἔσχεν
1066 1409 1095 1461 ό
1132 1407 1383 1479 Ἀϐραάμ
1412 1410 1598 1475 τέκνα,
1632 1412 1693 1464 οὐ
1727 1428 1859 1480 συγ-

268 1495 587 1568 κληρονόμα
647 1498 903 1569 τυγχάνει
950 1499 1018 1553 τά
1058 1499 1226 1554 τέκνα
1276 1482 1375 1572 τῆς
1422 1502 1730 1575 Χεττούρας
1782 1502 1860 1574 τῷ

287 1589 477 1641 Ἰσαάκ
498 1605 511 1618 ’
552 1588 762 1659 δόματα
794 1590 851 1642 δὲ
877 1590 1071 1645 ἔλαϐεν
1104 1592 1179 1655 ὼς
1209 1592 1449 1663 ληγάτου
1484 1594 1646 1666 χάριν
1667 1610 1680 1623 ·
1715 1595 1804 1648 ἵνα
1832 1598 1861 1649 ό

267 1679 442 1744 τύπος
475 1670 743 1751 μένοιέἱς
785 1683 1076 1754 ἀναγωγὴν
1108 1683 1204 1737 τοῦ
1238 1685 1421 1754 λόγου,
1456 1688 1537 1749 είς
1560 1686 1619 1739 τὸ
1653 1687 1727 1758 μὴ
1756 1687 1862 1740 ἀπ-

268 1771 492 1825 ελπίσαι
522 1771 677 1836 τινὰς
700 1773 802 1842 τῆς
824 1773 920 1826 τοῦ
954 1774 1192 1845 Χριστοῦ
1233 1774 1483 1845 κλήσεως
1502 1793 1514 1805 ο
1542 1776 1766 1849 καὶγὰρ
1788 1777 1857 1830 τά

1968 579 2085 636 Una
2109 591 2210 647 est,
2240 583 2437 652 inquit,
2483 582 2729 637 columba
2760 599 2895 647 mea,
2941 582 3174 651 perfecta
3206 597 3324 635 mea
3348 596 3366 635 :
3394 583 3552 637 unica

1958 681 2038 727 est
2074 674 2234 727 matri
2260 689 2391 739 suw,
2419 673 2587 728 electa
2617 674 2857 743 genitrici
2892 689 3004 727 sum
3029 673 3070 726 ³.
3112 672 3255 726 Tum
3294 672 3430 739 illud
3461 674 3553 727 de-

1961 773 2251 832 monstrat,
2285 765 2743 837 quemadmodum
2778 766 3008 837 reperiri
3036 767 3108 822 ab
3134 767 3393 822 omnibus
3424 781 3551 836 pos-

1961 858 2073 913 sit:
2106 865 2297 927 utpote
2336 873 2459 927 qua:
2509 858 2768 913 omnibus
2816 858 3140 914 honoratior
3178 859 3271 925 sit,
3319 860 3552 930 imperet

1960 949 2242 1014 omnibus,
2275 958 2441 1020 atque
2472 950 2574 1020 ipsi
2605 951 2725 1006 sola
2757 950 2907 1005 velut
2939 950 3139 1005 eximia
3171 951 3243 1006 sit
3269 961 3323 1006 et
3352 951 3547 1016 electa,

1961 1041 2122 1109 cujus
2163 1041 2257 1094 lilii
2298 1041 2543 1097 haeredes
2574 1049 2706 1097 sunt
2746 1042 2891 1110 regis
2936 1056 3001 1094 ac
3031 1041 3125 1096 ﬁlii
3161 1042 3410 1112 legitimi,
3445 1042 3550 1097 hoc

1960 1139 2074 1193 est,
2108 1131 2493 1200 promissionis
2526 1132 2706 1197 liberi,
2743 1147 2852 1185 non
2883 1132 3096 1186 ancillae
3118 1132 3160 1195 ξ,
3199 1147 3377 1202 neque
3419 1147 3552 1187 con-

1960 1223 2174 1277 cubinae
2196 1234 2727 1297 cmteriirutnquuze
2749 1225 2902 1278 nullo
2931 1240 3164 1280 numero
3190 1226 3551 1296 comprehen—

1960 1314 2187 1371 duntur.
2220 1314 2486 1381 Quamvis
2519 1317 2667 1372 enim
2698 1333 2764 1371 ex
2795 1318 3062 1373 Chettura
3107 1318 3413 1374 concubina
3449 1335 3550 1376 sua

1961 1404 2165 1459 liberos
2192 1404 2537 1461 Abrahamus
2567 1408 2877 1477 susceperit
2903 1409 2946 1472 ⁸,
2982 1408 3189 1463 nullam
3228 1418 3409 1465 tamen
3457 1410 3549 1466 isti

1961 1510 2084 1551 cum
2117 1496 2304 1552 lsaaco
2345 1498 2400 1552 in
2439 1498 2756 1568 patrimonii
2804 1500 3251 1555 communionem
3284 1502 3545 1563 veniunt.

1962 1588 2057 1642 sed
2099 1603 2325 1643 munera
2358 1588 2643 1654 duntaxat,
2679 1591 2841 1661 quasi
2884 1591 3059 1661 legata
3100 1591 3349 1661 quaedam
3401 1593 3551 1648 acci-

1960 1678 2135 1748 piunt,
2161 1684 2219 1730 ut
2246 1678 2459 1735 altioris
2483 1694 2584 1735 nos
2608 1695 2805 1734 sensus
2829 1680 3000 1751 ﬁgura
3029 1682 3147 1751 ipsa
3175 1688 3548 1746 commoneat,

1960 1783 2031 1821 ne
2068 1768 2193 1838 quis
2236 1768 2304 1822 de
2346 1768 2552 1824 Christi
2613 1772 2899 1827 voratione
2945 1772 3218 1842 desperet.
3267 1771 3403 1827 Nam
3454 1773 3549 1827 illa

267 1862 482 1932 δόματα
507 1862 544 1917 ἃ.
580 1863 748 1916 ἔδωκε
778 1863 858 1934 τῷ
900 1844 1126 1936 Ἱσμαὴλ
1154 1866 1249 1920 καὶ
1285 1844 1398 1931 τοῖς
1442 1868 1580 1931 υἱοῖς
1623 1844 1856 1923 Χεττού-

1961 1859 2135 1926 dona,
2174 1875 2297 1930 qua:
2353 1859 2566 1916 lsmaeli
2611 1871 2665 1916 et
2705 1861 2983 1918 Chettum
3026 1862 3156 1918 tiliis
3203 1863 3549 1918 Abrahamus

270 1968 396 2022 ρας,
425 1951 596 2015 τύπος
624 1947 691 2024 ἦν
720 1951 830 2006 τῶν
870 1952 1172 2023 μελλόντων
1205 1954 1424 2009 ἔσεσθαι
1470 1956 1679 2025 ἀγαθοῦ
1705 1958 1721 1988 ί
1774 1960 1856 2029 είς

268 2042 606 2115 ἐπιστροφὴν
651 2043 842 2115 ψυχῶν
895 2044 1006 2118 (⁵52)
1058 2046 1196 2119 πρὸς
1242 2048 1344 2118 τὴν
1379 2049 1562 2102 πίστιν
1614 2049 1708 2102 κα)⁸
1758 2050 1857 2119 τὴν

267 2133 553 2205 ἀλήθειαν.
585 2135 664 2206 Τῇ
700 2135 799 2207 μὲν
823 2135 932 2208 γὰρ
964 2138 1145 2210 Ἀγαρ
1175 2138 1431 2210 παιδίσκῃ
1462 2138 1595 2211 οὔσῃ
1631 2140 1723 2193 καὶ
1747 2140 1859 2193 ἀπὸ

266 2227 366 2282 τοῦ
410 2227 663 2301 Ἀϐραὰμ
706 2227 1075 2303 ὲκϐληθείσῃ,
1126 2231 1203 2293 ὡς
1250 2234 1285 2301 ἡ
1333 2230 1669 2285 δουλεύσασα
1707 2231 1860 2285 κάτω

281 2318 643 2390 Ἰερουσαλὴμ
675 2320 814 2390 μετά
848 2319 956 2373 τῶν
988 2320 1195 2375 τέκνων
1228 2322 1422 2392 αὐτῆς,
1452 2323 1582 2393 περὶ
1606 2318 1675 2394 ἦς
1703 2322 1857 2393 εἴρη-

267 2426 396 2465 ται’
465 2411 770 2483 Ἀπέρριψα
838 2411 935 2484 τὴν
1002 2413 1216 2484 μητέρα
1269 2414 1455 2485 ὑμῶν·
1511 2414 1606 2468 καὶ
1661 2414 1856 2468 πάλιν*

272 2502 497 2556 Ἔδωκα
546 2502 755 2572 βιϐλίον
801 2503 1134 2557 ἀποστασίου
1178 2505 1258 2567 εἱς
1291 2504 1391 2568 τὰς
1436 2506 1625 2576 χεῖρας
1663 2504 1858 2575 αὐτῆς’

277 2592 458 2665 ταύτῃ
490 2594 600 2665 γὰρ
646 2597 712 2665 τῇ
765 2595 1047 2667 παιδίσκῃ,
1081 2597 1259 2667 Ἀγαρ
1293 2595 1353 2649 τέ
1400 2613 1566 2667 φημι,
1598 2595 1857 2666 συμϐολι-

265 2686 516 2759 κώτερον
544 2688 609 2742 δι’
639 2687 830 2741 ἐλπίδα
877 2688 1249 2760 ἐπιστροφῆς,
1280 2688 1449 2743 ἀσκὸν
1484 2688 1701 2741 δίδωσιν
1739 2688 1859 2740 ὕδα-

266 2797 387 2844 τος,
433 2780 521 2833 ἴνα
558 2779 707 2851 δείξῃ
743 2780 838 2835 τοῦ
878 2780 1106 2853 λουτροῦ
1148 2781 1248 2852 τῆς
1290 2781 1715 2851 παλιγγενεσίας
1756 2781 1857 2853 τὴν

266 2871 504 2943 δύναμιν
537 2874 618 2936 είς
663 2871 802 2942 δόμα
844 2872 990 2942 ζωῆς
1037 2874 1150 2934 τοῖς
1190 2872 1440 2937 ἀπίστοις
1478 2872 1855 2938 ἀποδοθεῖσαν,

269 2960 370 3014 καὶ
391 2960 471 3024 εἱς
494 2961 832 3032 ἐπιστροφὴν
856 2959 1078 3015 πάντων
1102 2961 1210 3014 τῶν
1241 2961 1411 3015 ἐθνῶν
1440 2962 1578 3033 πρὸς
1604 2962 1705 3034 τὴν
1736 2962 1860 3016 ὲπί-

268 3068 477 3120 γνωσιν
518 3053 617 3124 τῆς
657 3052 939 3123 ἀληθείας.
994 3054 1124 3117 Τοῖς
1167 3053 1224 3106 δὲ
1257 3056 1393 3118 υἱοῖς
1424 3054 1740 3125 Χεττούρας
1786 3054 1857 3108 τά

1958 1952 2260 2015 distribuit,
2288 1951 2599 2008 futurorum
2636 1954 2903 2008 honorum
2934 1954 3224 2025 imaginem
3250 1954 3548 2009 adumbra-

1959 2044 2122 2109 bant,
2155 2060 2277 2114 qua:
2305 2045 2361 2099 in
2392 2045 2810 2100 conversionem
2845 2046 3153 2100 animarum
3188 2045 3253 2099 ad
3292 2045 3448 2101 (idem
3495 2055 3550 2102 et

1958 2138 2245 2192 veritatem
2291 2144 2449 2192 erant
2485 2137 2812 2193 ohventura.
2869 2137 3083 2191 Etenim
3135 2137 3282 2208 Agar
3335 2137 3549 2193 ancilla:

1959 2247 2122 2302 quam
2149 2230 2495 2286 Ahrahamus
2518 2229 2698 2300 ejecit,
2729 2245 2848 2300 quas
2870 2238 2951 2286 est
2980 2229 3257 2287 inferioris
3289 2231 3552 2287 llierusa-

1959 2321 2063 2376 lem
2099 2321 2267 2391 ﬁgura
2298 2336 2423 2376 eum
2452 2321 2639 2376 liberis
2672 2321 2789 2376 suis
2819 2336 2927 2376 una
2961 2321 3255 2376 servientis
3282 2321 3324 2386 ⁸,
3353 2320 3421 2376 de
3442 2336 3549 2392 qua

1959 2411 2224 2480 scriptum
2256 2419 2380 2466 est:
2411 2411 2599 2480 Abjeci
2629 2418 2857 2465 matrem
2882 2421 3122 2466 vestram
3141 2412 3195 2478 7;
3221 2412 3385 2466 item:
3415 2410 3551 2466 Dedi

1959 2503 2201 2557 libellum
2242 2503 2453 2573 repudii
2489 2503 2545 2557 in
2580 2503 2793 2574 1085
2822 2519 3013 2559 manus
3049 2504 3195 2559 illius
3220 2503 3274 2568 ⁸;
3296 2501 3445 2568 huic,
3467 2504 3552 2559 in-

1959 2610 2148 2665 quam,
2166 2594 2308 2664 Agar
2333 2595 2545 2650 ancilla:
2562 2594 2630 2648 ad
2646 2609 2798 2665 spem
2821 2595 3195 2651 conversionis
3217 2594 3554 2650 adumbran-

1959 2687 2084 2742 dam
2108 2695 2230 2741 uter
2250 2702 2406 2757 aqua:
2425 2687 2587 2742 datus
2616 2698 2721 2751 est,
2746 2702 2855 2757 quo
2881 2685 3086 2742 lavacri
3117 2688 3552 2757 regenerationis

1959 2777 2045 2833 vis
2063 2784 2118 2833 et
2137 2777 2428 2833 eliicacitas
2440 2776 2761 2832 ostendatur
2777 2775 2948 2847 :quod
2968 2784 3226 2845 tanquam
3248 2776 3412 2832 vitale
3434 2792 3553 2829 mn—

1959 2885 2067 2926 nus
2101 2869 2435 2932 inﬁdelibus,
2466 2876 2523 2925 et
2551 2868 2606 2923 in
2638 2869 2923 2923 nationum
2947 2868 3194 2923 omnium
3223 2868 3550 2922 conversio~

1962 2976 2085 3017 nem
2132 2960 2198 3015 ad
2246 2960 2579 3031 agnitionem
2629 2959 2877 3015 veritatis
2925 2966 3011 3014 est
3058 2959 3324 3013 oblatum.
3382 2956 3555 3027 Igitur

1961 3054 2241 3110 Chetturte
2268 3053 2457 3109 liberis
2485 3052 2682 3107 collata
2717 3052 2809 3107 illa
2837 3067 3065 3107 munera
3100 3050 3350 3122 pecunia:
3373 3064 3552 3117 erant,

150 3160 173 3173 ο
268 3143 484 3214 δόματα
522 3139 592 3215 ἦν
634 3145 933 3216 χρημάτων
964 3143 1222 3219 ὓπαρξις,
1251 3146 1452 3217 χρυσὸς
1483 3147 1580 3199 καὶ
1616 3144 1856 3218 ἄργυρος

1962 3160 2160 3201 aurum
2182 3143 2456 3208 videlicet,
2482 3144 2772 3215 argentum
2792 3152 2847 3198 et
2868 3144 3060 3209 vestis,
3086 3152 3140 3199 et
3162 3160 3285 3213 quae
3306 3159 3413 3198 non
3433 3144 3555 3213 sine

268 3236 370 3289 καὶ
398 3236 712 3307 ἱματισμὸς,
745 3236 838 3292 καὶ
867 3236 1025 3290 ἀτινα
1059 3237 1118 3289 ὲν
1146 3236 1430 3308 μυστηρίῳ
1465 3237 1711 3308 Ἀϐραὰμ
1751 3239 1851 3291 ἀπ-

268 3325 520 3382 έκλεισεν
557 3327 614 3381 ὲν
646 3330 764 3391 ταῖς
795 3330 1032 3401 πήραις,
1076 3328 1292 3382 λίϐανον
1338 3328 1432 3382 καὶ¹
1485 3327 1731 3399 σμύρναν
1763 3329 1859 3384 καὶ⁵

268 3418 478 3490 χρυσὸν
516 3419 624 3472 τῶν
657 3418 746 3473 διά
776 3421 884 3473 τῶν
927 3418 1192 3490 βασιλέων
1222 3418 1471 3492 Σοδόμων
1515 3421 1610 3474 καὶ
1641 3420 1855 3491 Γομόρ-

271 3514 398 3583 ρας,
427 3512 537 3575 τῶν
571 3514 699 3585 περὶ
736 3512 1140 3584 Χοδολλογόμορ
1169 3511 1262 3565 καὶ
1289 3512 1499 3585 Βαρσά,
1530 3512 1626 3566 καὶ
1652 3510 1857 3566 λοιπῶν

267 3602 384 3658 τῶν
413 3603 511 3674 τὴν
555 3604 933 3676 αἰχμαλωσίαν
974 3604 1085 3658 ἀπὸ
1117 3603 1366 3675 Σοδόμων
1412 3604 1508 3657 καὶ
1557 3603 1854 3677 Γομόρρων

268 3695 369 3749 καὶ⁵
392 3695 596 3751 λοιπῶν
640 3696 936 3759 λαϐόντων,
972 3697 1067 3751 καὶ
1099 3695 1508 3749 πυλευσάντων
1540 3696 1639 3767 τήν
1676 3713 1735 3750 τε
1764 3696 1857 3748 ’ἑπ-

268 3805 398 3854 πον,
446 3792 541 3844 καὶ
575 3791 1099 3862 αἱχμαλωτισάντων
1142 3791 1203 3845 τὸ
1247 3789 1449 3862 πλῆθος
1489 3790 1599 3845 τῶν
1644 3788 1856 3861 ἀνθρώ-

269 3899 414 3944 πων,
440 3884 537 3937 καὶ
563 3884 1006 3955 ἀφαρπαξάντων
1034 3884 1131 3947 τὰς
1150 3884 1259 3938 ἀπὸ
1283 3883 1515 3937 ἑκάστου
1542 3881 1859 3953 περιουσίας

264 3991 334 4027 τε
377 3976 472 4029 καὶ
529 3977 827 4047 χρημάτων
876 3977 971 4031 καὶ
1008 3975 1115 4030 τῶν
1154 3976 1329 4031 ἄλλων
1365 3974 1600 4047 πλῆθος
1636 3972 1665 4026 ὃ
1692 3972 1858 4036 αὐτὸς

260 4066 616 4140 ἀπέστρεψεν
642 4070 750 4123 ἀπὸ
778 4070 876 4140 τῆς
914 4070 1088 4141 κοπῆς
1125 4069 1235 4123 τῶν
1264 4068 1529 4140 βασιλέων
1562 4066 1707 4130 τότε,
1764 4066 1858 4119 καὶ

261 4155 399 4211 οὔτε
441 4159 783 4231 ἀποστρέψαι
832 4161 901 4214 τὰ
948 4162 1049 4232 ἤδη
1094 4162 1286 4233 Κυρίῳ
1326 4159 1446 4230 Θεῷ
1480 4158 1859 4229 ἀποταχθέντα

1965 3238 2229 3309 mysterio
2258 3237 2604 3293 Abrahatnus
2634 3237 2689 3292 in
2719 3237 2938 3292 illorum
2976 3237 3126 3307 peris
3151 3236 3398 3301 inclusit,
3424 3236 3554 3291 thus

1962 3336 2018 3384 et
2050 3327 2272 3400 myrrha
2293 3334 2349 3384 et
2374 3342 2572 3383 aurum
2604 3343 2726 3398 qua:
2756 3327 2825 3383 ab
2851 3326 3214 3383 Sodomorum
3248 3334 3303 3382 et
3328 3328 3556 3383 Gomor-

1962 3420 2078 3476 rhze
2109 3420 2333 3491 regibus
2363 3420 2577 3491 accepit
2610 3440 2624 3476 :
2665 3435 2775 3487 quo
2818 3427 3064 3491 tempore
3089 3418 3554 3491 Chodoll'ogomor

1962 3521 2019 3568 et
2050 3511 2217 3568 Barsa
2242 3513 2533 3583 caeterique
2561 3528 2716 3583 reges
2752 3511 3067 3567 Sodomitas
3088 3520 3144 3566 et
3167 3511 3553 3567 Gomorrhteos

1962 3606 2207 3676 captivos
2247 3604 2625 3670 abduxerunt,
2661 3620 2727 3660 ac
2770 3604 2996 3675 praedati
3046 3614 3175 3659 sunt
3218 3611 3335 3658 tam
3379 3618 3555 3672 equos

1963 3712 2129 3767 quam
2169 3697 2440 3763 homines,
2471 3707 2526 3753 et
2555 3697 2997 3769 uniuscujusque
3025 3696 3275 3753 fortunas
3307 3695 3555 3766 diripue-

1965 3794 2111 3844 runt.
2146 3786 2279 3855 Quae
2302 3803 2429 3844 cum
2467 3789 2818 3845 Abrahamus
2840 3805 2907 3845 ex
2938 3790 3029 3845 illa
3059 3805 3247 3861 regum
3272 3788 3555 3860 depraeda-

1966 3879 2113 3934 tione
2137 3890 2542 3948 recuperasset,
2582 3894 2685 3935 nec
2713 3895 2835 3951 quae
2866 3881 2979 3950 jam
3018 3880 3247 3935 Domino
3275 3879 3387 3936 Deo
3416 3894 3555 3935 con-

1963 3980 2178 4027 secrata
2206 3970 2425 4027 fuerant
2458 3972 2683 4028 auderet
2708 3969 2977 4039 avet-line,
3010 3973 3151 4028 inter
3174 3974 3280 4027 alia
3310 3972 3455 4027 dona
3484 3973 3553 4026 li-

1963 4064 2113 4120 beris
2137 4064 2254 4120 suis
2278 4078 2418 4134 quos
2442 4080 2474 4120 e
2497 4064 2758 4120 Chettura
2786 4075 3125 4136 susceperat,
3152 4066 3302 4120 ultro
3325 4079 3557 4121 conces-

1965 4158 2077 4225 sit;
2108 4167 2169 4213 ut
2206 4160 2262 4214 in
2298 4158 2648 4215 Hebraeorum
2679 4157 3075 4213 traditionibus
3102 4158 3334 4226 legimus

261 4250 637 4325 τολμήσαντος
684 4253 881 4319 αὐτοῦ,
935 4253 1074 4306 ἀλλὰ
1118 4253 1410 4315 δεδωκότος
1456 4253 1596 4306 αὐτὰ
1643 4253 1850 4321 δόματα
1889 4252 2032 4326 μετά
2077 4251 2184 4305 τῶν
2217 4250 2393 4306 ἄλλων
2432 4252 2549 4314 τοῖς
2592 4250 2735 4313 υἱοῖς
2783 4249 2949 4303 αὑτοῦ
2984 4253 3099 4313 τοῖς
3162 4249 3271 4303 ἀπὸ
3320 4249 3565 4304 Χεττού-

263 4360 396 4414 ρας,
432 4344 509 4407 ὡς
536 4345 770 4417 εὕρομεν
802 4348 861 4399 ὲν
892 4348 1014 4409 ταῖς
1045 4344 1373 4415 παραδόσεσι
1404 4342 1510 4397 τῶν
1559 4342 1855 4415 Ἐϐραίων.

343 4438 424 4490 Η¹.
479 4435 568 4489 Ἐν
612 4436 668 4489 δὲ
713 4439 780 4507 τῇ
812 4434 906 4488 τοῦ
955 4434 1195 4507 Χριστοῦ
1230 4433 1506 4506 παρουσίᾳ
1533 4433 1643 4487 τῶν
1675 4433 1855 4507 αὐτῶν

2036 4426 2169 4482 V'lll.
2212 4426 2576 4497 Posteaquam
2611 4442 2741 4482 vero
2784 4424 3042 4482 Christus
3090 4425 3144 4479 in
3191 4426 3340 4482 hunc
3386 4444 3552 4484 mur.-

258 4529 477 4584 τέκνων
499 4528 593 4583 τοῦ
638 4506 890 4601 Ἀϐραὰμ
924 4506 1033 4582 τῶν
1062 4529 1171 4581 ἀπὸ
1205 4527 1522 4599 Χεττούρας
1557 4506 1854 4597 ἐκϐληθένλ

257 4638 381 4675 των
428 4620 536 4673 ἀπὸ
581 4620 674 4673 τοῦ
732 4620 1022 4692 Ἇεραὰμ,
1055 4620 1150 4674 καὶ
1196 4618 1559 4683 ἀπελθόντων,
1589 4617 1684 4669 καὶ
1718 4634 1850 4669 κατ-

255 4707 607 4783 οικὴσάντων
635 4716 714 4776 εἰς
752 4711 822 4766 τὰ
861 4713 1000 4784 μέρη
1035 4711 1102 4766 τὰ
1139 4710 1403 4783 Ἀραϐικά
1428 4714 1524 4783 τῆς
1555 4709 1853 4778 Μαγωδὶας

257 4805 456 4878 χώρας
477 4845 492 4871 ,
532 4806 640 4859 τῶν
668 4806 930 4859 ἐλθόντων
974 4806 1163 4876 μάγων
1194 4806 1307 4876 (55)
1337 4804 1446 4858 ἀπὸ
1472 4803 1567 4874 τῆς
1607 4801 1853 4871 διαδοχῆς

253 4896 379 4953 τῶν
407 4899 739 4971 σπερμάτων
770 4897 1016 4962 ἐκείνων,
1050 4895 1532 4969 προσενηνεγμένα
1557 4893 1766 4965 δόματά
1792 4909 1852 4946 τε

342 5129 359 5159 ¹
392 5123 448 5179 F.
496 5124 738 5193 ἀγαθῶν.

252 5197 303 5253 2
333 5210 457 5268 sqq.
531 5197 553 5227 ⁸
594 5196 728 5252 ibid.

342 5417 453 5485 ('52)
480 5419 584 5482 Εἰς
627 5414 1008 5484 ἐπιστροφὴν
1029 5410 1266 5485 ψυχῶν,
1298 5418 1404 5466 etc.
1434 5411 1569 5485 Qua:
1590 5414 1854 5485 conversis

255 5484 528 5556 att/idem
579 5495 629 5540 et
658 5487 932 5556 veritatem
974 5484 1167 5556 animi:
1204 5491 1357 5537 erant
1390 5484 1699 5549 obventura,
1730 5484 1855 5538 red-

256 5554 474 5613 duntur
504 5571 609 5611 non
639 5558 778 5610 male
807 5572 836 5610 a
877 5554 1121 5609 Petavio.

342 5625 614 5698 (55)T¢Irr
658 5627 960 5698 ἐιῖθόντων
984 5621 1548 5698 Μάγςῳνηξρῑριιαηὶἱ
1593 5622 1850 5698 _opi_nioni

258 5692 359 5752 de'
381 5692 599 5767 regione
637 5696 779 5750 unde
813 5694 1063 5767 venerint
1109 5692 1246 5767 Magi
1275 5694 1556 5767 Christum
1592 5692 1651 5747 in
1690 5694 1848 5767 incu-

834 5126 856 5157 ²
886 5126 1045 5183 Cant.
1088 5141 1164 5190 vi,
1206 5124 1256 5179 7.
1335 5124 1355 5155 ³
1383 5121 1538 5190 ibid.,
1566 5120 1622 5177 8.
1699 5117 1921 5175 ‘Galat.

1967 4520 2096 4576 dum
2129 4520 2296 4584 venit,
2335 4519 2495 4573 iidem
2527 4519 2604 4573 illi
2647 4518 2944 4573 Abrahami
2993 4526 3049 4573 et
3093 4517 3372 4573 Chettnrae
3421 4520 3550 4589 lilii,

1964 4613 2056 4683 qui
2089 4627 2118 4666 a
2154 4622 2306 4681 patre
2338 4611 2548 4681 rejecti;
2590 4611 2645 4665 in
2691 4609 2959 4689 Magodia,
2982 4625 3101 4682 qua:
3140 4610 3356 4665 Arabiae
3397 4613 3551 4683 regio

1963 4714 2068 4768 est,
2099 4703 2506 4769 hahitaverant,
2559 4702 2665 4757 hoc
2704 4712 2807 4763 cst,
2848 4704 3000 4772 magi
3039 4717 3109 4758 ex
3153 4702 3302 4756 illius
3332 4705 3550 4773 generis

1966 4797 2321 4853 successione
2374 4796 2678 4866 propagati,
2730 4794 2922 4850 eadem
2973 4795 3065 4849 illa
3105 4795 3250 4850 dona
3297 4794 3549 4865 ejusdem

1962 4890 2032 4945 ad
2091 4888 2536 4945 communionem
2589 4872 3011 4959 signiﬁcandam
3058 4887 3279 4944 Christo
3331 4886 3552 4943 Bethle-

1970 5134 2046 5185 tv,
2084 5117 2176 5173 51.
2253 5117 2275 5149 ⁸
2310 5116 2445 5172 Gen.
2478 5130 2605 5180 xxv,
2641 5113 2694 5168 6.
2772 5111 2793 5143 ⁸
2816 5108 2995 5167 Galat.
3020 5110 3201 5176 tv,‘22.
3276 5112 3296 5143 ⁷
3322 5109 3450 5169 Osc.
3489 5124 3553 5177 ti,

1967 5415 2267 5489 [lilarium;
2307 5415 2375 5469 de
2418 5412 2820 5489 recentioribus
2861 5411 3021 5484 longe
3060 5412 3263 5489 plures.
3300 5408 3546 5489 Aliorum

1963 5485 2184 5540 Patrum
2220 5501 2330 5557 non
2376 5498 2481 5538 una
2524 5494 2608 5539 est
2643 5485 2891 5557 Opinio;_
2917 5480 3019 5557 nec
3063 5480 3262 5550 cuique
3296 5480 3544 5557 opinioni

1961 5557 2162 5611 desunt
2197 5556 2251 5609 in
2286 5556 2386 5609 hac
2425 5562 2613 5609 nostra
2650 5547 2808 5610 aetate
2845 5547 2915 5607 ab
2947 5547 3539 5616 illorum'tcmpm'ibus

1962 5628 2121 5697 longe
2147 5626 2365 5698 dissita.
2405 5626 2817 5698 suifragatores.
2843 5620 3094 5698 Δγίαρείξ
3107 5620 3189 5674 vel
3219 5616 3544 5698 unntnCal-

1957 5688 2162 5751 metvum
2197 5697 2252 5750 in
2290 5688 2688 5750 Dissertatione
2726 5695 2794 5750 de
2841 5692 3010 5759 Magis
3054 5688 3444 5759 Commentario
3488 5688 3546 5759 in

263 5755 491 5825 [tabulis
526 5767 830 5837 vagientem
878 5755 1433 5837 adoraturifeonstat
1462 5764 1845 5837 deﬂveteribus
1955 5765 2273 5821 Matthwum
2301 5765 2703 5837 praemissatet
2733 5764 2786 5820 in
2817 5755 3159 5819 Dictionario
3193 5772 3361 5815 sacra:
3405 5755 3549 5812 εει-ξε

265 5833 749 5901 δυσιιιιιιιιοέρεεο
776 5835 1194 5903 Tcrtullianum,
1221 5833 1498 5891 Justinum
1524 5833 1840 5905 Martyrem,

1950 5848 2140 5905 ptime,
2180 5837 2247 5893 ad
2277 5833 2465 5895 vocem
2494 5833 2663 5905 Magi.
