3958 6408
277 337 391 396 78Ἰ

887 333 1260 397 ADVERSUS
1295 340 1636 397 llAiilESES
1679 343 1804 399 LIB.
1844 342 1899 397 ΙΙΙ

2020 345 2129 401 DM.
2172 345 2237 403 il.
2264 378 2336 391 —
2391 347 2764 403 EXPOSITIO
2802 343 3002 402 FIDEI.

3466 344 3573 401 790

285 458 441 515 ἑπτὰ
471 458 672 530 σοφῶν,
705 459 1001 531 ἀρχέγονον
1030 462 1246 516 πάντων
1268 463 1586 534 ἀπεφήνατο
1612 465 1674 518 τὸ
1701 463 1846 536 ὕδωρ
1866 483 1879 496 ·

2020 468 2328 538 η’ἱιιιοίρίιιιιι
2381 484 2566 524 rerum
2597 470 2842 523 omnium
2866 481 3064 537 aquam
3093 480 3215 522 esse
3244 464 3417 529 dixit;
3448 479 3575 519 nam

286 547 355 615 ἐξ
390 548 581 612 ὓδατος
618 549 728 619 γάρ
786 566 920 619 φησι
967 549 1037 602 τὰ
1072 549 1250 604 πάντα
1276 546 1418 604 εἶναι
1445 593 1459 618 ,
1495 551 1588 606 καὶ
1618 553 1697 615 εἰς
1732 550 1877 623 ὕδωρ

292 641 463 694 πάλιν
499 639 849 695 ἀναλύεσθαι.

371 733 794 804 Ἀναξίμανδρος
822 735 851 787 6
883 733 978 788 τοῦ
1011 734 1342 806 Πραξιάδου,
1377 739 1471 793 καὶ
1498 739 1658 802 αὐτὸς
1701 737 1878 810 suis.

284 843 404 890 σιος
436 826 567 897 (55),
609 826 670 879 τὸ
700 826 929 898 ἄπειρον
960 828 1136 899 ἀρχὴν
1175 830 1433 886 ἁπάντων
1473 830 1676 902 ἔφησεν
1704 825 1842 884 εἶναι
1862 844 1878 859 ⁸

282 918 353 971 ἐκ
384 920 574 971 τούτου
606 917 715 989 γὰρ
760 917 831 973 τὰ
872 920 1052 975 πάντα
1092 921 1339 991 γίνεσθαι
1362 964 1377 989 ,
1405 924 1500 978 καὶ
1531 925 1611 989 εἰς
1651 922 1783 977 αὐτὸ
1811 922 1880 976 τὰ

282 1013 471 1067 πάντα
496 1011 848 1067 ἀναλύεσθαι.

372 1104 729 1175 Ἀναξιμένης
779 1108 806 1161 6
854 1106 949 1162 τοῦ
982 1106 1332 1180 Εὐρυστάτου
1387 1109 1538 1176 (56),
1589 1108 1684 1163 καὶ
1718 1107 1881 1174 αὐτὸς

283 1197 555 1268 Μιλήσιος
587 1198 741 1267 (37),
792 1198 885 1253 τὸν
935 1198 1073 1271 ἀέρα
1121 1200 1215 1253 τοῦ
1271 1202 1472 1265 παντὸς
1518 1201 1693 1272 ἀρχὴν
1741 1196 1881 1254 εἶναι

282 1287 475 1357 λέγει,
508 1290 603 1343 καὶ
628 1291 693 1342 ἐκ
719 1291 911 1344 τούτου
948 1291 1017 1345 τὰ
1044 1290 1246 1346 πάντα.

391 1380 760 1454 Ἀναξαγόρας
821 1384 850 1436 6
909 1382 1002 1436 τοῦ
1060 1383 1454 1455 Ἡγησιϐούλου
1511 1385 1540 1439 6
1593 1382 1881 1453 Κλαζομέ-

282 1492 405 1539 νιος
432 1474 542 1543 (58)
563 1516 578 1540 ,
625 1475 800 1547 ἀρχὰς
829 1474 940 1530 τῶν
973 1475 1192 1531 πάντων
1236 1476 1334 1540 τᾶς
1379 1475 1735 1548 ὀμοιομερίας
1769 1473 1881 1547 (59)

284 1563 497 1635 ἔφησεν
528 1562 689 1620 εἶναι.

377 1657 668 1730 Ἀρχέλαος
696 1659 724 1712 6
759 1655 1160 1729 Ἀπολλοδώρου
1181 1697 1196 1723 ,
1227 1657 1367 1713 κατὰ
1408 1638 1464 1711 δέ
1486 1676 1639 1722 τινας
1669 1659 1887 1714 Μίλτω·

284 1768 383 1815 νος
415 1791 432 1815 ,
476 1750 759 1822 Ἀθηναῖος
807 1750 866 1804 δὲ
915 1746 984 1822 ἦν
1023 1750 1134 1819 (40)
1163 1790 1179 1815 ,
1224 1751 1489 1821 φυσικὸς,
1539 1752 1604 1806 ἐκ
1661 1753 1765 1823 γῆς
1817 1752 1887 1807 τὰ

1982 575 2050 613 cx
2111 574 2255 630 aqua
2310 560 2424 614 orir
2507 559 2727 623 omnia,
2779 567 2833 613 et
2889 557 2947 611 in
2998 572 3198 628 aquam
3245 555 3434 611 omnia
3490 569 3576 610 reo

1982 651 2143 707 solvi.

2056 744 2468 801 Anaximander
2504 742 2791 798 Praxiadae
2839 742 3006 803 ﬁlius,
3051 740 3296 796 Milesius
3338 747 3393 795 et
3437 739 3573 809 ipse,

1985 838 2261 894 inﬁnitum
2318 839 2655 909 principium
2707 840 2952 891 omnium
3005 834 3332 897 constituit,
3383 848 3449 887 ex
3510 846 3577 886 eo

1982 932 2129 988 enim
2159 932 2344 987 omnia
2376 932 2550 997 nasci,
2582 939 2637 985 et
2668 931 2723 984 in
2757 929 2889 985 illud
2918 943 3074 998 teque
3110 925 3360 983 dissolvi.

2054 1115 2427 1171 Anaximenes
2485 1111 2765 1186 Eurystati
2818 1111 2980 1175 ﬁlius.
3033 1120 3089 1167 et
3134 1111 3253 1182 ipse
3307 1107 3575 1172 Milesius,

1984 1224 2167 1264 aerem
2212 1207 2546 1278 principium
2608 1223 2791 1262 rerum
2840 1220 2967 1261 esse
3013 1204 3226 1271 deﬁnit,
3288 1202 3358 1259 ab
3403 1213 3577 1271 coque

1993 1299 2254 1355 universa
2284 1313 2533 1353 manare.

2057 1392 2418 1461 Anaxagoras
2474 1387 2790 1460 liegesibuli
2845 1387 3013 1452 ﬁlius,
3055 1384 3465 1447 Clazomenius,
3505 1381 3580 1438 si-

1987 1483 2328 1539 militudines
2396 1483 2639 1554 partium
2701 1480 3034 1553 principium
3093 1493 3277 1535 rerum
3331 1474 3578 1532 omnium

1987 1583 2586 1737 essfaggltrchelao
2611 1661 2951 1734 Apollodori,
2987 1660 3103 1718 sive
3132 1666 3192 1713 ut
3222 1658 3348 1713 aliis
3379 1656 3578 1728 placet,

1990 1758 2229 1815 Miitonis
2277 1757 2420 1822 ﬁlio,
2479 1754 2804 1812 Atheniensi
2837 1768 2903 1810 ac
2962 1753 3209 1825 physico,
3271 1750 3455 1823 placet
3509 1748 3583 1805 ab

284 1844 473 1899 πάντα
505 1843 654 1913 λέγει
681 1843 1013 1917 γεγενῆσθαι
1036 1861 1050 1874 ’
1103 1844 1242 1916 αὕτη
1280 1845 1390 1917 γὰρ
1428 1845 1572 1917 ἀρχὴ
1610 1844 1720 1899 τῶν
1746 1844 1885 1900 ὅλων

2020 1868 2134 1908 arra
2181 1851 2367 1906 omnia
2420 1848 2718 1922 proﬁcisci;
2785 1848 2951 1918 idque
3012 1845 3151 1900 adeo
3206 1858 3394 1900 rerum
3446 1856 3576 1898 esse

286 1937 443 1991 ἐστὶν
469 1975 484 2000 ,
514 1935 591 2001 ὥς
622 1952 775 2008 φησι.

386 2029 686 2102 Σωκράτης
742 2031 772 2084 6
826 2028 922 2086 τοῦ
992 2030 1288 2099 Ἐλϐάγλου
1331 2030 1462 2097 (41)
1516 2031 1550 2103 ἢ
1612 2031 1888 2103 Σωφρονί-

289 2136 431 2173 σκου
480 2119 630 2191 (42),
672 2120 767 2175 καὶ
816 2120 1153 2194 Φαιναρέτης
1195 2121 1296 2192 τῆς
1345 2121 1551 2193 μαίας.
1603 2123 1632 2176 6
1678 2120 1888 2191 ὴθικδς.

288 2212 378 2267 Τὰ
416 2212 537 2267 καθ’
570 2211 784 2277 ἑαυτὸν,
814 2212 990 2283 ἔλεγε,
1025 2214 1186 2285 μόνον
1206 2214 1289 2269 δεῖ
1310 2195 1772 2287 περιεργάζεσθαι
1797 2213 1889 2270 τὸν

289 2302 586 2374 ἄνθρωπον
611 2346 626 2369 ,
662 2301 883 2356 πλείονα
913 2302 971 2357 δὲ
1008 2303 1103 2375 μή.

364 2393 673 2467 Φερεκύδης
707 2395 818 2467 (45)
854 2396 951 2450 καὶ
1001 2394 1166 2460 αὐτὸς
1212 2397 1318 2469 γῆν
1359 2412 1493 2469 φησι
1530 2395 1638 2469 πρὸ
1674 2396 1891 2452 πάντων

291 2489 653 2560 γεγενῆσθαι.
1630 2476 1634 2481 ’

369 2581 696 2654 Πυθαγόρας
725 2582 756 2635 6
789 2581 995 2653 Σάμιος
1014 2620 1031 2645 ,
1066 2578 1400 2654 Μνησάρχου
1438 2580 1550 2644 υίὸς
1576 2621 1591 2646 ,
1622 2580 1758 2635 Θεὸν
1787 2579 1893 2653 ἔφη

288 2668 441 2729 εἶναι
486 2673 583 2744 τὴν
632 2673 856 2745 μονάδα,
917 2673 1012 2726 καὶ
1042 2672 1166 2742 δίχα
1204 2673 1412 2742 ταύτης
1463 2674 1629 2745 μηδὲν
1666 2675 1896 2746 γεγενῆ-

291 2767 446 2821 σθαι.
480 2766 673 2835 Ἔλεγε
704 2766 783 2832 δὲ,
818 2764 894 2837 μὴ
928 2765 1039 2820 δεῖν
1068 2764 1218 2818 θύειν
1249 2768 1363 2829 τοῖς
1398 2764 1542 2830 θεοῖς
1575 2766 1711 2830 ζῶα,
1757 2767 1895 2838 μηδὲ

294 2860 415 2935 μὴν
462 2857 660 2912 ἐσθίειν
690 2875 743 2911 τι
791 2856 901 2912 τῶν
931 2856 1215 2929 ἐμψύχων,
1251 2858 1393 2929 μήτε
1446 2857 1722 2928 κυάμους,
1756 2861 1895 2929 μήτε

292 2946 443 3004 οἶνον
479 2950 654 3003 πίνειν
678 2949 805 3013 τοὺς
848 2947 1067 3019 σοφούς.
1101 2949 1296 3018 Ἔλεγε
1345 2949 1402 3002 δὲ
1432 2949 1500 3003 τά
1529 2948 1637 3003 ἀπὸ
1666 2948 1897 3021 σελήνης

296 3044 476 3109 κάτω,
503 3041 723 3112 παθητὰ
767 3037 904 3095 εἶναι
940 3041 1136 3096 πάντα.
1176 3042 1256 3094 Τὰ
1294 3042 1351 3094 δὲ
1391 3042 1652 3112 ὑπεράνω
1676 3044 1775 3113 τῆς
1808 3059 1898 3096 σε-

295 3135 508 3205 λήνης,
542 3133 731 3203 ἀπαθῆ
763 3130 921 3188 εἶναι.
957 3133 1151 3202 Ἔλεγε
1175 3134 1232 3187 δὲ
1282 3134 1375 3187 καὶ
1413 3134 1759 3205 μεταϐαίνειν
1796 3135 1897 3207 τὴν

291 3225 484 3299 ψυχὴν
513 3225 593 3287 είς
629 3222 798 3277 πολλὰ
834 3221 948 3287 ζῶα
974 3239 988 3254 ⁸
1032 3223 1284 3276 ἐκέλευσε
1329 3224 1385 3277 δὲ
1429 3224 1522 3278 καὶ
1567 3227 1679 3289 τοῖς
1720 3225 1895 3297 μαθη-

292 3318 430 3378 ταῖς
460 3314 623 3371 αὐτοῦ
661 3315 870 3384 σιωπᾷν
901 3313 993 3368 ἐπὶ
1024 3314 1293 3385 πενταετῆ
1327 3314 1517 3385 χρόνον
1543 3332 1556 3344 ·
1591 3316 1685 3369 καὶ
1716 3314 1777 3369 τὸ
1809 3333 1900 3369 τε-

294 3411 577 3473 λευταῖον,
618 3408 737 3463 θεὸν
762 3407 950 3461 ἑαυτὸν
978 3405 1324 3475 ἐπωνόμασε.

375 3500 686 3571 Ξενοφάνης
734 3502 762 3553 ὁ
796 3499 890 3554 τοῦ
940 3498 1297 3572 Ὀρθουμὲνου
1323 3539 1339 3566 ,
1395 3496 1735 3567 Κολοφώνιος
1762 3499 1899 3570 (44),

296 3597 372 3649 ἐκ
410 3594 510 3662 γῆς
541 3595 635 3647 κα).
666 3591 859 3652 ὓδατος
887 3590 993 3662 ἔφη
1040 3590 1111 3645 τὰ
1153 3590 1331 3644 πάντα
1367 3589 1643 3658 γίνεσθαι’
1672 3586 1813 3644 εἶναι
1844 3590 1902 3643 δὲ

296 3687 375 3740 τὰ
404 3686 603 3749 πάντα,
634 3686 710 3749 ὡς
743 3684 867 3756 ἔφη,
914 3684 1066 3739 οὐδὲν
1100 3683 1320 3755 ἀληθές.
1356 3684 1543 3747 Οὕτως
1580 3682 1641 3737 τὸ
1671 3685 1902 3755 ἀτρεκὲς

301 3781 445 3850 ἡμῖν
468 3776 663 3851 ἄδηλον
689 3818 704 3844 ,
729 3778 949 3849 δόκησις
991 3778 1050 3832 δὲ
1086 3777 1179 3831 ἐπὶ
1205 3778 1340 3832 πᾶσι
1376 3776 1634 3831 τέτυκται
1666 3777 1905 3848 μάλιστα

299 3871 423 3925 τῶν
450 3869 724 3940 ἀφανέων.

386 4025 500 4096 (55)
531 4024 643 4079 Καὶ
671 4025 1194 4096 αὐτὸςίΜιλήσιος.
1220 4025 1628 4082 Anaximander
1656 4025 1906 4084 Milesius

308 4105 368 4151 et
420 4095 534 4164 ipSe
587 4097 708 4159 fuit,
755 4106 809 4151 et
864 4095 1110 4153 Thaletis
1148 4098 1474 4167 discipulus.
1516 4096 1638 4152 Non
1685 4108 1906 4153 constat

304 4181 428 4238 quo
460 4182 623 4223 sensu
646 4166 926 4238 inﬁnitum
958 4182 1141 4222 rerum
1185 4166 1432 4223 omnium
1468 4168 1798 4238 principium
1830 4170 1908 4225 di-

312 4237 459 4293 xerit
484 4255 498 4301 ;
528 4237 660 4292 illud
685 4239 802 4307 ipse
821 4253 931 4292 non
954 4238 1172 4308 aperuit
1192 4254 1206 4303 ;
1224 4240 1319 4308 qui
1344 4237 1616 4307 posteum
1647 4237 1903 4306 floruere,

312 4310 588 4378 incertum
618 4323 687 4361 an
729 4308 907 4378 ipsius
937 4307 1173 4363 mentem
1211 4307 1574 4375 conjectando
1604 4318 1733 4365 sunt
1757 4325 1908 4365 asse-

310 4377 454 4430 cuti.
490 4377 682 4433 Cicero
707 4377 760 4432 in
792 4378 1041 4444 Lucullo,
1086 4395 1238 4433 num.
1273 4380 1362 4442 57,
1397 4379 1671 4434 inﬁnitum
1704 4380 1909 4436 Anaxi—

314 4449 558 4510 mandri,
584 4449 906 4517 infinitatem
941 4461 1150 4505 natura:
1189 4452 1442 4518 appellat.

1992 1959 2349 2017 prmcrpium.

2067 2036 2326 2092 Socrates
2355 2033 2563 2105 Elbagli
2595 2033 2713 2090 sive
2744 2031 3130 2103 Srphronisci,
3160 2038 3215 2085 et
3244 2028 3584 2085 thcuarcta:

1993 2128 2311 2183 obstetricis
2366 2126 2549 2192 ﬁlius,
2610 2124 2836 2179 moralis
2888 2123 3291 2193 philosophus,
3350 2135 3475 2188 quae
3516 2118 3583 2173 ad

1994 2235 2118 2276 sese
2148 2219 2424 2290 pertinent
2461 2217 2639 2271 solum
2672 2214 2883 2270 homini
2918 2212 3251 2283 inquirenda
3282 2211 3444 2276 dixit,
3487 2224 3583 2265 ne-

1994 2327 2102 2384 que
2129 2316 2394 2380 praeterea
2417 2307 2739 2377 quidquam.

2068 2399 2409 2473 Pherecydes
2431 2413 2651 2470 quoque
2678 2406 2881 2453 terram
2909 2395 3169 2452 omnibus
3194 2394 3432 2465 priorem
3458 2407 3586 2451 esse

1995 2494 2231 2551 deﬁniit.

2066 2585 2406 2657 Pythagoras
2440 2583 2661 2639 Samius
2694 2580 3006 2637 Mnesarchi
3051 2580 3220 2640 ﬁlius.
3263 2577 3432 2634 Deum
3464 2591 3587 2633 esse

1998 2678 2291 2733 monadem
2364 2676 2640 2739 asseruit,
2694 2689 2874 2747 neque
2933 2673 3233 2744 quidquam
3298 2671 3418 2727 sine
3466 2669 3587 2739 ipsa

1998 2770 2350 2842 productum.
2376 2768 2621 2839 Negabat
2644 2768 2753 2823 diis
2777 2782 2901 2823 esse
2924 2766 3183 2821 animalia
3203 2762 3585 2827 sacriﬁcauda,

1998 2871 2095 2919 aut
2122 2862 2381 2918 animatis
2404 2861 2762 2925 vescendum,
2815 2858 2880 2915 ac
2926 2876 2996 2916 ne
3047 2858 3203 2913 fabas
3241 2856 3459 2926 quidem
3496 2870 3590 2909 co-

2000 2954 2336 3020 medendas,
2395 2968 2577 3023 neque
2619 2953 2733 3007 vini
2786 2960 2974 3023 potum
3031 2949 3376 3018 sapientibus
3433 2944 3592 2999 adhi-

2000 3045 2241 3102 bendum
2272 3044 2524 3115 putabat.
2565 3040 2710 3098 idem
2744 3057 2868 3111 qua:
2907 3040 3049 3094 infra
3093 3039 3278 3093 lunam
3301 3044 3452 3097 sunt,
3490 3050 3588 3104 pa-

2001 3140 2175 3194 tibilia
2198 3153 2321 3194 esse
2348 3137 2568 3192 dicebat
2595 3135 2816 3200 omnia;
2845 3135 3133 3204 superiora
3163 3148 3290 3187 vero
3317 3132 3425 3203 pati
3455 3129 3591 3183 nihil

2004 3245 2184 3301 posse.
2220 3229 2302 3284 Ad
2333 3230 2449 3284 haec
2482 3211 2720 3281 animam
2752 3227 2906 3281 varia
2943 3226 2996 3279 in
3030 3224 3292 3279 animalia
3329 3221 3588 3277 transire.

2002 3323 2135 3378 item
2163 3321 2453 3391 discipulis
2482 3322 2597 3375 suis
2623 3317 3036 3388 quinquennale
3063 3315 3341 3372 silentium
3380 3313 3592 3369 indice-

2001 3415 2128 3479 bat;
2164 3420 2440 3483 postremo
2488 3410 2649 3466 deum
2682 3424 2805 3467 sese
2834 3408 3125 3464 nominare
3156 3422 3327 3462 ausus
3357 3414 3463 3461 est.

2072 3500 2768 3575 XenOphanesOrthumeni
2790 3499 2956 3567 ﬁlius,
2971 3498 3369 3569 COIOphonius,
3390 3512 3421 3552 e
3444 3504 3591 3552 terra

2001 3609 2059 3652 et
2102 3611 2244 3667 aqua
2281 3601 2583 3666 propagata
2627 3610 2754 3650 esse
2782 3593 2922 3649 dixit
2948 3594 3163 3659 omnia;
3218 3607 3396 3662 neque
3426 3591 3593 3658 quid-

2003 3700 2168 3757 quam
2225 3684 2282 3740 in
2322 3684 2431 3739 ulla
2483 3698 2546 3739 re
2596 3684 2845 3740 veritatis
2902 3684 3127 3738 inesse:
3179 3682 3261 3738 sic
3320 3681 3593 3737 incertum

2006 3777 2365 3847 ignotumque
2418 3789 2607 3832 verum
2663 3790 2830 3833 esse:
2894 3775 3081 3846 opinio
3133 3789 3308 3841 vero,
3370 3775 3593 3845 inquit,

2006 3871 2213 3942 ubique
2239 3876 2515 3935 versatur,
2548 3870 2857 3940 praesertim
2902 3869 2954 3923 in
2986 3869 3264 3925 obscuris.

2007 4042 2168 4084 nemo
2196 4026 2415 4100 facilius
2431 4043 2616 4100 neque
2638 4029 2948 4100 elegantius
2968 4026 3107 4084 dixit
3133 4026 3263 4098 quid
3284 4026 3427 4098 apud
3449 4025 3599 4080 Ana-

2007 4114 2268 4173 xagoram
2302 4098 2486 4173 fuerit
2500 4098 2882 4173 ὁμοιομέρειαι.

2102 4164 2194 4237 40)
2247 4164 2549 4239 ᾍθηναῖοςῖ
2594 4164 2791 4239 δὲ’ἧὺ.
2822 4167 3220 4239 Atheniensem
3265 4166 3596 4221 Archelaum

2015 4236 2225 4309 faciunt
2259 4236 2515 4309 Laertius
2576 4236 2743 4309 atque
2817 4236 3040 4293 Suidas.
3112 4238 3345 4309 Constat
3382 4245 3598 4309 ‘tamen

2011 4307 2503 4380 Milesiumi‘uisse,
2537 4316 2591 4364 et
2615 4304 2953 4380 Anaxagora:
2980 4308 3333 4380 discipulum.
3365 4304 3597 4380 Athenis

2009 4386 2193 4434 tamen
2225 4379 2469 4434 scholam
2519 4379 2710 4449 patria:
2738 4377 3007 4449 pertzesus
3048 4377 3353 4449 transtulit,
3413 4377 3598 4446 ibique

2009 4451 2161 4505 viros
2189 4449 2491 4504 clarissimi
2523 4447 2766 4504 nominis
2799 4448 3082 4504 auditores
3116 4447 3325 4511 habuit,
3368 4456 3421 4502 et
3461 4462 3600 4513 pra:-

391 4518 505 4600 (56)
549 4518 931 4600 Ἀχᾳξιμένῃς
963 4523 996 4575 ό
1026 4520 1150 4600 ξοῦ
1189 4517 1600 4588 Εὐρυστάτου.
1642 4518 1809 4577 Corn.
1840 4538 1899 4579 ex

2020 4522 2175 4600 cipue
2214 4518 2518 4600 Socratem,
2552 4536 2584 4600 a
2630 4533 2739 4590 quo
2768 4535 2967 4600 nomen
3013 4519 3325 4600 desumpsit
3355 4517 3600 4600 philoso-

316 4588 562 4663 l.ae_r_tio,
596 4588 1004 4663 Εὐρυστράτου.
1022 4589 1233 4663 Psnv.

392 4659 505 4720 (57)
532 4660 641 4714 Καὶ
667 4659 850 4728 αὐτὸς
877 4660 1194 4728 Μιλήσιος.
1228 4659 1623 4716 Anaximandri
1652 4662 1907 4729 auditor;

319 4730 429 4803 fuit
456 4740 635 4803 autem
659 4732 802 4787 iiiius
832 4733 1162 4802 Eurystrati,
1187 4748 1294 4787 non
1332 4733 1631 4803 Eurystati,
1665 4734 1741 4786 uti
1772 4735 1911 4789 bene

310 4803 389 4855 ad
418 4802 561 4856 hunc
588 4802 772 4857 locum
801 4803 1186 4858 animadvertit
1207 4802 1483 4859 Petavius.

402 4872 513 4944 (58)
558 4871 611 4944 Ὀ
645 4871 1061 4944 Κλαζομένιος.
1088 4872 1434 4944 Clazomenis
1471 4873 1760 4936 nimirum,
1789 4889 1911 4944 quin

320 4943 492 5014 ioniae
524 4942 656 4998 urhs
705 4942 807 4997 luit
843 4944 1101 5002 celebris.
1149 4952 1335 5014 natus.
1377 4942 1598 5013 Spectat
1643 4942 1821 5014 igitur?
1842 4959 1911 4999 eo

322 5013 549 5084 nomine
575 5021 629 5068 et
659 5014 1016 5083 Anaxagoras
1049 5014 1115 5067 ad
1140 5013 1380 5069 ionicam
1421 5022 1629 5070 sectam
1654 5013 1912 5084 ;’speetat

322 5081 482 5155 quod
502 5081 984 5155 et_A_naximenem
1025 5084 1276 5155 habuerit
1303 5092 1718 5155 prmceptorem.

401 5153 515 5222 (59)
549 5153 666 5220 Τὰς
723 5155 1117 5223 ὁμοιομερίας.
1179 5153 1318 5213 Male
1374 5153 1714 5224 interpretati
1783 5164 1912 5211 sunt

321 5225 705 5295 similitudines
742 5228 1000 5293 partium.
1031 5225 1226 5295 Cicero
1272 5228 1393 5281 loco
1446 5226 1608 5294 paulo
1654 5227 1912 5295 superius

322 5315 353 5348 ει
379 5296 540 5352 nobis
571 5294 832 5366 indicato,
851 5294 1231 5366 ὀμοιομέρειαν
1257 5295 1495 5366 appellat
1511 5304 1686 5365 partes
1711 5294 1912 5352 similes

322 5369 469 5422 iter
498 5381 592 5430 se;
621 5365 768 5434 quod
801 5364 904 5421 nec
944 5364 1120 5421 reddit
1154 5364 1342 5422 verum
1364 5364 1568 5422 eme
1604 5368 1754 5422 vocis
1788 5384 1915 5422 scn-

325 5452 478 5507 sum.
509 5437 881 5507 Aliiobscura
906 5452 1005 5507 nec
1033 5435 1225 5491 Latina
1255 5452 1387 5493 voce
1409 5439 1602 5493 dicunt
1630 5447 1809 5507 partes
1839 5440 1914 5492 si-

324 5506 566 5562 milares.
593 5506 702 5561 Nec
723 5508 923 5561 mirum
944 5505 1206 5572 ;Latinus
1227 5522 1408 5563 sermo
1437 5505 1915 5564 animadversione

326 5576 593 5640 Lucretii,
640 5577 734 5649 lib.
770 5593 802 5632 ν
833 5577 910 5633 De
970 5593 1145 5631 rerum
1184 5590 1405 5649 natura,
1440 5593 1572 5633 voce
1621 5586 1772 5633 caret
1806 5595 1914 5649 qua

326 5648 716 5718 ὁμοιομερείας
768 5662 993 5704 sensum
1042 5647 1333 5716 exprimat.
1370 5648 1628 5703 Nostrum
1661 5665 1769 5703 non
1805 5647 1910 5714 est,

327 5732 436 5773 nee
469 5720 583 5790 loci
604 5721 913 5790 praesentis.
943 5727 1187 5774 veterum
1215 5718 1667 5790 philosophorum,
1698 5720 1914 5790 opinio-

325 5804 432 5845 nos
462 5788 778 5859 explanare.
819 5789 1063 5847 Adeatur
1102 5791 1223 5848 loco
1252 5790 1422 5847 citato
1453 5788 1765 5859 Lucretius,
1803 5806 1913 5862 quo

2014 4588 2173 4663 pbica
2188 4598 2337 4647 secta
2353 4588 2633 4663 Socratica
2650 4588 2983 4663 inuicupata.
2999 4588 3083 4643 An
3094 4588 3284 4663 revera
3299 4588 3598 4642 Archelaus

2014 4659 2216 4717 terram
2256 4662 2498 4730 posuerit
2527 4676 2709 4716 rerum
2745 4661 2990 4716 omnium
3026 4659 3381 4731 principium,
3413 4666 3467 4714 et
3490 4675 3600 4729 quo

2014 4748 2201 4797 sensu,
2239 4732 2507 4786 incertum
2537 4740 2640 4788 est.

2086 4802 2199 4870 (41)
2226 4801 2464 4856 Barbara
2495 4818 2621 4857 vox.
2641 4831 2712 4842 -
2744 4799 2878 4869 Reg.
2924 4799 3253 4870 Ἐμάλγλου.
3278 4799 3487 4853 Persv.

2087 4873 2198 4944 (42)
2234 4873 2699 4944 Σωφρονίσκου.
2717 4941 2728 4944 _
2745 4871 3199 4944 Sophroniscum,
3256 4870 3602 4940 professione

2016 4939 2365 5013 lapidarium,
2387 4939 2677 5013 parentem
2716 4939 2907 4996 habuit
2933 4939 3216 5013 Socrates.

2085 5009 2198 5084 (45)
2230 5009 2589 5082 Φερεῖὶύδης.
2625 5011 2778 5084 illum
2819 5010 3146 5084 crediderim
3199 5010 3492 5084 memorari
3524 5009 3599 5084 ibi

2013 5080 2382 5154 Pherecydem
2415 5093 2575 5153 gente
2632 5081 2852 5154 Syrum,
2899 5081 3045 5154 quod
3092 5096 3159 5136 ex
3195 5080 3357 5152 Syro,
3391 5097 3496 5136 una
3533 5081 3601 5154 de

2015 5151 2343 5226 Cycladibus
2371 5151 2572 5214 insula.
2617 5151 2689 5226 sit
2730 5151 3024 5226 oriundus,
3056 5151 3248 5206 natum
3289 5153 3601 5208 testimonio

2018 5223 2201 5295 Shidaé
2230 5227 2377 5279 circa
2408 5224 2769 5295 olympiadem
2804 5238 2927 5295 stu,
2958 5223 3076 5278 sive
3107 5237 3283 5295 annos
3309 5228 3600 5278 sexcentos

2016 5304 2143 5351 ante
2166 5292 2698 5364 Christum'natum,
2728 5292 3049 5364 Pythagora:
3074 5294 3417 5364 magistrum.

2088 5367 2204 5436 (44)
2222 5363 2627 5436 Κολοφώνιος.
2656 5360 3258 5436 Colophouenimirum
3275 5361 3438 5436 Ionias
3464 5360 3600 5436 urbe

2016 5430 2199 5491 natus.
2220 5435 2278 5489 In
2307 5430 2517 5507 Italiam
2531 5430 2811 5507 navigans
2829 5433 3331 5507 deindc_._n_arrante
3357 5430 3597 5507 haertio,

2015 5505 2549 5578 Pythagoraetenuit
2587 5498 2832 5561 scholam
2868 5513 2992 5575 post
3009 5498 3325 5578 _'i‘eiaugem_
3362 5500 3602 5578 illiigﬁ-

2017 5571 2151 5632 lium
2177 5571 2276 5640 {et
2308 5574 2562 5645 Eleaticae
2588 5571 2910 5645 sectae,un
2937 5592 2981 5645 a
3008 5571 3362 5644 Pythagoreis
3393 5573 3448 5624 in
3474 5571 3601 5624 Elea

2019 5649 2134 5704 sive
2178 5645 2349 5703 Velia.
2385 5644 2592 5715 Magna;
2626 5644 2853 5702 Graecia:
2901 5644 3061 5715 urbe,
3087 5651 3211 5715 'orta
3251 5648 3601 5715 es_t,_parens

2017 5717 2252 5775 exstitit.
2309 5709 2603 5786 Auditores
2662 5717 2875 5777 habuit,
2907 5715 3000 5786 qui
3050 5709 3315 5786 bic_apud
3367 5709 3601 5781 Epipha-

2019 5791 2171 5846 nium
2196 5795 2524 5859 sequuntur,
2557 5781 2941 5845 Parmenideni
2966 5791 3131 5855 atque
3151 5781 3449 5839 Zenonem.
