  <div class='ocr_page' id='page_1' title='image "/cluster/home/n/w/nwhite01/storage/ocr_20150623/42:no.2/coo.31924054869403/401.png"; bbox 0 0 3958 6438; ppageno 0'>
   <div class='ocr_carea' id='block_1_1' title="bbox 441 367 541 427">
    <p class='ocr_par' dir='ltr' id='par_1_1' title="bbox 441 367 541 427">
     <span class='ocr_line' id='line_1_1' title="bbox 441 367 541 427; baseline -0.05 1"><span class='ocrx_word' id='word_1_1' title='bbox 441 367 541 427; x_wconf 72' lang='lat'><strong>79!</strong></span> 
     </span>
    </p>
   </div>
   <div class='ocr_carea' id='block_1_2' title="bbox 1873 370 3675 437">
    <p class='ocr_par' dir='ltr' id='par_1_2' title="bbox 1873 370 3675 437">
     <span class='ocr_line' id='line_1_2' title="bbox 1873 370 3675 437; baseline 0.006 -13"><span class='ocrx_word' id='word_1_2' title='bbox 1873 371 1929 425; x_wconf 86' lang='lat' dir='ltr'><strong>S.</strong></span> <span class='ocrx_word' id='word_1_3' title='bbox 1976 370 2319 428; x_wconf 77' lang='lat' dir='ltr'><strong>EPIPIIANll</strong></span> <span class='ocrx_word' id='word_1_4' title='bbox 3592 379 3675 437; x_wconf 74' lang='lat'><strong>792</strong></span> 
     </span>
    </p>
   </div>
   <div class='ocr_carea' id='block_1_3' title="bbox 513 483 2049 561">
    <p class='ocr_par' dir='ltr' id='par_1_3' title="bbox 513 483 2030 558">
     <span class='ocr_line' id='line_1_3' title="bbox 513 483 2030 558; baseline -0.003 -15"><span class='ocrx_word' id='word_1_5' title='bbox 513 487 874 543; x_wconf 78' lang='lat' dir='ltr'><strong>Parmenides</strong></span> <span class='ocrx_word' id='word_1_6' title='bbox 894 484 1106 558; x_wconf 84' lang='lat' dir='ltr'><strong>Pyretis</strong></span> <span class='ocrx_word' id='word_1_7' title='bbox 1124 484 1290 549; x_wconf 83' lang='lat' dir='ltr'><strong>ﬁlius,</strong></span> <span class='ocrx_word' id='word_1_8' title='bbox 1312 485 1482 554; x_wconf 83' lang='lat' dir='ltr'><strong>patria</strong></span> <span class='ocrx_word' id='word_1_9' title='bbox 1502 483 1741 549; x_wconf 88' lang='lat' dir='ltr'><strong>Eleates,</strong></span> <span class='ocrx_word' id='word_1_10' title='bbox 1757 484 2030 541; x_wconf 87' lang='lat' dir='ltr'><strong>inﬁnitum</strong></span> 
     </span>
    </p>
   </div>
   <div class='ocr_carea' id='block_1_4' title="bbox 2160 483 3683 561">
    <p class='ocr_par' dir='ltr' id='par_1_4' title="bbox 2211 486 3683 561">
     <span class='ocr_line' id='line_1_4' title="bbox 2211 486 3683 561; baseline -0.001 -19"><span class='ocrx_word' id='word_1_11' title='bbox 2211 486 2557 560; x_wconf 73' lang='grc' dir='ltr'><strong>Παρμενίδης</strong></span> <span class='ocrx_word' id='word_1_12' title='bbox 2590 490 2618 541; x_wconf 99' lang='lat'><strong>6</strong></span> <span class='ocrx_word' id='word_1_13' title='bbox 2656 487 2750 541; x_wconf 72' lang='grc' dir='ltr'>τοῦ</span> <span class='ocrx_word' id='word_1_14' title='bbox 2776 486 3027 558; x_wconf 69' lang='grc' dir='ltr'>Πύρητος</span> <span class='ocrx_word' id='word_1_15' title='bbox 3053 529 3069 553; x_wconf 92' lang='grc'><strong>,</strong></span> <span class='ocrx_word' id='word_1_16' title='bbox 3114 486 3175 540; x_wconf 72' lang='grc' dir='ltr'>τὸ</span> <span class='ocrx_word' id='word_1_17' title='bbox 3218 486 3371 555; x_wconf 82' lang='grc' dir='ltr'>γένος</span> <span class='ocrx_word' id='word_1_18' title='bbox 3425 486 3683 561; x_wconf 76' lang='grc' dir='ltr'>Ἐλεάτης,</span> 
     </span>
    </p>
   </div>
   <div class='ocr_carea' id='block_1_5' title="bbox 444 576 1678 646">
    <p class='ocr_par' dir='ltr' id='par_1_5' title="bbox 444 576 1678 646">
     <span class='ocr_line' id='line_1_5' title="bbox 444 576 1678 646; baseline -0.004 -12"><span class='ocrx_word' id='word_1_19' title='bbox 444 580 631 637; x_wconf 90' lang='lat' dir='ltr'><strong>aiebat</strong></span> <span class='ocrx_word' id='word_1_20' title='bbox 666 579 912 633; x_wconf 87' lang='lat' dir='ltr'><strong>omnium</strong></span> <span class='ocrx_word' id='word_1_21' title='bbox 950 592 1134 631; x_wconf 88' lang='lat' dir='ltr'><strong>rerum</strong></span> <span class='ocrx_word' id='word_1_22' title='bbox 1165 591 1288 632; x_wconf 89' lang='lat' dir='ltr'><strong>esse</strong></span> <span class='ocrx_word' id='word_1_23' title='bbox 1324 576 1678 646; x_wconf 80' lang='lat' dir='ltr'><strong>principium.</strong></span> 
     </span>
    </p>
   </div>
   <div class='ocr_carea' id='block_1_6' title="bbox 456 666 2039 731">
    <p class='ocr_par' dir='ltr' id='par_1_6' title="bbox 456 666 2039 731">
     <span class='ocr_line' id='line_1_6' title="bbox 456 666 2039 731; baseline -0.003 -5"><span class='ocrx_word' id='word_1_24' title='bbox 456 680 461 683; x_wconf 83' lang='lat'>‘</span> <span class='ocrx_word' id='word_1_25' title='bbox 515 669 664 726; x_wconf 86' lang='lat' dir='ltr'><strong>Zeno</strong></span> <span class='ocrx_word' id='word_1_26' title='bbox 698 668 911 725; x_wconf 79' lang='lat' dir='ltr'><strong>Eleates</strong></span> <span class='ocrx_word' id='word_1_27' title='bbox 960 667 1235 725; x_wconf 89' lang='lat' dir='ltr'><strong>Eristicus</strong></span> <span class='ocrx_word' id='word_1_28' title='bbox 1285 668 1401 723; x_wconf 90' lang='lat' dir='ltr'><strong>sive</strong></span> <span class='ocrx_word' id='word_1_29' title='bbox 1429 666 1859 731; x_wconf 87' lang='lat' dir='ltr'><strong>Contentiosus,</strong></span> <span class='ocrx_word' id='word_1_30' title='bbox 1913 681 2039 721; x_wconf 85' lang='lat' dir='ltr'><strong>cum</strong></span> 
     </span>
    </p>
   </div>
   <div class='ocr_carea' id='block_1_7' title="bbox 441 758 2039 825">
    <p class='ocr_par' dir='ltr' id='par_1_7' title="bbox 441 758 2039 825">
     <span class='ocr_line' id='line_1_7' title="bbox 441 758 2039 825; baseline -0.002 -9"><span class='ocrx_word' id='word_1_31' title='bbox 441 762 630 817; x_wconf 77' lang='lat' dir='ltr'><strong>eadem</strong></span> <span class='ocrx_word' id='word_1_32' title='bbox 670 761 844 817; x_wconf 88' lang='lat' dir='ltr'><strong>altero</strong></span> <span class='ocrx_word' id='word_1_33' title='bbox 882 776 1006 815; x_wconf 90' lang='lat' dir='ltr'><strong>cum</strong></span> <span class='ocrx_word' id='word_1_34' title='bbox 1058 758 1281 815; x_wconf 83' lang='lat' dir='ltr'><strong>Zenone</strong></span> <span class='ocrx_word' id='word_1_35' title='bbox 1330 760 1637 825; x_wconf 74' lang='lat' dir='ltr'><strong>sentiebat;</strong></span> <span class='ocrx_word' id='word_1_36' title='bbox 1681 768 1795 814; x_wconf 90' lang='lat' dir='ltr'><strong>tum</strong></span> <span class='ocrx_word' id='word_1_37' title='bbox 1847 761 2039 814; x_wconf 89' lang='lat' dir='ltr'><strong>immo-</strong></span> 
     </span>
    </p>
   </div>
   <div class='ocr_carea' id='block_1_8' title="bbox 442 852 2035 918">
    <p class='ocr_par' dir='ltr' id='par_1_8' title="bbox 442 852 2035 918">
     <span class='ocr_line' id='line_1_8' title="bbox 442 852 2035 918; baseline -0.004 -9"><span class='ocrx_word' id='word_1_38' title='bbox 442 855 605 910; x_wconf 88' lang='lat' dir='ltr'><strong>bilem</strong></span> <span class='ocrx_word' id='word_1_39' title='bbox 635 869 759 910; x_wconf 83' lang='lat' dir='ltr'><strong>esse</strong></span> <span class='ocrx_word' id='word_1_40' title='bbox 806 861 1047 918; x_wconf 83' lang='lat' dir='ltr'><strong>terram,</strong></span> <span class='ocrx_word' id='word_1_41' title='bbox 1078 867 1180 907; x_wconf 87' lang='lat' dir='ltr'><strong>nec</strong></span> <span class='ocrx_word' id='word_1_42' title='bbox 1225 856 1441 907; x_wconf 87' lang='lat' dir='ltr'><strong>inanem</strong></span> <span class='ocrx_word' id='word_1_43' title='bbox 1476 852 1645 907; x_wconf 89' lang='lat' dir='ltr'><strong>ullum</strong></span> <span class='ocrx_word' id='word_1_44' title='bbox 1685 867 1807 907; x_wconf 86' lang='lat' dir='ltr'><strong>esse</strong></span> <span class='ocrx_word' id='word_1_45' title='bbox 1835 852 2035 906; x_wconf 88' lang='lat' dir='ltr'><strong>locum.</strong></span> 
     </span>
    </p>
   </div>
   <div class='ocr_carea' id='block_1_9' title="bbox 444 944 2040 1019">
    <p class='ocr_par' dir='ltr' id='par_1_9' title="bbox 444 944 2040 1019">
     <span class='ocr_line' id='line_1_9' title="bbox 444 944 2040 1019; baseline -0.002 -17"><span class='ocrx_word' id='word_1_46' title='bbox 444 947 584 1019; x_wconf 84' lang='lat' dir='ltr'><strong>Ergo</strong></span> <span class='ocrx_word' id='word_1_47' title='bbox 618 948 693 1002; x_wconf 91' lang='lat' dir='ltr'><strong>ita</strong></span> <span class='ocrx_word' id='word_1_48' title='bbox 738 946 1090 1018; x_wconf 90' lang='lat' dir='ltr'><strong>disputabat:</strong></span> <span class='ocrx_word' id='word_1_49' title='bbox 1125 944 1403 1016; x_wconf 81' lang='lat' dir='ltr'><strong>Quidquid</strong></span> <span class='ocrx_word' id='word_1_50' title='bbox 1436 954 1685 1000; x_wconf 81' lang='lat' dir='ltr'><strong>movetur</strong></span> <span class='ocrx_word' id='word_1_51' title='bbox 1711 986 1725 1010; x_wconf 89' lang='lat'><strong>,</strong></span> <span class='ocrx_word' id='word_1_52' title='bbox 1760 953 1854 999; x_wconf 92' lang='lat' dir='ltr'><strong>aut</strong></span> <span class='ocrx_word' id='word_1_53' title='bbox 1889 946 1942 999; x_wconf 91' lang='lat' dir='ltr'><strong>in</strong></span> <span class='ocrx_word' id='word_1_54' title='bbox 1974 961 2040 999; x_wconf 85' lang='lat' dir='ltr'><strong>co</strong></span> 
     </span>
    </p>
   </div>
   <div class='ocr_carea' id='block_1_10' title="bbox 445 1038 2037 1113">
    <p class='ocr_par' dir='ltr' id='par_1_10' title="bbox 445 1038 2037 1113">
     <span class='ocr_line' id='line_1_10' title="bbox 445 1038 2037 1113; baseline -0.003 -16"><span class='ocrx_word' id='word_1_55' title='bbox 445 1043 499 1097; x_wconf 90' lang='lat' dir='ltr'><strong>in</strong></span> <span class='ocrx_word' id='word_1_56' title='bbox 527 1058 636 1113; x_wconf 92' lang='lat' dir='ltr'><strong>quo</strong></span> <span class='ocrx_word' id='word_1_57' title='bbox 676 1049 762 1097; x_wconf 90' lang='lat' dir='ltr'><strong>est</strong></span> <span class='ocrx_word' id='word_1_58' title='bbox 793 1042 912 1096; x_wconf 90' lang='lat' dir='ltr'><strong>loco</strong></span> <span class='ocrx_word' id='word_1_59' title='bbox 942 1048 1215 1104; x_wconf 85' lang='lat' dir='ltr'><strong>movetur,</strong></span> <span class='ocrx_word' id='word_1_60' title='bbox 1242 1047 1337 1094; x_wconf 91' lang='lat' dir='ltr'><strong>aut</strong></span> <span class='ocrx_word' id='word_1_61' title='bbox 1371 1040 1424 1094; x_wconf 93' lang='lat' dir='ltr'><strong>in</strong></span> <span class='ocrx_word' id='word_1_62' title='bbox 1457 1056 1565 1111; x_wconf 89' lang='lat' dir='ltr'><strong>quo</strong></span> <span class='ocrx_word' id='word_1_63' title='bbox 1596 1055 1702 1092; x_wconf 90' lang='lat' dir='ltr'><strong>non</strong></span> <span class='ocrx_word' id='word_1_64' title='bbox 1733 1046 1837 1094; x_wconf 79' lang='lat' dir='ltr'><strong>est.</strong></span> <span class='ocrx_word' id='word_1_65' title='bbox 1873 1038 2037 1108; x_wconf 81' lang='lat' dir='ltr'><strong>Atqui</strong></span> 
     </span>
    </p>
   </div>
   <div class='ocr_carea' id='block_1_11' title="bbox 447 1132 2040 1204">
    <p class='ocr_par' dir='ltr' id='par_1_11' title="bbox 447 1132 2040 1204">
     <span class='ocr_line' id='line_1_11' title="bbox 447 1132 2040 1204; baseline -0.001 -14"><span class='ocrx_word' id='word_1_66' title='bbox 447 1149 547 1191; x_wconf 88' lang='lat' dir='ltr'><strong>nec</strong></span> <span class='ocrx_word' id='word_1_67' title='bbox 579 1135 634 1188; x_wconf 92' lang='lat' dir='ltr'><strong>in</strong></span> <span class='ocrx_word' id='word_1_68' title='bbox 678 1148 795 1204; x_wconf 84' lang='lat' dir='ltr'><strong>quo</strong></span> <span class='ocrx_word' id='word_1_69' title='bbox 817 1133 960 1189; x_wconf 87' lang='lat' dir='ltr'><strong>inest</strong></span> <span class='ocrx_word' id='word_1_70' title='bbox 985 1132 1130 1196; x_wconf 87' lang='lat' dir='ltr'><strong>loco,</strong></span> <span class='ocrx_word' id='word_1_71' title='bbox 1175 1149 1275 1188; x_wconf 92' lang='lat' dir='ltr'><strong>nec</strong></span> <span class='ocrx_word' id='word_1_72' title='bbox 1308 1133 1360 1187; x_wconf 93' lang='lat' dir='ltr'><strong>in</strong></span> <span class='ocrx_word' id='word_1_73' title='bbox 1383 1149 1492 1204; x_wconf 89' lang='lat' dir='ltr'><strong>quo</strong></span> <span class='ocrx_word' id='word_1_74' title='bbox 1532 1150 1640 1187; x_wconf 91' lang='lat' dir='ltr'><strong>non</strong></span> <span class='ocrx_word' id='word_1_75' title='bbox 1671 1133 1834 1199; x_wconf 86' lang='lat' dir='ltr'><strong>inest,</strong></span> <span class='ocrx_word' id='word_1_76' title='bbox 1861 1149 2040 1188; x_wconf 85' lang='lat' dir='ltr'><strong>move-</strong></span> 
     </span>
    </p>
   </div>
   <div class='ocr_carea' id='block_1_12' title="bbox 448 1224 1256 1295">
    <p class='ocr_par' dir='ltr' id='par_1_12' title="bbox 448 1224 1256 1295">
     <span class='ocr_line' id='line_1_12' title="bbox 448 1224 1256 1295; baseline -0.002 -14"><span class='ocrx_word' id='word_1_77' title='bbox 448 1235 557 1282; x_wconf 83' lang='lat' dir='ltr'><strong>tur.</strong></span> <span class='ocrx_word' id='word_1_78' title='bbox 599 1225 746 1280; x_wconf 81' lang='lat' dir='ltr'><strong>Nihil</strong></span> <span class='ocrx_word' id='word_1_79' title='bbox 778 1224 948 1295; x_wconf 79' lang='lat' dir='ltr'><strong>igitur</strong></span> <span class='ocrx_word' id='word_1_80' title='bbox 979 1233 1256 1281; x_wconf 83' lang='lat' dir='ltr'><strong>movetur.</strong></span> 
     </span>
    </p>
   </div>
   <div class='ocr_carea' id='block_1_13' title="bbox 519 1315 2042 1388">
    <p class='ocr_par' dir='ltr' id='par_1_13' title="bbox 519 1315 2042 1388">
     <span class='ocr_line' id='line_1_13' title="bbox 519 1315 2042 1388; baseline -0.001 -16"><span class='ocrx_word' id='word_1_81' title='bbox 519 1317 770 1374; x_wconf 79' lang='lat' dir='ltr'><strong>Melissus</strong></span> <span class='ocrx_word' id='word_1_82' title='bbox 788 1315 1062 1388; x_wconf 84' lang='lat' dir='ltr'><strong>ltbagenis</strong></span> <span class='ocrx_word' id='word_1_83' title='bbox 1079 1316 1242 1383; x_wconf 87' lang='lat' dir='ltr'><strong>ﬁlius,</strong></span> <span class='ocrx_word' id='word_1_84' title='bbox 1269 1316 1508 1379; x_wconf 77' lang='lat' dir='ltr'><strong>Samius,</strong></span> <span class='ocrx_word' id='word_1_85' title='bbox 1528 1333 1696 1372; x_wconf 88' lang='lat' dir='ltr'><strong>unum</strong></span> <span class='ocrx_word' id='word_1_86' title='bbox 1719 1333 1840 1375; x_wconf 87' lang='lat' dir='ltr'><strong>esse</strong></span> <span class='ocrx_word' id='word_1_87' title='bbox 1857 1316 2042 1373; x_wconf 86' lang='lat' dir='ltr'><strong>deﬁnit</strong></span> 
     </span>
    </p>
   </div>
   <div class='ocr_carea' id='block_1_14' title="bbox 451 1406 2042 1478">
    <p class='ocr_par' dir='ltr' id='par_1_14' title="bbox 451 1406 2042 1478">
     <span class='ocr_line' id='line_1_14' title="bbox 451 1406 2042 1478; baseline 0.001 -15"><span class='ocrx_word' id='word_1_88' title='bbox 451 1410 673 1464; x_wconf 78' lang='lat' dir='ltr'><strong>omnia:</strong></span> <span class='ocrx_word' id='word_1_89' title='bbox 722 1423 898 1478; x_wconf 83' lang='lat' dir='ltr'><strong>neque</strong></span> <span class='ocrx_word' id='word_1_90' title='bbox 940 1406 1244 1478; x_wconf 82' lang='lat' dir='ltr'><strong>quidquam</strong></span> <span class='ocrx_word' id='word_1_91' title='bbox 1300 1408 1353 1462; x_wconf 92' lang='lat' dir='ltr'><strong>in</strong></span> <span class='ocrx_word' id='word_1_92' title='bbox 1386 1418 1584 1462; x_wconf 88' lang='lat' dir='ltr'><strong>natura</strong></span> <span class='ocrx_word' id='word_1_93' title='bbox 1618 1424 1743 1464; x_wconf 90' lang='lat' dir='ltr'><strong>esse</strong></span> <span class='ocrx_word' id='word_1_94' title='bbox 1778 1418 2042 1465; x_wconf 85' lang='lat' dir='ltr'><strong>constans</strong></span> 
     </span>
    </p>
   </div>
   <div class='ocr_carea' id='block_1_15' title="bbox 451 1499 1940 1571">
    <p class='ocr_par' dir='ltr' id='par_1_15' title="bbox 451 1499 1940 1571">
     <span class='ocr_line' id='line_1_15' title="bbox 451 1499 1940 1571; baseline -0.001 -16"><span class='ocrx_word' id='word_1_95' title='bbox 451 1511 543 1555; x_wconf 84' lang='lat' dir='ltr'><strong>aut</strong></span> <span class='ocrx_word' id='word_1_96' title='bbox 584 1508 928 1571; x_wconf 85' lang='lat' dir='ltr'><strong>perpetuum,</strong></span> <span class='ocrx_word' id='word_1_97' title='bbox 960 1499 1054 1555; x_wconf 88' lang='lat' dir='ltr'><strong>sed</strong></span> <span class='ocrx_word' id='word_1_98' title='bbox 1084 1500 1267 1555; x_wconf 85' lang='lat' dir='ltr'><strong>omnia</strong></span> <span class='ocrx_word' id='word_1_99' title='bbox 1300 1501 1347 1555; x_wconf 88' lang='lat' dir='ltr'><strong>vi</strong></span> <span class='ocrx_word' id='word_1_100' title='bbox 1383 1516 1505 1556; x_wconf 87' lang='lat' dir='ltr'><strong>esse</strong></span> <span class='ocrx_word' id='word_1_101' title='bbox 1535 1502 1940 1570; x_wconf 85' lang='lat' dir='ltr'><strong>corruptibilia.</strong></span> 
     </span>
    </p>
   </div>
   <div class='ocr_carea' id='block_1_16' title="bbox 522 1590 2043 1663">
    <p class='ocr_par' dir='ltr' id='par_1_16' title="bbox 522 1590 2043 1663">
     <span class='ocr_line' id='line_1_16' title="bbox 522 1590 2043 1663; baseline 0.001 -17"><span class='ocrx_word' id='word_1_102' title='bbox 522 1591 829 1663; x_wconf 83' lang='lat' dir='ltr'><strong>Leucippus</strong></span> <span class='ocrx_word' id='word_1_103' title='bbox 892 1590 1175 1658; x_wconf 78' lang='lat' dir='ltr'><strong>Milesius,</strong></span> <span class='ocrx_word' id='word_1_104' title='bbox 1236 1591 1476 1648; x_wconf 86' lang='lat' dir='ltr'><strong>Eleatem</strong></span> <span class='ocrx_word' id='word_1_105' title='bbox 1530 1593 1621 1646; x_wconf 89' lang='lat' dir='ltr'><strong>alii</strong></span> <span class='ocrx_word' id='word_1_106' title='bbox 1673 1592 1917 1660; x_wconf 81' lang='lat' dir='ltr'><strong>faciunt,</strong></span> <span class='ocrx_word' id='word_1_107' title='bbox 1974 1608 2043 1648; x_wconf 80' lang='lat' dir='ltr'><strong>ex</strong></span> 
     </span>
    </p>
   </div>
   <div class='ocr_carea' id='block_1_17' title="bbox 453 1682 2042 1757">
    <p class='ocr_par' dir='ltr' id='par_1_17' title="bbox 453 1682 2042 1757">
     <span class='ocr_line' id='line_1_17' title="bbox 453 1682 2042 1757; baseline -0.002 -17"><span class='ocrx_word' id='word_1_108' title='bbox 453 1685 813 1741; x_wconf 80' lang='lat' dir='ltr'><strong>Eristicorum</strong></span> <span class='ocrx_word' id='word_1_109' title='bbox 841 1699 1039 1757; x_wconf 80' lang='lat' dir='ltr'><strong>grege,</strong></span> <span class='ocrx_word' id='word_1_110' title='bbox 1082 1684 1403 1740; x_wconf 87' lang='lat' dir='ltr'><strong>universum</strong></span> <span class='ocrx_word' id='word_1_111' title='bbox 1456 1685 1510 1737; x_wconf 91' lang='lat' dir='ltr'><strong>in</strong></span> <span class='ocrx_word' id='word_1_112' title='bbox 1567 1682 1783 1738; x_wconf 86' lang='lat' dir='ltr'><strong>inﬁnito</strong></span> <span class='ocrx_word' id='word_1_113' title='bbox 1835 1684 2042 1739; x_wconf 89' lang='lat' dir='ltr'><strong>versari</strong></span> 
     </span>
    </p>
   </div>
   <div class='ocr_carea' id='block_1_18' title="bbox 451 1774 2043 1846">
    <p class='ocr_par' dir='ltr' id='par_1_18' title="bbox 451 1774 2043 1846">
     <span class='ocr_line' id='line_1_18' title="bbox 451 1774 2043 1846; baseline -0.002 -14"><span class='ocrx_word' id='word_1_114' title='bbox 451 1778 661 1833; x_wconf 78' lang='lat' dir='ltr'><strong>docuit.</strong></span> <span class='ocrx_word' id='word_1_115' title='bbox 706 1775 881 1831; x_wconf 82' lang='lat' dir='ltr'><strong>Porro</strong></span> <span class='ocrx_word' id='word_1_116' title='bbox 937 1775 1123 1831; x_wconf 89' lang='lat' dir='ltr'><strong>omnia</strong></span> <span class='ocrx_word' id='word_1_117' title='bbox 1159 1775 1275 1830; x_wconf 88' lang='lat' dir='ltr'><strong>sola</strong></span> <span class='ocrx_word' id='word_1_118' title='bbox 1305 1774 1493 1846; x_wconf 81' lang='lat' dir='ltr'><strong>specie</strong></span> <span class='ocrx_word' id='word_1_119' title='bbox 1535 1782 1590 1829; x_wconf 86' lang='lat' dir='ltr'><strong>ct</strong></span> <span class='ocrx_word' id='word_1_120' title='bbox 1618 1774 1879 1845; x_wconf 89' lang='lat' dir='ltr'><strong>opinione</strong></span> <span class='ocrx_word' id='word_1_121' title='bbox 1905 1790 2043 1829; x_wconf 88' lang='lat' dir='ltr'><strong>con-</strong></span> 
     </span>
    </p>
   </div>
   <div class='ocr_carea' id='block_1_19' title="bbox 454 1866 2042 1937">
    <p class='ocr_par' dir='ltr' id='par_1_19' title="bbox 454 1866 2042 1937">
     <span class='ocr_line' id='line_1_19' title="bbox 454 1866 2042 1937; baseline -0.003 -13"><span class='ocrx_word' id='word_1_122' title='bbox 454 1877 640 1933; x_wconf 84' lang='lat' dir='ltr'><strong>stare,</strong></span> <span class='ocrx_word' id='word_1_123' title='bbox 676 1867 903 1923; x_wconf 85' lang='lat' dir='ltr'><strong>veritate</strong></span> <span class='ocrx_word' id='word_1_124' title='bbox 957 1866 1076 1937; x_wconf 84' lang='lat' dir='ltr'><strong>ipsa</strong></span> <span class='ocrx_word' id='word_1_125' title='bbox 1129 1866 1300 1931; x_wconf 88' lang='lat' dir='ltr'><strong>nihil;</strong></span> <span class='ocrx_word' id='word_1_126' title='bbox 1342 1866 1744 1937; x_wconf 67' lang='lat' dir='ltr'><strong>sedapparere</strong></span> <span class='ocrx_word' id='word_1_127' title='bbox 1784 1867 1857 1921; x_wconf 90' lang='lat' dir='ltr'><strong>ita</strong></span> <span class='ocrx_word' id='word_1_128' title='bbox 1903 1869 2042 1921; x_wconf 83' lang='lat' dir='ltr'><strong>dun-</strong></span> 
     </span>
    </p>
   </div>
   <div class='ocr_carea' id='block_1_20' title="bbox 456 1958 1883 2031">
    <p class='ocr_par' dir='ltr' id='par_1_20' title="bbox 456 1958 1883 2031">
     <span class='ocr_line' id='line_1_20' title="bbox 456 1958 1883 2031; baseline -0.002 -17"><span class='ocrx_word' id='word_1_129' title='bbox 456 1970 626 2022; x_wconf 77' lang='lat' dir='ltr'><strong>taxat,</strong></span> <span class='ocrx_word' id='word_1_130' title='bbox 668 1959 897 2031; x_wconf 87' lang='lat' dir='ltr'><strong>perinde</strong></span> <span class='ocrx_word' id='word_1_131' title='bbox 925 1972 990 2012; x_wconf 88' lang='lat' dir='ltr'><strong>ac</strong></span> <span class='ocrx_word' id='word_1_132' title='bbox 1030 1973 1214 2014; x_wconf 89' lang='lat' dir='ltr'><strong>remus</strong></span> <span class='ocrx_word' id='word_1_133' title='bbox 1254 1958 1307 2012; x_wconf 89' lang='lat' dir='ltr'><strong>in</strong></span> <span class='ocrx_word' id='word_1_134' title='bbox 1342 1974 1540 2028; x_wconf 90' lang='lat' dir='ltr'><strong>aquam</strong></span> <span class='ocrx_word' id='word_1_135' title='bbox 1575 1958 1883 2013; x_wconf 88' lang='lat' dir='ltr'><strong>demersus.</strong></span> 
     </span>
    </p>
   </div>
   <div class='ocr_carea' id='block_1_21' title="bbox 529 2049 2042 2123">
    <p class='ocr_par' dir='ltr' id='par_1_21' title="bbox 529 2049 2042 2123">
     <span class='ocr_line' id='line_1_21' title="bbox 529 2049 2042 2123; baseline -0.002 -15"><span class='ocrx_word' id='word_1_136' title='bbox 529 2053 757 2123; x_wconf 68' lang='lat'><strong>1088</strong></span> <span class='ocrx_word' id='word_1_137' title='bbox 804 2051 1145 2107; x_wconf 88' lang='lat' dir='ltr'><strong>Democritus</strong></span> <span class='ocrx_word' id='word_1_138' title='bbox 1196 2049 1508 2121; x_wconf 81' lang='lat' dir='ltr'><strong>Damasippi</strong></span> <span class='ocrx_word' id='word_1_139' title='bbox 1562 2050 1727 2117; x_wconf 87' lang='lat' dir='ltr'><strong>ﬁlius,</strong></span> <span class='ocrx_word' id='word_1_140' title='bbox 1761 2051 2042 2116; x_wconf 84' lang='lat' dir='ltr'><strong>Abderita,</strong></span> 
     </span>
    </p>
   </div>
   <div class='ocr_carea' id='block_1_22' title="bbox 457 2142 2042 2213">
    <p class='ocr_par' dir='ltr' id='par_1_22' title="bbox 457 2142 2042 2213">
     <span class='ocr_line' id='line_1_22' title="bbox 457 2142 2042 2213; baseline -0.001 -14"><span class='ocrx_word' id='word_1_141' title='bbox 457 2145 722 2201; x_wconf 77' lang='lat' dir='ltr'><strong>mundum</strong></span> <span class='ocrx_word' id='word_1_142' title='bbox 750 2145 1024 2199; x_wconf 89' lang='lat' dir='ltr'><strong>inﬁnitum</strong></span> <span class='ocrx_word' id='word_1_143' title='bbox 1052 2142 1358 2206; x_wconf 88' lang='lat' dir='ltr'><strong>constituit,</strong></span> <span class='ocrx_word' id='word_1_144' title='bbox 1377 2158 1439 2198; x_wconf 88' lang='lat' dir='ltr'><strong>ac</strong></span> <span class='ocrx_word' id='word_1_145' title='bbox 1457 2157 1624 2212; x_wconf 85' lang='lat' dir='ltr'><strong>supra</strong></span> <span class='ocrx_word' id='word_1_146' title='bbox 1656 2142 1818 2196; x_wconf 86' lang='lat' dir='ltr'><strong>inane</strong></span> <span class='ocrx_word' id='word_1_147' title='bbox 1840 2142 2042 2213; x_wconf 88' lang='lat' dir='ltr'><strong>posuit.</strong></span> 
     </span>
    </p>
   </div>
   <div class='ocr_carea' id='block_1_23' title="bbox 453 2234 2047 2302">
    <p class='ocr_par' dir='ltr' id='par_1_23' title="bbox 453 2234 2047 2302">
     <span class='ocr_line' id='line_1_23' title="bbox 453 2234 2047 2302; baseline -0.004 -9"><span class='ocrx_word' id='word_1_148' title='bbox 453 2239 726 2294; x_wconf 71' lang='lat' dir='ltr'><strong>Praeterea</strong></span> <span class='ocrx_word' id='word_1_149' title='bbox 789 2252 958 2291; x_wconf 91' lang='lat' dir='ltr'><strong>unum</strong></span> <span class='ocrx_word' id='word_1_150' title='bbox 1016 2252 1139 2292; x_wconf 89' lang='lat' dir='ltr'><strong>esse</strong></span> <span class='ocrx_word' id='word_1_151' title='bbox 1197 2237 1360 2291; x_wconf 86' lang='lat' dir='ltr'><strong>tinem</strong></span> <span class='ocrx_word' id='word_1_152' title='bbox 1412 2236 1705 2302; x_wconf 88' lang='lat' dir='ltr'><strong>omnium,</strong></span> <span class='ocrx_word' id='word_1_153' title='bbox 1768 2243 1823 2290; x_wconf 90' lang='lat' dir='ltr'><strong>et</strong></span> <span class='ocrx_word' id='word_1_154' title='bbox 1877 2234 2047 2288; x_wconf 89' lang='lat' dir='ltr'><strong>animi</strong></span> 
     </span>
    </p>
   </div>
   <div class='ocr_carea' id='block_1_24' title="bbox 456 2325 2046 2400">
    <p class='ocr_par' dir='ltr' id='par_1_24' title="bbox 456 2325 2046 2400">
     <span class='ocr_line' id='line_1_24' title="bbox 456 2325 2046 2400; baseline -0.003 -16"><span class='ocrx_word' id='word_1_155' title='bbox 456 2329 908 2400; x_wconf 85' lang='lat' dir='ltr'><strong>tranquillitatem</strong></span> <span class='ocrx_word' id='word_1_156' title='bbox 943 2329 1211 2400; x_wconf 90' lang='lat' dir='ltr'><strong>optimum</strong></span> <span class='ocrx_word' id='word_1_157' title='bbox 1248 2342 1371 2382; x_wconf 90' lang='lat' dir='ltr'><strong>esse</strong></span> <span class='ocrx_word' id='word_1_158' title='bbox 1402 2366 1416 2390; x_wconf 92' lang='lat'><strong>,</strong></span> <span class='ocrx_word' id='word_1_159' title='bbox 1464 2325 1684 2382; x_wconf 87' lang='lat' dir='ltr'><strong>dolores</strong></span> <span class='ocrx_word' id='word_1_160' title='bbox 1737 2341 1869 2381; x_wconf 88' lang='lat' dir='ltr'><strong>vero</strong></span> <span class='ocrx_word' id='word_1_161' title='bbox 1918 2325 2046 2379; x_wconf 89' lang='lat' dir='ltr'><strong>mali</strong></span> 
     </span>
    </p>
   </div>
   <div class='ocr_carea' id='block_1_25' title="bbox 455 2417 2045 2488">
    <p class='ocr_par' dir='ltr' id='par_1_25' title="bbox 455 2417 2045 2488">
     <span class='ocr_line' id='line_1_25' title="bbox 455 2417 2045 2488; baseline -0.003 -14"><span class='ocrx_word' id='word_1_162' title='bbox 455 2420 638 2476; x_wconf 85' lang='lat' dir='ltr'><strong>onmis</strong></span> <span class='ocrx_word' id='word_1_163' title='bbox 694 2421 959 2477; x_wconf 89' lang='lat' dir='ltr'><strong>terminos</strong></span> <span class='ocrx_word' id='word_1_164' title='bbox 1005 2418 1264 2475; x_wconf 87' lang='lat' dir='ltr'><strong>asseruit.</strong></span> <span class='ocrx_word' id='word_1_165' title='bbox 1327 2417 1484 2484; x_wconf 83' lang='lat' dir='ltr'><strong>Quod</strong></span> <span class='ocrx_word' id='word_1_166' title='bbox 1532 2419 1744 2488; x_wconf 82' lang='lat' dir='ltr'><strong>justum</strong></span> <span class='ocrx_word' id='word_1_167' title='bbox 1807 2418 2045 2484; x_wconf 84' lang='lat' dir='ltr'><strong>videtur,</strong></span> 
     </span>
    </p>
   </div>
   <div class='ocr_carea' id='block_1_26' title="bbox 459 2508 2051 2582">
    <p class='ocr_par' dir='ltr' id='par_1_26' title="bbox 459 2508 2051 2582">
     <span class='ocr_line' id='line_1_26' title="bbox 459 2508 2051 2582; baseline -0.003 -17"><span class='ocrx_word' id='word_1_168' title='bbox 459 2525 805 2582; x_wconf 87' lang='lat' dir='ltr'><strong>nequaquam</strong></span> <span class='ocrx_word' id='word_1_169' title='bbox 864 2524 989 2566; x_wconf 89' lang='lat' dir='ltr'><strong>esse</strong></span> <span class='ocrx_word' id='word_1_170' title='bbox 1034 2509 1287 2580; x_wconf 89' lang='lat' dir='ltr'><strong>justum:</strong></span> <span class='ocrx_word' id='word_1_171' title='bbox 1341 2508 1607 2578; x_wconf 88' lang='lat' dir='ltr'><strong>injustum</strong></span> <span class='ocrx_word' id='word_1_172' title='bbox 1658 2524 1790 2563; x_wconf 86' lang='lat' dir='ltr'><strong>vero</strong></span> <span class='ocrx_word' id='word_1_173' title='bbox 1839 2517 2051 2562; x_wconf 69' lang='lat' dir='ltr'><strong>natura:</strong></span> 
     </span>
    </p>
   </div>
   <div class='ocr_carea' id='block_1_27' title="bbox 454 2601 2047 2673">
    <p class='ocr_par' dir='ltr' id='par_1_27' title="bbox 454 2601 2047 2673">
     <span class='ocr_line' id='line_1_27' title="bbox 454 2601 2047 2673; baseline -0.006 -11"><span class='ocrx_word' id='word_1_174' title='bbox 454 2620 585 2662; x_wconf 82' lang='lat' dir='ltr'><strong>esse</strong></span> <span class='ocrx_word' id='word_1_175' title='bbox 633 2605 994 2660; x_wconf 87' lang='lat' dir='ltr'><strong>contrarium.</strong></span> <span class='ocrx_word' id='word_1_176' title='bbox 1066 2603 1177 2657; x_wconf 91' lang='lat' dir='ltr'><strong>lmo</strong></span> <span class='ocrx_word' id='word_1_177' title='bbox 1232 2617 1362 2657; x_wconf 88' lang='lat' dir='ltr'><strong>vero</strong></span> <span class='ocrx_word' id='word_1_178' title='bbox 1421 2602 1721 2673; x_wconf 86' lang='lat' dir='ltr'><strong>pessimum</strong></span> <span class='ocrx_word' id='word_1_179' title='bbox 1765 2601 2047 2654; x_wconf 76' lang='lat' dir='ltr'><strong>inventum</strong></span> 
     </span>
    </p>
   </div>
   <div class='ocr_carea' id='block_1_28' title="bbox 392 2693 2050 2773">
    <p class='ocr_par' dir='ltr' id='par_1_28' title="bbox 392 2693 2050 2773">
     <span class='ocr_line' id='line_1_28' title="bbox 392 2693 2050 2773; baseline -0.002 -25"><span class='ocrx_word' id='word_1_180' title='bbox 392 2769 396 2773; x_wconf 12' lang='lat'><em>‘</em></span> <span class='ocrx_word' id='word_1_181' title='bbox 460 2698 606 2768; x_wconf 82' lang='lat' dir='ltr'><strong>leges</strong></span> <span class='ocrx_word' id='word_1_182' title='bbox 644 2696 990 2767; x_wconf 84' lang='lat' dir='ltr'><strong>appellabat,</strong></span> <span class='ocrx_word' id='word_1_183' title='bbox 1052 2709 1154 2749; x_wconf 91' lang='lat' dir='ltr'><strong>nec</strong></span> <span class='ocrx_word' id='word_1_184' title='bbox 1204 2694 1273 2751; x_wconf 88' lang='lat' dir='ltr'><strong>iis</strong></span> <span class='ocrx_word' id='word_1_185' title='bbox 1319 2708 1511 2763; x_wconf 87' lang='lat' dir='ltr'><strong>parere</strong></span> <span class='ocrx_word' id='word_1_186' title='bbox 1541 2693 1846 2762; x_wconf 88' lang='lat' dir='ltr'><strong>sapientem</strong></span> <span class='ocrx_word' id='word_1_187' title='bbox 1885 2706 2050 2762; x_wconf 59' lang='lat' dir='ltr'><strong>oporo</strong></span> 
     </span>
    </p>
   </div>
   <div class='ocr_carea' id='block_1_29' title="bbox 461 2783 1687 2859">
    <p class='ocr_par' dir='ltr' id='par_1_29' title="bbox 461 2783 1687 2859">
     <span class='ocr_line' id='line_1_29' title="bbox 461 2783 1687 2859; baseline -0.006 -16"><span class='ocrx_word' id='word_1_188' title='bbox 461 2798 603 2850; x_wconf 80' lang='lat' dir='ltr'><strong>tere,</strong></span> <span class='ocrx_word' id='word_1_189' title='bbox 635 2786 732 2841; x_wconf 83' lang='lat' dir='ltr'><strong>sed</strong></span> <span class='ocrx_word' id='word_1_190' title='bbox 764 2787 818 2840; x_wconf 80' lang='lat' dir='ltr'><strong>in</strong></span> <span class='ocrx_word' id='word_1_191' title='bbox 858 2800 1077 2841; x_wconf 88' lang='lat' dir='ltr'><strong>summa</strong></span> <span class='ocrx_word' id='word_1_192' title='bbox 1106 2786 1355 2840; x_wconf 85' lang='lat' dir='ltr'><strong>libertate</strong></span> <span class='ocrx_word' id='word_1_193' title='bbox 1390 2783 1589 2838; x_wconf 78' lang='lat' dir='ltr'><strong>vivere.</strong></span> <span class='ocrx_word' id='word_1_194' title='bbox 1678 2853 1687 2859; x_wconf 84' lang='lat'><strong><em>_</em></strong></span> 
     </span>
    </p>
   </div>
   <div class='ocr_carea' id='block_1_30' title="bbox 532 2871 2046 2948">
    <p class='ocr_par' dir='ltr' id='par_1_30' title="bbox 532 2871 2046 2948">
     <span class='ocr_line' id='line_1_30' title="bbox 532 2871 2046 2948; baseline -0.005 -14"><span class='ocrx_word' id='word_1_195' title='bbox 532 2880 878 2936; x_wconf 81' lang='lat' dir='ltr'><strong>Metrodorus</strong></span> <span class='ocrx_word' id='word_1_196' title='bbox 916 2877 1089 2933; x_wconf 85' lang='lat' dir='ltr'><strong>Cbius</strong></span> <span class='ocrx_word' id='word_1_197' title='bbox 1125 2876 1261 2932; x_wconf 81' lang='lat' dir='ltr'><strong>nihil</strong></span> <span class='ocrx_word' id='word_1_198' title='bbox 1296 2892 1326 2931; x_wconf 89' lang='lat' dir='ltr'><strong>a</strong></span> <span class='ocrx_word' id='word_1_199' title='bbox 1372 2889 1649 2948; x_wconf 88' lang='lat' dir='ltr'><strong>quoquam</strong></span> <span class='ocrx_word' id='word_1_200' title='bbox 1686 2873 1814 2931; x_wconf 88' lang='lat' dir='ltr'><strong>sciri</strong></span> <span class='ocrx_word' id='word_1_201' title='bbox 1854 2871 2046 2927; x_wconf 87' lang='lat' dir='ltr'><strong>voluit.</strong></span> 
     </span>
    </p>
   </div>
   <div class='ocr_carea' id='block_1_31' title="bbox 461 2969 2048 3042">
    <p class='ocr_par' dir='ltr' id='par_1_31' title="bbox 461 2969 2048 3042">
     <span class='ocr_line' id='line_1_31' title="bbox 461 2969 2048 3042; baseline -0.007 -14"><span class='ocrx_word' id='word_1_202' title='bbox 461 2971 704 3037; x_wconf 75' lang='lat' dir='ltr'><strong>Verum,</strong></span> <span class='ocrx_word' id='word_1_203' title='bbox 736 2970 953 3042; x_wconf 89' lang='lat' dir='ltr'><strong>inquit,</strong></span> <span class='ocrx_word' id='word_1_204' title='bbox 982 2986 1106 3041; x_wconf 74' lang='lat' dir='ltr'><strong>qua:</strong></span> <span class='ocrx_word' id='word_1_205' title='bbox 1139 2984 1305 3024; x_wconf 89' lang='lat' dir='ltr'><strong>nosse</strong></span> <span class='ocrx_word' id='word_1_206' title='bbox 1336 2969 1615 3031; x_wconf 84' lang='lat' dir='ltr'><strong>videmur,</strong></span> <span class='ocrx_word' id='word_1_207' title='bbox 1653 2972 1910 3021; x_wconf 87' lang='lat' dir='ltr'><strong>accurate</strong></span> <span class='ocrx_word' id='word_1_208' title='bbox 1940 2980 2048 3018; x_wconf 92' lang='lat' dir='ltr'><strong>non</strong></span> 
     </span>
    </p>
   </div>
   <div class='ocr_carea' id='block_1_32' title="bbox 462 3056 2045 3135">
    <p class='ocr_par' dir='ltr' id='par_1_32' title="bbox 462 3056 2045 3135">
     <span class='ocr_line' id='line_1_32' title="bbox 462 3056 2045 3135; baseline -0.006 -15"><span class='ocrx_word' id='word_1_209' title='bbox 462 3064 819 3135; x_wconf 76' lang='lat' dir='ltr'><strong>intelligimus</strong></span> <span class='ocrx_word' id='word_1_210' title='bbox 844 3080 857 3116; x_wconf 90' lang='lat'><strong>:</strong></span> <span class='ocrx_word' id='word_1_211' title='bbox 900 3076 1078 3132; x_wconf 82' lang='lat' dir='ltr'><strong>neque</strong></span> <span class='ocrx_word' id='word_1_212' title='bbox 1108 3061 1365 3116; x_wconf 84' lang='lat' dir='ltr'><strong>sensibus</strong></span> <span class='ocrx_word' id='word_1_213' title='bbox 1392 3058 1700 3114; x_wconf 85' lang='lat' dir='ltr'><strong>adhibenda</strong></span> <span class='ocrx_word' id='word_1_214' title='bbox 1754 3056 1888 3112; x_wconf 77' lang='lat' dir='ltr'><strong>ﬁdes</strong></span> <span class='ocrx_word' id='word_1_215' title='bbox 1916 3062 2002 3112; x_wconf 79' lang='lat' dir='ltr'><strong>est</strong></span> <span class='ocrx_word' id='word_1_216' title='bbox 2031 3074 2045 3110; x_wconf 90' lang='lat'>:</span> 
     </span>
    </p>
   </div>
   <div class='ocr_carea' id='block_1_33' title="bbox 464 3155 1475 3229">
    <p class='ocr_par' dir='ltr' id='par_1_33' title="bbox 464 3155 1475 3229">
     <span class='ocr_line' id='line_1_33' title="bbox 464 3155 1475 3229; baseline -0.008 -17"><span class='ocrx_word' id='word_1_217' title='bbox 464 3158 651 3212; x_wconf 83' lang='lat' dir='ltr'><strong>omnia</strong></span> <span class='ocrx_word' id='word_1_218' title='bbox 677 3158 881 3229; x_wconf 88' lang='lat' dir='ltr'><strong>quippe</strong></span> <span class='ocrx_word' id='word_1_219' title='bbox 906 3155 1165 3226; x_wconf 89' lang='lat' dir='ltr'><strong>opinione</strong></span> <span class='ocrx_word' id='word_1_220' title='bbox 1198 3158 1475 3207; x_wconf 89' lang='lat' dir='ltr'><strong>constant.</strong></span> 
     </span>
    </p>
   </div>
   <div class='ocr_carea' id='block_1_34' title="bbox 534 3230 2052 3320">
    <p class='ocr_par' dir='ltr' id='par_1_34' title="bbox 534 3230 2052 3320">
     <span class='ocr_line' id='line_1_34' title="bbox 534 3230 2052 3320; baseline -0.005 -18"><span class='ocrx_word' id='word_1_221' title='bbox 534 3246 867 3320; x_wconf 80' lang='lat' dir='ltr'><strong>Protagoras</strong></span> <span class='ocrx_word' id='word_1_222' title='bbox 909 3245 1189 3303; x_wconf 76' lang='lat' dir='ltr'><strong>Menandri</strong></span> <span class='ocrx_word' id='word_1_223' title='bbox 1230 3230 1395 3310; x_wconf 80' lang='lat' dir='ltr'><strong>ﬁlius,</strong></span> <span class='ocrx_word' id='word_1_224' title='bbox 1440 3241 1720 3306; x_wconf 80' lang='lat' dir='ltr'><strong>Abderita,</strong></span> <span class='ocrx_word' id='word_1_225' title='bbox 1761 3239 1895 3296; x_wconf 89' lang='lat' dir='ltr'><strong>deos</strong></span> <span class='ocrx_word' id='word_1_226' title='bbox 1927 3253 2052 3295; x_wconf 85' lang='lat' dir='ltr'><strong>esse</strong></span> 
     </span>
    </p>
   </div>
   <div class='ocr_carea' id='block_1_35' title="bbox 465 3336 1979 3415">
    <p class='ocr_par' dir='ltr' id='par_1_35' title="bbox 465 3336 1979 3415">
     <span class='ocr_line' id='line_1_35' title="bbox 465 3336 1979 3415; baseline -0.009 -15"><span class='ocrx_word' id='word_1_227' title='bbox 465 3343 720 3415; x_wconf 76' lang='lat' dir='ltr'><strong>negabat,</strong></span> <span class='ocrx_word' id='word_1_228' title='bbox 750 3358 812 3398; x_wconf 89' lang='lat' dir='ltr'><strong>ac</strong></span> <span class='ocrx_word' id='word_1_229' title='bbox 839 3342 1184 3397; x_wconf 86' lang='lat' dir='ltr'><strong>divinitatem</strong></span> <span class='ocrx_word' id='word_1_230' title='bbox 1210 3355 1428 3395; x_wconf 88' lang='lat' dir='ltr'><strong>omnem</strong></span> <span class='ocrx_word' id='word_1_231' title='bbox 1459 3336 1707 3393; x_wconf 83' lang='lat' dir='ltr'><strong>funditus</strong></span> <span class='ocrx_word' id='word_1_232' title='bbox 1732 3336 1979 3390; x_wconf 85' lang='lat' dir='ltr'><strong>tollebat.</strong></span> 
     </span>
    </p>
   </div>
   <div class='ocr_carea' id='block_1_36' title="bbox 539 3423 2051 3507">
    <p class='ocr_par' dir='ltr' id='par_1_36' title="bbox 539 3423 2051 3507">
     <span class='ocr_line' id='line_1_36' title="bbox 539 3423 2051 3507; baseline -0.005 -19"><span class='ocrx_word' id='word_1_233' title='bbox 539 3432 805 3507; x_wconf 74' lang='lat' dir='ltr'><strong>Diogenes</strong></span> <span class='ocrx_word' id='word_1_234' title='bbox 839 3433 1178 3505; x_wconf 64' lang='lat' dir='ltr'><strong>Smyrnaus,</strong></span> <span class='ocrx_word' id='word_1_235' title='bbox 1212 3433 1317 3497; x_wconf 89' lang='lat' dir='ltr'><strong>vel,</strong></span> <span class='ocrx_word' id='word_1_236' title='bbox 1375 3438 1434 3485; x_wconf 89' lang='lat' dir='ltr'><strong>ut</strong></span> <span class='ocrx_word' id='word_1_237' title='bbox 1474 3429 1564 3483; x_wconf 88' lang='lat' dir='ltr'><strong>alii</strong></span> <span class='ocrx_word' id='word_1_238' title='bbox 1614 3429 1845 3491; x_wconf 83' lang='lat' dir='ltr'><strong>volunt,</strong></span> <span class='ocrx_word' id='word_1_239' title='bbox 1881 3423 2051 3497; x_wconf 51' lang='lat' dir='ltr'><strong>Cyre-</strong></span> 
     </span>
    </p>
   </div>
   <div class='ocr_carea' id='block_1_37' title="bbox 467 3518 2007 3594">
    <p class='ocr_par' dir='ltr' id='par_1_37' title="bbox 467 3518 2007 3594">
     <span class='ocr_line' id='line_1_37' title="bbox 467 3518 2007 3594; baseline -0.006 -13"><span class='ocrx_word' id='word_1_240' title='bbox 467 3541 641 3591; x_wconf 61' lang='lat' dir='ltr'><strong>natus,</strong></span> <span class='ocrx_word' id='word_1_241' title='bbox 676 3526 921 3581; x_wconf 88' lang='lat' dir='ltr'><strong>eamdem</strong></span> <span class='ocrx_word' id='word_1_242' title='bbox 957 3539 1084 3579; x_wconf 88' lang='lat' dir='ltr'><strong>cum</strong></span> <span class='ocrx_word' id='word_1_243' title='bbox 1118 3522 1418 3594; x_wconf 78' lang='lat' dir='ltr'><strong>Protagora</strong></span> <span class='ocrx_word' id='word_1_244' title='bbox 1445 3521 1760 3593; x_wconf 85' lang='lat' dir='ltr'><strong>Opinionem</strong></span> <span class='ocrx_word' id='word_1_245' title='bbox 1810 3518 2007 3573; x_wconf 90' lang='lat' dir='ltr'><strong>tenuit.</strong></span> 
     </span>
    </p>
   </div>
   <div class='ocr_carea' id='block_1_38' title="bbox 543 3610 2055 3689">
    <p class='ocr_par' dir='ltr' id='par_1_38' title="bbox 543 3610 2055 3689">
     <span class='ocr_line' id='line_1_38' title="bbox 543 3610 2055 3689; baseline -0.004 -18"><span class='ocrx_word' id='word_1_246' title='bbox 543 3615 757 3689; x_wconf 81' lang='lat' dir='ltr'><strong>Pyrrho</strong></span> <span class='ocrx_word' id='word_1_247' title='bbox 789 3615 1085 3682; x_wconf 84' lang='lat' dir='ltr'><strong>Elidensis,</strong></span> <span class='ocrx_word' id='word_1_248' title='bbox 1124 3615 1373 3671; x_wconf 88' lang='lat' dir='ltr'><strong>collectis</strong></span> <span class='ocrx_word' id='word_1_249' title='bbox 1412 3615 1467 3669; x_wconf 91' lang='lat' dir='ltr'><strong>in</strong></span> <span class='ocrx_word' id='word_1_250' title='bbox 1518 3627 1687 3667; x_wconf 88' lang='lat' dir='ltr'><strong>unum</strong></span> <span class='ocrx_word' id='word_1_251' title='bbox 1723 3610 2055 3682; x_wconf 88' lang='lat' dir='ltr'><strong>sapientium</strong></span> 
     </span>
    </p>
   </div>
   <div class='ocr_carea' id='block_1_39' title="bbox 467 3706 2058 3780">
    <p class='ocr_par' dir='ltr' id='par_1_39' title="bbox 467 3706 2058 3780">
     <span class='ocr_line' id='line_1_39' title="bbox 467 3706 2058 3780; baseline -0.006 -13"><span class='ocrx_word' id='word_1_252' title='bbox 467 3712 714 3767; x_wconf 72' lang='lat' dir='ltr'><strong>mutuum</strong></span> <span class='ocrx_word' id='word_1_253' title='bbox 754 3709 1138 3780; x_wconf 79' lang='lat' dir='ltr'><strong>dogmatibus,</strong></span> <span class='ocrx_word' id='word_1_254' title='bbox 1189 3706 1600 3763; x_wconf 86' lang='lat' dir='ltr'><strong>conl&#39;utationes</strong></span> <span class='ocrx_word' id='word_1_255' title='bbox 1667 3720 1860 3761; x_wconf 83' lang='lat' dir='ltr'><strong>eorum</strong></span> <span class='ocrx_word' id='word_1_256' title='bbox 1919 3706 2058 3760; x_wconf 87' lang='lat' dir='ltr'><strong>scri—</strong></span> 
     </span>
    </p>
   </div>
   <div class='ocr_carea' id='block_1_40' title="bbox 469 3797 2056 3876">
    <p class='ocr_par' dir='ltr' id='par_1_40' title="bbox 469 3797 2056 3876">
     <span class='ocr_line' id='line_1_40' title="bbox 469 3797 2056 3876; baseline -0.007 -14"><span class='ocrx_word' id='word_1_257' title='bbox 469 3807 619 3876; x_wconf 78' lang='lat' dir='ltr'><strong>psit:</strong></span> <span class='ocrx_word' id='word_1_258' title='bbox 650 3811 704 3859; x_wconf 91' lang='lat' dir='ltr'><strong>et</strong></span> <span class='ocrx_word' id='word_1_259' title='bbox 739 3802 949 3859; x_wconf 86' lang='lat' dir='ltr'><strong>eversis</strong></span> <span class='ocrx_word' id='word_1_260' title='bbox 995 3801 1214 3856; x_wconf 88' lang='lat' dir='ltr'><strong>illorum</strong></span> <span class='ocrx_word' id='word_1_261' title='bbox 1263 3797 1654 3870; x_wconf 89' lang='lat' dir='ltr'><strong>opinionibus,</strong></span> <span class='ocrx_word' id='word_1_262' title='bbox 1692 3798 1900 3852; x_wconf 90' lang='lat' dir='ltr'><strong>nullam</strong></span> <span class='ocrx_word' id='word_1_263' title='bbox 1936 3812 2056 3852; x_wconf 80' lang='lat' dir='ltr'><strong>am-</strong></span> 
     </span>
    </p>
   </div>
   <div class='ocr_carea' id='block_1_41' title="bbox 471 3899 800 3968">
    <p class='ocr_par' dir='ltr' id='par_1_41' title="bbox 471 3899 800 3968">
     <span class='ocr_line' id='line_1_41' title="bbox 471 3899 800 3968; baseline -0.006 -18"><span class='ocrx_word' id='word_1_264' title='bbox 471 3899 666 3968; x_wconf 78' lang='lat' dir='ltr'><strong>plexus</strong></span> <span class='ocrx_word' id='word_1_265' title='bbox 694 3903 800 3949; x_wconf 90' lang='lat' dir='ltr'><strong>est.</strong></span> 
     </span>
    </p>
   </div>
   <div class='ocr_carea' id='block_1_42' title="bbox 544 3982 2061 4058">
    <p class='ocr_par' dir='ltr' id='par_1_42' title="bbox 544 3982 2061 4058">
     <span class='ocr_line' id='line_1_42' title="bbox 544 3982 2061 4058; baseline -0.003 -15"><span class='ocrx_word' id='word_1_266' title='bbox 544 3986 901 4058; x_wconf 85' lang='lat' dir='ltr'><strong>Empedocles</strong></span> <span class='ocrx_word' id='word_1_267' title='bbox 920 3983 1154 4041; x_wconf 74' lang='lat' dir='ltr'><strong>Metonis</strong></span> <span class='ocrx_word' id='word_1_268' title='bbox 1180 3983 1344 4051; x_wconf 85' lang='lat' dir='ltr'><strong>ﬁlius,</strong></span> <span class='ocrx_word' id='word_1_269' title='bbox 1370 3983 1782 4055; x_wconf 75' lang='lat' dir='ltr'><strong>Agrigentinus,</strong></span> <span class='ocrx_word' id='word_1_270' title='bbox 1808 3982 1988 4053; x_wconf 86' lang='lat' dir='ltr'><strong>ignem</strong></span> <span class='ocrx_word' id='word_1_271' title='bbox 2007 3990 2061 4038; x_wconf 90' lang='lat' dir='ltr'><strong>et</strong></span> 
     </span>
    </p>
   </div>
   <div class='ocr_carea' id='block_1_43' title="bbox 472 4075 2061 4148">
    <p class='ocr_par' dir='ltr' id='par_1_43' title="bbox 472 4075 2061 4148">
     <span class='ocr_line' id='line_1_43' title="bbox 472 4075 2061 4148; baseline -0.005 -11"><span class='ocrx_word' id='word_1_272' title='bbox 472 4090 675 4137; x_wconf 85' lang='lat' dir='ltr'><strong>terram</strong></span> <span class='ocrx_word' id='word_1_273' title='bbox 709 4084 764 4133; x_wconf 85' lang='lat' dir='ltr'><strong>et</strong></span> <span class='ocrx_word' id='word_1_274' title='bbox 793 4091 992 4148; x_wconf 87' lang='lat' dir='ltr'><strong>aquam</strong></span> <span class='ocrx_word' id='word_1_275' title='bbox 1030 4084 1085 4133; x_wconf 91' lang='lat' dir='ltr'><strong>et</strong></span> <span class='ocrx_word' id='word_1_276' title='bbox 1124 4090 1307 4132; x_wconf 86' lang='lat' dir='ltr'><strong>acrem</strong></span> <span class='ocrx_word' id='word_1_277' title='bbox 1337 4086 1576 4147; x_wconf 89' lang='lat' dir='ltr'><strong>quatuor</strong></span> <span class='ocrx_word' id='word_1_278' title='bbox 1603 4089 1728 4131; x_wconf 87' lang='lat' dir='ltr'><strong>esse</strong></span> <span class='ocrx_word' id='word_1_279' title='bbox 1761 4076 1937 4146; x_wconf 88' lang='lat' dir='ltr'><strong>prima</strong></span> <span class='ocrx_word' id='word_1_280' title='bbox 1976 4075 2061 4131; x_wconf 79' lang='lat' dir='ltr'><strong>di-</strong></span> 
     </span>
    </p>
   </div>
   <div class='ocr_carea' id='block_1_44' title="bbox 475 4168 2060 4241">
    <p class='ocr_par' dir='ltr' id='par_1_44' title="bbox 475 4168 2060 4241">
     <span class='ocr_line' id='line_1_44' title="bbox 475 4168 2060 4241; baseline -0.003 -12"><span class='ocrx_word' id='word_1_281' title='bbox 475 4174 553 4229; x_wconf 76' lang='lat' dir='ltr'><strong>xit</strong></span> <span class='ocrx_word' id='word_1_282' title='bbox 578 4172 871 4235; x_wconf 85' lang='lat' dir='ltr'><strong>elementa,</strong></span> <span class='ocrx_word' id='word_1_283' title='bbox 903 4177 1066 4241; x_wconf 88' lang='lat' dir='ltr'><strong>atque</strong></span> <span class='ocrx_word' id='word_1_284' title='bbox 1105 4169 1451 4224; x_wconf 88' lang='lat' dir='ltr'><strong>inimicitiam</strong></span> <span class='ocrx_word' id='word_1_285' title='bbox 1481 4168 1767 4224; x_wconf 88' lang='lat' dir='ltr'><strong>elementis</strong></span> <span class='ocrx_word' id='word_1_286' title='bbox 1803 4169 2060 4224; x_wconf 89' lang='lat' dir='ltr'><strong>omnibus</strong></span> 
     </span>
    </p>
   </div>
   <div class='ocr_carea' id='block_1_45' title="bbox 472 4260 2062 4339">
    <p class='ocr_par' dir='ltr' id='par_1_45' title="bbox 472 4260 2062 4339">
     <span class='ocr_line' id='line_1_45' title="bbox 472 4260 2062 4339; baseline -0.004 -18"><span class='ocrx_word' id='word_1_287' title='bbox 472 4267 736 4339; x_wconf 82' lang='lat' dir='ltr'><strong>priorem.</strong></span> <span class='ocrx_word' id='word_1_288' title='bbox 796 4261 1081 4333; x_wconf 70' lang='lat' dir='ltr'><strong>Siquidem</strong></span> <span class='ocrx_word' id='word_1_289' title='bbox 1137 4261 1296 4316; x_wconf 90' lang='lat' dir='ltr'><strong>initio</strong></span> <span class='ocrx_word' id='word_1_290' title='bbox 1362 4271 1617 4331; x_wconf 88' lang='lat' dir='ltr'><strong>separata</strong></span> <span class='ocrx_word' id='word_1_291' title='bbox 1672 4274 1738 4314; x_wconf 87' lang='lat' dir='ltr'><strong>ac</strong></span> <span class='ocrx_word' id='word_1_292' title='bbox 1794 4260 2062 4316; x_wconf 86' lang='lat' dir='ltr'><strong>distracta</strong></span> 
     </span>
    </p>
   </div>
   <div class='ocr_carea' id='block_1_46' title="bbox 471 4352 2062 4426">
    <p class='ocr_par' dir='ltr' id='par_1_46' title="bbox 471 4352 2062 4426">
     <span class='ocr_line' id='line_1_46' title="bbox 471 4352 2062 4426; baseline -0.004 -13"><span class='ocrx_word' id='word_1_293' title='bbox 471 4365 665 4424; x_wconf 82' lang='lat' dir='ltr'><strong>erant,</strong></span> <span class='ocrx_word' id='word_1_294' title='bbox 715 4356 928 4426; x_wconf 84' lang='lat' dir='ltr'><strong>inquit,</strong></span> <span class='ocrx_word' id='word_1_295' title='bbox 989 4353 1205 4421; x_wconf 88' lang='lat' dir='ltr'><strong>omnia;</strong></span> <span class='ocrx_word' id='word_1_296' title='bbox 1242 4367 1391 4408; x_wconf 90' lang='lat' dir='ltr'><strong>nunc</strong></span> <span class='ocrx_word' id='word_1_297' title='bbox 1448 4354 1504 4407; x_wconf 90' lang='lat' dir='ltr'><strong>in</strong></span> <span class='ocrx_word' id='word_1_298' title='bbox 1560 4368 1732 4408; x_wconf 91' lang='lat' dir='ltr'><strong>unum</strong></span> <span class='ocrx_word' id='word_1_299' title='bbox 1767 4352 2062 4424; x_wconf 82' lang='lat' dir='ltr'><strong>conjuncta</strong></span> 
     </span>
    </p>
   </div>
   <div class='ocr_carea' id='block_1_47' title="bbox 473 4441 2064 4511">
    <p class='ocr_par' dir='ltr' id='par_1_47' title="bbox 473 4441 2064 4511">
     <span class='ocr_line' id='line_1_47' title="bbox 473 4441 2064 4511; baseline -0.004 -8"><span class='ocrx_word' id='word_1_300' title='bbox 473 4455 641 4511; x_wconf 87' lang='lat' dir='ltr'><strong>sunt,</strong></span> <span class='ocrx_word' id='word_1_301' title='bbox 675 4444 965 4502; x_wconf 87' lang='lat' dir='ltr'><strong>conciliata</strong></span> <span class='ocrx_word' id='word_1_302' title='bbox 1011 4444 1283 4508; x_wconf 88' lang='lat' dir='ltr'><strong>invicem,</strong></span> <span class='ocrx_word' id='word_1_303' title='bbox 1339 4452 1394 4500; x_wconf 91' lang='lat' dir='ltr'><strong>et</strong></span> <span class='ocrx_word' id='word_1_304' title='bbox 1427 4442 1603 4498; x_wconf 88' lang='lat' dir='ltr'><strong>amica</strong></span> <span class='ocrx_word' id='word_1_305' title='bbox 1640 4442 1870 4498; x_wconf 88' lang='lat' dir='ltr'><strong>reddita.</strong></span> <span class='ocrx_word' id='word_1_306' title='bbox 1917 4441 2064 4508; x_wconf 77' lang='lat' dir='ltr'><strong>Quo-</strong></span> 
     </span>
    </p>
   </div>
   <div class='ocr_carea' id='block_1_48' title="bbox 2146 578 3573 651">
    <p class='ocr_par' dir='ltr' id='par_1_48' title="bbox 2146 578 3573 651">
     <span class='ocr_line' id='line_1_48' title="bbox 2146 578 3573 651; baseline 0 -17"><span class='ocrx_word' id='word_1_307' title='bbox 2146 583 2239 636; x_wconf 73' lang='grc' dir='ltr'>καὶ</span> <span class='ocrx_word' id='word_1_308' title='bbox 2270 581 2433 645; x_wconf 78' lang='grc' dir='ltr'>αὐτὸς</span> <span class='ocrx_word' id='word_1_309' title='bbox 2455 580 2517 634; x_wconf 78' lang='grc' dir='ltr'>τὸ</span> <span class='ocrx_word' id='word_1_310' title='bbox 2545 581 2776 651; x_wconf 76' lang='grc' dir='ltr'>ἄπειρον</span> <span class='ocrx_word' id='word_1_311' title='bbox 2804 579 2987 648; x_wconf 73' lang='grc' dir='ltr'>ἔλεγεν</span> <span class='ocrx_word' id='word_1_312' title='bbox 3020 579 3191 651; x_wconf 79' lang='grc' dir='ltr'>ἀρχὴν</span> <span class='ocrx_word' id='word_1_313' title='bbox 3212 579 3320 633; x_wconf 82' lang='grc' dir='ltr'><strong>τῶν</strong></span> <span class='ocrx_word' id='word_1_314' title='bbox 3357 578 3573 634; x_wconf 78' lang='grc' dir='ltr'>πάντων.</span> 
     </span>
    </p>
   </div>
   <div class='ocr_carea' id='block_1_49' title="bbox 2212 670 3683 745">
    <p class='ocr_par' dir='ltr' id='par_1_49' title="bbox 2212 670 3683 745">
     <span class='ocr_line' id='line_1_49' title="bbox 2212 670 3683 745; baseline -0.003 -17"><span class='ocrx_word' id='word_1_315' title='bbox 2212 676 2397 744; x_wconf 78' lang='grc' dir='ltr'>Ζήνων</span> <span class='ocrx_word' id='word_1_316' title='bbox 2423 676 2451 727; x_wconf 88' lang='grc' dir='ltr'>ὁ</span> <span class='ocrx_word' id='word_1_317' title='bbox 2493 673 2751 744; x_wconf 83' lang='grc' dir='ltr'><strong>Ἐλεάτης</strong></span> <span class='ocrx_word' id='word_1_318' title='bbox 2777 675 2806 726; x_wconf 90' lang='lat'><strong>6</strong></span> <span class='ocrx_word' id='word_1_319' title='bbox 2850 672 3170 745; x_wconf 72' lang='grc' dir='ltr'>Ἐριστικδς,</span> <span class='ocrx_word' id='word_1_320' title='bbox 3206 671 3293 725; x_wconf 74' lang='grc' dir='ltr'>ἶσα</span> <span class='ocrx_word' id='word_1_321' title='bbox 3319 670 3398 740; x_wconf 84' lang='grc' dir='ltr'>τῷ</span> <span class='ocrx_word' id='word_1_322' title='bbox 3426 672 3579 743; x_wconf 73' lang='grc' dir='ltr'>ἑτέρῳ</span> <span class='ocrx_word' id='word_1_323' title='bbox 3598 674 3683 743; x_wconf 80' lang='grc' dir='ltr'><strong>Ζή-</strong></span> 
     </span>
    </p>
   </div>
   <div class='ocr_carea' id='block_1_50' title="bbox 2141 762 3685 837">
    <p class='ocr_par' dir='ltr' id='par_1_50' title="bbox 2141 762 3685 837">
     <span class='ocr_line' id='line_1_50' title="bbox 2141 762 3685 837; baseline -0.002 -18"><span class='ocrx_word' id='word_1_324' title='bbox 2141 783 2292 832; x_wconf 89' lang='grc' dir='ltr'>νωνι,</span> <span class='ocrx_word' id='word_1_325' title='bbox 2326 766 2421 819; x_wconf 70' lang='grc' dir='ltr'>καὶ</span> <span class='ocrx_word' id='word_1_326' title='bbox 2451 765 2549 837; x_wconf 82' lang='grc' dir='ltr'>τὴν</span> <span class='ocrx_word' id='word_1_327' title='bbox 2571 764 2677 835; x_wconf 84' lang='grc' dir='ltr'>γῆν</span> <span class='ocrx_word' id='word_1_328' title='bbox 2710 764 2968 835; x_wconf 76' lang='grc' dir='ltr'>ἀκίνητον</span> <span class='ocrx_word' id='word_1_329' title='bbox 2997 763 3146 832; x_wconf 82' lang='grc' dir='ltr'>λέγει</span> <span class='ocrx_word' id='word_1_330' title='bbox 3170 806 3183 825; x_wconf 90' lang='grc'><strong>,</strong></span> <span class='ocrx_word' id='word_1_331' title='bbox 3211 764 3305 819; x_wconf 75' lang='grc' dir='ltr'>καὶ</span> <span class='ocrx_word' id='word_1_332' title='bbox 3338 762 3532 835; x_wconf 80' lang='grc' dir='ltr'>μηδένα</span> <span class='ocrx_word' id='word_1_333' title='bbox 3554 763 3685 817; x_wconf 71' lang='grc' dir='ltr'>τόπον</span> 
     </span>
    </p>
   </div>
   <div class='ocr_carea' id='block_1_51' title="bbox 2142 854 3686 926">
    <p class='ocr_par' dir='ltr' id='par_1_51' title="bbox 2142 854 3686 926">
     <span class='ocr_line' id='line_1_51' title="bbox 2142 854 3686 926; baseline -0.001 -16"><span class='ocrx_word' id='word_1_334' title='bbox 2142 858 2302 911; x_wconf 73' lang='grc' dir='ltr'>κενὸν</span> <span class='ocrx_word' id='word_1_335' title='bbox 2340 855 2500 911; x_wconf 84' lang='grc' dir='ltr'>εἶναι.</span> <span class='ocrx_word' id='word_1_336' title='bbox 2552 858 2661 911; x_wconf 73' lang='grc' dir='ltr'><strong>Καὶ</strong></span> <span class='ocrx_word' id='word_1_337' title='bbox 2708 857 2857 925; x_wconf 84' lang='grc' dir='ltr'>λέγει</span> <span class='ocrx_word' id='word_1_338' title='bbox 2904 854 3108 919; x_wconf 74' lang='grc' dir='ltr'>οὕτως’</span> <span class='ocrx_word' id='word_1_339' title='bbox 3154 855 3227 908; x_wconf 84' lang='grc' dir='ltr'>Τὸ</span> <span class='ocrx_word' id='word_1_340' title='bbox 3271 854 3575 926; x_wconf 74' lang='grc' dir='ltr'>κινούμενον</span> <span class='ocrx_word' id='word_1_341' title='bbox 3599 855 3686 924; x_wconf 68' lang='lat' dir='ltr'><strong>(l5)</strong></span> 
     </span>
    </p>
   </div>
   <div class='ocr_carea' id='block_1_52' title="bbox 2141 941 3685 1020">
    <p class='ocr_par' dir='ltr' id='par_1_52' title="bbox 2141 941 3685 1020">
     <span class='ocr_line' id='line_1_52' title="bbox 2141 941 3685 1020; baseline -0.001 -19"><span class='ocrx_word' id='word_1_342' title='bbox 2141 950 2259 1020; x_wconf 70' lang='grc' dir='ltr'>ἦτοι</span> <span class='ocrx_word' id='word_1_343' title='bbox 2298 950 2356 1002; x_wconf 84' lang='grc' dir='ltr'>ὲν</span> <span class='ocrx_word' id='word_1_344' title='bbox 2412 944 2457 1016; x_wconf 77' lang='grc' dir='ltr'>ᾧ</span> <span class='ocrx_word' id='word_1_345' title='bbox 2508 951 2623 1002; x_wconf 85' lang='grc' dir='ltr'>ὲστι</span> <span class='ocrx_word' id='word_1_346' title='bbox 2666 949 2816 1019; x_wconf 82' lang='grc' dir='ltr'>τόπῳ</span> <span class='ocrx_word' id='word_1_347' title='bbox 2862 951 3113 1011; x_wconf 81' lang='grc' dir='ltr'>κινεῖται,</span> <span class='ocrx_word' id='word_1_348' title='bbox 3167 948 3198 1019; x_wconf 82' lang='grc' dir='ltr'>ἦ</span> <span class='ocrx_word' id='word_1_349' title='bbox 3258 949 3317 1000; x_wconf 78' lang='grc' dir='ltr'>ὲν</span> <span class='ocrx_word' id='word_1_350' title='bbox 3356 941 3401 1014; x_wconf 83' lang='grc' dir='ltr'>ᾧ</span> <span class='ocrx_word' id='word_1_351' title='bbox 3451 946 3543 1000; x_wconf 71' lang='grc' dir='ltr'>οὐκ</span> <span class='ocrx_word' id='word_1_352' title='bbox 3579 945 3685 999; x_wconf 74' lang='grc' dir='ltr'>ἔστι·</span> 
     </span>
    </p>
   </div>
   <div class='ocr_carea' id='block_1_53' title="bbox 2145 1030 3691 1110">
    <p class='ocr_par' dir='ltr' id='par_1_53' title="bbox 2145 1030 3691 1110">
     <span class='ocr_line' id='line_1_53' title="bbox 2145 1030 3691 1110; baseline 0 -18"><span class='ocrx_word' id='word_1_353' title='bbox 2145 1041 2240 1093; x_wconf 73' lang='grc' dir='ltr'>καὶ</span> <span class='ocrx_word' id='word_1_354' title='bbox 2272 1039 2396 1093; x_wconf 67' lang='grc' dir='ltr'>οὔτε</span> <span class='ocrx_word' id='word_1_355' title='bbox 2432 1042 2492 1093; x_wconf 83' lang='grc' dir='ltr'>ὲν</span> <span class='ocrx_word' id='word_1_356' title='bbox 2529 1033 2574 1107; x_wconf 77' lang='grc' dir='ltr'>ᾧ</span> <span class='ocrx_word' id='word_1_357' title='bbox 2605 1042 2721 1093; x_wconf 75' lang='grc' dir='ltr'>ἐστι</span> <span class='ocrx_word' id='word_1_358' title='bbox 2772 1042 2922 1110; x_wconf 80' lang='grc' dir='ltr'>τόπῳ</span> <span class='ocrx_word' id='word_1_359' title='bbox 2955 1042 3224 1104; x_wconf 84' lang='grc' dir='ltr'>κινεῖται,</span> <span class='ocrx_word' id='word_1_360' title='bbox 3261 1037 3387 1091; x_wconf 71' lang='grc' dir='ltr'>οὔτε</span> <span class='ocrx_word' id='word_1_361' title='bbox 3436 1039 3491 1091; x_wconf 81' lang='grc' dir='ltr'>ἐν</span> <span class='ocrx_word' id='word_1_362' title='bbox 3532 1030 3573 1106; x_wconf 81' lang='grc' dir='ltr'><strong>ᾧ</strong></span> <span class='ocrx_word' id='word_1_363' title='bbox 3610 1037 3691 1092; x_wconf 70' lang='grc' dir='ltr'>οὐκ</span> 
     </span>
    </p>
   </div>
   <div class='ocr_carea' id='block_1_54' title="bbox 2144 1130 2976 1202">
    <p class='ocr_par' dir='ltr' id='par_1_54' title="bbox 2144 1130 2976 1202">
     <span class='ocr_line' id='line_1_54' title="bbox 2144 1130 2976 1202; baseline 0.001 -19"><span class='ocrx_word' id='word_1_364' title='bbox 2144 1130 2294 1183; x_wconf 76' lang='grc' dir='ltr'>ἔστιν</span> <span class='ocrx_word' id='word_1_365' title='bbox 2321 1149 2332 1162; x_wconf 80' lang='grc'><em>’</em></span> <span class='ocrx_word' id='word_1_366' title='bbox 2381 1132 2481 1184; x_wconf 71' lang='grc' dir='ltr'><strong>οὐκ</strong></span> <span class='ocrx_word' id='word_1_367' title='bbox 2512 1130 2620 1202; x_wconf 84' lang='grc' dir='ltr'>ἄρα</span> <span class='ocrx_word' id='word_1_368' title='bbox 2647 1149 2698 1184; x_wconf 85' lang='grc' dir='ltr'><strong>τι</strong></span> <span class='ocrx_word' id='word_1_369' title='bbox 2727 1133 2976 1185; x_wconf 81' lang='grc' dir='ltr'>κινεῖται.</span> 
     </span>
    </p>
   </div>
   <div class='ocr_carea' id='block_1_55' title="bbox 2215 1324 3694 1398">
    <p class='ocr_par' dir='ltr' id='par_1_55' title="bbox 2215 1324 3694 1398">
     <span class='ocr_line' id='line_1_55' title="bbox 2215 1324 3694 1398; baseline -0.004 -15"><span class='ocrx_word' id='word_1_370' title='bbox 2215 1332 2487 1393; x_wconf 74' lang='grc' dir='ltr'><strong>Μέλισσος</strong></span> <span class='ocrx_word' id='word_1_371' title='bbox 2540 1331 2569 1383; x_wconf 92' lang='lat'><strong>6</strong></span> <span class='ocrx_word' id='word_1_372' title='bbox 2601 1328 2692 1382; x_wconf 78' lang='grc' dir='ltr'>τοῦ</span> <span class='ocrx_word' id='word_1_373' title='bbox 2740 1327 3042 1397; x_wconf 80' lang='grc' dir='ltr'>ἸΟαγενοῦς</span> <span class='ocrx_word' id='word_1_374' title='bbox 3071 1370 3084 1389; x_wconf 87' lang='grc'><strong>,</strong></span> <span class='ocrx_word' id='word_1_375' title='bbox 3120 1327 3322 1398; x_wconf 74' lang='grc' dir='ltr'>Σάμιος</span> <span class='ocrx_word' id='word_1_376' title='bbox 3353 1325 3415 1378; x_wconf 81' lang='grc' dir='ltr'>τὸ</span> <span class='ocrx_word' id='word_1_377' title='bbox 3451 1324 3623 1393; x_wconf 80' lang='grc' dir='ltr'>γένος,</span> <span class='ocrx_word' id='word_1_378' title='bbox 3649 1324 3694 1378; x_wconf 85' lang='grc' dir='ltr'>ἒν</span> 
     </span>
    </p>
   </div>
   <div class='ocr_carea' id='block_1_56' title="bbox 2143 1413 3689 1491">
    <p class='ocr_par' dir='ltr' id='par_1_56' title="bbox 2143 1413 3689 1491">
     <span class='ocr_line' id='line_1_56' title="bbox 2143 1413 3689 1491; baseline -0.006 -17"><span class='ocrx_word' id='word_1_379' title='bbox 2143 1420 2206 1474; x_wconf 74' lang='grc' dir='ltr'>τὸ</span> <span class='ocrx_word' id='word_1_380' title='bbox 2229 1421 2337 1474; x_wconf 76' lang='grc' dir='ltr'><strong>πᾶν</strong></span> <span class='ocrx_word' id='word_1_381' title='bbox 2359 1420 2461 1491; x_wconf 63' lang='grc' dir='ltr'>ἔφη</span> <span class='ocrx_word' id='word_1_382' title='bbox 2489 1415 2659 1485; x_wconf 83' lang='grc' dir='ltr'>εἶναι,</span> <span class='ocrx_word' id='word_1_383' title='bbox 2699 1419 2868 1491; x_wconf 77' lang='grc' dir='ltr'>μηδὲν</span> <span class='ocrx_word' id='word_1_384' title='bbox 2902 1419 2957 1471; x_wconf 78' lang='grc' dir='ltr'>δὲ</span> <span class='ocrx_word' id='word_1_385' title='bbox 2988 1416 3206 1488; x_wconf 79' lang='grc' dir='ltr'>βέϐαιον</span> <span class='ocrx_word' id='word_1_386' title='bbox 3242 1415 3506 1487; x_wconf 81' lang='grc' dir='ltr'><strong>ὑπάρχειν</strong></span> <span class='ocrx_word' id='word_1_387' title='bbox 3530 1415 3589 1483; x_wconf 82' lang='grc' dir='ltr'>τῇ</span> <span class='ocrx_word' id='word_1_388' title='bbox 3612 1413 3689 1481; x_wconf 74' lang='grc' dir='ltr'><strong>φύ-</strong></span> 
     </span>
    </p>
   </div>
   <div class='ocr_carea' id='block_1_57' title="bbox 2148 1506 3428 1580">
    <p class='ocr_par' dir='ltr' id='par_1_57' title="bbox 2148 1506 3428 1580">
     <span class='ocr_line' id='line_1_57' title="bbox 2148 1506 3428 1580; baseline -0.005 -15"><span class='ocrx_word' id='word_1_389' title='bbox 2148 1529 2230 1566; x_wconf 86' lang='grc' dir='ltr'><strong>σει</strong></span> <span class='ocrx_word' id='word_1_390' title='bbox 2249 1551 2263 1576; x_wconf 82' lang='grc'><strong>,</strong></span> <span class='ocrx_word' id='word_1_391' title='bbox 2298 1512 2433 1565; x_wconf 74' lang='grc' dir='ltr'>ἀλλὰ</span> <span class='ocrx_word' id='word_1_392' title='bbox 2460 1511 2637 1565; x_wconf 77' lang='grc' dir='ltr'>πάντα</span> <span class='ocrx_word' id='word_1_393' title='bbox 2663 1506 2803 1564; x_wconf 72' lang='grc' dir='ltr'>εἶναι</span> <span class='ocrx_word' id='word_1_394' title='bbox 2840 1508 3056 1580; x_wconf 79' lang='grc' dir='ltr'>φθαρτὰ</span> <span class='ocrx_word' id='word_1_395' title='bbox 3099 1508 3157 1559; x_wconf 81' lang='grc' dir='ltr'>ὲν</span> <span class='ocrx_word' id='word_1_396' title='bbox 3177 1506 3428 1576; x_wconf 80' lang='grc' dir='ltr'><strong>δυνάμει.</strong></span> 
     </span>
    </p>
   </div>
   <div class='ocr_carea' id='block_1_58' title="bbox 2215 1594 3695 1674">
    <p class='ocr_par' dir='ltr' id='par_1_58' title="bbox 2215 1594 3695 1674">
     <span class='ocr_line' id='line_1_58' title="bbox 2215 1594 3695 1674; baseline -0.007 -17"><span class='ocrx_word' id='word_1_397' title='bbox 2215 1605 2531 1667; x_wconf 79' lang='grc' dir='ltr'>Λεύκιππος</span> <span class='ocrx_word' id='word_1_398' title='bbox 2561 1606 2589 1657; x_wconf 93' lang='lat'><strong>6</strong></span> <span class='ocrx_word' id='word_1_399' title='bbox 2615 1602 2880 1674; x_wconf 85' lang='grc' dir='ltr'>Μιλήσιος</span> <span class='ocrx_word' id='word_1_400' title='bbox 2902 1601 3014 1670; x_wconf 69' lang='grc'><strong>(46)</strong></span> <span class='ocrx_word' id='word_1_401' title='bbox 3040 1640 3053 1662; x_wconf 86' lang='grc'><strong>,</strong></span> <span class='ocrx_word' id='word_1_402' title='bbox 3084 1597 3227 1651; x_wconf 82' lang='grc' dir='ltr'>κατὰ</span> <span class='ocrx_word' id='word_1_403' title='bbox 3259 1597 3319 1651; x_wconf 86' lang='grc' dir='ltr'><strong>δέ</strong></span> <span class='ocrx_word' id='word_1_404' title='bbox 3349 1612 3502 1660; x_wconf 84' lang='grc' dir='ltr'>τινας</span> <span class='ocrx_word' id='word_1_405' title='bbox 3546 1594 3695 1647; x_wconf 77' lang='grc' dir='ltr'>Ἐλεά-</span> 
     </span>
    </p>
   </div>
   <div class='ocr_carea' id='block_1_59' title="bbox 2145 1677 3697 1765">
    <p class='ocr_par' dir='ltr' id='par_1_59' title="bbox 2145 1677 3697 1765">
     <span class='ocr_line' id='line_1_59' title="bbox 2145 1677 3697 1765; baseline -0.007 -18"><span class='ocrx_word' id='word_1_406' title='bbox 2145 1712 2281 1765; x_wconf 79' lang='grc' dir='ltr'>της,</span> <span class='ocrx_word' id='word_1_407' title='bbox 2336 1694 2429 1747; x_wconf 79' lang='grc' dir='ltr'>καὶ</span> <span class='ocrx_word' id='word_1_408' title='bbox 2472 1686 2627 1756; x_wconf 72' lang='grc' dir='ltr'>οὗτος</span> <span class='ocrx_word' id='word_1_409' title='bbox 2656 1690 2959 1765; x_wconf 79' lang='grc' dir='ltr'>έριστικδς,</span> <span class='ocrx_word' id='word_1_410' title='bbox 3009 1690 3069 1743; x_wconf 82' lang='grc' dir='ltr'>ὲν</span> <span class='ocrx_word' id='word_1_411' title='bbox 3109 1687 3327 1758; x_wconf 78' lang='grc' dir='ltr'>ἀπείρῳ</span> <span class='ocrx_word' id='word_1_412' title='bbox 3366 1687 3460 1740; x_wconf 76' lang='grc' dir='ltr'>καὶ</span> <span class='ocrx_word' id='word_1_413' title='bbox 3493 1677 3630 1747; x_wconf 70' lang='grc' dir='ltr'>οὗτος</span> <span class='ocrx_word' id='word_1_414' title='bbox 3648 1683 3697 1736; x_wconf 72' lang='grc' dir='ltr'>τὸ</span> 
     </span>
    </p>
   </div>
   <div class='ocr_carea' id='block_1_60' title="bbox 2150 1773 3698 1852">
    <p class='ocr_par' dir='ltr' id='par_1_60' title="bbox 2150 1773 3698 1852">
     <span class='ocr_line' id='line_1_60' title="bbox 2150 1773 3698 1852; baseline -0.006 -17"><span class='ocrx_word' id='word_1_415' title='bbox 2150 1784 2257 1835; x_wconf 83' lang='grc' dir='ltr'><strong>πᾶν</strong></span> <span class='ocrx_word' id='word_1_416' title='bbox 2288 1780 2393 1852; x_wconf 78' lang='grc' dir='ltr'>ἔφη</span> <span class='ocrx_word' id='word_1_417' title='bbox 2434 1777 2574 1835; x_wconf 82' lang='grc' dir='ltr'>εἶναι</span> <span class='ocrx_word' id='word_1_418' title='bbox 2598 1823 2613 1848; x_wconf 90' lang='grc'><strong>,</strong></span> <span class='ocrx_word' id='word_1_419' title='bbox 2651 1778 2796 1834; x_wconf 72' lang='grc' dir='ltr'>κατὰ</span> <span class='ocrx_word' id='word_1_420' title='bbox 2832 1777 3133 1849; x_wconf 79' lang='grc' dir='ltr'>φαντασίαν</span> <span class='ocrx_word' id='word_1_421' title='bbox 3172 1777 3230 1831; x_wconf 81' lang='grc' dir='ltr'>δὲ</span> <span class='ocrx_word' id='word_1_422' title='bbox 3279 1777 3377 1830; x_wconf 76' lang='grc' dir='ltr'>καὶ</span> <span class='ocrx_word' id='word_1_423' title='bbox 3416 1775 3619 1845; x_wconf 76' lang='grc' dir='ltr'><strong>δόκησιν</strong></span> <span class='ocrx_word' id='word_1_424' title='bbox 3644 1773 3698 1826; x_wconf 68' lang='grc' dir='ltr'>τὰ</span> 
     </span>
    </p>
   </div>
   <div class='ocr_carea' id='block_1_61' title="bbox 2148 1862 3697 1942">
    <p class='ocr_par' dir='ltr' id='par_1_61' title="bbox 2148 1862 3697 1942">
     <span class='ocr_line' id='line_1_61' title="bbox 2148 1862 3697 1942; baseline -0.003 -16"><span class='ocrx_word' id='word_1_425' title='bbox 2148 1874 2327 1929; x_wconf 82' lang='grc' dir='ltr'>πάντα</span> <span class='ocrx_word' id='word_1_426' title='bbox 2376 1871 2662 1942; x_wconf 79' lang='grc' dir='ltr'>γίνεσθαι,</span> <span class='ocrx_word' id='word_1_427' title='bbox 2712 1871 2807 1925; x_wconf 73' lang='grc' dir='ltr'>καὶ</span> <span class='ocrx_word' id='word_1_428' title='bbox 2848 1870 3013 1942; x_wconf 83' lang='grc' dir='ltr'>μηδὲν</span> <span class='ocrx_word' id='word_1_429' title='bbox 3065 1868 3210 1923; x_wconf 77' lang='grc' dir='ltr'>κατὰ</span> <span class='ocrx_word' id='word_1_430' title='bbox 3256 1867 3550 1940; x_wconf 80' lang='grc' dir='ltr'>ἀλήθειαν,</span> <span class='ocrx_word' id='word_1_431' title='bbox 3604 1862 3697 1921; x_wconf 77' lang='grc' dir='ltr'>ἀλλ’</span> 
     </span>
    </p>
   </div>
   <div class='ocr_carea' id='block_1_62' title="bbox 2146 1958 3502 2035">
    <p class='ocr_par' dir='ltr' id='par_1_62' title="bbox 2146 1958 3502 2035">
     <span class='ocr_line' id='line_1_62' title="bbox 2146 1958 3502 2035; baseline -0.004 -16"><span class='ocrx_word' id='word_1_432' title='bbox 2146 1964 2290 2019; x_wconf 75' lang='grc' dir='ltr'>οὕτω</span> <span class='ocrx_word' id='word_1_433' title='bbox 2321 1963 2608 2035; x_wconf 75' lang='grc' dir='ltr'>φαίνεσθαι</span> <span class='ocrx_word' id='word_1_434' title='bbox 2633 1967 2774 2018; x_wconf 76' lang='grc' dir='ltr'>κατὰ</span> <span class='ocrx_word' id='word_1_435' title='bbox 2796 1962 2893 2034; x_wconf 86' lang='grc' dir='ltr'>τὴν</span> <span class='ocrx_word' id='word_1_436' title='bbox 2921 1965 2977 2015; x_wconf 86' lang='grc' dir='ltr'>ὲν</span> <span class='ocrx_word' id='word_1_437' title='bbox 3001 1961 3078 2033; x_wconf 82' lang='grc' dir='ltr'><strong>τῷ</strong></span> <span class='ocrx_word' id='word_1_438' title='bbox 3101 1960 3256 2015; x_wconf 76' lang='grc' dir='ltr'>ὕδατι</span> <span class='ocrx_word' id='word_1_439' title='bbox 3287 1958 3502 2031; x_wconf 82' lang='grc' dir='ltr'>κώπην.</span> 
     </span>
    </p>
   </div>
   <div class='ocr_carea' id='block_1_63' title="bbox 2217 2046 3703 2128">
    <p class='ocr_par' dir='ltr' id='par_1_63' title="bbox 2217 2046 3703 2128">
     <span class='ocr_line' id='line_1_63' title="bbox 2217 2046 3703 2128; baseline -0.007 -18"><span class='ocrx_word' id='word_1_440' title='bbox 2217 2056 2558 2128; x_wconf 85' lang='grc' dir='ltr'>Δημόκριτος</span> <span class='ocrx_word' id='word_1_441' title='bbox 2596 2055 2625 2107; x_wconf 78' lang='lat'><strong>6</strong></span> <span class='ocrx_word' id='word_1_442' title='bbox 2656 2054 2752 2108; x_wconf 80' lang='grc' dir='ltr'>τοῦ</span> <span class='ocrx_word' id='word_1_443' title='bbox 2802 2053 3202 2124; x_wconf 75' lang='grc' dir='ltr'><strong>Δαμασίππου,</strong></span> <span class='ocrx_word' id='word_1_444' title='bbox 3255 2050 3602 2121; x_wconf 79' lang='grc' dir='ltr'>Ἀϐδηρίτης,</span> <span class='ocrx_word' id='word_1_445' title='bbox 3627 2046 3703 2100; x_wconf 78' lang='grc' dir='ltr'>τὸν</span> 
     </span>
    </p>
   </div>
   <div class='ocr_carea' id='block_1_64' title="bbox 2147 2141 3698 2222">
    <p class='ocr_par' dir='ltr' id='par_1_64' title="bbox 2147 2141 3698 2222">
     <span class='ocr_line' id='line_1_64' title="bbox 2147 2141 3698 2222; baseline -0.005 -20"><span class='ocrx_word' id='word_1_446' title='bbox 2147 2149 2352 2220; x_wconf 83' lang='grc' dir='ltr'>κόσμον</span> <span class='ocrx_word' id='word_1_447' title='bbox 2393 2149 2619 2222; x_wconf 77' lang='grc' dir='ltr'>ἄπειρον</span> <span class='ocrx_word' id='word_1_448' title='bbox 2647 2147 2783 2219; x_wconf 74' lang='grc' dir='ltr'>ἔφη,</span> <span class='ocrx_word' id='word_1_449' title='bbox 2818 2146 2913 2201; x_wconf 72' lang='grc' dir='ltr'>καὶ</span> <span class='ocrx_word' id='word_1_450' title='bbox 2942 2145 3081 2216; x_wconf 76' lang='grc' dir='ltr'>ὑπὲρ</span> <span class='ocrx_word' id='word_1_451' title='bbox 3119 2143 3281 2197; x_wconf 79' lang='grc' dir='ltr'>κενοῦ</span> <span class='ocrx_word' id='word_1_452' title='bbox 3311 2142 3542 2196; x_wconf 77' lang='grc' dir='ltr'>κεῖσθαι.</span> <span class='ocrx_word' id='word_1_453' title='bbox 3580 2141 3698 2208; x_wconf 74' lang='grc' dir='ltr'>Ἔφη</span> 
     </span>
    </p>
   </div>
   <div class='ocr_carea' id='block_1_65' title="bbox 2146 2230 3701 2304">
    <p class='ocr_par' dir='ltr' id='par_1_65' title="bbox 2146 2230 3701 2304">
     <span class='ocr_line' id='line_1_65' title="bbox 2146 2230 3701 2304; baseline -0.01 -9"><span class='ocrx_word' id='word_1_454' title='bbox 2146 2241 2204 2295; x_wconf 81' lang='grc' dir='ltr'>δὲ</span> <span class='ocrx_word' id='word_1_455' title='bbox 2238 2243 2333 2295; x_wconf 76' lang='grc' dir='ltr'>καὶ</span> <span class='ocrx_word' id='word_1_456' title='bbox 2362 2240 2420 2296; x_wconf 84' lang='grc' dir='ltr'>ἒν</span> <span class='ocrx_word' id='word_1_457' title='bbox 2453 2240 2605 2304; x_wconf 84' lang='grc' dir='ltr'>τέλος</span> <span class='ocrx_word' id='word_1_458' title='bbox 2632 2236 2773 2294; x_wconf 75' lang='grc' dir='ltr'>εἶναι</span> <span class='ocrx_word' id='word_1_459' title='bbox 2819 2238 2928 2292; x_wconf 83' lang='grc' dir='ltr'><strong>τῶν</strong></span> <span class='ocrx_word' id='word_1_460' title='bbox 2959 2237 3179 2290; x_wconf 71' lang='grc' dir='ltr'>πάντων</span> <span class='ocrx_word' id='word_1_461' title='bbox 3207 2278 3221 2301; x_wconf 94' lang='grc'><strong>,</strong></span> <span class='ocrx_word' id='word_1_462' title='bbox 3253 2235 3353 2289; x_wconf 71' lang='grc' dir='ltr'>καὶ</span> <span class='ocrx_word' id='word_1_463' title='bbox 3382 2231 3627 2303; x_wconf 82' lang='grc' dir='ltr'>εὐθυμίαν</span> <span class='ocrx_word' id='word_1_464' title='bbox 3652 2230 3701 2282; x_wconf 74' lang='grc' dir='ltr'>τὸ</span> 
     </span>
    </p>
   </div>
   <div class='ocr_carea' id='block_1_66' title="bbox 2149 2320 3702 2405">
    <p class='ocr_par' dir='ltr' id='par_1_66' title="bbox 2149 2320 3702 2405">
     <span class='ocr_line' id='line_1_66' title="bbox 2149 2320 3702 2405; baseline -0.007 -20"><span class='ocrx_word' id='word_1_465' title='bbox 2149 2334 2441 2405; x_wconf 81' lang='grc' dir='ltr'>κράτιστον</span> <span class='ocrx_word' id='word_1_466' title='bbox 2475 2328 2639 2397; x_wconf 78' lang='grc' dir='ltr'>εἶναι,</span> <span class='ocrx_word' id='word_1_467' title='bbox 2677 2332 2777 2397; x_wconf 80' lang='grc' dir='ltr'><strong>τὰς</strong></span> <span class='ocrx_word' id='word_1_468' title='bbox 2804 2332 2860 2385; x_wconf 82' lang='grc' dir='ltr'>δὲ</span> <span class='ocrx_word' id='word_1_469' title='bbox 2888 2329 3064 2393; x_wconf 82' lang='grc' dir='ltr'><strong>λύπας</strong></span> <span class='ocrx_word' id='word_1_470' title='bbox 3095 2328 3257 2401; x_wconf 85' lang='grc' dir='ltr'>ὅρους</span> <span class='ocrx_word' id='word_1_471' title='bbox 3285 2327 3486 2389; x_wconf 77' lang='grc' dir='ltr'>κακίας</span> <span class='ocrx_word' id='word_1_472' title='bbox 3509 2342 3522 2355; x_wconf 78' lang='grc' dir='ltr'><strong>ο</strong></span> <span class='ocrx_word' id='word_1_473' title='bbox 3555 2322 3635 2376; x_wconf 76' lang='grc' dir='ltr'><strong>καὶ</strong></span> <span class='ocrx_word' id='word_1_474' title='bbox 3654 2320 3702 2374; x_wconf 75' lang='grc' dir='ltr'>τὸ</span> 
     </span>
    </p>
   </div>
   <div class='ocr_carea' id='block_1_67' title="bbox 2146 2416 3702 2487">
    <p class='ocr_par' dir='ltr' id='par_1_67' title="bbox 2146 2416 3702 2487">
     <span class='ocr_line' id='line_1_67' title="bbox 2146 2416 3702 2487; baseline -0.01 -8"><span class='ocrx_word' id='word_1_475' title='bbox 2146 2425 2338 2481; x_wconf 77' lang='grc' dir='ltr'>δοκοῦν</span> <span class='ocrx_word' id='word_1_476' title='bbox 2365 2426 2570 2487; x_wconf 70' lang='grc' dir='ltr'>δίκαιον</span> <span class='ocrx_word' id='word_1_477' title='bbox 2615 2425 2716 2479; x_wconf 81' lang='grc' dir='ltr'><strong>οὐκ</strong></span> <span class='ocrx_word' id='word_1_478' title='bbox 2758 2420 2899 2476; x_wconf 79' lang='grc' dir='ltr'>εἶναι</span> <span class='ocrx_word' id='word_1_479' title='bbox 2927 2422 3133 2476; x_wconf 77' lang='grc' dir='ltr'>δίκαιον</span> <span class='ocrx_word' id='word_1_480' title='bbox 3152 2437 3166 2451; x_wconf 81' lang='grc'><em>’</em></span> <span class='ocrx_word' id='word_1_481' title='bbox 3195 2418 3388 2473; x_wconf 75' lang='grc' dir='ltr'>ἄδικον</span> <span class='ocrx_word' id='word_1_482' title='bbox 3415 2417 3473 2471; x_wconf 82' lang='grc' dir='ltr'>δὲ</span> <span class='ocrx_word' id='word_1_483' title='bbox 3500 2416 3555 2469; x_wconf 81' lang='grc' dir='ltr'>τὸ</span> <span class='ocrx_word' id='word_1_484' title='bbox 3572 2416 3702 2467; x_wconf 61' lang='lat' dir='ltr'><strong>suav-</strong></span> 
     </span>
    </p>
   </div>
   <div class='ocr_carea' id='block_1_68' title="bbox 2147 2508 3701 2590">
    <p class='ocr_par' dir='ltr' id='par_1_68' title="bbox 2147 2508 3701 2590">
     <span class='ocr_line' id='line_1_68' title="bbox 2147 2508 3701 2590; baseline -0.009 -16"><span class='ocrx_word' id='word_1_485' title='bbox 2147 2520 2262 2575; x_wconf 86' lang='grc' dir='ltr'>τίον</span> <span class='ocrx_word' id='word_1_486' title='bbox 2295 2520 2395 2590; x_wconf 78' lang='grc' dir='ltr'>τῆς</span> <span class='ocrx_word' id='word_1_487' title='bbox 2447 2518 2693 2589; x_wconf 77' lang='grc' dir='ltr'>φύσεως·</span> <span class='ocrx_word' id='word_1_488' title='bbox 2727 2516 2973 2570; x_wconf 76' lang='grc' dir='ltr'>ἐπίνοιαν</span> <span class='ocrx_word' id='word_1_489' title='bbox 3005 2512 3115 2584; x_wconf 85' lang='grc' dir='ltr'>γὰρ</span> <span class='ocrx_word' id='word_1_490' title='bbox 3163 2512 3347 2583; x_wconf 85' lang='grc' dir='ltr'>κακὴν</span> <span class='ocrx_word' id='word_1_491' title='bbox 3392 2512 3515 2573; x_wconf 72' lang='grc' dir='ltr'>τοὺς</span> <span class='ocrx_word' id='word_1_492' title='bbox 3537 2508 3701 2577; x_wconf 76' lang='grc' dir='ltr'>νόμους</span> 
     </span>
    </p>
   </div>
   <div class='ocr_carea' id='block_1_69' title="bbox 2149 2592 3703 2683">
    <p class='ocr_par' dir='ltr' id='par_1_69' title="bbox 2149 2592 3703 2683">
     <span class='ocr_line' id='line_1_69' title="bbox 2149 2592 3703 2683; baseline -0.01 -16"><span class='ocrx_word' id='word_1_493' title='bbox 2149 2614 2327 2683; x_wconf 74' lang='grc' dir='ltr'>ἔλεγε,</span> <span class='ocrx_word' id='word_1_494' title='bbox 2348 2613 2442 2666; x_wconf 77' lang='grc' dir='ltr'>καὶ</span> <span class='ocrx_word' id='word_1_495' title='bbox 2469 2611 2531 2665; x_wconf 85' lang='grc' dir='ltr'>οὐ</span> <span class='ocrx_word' id='word_1_496' title='bbox 2567 2609 2674 2682; x_wconf 84' lang='grc' dir='ltr'>χρὴ</span> <span class='ocrx_word' id='word_1_497' title='bbox 2706 2609 2892 2683; x_wconf 81' lang='grc' dir='ltr'>νόμοις</span> <span class='ocrx_word' id='word_1_498' title='bbox 2922 2592 3243 2680; x_wconf 70' lang='grc' dir='ltr'>πειθαρχεῖν</span> <span class='ocrx_word' id='word_1_499' title='bbox 3276 2605 3372 2661; x_wconf 79' lang='grc' dir='ltr'>τὸν</span> <span class='ocrx_word' id='word_1_500' title='bbox 3397 2604 3569 2675; x_wconf 69' lang='grc' dir='ltr'>σοφὸν,</span> <span class='ocrx_word' id='word_1_501' title='bbox 3592 2600 3703 2655; x_wconf 76' lang='grc' dir='ltr'>ἀλλὰ</span> 
     </span>
    </p>
   </div>
   <div class='ocr_carea' id='block_1_70' title="bbox 2149 2701 2634 2775">
    <p class='ocr_par' dir='ltr' id='par_1_70' title="bbox 2149 2701 2634 2775">
     <span class='ocr_line' id='line_1_70' title="bbox 2149 2701 2634 2775; baseline -0.002 -18"><span class='ocrx_word' id='word_1_502' title='bbox 2149 2701 2473 2775; x_wconf 71' lang='grc' dir='ltr'>ἐλευθερίως</span> <span class='ocrx_word' id='word_1_503' title='bbox 2514 2701 2634 2772; x_wconf 80' lang='grc' dir='ltr'>ζῇν.</span> 
     </span>
    </p>
   </div>
   <div class='ocr_carea' id='block_1_71' title="bbox 2220 2873 3702 2955">
    <p class='ocr_par' dir='ltr' id='par_1_71' title="bbox 2220 2873 3702 2955">
     <span class='ocr_line' id='line_1_71' title="bbox 2220 2873 3702 2955; baseline -0.005 -19"><span class='ocrx_word' id='word_1_504' title='bbox 2220 2882 2587 2955; x_wconf 75' lang='grc' dir='ltr'>Μητρόδωρος</span> <span class='ocrx_word' id='word_1_505' title='bbox 2619 2883 2649 2936; x_wconf 91' lang='lat'><strong>6</strong></span> <span class='ocrx_word' id='word_1_506' title='bbox 2674 2882 2805 2944; x_wconf 84' lang='grc' dir='ltr'>Χῖος</span> <span class='ocrx_word' id='word_1_507' title='bbox 2830 2881 2934 2951; x_wconf 76' lang='grc' dir='ltr'>ἔφη</span> <span class='ocrx_word' id='word_1_508' title='bbox 2967 2878 3171 2952; x_wconf 76' lang='grc' dir='ltr'>μηδένα</span> <span class='ocrx_word' id='word_1_509' title='bbox 3199 2879 3371 2951; x_wconf 78' lang='grc' dir='ltr'>μηδὲν</span> <span class='ocrx_word' id='word_1_510' title='bbox 3396 2873 3702 2938; x_wconf 70' lang='grc' dir='ltr'>ἐπιστασΘαι,</span> 
     </span>
    </p>
   </div>
   <div class='ocr_carea' id='block_1_72' title="bbox 2151 2967 3703 3042">
    <p class='ocr_par' dir='ltr' id='par_1_72' title="bbox 2151 2967 3703 3042">
     <span class='ocr_line' id='line_1_72' title="bbox 2151 2967 3703 3042; baseline -0.008 -14"><span class='ocrx_word' id='word_1_511' title='bbox 2151 2972 2288 3028; x_wconf 83' lang='grc' dir='ltr'>ἀλλὰ</span> <span class='ocrx_word' id='word_1_512' title='bbox 2315 2971 2486 3027; x_wconf 77' lang='grc' dir='ltr'>ταῦτα</span> <span class='ocrx_word' id='word_1_513' title='bbox 2517 2972 2553 3027; x_wconf 83' lang='grc' dir='ltr'>ἃ</span> <span class='ocrx_word' id='word_1_514' title='bbox 2585 2971 2853 3042; x_wconf 80' lang='grc' dir='ltr'>δοκοῦμεν</span> <span class='ocrx_word' id='word_1_515' title='bbox 2884 2969 3198 3041; x_wconf 80' lang='grc' dir='ltr'>γινώσκειν,</span> <span class='ocrx_word' id='word_1_516' title='bbox 3230 2968 3481 3041; x_wconf 70' lang='grc' dir='ltr'>ἀκριϐῶς</span> <span class='ocrx_word' id='word_1_517' title='bbox 3498 2968 3589 3020; x_wconf 81' lang='grc' dir='ltr'>οὐκ</span> <span class='ocrx_word' id='word_1_518' title='bbox 3612 2967 3703 3016; x_wconf 74' lang='grc' dir='ltr'>ἐπι-</span> 
     </span>
    </p>
   </div>
   <div class='ocr_carea' id='block_1_73' title="bbox 2153 3058 3704 3138">
    <p class='ocr_par' dir='ltr' id='par_1_73' title="bbox 2153 3058 3704 3138">
     <span class='ocr_line' id='line_1_73' title="bbox 2153 3058 3704 3138; baseline -0.007 -19"><span class='ocrx_word' id='word_1_519' title='bbox 2153 3064 2420 3138; x_wconf 81' lang='grc' dir='ltr'>στάμεθα,</span> <span class='ocrx_word' id='word_1_520' title='bbox 2455 3065 2577 3119; x_wconf 77' lang='grc' dir='ltr'>οὐδὲ</span> <span class='ocrx_word' id='word_1_521' title='bbox 2600 3067 2721 3129; x_wconf 86' lang='grc' dir='ltr'>ταῖς</span> <span class='ocrx_word' id='word_1_522' title='bbox 2750 3064 3034 3136; x_wconf 80' lang='grc' dir='ltr'>αἰσθήσεσι</span> <span class='ocrx_word' id='word_1_523' title='bbox 3058 3062 3142 3118; x_wconf 83' lang='grc' dir='ltr'><strong>δεῖ</strong></span> <span class='ocrx_word' id='word_1_524' title='bbox 3168 3061 3464 3136; x_wconf 83' lang='grc' dir='ltr'>προσέχειν</span> <span class='ocrx_word' id='word_1_525' title='bbox 3485 3077 3499 3093; x_wconf 78' lang='grc'><em>’</em></span> <span class='ocrx_word' id='word_1_526' title='bbox 3522 3058 3704 3129; x_wconf 79' lang='grc' dir='ltr'>δοκήσει</span> 
     </span>
    </p>
   </div>
   <div class='ocr_carea' id='block_1_74' title="bbox 2076 3158 2748 3244">
    <p class='ocr_par' dir='ltr' id='par_1_74' title="bbox 2076 3158 2748 3244">
     <span class='ocr_line' id='line_1_74' title="bbox 2076 3158 2748 3244; baseline -0.001 -32"><span class='ocrx_word' id='word_1_527' title='bbox 2076 3185 2120 3244; x_wconf 74' lang='lat' dir='ltr'><strong><em>C</em></strong></span> <span class='ocrx_word' id='word_1_528' title='bbox 2153 3158 2263 3231; x_wconf 81' lang='grc' dir='ltr'>γάρ</span> <span class='ocrx_word' id='word_1_529' title='bbox 2301 3159 2417 3212; x_wconf 78' lang='grc' dir='ltr'>ἐστι</span> <span class='ocrx_word' id='word_1_530' title='bbox 2453 3158 2522 3212; x_wconf 81' lang='grc' dir='ltr'><strong>τὰ</strong></span> <span class='ocrx_word' id='word_1_531' title='bbox 2552 3159 2748 3213; x_wconf 85' lang='grc' dir='ltr'>πάντα.</span> 
     </span>
    </p>
   </div>
   <div class='ocr_carea' id='block_1_75' title="bbox 2231 3241 3709 3323">
    <p class='ocr_par' dir='ltr' id='par_1_75' title="bbox 2231 3241 3709 3323">
     <span class='ocr_line' id='line_1_75' title="bbox 2231 3241 3709 3323; baseline -0.007 -19"><span class='ocrx_word' id='word_1_532' title='bbox 2231 3250 2604 3323; x_wconf 81' lang='grc' dir='ltr'><strong>Πρωταγόρας</strong></span> <span class='ocrx_word' id='word_1_533' title='bbox 2645 3251 2675 3302; x_wconf 91' lang='lat'><strong>6</strong></span> <span class='ocrx_word' id='word_1_534' title='bbox 2723 3249 2818 3305; x_wconf 76' lang='grc' dir='ltr'>τοῦ</span> <span class='ocrx_word' id='word_1_535' title='bbox 2850 3248 3196 3321; x_wconf 80' lang='grc' dir='ltr'>Μενάνδρου,</span> <span class='ocrx_word' id='word_1_536' title='bbox 3250 3245 3601 3319; x_wconf 77' lang='grc' dir='ltr'>Ἀϐδηρίτης,</span> <span class='ocrx_word' id='word_1_537' title='bbox 3624 3241 3709 3311; x_wconf 69' lang='grc' dir='ltr'>ἔφη</span> 
     </span>
    </p>
   </div>
   <div class='ocr_carea' id='block_1_76' title="bbox 2159 3336 3562 3415">
    <p class='ocr_par' dir='ltr' id='par_1_76' title="bbox 2159 3336 3562 3415">
     <span class='ocr_line' id='line_1_76' title="bbox 2159 3336 3562 3415; baseline -0.002 -20"><span class='ocrx_word' id='word_1_538' title='bbox 2159 3343 2234 3415; x_wconf 83' lang='grc' dir='ltr'>μὴ</span> <span class='ocrx_word' id='word_1_539' title='bbox 2263 3341 2418 3404; x_wconf 80' lang='grc' dir='ltr'>θεοὺς</span> <span class='ocrx_word' id='word_1_540' title='bbox 2444 3336 2585 3395; x_wconf 85' lang='grc' dir='ltr'>εἶναι</span> <span class='ocrx_word' id='word_1_541' title='bbox 2614 3341 2725 3412; x_wconf 66' lang='grc'><strong>(47)</strong></span> <span class='ocrx_word' id='word_1_542' title='bbox 2751 3382 2766 3408; x_wconf 91' lang='grc'><strong>,</strong></span> <span class='ocrx_word' id='word_1_543' title='bbox 2801 3342 2935 3413; x_wconf 78' lang='grc' dir='ltr'>μηδὲ</span> <span class='ocrx_word' id='word_1_544' title='bbox 2963 3341 3099 3406; x_wconf 79' lang='grc' dir='ltr'>ὅλως</span> <span class='ocrx_word' id='word_1_545' title='bbox 3118 3340 3251 3395; x_wconf 73' lang='grc' dir='ltr'>Θεὸν</span> <span class='ocrx_word' id='word_1_546' title='bbox 3275 3339 3562 3412; x_wconf 81' lang='grc' dir='ltr'>ὑπάρχειν.</span> 
     </span>
    </p>
   </div>
   <div class='ocr_carea' id='block_1_77' title="bbox 2227 3428 3708 3506">
    <p class='ocr_par' dir='ltr' id='par_1_77' title="bbox 2227 3428 3708 3506">
     <span class='ocr_line' id='line_1_77' title="bbox 2227 3428 3708 3506; baseline -0.005 -19"><span class='ocrx_word' id='word_1_547' title='bbox 2227 3434 2486 3506; x_wconf 80' lang='grc' dir='ltr'>Διογένης</span> <span class='ocrx_word' id='word_1_548' title='bbox 2528 3435 2557 3487; x_wconf 88' lang='lat'><strong>6</strong></span> <span class='ocrx_word' id='word_1_549' title='bbox 2594 3434 2920 3505; x_wconf 80' lang='grc' dir='ltr'>Σμυρναῖος,</span> <span class='ocrx_word' id='word_1_550' title='bbox 2960 3433 3103 3486; x_wconf 74' lang='grc' dir='ltr'>κατὰ</span> <span class='ocrx_word' id='word_1_551' title='bbox 3129 3432 3187 3487; x_wconf 89' lang='grc' dir='ltr'><strong>δέ</strong></span> <span class='ocrx_word' id='word_1_552' title='bbox 3225 3450 3384 3497; x_wconf 87' lang='grc' dir='ltr'>τινας</span> <span class='ocrx_word' id='word_1_553' title='bbox 3415 3428 3708 3502; x_wconf 81' lang='grc' dir='ltr'>Κυρηναῖος,</span> 
     </span>
    </p>
   </div>
   <div class='ocr_carea' id='block_1_78' title="bbox 2157 3526 3151 3599">
    <p class='ocr_par' dir='ltr' id='par_1_78' title="bbox 2157 3526 3151 3599">
     <span class='ocr_line' id='line_1_78' title="bbox 2157 3526 3151 3599; baseline -0.001 -19"><span class='ocrx_word' id='word_1_554' title='bbox 2157 3527 2225 3581; x_wconf 74' lang='grc' dir='ltr'><strong>τὰ</strong></span> <span class='ocrx_word' id='word_1_555' title='bbox 2254 3527 2396 3581; x_wconf 77' lang='grc' dir='ltr'>αὐτὰ</span> <span class='ocrx_word' id='word_1_556' title='bbox 2423 3526 2501 3597; x_wconf 83' lang='grc' dir='ltr'><strong>τῷ</strong></span> <span class='ocrx_word' id='word_1_557' title='bbox 2528 3527 2872 3599; x_wconf 78' lang='grc' dir='ltr'><strong>Πρωταγόρᾳ</strong></span> <span class='ocrx_word' id='word_1_558' title='bbox 2908 3526 3151 3593; x_wconf 78' lang='grc' dir='ltr'>ὲδόξασε.</span> 
     </span>
    </p>
   </div>
   <div class='ocr_carea' id='block_1_79' title="bbox 2230 3613 3709 3690">
    <p class='ocr_par' dir='ltr' id='par_1_79' title="bbox 2230 3613 3709 3690">
     <span class='ocr_line' id='line_1_79' title="bbox 2230 3613 3709 3690; baseline -0.007 -17"><span class='ocrx_word' id='word_1_559' title='bbox 2230 3618 2463 3690; x_wconf 75' lang='grc' dir='ltr'>Πύρρων</span> <span class='ocrx_word' id='word_1_560' title='bbox 2484 3619 2592 3672; x_wconf 83' lang='grc' dir='ltr'><strong>ἀπὸ</strong></span> <span class='ocrx_word' id='word_1_561' title='bbox 2619 3619 2856 3683; x_wconf 86' lang='grc' dir='ltr'>Ἤλιδος,</span> <span class='ocrx_word' id='word_1_562' title='bbox 2881 3618 2989 3672; x_wconf 82' lang='grc' dir='ltr'>τῶν</span> <span class='ocrx_word' id='word_1_563' title='bbox 3012 3617 3188 3673; x_wconf 82' lang='grc' dir='ltr'>ἄλλων</span> <span class='ocrx_word' id='word_1_564' title='bbox 3211 3616 3398 3687; x_wconf 76' lang='grc' dir='ltr'>σοφῶν</span> <span class='ocrx_word' id='word_1_565' title='bbox 3422 3613 3490 3670; x_wconf 72' lang='grc' dir='ltr'><strong>τὰ</strong></span> <span class='ocrx_word' id='word_1_566' title='bbox 3502 3614 3709 3683; x_wconf 74' lang='grc' dir='ltr'>δόγματα</span> 
     </span>
    </p>
   </div>
   <div class='ocr_carea' id='block_1_80' title="bbox 2161 3703 3708 3778">
    <p class='ocr_par' dir='ltr' id='par_1_80' title="bbox 2161 3703 3708 3778">
     <span class='ocr_line' id='line_1_80' title="bbox 2161 3703 3708 3778; baseline -0.004 -16"><span class='ocrx_word' id='word_1_567' title='bbox 2161 3707 2485 3777; x_wconf 78' lang='grc' dir='ltr'>συναγαγὼν</span> <span class='ocrx_word' id='word_1_568' title='bbox 2531 3708 2730 3773; x_wconf 81' lang='grc' dir='ltr'>πάντα,</span> <span class='ocrx_word' id='word_1_569' title='bbox 2771 3707 3072 3771; x_wconf 82' lang='grc' dir='ltr'>ἀντιθέσεις</span> <span class='ocrx_word' id='word_1_570' title='bbox 3105 3708 3289 3771; x_wconf 76' lang='grc' dir='ltr'>αὐτοῖς</span> <span class='ocrx_word' id='word_1_571' title='bbox 3322 3706 3575 3778; x_wconf 70' lang='grc' dir='ltr'>ἔγραψεν,</span> <span class='ocrx_word' id='word_1_572' title='bbox 3608 3703 3708 3756; x_wconf 72' lang='grc' dir='ltr'>ἁνα-</span> 
     </span>
    </p>
   </div>
   <div class='ocr_carea' id='block_1_81' title="bbox 2158 3791 3710 3871">
    <p class='ocr_par' dir='ltr' id='par_1_81' title="bbox 2158 3791 3710 3871">
     <span class='ocr_line' id='line_1_81' title="bbox 2158 3791 3710 3871; baseline -0.012 -5"><span class='ocrx_word' id='word_1_573' title='bbox 2158 3801 2378 3871; x_wconf 81' lang='grc' dir='ltr'>τρέπων</span> <span class='ocrx_word' id='word_1_574' title='bbox 2420 3801 2521 3863; x_wconf 78' lang='grc' dir='ltr'><strong>τὰς</strong></span> <span class='ocrx_word' id='word_1_575' title='bbox 2554 3800 2714 3867; x_wconf 78' lang='grc' dir='ltr'>δόξας</span> <span class='ocrx_word' id='word_1_576' title='bbox 2757 3799 2957 3866; x_wconf 79' lang='grc' dir='ltr'>αὐτῶν,</span> <span class='ocrx_word' id='word_1_577' title='bbox 2982 3800 3078 3854; x_wconf 76' lang='grc' dir='ltr'>καὶ</span> <span class='ocrx_word' id='word_1_578' title='bbox 3113 3799 3291 3853; x_wconf 79' lang='grc' dir='ltr'>οὐδενὶ</span> <span class='ocrx_word' id='word_1_579' title='bbox 3332 3798 3560 3870; x_wconf 80' lang='grc' dir='ltr'>δόγματι</span> <span class='ocrx_word' id='word_1_580' title='bbox 3608 3791 3710 3864; x_wconf 74' lang='grc' dir='ltr'><strong>ὴρέο</strong></span> 
     </span>
    </p>
   </div>
   <div class='ocr_carea' id='block_1_82' title="bbox 2164 3910 2345 3948">
    <p class='ocr_par' dir='ltr' id='par_1_82' title="bbox 2164 3910 2345 3948">
     <span class='ocr_line' id='line_1_82' title="bbox 2164 3910 2345 3948; baseline 0.011 -2"><span class='ocrx_word' id='word_1_581' title='bbox 2164 3910 2345 3948; x_wconf 83' lang='grc' dir='ltr'>σκετο.</span> 
     </span>
    </p>
   </div>
   <div class='ocr_carea' id='block_1_83' title="bbox 2245 3974 3710 4057">
    <p class='ocr_par' dir='ltr' id='par_1_83' title="bbox 2245 3974 3710 4057">
     <span class='ocr_line' id='line_1_83' title="bbox 2245 3974 3710 4057; baseline -0.002 -18"><span class='ocrx_word' id='word_1_582' title='bbox 2245 3984 2617 4057; x_wconf 78' lang='grc' dir='ltr'>Ἐμπεδοκλῆς</span> <span class='ocrx_word' id='word_1_583' title='bbox 2648 3985 2678 4039; x_wconf 85' lang='lat'><strong>6</strong></span> <span class='ocrx_word' id='word_1_584' title='bbox 2706 3984 2799 4039; x_wconf 81' lang='grc' dir='ltr'>τοῦ</span> <span class='ocrx_word' id='word_1_585' title='bbox 2832 3984 3109 4052; x_wconf 84' lang='grc' dir='ltr'>Μέτωνος,</span> <span class='ocrx_word' id='word_1_586' title='bbox 3157 3984 3594 4056; x_wconf 80' lang='grc' dir='ltr'>Ἀκραγαντῖνος,</span> <span class='ocrx_word' id='word_1_587' title='bbox 3624 3974 3710 4045; x_wconf 76' lang='grc' dir='ltr'><strong>πῦρ</strong></span> 
     </span>
    </p>
   </div>
   <div class='ocr_carea' id='block_1_84' title="bbox 2160 4071 3711 4148">
    <p class='ocr_par' dir='ltr' id='par_1_84' title="bbox 2160 4071 3711 4148">
     <span class='ocr_line' id='line_1_84' title="bbox 2160 4071 3711 4148; baseline -0.008 -15"><span class='ocrx_word' id='word_1_588' title='bbox 2160 4078 2256 4133; x_wconf 76' lang='grc' dir='ltr'>καὶ</span> <span class='ocrx_word' id='word_1_589' title='bbox 2289 4076 2394 4148; x_wconf 83' lang='grc' dir='ltr'>γῆν</span> <span class='ocrx_word' id='word_1_590' title='bbox 2424 4078 2519 4131; x_wconf 57' lang='grc' dir='ltr'><strong>καὶ¹</strong></span> <span class='ocrx_word' id='word_1_591' title='bbox 2543 4076 2687 4148; x_wconf 82' lang='grc' dir='ltr'>ὕδωρ</span> <span class='ocrx_word' id='word_1_592' title='bbox 2712 4078 2808 4131; x_wconf 68' lang='grc' dir='ltr'>καὶ</span> <span class='ocrx_word' id='word_1_593' title='bbox 2831 4077 2970 4148; x_wconf 77' lang='grc' dir='ltr'>ἀέρα</span> <span class='ocrx_word' id='word_1_594' title='bbox 3009 4077 3247 4148; x_wconf 86' lang='grc' dir='ltr'>τέτταρα</span> <span class='ocrx_word' id='word_1_595' title='bbox 3275 4076 3592 4147; x_wconf 83' lang='grc' dir='ltr'>πρωτόγονα</span> <span class='ocrx_word' id='word_1_596' title='bbox 3621 4071 3711 4123; x_wconf 82' lang='grc' dir='ltr'>εἰσ·</span> 
     </span>
    </p>
   </div>
   <div class='ocr_carea' id='block_1_85' title="bbox 2161 4163 3713 4242">
    <p class='ocr_par' dir='ltr' id='par_1_85' title="bbox 2161 4163 3713 4242">
     <span class='ocr_line' id='line_1_85' title="bbox 2161 4163 3713 4242; baseline -0.003 -20"><span class='ocrx_word' id='word_1_597' title='bbox 2161 4170 2327 4242; x_wconf 84' lang='grc' dir='ltr'>έφερε</span> <span class='ocrx_word' id='word_1_598' title='bbox 2353 4171 2615 4240; x_wconf 85' lang='grc' dir='ltr'>στοιχεῖα,</span> <span class='ocrx_word' id='word_1_599' title='bbox 2647 4170 2740 4224; x_wconf 74' lang='grc' dir='ltr'>καὶ</span> <span class='ocrx_word' id='word_1_600' title='bbox 2787 4170 2974 4238; x_wconf 75' lang='grc' dir='ltr'>ἔλεγεν</span> <span class='ocrx_word' id='word_1_601' title='bbox 3006 4168 3209 4240; x_wconf 73' lang='grc' dir='ltr'>ἔχθραν</span> <span class='ocrx_word' id='word_1_602' title='bbox 3233 4169 3502 4241; x_wconf 80' lang='grc' dir='ltr'>ὑπάρχειν</span> <span class='ocrx_word' id='word_1_603' title='bbox 3532 4163 3713 4237; x_wconf 80' lang='grc' dir='ltr'>πρῶτον</span> 
     </span>
    </p>
   </div>
   <div class='ocr_carea' id='block_1_86' title="bbox 2161 4258 3711 4333">
    <p class='ocr_par' dir='ltr' id='par_1_86' title="bbox 2161 4258 3711 4333">
     <span class='ocr_line' id='line_1_86' title="bbox 2161 4258 3711 4333; baseline 0.001 -19"><span class='ocrx_word' id='word_1_604' title='bbox 2161 4260 2272 4316; x_wconf 84' lang='grc' dir='ltr'><strong>τῶν</strong></span> <span class='ocrx_word' id='word_1_605' title='bbox 2301 4262 2580 4333; x_wconf 82' lang='grc' dir='ltr'>στοιχείων</span> <span class='ocrx_word' id='word_1_606' title='bbox 2604 4277 2617 4291; x_wconf 92' lang='grc'><strong>·</strong></span> <span class='ocrx_word' id='word_1_607' title='bbox 2659 4261 2963 4333; x_wconf 83' lang='grc' dir='ltr'>κεχώριστο</span> <span class='ocrx_word' id='word_1_608' title='bbox 3009 4260 3139 4333; x_wconf 86' lang='grc' dir='ltr'>γὰρ,</span> <span class='ocrx_word' id='word_1_609' title='bbox 3168 4261 3325 4333; x_wconf 75' lang='grc' dir='ltr'>φησὶ,</span> <span class='ocrx_word' id='word_1_610' title='bbox 3362 4260 3426 4314; x_wconf 82' lang='grc' dir='ltr'>τὸ</span> <span class='ocrx_word' id='word_1_611' title='bbox 3464 4258 3711 4331; x_wconf 73' lang='grc' dir='ltr'>πρότερον,</span> 
     </span>
    </p>
   </div>
   <div class='ocr_carea' id='block_1_87' title="bbox 2163 4348 3710 4425">
    <p class='ocr_par' dir='ltr' id='par_1_87' title="bbox 2163 4348 3710 4425">
     <span class='ocr_line' id='line_1_87' title="bbox 2163 4348 3710 4425; baseline -0.001 -16"><span class='ocrx_word' id='word_1_612' title='bbox 2163 4355 2258 4410; x_wconf 77' lang='grc' dir='ltr'>νῦν</span> <span class='ocrx_word' id='word_1_613' title='bbox 2293 4355 2349 4409; x_wconf 81' lang='grc' dir='ltr'>δὲ</span> <span class='ocrx_word' id='word_1_614' title='bbox 2404 4356 2730 4425; x_wconf 82' lang='grc' dir='ltr'>συνήνωται,</span> <span class='ocrx_word' id='word_1_615' title='bbox 2777 4354 2855 4419; x_wconf 82' lang='grc' dir='ltr'>ὡς</span> <span class='ocrx_word' id='word_1_616' title='bbox 2894 4354 3068 4423; x_wconf 84' lang='grc' dir='ltr'>λέγει,</span> <span class='ocrx_word' id='word_1_617' title='bbox 3125 4352 3434 4423; x_wconf 85' lang='grc' dir='ltr'>φιλωοέντα</span> <span class='ocrx_word' id='word_1_618' title='bbox 3479 4348 3710 4419; x_wconf 74' lang='grc' dir='ltr'>ἀλλήλοις·</span> 
     </span>
    </p>
   </div>
   <div class='ocr_carea' id='block_1_88' title="bbox 2164 4437 3713 4517">
    <p class='ocr_par' dir='ltr' id='par_1_88' title="bbox 2164 4437 3713 4517">
     <span class='ocr_line' id='line_1_88' title="bbox 2164 4437 3713 4517; baseline -0.002 -16"><span class='ocrx_word' id='word_1_619' title='bbox 2164 4447 2271 4501; x_wconf 87' lang='grc' dir='ltr'><strong>Δύο</strong></span> <span class='ocrx_word' id='word_1_620' title='bbox 2302 4442 2395 4501; x_wconf 76' lang='grc' dir='ltr'><strong>οὖν</strong></span> <span class='ocrx_word' id='word_1_621' title='bbox 2424 4448 2534 4501; x_wconf 83' lang='grc' dir='ltr'>εἰσι</span> <span class='ocrx_word' id='word_1_622' title='bbox 2567 4449 2690 4501; x_wconf 77' lang='grc' dir='ltr'>κατ’</span> <span class='ocrx_word' id='word_1_623' title='bbox 2725 4447 2887 4501; x_wconf 83' lang='grc' dir='ltr'>αὐτὸν</span> <span class='ocrx_word' id='word_1_624' title='bbox 2917 4446 3083 4517; x_wconf 70' lang='grc' dir='ltr'>ἁρχαὶ</span> <span class='ocrx_word' id='word_1_625' title='bbox 3120 4446 3215 4499; x_wconf 81' lang='grc' dir='ltr'>καὶ</span> <span class='ocrx_word' id='word_1_626' title='bbox 3241 4444 3529 4515; x_wconf 82' lang='grc' dir='ltr'>δυνάμεις,</span> <span class='ocrx_word' id='word_1_627' title='bbox 3574 4437 3713 4511; x_wconf 70' lang='grc' dir='ltr'>ἔχθρα</span> 
     </span>
    </p>
   </div>
   <div class='ocr_carea' id='block_1_89' title="bbox 471 4532 2049 4611">
    <p class='ocr_par' dir='ltr' id='par_1_89' title="bbox 471 4537 2049 4609">
     <span class='ocr_line' id='line_1_89' title="bbox 471 4537 2049 4609; baseline -0.004 -12"><span class='ocrx_word' id='word_1_628' title='bbox 471 4542 622 4597; x_wconf 83' lang='lat' dir='ltr'><strong>circa</strong></span> <span class='ocrx_word' id='word_1_629' title='bbox 660 4541 771 4596; x_wconf 87' lang='lat' dir='ltr'><strong>duo</strong></span> <span class='ocrx_word' id='word_1_630' title='bbox 824 4546 953 4595; x_wconf 84' lang='lat' dir='ltr'><strong>sunt</strong></span> <span class='ocrx_word' id='word_1_631' title='bbox 989 4538 1141 4595; x_wconf 89' lang='lat' dir='ltr'><strong>illius</strong></span> <span class='ocrx_word' id='word_1_632' title='bbox 1190 4538 1454 4609; x_wconf 88' lang='lat' dir='ltr'><strong>opinione</strong></span> <span class='ocrx_word' id='word_1_633' title='bbox 1509 4537 1816 4609; x_wconf 87' lang='lat' dir='ltr'><strong>principia,</strong></span> <span class='ocrx_word' id='word_1_634' title='bbox 1871 4537 2049 4607; x_wconf 72' lang='lat' dir='ltr'><strong>visqut</strong></span> 
     </span>
    </p>
   </div>
   <div class='ocr_carea' id='block_1_90' title="bbox 2160 4532 3714 4611">
    <p class='ocr_par' dir='ltr' id='par_1_90' title="bbox 2167 4533 3714 4611">
     <span class='ocr_line' id='line_1_90' title="bbox 2167 4533 3714 4611; baseline -0.006 -17"><span class='ocrx_word' id='word_1_635' title='bbox 2167 4540 2263 4594; x_wconf 73' lang='lat' dir='ltr'><strong>ml.</strong></span> <span class='ocrx_word' id='word_1_636' title='bbox 2304 4540 2489 4610; x_wconf 79' lang='grc' dir='ltr'>φιλία’</span> <span class='ocrx_word' id='word_1_637' title='bbox 2540 4533 2617 4593; x_wconf 80' lang='grc' dir='ltr'>ὧν</span> <span class='ocrx_word' id='word_1_638' title='bbox 2659 4541 2694 4611; x_wconf 81' lang='grc' dir='ltr'><strong>ἡ</strong></span> <span class='ocrx_word' id='word_1_639' title='bbox 2741 4539 2840 4610; x_wconf 82' lang='grc' dir='ltr'>μὲν</span> <span class='ocrx_word' id='word_1_640' title='bbox 2887 4537 3036 4592; x_wconf 77' lang='grc' dir='ltr'>ἔστιν</span> <span class='ocrx_word' id='word_1_641' title='bbox 3077 4537 3335 4608; x_wconf 75' lang='grc' dir='ltr'>ἑνωτικὴ,</span> <span class='ocrx_word' id='word_1_642' title='bbox 3383 4538 3418 4608; x_wconf 82' lang='grc' dir='ltr'>ἠ</span> <span class='ocrx_word' id='word_1_643' title='bbox 3466 4535 3521 4588; x_wconf 81' lang='grc' dir='ltr'>δὲ</span> <span class='ocrx_word' id='word_1_644' title='bbox 3554 4533 3714 4601; x_wconf 82' lang='grc' dir='ltr'>διαχω-</span> 
     </span>
    </p>
   </div>
   <div class='ocr_carea' id='block_1_91' title="bbox 473 4628 2064 4702">
    <p class='ocr_par' dir='ltr' id='par_1_91' title="bbox 473 4628 2064 4702">
     <span class='ocr_line' id='line_1_91' title="bbox 473 4628 2064 4702; baseline -0.006 -13"><span class='ocrx_word' id='word_1_645' title='bbox 473 4635 698 4702; x_wconf 82' lang='lat' dir='ltr'><strong>duplex,</strong></span> <span class='ocrx_word' id='word_1_646' title='bbox 739 4629 1032 4686; x_wconf 89' lang='lat' dir='ltr'><strong>inimicitia</strong></span> <span class='ocrx_word' id='word_1_647' title='bbox 1070 4637 1124 4686; x_wconf 92' lang='lat' dir='ltr'><strong>et</strong></span> <span class='ocrx_word' id='word_1_648' title='bbox 1163 4629 1441 4694; x_wconf 89' lang='lat' dir='ltr'><strong>amicitia;</strong></span> <span class='ocrx_word' id='word_1_649' title='bbox 1480 4643 1717 4699; x_wconf 89' lang='lat' dir='ltr'><strong>quorum</strong></span> <span class='ocrx_word' id='word_1_650' title='bbox 1759 4628 1867 4682; x_wconf 90' lang='lat' dir='ltr'><strong>ista</strong></span> <span class='ocrx_word' id='word_1_651' title='bbox 1894 4641 2064 4697; x_wconf 88' lang='lat' dir='ltr'><strong>copu-</strong></span> 
     </span>
    </p>
   </div>
   <div class='ocr_carea' id='block_1_92' title="bbox 472 4720 1683 4796">
    <p class='ocr_par' dir='ltr' id='par_1_92' title="bbox 472 4720 1683 4796">
     <span class='ocr_line' id='line_1_92' title="bbox 472 4720 1683 4796; baseline -0.006 -14"><span class='ocrx_word' id='word_1_652' title='bbox 472 4725 649 4789; x_wconf 84' lang='lat' dir='ltr'><strong>landi,</strong></span> <span class='ocrx_word' id='word_1_653' title='bbox 677 4725 768 4780; x_wconf 92' lang='lat' dir='ltr'><strong>illa</strong></span> <span class='ocrx_word' id='word_1_654' title='bbox 798 4722 1088 4796; x_wconf 84' lang='lat' dir='ltr'><strong>separandi</strong></span> <span class='ocrx_word' id='word_1_655' title='bbox 1118 4728 1391 4793; x_wconf 88' lang='lat' dir='ltr'><strong>potestate</strong></span> <span class='ocrx_word' id='word_1_656' title='bbox 1431 4720 1683 4792; x_wconf 62' lang='lat' dir='ltr'><strong>praedita.</strong></span> 
     </span>
    </p>
   </div>
   <div class='ocr_carea' id='block_1_93' title="bbox 548 4810 2066 4883">
    <p class='ocr_par' dir='ltr' id='par_1_93' title="bbox 548 4810 2066 4883">
     <span class='ocr_line' id='line_1_93' title="bbox 548 4810 2066 4883; baseline -0.004 -13"><span class='ocrx_word' id='word_1_657' title='bbox 548 4815 864 4873; x_wconf 82' lang='lat' dir='ltr'><strong>Heraclitus</strong></span> <span class='ocrx_word' id='word_1_658' title='bbox 888 4813 1136 4870; x_wconf 82' lang='lat' dir='ltr'><strong>Blesonis</strong></span> <span class='ocrx_word' id='word_1_659' title='bbox 1161 4812 1326 4877; x_wconf 89' lang='lat' dir='ltr'><strong>ﬁlius,</strong></span> <span class='ocrx_word' id='word_1_660' title='bbox 1352 4812 1644 4882; x_wconf 84' lang='lat' dir='ltr'><strong>Ephesius,</strong></span> <span class='ocrx_word' id='word_1_661' title='bbox 1663 4812 1774 4883; x_wconf 79' lang='lat' dir='ltr'><strong>igni</strong></span> <span class='ocrx_word' id='word_1_662' title='bbox 1797 4810 2066 4881; x_wconf 81' lang='lat' dir='ltr'><strong>originem</strong></span> 
     </span>
    </p>
   </div>
   <div class='ocr_carea' id='block_1_94' title="bbox 480 4904 2068 4975">
    <p class='ocr_par' dir='ltr' id='par_1_94' title="bbox 480 4904 2068 4975">
     <span class='ocr_line' id='line_1_94' title="bbox 480 4904 2068 4975; baseline -0.004 -12"><span class='ocrx_word' id='word_1_663' title='bbox 480 4923 663 4965; x_wconf 88' lang='lat' dir='ltr'><strong>rerum</strong></span> <span class='ocrx_word' id='word_1_664' title='bbox 706 4911 953 4967; x_wconf 84' lang='lat' dir='ltr'><strong>omnium</strong></span> <span class='ocrx_word' id='word_1_665' title='bbox 1002 4906 1339 4971; x_wconf 88' lang='lat' dir='ltr'><strong>ascribebat,</strong></span> <span class='ocrx_word' id='word_1_666' title='bbox 1373 4905 1429 4960; x_wconf 86' lang='lat' dir='ltr'><strong>in</strong></span> <span class='ocrx_word' id='word_1_667' title='bbox 1469 4905 1834 4975; x_wconf 86' lang='lat' dir='ltr'><strong>eumdemque</strong></span> <span class='ocrx_word' id='word_1_668' title='bbox 1868 4904 2068 4960; x_wconf 76' lang='lat' dir='ltr'><strong>resolvi</strong></span> 
     </span>
    </p>
   </div>
   <div class='ocr_carea' id='block_1_95' title="bbox 482 4996 942 5068">
    <p class='ocr_par' dir='ltr' id='par_1_95' title="bbox 482 4996 942 5068">
     <span class='ocr_line' id='line_1_95' title="bbox 482 4996 942 5068; baseline 0.004 -18"><span class='ocrx_word' id='word_1_669' title='bbox 482 4996 708 5068; x_wconf 63' lang='lat' dir='ltr'><strong>putabat</strong></span> <span class='ocrx_word' id='word_1_670' title='bbox 736 4998 942 5053; x_wconf 89' lang='lat' dir='ltr'><strong>omnia.</strong></span> 
     </span>
    </p>
   </div>
   <div class='ocr_carea' id='block_1_96' title="bbox 553 5172 2075 5244">
    <p class='ocr_par' dir='ltr' id='par_1_96' title="bbox 553 5172 2075 5244">
     <span class='ocr_line' id='line_1_96' title="bbox 553 5172 2075 5244; baseline -0.002 -15"><span class='ocrx_word' id='word_1_671' title='bbox 553 5173 668 5244; x_wconf 70' lang='grc'><strong>(45)</strong></span> <span class='ocrx_word' id='word_1_672' title='bbox 708 5174 777 5227; x_wconf 85' lang='grc' dir='ltr'><em>Τὸ</em></span> <span class='ocrx_word' id='word_1_673' title='bbox 808 5174 1184 5242; x_wconf 70' lang='grc' dir='ltr'>κινούμενον,</span> <span class='ocrx_word' id='word_1_674' title='bbox 1211 5185 1317 5230; x_wconf 91' lang='lat' dir='ltr'><strong>etc.</strong></span> <span class='ocrx_word' id='word_1_675' title='bbox 1340 5174 1487 5231; x_wconf 89' lang='lat' dir='ltr'><strong>Bella</strong></span> <span class='ocrx_word' id='word_1_676' title='bbox 1513 5172 1761 5243; x_wconf 77' lang='lat' dir='ltr'><strong>profecto</strong></span> <span class='ocrx_word' id='word_1_677' title='bbox 1784 5186 2075 5243; x_wconf 82' lang='lat' dir='ltr'><strong>argumen-</strong></span> 
     </span>
    </p>
   </div>
   <div class='ocr_carea' id='block_1_97' title="bbox 485 5245 1484 5314">
    <p class='ocr_par' dir='ltr' id='par_1_97' title="bbox 485 5245 1484 5314">
     <span class='ocr_line' id='line_1_97' title="bbox 485 5245 1484 5314; baseline -0.001 -15"><span class='ocrx_word' id='word_1_678' title='bbox 485 5254 640 5300; x_wconf 71' lang='lat' dir='ltr'><strong>tatio.</strong></span> <span class='ocrx_word' id='word_1_679' title='bbox 676 5252 732 5298; x_wconf 91' lang='lat' dir='ltr'><strong>et</strong></span> <span class='ocrx_word' id='word_1_680' title='bbox 766 5245 887 5297; x_wconf 87' lang='lat' dir='ltr'><strong>viro</strong></span> <span class='ocrx_word' id='word_1_681' title='bbox 925 5245 1252 5314; x_wconf 60' lang='lat' dir='ltr'><strong>philosopho</strong></span> <span class='ocrx_word' id='word_1_682' title='bbox 1284 5246 1484 5314; x_wconf 80' lang='lat' dir='ltr'><strong>digna!</strong></span> 
     </span>
    </p>
   </div>
   <div class='ocr_carea' id='block_1_98' title="bbox 556 5311 2079 5385">
    <p class='ocr_par' dir='ltr' id='par_1_98' title="bbox 556 5311 2079 5385">
     <span class='ocr_line' id='line_1_98' title="bbox 556 5311 2079 5385; baseline -0.004 -15"><span class='ocrx_word' id='word_1_683' title='bbox 556 5315 670 5385; x_wconf 61' lang='grc'><strong>(46)</strong></span> <span class='ocrx_word' id='word_1_684' title='bbox 713 5315 781 5368; x_wconf 86' lang='lat'><strong>&#39;0</strong></span> <span class='ocrx_word' id='word_1_685' title='bbox 806 5311 1273 5385; x_wconf 51' lang='grc' dir='ltr'>ΜιλήσιοςξΝυιι</span> <span class='ocrx_word' id='word_1_686' title='bbox 1302 5311 1523 5370; x_wconf 82' lang='lat' dir='ltr'><strong>invenio</strong></span> <span class='ocrx_word' id='word_1_687' title='bbox 1546 5313 1884 5384; x_wconf 88' lang='lat' dir='ltr'><strong>Leucippum</strong></span> <span class='ocrx_word' id='word_1_688' title='bbox 1916 5321 2079 5385; x_wconf 81' lang='lat' dir='ltr'><strong>gente</strong></span> 
     </span>
    </p>
   </div>
   <div class='ocr_carea' id='block_1_99' title="bbox 488 5383 2078 5452">
    <p class='ocr_par' dir='ltr' id='par_1_99' title="bbox 488 5383 2078 5452">
     <span class='ocr_line' id='line_1_99' title="bbox 488 5383 2078 5452; baseline -0.001 -13"><span class='ocrx_word' id='word_1_689' title='bbox 488 5383 759 5442; x_wconf 70' lang='lat' dir='ltr'><strong>Milesium</strong></span> <span class='ocrx_word' id='word_1_690' title='bbox 790 5385 997 5439; x_wconf 79' lang='lat' dir='ltr'><strong>fuisse:</strong></span> <span class='ocrx_word' id='word_1_691' title='bbox 1052 5384 1145 5436; x_wconf 89' lang='lat' dir='ltr'><strong>alii</strong></span> <span class='ocrx_word' id='word_1_692' title='bbox 1194 5386 1372 5452; x_wconf 88' lang='lat' dir='ltr'><strong>ipsum</strong></span> <span class='ocrx_word' id='word_1_693' title='bbox 1418 5385 1661 5440; x_wconf 81' lang='lat' dir='ltr'><strong>Eleatem</strong></span> <span class='ocrx_word' id='word_1_694' title='bbox 1712 5383 1944 5444; x_wconf 74' lang='lat' dir='ltr'><strong>faciunt,</strong></span> <span class='ocrx_word' id='word_1_695' title='bbox 1986 5383 2078 5437; x_wconf 88' lang='lat' dir='ltr'><strong>alii</strong></span> 
     </span>
    </p>
   </div>
   <div class='ocr_carea' id='block_1_100' title="bbox 485 5452 2005 5516">
    <p class='ocr_par' dir='ltr' id='par_1_100' title="bbox 485 5452 2005 5516">
     <span class='ocr_line' id='line_1_100' title="bbox 485 5452 2005 5516; baseline -0.003 -8"><span class='ocrx_word' id='word_1_696' title='bbox 485 5458 905 5516; x_wconf 75' lang='lat' dir='ltr'><strong>Abderitanum,</strong></span> <span class='ocrx_word' id='word_1_697' title='bbox 955 5454 1045 5508; x_wconf 85' lang='lat' dir='ltr'><strong>alii</strong></span> <span class='ocrx_word' id='word_1_698' title='bbox 1086 5452 1329 5508; x_wconf 78' lang='lat' dir='ltr'><strong>Metium.</strong></span> <span class='ocrx_word' id='word_1_699' title='bbox 1363 5454 1697 5510; x_wconf 86' lang='lat' dir='ltr'><strong>Consulatur</strong></span> <span class='ocrx_word' id='word_1_700' title='bbox 1731 5454 2005 5508; x_wconf 79' lang='lat' dir='ltr'><strong>Laertius.</strong></span> 
     </span>
    </p>
   </div>
   <div class='ocr_carea' id='block_1_101' title="bbox 558 5521 2081 5596">
    <p class='ocr_par' dir='ltr' id='par_1_101' title="bbox 558 5521 2081 5596">
     <span class='ocr_line' id='line_1_101' title="bbox 558 5521 2081 5596; baseline -0.003 -16"><span class='ocrx_word' id='word_1_701' title='bbox 558 5526 672 5596; x_wconf 64' lang='lat'><strong>(4&#39;7)</strong></span> <span class='ocrx_word' id='word_1_702' title='bbox 702 5524 821 5580; x_wconf 85' lang='lat' dir='ltr'><strong>Non</strong></span> <span class='ocrx_word' id='word_1_703' title='bbox 852 5526 989 5596; x_wconf 74' lang='lat' dir='ltr'><strong>satis</strong></span> <span class='ocrx_word' id='word_1_704' title='bbox 1020 5531 1258 5596; x_wconf 82' lang='lat' dir='ltr'><strong>constat,</strong></span> <span class='ocrx_word' id='word_1_705' title='bbox 1288 5521 1715 5596; x_wconf 79' lang='lat' dir='ltr'><strong>anProtagoras</strong></span> <span class='ocrx_word' id='word_1_706' title='bbox 1742 5526 1883 5596; x_wconf 81' lang='lat' dir='ltr'><strong>deos</strong></span> <span class='ocrx_word' id='word_1_707' title='bbox 1911 5538 2081 5596; x_wconf 59' lang='grc' dir='ltr'>ποετις</span> 
     </span>
    </p>
   </div>
   <div class='ocr_carea' id='block_1_102' title="bbox 488 5593 2081 5664">
    <p class='ocr_par' dir='ltr' id='par_1_102' title="bbox 488 5593 2081 5664">
     <span class='ocr_line' id='line_1_102' title="bbox 488 5593 2081 5664; baseline 0 -17"><span class='ocrx_word' id='word_1_708' title='bbox 488 5593 660 5660; x_wconf 68' lang='grc' dir='ltr'>νει-ξι,</span> <span class='ocrx_word' id='word_1_709' title='bbox 685 5610 879 5650; x_wconf 87' lang='lat' dir='ltr'><strong>necne.</strong></span> <span class='ocrx_word' id='word_1_710' title='bbox 916 5593 1214 5664; x_wconf 82' lang='lat' dir='ltr'><strong>Negavisse</strong></span> <span class='ocrx_word' id='word_1_711' title='bbox 1233 5594 1518 5649; x_wconf 86' lang='lat' dir='ltr'><strong>credidere</strong></span> <span class='ocrx_word' id='word_1_712' title='bbox 1554 5593 1800 5650; x_wconf 76' lang='lat' dir='ltr'><strong>veterum</strong></span> <span class='ocrx_word' id='word_1_713' title='bbox 1837 5594 2081 5662; x_wconf 88' lang='lat' dir='ltr'><strong>plurimi,</strong></span> 
     </span>
    </p>
   </div>
   <div class='ocr_carea' id='block_1_103' title="bbox 490 5664 2085 5732">
    <p class='ocr_par' dir='ltr' id='par_1_103' title="bbox 490 5664 2085 5732">
     <span class='ocr_line' id='line_1_103' title="bbox 490 5664 2085 5732; baseline 0.002 -17"><span class='ocrx_word' id='word_1_714' title='bbox 490 5664 637 5730; x_wconf 88' lang='lat' dir='ltr'><strong>quod</strong></span> <span class='ocrx_word' id='word_1_715' title='bbox 668 5665 866 5732; x_wconf 87' lang='lat' dir='ltr'><strong>librum</strong></span> <span class='ocrx_word' id='word_1_716' title='bbox 906 5664 982 5718; x_wconf 89' lang='lat' dir='ltr'><strong>De</strong></span> <span class='ocrx_word' id='word_1_717' title='bbox 1013 5666 1117 5717; x_wconf 77' lang='lat' dir='ltr'><strong>diis</strong></span> <span class='ocrx_word' id='word_1_718' title='bbox 1148 5679 1272 5720; x_wconf 90' lang='lat' dir='ltr'><strong>cum</strong></span> <span class='ocrx_word' id='word_1_719' title='bbox 1316 5665 1740 5732; x_wconf 85' lang='lat' dir='ltr'><strong>composuisset,</strong></span> <span class='ocrx_word' id='word_1_720' title='bbox 1786 5665 1934 5719; x_wconf 88' lang='lat' dir='ltr'><strong>illius</strong></span> <span class='ocrx_word' id='word_1_721' title='bbox 1978 5665 2085 5718; x_wconf 85' lang='lat' dir='ltr'><strong>ini-</strong></span> 
     </span>
    </p>
   </div>
   <div class='ocr_carea' id='block_1_104' title="bbox 495 5730 2088 5809">
    <p class='ocr_par' dir='ltr' id='par_1_104' title="bbox 495 5730 2088 5809">
     <span class='ocr_line' id='line_1_104' title="bbox 495 5730 2088 5809; baseline 0.001 -24"><span class='ocrx_word' id='word_1_722' title='bbox 495 5730 868 5809; x_wconf 61' lang='lat' dir='ltr'><strong>tiuirt_[ecerit,</strong></span> <span class='ocrx_word' id='word_1_723' title='bbox 895 5741 953 5788; x_wconf 88' lang='lat' dir='ltr'><strong>ut</strong></span> <span class='ocrx_word' id='word_1_724' title='bbox 993 5743 1077 5809; x_wconf 80' lang='lat' dir='ltr'><strong>est</strong></span> <span class='ocrx_word' id='word_1_725' title='bbox 1102 5735 1243 5809; x_wconf 73' lang='lat' dir='ltr'><strong>apud</strong></span> <span class='ocrx_word' id='word_1_726' title='bbox 1274 5730 1567 5809; x_wconf 49' lang='lat' dir='ltr'><strong>Euseb—ium</strong></span> <span class='ocrx_word' id='word_1_727' title='bbox 1600 5733 1900 5809; x_wconf 59' lang='lat' dir='ltr'><strong>Prterierat.</strong></span> <span class='ocrx_word' id='word_1_728' title='bbox 1935 5751 2088 5809; x_wconf 69' lang='lat' dir='ltr'><strong>even-</strong></span> 
     </span>
    </p>
   </div>
   <div class='ocr_carea' id='block_1_105' title="bbox 497 5798 2082 5874">
    <p class='ocr_par' dir='ltr' id='par_1_105' title="bbox 497 5798 2082 5874">
     <span class='ocr_line' id='line_1_105' title="bbox 497 5798 2082 5874; baseline 0.003 -23"><span class='ocrx_word' id='word_1_729' title='bbox 497 5798 597 5865; x_wconf 74' lang='lat' dir='ltr'><strong>qel.</strong></span> <span class='ocrx_word' id='word_1_730' title='bbox 632 5800 724 5854; x_wconf 81' lang='lat' dir='ltr'><strong>lib.</strong></span> <span class='ocrx_word' id='word_1_731' title='bbox 757 5818 868 5868; x_wconf 76' lang='lat' dir='ltr'><strong>xlv,</strong></span> <span class='ocrx_word' id='word_1_732' title='bbox 905 5820 1020 5874; x_wconf 85' lang='lat' dir='ltr'><strong>cap.</strong></span> <span class='ocrx_word' id='word_1_733' title='bbox 1058 5804 1106 5859; x_wconf 82' lang='lat' dir='ltr'><strong>l:</strong></span> <span class='ocrx_word' id='word_1_734' title='bbox 1135 5798 1247 5860; x_wconf 68' lang='grc' dir='ltr'><strong>Εἴθ’</strong></span> <span class='ocrx_word' id='word_1_735' title='bbox 1278 5806 1351 5870; x_wconf 85' lang='grc' dir='ltr'>ὡς</span> <span class='ocrx_word' id='word_1_736' title='bbox 1379 5803 1538 5871; x_wconf 73' lang='grc' dir='ltr'>εἰσὶν,</span> <span class='ocrx_word' id='word_1_737' title='bbox 1571 5804 1669 5858; x_wconf 76' lang='grc' dir='ltr'><strong>εἷθ’</strong></span> <span class='ocrx_word' id='word_1_738' title='bbox 1694 5798 1770 5867; x_wconf 81' lang='grc' dir='ltr'><strong>ὡς</strong></span> <span class='ocrx_word' id='word_1_739' title='bbox 1802 5806 1901 5858; x_wconf 76' lang='grc' dir='ltr'>οὐκ</span> <span class='ocrx_word' id='word_1_740' title='bbox 1928 5806 2082 5874; x_wconf 71' lang='grc' dir='ltr'>εἰσὶν,</span> 
     </span>
    </p>
   </div>
   <div class='ocr_carea' id='block_1_106' title="bbox 2169 4630 2404 4702">
    <p class='ocr_par' dir='ltr' id='par_1_106' title="bbox 2169 4630 2404 4702">
     <span class='ocr_line' id='line_1_106' title="bbox 2169 4630 2404 4702; baseline 0.009 -20"><span class='ocrx_word' id='word_1_741' title='bbox 2169 4630 2404 4702; x_wconf 77' lang='grc' dir='ltr'>ριστική.</span> 
     </span>
    </p>
   </div>
   <div class='ocr_carea' id='block_1_107' title="bbox 2253 4805 3714 4882">
    <p class='ocr_par' dir='ltr' id='par_1_107' title="bbox 2253 4805 3714 4882">
     <span class='ocr_line' id='line_1_107' title="bbox 2253 4805 3714 4882; baseline -0.01 -15"><span class='ocrx_word' id='word_1_742' title='bbox 2253 4811 2633 4882; x_wconf 80' lang='grc' dir='ltr'>Ἡράκλειτος,</span> <span class='ocrx_word' id='word_1_743' title='bbox 2675 4815 2705 4865; x_wconf 85' lang='grc' dir='ltr'><strong>ό</strong></span> <span class='ocrx_word' id='word_1_744' title='bbox 2750 4810 2847 4864; x_wconf 66' lang='grc' dir='ltr'>τοῦ</span> <span class='ocrx_word' id='word_1_745' title='bbox 2882 4809 3176 4874; x_wconf 78' lang='grc' dir='ltr'>Βλὲσωνος,</span> <span class='ocrx_word' id='word_1_746' title='bbox 3223 4805 3486 4876; x_wconf 79' lang='grc' dir='ltr'>Ἐφέσιος,</span> <span class='ocrx_word' id='word_1_747' title='bbox 3533 4806 3591 4857; x_wconf 79' lang='grc' dir='ltr'>ἐκ</span> <span class='ocrx_word' id='word_1_748' title='bbox 3636 4813 3714 4848; x_wconf 79' lang='grc' dir='ltr'><strong>πυ-</strong></span> 
     </span>
    </p>
   </div>
   <div class='ocr_carea' id='block_1_108' title="bbox 2175 4886 3714 4976">
    <p class='ocr_par' dir='ltr' id='par_1_108' title="bbox 2175 4886 3714 4976">
     <span class='ocr_line' id='line_1_108' title="bbox 2175 4886 3714 4976; baseline -0.014 -16"><span class='ocrx_word' id='word_1_749' title='bbox 2175 4905 2265 4976; x_wconf 76' lang='grc' dir='ltr'><strong>ρὸς</strong></span> <span class='ocrx_word' id='word_1_750' title='bbox 2303 4905 2458 4974; x_wconf 74' lang='grc' dir='ltr'>ἔλεγε</span> <span class='ocrx_word' id='word_1_751' title='bbox 2478 4905 2548 4959; x_wconf 74' lang='grc' dir='ltr'><strong>τὰ</strong></span> <span class='ocrx_word' id='word_1_752' title='bbox 2580 4904 2760 4958; x_wconf 77' lang='grc' dir='ltr'>πάντα</span> <span class='ocrx_word' id='word_1_753' title='bbox 2783 4898 2945 4969; x_wconf 81' lang='grc' dir='ltr'>εἶναι,</span> <span class='ocrx_word' id='word_1_754' title='bbox 2979 4901 3074 4955; x_wconf 70' lang='grc' dir='ltr'>καὶ</span> <span class='ocrx_word' id='word_1_755' title='bbox 3103 4902 3184 4964; x_wconf 79' lang='grc' dir='ltr'>εἰς</span> <span class='ocrx_word' id='word_1_756' title='bbox 3216 4897 3325 4969; x_wconf 81' lang='grc' dir='ltr'>πῦρ</span> <span class='ocrx_word' id='word_1_757' title='bbox 3352 4896 3511 4950; x_wconf 75' lang='grc' dir='ltr'>πάλιν</span> <span class='ocrx_word' id='word_1_758' title='bbox 3532 4886 3714 4947; x_wconf 79' lang='grc' dir='ltr'>ἀναλύε-</span> 
     </span>
    </p>
   </div>
   <div class='ocr_carea' id='block_1_109' title="bbox 2175 4997 2322 5051">
    <p class='ocr_par' dir='ltr' id='par_1_109' title="bbox 2175 4997 2322 5051">
     <span class='ocr_line' id='line_1_109' title="bbox 2175 4997 2322 5051; baseline 0.014 -2"><span class='ocrx_word' id='word_1_759' title='bbox 2175 4997 2322 5051; x_wconf 80' lang='grc' dir='ltr'>σθαι.</span> 
     </span>
    </p>
   </div>
   <div class='ocr_carea' id='block_1_110' title="bbox 2174 5159 3711 5237">
    <p class='ocr_par' dir='ltr' id='par_1_110' title="bbox 2174 5159 3711 5237">
     <span class='ocr_line' id='line_1_110' title="bbox 2174 5159 3711 5237; baseline -0.011 -13"><span class='ocrx_word' id='word_1_760' title='bbox 2174 5173 2276 5225; x_wconf 79' lang='grc' dir='ltr'><strong>εἴθ’</strong></span> <span class='ocrx_word' id='word_1_761' title='bbox 2299 5171 2629 5234; x_wconf 79' lang='grc' dir='ltr'>ὀποίοίτινες</span> <span class='ocrx_word' id='word_1_762' title='bbox 2646 5169 2807 5230; x_wconf 82' lang='grc' dir='ltr'>ἰδέαν,</span> <span class='ocrx_word' id='word_1_763' title='bbox 2822 5179 2953 5231; x_wconf 88' lang='lat' dir='ltr'><strong>etc.,</strong></span> <span class='ocrx_word' id='word_1_764' title='bbox 2973 5167 3119 5237; x_wconf 85' lang='lat' dir='ltr'><strong>quod</strong></span> <span class='ocrx_word' id='word_1_765' title='bbox 3141 5167 3352 5221; x_wconf 91' lang='lat' dir='ltr'><strong>initium</strong></span> <span class='ocrx_word' id='word_1_766' title='bbox 3379 5159 3675 5237; x_wconf 70' lang='lat' dir='ltr'><strong>Cicero_,_lih.</strong></span> <span class='ocrx_word' id='word_1_767' title='bbox 3699 5168 3711 5207; x_wconf 88' lang='grc' dir='ltr'><strong>ι</strong></span> 
     </span>
    </p>
   </div>
   <div class='ocr_carea' id='block_1_111' title="bbox 2176 5232 3711 5303">
    <p class='ocr_par' dir='ltr' id='par_1_111' title="bbox 2176 5232 3711 5303">
     <span class='ocr_line' id='line_1_111' title="bbox 2176 5232 3711 5303; baseline -0.01 -8"><span class='ocrx_word' id='word_1_768' title='bbox 2176 5242 2258 5296; x_wconf 83' lang='lat' dir='ltr'><strong>De</strong></span> <span class='ocrx_word' id='word_1_769' title='bbox 2280 5254 2394 5297; x_wconf 77' lang='lat' dir='ltr'><strong>nat.</strong></span> <span class='ocrx_word' id='word_1_770' title='bbox 2429 5232 2670 5303; x_wconf 73' lang='lat' dir='ltr'><strong>deorum,</strong></span> <span class='ocrx_word' id='word_1_771' title='bbox 2703 5239 2894 5293; x_wconf 85' lang='lat' dir='ltr'><strong>Latine</strong></span> <span class='ocrx_word' id='word_1_772' title='bbox 2937 5232 3012 5292; x_wconf 82' lang='lat' dir='ltr'><strong>ita</strong></span> <span class='ocrx_word' id='word_1_773' title='bbox 3052 5237 3377 5297; x_wconf 87' lang='lat' dir='ltr'><strong>reddiderat,</strong></span> <span class='ocrx_word' id='word_1_774' title='bbox 3418 5234 3494 5288; x_wconf 79' lang='lat' dir='ltr'><strong>De</strong></span> <span class='ocrx_word' id='word_1_775' title='bbox 3523 5232 3618 5303; x_wconf 66' lang='lat' dir='ltr'><strong>diis</strong></span> <span class='ocrx_word' id='word_1_776' title='bbox 3640 5243 3711 5280; x_wconf 80' lang='lat' dir='ltr'><strong>ne—</strong></span> 
     </span>
    </p>
   </div>
   <div class='ocr_carea' id='block_1_112' title="bbox 2177 5301 3711 5382">
    <p class='ocr_par' dir='ltr' id='par_1_112' title="bbox 2177 5301 3711 5382">
     <span class='ocr_line' id='line_1_112' title="bbox 2177 5301 3711 5382; baseline -0.005 -16"><span class='ocrx_word' id='word_1_777' title='bbox 2177 5329 2275 5382; x_wconf 81' lang='lat' dir='ltr'><strong>que</strong></span> <span class='ocrx_word' id='word_1_778' title='bbox 2306 5322 2363 5365; x_wconf 83' lang='lat' dir='ltr'><strong>ut</strong></span> <span class='ocrx_word' id='word_1_779' title='bbox 2397 5313 2526 5382; x_wconf 59' lang='lat' dir='ltr'><strong>sint,</strong></span> <span class='ocrx_word' id='word_1_780' title='bbox 2557 5301 2721 5382; x_wconf 72' lang='lat' dir='ltr'><strong>neque</strong></span> <span class='ocrx_word' id='word_1_781' title='bbox 2754 5322 2813 5382; x_wconf 59' lang='lat' dir='ltr'><strong>ut</strong></span> <span class='ocrx_word' id='word_1_782' title='bbox 2836 5324 2946 5382; x_wconf 61' lang='lat' dir='ltr'><strong>non</strong></span> <span class='ocrx_word' id='word_1_783' title='bbox 2976 5309 3105 5382; x_wconf 67' lang='lat' dir='ltr'><strong>sint,</strong></span> <span class='ocrx_word' id='word_1_784' title='bbox 3134 5307 3503 5382; x_wconf 63' lang='lat' dir='ltr'><strong>habeodieere.</strong></span> <span class='ocrx_word' id='word_1_785' title='bbox 3524 5301 3711 5382; x_wconf 56' lang='lat' dir='ltr'><strong>verum.</strong></span> 
     </span>
    </p>
   </div>
   <div class='ocr_carea' id='block_1_113' title="bbox 2180 5371 3712 5449">
    <p class='ocr_par' dir='ltr' id='par_1_113' title="bbox 2180 5371 3712 5449">
     <span class='ocr_line' id='line_1_113' title="bbox 2180 5371 3712 5449; baseline -0.009 -13"><span class='ocrx_word' id='word_1_786' title='bbox 2180 5371 2225 5437; x_wconf 76' lang='lat' dir='ltr'><strong>si</strong></span> <span class='ocrx_word' id='word_1_787' title='bbox 2261 5382 2448 5436; x_wconf 83' lang='lat' dir='ltr'><strong>Flavio</strong></span> <span class='ocrx_word' id='word_1_788' title='bbox 2473 5371 2791 5436; x_wconf 75' lang='lat' dir='ltr'><strong>Philostrati</strong></span> <span class='ocrx_word' id='word_1_789' title='bbox 2825 5379 2958 5434; x_wconf 88' lang='lat' dir='ltr'><strong>ﬁdes</strong></span> <span class='ocrx_word' id='word_1_790' title='bbox 3004 5377 3273 5440; x_wconf 86' lang='lat' dir='ltr'><strong>habenda,</strong></span> <span class='ocrx_word' id='word_1_791' title='bbox 3298 5377 3349 5429; x_wconf 92' lang='lat' dir='ltr'><strong>in</strong></span> <span class='ocrx_word' id='word_1_792' title='bbox 3381 5376 3470 5429; x_wconf 86' lang='lat' dir='ltr'><strong>lib.</strong></span> <span class='ocrx_word' id='word_1_793' title='bbox 3511 5389 3524 5427; x_wconf 91' lang='lat' dir='ltr'><strong>l</strong></span> <span class='ocrx_word' id='word_1_794' title='bbox 3554 5371 3712 5449; x_wconf 50' lang='lat' dir='ltr'><strong>Denso:</strong></span> 
     </span>
    </p>
   </div>
   <div class='ocr_carea' id='block_1_114' title="bbox 2178 5432 3711 5522">
    <p class='ocr_par' dir='ltr' id='par_1_114' title="bbox 2178 5432 3711 5522">
     <span class='ocr_line' id='line_1_114' title="bbox 2178 5432 3711 5522; baseline -0.009 -19"><span class='ocrx_word' id='word_1_795' title='bbox 2178 5432 2971 5522; x_wconf 36' lang='lat' dir='ltr'><strong>piri—stis,cogi—taredebemus,</strong></span> <span class='ocrx_word' id='word_1_796' title='bbox 3003 5432 3114 5522; x_wconf 75' lang='lat' dir='ltr'><strong>non</strong></span> <span class='ocrx_word' id='word_1_797' title='bbox 3138 5456 3196 5501; x_wconf 92' lang='lat' dir='ltr'><strong>ut</strong></span> <span class='ocrx_word' id='word_1_798' title='bbox 3232 5432 3359 5501; x_wconf 80' lang='lat' dir='ltr'><strong>deos</strong></span> <span class='ocrx_word' id='word_1_799' title='bbox 3361 5451 3582 5522; x_wconf 79' lang='lat' dir='ltr'><strong>_negarct</strong></span> <span class='ocrx_word' id='word_1_800' title='bbox 3606 5432 3711 5515; x_wconf 74' lang='lat' dir='ltr'><strong>illud</strong></span> 
     </span>
    </p>
   </div>
   <div class='ocr_carea' id='block_1_115' title="bbox 2181 5515 3711 5591">
    <p class='ocr_par' dir='ltr' id='par_1_115' title="bbox 2181 5515 3711 5591">
     <span class='ocr_line' id='line_1_115' title="bbox 2181 5515 3711 5591; baseline -0.011 -16"><span class='ocrx_word' id='word_1_801' title='bbox 2181 5515 2386 5579; x_wconf 73' lang='lat' dir='ltr'><strong>dixisse</strong></span> <span class='ocrx_word' id='word_1_802' title='bbox 2415 5515 2763 5591; x_wconf 70' lang='lat' dir='ltr'><strong>Protagoram</strong></span> <span class='ocrx_word' id='word_1_803' title='bbox 2786 5560 2801 5583; x_wconf 94' lang='lat'><strong>,</strong></span> <span class='ocrx_word' id='word_1_804' title='bbox 2838 5520 2933 5573; x_wconf 87' lang='lat' dir='ltr'><strong>sed</strong></span> <span class='ocrx_word' id='word_1_805' title='bbox 2963 5535 3025 5572; x_wconf 80' lang='lat' dir='ltr'><strong>ex</strong></span> <span class='ocrx_word' id='word_1_806' title='bbox 3056 5517 3331 5591; x_wconf 69' lang='lat' dir='ltr'><strong>magorum</strong></span> <span class='ocrx_word' id='word_1_807' title='bbox 3359 5515 3627 5591; x_wconf 60' lang='lat' dir='ltr'><strong>Persarum</strong></span> <span class='ocrx_word' id='word_1_808' title='bbox 3647 5522 3711 5591; x_wconf 52' lang='lat' dir='ltr'><strong>Ill:</strong></span> 
     </span>
    </p>
   </div>
   <div class='ocr_carea' id='block_1_116' title="bbox 2184 5582 3708 5660">
    <p class='ocr_par' dir='ltr' id='par_1_116' title="bbox 2184 5582 3708 5660">
     <span class='ocr_line' id='line_1_116' title="bbox 2184 5582 3708 5660; baseline -0.01 -13"><span class='ocrx_word' id='word_1_809' title='bbox 2184 5593 2488 5657; x_wconf 87' lang='lat' dir='ltr'><strong>stitutione,</strong></span> <span class='ocrx_word' id='word_1_810' title='bbox 2512 5607 2543 5644; x_wconf 92' lang='lat' dir='ltr'><strong>a</strong></span> <span class='ocrx_word' id='word_1_811' title='bbox 2573 5582 3075 5660; x_wconf 8' lang='lat' dir='ltr'><strong>quibusgacceperat</strong></span> <span class='ocrx_word' id='word_1_812' title='bbox 3099 5582 3401 5660; x_wconf 74' lang='lat' dir='ltr'><strong>doctrinam</strong></span> <span class='ocrx_word' id='word_1_813' title='bbox 3413 5586 3483 5660; x_wconf 78' lang='lat' dir='ltr'><strong>de</strong></span> <span class='ocrx_word' id='word_1_814' title='bbox 3504 5582 3599 5636; x_wconf 86' lang='lat' dir='ltr'><strong>diis</strong></span> <span class='ocrx_word' id='word_1_815' title='bbox 3622 5588 3708 5660; x_wconf 60' lang='lat' dir='ltr'><strong>non</strong></span> 
     </span>
    </p>
   </div>
   <div class='ocr_carea' id='block_1_117' title="bbox 2185 5644 3709 5732">
    <p class='ocr_par' dir='ltr' id='par_1_117' title="bbox 2185 5644 3709 5732">
     <span class='ocr_line' id='line_1_117' title="bbox 2185 5644 3709 5732; baseline -0.01 -15"><span class='ocrx_word' id='word_1_816' title='bbox 2185 5644 2687 5732; x_wconf 50' lang='lat' dir='ltr'><strong>esséKviiigémiain.</strong></span> <span class='ocrx_word' id='word_1_817' title='bbox 2715 5644 2797 5713; x_wconf 78' lang='lat' dir='ltr'><strong>Ad</strong></span> <span class='ocrx_word' id='word_1_818' title='bbox 2824 5644 2942 5732; x_wconf 51' lang='lat' dir='ltr'><strong>haec-</strong></span> <span class='ocrx_word' id='word_1_819' title='bbox 2966 5659 3084 5732; x_wconf 83' lang='lat' dir='ltr'><strong>ipsa</strong></span> <span class='ocrx_word' id='word_1_820' title='bbox 3111 5657 3346 5732; x_wconf 83' lang='lat' dir='ltr'><strong>ineuntis</strong></span> <span class='ocrx_word' id='word_1_821' title='bbox 3372 5657 3560 5711; x_wconf 85' lang='lat' dir='ltr'><strong>librum</strong></span> <span class='ocrx_word' id='word_1_822' title='bbox 3581 5644 3709 5703; x_wconf 65' lang='lat' dir='ltr'><strong>verba</strong></span> 
     </span>
    </p>
   </div>
   <div class='ocr_carea' id='block_1_118' title="bbox 2188 5728 3214 5806">
    <p class='ocr_par' dir='ltr' id='par_1_118' title="bbox 2188 5728 3214 5806">
     <span class='ocr_line' id='line_1_118' title="bbox 2188 5728 3214 5806; baseline -0.001 -20"><span class='ocrx_word' id='word_1_823' title='bbox 2188 5749 2297 5789; x_wconf 88' lang='lat' dir='ltr'><strong>non</strong></span> <span class='ocrx_word' id='word_1_824' title='bbox 2318 5728 2567 5806; x_wconf 75' lang='lat' dir='ltr'><strong>negantis</strong></span> <span class='ocrx_word' id='word_1_825' title='bbox 2591 5738 2742 5800; x_wconf 89' lang='lat' dir='ltr'><strong>sunt,</strong></span> <span class='ocrx_word' id='word_1_826' title='bbox 2773 5730 2869 5787; x_wconf 86' lang='lat' dir='ltr'><strong>sed</strong></span> <span class='ocrx_word' id='word_1_827' title='bbox 2894 5728 3214 5785; x_wconf 84' lang='lat' dir='ltr'><strong>dubitantis.</strong></span> 
     </span>
    </p>
   </div>
  </div>
