3958 6408
211 362 333 419 793

841 357 1218 414 ADVERSUS
1258 358 1601 413 ll/ERESES
1642 358 1768 412 ΜΒ.

1925 356 2087 412 ΤΟΜ.
2130 356 2636 414 ίΙ.--ΕΧΡο81ΤΙΟ
2678 355 2878 412 [τιθεῖ.

3412 358 3514 414 794

296 475 565 547 Πρῶικός
601 491 685 538 τις
720 472 960 544 τέσσαρα
1016 476 1256 542 στοιχεῖα
1302 472 1459 536 θεοὺς
1492 475 1667 536 καλεῖ,
1703 467 1808 525 εἶτα

1999 471 2268 528 Prodicus
2305 473 2529 543 quidam
2571 481 2808 543 quatuor
2837 474 3109 531 elementa
3162 474 3295 530 deos
3328 481 3516 546 appel—

205 568 376 632 ἥλιον
410 570 508 623 καὶ
538 568 767 639 σελήνην
792 583 804 596 ·
843 568 908 618 ὲκ
940 564 1051 636 γὰρ
1082 565 1290 619 τούτων
1324 567 1458 619 πᾶσι
1489 567 1550 620 τὸ
1584 565 1815 632 ζωτικὸν

206 662 410 730 ἔλεγεν
432 662 725 732 ὑπάρχειν.

289 755 518 807 Πλάτων
543 752 823 824 Ἀθηναῖος
844 752 974 805 Θεὸν
997 752 1148 819 ἔλεγε
1175 752 1269 804 καὶ
1292 751 1424 822 ὕλην
1450 748 1589 804 εἶναι
1617 752 1712 804 καὶ
1740 745 1818 803 εἴ-

208 846 331 911 δος.
348 846 453 898 Τὸν
470 846 671 917 κόσμον
686 845 741 897 δὲ
758 846 1014 916 γεννητὸν
1032 845 1126 899 καὶ
1143 844 1383 917 φθαρτὸν
1402 844 1667 916 ὑπάρχειν
1683 861 1697 874 ·
1718 843 1816 915 τὴν

208 939 403 1010 ψυχὴν
436 939 493 992 δὲ
537 938 855 1007 ἀγέννητον,
904 938 998 991 καὶ
1030 936 1297 990 ἀθάνατον
1332 938 1425 989 καὶ
1452 936 1603 989 Θείαν
1632 937 1811 1004 λέγει·

210 1030 364 1085 εἶναι
397 1031 453 1084 δὲ
483 1032 653 1100 αὐτῆς
681 1030 809 1100 τρία
842 1029 984 1100 μέρη
1005 1030 1138 1099 (48),
1164 1028 1403 1097 λογικὴν,
1433 1028 1683 1098 θυμικὸν,
1723 1029 1816 1082 καὶ

210 1123 638 1194 ἐπιθυμητικόν.
672 1123 866 1191 Ἔλεγε
895 1122 950 1175 δὲ
982 1124 1108 1185 τοὺς
1138 1122 1352 1193 γάμους
1375 1123 1469 1175 καὶ
1500 1122 1600 1185 τὰς
1629 1124 1815 1189 γυναῖ-

210 1234 323 1281 κας
350 1218 461 1270 δεῖν
500 1216 687 1279 κοινὰς
727 1220 840 1280 τοῖς
876 1218 1007 1269 πᾶσι
1042 1215 1308 1284 γίνεσθαι,
1349 1217 1439 1268 καὶ
1477 1214 1682 1285 μηδένα
1709 1215 1816 1285 ίδίᾳ

212 1310 357 1382 μίαν
389 1310 533 1379 ἔχειν
566 1309 833 1379 γαμετὴν,
866 1308 1003 1361 ἀλλὰ
1037 1308 1162 1371 τοὺς
1196 1307 1447 1369 Θέλοντας
1477 1309 1594 1369 ταῖς
1630 1305 1813 1376 βουλο-

212 1404 419 1475 μέναις
450 1404 709 1456 συνεῖναι.

306 1588 660 1661 Ἀρίστιππος
692 1589 720 1641 ὁ
750 1588 1063 1658 Κυρηναῖος
1109 1584 1243 1655 (49),
1276 1584 1434 1648 οὗτος
1463 1584 1811 1655 γαστρίμαρ-

208 1698 316 1751 γος
344 1679 420 1733 ὢν
451 1680 544 1733 καὶ
572 1680 875 1750 φιλήδονος,
910 1677 1063 1740 τέλος
1093 1676 1197 1747 ἔφη
1224 1675 1325 1746 τῆς
1349 1674 1530 1745 ψυχῆς
1558 1674 1655 1744 τὴν
1685 1675 1811 1744 ἡδο-

214 1771 350 1840 ιμήν⁹
388 1769 484 1823 καὶ
536 1773 680 1832 ὅστις
710 1768 899 1839 ἥδεται
920 1809 936 1834 ,
973 1756 1243 1837 εὐδαίμων
1278 1758 1433 1827 οὗτος
1454 1781 1468 1795 ·
1498 1767 1526 1817 ὁ
1558 1765 1650 1817 καὶ
1685 1762 1808 1833 μηδ’

1924 566 2092 628 lavit;
2137 565 2264 619 inde
2302 565 2471 620 solem
2513 573 2566 619 et
2599 564 2785 618 lunam
2825 565 2942 619 :ab
2982 565 3050 619 iis
3097 565 3243 619 enim
3294 567 3514 622 vitalem

1923 655 1978 710 in
2010 655 2196 710 omnia
2230 655 2340 709 vim
2374 654 2628 709 diffundi.

1993 742 2153 797 Plato
2189 743 2545 799 Atheniensis
2581 742 2752 796 Deum
2784 752 2836 797 et
2867 742 3155 797 materiam
3188 757 3252 798 ac
3281 742 3517 797 formam

1918 836 2315 890 constituebat.
2349 835 2613 890 Mundum
2649 835 2828 905 ipsum
2862 845 2915 890 et
2946 837 3273 905 productum
3308 847 3363 892 et
3389 853 3514 892 cor-

1918 928 2159 997 ruptioni
2201 927 2518 983 obnoxium.
2547 927 2799 981 Animam
2831 944 3008 998 neque
3042 929 3400 999 productam,
3456 937 3511 984 et

1919 1020 2286 1074 imruortalem
2322 1021 2568 1091 adeoque
2606 1020 2847 1074 divinam
2878 1021 3172 1075 credebat:
3209 1022 3369 1087 cujus
3410 1023 3512 1075 tri-

1919 1115 2113 1184 plicem
2155 1128 2280 1168 esse
2344 1121 2597 1184 partem;
2657 1115 2870 1168 ratione
2927 1112 3142 1167 scilicet
3198 1114 3509 1182 praeditam,

1918 1208 2272 1269 irascentem,
2313 1213 2368 1258 et
2395 1206 2900 1274 concupiscentem.
2936 1203 3167 1274 Nuptias
3208 1213 3261 1258 et
3308 1220 3509 1260 uxores

1917 1299 2263 1369 promiscuas
2296 1312 2420 1353 esse
2473 1298 2732 1351 omnibus
2776 1312 2841 1350 ac
2887 1311 3210 1352 communes
3241 1296 3459 1351 volebat
3490 1313 3505 1362 ;

1916 1407 2079 1446 nemo
2136 1398 2194 1445 ut
2242 1390 2497 1461 privatim
2550 1389 2843 1459 conjugem
2902 1404 3060 1444 suam
3110 1389 3375 1451 haberet;
3411 1388 3507 1444 sed

1914 1482 2146 1552 quilibet
2182 1498 2305 1537 cum
2338 1480 2651 1534 volentibus
2693 1479 3150 1535 consuetudinem
3185 1480 3433 1534 haberet.

1990 1573 2207 1644 1089
2255 1573 2570 1644 Aristippus
2618 1572 2916 1643 Cyrenaeus
2956 1572 3134 1628 ventri
3189 1573 3509 1642 gntturique

1914 1665 2134 1721 deditus
2174 1680 2238 1718 ac
2269 1664 2681 1733 voluptnarins,
2735 1664 2895 1717 finem
2946 1663 3143 1716 anima:
3201 1663 3339 1715 dixit
3383 1676 3509 1717 esse

1917 1759 2290 1827 voluptatem:
2335 1772 2443 1826 qua
2472 1757 2566 1825 qui
2601 1755 2836 1818 fruitur,
2866 1756 3091 1819 beatus;
3147 1755 3241 1825 qui
3277 1756 3503 1809 omnino

213 1832 357 1926 ἥλως
418 1832 1080 1934 ἡδόμενοςξτρισάθλιος
1128 1832 1223 1914 καὶ
1281 1858 1669 1929 κακοδαίμων,
1733 1856 1808 1921 ὥς

1924 1857 2106 1912 caret,
2154 1847 2567 1903 infelicissimus
2606 1847 2677 1903 sit
2716 1862 2779 1901 ac
2813 1846 3177 1901 miserrimus.
3235 1847 3309 1900 lta
3342 1846 3504 1916 vulgo

212 1971 378 2023 φασι.

291 2045 568 2116 Θεόδωρος
602 2045 630 2097 ὁ
664 2043 858 2106 Ἀθεος
896 2042 1007 2113 (50)
1042 2042 1377 2113 ἐπικληθεὶς,
1407 2042 1510 2112 ἔφη
1536 2042 1700 2112 λῆρον
1731 2039 1806 2097 εἴ·

214 2156 307 2190 ναι
337 2138 464 2200 τοὺς
502 2134 750 2208 περὶτοῦ
792 2135 928 2188 Θεοῦ
964 2135 1176 2203 λόγους.
1230 2135 1391 2205 ’ᾩετο
1429 2135 1538 2204 γάρ
1569 2133 1643 2203 μὴ
1668 2127 1810 2185 εἶναι

212 2227 399 2291 Θεῖον,
430 2229 526 2282 καὶ
552 2226 744 2280 τούτου
786 2226 973 2281 ἕνεκεν
1025 2226 1400 2297 προύτρέπετο
1451 2227 1660 2289 πάντας
1686 2224 1811 2278 κλέ·

214 2337 402 2385 πτειν,
423 2322 721 2390 ἐπιορκεῖν,
748 2319 1037 2390 ἁρπάζειν,
1064 2320 1157 2373 καὶ
1198 2318 1272 2389 μὴ
1301 2319 1808 2389 ὑπεραποονήσκειν

216 2410 509 2481 πατρίδος’
535 2410 688 2479 ἔλεγε
722 2409 831 2483 γὰρ
862 2411 990 2482 μίαν
1017 2411 1253 2483 πατρίδα
1278 2405 1417 2463 εἶναι
1449 2411 1543 2464 τὸν
1573 2412 1807 2481 κόσμονο

212 2504 317 2558 καὶ
342 2502 543 2571 ἀγαθὸν
575 2503 736 2573 μόνον
760 2503 912 2572 ἔλεγε
950 2504 1040 2557 τὸν
1092 2502 1537 2576 εὐδαιμονοῦντα,
1585 2504 1808 2573 φεύγειν

212 2594 278 2648 δὲ
324 2594 416 2648 τὸν
456 2593 820 2665 δυστυχοῦντα
859 2595 963 2649 κᾶν
1094 2596 1277 2666 σοφὸς,
1324 2596 1418 2650 καὶ
1450 2595 1666 2666 αἱρετὸν
1694 2594 1808 2667 (51)

214 2682 467 2741 εἶναιτὸν
495 2686 707 2759 ἄφρονα
735 2686 988 2741 πλούσιον
1016 2688 1144 2742 ὅντα
1175 2690 1270 2743 καὶ
1298 2686 1520 2760 ἀπειθῆ.

304 2868 571 2939 Ἡγησίας
595 2870 924 2940 Κυρηναῖος,
955 2862 1108 2933 οὗτος
1127 2869 1231 2941 ἔφη
1268 2871 1404 2942 μήτε
1437 2870 1641 2939 φιλίας,
1675 2874 1811 2943 μήτε

218 2961 452 3032 χάριτας
485 2955 642 3014 εἶναι.
666 2959 757 3031 Μὴ
786 2959 1057 3032 ὑπάρχειν
1084 2960 1196 3031 γάρ
1230 2967 1398 3025 αὑτάς
1435 2960 1643 3031 ἔλεγεν,
1674 2963 1813 3018 ἀλλὰ

218 3054 441 3127 χρῄζων
471 3070 555 3117 τις
591 3053 756 3106 ἔδωκε
787 3052 964 3123 χάριν,
1012 3053 1045 3123 ἢ
1077 3053 1326 3124 κρεῖττον
1358 3070 1410 3105 τι
1448 3054 1637 3107 παθὼν
1660 3056 1814 3127 εὐερ-

217 3148 392 3215 γετεῖ.
455 3145 648 3214 Ἔλεγε
678 3145 734 3198 δὲ
775 3146 869 3198 καὶ
895 3145 973 3217 τῷ
1023 3146 1212 3216 φαύλῳ
1251 3147 1403 3217 ἀνδρὶ
1444 3147 1719 3212 λυσιτελὲς
1751 3149 1812 3201 τὸ

219 3241 345 3310 ζῇν,
371 3237 450 3309 τῷ
485 3238 542 3291 δὲ
593 3236 742 3307 σοφῷ
784 3237 895 3307 (5:)
934 3236 995 3289 τὸ
1052 3238 1363 3310 άποοανεῖν.
1434 3241 1521 3305 Ὠς
1569 3242 1719 3305 “nvi;
1747 3245 1811 3296 ὲκ

217 3331 411 3388 τούτου
427 3330 855 3385 Πεισιθὰνατον
879 3329 1042 3383 αὐτὸν
1067 3309 1315 3386 καλέσαι.

306 3507 644 3579 Ἀντισθένης
682 3509 710 3561 ὁ
751 3508 815 3561 ἐκ
841 3506 1065 3579 Θρᾴκης
1109 3506 1336 3578 μητρὸς,
1376 3508 1537 3572 αὐτὸς
1565 3508 1623 3562 δὲ
1652 3508 1811 3579 Ἀθη-

217 3601 395 3667 ναῖος,
427 3598 490 3654 τὸ
519 3599 732 3672 πρῶτον
776 3599 1143 3670 Σωκρατικὸς,
1187 3598 1379 3653 ἔπειτα
1414 3600 1648 3666 Κυνικὸς
1670 3601 1807 3673 (55),

216 3693 414 3766 ἔφησε,
450 3695 524 3764 μὴ
557 3693 755 3765 χρῆναι
793 3692 861 3745 τὶ
904 3691 1051 3745 κακὰ
1080 3690 1401 3761 ζηλοτυπεῖν
1436 3694 1642 3765 ἕτερον,
1676 3693 1708 3765 ἢ
1741 3694 1810 3748 τὰ

218 3786 356 3856 παρ’
385 3784 636 3857 ἀλλήλοις
661 3783 881 3854 αἰσχρά.
914 3783 996 3836 Τά
1021 3783 1077 3835 δὲ
1108 3782 1261 3854 τείχη
1298 3783 1407 3836 τῶν
1435 3783 1644 3838 πόλεων
1669 3781 1808 3839 εἶναι

223 3877 470 3951 σφαλερὰ
496 3879 632 3949 πρὸς
653 3877 743 3930 τὸν
765 3876 874 3929 ἔσω
897 3875 1185 3947 προδότην.
1222 3876 1518 3932 ’Λσάλευτα
1539 3878 1595 3932 δὲ
1619 3878 1687 3932 τά
1710 3880 1809 3949 τῆς

217 3970 402 4042 ψυχῆς
433 3969 585 4041 τείχη
612 3969 707 4022 καὶ
732 3966 970 4040 ἀρραγῆ·

294 4062 550 4134 Διογένης
601 4062 631 4114 ὁ
685 4061 959 4126 Κυνικὸς,
1016 4063 1125 4116 ἀπὸ
1188 4062 1439 4133 Σινώπης
1498 4064 1597 4134 τῆς
1666 4062 1808 4119 κατὰ

319 4259 412 4330 48)
446 4258 583 4329 Τρία
609 4259 780 4329 μέρη.
820 4256 1257 4330 Deﬂtripliciﬂilla
1288 4256 1485 4330 anima:
1516 4264 1693 4330 parte,
1724 4260 1807 4313 vel

219 4326 404 4388 tribus
454 4326 624 4385 unius
653 4330 849 4383 animm
893 4326 1267 4392 facultatibus,
1314 4326 1601 4382 adeundus
1649 4326 1807 4384 Plato

221 4406 343 4473 ipse
372 4403 426 4455 in
464 4400 705 4473 Timwo;
736 4399 805 4473 _si_
835 4405 1016 4452 tamen
1050 4398 1133 4473 fas
1178 4397 1250 4452 sit
1285 4396 1423 4473 certi
1458 4398 1662 4473 aliquid
1692 4400 1807 4473 col-

223 4466 397 4544 ligere
435 4472 503 4544 ab
536 4487 624 4531 eo.
655 4471 747 4538 qui
795 4468 1179 4544 inconstantia
1217 4474 1272 4520 et
1301 4466 1655 4544 obscuritatis
1687 4470 1803 4524 suis

1915 1957 2054 1997 mem
2063 1948 2243 1995 orant.

1986 2031 2312 2089 Theodorus
2346 2037 2716 2101 cognomento
2750 2028 2979 2091 Atheus,
3008 2043 3129 2099 qua:
3163 2027 3230 2081 de
3264 2026 3372 2082 Deo
3420 2026 3507 2083 di-

1912 2135 2170 2181 cerentur
2196 2165 2213 2192 ,
2243 2140 2419 2195 nugas
2445 2138 2570 2179 esse
2613 2138 2793 2177 meras
2823 2122 3122 2175 arbitratus
3150 2127 3267 2173 est:
3305 2121 3508 2189 quippe

1914 2215 2082 2272 Deum
2113 2232 2237 2271 esse
2272 2216 2506 2269 nullum.
2548 2212 2629 2269 0h
2660 2214 2714 2268 id
2746 2213 2941 2276 furari,
2979 2213 3227 2282 peierare
3253 2250 3269 2276 ,
3313 2226 3511 2280 rapere

1913 2309 2182 2365 suadebat
2204 2308 2461 2363 omnibus
2482 2347 2496 2370 ,
2528 2321 2708 2376 neque
2741 2320 2839 2376 pro
2866 2306 3040 2374 patria
3071 2310 3303 2357 mortem
3334 2317 3505 2371 oppe-

1912 2411 2063 2469 tere;
2090 2401 2304 2456 dicebat
2331 2400 2478 2454 enim
2514 2400 2731 2454 urticam
2767 2386 2996 2469 patriam
3037 2411 3163 2452 esse
3203 2396 3506 2460 mundum;

1910 2508 2146 2564 eiunque
2180 2491 2564 2546 tantummodo
2595 2491 2798 2545 bonum
2830 2504 2953 2545 esse
2973 2529 2987 2553 ,
3024 2489 3118 2559 qui
3173 2488 3245 2541 sit
3276 2488 3505 2551 beatus;

1910 2587 2165 2657 quisquis
2197 2592 2379 2639 autem
2409 2583 2599 2638 infelix
2633 2593 2814 2647 esset,
2853 2582 3069 2638 tametsi
3094 2584 3311 2651 sapiens
3346 2579 3505 2642 foret,

1914 2695 2036 2735 esse
2074 2678 2416 2748 fugiendum.
2453 2676 2698 2748 Denique
2746 2674 3109 2746 expetendum
3156 2675 3504 2745 insipientem

1913 2788 2034 2829 esse
2063 2771 2288 2827 divitem
2328 2780 2491 2841 atque
2512 2779 2916 2825 contumacem.

1984 2862 2244 2932 Hegesias
2276 2858 2576 2932 Cyrenaeus
2611 2860 2912 2914 amicitiam
2945 2873 3010 2913 ac
3043 2858 3276 2928 gratiam
3322 2855 3509 2911 fundi-

1912 2959 2004 3007 tus
2031 2951 2287 3016 tollebat;
2330 2966 2434 3005 nec
2465 2951 2608 3006 ullas
2631 2964 2754 3006 esse
2776 2948 3016 3004 dicebat.
3050 2946 3187 3003 Nam
3212 2955 3304 3002 aut
3335 2963 3507 3019 egen-

1914 3051 2021 3099 tem
2060 3044 2290 3100 alterius
2315 3059 2484 3114 opera
2520 3042 2662 3097 inire
2694 3042 2762 3096 ab
2791 3057 2858 3097 eo
2885 3040 3144 3112 gratiam,
3174 3049 3267 3093 aut
3299 3040 3507 3110 majore

1916 3134 2168 3191 affectum
2194 3135 2460 3190 beneficio
2486 3134 2734 3189 vicissim
2762 3133 3083 3203 rependere.
3117 3131 3335 3186 Homini
3358 3134 3507 3188 malo

1918 3228 2079 3282 vitam
2139 3228 2421 3298 expedire,
2474 3228 2709 3298 sapienti
2749 3236 2983 3281 mortem
3032 3227 3235 3282 aiebat.
3270 3224 3427 3281 Unde
3471 3241 3504 3280 a

1915 3322 2188 3391 plerisque
2222 3319 2619 3386 Pisithanatos,
2669 3320 2723 3375 id
2768 3328 2892 3386 est,
2925 3321 3111 3374 mortis
3164 3336 3357 3375 suasor
3400 3335 3501 3390 ap-

1916 3414 2147 3483 pellalus
2176 3422 2281 3468 est.

1983 3505 2339 3561 Antisthenes
2367 3521 2399 3562 e
2427 3503 2667 3559 Thracia
2697 3512 2873 3558 matre
2904 3502 3135 3559 Athenis
3166 3511 3353 3565 natus,
3390 3504 3491 3574 pri-

1915 3612 2061 3651 mum
2092 3595 2431 3662 Socraticus,
2468 3596 2666 3652 deinde
2690 3594 2932 3667 Cynicus
2967 3595 3199 3652 exstitit.
3241 3594 3339 3651 [lic
3367 3597 3503 3650 alio--

1912 3706 2034 3746 rum
2100 3691 2310 3748 scelera
2370 3706 2433 3746 ac
2488 3689 2859 3760 turpitudines
2914 3688 3158 3744 miuulari
3221 3690 3495 3743 nemiuem

1912 3793 2167 3854 oportere
2195 3784 2403 3840 docuit.
2450 3782 2681 3838 Urbium
2727 3782 2929 3836 mtenia
2969 3781 3234 3838 adversus
3284 3781 3501 3835 intesti-

1913 3892 2042 3931 num
2094 3878 2426 3948 proditorem
2462 3876 2769 3942 imbecilla;
2825 3876 3022 3930 anima:
3068 3890 3196 3930 vero
3246 3874 3400 3929 firma
3446 3879 3500 3928 et

1912 3967 2240 4024 inconcussa
2273 3966 2476 4021 mmnia
2516 3966 2755 4022 dicebat.

1987 4058 2252 4128 Diogenes
2280 4057 2521 4130 Cynicus
2556 4057 2877 4129 Sinopensis
2897 4055 3145 4122 e‘Ponto,
3178 4057 3495 4113 Antistheni

1910 4260 2129 4322 Vossio,
2158 4275 2279 4328 cap.
2302 4261 2353 4324 l,
2382 4261 2473 4314 lib.
2510 4276 2525 4314 ι
2559 4259 2634 4313 De
2662 4258 3005 4329 idololat.,et
3039 4275 3106 4315 ex
3136 4258 3354 4313 Laertio
3383 4259 3499 4329 epi-

1910 4335 2129 4386 nionem
2164 4332 2305 4384 hanc
2337 4346 2492 4385 suam
2534 4347 2594 4385 se
2618 4330 3061 4400 colligereposse
3085 4330 3189 4384 sibi
3215 4329 3496 4400 videntur.

1915 4402 2048 4456 Vide
2088 4416 2210 4470 qua:
2242 4401 2310 4454 de
2342 4402 2442 4454 hac
2475 4416 2534 4455 re
2568 4398 2846 4469 congessit
2877 4398 2932 4452 in
2967 4400 3109 4453 Hist.
3148 4401 3266 4452 crit.
3295 4399 3490 4467 philos.

1910 4472 2096 4527 Iacob.
2137 4470 2419 4541 liruck.,§
2456 4471 2543 4534 il,
2586 4485 2709 4541 cap.
2742 4472 2795 4532 3,
2831 4470 2923 4523 lib.
2958 4485 3019 4532 ιι,
3054 4480 3190 4538 part.
3219 4486 3277 4522 ιι.

223 4534 919 4614 sermonibusasperserit
970 4538 1148 4614 potius
1174 4552 1337 4607 quam
1378 4539 1653 4614 veritatis,
1676 4547 1799 4614 _aut
1832 4534 1882 4595 D
1979 4543 2089 4614 (51)
2114 4542 2221 4614 Καὶ
2242 4534 2497 4614 αἱρετῧν,
2530 4534 2822 4614 ςιρᾙΗιιιιο
2853 4534 3191 4614 postremam
3216 4538 3318 4593 loci
3347 4539 3494 4614 illius

222 4613 505 4684 opinionis
542 4606 776 4684 alicujus
820 4606 1483 4684 deter‘niinataiquaedam
1514 4609 1806 4684 .veluthe-

224 4678 399 4739 niina.
425 4681 559 4736 Illud
584 4688 790 4736 eertum
816 4689 899 4733 est
927 4689 1090 4748 atque
1111 4679 1474 4748 explorattun,
1499 4678 1569 4732 ab
1593 4695 1655 4732 ea
1681 4678 1801 4733 Pla~

222 4754 377 4809 tonis
409 4753 476 4807 de
509 4753 687 4806 anima
716 4751 964 4804 doctrina
1004 4745 1343 4804 derivavisse
1389 4745 1724 4813 Platonicos,
1755 4759 1809 4805 et

222 4839 354 4878 cum
390 4823 511 4878 istis
541 4821 834 4875 nonnullos
858 4821 1129 4890 primaeva:
1158 4818 1418 4890 Ecclesia:
1444 4817 1653 4880 Patres,
1692 4821 1809 4889 opi-

222 4896 446 4951 nionem
481 4893 628 4947 illam
677 4892 746 4946 de
789 4889 970 4946 mente
1018 4890 1089 4944 ab
1122 4890 1301 4943 anima
1333 4889 1387 4941 in
1441 4890 1660 4943 homine
1691 4890 1807 4945 dis-

224 4967 434 5029 tincta;
480 4963 641 5031 cujus
671 4977 778 5015 non
802 4960 971 5015 semel
1011 4961 1339 5014 mentionem
1370 4958 1517 5031 facit,
1544 4959 1597 5011 in
1634 4964 1805 5013 Anco-

223 5044 347 5089 rato
382 5030 740 5103 Epiphanius.
777 5031 909 5086 Vide
947 5032 1261 5099 superiores
1306 5030 1805 5085 animadversiones

222 5114 468 5161 nostras.

303 5175 416 5236 (49)
460 5175 523 5227 '0
550 5170 901 5240 Κυρηναῖος.
929 5169 1028 5226 Hic
1053 5179 1213 5226 secta:
1243 5168 1653 5240 philospphicaa,
1685 5187 1807 5239 qua:

224 5262 258 5301 a
294 5245 526 5316 Cyrene.
579 5238 934 5316 celeberrima
979 5242 1182 5316 A_t_'ri_ca:_
1217 5238 1368 5316 urbe,
1398 5238 1805 5316 Cyrenaiga’est

225 5310 563 5385 nuncupata,
588 5328 820 5385 quaeque
848 5312 1279 5385 impudicissima
1308 5310 1378 5363 ob
1406 5325 1585 5366 mores
1612 5311 1806 5380 depra-

225 5397 385 5441 vates
415 5381 444 5437 5.
492 5384 678 5437 multis
711 5383 960 5446 habetur,
1001 5392 1215 5444 auctor,
1245 5381 1314 5435 de
1359 5394 1468 5448 quo
1506 5384 1804 5437 consulen-

225 5458 337 5509 dus
377 5455 608 5507 maxime
644 5452 914 5507 Laertius.

305 5524 415 5594 (50)
457 5525 522 5576 '0
557 5524 789 5587 Ἀθεος.
819 5522 1035 5594 Aperta:
1068 5520 1363 5594 impietatis
1394 5530 1687 5579 accusatus
1718 5532 1801 5578 est

227 5591 552 5649 Theodorus
582 5594 671 5648 ille
709 5601 873 5648 secta:
900 5591 1216 5662 Cyrenaica:
1243 5596 1477 5660 assecla,
1508 5601 1562 5648 et
1581 5594 1652 5648 ob
1677 5609 1797 5648 eam

132 5693 149 5705 ο
228 5678 456 5719 causam
494 5678 706 5718 veneno
748 5671 1003 5717 necatus:
1036 5678 1145 5716 non
1185 5664 1329 5731 ιιιιοιῑ
1371 5679 1561 5720 revera
1603 5679 1801 5718 numen

226 5750 396 5791 omne
433 5735 733 5803 negaverit,
772 5732 865 5788 sed
893 5734 1037 5802 quod
1068 5748 1097 5785 a
1140 5748 1365 5788 suorum
1402 5735 1663 5803 religione
1689 5733 1801 5788 dis-

237 5805 497 5871 senserit,
522 5819 746 5877 eantque
780 5804 1034 5874 in'iserit,
1071 5806 1407 5861 contendunt
1430 5806 1646 5874 plurimi
1674 5820 1798 5860 cum

1910 4610 2121 4684 partem
2145 4613 2216 4684 ita
2250 4612 2439 4684 Latine
2478 4625 2508 4663 a
2538 4611 2762 4666 Petavio
2793 4610 3057 4664 redditam
3092 4610 3329 4684 legimus
3350 4610 3492 4684 :_de-

1913 4681 2071 4754 inique
2125 4683 2200 4754 vel
2253 4682 2590 4754 insipientem
2643 4691 2798 4754 atque
2854 4690 3215 4754 contumacem
3276 4681 3492 4733 divitem

1912 4750 2270 4807 asciscendum
2288 4769 2397 4805 esse
2414 4767 2431 4814 ,'
2447 4751 2593 4822 quod
2608 4766 2741 4806 sane
2760 4750 2936 4806 Cra-ci
2953 4758 3133 4805 textus
3146 4766 3369 4806 sensum
3386 4754 3489 4805 mi-

1910 4840 2015 4879 nus
2047 4824 2181 4877 bene
2217 4822 2422 4877 referre
2456 4825 2687 4877 videtur.

1982 4894 2094 4963 (52)
2126 4892 2209 4957 Τῷ
2236 4893 2304 4946 δὲ
2328 4892 2520 4961 σορῷ,
2554 4901 2661 4946 etc.
2690 4890 2929 4945 Docebat
2962 4889 3223 4963 Hegesias
3257 4901 3489 4946 mortem

1908 4966 2032 5018 vita:
2061 4979 2183 5019 esse
2234 4964 2713 5032 anteponendam;
2746 4977 2855 5016 non
2893 4963 3047 5032 quod
3083 4962 3151 5014 ab
3198 4962 3486 5032 Aristippi,

1909 5045 1999 5089 aut
2032 5034 2345 5104 Cyrenaica:
2369 5031 2588 5087 seliola:
2611 5034 2846 5087 decretis
2873 5031 3142 5104 defecerit
3171 5031 3484 5101 aliquando,

1910 5106 2004 5160 sed
2067 5103 2210 5174 quod
2256 5105 2705 5158 animadverterit
2757 5103 3041 5174 mortalem
3095 5103 3263 5174 vitam
3305 5104 3487 5158 vivere

1911 5172 2183 5229 hominem
2219 5176 2427 5243 absque
2462 5172 2826 5228 incommodis
2862 5188 2970 5225 nun
3018 5188 3201 5241 posse.
3231 5173 3367 5228 llinc
3406 5191 3488 5227 sa-

1910 5246 2016 5300 tius
2045 5246 2276 5300 ducebat
2318 5255 2543 5298 mortem
2577 5253 2855 5312 oppetere,
2891 5258 3055 5311 quam
3090 5245 3384 5299 infeliciter
3410 5244 3489 5295 vi-

1910 5331 2052 5369 vere.
2085 5315 2603 5383 Eioquentissirmuu
2658 5316 2809 5366 illum
2851 5314 3022 5368 fuisse
3064 5314 3191 5369 inde
3217 5315 3486 5378 eruiinus,

1908 5387 2052 5454 quod
2081 5387 2208 5439 dum
2236 5386 2487 5439 insanum
2517 5385 2646 5437 illud
2675 5395 3042 5438 commentqu
3075 5399 3234 5438 suum
3256 5385 3488 5454 dicendo

1906 5453 2229 5524 exponebat,
2275 5456 2523 5523 pluribus
2567 5455 2889 5508 voluntaria:
2930 5455 3121 5508 mortis
3154 5453 3479 5524 desiderium

1906 5521 2195 5581 creaverit.
2232 5521 2295 5580 Et
2346 5541 2413 5580 eo
2459 5527 2682 5580 nomine
2733 5535 2954 5580 cautum
2987 5532 3073 5577 est
3105 5539 3135 5577 a
3188 5521 3483 5577 Ptolemieo

1907 5610 2033 5665 rege
2062 5612 2130 5649 ne
2177 5596 2406 5650 ulterius
2438 5595 2505 5650 de
2533 5611 2599 5650 eo
2639 5596 2953 5651 dissereret.
2990 5591 3126 5648 Vide
3154 5592 3486 5647 Ciceronem

1908 5665 2196 5719 Tusculan.
2228 5677 2419 5734 quiest.
2453 5668 2547 5720 lib.
2585 5683 2620 5729 I,
2654 5681 2803 5720 num.
2836 5665 2925 5719 54.

1978 5737 2091 5805 (55)
2132 5732 2376 5793 Ἔπειτα
2404 5738 2680 5803 Κυνικός.
2718 5735 2833 5791 lino
2884 5732 3141 5789 fundator
3193 5739 3354 5789 secta:
3380 5732 3483 5802 Cy-

1906 5824 2061 5861 ιιιυιυ.
