3958 6438
240 401 373 458 79³1

830 397 1204 456 ADVERSUS
1237 398 1585 457 HIERESES
1623 401 1752 459 LIB.
1786 400 1847 458 Ill

1967 399 2086 460 ΟΜ.
2128 402 2193 459 ll.
2238 432 2297 449 -—
2342 401 2708 460 EXPOSITIO
2743 402 2945 461 FlDEl.

3441 405 3547 464 798

244 516 418 586 ἣλιον
436 530 450 548 ο
496 513 591 568 καὶ
645 510 737 568 τδν
783 512 987 583 κόσμον
1043 512 1268 583 μύστας,
1312 514 1410 568 καί
1438 515 1565 579 τοὺς
1590 516 1847 586 κατόχους

1967 517 2240 585 iaci/erum
2269 531 2426 579 esse;
2459 515 2720 571 mundum
2747 516 2925 585 ipsum
2957 514 3296 570 initiatorum
3324 532 3338 571 :
3364 514 3548 569 atllatu

242 606 375 661 τῶν
404 604 563 659 θείων
588 603 806 668 τελετὰς
835 603 1005 671 ἔλεγε.

342 810 586 879 Περσεὺς
623 808 689 860 τὰ
711 805 849 860 αὐτὰ
878 806 1087 877 Ζήνωνι
1122 806 1466 876 ἐδογμάτισε.

338 899 663 969 Χρύσιππος
690 898 717 948 ὁ
750 895 945 960 Σολεὺς
975 895 1173 967 νόμους
1212 896 1451 968 ἔγραψεν
1481 897 1542 951 οὐ
1574 897 1850 969 θεμιτούς.

252 990 466 1057 ’⁹Ελεγε
490 988 598 1058 γὰρ
620 991 731 1040 δεῖν
754 985 1049 1056 μίγνυσθαι
1065 989 1186 1050 ταῖς
1210 989 1451 1059 μητράσι
1477 990 1603 1051 τοὺς
1636 989 1851 1055 παῖδας,

244 1085 379 1145 τοῖς
406 1082 463 1135 δὲ
490 1080 730 1151 πατράσι
760 1079 859 1143 τὰς
881 1079 1207 1151 θυγατέρας.
1264 1081 1356 1144 Εἰς
1380 1080 1438 1133 δὲ
1473 1081 1540 1133 τὰ
1562 1082 1699 1135 ἄλλα
1730 1099 1855 1135 συν-

247 1174 513 1244 εφὼνησε
549 1175 756 1244 Ζήνωνι
796 1171 874 1242 τῷ
901 1173 1098 1227 Κιτιεῖ.
1148 1171 1294 1243 Πρὸς
1333 1172 1544 1236 τούτοις
1589 1173 1644 1226 δὲ
1675 1172 1851 1241 ἔλεγε,

248 1267 361 1318 καὶ
387 1263 846 1335 ἀνθρωποόορετν.
903 1262 1098 1330 Ἔλεγε
1143 1262 1200 1317 δὲ
1235 1262 1298 1316 τὸ
1349 1263 1504 1327 τέλος
1543 1264 1763 1317 πάντων
1792 1263 1855 1317 τὸ

246 1356 543 1427 ἡδυπαθὲς
571 1352 731 1409 εἶναι.
1836 1346 1841 1351 ’

334 1447 593 1517 Διογένης
645 1448 674 1500 ό
715 1446 1058 1512 Βαϐυλώνιος
1093 1446 1245 1515 ἔλεγε
1281 1445 1349 1499 τὰ
1394 1444 1685 1516 σύμπαντα
1738 1462 1857 1503 συν-

251 1537 518 1591 ίστασθαι
552 1537 611 1602 ἐξ
637 1537 850 1610 ἡδονῆς.

335 1630 625 1695 Παναίτιος
665 1631 693 1684 ὁ
734 1631 932 1696 Ῥόδιος
977 1631 1069 1685 τὸν
1114 1632 1320 1703 κόσμον
1364 1632 1549 1702 ἔλεγεν
1584 1634 1853 1688 ἀθάνατον

251 1720 360 1774 καὶ
381 1722 595 1792 ἀγήρω,
620 1722 713 1775 καί
736 1722 837 1792 τῆς
860 1721 1120 1793 μαντείας
1143 1725 1265 1777 κατ’
1284 1724 1436 1778 οὐδὲν
1453 1727 1822 1796 ἐπεστρέφετο
1836 1742 1851 1756 ο

252 1813 359 1866 καὶ
386 1811 454 1865 τὰ
484 1815 611 1884 περὶ
640 1813 777 1867 θεῶν
805 1815 1075 1886 λεγόμενα
1110 1816 1321 1888 ἀνῄρει.
1358 1816 1557 1887 Ἔλεγε
1582 1817 1690 1889 γὰρ
1719 1818 1855 1891 φλη-

253 1917 431 1971 ναφον
457 1897 597 1955 εἶναι
629 1901 721 1956 τὸν
752 1905 881 1976 περὶ
908 1904 1046 1958 Θεοῦ
1078 1904 1255 1974 λόγον.

335 2083 691 2150 Ποσειδώνιος
727 2087 1011 2158 Ἀπαμεὺς
1061 2087 1215 2157 ἔλεγε
1249 2087 1311 2142 τδ
1348 2091 1604 2160 μέγιστον
1650 2093 1709 2145 ὲν
1756 2094 1851 2149 ἀν-

250 2172 505 2247 Θρώποις
532 2174 741 2244 ἀγαθὸν
762 2172 899 2231 εἶναι
931 2177 1158 2231 πλοῦτον
1191 2180 1286 2233 καὶ
1318 2181 1530 2249 ὑγείαν.

344 2264 710 2337 Ἀθηνόδωρος
739 2269 990 2340 Ταρσεὺς
1016 2269 1087 2323 τὰ
1105 2271 1244 2324 αὐτὰ
1268 2273 1579 2345 Χρυσίππῳ
1609 2274 1846 2341 ὲδόξασε,

254 2357 355 2409 καὶ
380 2357 460 2410 τὰ·
487 2358 627 2411 αὐτὰ
661 2359 867 2429 Ζήνωνι
901 2360 1279 2432 ἐδογμάτισεν.

343 2449 670 2522 Ἐπίκουρος
705 2454 734 2506 ό
793 2453 1114 2518 Νεοκλέους,
1172 2457 1232 2508 ἐν
1294 2453 1545 2527 Ἀθήναις
1599 2460 1847 2529 τραφεὶς,

254 2540 539 2611 φιλήδονον
593 2544 706 2614 βίον
759 2545 994 2617 μετῆλθε
1019 2564 1034 2579 ·
1073 2549 1167 2602 καὶ
1217 2550 1318 2602 οὐκ
1354 2549 1591 2620 ἠρυθρία
1634 2550 1850 2619 γυναιξὶ

253 2633 438 2687 συνὼν
485 2634 722 2707 δημοσίᾳ
747 2638 1097 2706 ἀκολάστοις,
1132 2640 1250 2711 μεθ’
1283 2640 1319 2694 δι
1368 2640 1559 2712 πρώην
1590 2642 1718 2715 περὶ
1750 2641 1851 2696 αὐ-

254 2724 354 2779 τοῦ
396 2726 643 2796 εἴπομεν.
677 2729 846 2783 Πάλιν
883 2730 1037 2799 ἔλεγε
1073 2732 1147 2803 μὴ
1194 2729 1330 2787 εἶναι
1362 2732 1517 2796 θεοὺς
1550 2733 1686 2804 (59),
1736 2733 1850 2787 ἀλλ’

254 2816 289 2885 ἢ
335 2817 497 2886 μόνον
544 2817 715 2890 τύχην
767 2822 985 2876 διοικεῖν
1016 2824 1084 2877 τὰ
1119 2825 1319 2890 πάντα,
1351 2824 1445 2878 καὶ
1495 2825 1661 2897 μηδὲν
1711 2821 1850 2882 εἶναι

252 2907 368 2960 τῶν
396 2910 453 2960 έν
489 2908 568 2978 τῷ
608 2910 707 2982 βίῳ
739 2912 1007 2975 ἑκούσιον,
1053 2915 1189 2984 μήτε
1224 2915 1482 2986 μάθησιν,
1519 2919 1656 2988 μήτε
1687 2919 1853 2971 ἀπαι-

254 2999 501 3065 δευσίαν,
540 3003 677 3073 μήτε
712 3003 839 3056 ἄλλο
874 3005 1062 3077 μηδὲν,
1097 3007 1236 3061 ἀλλὰ
1282 3010 1460 3062 πάντα
1494 3009 1726 3063 ἀκούσια
1761 3011 1850 3079 γίν-

254 3090 450 3143 νεσθαι
498 3093 653 3146 πᾶσι.
688 3094 798 3146 Καὶ
846 3095 908 3148 οὐ
944 3096 1289 3167 χρηψέγειν
1336 3099 1478 3163 τινὰ,
1531 3100 1608 3163 ὥς
1662 3117 1848 3171 φησιν,

254 3181 385 3236 οὔτε
436 3186 711 3237 ἐπαινεῖν·
749 3187 809 3238 οὐ
861 3187 971 3258 γὰρ
1022 3189 1240 3252 ἑκόντες
1296 3189 1468 3244 ταῦτα
1505 3191 1847 3261 ὑφίστανται.

1957 608 2248 665 numinum
2282 618 2589 679 correptos,
2627 610 3080 663 caeremoniarum
3116 620 3181 661 ac
3226 607 3436 661 rituum
3468 606 3547 661 vi-

1956 717 2075 758 cem
2104 703 2375 756 obtinere.

2026 795 2261 849 Perseus
2297 792 2504 848 Zenoni
2541 791 2758 862 penitus
2785 788 3118 859 astipulatus
3150 795 3255 845 est.

2027 886 2370 958 Chrysippus
2423 885 2673 939 Solensis
2741 882 2981 937 nefarias
3024 889 3080 936 et
3127 882 3353 937 illicitas
3402 881 3546 950 leges

1957 979 2159 1034 sanxit.
2196 978 2328 1032 Nam
2361 985 2415 1033 et
2448 977 2587 1032 illios
2621 990 2746 1030 eum
2781 973 3073 1038 matribus,
3098 981 3299 1027 etcum
3329 972 3546 1026 liliabus

1958 1081 2142 1141 patres
2173 1070 2541 1125 commiscere
2564 1080 2796 1136 corpora
2826 1066 3065 1120 volebat.
3093 1064 3148 1118 In
3174 1066 3390 1120 caeteris
3418 1081 3543 1118 cum

1956 1160 2183 1216 Citiensi
2238 1160 2459 1215 Zenone
2509 1159 2803 1215 sentiebat.
2857 1156 3108 1212 Addebat
3154 1164 3208 1211 et
3254 1156 3419 1219 illud,
3487 1162 3547 1209 ut

1957 1254 2214 1309 humanis
2259 1253 2526 1307 carnibus
2572 1249 2906 1305 vescendum
2948 1256 3233 1305 statueret.
3280 1247 3546 1303 Ultimum

1957 1346 2226 1401 bonorum
2262 1345 2422 1400 tinem
2457 1344 2622 1398 animi
2652 1343 2999 1413 jucunditate
3027 1341 3380 1397 metiebatur.

2028 1437 2302 1509 Diogenes
2348 1436 2685 1507 Babylonius
2742 1434 2927 1489 omnia
2984 1450 3052 1489 ex
3097 1434 3375 1505 voluptate
3415 1447 3549 1487 con-
3613 1493 3616 1496 ,

1956 1536 2105 1585 stare
2143 1529 2421 1584 censebat.

2026 1620 2300 1676 Panaetius
2332 1619 2581 1674 Rhodius
2614 1618 2877 1673 mundum
2922 1614 3226 1671 allirmabat
3266 1615 3548 1670 immorta-

1956 1713 2083 1774 lem,
2110 1726 2287 1781 neque
2320 1710 2476 1765 senio
2515 1724 2579 1763 ac
2606 1717 2874 1764 vetustate
2896 1706 3112 1762 contici.
3144 1705 3544 1760 Divinationem

1957 1796 2208 1852 funditus
2251 1797 2594 1866 repudiabat.
2640 1796 2848 1866 1091
2888 1793 3020 1861 Qua:
3064 1794 3128 1849 de
3152 1793 3260 1849 Deo
3290 1809 3548 1851 asserun-

1880 1897 1922 1952 Β
1953 1900 2063 1953 tur,
2089 1890 2386 1945 evertebat.
2421 1888 2710 1943 Summum
2740 1888 2980 1942 hominis
3004 1886 3209 1942 bonum
3233 1887 3288 1941 in
3309 1886 3540 1954 divitiis,

1954 1998 2017 2037 ac
2051 1982 2285 2037 sanitate
2314 1982 2549 2051 ponebat
2574 1980 2732 2051 (ὅθ’).

2024 2072 2354 2129 Posidonius
2390 2071 2724 2142 Apamensis
2760 2084 3040 2126 summum
3068 2068 3307 2125 hominis
3341 2068 3545 2125 bonum

1952 2167 2007 2220 in
2029 2165 2234 2221 divitiis
2263 2172 2318 2220 et
2349 2164 2587 2219 sanitate
2609 2164 2866 2234 ponebat.

2023 2257 2408 2312 Athenodorus
2477 2252 2769 2311 Tarsensis
2825 2253 3014 2310 eadem
3072 2268 3196 2310 cum
3235 2252 3545 2326 Chrysippo

1951 2363 2015 2403 ac
2042 2347 2261 2402 Zenone
2313 2346 2565 2417 dogmata
2601 2346 2795 2400 tenuit.

2021 2437 2290 2507 Epicurus
2306 2434 2694 2500 Neoclislilius,
2713 2435 2939 2491 Athenis
2952 2434 3240 2503 educatus,
3257 2436 3545 2507 voluptua—

1951 2527 2098 2586 riam
2133 2529 2300 2583 vitam
2331 2529 2618 2598 amplexus
2644 2536 2747 2585 est.
2783 2528 2966 2599 Itaque
2993 2543 3118 2583 cum
3152 2528 3542 2583 meretricibus

1952 2621 2171 2691 publice
2217 2622 2339 2678 sine
2384 2620 2495 2675 ullo
2548 2620 2750 2677 rubore
2793 2621 3250 2676 consuetudinem
3307 2621 3541 2675 habuit:

1952 2720 2150 2782 praeter
2166 2726 2230 2768 ea
2247 2726 2370 2782 quae
2389 2711 2459 2767 de
2484 2712 2578 2766 illo
2605 2712 2788 2782 operis
2817 2713 2984 2782 hujus
3008 2712 3168 2766 initio
3193 2712 3542 2781 scripsimus.

1953 2802 2094 2858 Deos
2119 2816 2242 2860 esse
2268 2803 2451 2859 nullos
2480 2803 2681 2870 aiebat,
2707 2803 2804 2859 sed
2831 2803 3065 2859 fortuna:
3089 2804 3320 2860 arbitrio
3344 2812 3547 2857 cuncta

1951 2897 2277 2966 gubernari.
2311 2895 2457 2951 Nihil
2486 2897 2542 2951 in
2569 2895 2774 2951 mundo
2805 2896 3173 2950 voluntarium
3211 2910 3274 2949 ac
3313 2895 3542 2949 liberum

1954 2986 2158 3052 inesse,
2194 3003 2303 3043 non
2329 2986 2702 3057 disciplinam,
2730 3002 2837 3041 non
2870 2972 3220 3056 imperitiam,
3262 3000 3368 3040 non
3396 2984 3546 3039 aliud

1951 3078 2274 3149 quidquam,
2323 3078 2420 3133 sed
2456 3079 2714 3133 omnibus
2755 3080 2939 3133 omnia
2966 3085 3166 3148 praeter
3207 3078 3543 3131 voluntatem

1952 3170 2219 3224 accidere.
2269 3168 2553 3225 Neminem
2596 3169 2806 3225 idcirco
2838 3171 3278 3240 vituperandum,
3312 3176 3405 3225 aut
3433 3169 3548 3224 col-

260 3274 460 3343 Ἔλεγε
491 3276 549 3329 δὲ
587 3278 660 3348 μὴ
703 3277 814 3331 δεῖν
862 3240 1170 3350 (ροδηθῆναι

1967 3260 2285 3314 audendum
2325 3275 2469 3326 esse,
2503 3276 2569 3315 eo
2594 3261 2743 3330 quod
2772 3261 2908 3315 nihil
2942 3260 3256 3317 istiusmodi
3279 3277 3343 3316 ex
3368 3261 3546 3315 libero

254 3362 479 3419 δοιιοῦτο
510 3366 586 3433 δὲ,
617 3367 692 3431 ὡς
723 3369 827 3439 ἤδη
857 3367 1014 3439 ἔφην,
1045 3369 1104 3435 ἐξ
1141 3371 1359 3443 ἀτόμων
1388 3373 1486 3425 καὶ
1523 3373 1582 3426 τὸ
1612 3375 1720 3427 πᾶν
1751 3374 1849 3447 τὴν

256 3457 524 3512 σύστασιν
550 3458 717 3529 ἔχειν,
747 3460 839 3515 καὶ
865 3461 958 3515 τὸν
989 3462 1194 3534 κόσμον
1226 3464 1284 3517 έν
1314 3464 1530 3536 ἀπείρῳ
1559 3460 1719 3519 εἶναι.

330 3721 390 3775 l'.
433 3722 543 3775 Καὶ
577 3715 719 3777 οὗτοι
749 3723 848 3795 μὲν
876 3725 925 3778 oi
956 3724 1014 3793 ἐξ
1055 3725 1321 3798 Ἐλλήνων
1346 3728 1427 3791 είς
1465 3728 1666 3797 γνῶσιν
1694 3728 1848 3801 ἡμῶν

254 3812 604 3883 ἐληλύθασιν.
645 3816 830 3870 ’Ἄλλοι
861 3817 918 3871 δὲ
951 3802 1067 3873 ὅσοι
1098 3818 1240 3872 κατὰ
1281 3817 1379 3890 τὴν
1409 3819 1714 3893 Βάρϐαρον.
1755 3822 1849 3876 καὶ

266 3904 514 3971 Ἐλλάδα,
588 3906 866 3977 Ῥωμαίαν
909 3927 969 3991 τε
1027 3912 1121 3964 καὶ
1170 3911 1418 3967 caena
1467 3912 1705 3983 κλίματα
1751 3914 1849 3984 τῆς

254 3997 602 4069 οἰκουμένης,
659 3999 1026 4071 ἐϐδομήκοντα
1073 4002 1166 4057 δύο
1232 4003 1331 4075 μὲν
1386 4004 1570 4075 ἀηδεῖς
1626 4004 1847 4075 φιλοσο-

256 4088 388 4160 φίαν
440 4091 550 4161 (60)
582 4090 641 4145 ἐν
687 4093 752 4164 τῇ
816 4092 925 4148 τῶν
994 4094 1170 4149 Ἰνδῶν
1234 4096 1564 4169 ὲμφέρονται
1621 4097 1847 4169 φατρία,

255 4181 367 4236 τῶν
404 4199 463 4236 τε
494 4185 963 4255 γυμνοσοφιστῶν,
1010 4187 1119 4240 τῶν
1166 4205 1226 4241 τε
1274 4188 1638 4260 Βραχμάνων,
1686 4191 1848 4246 ἐπαι-

252 4272 428 4329 νετῶν
459 4274 665 4329 τούτων
702 4277 901 4348 μόνων,
943 4278 1051 4332 τῶν
1077 4295 1135 4332 τε
1168 4280 1706 4352 Ψευδοὸραχμάνων,
1737 4281 1849 4335 τῶν

254 4384 318 4420 τε
345 4368 720 4437 νεκυοφὰγων,
752 4370 861 4423 τῶν
903 4387 961 4423 τε
1007 4372 1397 4443 αίσχροποιῶν,
1428 4374 1536 4428 τῶν
1565 4391 1625 4427 τε
1668 4374 1841 4445 ἀπηλ-

254 4457 512 4529 γημένων
536 4473 552 4489 ⁸
588 4451 663 4512 ὧν
689 4458 750 4512 τὸ
785 4458 907 4513 κατ’
952 4457 1093 4525 εἶδος
1139 4461 1340 4530 λέγειν,
1373 4463 1468 4516 καὶ
1496 4461 1565 4516 τὰ
1593 4463 1725 4533 παρ’
1751 4465 1849 4517 αὑ..

256 4547 368 4651 sfw
410 4551 983 4651 ﬁuaapaqmdusva,
1041 4555 1299 4625 περιττὸν
1350 4555 1699 4627 ἡγησάμεθα,
1750 4552 1845 4610 καὶ
1878 4595 1922 4651 D

254 4636 379 4693 οὔτε
402 4638 573 4719 ᾷξιον,
607 4641 694 4694 διὰ
718 4641 817 4714 τὴν
847 4642 1046 4716 πολλὴν
1077 4645 1134 4697 ὲν
1163 4646 1276 4709 τοῖς
1302 4645 1611 4717 ἀνθρώποις
1639 4645 1846 4718 φθορὰν

254 4729 455 4794 κακίας
489 4748 547 4784 τε
593 4732 686 4785 καὶ
727 4733 1011 4805 ἐργασίας.
1081 4731 1170 4788 Ἐν
1219 4734 1319 4805 μὲν
1370 4735 1478 4806 γὰρ
1538 4737 1604 4807 τῇ
1661 4736 1845 4808 Μηδίᾳ

252 4822 316 4893 ἒξ
349 4822 586 4896 αἱρέσεις
617 4824 779 4881 πάλιν
819 4824 1067 4895 λέγονται
1096 4821 1239 4883 εἶναι
1276 4825 1524 4901 διάφοροι
1549 4842 1563 4858 ·
1606 4828 1665 4883 ὲν
1690 4827 1748 4881 δὲ
1776 4830 1843 4903 τῇ

328 5115 441 5198 (ξθ)
475 5114 669 5198 ndau;
695 5114 868 5188 ἔλεγε
890 5118 976 5198 μὴ
1008 5116 1163 5175 εἶναι
1186 5121 1381 5198 ᾂεούς.
1410 5119 1522 5198 lm_o
1566 5136 1689 5177 esse
1713 5120 1847 5179 deos

251 5187 473 5257 quidem
526 5188 755 5260 minime
794 5187 1065 5260 negabat;
1114 5191 1211 5246 sed
1258 5207 1440 5247 rerum
1478 5192 1842 5247 humanarum

248 5271 481 5312 securos
513 5272 579 5312 ac
604 5258 831 5314 feriatos
862 5258 985 5316 esse
1013 5260 1261 5331 jubebat.
1290 5260 1580 5318 Lucretius
1612 5263 1707 5317 lib.
1743 5278 1756 5317 ι
1786 5281 1800 5317 :

360 5391 548 5447 Omnis
581 5393 720 5447 enim
742 5409 837 5459 per
866 5410 920 5448 se
950 5393 1130 5449 divum
1164 5405 1359 5448 natura
1390 5412 1597 5450 necesse
1620 5406 1700 5452 est

362 5460 666 5535 immortali
695 5481 804 5518 wvo
837 5480 1046 5535 summa
1078 5481 1195 5525 cum
1228 5481 1355 5534 pace
1386 5467 1621 5535 fruatur,

361 5531 576 5608 Semota
608 5534 671 5608 ab
703 5535 903 5608 nostris
939 5531 1486 5608 rebus,_sejuactaquc
1519 5531 1691 5608 longe.

365 5601 508 5673 Nam
537 5607 747 5670 priuata
774 5604 959 5659 dolore
991 5606 1156 5670 omni,
1189 5601 1659 5673 privata'periclis,

363 5672 491 5747 ipsa
512 5676 636 5747 suis
668 5675 871 5744 pollens
901 5674 1105 5743 opibus.
1146 5672 1279 5729 nihil
1302 5675 1481 5747 indiga
1507 5680 1698 5743 nostri,

359 5742 473 5801 Nec
504 5744 629 5800 bene
649 5742 950 5815 promeritis
973 5747 1203 5817 capitur,
1234 5762 1328 5803 nec
1362 5742 1602 5872 (diligitur
1632 5742 1734 5804 ira.

1470 5832 1631 5872 επεν.

1470 5832 1537 5873 ΕΤ
1546 5833 1631 5874 AV.

1953 3352 2119 3405 animi
2171 3351 2393 3407 decreto
2431 3353 2716 3422 suscipiat.
2764 3352 2992 3408 Mortem
3028 3354 3265 3424 negabat
3305 3369 3543 3422 unquam

1950 3458 2074 3498 csse
2108 3444 2628 3513 pertimescendam.
2666 3444 2834 3511 Idem,
2871 3452 2930 3498 ut
2964 3453 3126 3498 antea
3157 3445 3292 3510 dixi,
3326 3460 3391 3499 ex
3425 3452 3547 3497 ato-

1950 3534 2056 3586 mis
2100 3541 2273 3588 toturn
2313 3535 2419 3591 hoc
2465 3535 2787 3591 universum
2833 3546 3121 3601 constare,
3156 3544 3210 3591 et
3245 3537 3298 3589 in
3331 3536 3545 3591 inﬁnito

1953 3627 2130 3697 Spatio
2164 3628 2430 3682 mundum
2464 3643 2589 3684 esse
2619 3627 3002 3698 proﬁtebatur.

2022 3716 2090 3771 X.
2133 3717 2197 3773 Hi
2238 3731 2369 3773 sunt
2414 3728 2683 3775 sectarum
2731 3720 2873 3789 apud
2923 3718 3145 3774 Graecos
3189 3719 3541 3781 conditores.

1951 3825 2093 3880 quos
2133 3812 2441 3882 comperire
2474 3812 2775 3884 potuimus.
2817 3810 2973 3879 Quod
3019 3812 3086 3867 ad
3127 3813 3266 3868 alios
3312 3820 3544 3882 spectat,

1952 3903 2045 3974 qui
2079 3902 2220 3960 inter
2251 3902 2543 3971 Barbaros,
2578 3914 2673 3959 aut
2706 3905 2760 3959 in
2788 3904 3023 3969 Grmcia,
3065 3920 3131 3960 ac
3171 3902 3548 3960 Romanorum

1951 3996 2193 4068 regione,
2222 3997 2410 4052 aliisve
2444 3996 2633 4052 mundi
2670 3998 2940 4052 tractibus
2967 4005 3334 4059 emerserunt,
3363 3998 3416 4051 in
3457 3998 3542 4051 lu-

1950 4090 2145 4144 dorum
2161 4088 2383 4145 natione
2402 4106 2551 4144 Lxxn
2571 4091 2986 4148 absurdissima:
3004 4091 3369 4161 phiIOSOphiae
3386 4100 3557 4147 secta:

1953 4191 2344 4252 numerantur;
2401 4183 2549 4239 velut
2584 4182 3199 4256 Gymnosophistarum,
3243 4191 3297 4239 et
3343 4182 3550 4238 Brach-

1952 4289 2270 4340 manorum;
2313 4291 2437 4362 quze
2480 4275 2610 4330 solae
2656 4291 2722 4330 ex
2759 4274 3017 4331 omnibus
3059 4274 3348 4329 laudanda:
3387 4284 3547 4329 sunt.

1951 4365 2087 4421 Tum
2116 4364 2814 4434 Pseudobrachmanorum,
2845 4375 2900 4424 et
2927 4383 3139 4432 eorum,
3164 4368 3258 4440 qui
3292 4377 3543 4422 mortuo-

1950 4474 2074 4513 rum
2098 4457 2462 4513 cadaveribus
2488 4466 2824 4527 vescuntur;
2849 4470 2903 4516 et
2924 4461 3015 4531 qui
3043 4459 3405 4516 fmdissimam
3431 4475 3553 4515 rem

1951 4557 2289 4623 perpetrant,
2328 4558 2384 4606 et
2416 4550 2510 4620 qui
2548 4550 2756 4622 stupidi
2789 4551 3172 4622 dcsperatique
3205 4558 3356 4606 sunt.
3390 4550 3548 4618 Quo-

1956 4659 2076 4699 rum
2111 4643 2324 4715 singula
2363 4642 2639 4715 persequi,
2680 4652 2734 4699 et
2773 4643 3049 4700 horrenda
3099 4643 3346 4698 facinora
3390 4657 3551 4699 com-

1952 4752 2300 4816 memorare,
2350 4753 2816 4810 supervacaneum
2895 4745 2950 4795 et
3000 4738 3283 4810 indignum
3334 4737 3548 4808 putavi:

1955 4836 2109 4885 tanta
2147 4815 2503 4885 est'istorum
2542 4829 2830 4885 hominum
2879 4829 3138 4901 nequitia:
3182 4827 3552 4903 ﬂagitiorum‘

2025 5113 2137 5185 (60)
2175 5113 2617 5184 Ἐϐδομτὶκοντιι
2648 5113 2771 5172 δύο
2793 5115 2910 5185 μὲν
2941 5114 3148 5183 ἀηδεῖς
3171 5115 3546 5185 φιλοσοφίαι.

1955 5184 2152 5241 Mirum
2183 5193 2263 5239 tot
2292 5186 2436 5256 apud
2474 5187 2633 5243 ludos
2663 5184 3116 5257 philosophorum
3154 5184 3339 5243 sectas
3364 5184 3546 5257 casti-

1953 5257 2120 5327 tisse;
2180 5257 2326 5327 quod
2383 5257 2575 5327 nescio
2638 5256 2706 5310 an
2772 5257 2914 5312 alius
2965 5257 3289 5327 prodiderit.
3353 5256 3551 5310 Strabo

1953 5326 2048 5381 lib.
2080 5342 2148 5381 xv
2200 5326 2269 5380 de
2302 5326 2763 5397 lmlorum_sectis
2821 5327 2934 5397 agit
2968 5326 3264 5391 accurate,
3297 5342 3451 5397 quas,
3483 5328 3549 5383 ad

1952 5398 2063 5451 duo
2080 5397 2261 5466 capita
2287 5405 2532 5456 rexocat.
2558 5394 2934 5453 Brachmanas
2951 5407 3005 5453 et
3019 5394 3343 5454 Germanas.
3366 5395 3550 5450 Scieu-
3603 5418 3609 5424 η

1953 5467 2083 5538 dum
2113 5478 2196 5522 est
2226 5476 2407 5538 autem
2426 5468 2810 5537 Epiphanium,
2826 5468 3092 5538 αἱρέσεις,
3114 5468 3236 5538 sive
3253 5476 3432 5538 sectas
3454 5478 3536 5534 ap

1956 5537 2159 5608 pellare
2191 5537 2443 5592 instituta
2466 5535 2705 5604 vivendi,
2734 5553 2799 5593 ac
2819 5535 3070 5592 diversos
3090 5535 3336 5606 gentium
3370 5536 3547 5588 ritus:

1953 5607 2267 5676 cujusmodi
2298 5608 2729 5663 innumerabiles
2756 5608 2952 5662 contici
2987 5611 3302 5676 potuerunt.

2028 5678 2163 5799 (60?
2198 5677 2549 5733 Emendanda
2586 5694 2652 5733 ex
2702 5679 2891 5733 Graeco
2935 5677 3099 5745 hujus
3140 5676 3241 5730 loci
3278 5676 3548 5743 interpre-

2028 5751 2109 5799 .io.
2157 5749 2301 5799 mnie
2327 5748 2560 5799 allirmat.
2586 5748 2861 5799 Panaetius
2888 5762 3153 5799 nuaaccm
3182 5759 3304 5799 esse
3328 5759 3548 5799 onlnem

1954 5751 2109 5803 tatio.
2137 5748 2301 5818 lmpie
2327 5748 2560 5803 allirmat
2586 5748 2861 5806 Panaetius
2888 5762 3153 5817 uirgaccm
3182 5759 3304 5801 esse
3328 5759 3553 5802 omnem

1953 5819 2021 5875 de
2051 5818 2160 5875 Deo
2191 5834 2525 5875 sermonem.
