3958 6416
537 394 646 452 805

1936 391 1995 447 S.
2032 389 2379 446 EI’IPHANII
2470 458 2475 461 ι
3651 394 3730 453 80$

535 522 643 578 que
685 504 868 577 specie
902 504 969 558 ad
1017 500 1406 558 concitandum
1456 509 1737 573 stuporem
1770 500 1965 571 vulgus
2000 500 2126 555 illu-

2232 499 2525 572 προσώπου
2550 498 2710 568 δῆθεν
2736 498 2877 569 ὑπὲρ
2909 498 3184 572 Θαύματος
3211 498 3491 572 ἁτατηλῶς
3511 501 3571 556 τὰ
3594 503 3728 577 πλήθη

535 600 700 664 dunt;
744 605 797 652 et
843 596 1170 667 quibusdam
1226 595 1384 651 furiis
1436 595 1685 667 agitant:
1717 606 1828 647 tum
1881 601 1936 648 et
1986 592 2126 648 facie

534 701 700 741 manu
731 686 1007 742 detersum
1055 685 1334 754 quidpiam
1366 684 1432 737 ad
1464 683 1751 738 sanitatem
1797 697 2123 752 recnperan~

534 775 680 837 dam,
711 783 875 845 atque
906 773 1286 843 aegritudinem
1319 772 1558 828 remedia
1589 773 1997 843 postulantibus
2025 771 2127 825 im—

535 868 798 936 pertiunt.

604 958 721 1015 Xll.
764 958 992 1015 Ad-bzec
1021 958 1068 1014 si
1090 955 1467 1027 Memphiticas
1489 963 1542 1011 et
1563 955 1977 1026 HeliOpoliticas
2004 970 2127 1009 mu-

535 1050 697 1105 lieres
739 1049 902 1120 Orgia
942 1051 1283 1106 celebrantes
1330 1064 1646 1121 persequar,
1682 1063 1804 1117 quae
1841 1057 2126 1118 tympano-

535 1159 659 1198 rum
696 1160 760 1198 ac
805 1144 1064 1197 tibiarum
1107 1144 1337 1212 strepitu
1379 1157 1439 1197 se
1471 1142 1618 1212 ipsas
1650 1141 2039 1203 exstimulant;
2077 1141 2124 1196 si

537 1233 814 1289 Coritidas
842 1241 896 1287 et
925 1231 1553 1306 trieteritidas:qu:eque
1577 1234 1629 1289 in
1652 1234 1898 1291 Batha'ea
1916 1242 1970 1289 et
2020 1229 2126 1286 Me-

540 1325 812 1379 nuthitide
840 1323 1025 1378 furore
1051 1334 1335 1393 correptae,
1374 1324 1601 1392 pudoris
1632 1338 1716 1377 sui
1746 1335 1810 1376 ac
1842 1323 2126 1377 modestia:

541 1417 822 1472 muliebris
877 1416 1279 1471 obliviscuntur
1325 1435 1337 1469 :
1377 1425 1581 1486 quanta
1638 1415 1772 1468 mihi
1832 1414 2124 1469 verborum

541 1509 1013 1578 copia,quamqtte
1057 1508 1252 1579 amplis
1300 1508 1670 1562 voluminibus
1718 1522 1857 1576 opus
1887 1508 2015 1568 erit,
2066 1515 2125 1560 ut

538 1600 1032 1655 commemorandis
1059 1600 1128 1655 iis
1160 1600 1437 1661 omnibus,
1469 1614 1592 1669 quae
1615 1614 1779 1668 supra
1812 1597 2122 1668 percensui,

539 1708 763 1762 quicque
798 1692 1191 1762 propemodum
1242 1691 1451 1743 inlinita
1492 1702 1642 1755 sunt,
1679 1689 1994 1743 incumbere
2038 1705 2126 1744 tc-

538 1781 668 1836 lim?
698 1782 847 1837 Licet
874 1783 1018 1836 enim
1067 1782 1340 1850 ingentem
1378 1781 1507 1833 mihi
1555 1781 1657 1833 hac
1690 1779 1745 1833 in
1782 1795 1841 1834 re
1884 1780 2124 1835 laborem

2227 593 2697 665 ἐξοιστρήσαντες,
2725 591 3067 661 μεταδιδόασι
3103 594 3171 663 τῇ
3205 592 3343 664 χειρὶ
3376 590 3579 646 ἀπὸτοῦ
3609 611 3734 664 προσ-

2226 686 2377 743 ώπου
2439 685 2854 756 άπομαξάμενοι
2912 685 3127 756 ἑκάστῳ
3176 685 3283 737 τῶν
3339 686 3734 755 αἱτητάντιιινάίς

2231 775 2530 847 μετάληψιν
2555 775 2746 844 ὑγείας
2790 791 2852 828 τε
2879 774 2975 827 καὶ
3003 774 3167 836 ἄκους
3208 774 3381 829 πόνων
3419 775 3603 830 ἕνεκεν.

2298 960 2401 1015 lB'.
2434 960 2545 1024 Τάς
2579 959 2636 1013 δὲ
2661 959 3009 1033 Μεμφίτιδας
3044 957 3494 1023 Ἦλιουπολίτιδας
3522 958 3735 1030 ὀργώσας.

2225 1052 2499 1122 τυμπάνῳ
2533 1070 2592 1106 τε
2618 1054 2712 1108 καί
2738 1052 2888 1121 αὐλῷ
2916 1053 2977 1104 τὸ
3005 1050 3298 1122 θέλγητρον
3323 1053 3400 1113 είς
3435 1051 3610 1114 ἑαυτὰς
3634 1052 3736 1123 λαμ-

2226 1146 2518 1211 ϐανούσας,
2560 1147 2628 1223 εί,
2668 1145 3069 1217 διηγησαίμην,
3110 1142 3395 1214 Κορίτιδάς
3453 1159 3508 1196 τε
3549 1146 3630 1196 καὶ
3656 1160 3739 1214 τρι-

2226 1236 2565 1309 ετηρίτιδας,
2592 1237 2687 1289 καὶ
2719 1236 2819 1299 τὰς
2851 1236 2943 1289 ἐπὶ
2975 1236 3075 1305 τῆς
3114 1235 3344 1297 Balleia;
3368 1234 3461 1287 καὶ
3493 1236 3554 1287 ἐκ
3578 1236 3736 1288 Μενην-

2227 1328 2428 1392 θίτιδος
2479 1326 2583 1393 ἔξω
2608 1327 2904 1399 βεϐηκυίας
2937 1328 3077 1381 αίδοῖ
3110 1343 3171 1379 τε
3215 1328 3309 1379 καὶ
3350 1329 3649 1379 καταστάσει
3671 1341 3739 1393 γι-

2226 1420 2482 1491 ναιγμείᾳ,
2532 1419 2718 1480 πόσοις
2775 1417 2960 1486 ὄγκοις
3012 1416 3291 1485 γλώττης,
3330 1415 3365 1487 ἢ
3426 1416 3558 1485 πόσῳ
3600 1414 3739 1468 πλάτει

2228 1509 2535 1574 συντάξεως
2592 1508 2785 1562 ἑαυτὸν
2838 1507 3055 1572 ἐπιδοὺς
3118 1507 3211 1559 ἐπὶ
3266 1507 3356 1559 τὸν
3415 1506 3740 1578 προειρημένον

2226 1601 2483 1674 ἀριθμὸν,
2521 1602 2611 1655 τὸν
2642 1600 2923 1672 ἀμύθητον
2953 1599 3146 1653 ἑαυτὸν
3190 1597 3444 1652 ἐκδοῦναι
3470 1598 3740 1668 δυνήσομαι;

2226 1694 2289 1746 El
2339 1694 2447 1765 γὰρ
2501 1696 2595 1749 καὶ
2653 1694 2900 1763 κάματον
2958 1687 3378 1763 ὑπερϐάλλοντα⁸
3431 1691 3508 1753 είς
3566 1690 3741 1759 ἐμαυτὸν

2227 1782 2482 1846 ἀναδέξαι
2489 1799 2571 1852 μι,
2591 1781 2877 1836 ἀτέλεστον
2890 1780 3280 1851 καταλείψαιμι
3297 1781 3397 1850 τὴν
3415 1780 3601 1833 τούτων
3621 1780 3746 1833 κατὰ·

538 1874 913 1945 imposuerim,
963 1872 1321 1926 nihilominus
1371 1872 1591 1925 illorum
1643 1872 2021 1926 tractationem
2060 1887 2124 1926 ac

2232 1872 2407 1945 ληψιν·
2440 1871 2624 1944 ἐπειδὴ
2646 1873 2770 1945 γάρ,
2784 1871 3085 1939 Νεάνιδες,
3101 1866 3189 1926 ὧν
3207 1876 3318 1926 οὐκ
3354 1873 3520 1926 ἐστιν
3538 1870 3745 1938 ἀριθμὸς,

540 1966 1084 2038 comprehensionem
1130 1963 1503 2035 imperfectam
1550 1980 1772 2021 necesse
1813 1965 1915 2019 erit
1960 1964 2126 2019 relin-

541 2058 653 2131 qui.
692 2058 966 2129 Scriptum
995 2064 1079 2112 est
1106 2057 1249 2111 enim
1273 2074 1285 2110 :
1311 2056 1747 2122 Adulescentulus,
1774 2073 1999 2127 quarum
2021 2074 2125 2111 non

540 2158 617 2204 est
640 2165 890 2203 numerus
916 2149 953 2202 ⁸.
993 2148 1073 2201 Ad
1109 2162 1249 2217 quas
1285 2163 1440 2203 sacra
1472 2147 1560 2200 illa
1590 2149 1885 2218 pertinent,
1917 2164 2038 2218 qua:
2069 2148 2121 2202 in

540 2240 738 2310 oppido
778 2238 867 2293 Sai
912 2245 965 2293 et
1003 2237 1226 2297 Pelusii.
1268 2237 1488 2294 Bubasti
1523 2249 1577 2293 et
1603 2238 1775 2310 Abydi
1816 2249 2120 2309 geruntur:

540 2348 752 2388 necnon
792 2341 845 2387 et
890 2331 1113 2385 Antinoi
1160 2330 1409 2394 delubra,
1459 2346 1580 2384 cum
1649 2332 1945 2403 mysteriis,
2005 2344 2126 2402 qua:

540 2427 651 2481 illic
684 2427 979 2482 obeuntur.
1030 2426 1163 2481 Item
1202 2434 1256 2480 et
1300 2442 1422 2497 quae
1463 2424 1740 2493 Pbarbeti,
1784 2435 1877 2480 aut
1924 2426 2125 2497 quibus

539 2520 724 2575 hircus
760 2534 789 2573 a
825 2519 1120 2576 Mendesiis
1164 2520 1398 2586 colitur;
1447 2529 1501 2575 et
1542 2533 1664 2589 qua:
1711 2519 1765 2573 in
1812 2518 2125 2573 aniritana

540 2612 885 2683 praefectura,
916 2613 1291 2677 Sebennitica,
1330 2627 1396 2666 ac
1437 2611 1810 2681 Diospolitana
1841 2612 2127 2667 celebran-

540 2714 648 2761 tur.
683 2704 789 2760 Sed
829 2714 881 2760 et
910 2706 1110 2760 alicubi
1155 2707 1208 2759 in
1247 2706 1508 2758 honorem
1541 2702 1693 2769 Seth,
1717 2718 1876 2773 quem
1908 2703 2127 2775 Typho-

541 2816 662 2855 nem
697 2808 911 2870 pntant,
956 2800 1113 2855 asino
1153 2800 1290 2855 ritus
1329 2814 1392 2854 ac.
1429 2799 1786 2853 czcremonias
1834 2807 2123 2871 peragunt.

542 2894 643 2947 Alii
674 2891 1251 2965 Tithramboni,quam
1271 2891 1702 2961 interpretantur
1732 2889 2003 2958 Hecaten;
2037 2891 2128 2946 alii

543 2981 773 3055 Nepthy,
791 2984 879 3037 alii
895 2981 1203 3046 Thermuti,
1223 2980 1311 3035 alii
1333 2980 1459 3038 Isidi
1480 2979 1787 3036 initiantur.
1807 2980 2129 3055 Cujusmodi

542 3076 755 3131 intinita
775 3076 878 3130 alia
900 3076 1007 3132 uici
1032 3083 1419 3147 possunt,qua:
1445 3074 1725 3145 speciatim
1742 3082 1799 3128 ut
1814 3089 2131 3130 recensean-

2233 1963 2468 2035 εἴρηται.
2507 1965 2588 2018 Τά
2623 1981 2682 2017 τε
2708 1965 2767 2017 ἐν
2804 1965 2922 2027 Σάϊ,
2949 1964 3019 2017 τά
3042 1982 3101 2018 τε
3136 1965 3193 2017 ἐν
3226 1964 3527 2035 Πηλουσίῳ,
3558 1963 3617 2015 τά
3642 1978 3686 2014 τε
3709 1965 3747 2014 ἐν

2233 2056 2557 2129 Βουϐαστῷ,
2596 2057 2667 2110 τά
2709 2074 2769 2110 τε
2809 2058 2868 2110 ἐν
2907 2057 3086 2111 ’Λϐύδι
3109 2059 3151 2122 ²,
3198 2057 3267 2110 τά
3307 2074 3373 2110 τε
3414 2056 3504 2110 τοῦ
3541 2054 3747 2107 Ἀντινόου

2233 2148 2456 2219 τεμένη,
2493 2150 2587 2203 καί
2615 2150 2685 2204 τὰ
2727 2152 2908 2204 ἐκεῖσε
2947 2151 3243 2222 μυστήρια.
3281 2149 3353 2205 τά
3386 2151 3445 2203 ἐν
3474 2147 3747 2220 Φαρϐήθῳ³,

2233 2240 2326 2292 καὶ
2354 2239 2497 2292 κατὰ
2529 2241 2619 2293 τὸν
2650 2240 2855 2313 τράγον
2880 2240 2975 2294 τοῦ
3004 2239 3333 2310 Μενδησίου,
3371 2242 3471 2295 ὅσα
3503 2257 3556 2294 τε
3584 2237 3750 2304 ἐν,Βου-

2235 2331 2369 2402 σίρι,
2394 2332 2539 2387 πόσα
2567 2348 2627 2385 τε
2665 2332 2723 2386 ἐν
2752 2332 3084 2404 Σεϐεννῦτῳ,
3117 2334 3259 2388 πόσα
3291 2351 3357 2387 τε
3401 2336 3459 2387 ἐν
3497 2330 3748 2386 Διοσπὸλει·

2233 2424 2311 2487 ὼς
2347 2424 2422 2495 πὴ
2462 2424 2560 2496 μὲν
2601 2424 2681 2497 τῷ
2722 2425 2829 2497 ὄνῳ
2873 2428 2954 2490 είς
2986 2426 3154 2497 ὄνομα
3207 2425 3302 2479 τοῦ
3354 2428 3483 2498 Σὴθ,
3525 2426 3657 2489 δῆθεν
3685 2422 3752 2476 τοῦ

2234 2518 2496 2588 Τυφῶνος
2523 2519 2746 2581 τελετάς
2767 2518 3112 2590 ἐργάζονται,
3130 2518 3278 2572 ἄλλοι
3298 2518 3359 2572 δὲ
3378 2522 3443 2590 τῇ
3460 2514 3752 2589 Τιθράμεφδ,

2246 2612 2481 2683 Ἑκάτην
2508 2614 2976 2686 ὲρμηνευομένην,
3008 2614 3183 2686 ἕτεροι
3207 2617 3275 2686 τῇ
3305 2610 3695 2683 Σενέςςουβλλοι
3713 2606 3751 2661 8i

2233 2707 2300 2777 τῇ
2329 2704 2604 2777 Θερμοῦθι
2658 2705 3032 2772 τελίσκονται,
3082 2707 3233 2762 ἄλλοι
3272 2707 3331 2760 δέ
3377 2709 3442 2778 τῇ
3492 2705 3646 2759 Ἴσιδι.
3677 2701 3755 2755 Kal

2235 2796 2382 2850 πόσα
2433 2794 2548 2849 ἔστι
2576 2791 2802 2851 τοιαῦτα
2844 2796 3043 2866 λέγειν,
3082 2792 3157 2851 ὧν
3197 2796 3259 2850 τὸ
3286 2798 3412 2850 κατ’
3445 2791 3573 2858 εἶδος
3607 2793 3754 2849 εἰπεῖν,

2236 2889 2404 2953 πολὺς
2423 2888 2615 2960 χρόνος
2644 2889 3091 2962 ὡαλωθὴσεταη
3121 2890 3214 2946 Διὸ
3244 2888 3595 2959 περιλήψεται
3623 2885 3754 2952 πάντη

2234 2982 2264 3035 ό
2306 2981 2462 3051 λόγος
2504 2981 2879 3052 πληρούμενος
2915 2980 3005 3036 διὰ
3053 2981 3148 3035 τοῦ
3169 3025 3183 3048 ,
3219 2980 3522 3046 Neria-the,
3567 2971 3642 3030 ὧν
3674 2976 3756 3028 οὐκ

2235 3073 2410 3127 ἔστιν
2428 3074 2695 3145 ἀριθμός.
2722 3073 2956 3147 Ἐτέρων
2973 3074 3030 3128 δὲ
3055 3074 3216 3129 πάλιν
3248 3073 3559 3146 μυστηρίων
3577 3065 3755 3128 πολλῶν,

542 3180 655 3235 tur,
707 3168 967 3239 temporis
1022 3167 1314 3238 plurimum
1353 3164 1569 3238 1094
1608 3164 1940 3221 desiderent.
1985 3164 2126 3231 Quo-

2238 3164 2333 3219 καὶ
2372 3167 2774 3237 αἱρεσιαρχῶν,
2810 3167 3286 3238 σχισματοποιῶν,
3319 3159 3400 3220 ὧν
3436 3164 3531 3236 μὲν
3577 3158 3757 3233 ἀρχηγοὶ

541 3261 689 3313 circa
722 3260 1035 3313 summatim
1073 3257 1161 3312 his
1190 3257 1372 3313 verbis
1405 3254 1658 3312 concludi
1689 3263 1870 3326 potest
1907 3255 2125 3310 oratio:

2233 3255 2386 3327 παρὰ
2411 3256 2652 3330 Πέρσαις
2676 3259 3039 3327 Μαγουσαῖοι,
3070 3257 3223 3329 παρὰ
3249 3257 3304 3310 δὲ
3325 3253 3629 3326 Αἰγυπτίοις
3659 3265 3758 3321 προ-

540 3349 981 3416 Αάοίεεεεηιιιιω,
1014 3365 1239 3421 quarum
1274 3364 1375 3403 non
1400 3358 1478 3403 est
1500 3363 1774 3403 numerus.
1807 3346 1948 3402 Sunt
1982 3347 2126 3401 enim

2238 3349 2405 3419 φῆται
2440 3349 2552 3420 (71)
2597 3347 2957 3419 καλούμενοι,
2998 3348 3109 3403 τῶν
3162 3347 3377 3402 ἀδύτων
3411 3363 3471 3400 τε
3518 3344 3604 3399 καὶ
3637 3338 3757 3411 ἱερῶν

541 3443 647 3497 alia
693 3458 858 3513 porro
893 3444 1152 3515 mysteria
1186 3440 1616 3512 quamplurima,
1660 3446 1715 3494 et
1749 3447 2022 3496 sectarum
2064 3453 2126 3494 ac

2236 3441 2470 3512 ἀρχηγοὶ
2501 3441 2618 3513 [καὶ
2646 3441 2870 3515 μάγων]
2890 3457 2905 3471 ⁸
2941 3440 3298 3495 Βαϐυλωνίων
3348 3440 3409 3494 δὲ
3450 3439 3503 3493 οἵ
3525 3455 3578 3491 τε
3606 3431 3757 3489 καλού-

541 3535 900 3612 schismatum
932 3534 1216 3590 architecti
1244 3552 1258 3588 :
1286 3533 1430 3588 velut
1450 3532 1592 3601 apud
1624 3531 1823 3587 Persas
1846 3528 2126 3601 Magusaai,

2240 3551 2390 3605 μενοι
2430 3535 2761 3607 Γαζαρηνοὶ,
2798 3533 2953 3604 σοφοί
2984 3550 3047 3588 τε
3079 3533 3178 3589 καὶ
3225 3532 3498 3588 ἐπαοιδοίο
3539 3528 3688 3583 Ἰνδῶν
3718 3524 3757 3577 δὲ

541 3627 685 3699 apud
729 3626 1015 3699 Egyptios
1055 3626 1368 3697 prophetae,
1411 3624 1699 3696 adytorum
1742 3630 1797 3678 et
1843 3636 2126 3678 sacrorum

2235 3626 2285 3678 οἱ
2311 3624 2520 3680 Εὑῖλεοι
2547 3624 2890 3696 καλούμενοι,
2908 3625 3001 3679 καὶ
3024 3625 3174 3697 Βαρή
3183 3642 3258 3695 μα
3280 3626 3337 3678 ἐν
3360 3625 3481 3689 ταῖς
3508 3616 3757 3689 Ἑλλήνων³

541 3719 841 3775 antistites.
884 3717 1016 3772 ltcm
1049 3717 1192 3788 apud
1224 3716 1573 3786 Babylonios,
1610 3715 1703 3785 qui
1738 3712 2004 3769 Gazareni
2034 3728 2130 3767 νος

541 3818 761 3877 cantur,
775 3810 1051 3879 sapientes
1066 3817 1120 3864 et
1147 3808 1539 3862 incantatores.
1556 3806 1768 3873 Quibus
1795 3813 1850 3861 et
1868 3804 2125 3859 ludorum

2238 3715 2553 3788 ἱεροφάνται
2588 3733 2647 3770 τε
2684 3716 2777 3771 καὶ
2819 3715 3101 3790 νεωκόρων
3138 3715 3250 3787 (72)
3300 3713 3552 3769 Κυνικῶν
3583 3708 3756 3780 πλῆθος.

2235 3810 2331 3862 καὶ
2358 3806 2532 3862 ἄλλων
2560 3809 2858 3880 ἀμυθήτων
2890 3809 3195 3878 φιλοσόφων
3228 3807 3495 3880 άρχηγοί.

541 3902 714 3957 Evilei
751 3917 817 3958 ac
858 3902 1231 3957 Braehmanes
1284 3900 1583 3965 accedunt;
1616 3912 1668 3955 et
1702 3899 2019 3954 Graecorum
2053 3899 2450 3971 hiemphantae,
2496 3912 2549 3958 et
2573 3902 2780 3958 aeditui.
2808 3902 3033 3958 Necnon
3066 3904 3282 3974 Cynica:
3301 3913 3485 3970 sectae,
3509 3909 3559 3957 ct
3578 3899 3757 3954 aliarum

544 3994 937 4067 propemodum
968 3994 1301 4050 inﬁnitarum
1338 4003 1589 4049 auctores
1616 3994 1946 4064 philosophi.

615 4087 754 4143 Xlll.
792 4089 947 4159 Apud
978 4088 1175 4145 Persas
1206 4090 1370 4160 igitur
1404 4075 1679 4159 Magusaai.
1727 4096 1787 4144 ut
1823 4088 1956 4148 dixi.
2001 4103 2126 4143 cum

543 4180 690 4235 idola
738 4181 1099 4245 detestentur,
1146 4180 1334 4235 eadem
1388 4188 1569 4234 tamen
1624 4180 1713 4235 illa
1770 4188 2126 4239 venerantur,

544 4272 725 4344 ignem
763 4273 1015 4328 videlicet
1050 4281 1103 4327 et
1156 4273 1340 4327 lunam
1378 4287 1442 4328 ac
1483 4274 1676 4327 solem.
1716 4272 1820 4326 Alii
1865 4278 2125 4341 praeterea

540 4374 695 4429 sunt,
750 4366 839 4435 qui
894 4365 947 4419 in
989 4363 1194 4420 Graecia
1237 4364 1368 4437 Nysi
1417 4373 1471 4419 et
1515 4365 1636 4421 Abii
1688 4374 1997 4420 vocantur:
2033 4364 2126 4435 qui

2304 4086 2407 4139 II".
2449 4084 2662 4152 Τοίνυν,
2693 4085 2769 4148 ὡς
2801 4087 3091 4155 προεῖπον,
3124 4086 3274 4156 παρὰ
3310 4086 3551 4157 Πέρσαις
3584 4084 3759 4148 Marcu-

2236 4181 2378 4232 σαῖοι
2407 4176 2574 4231 καλοῦ
2583 4194 2767 4257 μενοι,⁸
2784 4178 2835 4229 oi
2856 4176 3055 4230 ἐἴδωλα
3080 4177 3177 4246 μὲν
3197 4177 3614 4248 βδελυττόμενοι,
3646 4171 3759 4227 sibi.»

2232 4269 2347 4333 λοις
2378 4287 2438 4323 τε
2486 4267 2945 4341 προσκυνοῦντες,
2984 4269 3116 4340 πυρὶ
3153 4270 3249 4322 καὶ
3289 4268 3488 4341 σελήνῃ
3522 4269 3607 4321 καὶ
3639 4266 3757 4336 ἡλίῳ.

2238 4358 2424 4412 ’Ἄλλοι
2446 4375 2506 4411 τε
2534 4358 2697 4412 πάλιν
2725 4361 2783 4412 ἐν
2805 4360 2870 4429 τῇ
2901 4358 3106 4412 Ἐλλάδι
3126 4358 3238 4429 (75)
3263 4360 3443 4413 Μυσοὶ
3469 4358 3758 4428 καλούμενοι,

540 4457 747 4525 equino
767 4422 931 4509 llacte
960 4456 1232 4516 victitant.
1265 4422 1318 4510 εἰ
1358 4463 1626 4525 agrestem
1656 4461 1822 4525 atque
1862 4422 2125 4508 incultam

2236 4448 2439 4516 'A6t0t,
2476 4450 2709 4519 γάλακτι
2745 4422 2926 4503 is:an
2946 4422 3238 4521 χρώμενοι,
3271 4452 3447 4505 καὶτὸ
3477 4452 3577 4504 πᾶν
3606 4422 3759 4518 ἀγρίαν

545 4546 709 4616 plane
741 4546 1018 4616 regionem
1052 4546 1320 4601 habitant.
1362 4545 1536 4611 Quam
1575 4546 1745 4599 multa
1773 4544 1842 4599 ab
1870 4544 2127 4598 humanis

544 4634 783 4707 ingeniis
830 4636 1010 4706 colligi
1054 4645 1287 4707 possunt
1338 4636 1407 4694 de
1459 4637 1527 4692 iis
1578 4636 1670 4707 qui
1727 4637 1863 4691 tanti
1902 4651 1965 4691 ac
2016 4644 2126 4689 tam

543 4728 874 4783 excellentes
908 4727 1207 4795 habentur;
1255 4735 1311 4783 et
1339 4744 1460 4798 qtae
1500 4728 1566 4781 ad
1598 4728 1951 4784 laudabilium
1997 4727 2129 4782 ado-

546 4818 972 4874 lescentularum
1013 4834 1187 4890 genus
1234 4820 1433 4873 ascribi
1482 4819 1702 4884 debent,
1741 4834 1973 4890 quarum
2018 4834 2126 4874 non

546 4918 631 4964 est
666 4911 964 4968 numerus?
993 4912 1124 4966 Nam
1174 4912 1295 4966 alia:
1332 4911 1781 4966 commendanda:
1808 4919 1958 4974 sunt,
2009 4909 2129 4964 alia}

547 4999 946 5069 vituperatione
999 5001 1197 5073 dignm.
1248 4999 1386 5055 Nam
1440 5002 1687 5055 nonnulli
1752 5000 2125 5069 reperiuntur,

547 5089 643 5158 qui
674 5105 740 5145 ex
776 5092 987 5158 privato
1028 5093 1246 5163 ingenio
1278 5107 1525 5148 severam
1557 5091 1851 5161 quamdam
1889 5090 2013 5145 vitae
2041 5089 2127 5145 di-

620 5270 635 5301 ¹
668 5266 827 5346 Cant.
857 5270 1050 5346 Vi,__'_l._
1082 5344 1093 5346 _
1128 5272 1149 5302 '
1181 5270 1311 5346 Reg.
1377 5272 1597 5346 Ἀϐύδῃ.

550 5341 891 5415 Βραχμᾶνες,
948 5339 1212 5411 Ἑλλήνων
1236 5339 1312 5397 δέ.

616 5458 735 5531 (71)
772 5454 939 5525 Παρὰ
976 5454 1427 5531 δὲ-Αὶχυπτξοις
1460 5458 1779 5531 προφῆταιῗ
1808 5455 1893 5531 _De
1928 5457 2129 5531 triplici

552 5524 895 5597 sacerdotum
926 5526 1069 5597 apud
1119 5524 1407 5597 Egyptios
1452 5524 1689 5595 genere,
1731 5527 1856 5597 vide
1901 5524 2023 5597 qua}
2060 5528 2129 5582 ad

551 5596 839 5665 Synesium
883 5596 1239 5654 in.Enromio’
1269 5598 1489 5657 mlvitii,
1532 5605 1586 5651 ct
1625 5598 1781 5652 libris
1809 5596 1882 5651 De
1915 5596 2127 5666 provid.

552 5667 677 5720 olim
706 5668 1142 5721 observavimus.
1169 5666 1379 5721 Ρετιιν.

624 5736 734 5805 (72)
772 5736 1129 5807 '(spogpdrmt
1152 5755 1217 5791 τε
1257 5739 1356 5790 καὶ
1384 5735 1709 5807 νεωκόρων.
1734 5735 2130 5807 Distinguemla

552 5799 658 5860 hoc
682 5799 850 5858 modo
884 5799 989 5858 ista
1027 5815 1192 5862 sunt:
1228 5806 1542 5875 ἱεροφάνται
1569 5799 1652 5858 ⁷τε
1700 5807 1793 5860 καὶ
1843 5799 2129 5878 νεῶκόροι,

1702 5273 1723 5303 ³
1777 5271 1907 5341 Reg.
1960 5272 2249 5346 Φαρϐητῳ.

2235 4542 2420 4614 χώραν
2455 4544 2857 4606 κατοικοῦντες.
2882 4545 2995 4597 Καὶ
3018 4545 3159 4597 πόσα
3186 4543 3474 4615 δυνήσεται
3504 4546 3530 4596 ὁ
3553 4542 3661 4605 νοῦς
3678 4537 3759 4591 τῶν

2234 4633 2539 4705 ἀνθρώπων
2594 4634 2874 4702 συλλέγειν
2927 4634 3037 4687 τῶν
3085 4634 3357 4688 τοσούτων
3412 4636 3503 4688 καὶ
3556 4632 3758 4703 μεγάὖων

2233 4725 2649 4796 ὀνομαζομένων
2670 4766 2685 4789 ,
2723 4726 2819 4778 καὶ
2851 4727 2908 4779 ἐν
2942 4728 3062 4789 ταῖς
3100 4724 3516 4794 ἐπαινουμέναις
3549 4725 3656 4775 ὅσαι
3680 4718 3758 4771 εἰσὶ

2235 4817 2490 4889 διαφοραὶ
2519 4818 2805 4877 νεανίδων,
2834 4811 2911 4871 ὧν
2944 4818 3045 4870 οὐκ
3087 4818 3236 4869 ἔστιν
3277 4817 3534 4887 ἀριθμός;
3565 4814 3659 4866 τῶν
3687 4811 3758 4881 μὲν

2233 4909 2372 4980 πρὸς
2422 4909 2667 4972 ἔπαινον,
2707 4909 2882 4963 ἄλλων
2911 4908 2968 4961 δὲ
3023 4909 3097 4978 μὴ
3137 4909 3568 4978 ἐπαινουμένωνο
3606 4904 3694 4957 τῶν
3717 4900 3756 4952 δὲ

2231 5002 2326 5054 ἀπ’
2358 5001 2486 5055 ἰδίου
2516 5002 2635 5065 νοὸς
2662 5002 2731 5055 τὰ
2764 5003 2901 5074 πρὸς
2928 5002 3204 5066 πολιτείας
3230 5005 3462 5073 ἄσκησιν
3490 5004 3579 5056 καὶ
3600 4997 3757 5067 Ossa-3v

2231 5091 2443 5154 ἐαυτοῖς
2485 5092 2874 5161 συλλεγόντων,
2915 5095 2972 5146 ἐν
3015 5092 3215 5163 κόμαις
3240 5110 3298 5145 τε
3349 5094 3624 5163 προόπτως
3658 5102 3755 5156 προ-

2348 5275 2368 5306 *
2396 5274 2527 5346 Reg.
2582 5276 2681 5347 τὴν
2730 5276 2911 5348 Τιθρ.,
2942 5284 2996 5333 et
3037 5292 3163 5333 mox
3209 5277 3309 5348 τῆς
3367 5277 3601 5347 Ἐνέφθυ.
3674 5267 3755 5326 Τ·

2233 5459 2487 5511 Κυνικῶν
2511 5472 2573 5509 τε
2608 5456 2970 5526 πλῆθος,νειο.
3005 5454 3159 5526 ΙοΒΙι.
3358 5525 3392 5526 η
3483 5523 3523 5526 _
3720 5515 3729 5525 .

2303 5528 2418 5597 (75)
2454 5528 2657 5581 Ἄλλοι
2682 5523 2748 5579 τε
2773 5525 2959 5580 πάλιν
2978 5528 3049 5580 ἐν
3080 5525 3157 5595 τῇ
3192 5525 3443 5581 Ἑλλάδι.
3479 5523 3752 5597 Νοηᾼπιοείε

2234 5595 2377 5651 inter
2414 5597 2652 5651 haereses
2680 5610 2744 5650 ac
2799 5604 2979 5651 sectas
3011 5597 3205 5651 referri
3248 5605 3524 5651 merentur
3551 5595 3674 5651 Abii.
3705 5598 3750 5638 τις

2233 5666 2391 5737 Mysi.
2425 5680 2588 5737 quam
2620 5681 2815 5721 omnes
2853 5666 3003 5737 orbis
3026 5667 3194 5722 totius
3220 5666 3422 5735 populi,
3452 5674 3663 5737 quorum
3688 5652 3749 5734 {ei

2233 5735 2451 5801 absoni,
2472 5737 2557 5807 vel
2586 5750 2616 5788 a
2647 5737 2860 5807 caeteris
2886 5735 3264 5807 discrepantes
3304 5745 3435 5792 sunt
3460 5735 3593 5788 ritus
3623 5739 3747 5784 tusu-

2233 5814 2462 5876 tutaque
2495 5804 2737 5863 vivendi.
2759 5806 2887 5861 Ιοιιιι
2907 5842 2924 5859 .
