3958 6426
198 640 338 696 ἀλλά
384 640 481 696 τὴν
525 641 654 696 Υίὸν
679 643 746 695 ὲκ
786 643 1000 715 Πατρὸς
1046 642 1314 713 ἀληθινῶς
1354 646 1769 716 γεγεννημένον,

198 733 300 788 καὶ
344 732 409 787 τὸ
457 733 612 802 ἀγιον
662 732 887 805 Πνεῦμα
938 735 1040 788 οὐκ
1088 735 1369 808 ἀλλότριον
1416 737 1631 810 Πατρὸς
1680 739 1775 791 καὶ

205 822 370 878 Υῑοῦ·
408 819 574 878 οὖσαν
600 824 658 877 δὲ
695 824 784 878 ἀεὶ
807 825 908 897 τὴν
932 825 1161 896 Τριάδα,
1189 827 1285 881 καὶ
1313 827 1581 900 μηδέποτε
1609 846 1777 901 προσ-

198 914 380 987 θήκης
414 913 798 986 ἐπιδεομένην⁹
832 918 907 987 μὴ
936 915 1166 987 ἔχουσαν
1195 917 1255 971 δέ
1280 934 1332 971 τι
1370 914 1428 971 ἐν
1463 919 1601 990 αὐτῇ
1641 920 1776 972 ὑπο-

200 1005 467 1074 ϐεϐηκὸς,
503 1008 586 1071 είς
638 1005 766 1079 μίαν
794 1007 853 1061 δὲ
903 1008 1131 1080 ἑνότητα
1168 1010 1264 1063 καὶ
1308 1009 1438 1081 μίαν
1481 1011 1655 1082 ἀρχὴν
1681 1010 1776 1065 τοῦ

199 1097 339 1151 Θεοῦ
370 1097 464 1151 καὶ
510 1099 727 1171 Πατρὸς
762 1099 1127 1171 ἀναγομένην.
1176 1102 1288 1156 Καὶ
1319 1102 1385 1154 ὲκ
1423 1102 1627 1171 ταύτης
1678 1102 1779 1174 τῆς

200 1188 436 1260 Τριάδος
479 1189 694 1261 Πατρὸς
720 1190 815 1244 καὶ
844 1191 977 1245 Υίοῦ
1022 1191 1120 1246 καὶ
1165 1192 1321 1262 ἁγίου
1351 1193 1668 1265 Πνεῦματος
1708 1192 1779 1248 τὰ

202 1284 385 1336 πάντα
410 1281 691 1336 κεκτίσθαι
713 1283 755 1350 ί,
789 1283 891 1338 οὐκ
931 1284 1058 1339 ὄντα
1087 1285 1239 1353 ποτὲ,
1263 1285 1387 1340 οὔτε
1435 1288 1662 1342 συνόντα
1702 1286 1781 1359 τῷ

201 1371 347 1443 Θεῷ,
369 1370 494 1426 οὔτε
539 1373 991 1445 προῦπάρξαντα,
1021 1374 1280 1445 γινόμενα
1309 1375 1367 1429 δὲ
1394 1375 1454 1441 ἐξ
1482 1378 1583 1431 οὐκ
1611 1376 1779 1431 ὄντων

203 1467 288 1529 είς
327 1465 391 1518 τὸ
418 1460 561 1518 εἶναι
587 1466 695 1520 ἀπὸ
746 1465 962 1539 Πατρδς
996 1466 1092 1519 καὶ
1124 1466 1257 1520 Υίοῦ
1295 1467 1390 1521 καὶ
1423 1468 1579 1538 ἁγίου
1611 1469 1783 1522 Πνεῦ-

206 1574 383 1629 ματος
402 1574 417 1589 ο
463 1558 561 1611 καὶ
591 1556 783 1613 τοῦτον
808 1559 901 1614 τὸν
942 1558 1167 1631 Πατέρα
1207 1560 1302 1612 καὶ
1335 1560 1462 1614 Υίὸν
1493 1561 1586 1615 καὶ
1628 1561 1782 1631 ἅγιον

203 1649 436 1722 Πνεῦμα
463 1652 578 1715 τοῖς
614 1650 781 1705 αὐτοῦ
814 1651 991 1721 ἁγίοις
1040 1652 1135 1707 καὶ
1161 1651 1258 1706 ἀπ’
1282 1651 1478 1716 αἰῶνος
1512 1652 1782 1718 καταξιὼ-

204 1755 378 1795 σαντα
397 1742 459 1794 ὲν
486 1741 775 1806 ὀπτασίαις
806 1740 1068 1814 φανῆναι,
1109 1742 1361 1816 καθάπερ
1386 1742 1622 1814 ἠδύνατο
1653 1744 1785 1798 ἔκα-

204 1846 334 1897 στος
371 1835 572 1905 χωρεῖν
610 1833 753 1889 κατά
793 1835 855 1888 τὸ
893 1836 1140 1906 χάρισμα
1186 1832 1352 1889 αὐτοῦ
1400 1833 1489 1889 διά
1525 1834 1624 1906 τῆς
1650 1823 1784 1894 Θεό-

763 427 1130 486 ADVERSUS
1166 429 1508 487 HIERESES
1544 430 1673 486 ΗΒ.
1715 430 1802 487 Ill.
1843 428 2008 487 TOM.
2050 430 2190 486 11-
2228 431 2594 489 EXPOSITIO
2634 433 2832 490 FIDEI.

96 585 112 602 .
197 550 486 623 δμωύσιον
507 548 609 622 τὴν
633 548 869 620 Τριάδα,
912 551 975 603 οὐ
1013 549 1340 622 συναλοιφὴν
1395 550 1494 623 τὴν
1522 551 1729 623 Τριάδα
1754 571 1768 584 ·

1886 552 2176 622 perfectura
2244 552 2506 624 Spiritum
2561 563 2851 616 sanctum;
2919 554 3447 610 consubstantialem

3337 441 3444 497 διο

1876 642 2223 712 Trinitatem,
2252 660 2359 699 non
2390 646 2787 701 coalescentem
2818 652 2913 701 aut
2937 646 3224 701 confusam
3249 644 3451 699 Trini-

1876 742 2039 791 tatem
2067 753 2083 803 ;
2116 736 2210 791 sed
2242 735 2438 791 Filium
2471 752 2599 792 vere
2627 751 2657 791 a
2685 736 2843 793 Patre
2877 723 3136 806 genitum,
3171 745 3226 792 et
3272 735 3453 806 Spiri-

1877 833 1991 880 tum
2035 835 2283 882 sanctum
2331 841 2361 880 a
2395 826 2555 882 Patre
2585 826 2834 899 Filioque
2868 843 2977 883 non
3002 829 3252 883 alienum
3283 848 3296 883 :
3327 825 3451 884 Tri-

1876 915 2122 980 nitatem,
2149 914 2395 984 inquam,
2428 930 2548 987 quae
2580 932 2795 988 semper
2828 920 2919 982 sit,
2953 931 3129 987 neque
3161 916 3326 973 ullius
3366 931 3453 974 ac-

1877 1006 2145 1063 cessionis
2197 1018 2373 1077 egeat,
2419 1024 2597 1080 neque
2630 1010 2926 1081 quidquam
2968 1012 3025 1065 in
3059 1026 3179 1066 sese
3204 1002 3451 1067 inferius

1878 1096 2096 1164 habeat,
2123 1112 2352 1170 quaeque
2390 1100 2458 1154 ad
2508 1101 3144 1170 singularenrunltatem
3199 1103 3446 1158 unicum-

1878 1202 1986 1258 que
2019 1184 2207 1245 Deiac
2234 1188 2416 1246 Patris
2448 1192 2779 1262 principium
2815 1192 3109 1250 referatur.
3137 1194 3221 1249 Ab
3260 1193 3449 1249 eadem

1879 1276 2169 1343 Trinitate,
2211 1276 2371 1336 Patre
2393 1280 2610 1352 1096
2639 1291 2694 1337 et
2724 1276 2862 1337 Filio
2893 1289 2947 1339 et
2985 1283 3195 1354 Spiritu
3240 1295 3453 1348 saneto,

1880 1378 2062 1425 creata
2111 1386 2234 1427 esse
2279 1379 2503 1437 cuncta,
2547 1388 2668 1443 quae
2714 1374 3012 1444 aliquando
3062 1389 3173 1430 non
3227 1375 3458 1431 exstite-

1880 1466 2025 1525 rant,
2056 1474 2232 1529 neque
2256 1474 2381 1515 cum
2408 1460 2518 1517 Deo
2543 1468 2693 1525 sunt,
2726 1477 2827 1517 nec
2867 1470 2994 1518 ante
3031 1463 3270 1527 fuerant,
3303 1464 3398 1519 sed
3426 1479 3458 1517 e

1882 1549 2055 1604 nihilo
2102 1550 2307 1620 allquid
2344 1566 2466 1607 esse
2509 1559 2794 1623 coeperunt
2836 1567 2868 1607 a
2913 1552 3074 1609 Patre
3120 1560 3177 1608 et
3217 1552 3356 1609 Filio
3403 1562 3458 1608 et

1884 1648 2081 1699 sancto
2107 1640 2317 1712 Spiritu
2347 1643 2636 1713 producta.
2665 1643 2823 1701 llune
2842 1644 3024 1716 ipsum
3044 1633 3345 1701 Patrem'et
3368 1644 3459 1700 Fi-

1883 1731 2021 1788 lium
2049 1739 2106 1788 et
2131 1732 2397 1804 Spiritum
2433 1742 2685 1790 sanctum
2721 1735 2790 1790 ab
2822 1736 2955 1791 orbe
2985 1735 3207 1792 condito
3249 1738 3460 1794 sanctis

1887 1823 2004 1880 suis
2035 1839 2133 1896 per
2171 1825 2351 1881 visum
2401 1825 2741 1896 apparuisse,
2775 1835 3041 1897 quantum
3083 1841 3280 1899 capere
3314 1829 3461 1900 quis-

201 1940 386 1996 τητος,
415 1904 553 1997 ὅπερ
593 1904 1133 1998 ἐχαρίζετοήέκάστῳ
1162 1925 1273 1979 τῶν
1315 1904 1785 1997 καταξιουμένων·

1886 1928 1994 1985 que
2039 1921 2277 1984 poterat,
2306 1924 2386 1969 'ae
2416 1929 2517 1985 pro
2567 1929 2634 1970 eo
2683 1928 2747 1970 ac
2790 1916 3015 1971 cuilibet
3057 1918 3462 1973 communicata

206 2015 293 2087 πῂ
348 2015 451 2086 μὲν
500 2016 723 2091 Πατέρα
765 2017 1100 2082 θεάσασθαι,
1148 2016 1334 2082 καθὼς
1385 2017 1615 2088 ἠδύνατο
1656 2016 1787 2072 ἒκα-

204 2123 334 2171 στος
361 2107 595 2162 ἀκοῦσαι
647 2108 753 2179 τῆς
797 2108 985 2180 φωνῆς
1036 2108 1240 2176 αὑτοῦ,
1296 2110 1375 2174 ὡς
1426 2108 1656 2182 ἐχώρει⁶
1712 2110 1788 2175 ὡς

203 2197 280 2250 ἑν.
313 2197 542 2268 στόματι
594 2195 690 2252 τοῦ
734 2197 959 2254 Ἡσαΐου
995 2197 1181 2268 ἔλεγεν
1198 2214 1214 2230 ο
1266 2197 1423 2254 Ἰδοὺ
1454 2197 1717 2266 συνήσει
1754 2203 1789 2255 ὁ

203 2286 359 2355 Παῖς
390 2304 513 2358 μου
557 2291 594 2344 ὁ
622 2289 965 2359 ἀγαπητός·
1011 2289 1171 2345 τοῦτο
1202 2289 1356 2362 φωνὴ
1398 2290 1630 2362 Πατρός.
1679 2290 1789 2346 Καὶ

201 2379 285 2443 ὥς
322 2382 353 2434 ὁ
400 2381 599 2453 Δανιὴλ
629 2378 735 2435 εἶδε
761 2381 855 2436 τὸν
887 2383 1126 2439 Παλαιὸν
1180 2383 1288 2438 τῶν
1320 2382 1545 2455 ἡμερῶν
1572 2398 1587 2414 ·
1639 2383 1791 2437 τοῦτο

203 2470 445 2525 ὀπτασία
486 2470 582 2526 τοῦ
616 2472 856 2544 Πατρός.
904 2474 993 2538 Ὠς
1040 2473 1100 2527 δὲ
1144 2474 1204 2528 ὲν
1252 2473 1334 2545 τῷ
1367 2474 1622 2546 προφήτῃ
1679 2473 1791 2529 πά-

202 2562 326 2617 λινο
367 2563 511 2634 Ἐγὼ
545 2563 783 2633 ὁράσεις
819 2565 1155 2633 eumeum,
1192 2565 1293 2620 καὶ
1333 2566 1402 2620 ἑν
1434 2565 1607 2636 χερσί
1647 2581 1791 2636 προ-

204 2654 419 2724 φητῶν
468 2655 809 2726 ῶμοιώθην·
854 2657 1014 2711 τοῦτο
1067 2657 1222 2729 φωνὴ
1268 2655 1423 2711 Υἱοῦ.
1488 2657 1577 2722 Ὠς
1628 2656 1687 2712 δὲ
1732 2659 1791 2712 ὲν

218 2745 488 2816 Ἰεξεκιήλ
510 2762 527 2778 σ
558 2748 671 2801 Καὶ
709 2746 890 2802 ἔλαϐέ
922 2765 1000 2819 με
1042 2748 1288 2818 Πνεῦμα
1328 2750 1500 2816 Θεοῦ,
1543 2750 1645 2806 καὶ
1689 2750 1790 2816 ἐξ·

205 2836 391 2892 ἐσαλέ
411 2855 489 2908 με
534 2841 625 2906 εἰς
659 2839 729 2894 τὸ
759 2840 1004 2895 πεδίον·
1047 2840 1208 2894 τοῦτο
1240 2842 1369 2914 περὶ
1413 2842 1569 2912 ἁγίου
1617 2842 1790 2897 Πνεύ-

212 2947 406 3003 ματος.
436 2931 547 2984 Καὶ
578 2931 752 2986 πολλὰ
802 2930 919 2986 ἔστι
965 2932 1190 2987 τοιαῦτα
1237 2933 1436 3002 λέγειν,
1478 2927 1555 2989 ὧν
1594 2934 1791 3004 ὀλίγων

208 3019 324 3076 ἀπὸ
365 3020 565 3092 μέρους
590 3021 920 3093 μνησθέντες
948 3025 1006 3077 ὲν
1036 3025 1361 3096 παραδρομῇ
1395 3026 1476 3089 είς
1522 3026 1592 3079 τὸ.
1620 3027 1791 3091 δεῖξαι

207 3111 307 3167 τὸν
363 3114 695 3186 χαρακτῆρα
733 3112 836 3186 τῆς
886 3115 1250 3187 Ἐκκλησίας,
1288 3115 1372 3170 ιτά
1423 3117 1519 3172 δύο
1568 3118 1791 3188 ῥήματα

209 3204 589 3276 παρεθέμεθα,
617 3205 829 3276 μυρίων
857 3206 1028 3261 ὄντων
1049 3206 1144 3261 καὶ
1175 3207 1434 3262 ἐπέκεινα
1455 3207 1565 3261 τῶν
1588 3209 1789 3280 ὁμοίων

205 3295 417 3350 τούτων
444 3298 505 3350 ὲν
527 3299 648 3361 ταῖς
685 3296 862 3362 θείαις
895 3303 1135 3370 γραφαῖς
1165 3300 1408 3364 Παλαιᾶς
1434 3317 1493 3353 τε
1528 3302 1623 3355 καὶ
1651 3301 1788 3355 Και-

207 3387 310 3457 νῆς
336 3386 617 3460 Διαθήκης
656 3390 1066 3462 ἐμφερομένων.
1101 3390 1211 3445 Καὶ
1252 3390 1334 3444 ὅτι
1378 3389 1542 3454 αὐτὸς
1585 3388 1787 3461 Κύριος

207 3478 415 3534 ἔπλασε
443 3480 506 3533 τὸ
537 3479 699 3551 σιῖιμα
721 3480 799 3552 τῷ
844 3481 1036 3553 Ἀδάμ,
1064 3482 1161 3536 καλ⁸
1200 3483 1525 3536 ἐνέπνευσεν
1554 3482 1612 3534 ἐν
1638 3480 1787 3551 αὐτῷ

209 3569 385 3642 πνοὴν
416 3570 590 3643 ζωῆς,
638 3572 831 3637 κτίσας
880 3572 1031 3644 αὐτῷ
1073 3573 1252 3645 ψυχὴν
1299 3574 1514 3639 ζῶσαν,
1575 3572 1668 3627 καὶ
1707 3573 1788 3627 ὅτι

209 3658 377 3724 αὐτος
399 3659 596 3713 δέδωκε
623 3661 717 3714 τὸν
745 3662 907 3732 νόμον
930 3661 1006 3732 τῷ
1036 3664 1242 3734 Μωῡσῇ
1268 3663 1297 3716 ὁ
1324 3662 1456 3727 Θεὸς
1476 3662 1665 3734 Πατὴρ
1696 3661 1790 3715 καὶ

208 3747 344 3812 Υἱὸς
374 3750 471 3802 καὶ
507 3750 664 3819 ἅγιον
710 3751 1018 3824 Πνεῦμα,ή
1072 3753 1172 3821 μία
1193 3754 1426 3824 Θεότηςο
1476 3754 1572 3808 καὶ
1606 3755 1689 3808 ὃτι
1738 3752 1789 3809 οἱ

214 3838 492 3911 προφῆται
518 3841 625 3894 ὑπὸ
646 3841 749 3912 τῆς
770 3843 940 3913 αὐτῆς
960 3842 1222 3914 Θεότητος
1251 3844 1663 3916 ἀπεστάλησαν·
1693 3844 1790 3901 καὶ

206 3927 298 3982 ὅτι.
320 3929 484 3994 αὐτὸς
509 3932 643 4001 ἡμῖν
663 3932 692 3982 ὁ
711 3930 867 3997 Θεὸς,
888 3932 918 3984 ὁ
945 3931 1217 3987 Ἰουδαίων
1241 3949 1301 3986 τε
1323 3934 1419 3987 καὶ
1447 3934 1791 4005 Χριστιανῶν

208 4017 294 4072 ὢν
321 4019 474 4089 Θεὸς,
528 4021 815 4083 Ἰουδαίους
842 4040 903 4076 τε
950 4023 1187 4087 καλέσας
1218 4025 1300 4089 είς
1342 4024 1622 4079 δικαίωσιν
1664 4026 1792 4090 τοὺς

213 4110 297 4183 μὴ
324 4112 691 4184 ἀρνουμένους
721 4114 823 4187 τὴν
855 4116 1025 4187 αὐτὴν
1048 4114 1142 4170 τοῦ
1183 4117 1391 4188 Κυρίου
1424 4116 1585 4189 ἡμῶν
1616 4117 1791 4189 Ἰησοῦ

210 4200 559 4271 παρουσίαν,
605 4204 703 4257 καὶ
752 4205 962 4268 πάντας
1016 4205 1283 4271 σώζοντος
1322 4208 1450 4270 τοὺς
1498 4206 1641 4260 κατὰ
1692 4207 1792 4278 τὴν

208 4290 475 4363 ἀληθινὴν
502 4294 666 4347 αὐτοῦ
687 4295 870 4348 πίστιν
895 4295 1170 4366 βιοῦντας,
1195 4297 1290 4350 καὶ
1326 4296 1401 4367 μὴ
1429 4297 1795 4367 ἀρνουμένους

1888 2021 1989 2079 per
2010 2006 2360 2065 Divinitatem
2391 2010 2565 2081 gratia
2616 2017 2722 2078 est,
2753 2025 2923 2084 quam
2966 2010 3036 2067 iis
3080 2010 3337 2066 omnibus
3367 2013 3461 2082 qui

1886 2100 2040 2171 digni
2081 2107 2260 2166 erant,
2306 2101 2591 2174 impertiit.
2624 2103 2698 2158 lta
2732 2102 2916 2160 Patris
2951 2111 3210 2176 aspectus
3254 2104 3464 2160 unicui-

1888 2205 1997 2262 que
2034 2191 2338 2262 permissus
2385 2203 2489 2257 est,
2524 2203 2790 2263 quantum
2825 2209 3017 2265 vocem
3052 2195 3201 2252 illius
3248 2196 3462 2265 audire,

1888 2298 1953 2338 ac
1984 2290 2148 2354 prout
2175 2298 2373 2355 capere
2408 2293 2659 2355 poterat;
2687 2294 2747 2340 ut
2785 2301 2907 2340 cum
2932 2301 3029 2357 per
3056 2285 3254 2342 isaiam
3287 2286 3359 2342 ita
3384 2286 3464 2343 lo-

1888 2372 2079 2443 quitur
2120 2392 2133 2428 :
2171 2373 2306 2430 Ecce
2350 2375 2604 2447 intelliget
2650 2376 2789 2431 Puer
2822 2395 2967 2433 meus
3014 2380 3236 2436 dilectus
3256 2381 3296 2446 ⁸,
3343 2396 3465 2453 qua!

1889 2463 2068 2521 Patris
2102 2464 2276 2537 ipsius
2315 2469 2480 2525 verba
2528 2480 2677 2525 sunt.
2710 2468 2800 2525 Sic
2833 2470 3019 2525 Daniel
3054 2471 3353 2544 Antiquum
3399 2475 3465 2529 il-

1890 2554 2003 2611 lum
2055 2557 2269 2613 dierum
2313 2558 2487 2615 vidit"
2519 2578 2534 2616 :
2566 2560 2713 2632 quod
2744 2562 2921 2618 visum
2954 2560 3135 2619 Patris
3181 2565 3465 2636 proprium

1891 2647 2014 2705 fuit.
2053 2648 2359 2716 Quinetiam
2414 2653 2557 2723 apud
2598 2654 2765 2709 alium
2808 2655 3148 2726 prophetam,
3205 2654 3339 2726 Ego,
3383 2657 3465 2711 in-

1890 2742 2030 2813 quit,
2059 2742 2284 2799 risiones
2320 2743 2694 2815 multiplicari,
2740 2756 2790 2801 et
2824 2749 3063 2802 manibus
3089 2748 3467 2818 prop/telarum

1892 2833 2224 2889 assimilatas
2261 2851 2381 2889 sum
2401 2835 2446 2900 ⁸,
2493 2852 2557 2891 ea
2588 2853 2694 2892 vox
2738 2846 2824 2894 est
2860 2838 2982 2894 Filii
3012 2840 3253 2910 propria.
3304 2840 3463 2912 Apud

1890 2920 2230 2977 Ezechielem
2256 2938 2406 2990 vero,
2428 2921 2495 2977 Et
2536 2926 2820 2994 assumpsit
2860 2942 2964 2991 me,
2997 2928 3199 2998 inquit,
3223 2927 3459 2997 Spiritus

1891 3011 2010 3080 Dei,
2055 3021 2106 3067 et
2135 3012 2287 3082 ejecit
2329 3029 2411 3068 me
2438 3013 2493 3067 in
2544 3014 2828 3086 campum“
2860 3033 2874 3070 :
2907 3016 3050 3086 quod
3092 3016 3159 3072 ad
3195 3018 3460 3088 Spiritum

1891 3113 2143 3161 sanetum
2200 3107 2463 3176 pertinet.
2517 3104 2800 3175 Ejusmodi
2851 3108 2958 3162 alia
3005 3107 3241 3179 proferri
3298 3125 3462 3181 quam

1893 3195 2130 3265 plurima
2169 3205 2440 3266 possunt,
2473 3212 2505 3252 e
2544 3197 2744 3268 quibus
2782 3210 2958 3268 pauca
2999 3200 3244 3270 qumdam
3287 3200 3468 3256 obiter

1815 3265 1857 3324 (ἶ
1889 3265 2300 3357 preposuimus.
2353 3286 2532 3358 Atque
2563 3265 2646 3342 im
2710 3265 2989 3360 propriam
3016 3265 3306 3345 —Ecc|esi:e
3361 3291 3464 3346 for-

1886 3392 2031 3432 mam
2075 3391 2141 3432 ac
2177 3385 2339 3433 notas
2369 3377 2803 3442 ostenderemus,
2838 3380 2947 3433 duo
2976 3379 3148 3434 triave
3193 3380 3357 3435 verba
3410 3380 3467 3434 in

1887 3465 2129 3520 medium
2178 3466 2460 3522 attulimus
2503 3483 2569 3523 ex
2616 3467 2843 3522 infinitis
2883 3468 3039 3532 locis,
3081 3484 3204 3539 qua:
3248 3469 3466 3524 illorum

1888 3557 2086 3614 similia
2121 3557 2175 3611 in
2223 3558 2515 3629 scripturis
2562 3565 2671 3611 tam
2702 3556 2914 3613 Veteris
2960 3574 3122 3628 quam
3165 3557 3300 3613 Novi
3329 3557 3469 3617 Tes-

1889 3648 2115 3702 tamenti
2185 3648 2456 3720 leguntur.
2527 3648 2665 3702 Illud
2723 3665 2854 3705 vero
2915 3651 3140 3720 insuper
3219 3650 3468 3707 Ecclesia

1890 3740 2222 3811 proﬁtetur:
2255 3739 2547 3795 Dominum
2584 3741 2762 3812 ipsum
2806 3757 3007 3813 corpus
3052 3742 3260 3797 Adamo
3310 3741 3471 3797 iabri-

1889 3846 2068 3895 casse,
2109 3837 2164 3886 et
2193 3831 2495 3902 inSpirasse
2527 3832 2603 3886 illi
2636 3832 2886 3903 spiritum
2916 3833 3100 3898 vitae',
3128 3848 3254 3888 eum
3294 3834 3472 3890 viven-

1894 3932 1999 3977 tem
2030 3922 2081 3978 ei
2114 3932 2432 3992 procrearet
2469 3925 2731 3979 animam.
2758 3920 2898 3979 Tum
2947 3923 3120 3995 Moysi
3152 3924 3321 3995 legem
3367 3934 3473 3980 tra-

1891 4003 2095 4070 didisse
2125 4013 2292 4071 Deum
2331 4018 2508 4086 ipsum
2542 4016 2759 4074 Patrem
2791 4025 2845 4071 et
2888 4014 3085 4070 Filium
3123 4025 3177 4071 et
3206 4014 3470 4088 Spiritum

1893 4113 2171 4170 sanctum,
2210 4122 2332 4177 quae
2358 4115 2443 4161 est
2475 4122 2583 4162 una
2610 4108 2902 4163 Divinitas.
2935 4106 3138 4163 Deinde
3162 4108 3232 4162 ab
3280 4108 3469 4163 eadem

1894 4195 2186 4253 Divinitale
2256 4199 2550 4268 prophetas
2602 4212 2724 4252 esse
2782 4199 3001 4253 missos.
3044 4197 3125 4251 Ad
3172 4198 3325 4261 lucc,
3383 4214 3473 4251 nr»

1894 4296 2068 4343 strum
2121 4291 2300 4360 ipsum
2351 4290 2544 4355 Deum,
2575 4288 2887 4344 Judmorum
2935 4304 2998 4344 ac
3031 4289 3470 4346 Christianorum

208 4383 318 4453 τὴν
351 4383 609 4454 ἀλήθειαν
629 4384 725 4439 τοῦ
758 4386 1114 4458 κηρύγματος
1152 4388 1254 4457 τῆς
1280 4387 1541 4458 ἀληθινῆς
1568 4387 1786 4456 εὐαγγε-

1893 4394 2015 4436 esse
2044 4380 2244 4446 Deum;
2275 4382 2371 4452 qui
2405 4381 2625 4437 Judaeos
2667 4381 2734 4436 ad
2758 4380 3205 4452 justiticationem
3251 4395 3347 4436 eos
3374 4397 3471 4434 vo-

210 4472 379 4544 λικῆς
402 4473 573 4528 αὑτοῦ
599 4476 968 4541 διδασκαλίας.
991 4474 1165 4531 Ἦλθε
1206 4478 1337 4548 γάρ,
1372 4474 1533 4549 ἦλθεν
1559 4480 1589 4531 ὁ
1621 4478 1786 4531 Μονο-

1895 4473 2061 4537 cavit,
2097 4472 2191 4541 qui
2224 4471 2659 4527 incarnationem
2687 4472 2863 4541 ipsam
2894 4470 3107 4525 Domini
3136 4470 3312 4526 nostri
3339 4470 3469 4527 Jesu

210 4565 416 4636 γινίις’
443 4566 541 4619 καὶ
570 4565 755 4632 οὕτως·
792 4566 907 4639 ἔχει
933 4571 968 4640 ἡ
1007 4570 1192 4640 μήτηρ
1221 4568 1378 4639 ήμῶν
1420 4564 1737 4639 Ἐκκλησία,
1765 4568 1786 4622 ό

1897 4562 2097 4619 Christi
2126 4576 2471 4633 nequaquam
2501 4562 2870 4634 abnegarent;
2898 4562 3102 4633 quique
3130 4562 3251 4615 illos
3281 4575 3471 4617 omnes

212 4656 384 4727 λιμὴν
414 4658 442 4709 ό
473 4657 646 4722 εὔδιος
679 4660 778 4729 τῆς
808 4661 1052 4730 εἰρήνης,
1086 4661 1119 4730 ή
1164 4659 1440 4730 εὐφρασία
1480 4660 1512 4730 ἡ
1556 4658 1786 4712 πνέουσα

1901 4664 2103 4725 servat,
2149 4657 2242 4727 qui
2276 4672 2343 4711 ex
2374 4671 2521 4711 verte
2563 4658 2738 4726 ipsius
2784 4658 2907 4727 ljdei
2941 4657 3259 4727 praescripto
3305 4657 3471 4711 vitam

211 4744 321 4816 τὴν
353 4744 554 4817 κύπριν
574 4748 595 4778 ³
617 4747 717 4817 τῆς
754 4747 1022 4818 ἀμπέλου,
1049 4749 1144 4802 καὶ
1171 4748 1364 4819 βότρυν
1392 4748 1632 4816 φέρουσα
1662 4749 1786 4819 ἡμῖν

1901 4745 2220 4811 instituunt,
2263 4760 2442 4816 neque
2478 4746 2708 4801 sincera:
2735 4754 2789 4800 et
2822 4745 3149 4817 evangelicae
3183 4745 3333 4799 illius
3371 4746 3471 4800 do-

212 4837 322 4907 τῆς
352 4837 624 4905 εὐλογίας,
654 4839 750 4892 καὶ
780 4840 844 4892 τὸ
868 4839 1155 4894 λυσίπονον
1175 4842 1310 4910 ἡμῖν
1328 4840 1478 4909 πόμα
1513 4838 1636 4892 καθ’
1665 4838 1786 4892 ἑκά-

1901 4838 2092 4892 ctrinre
2129 4839 2481 4907 praedicatum
2514 4838 2716 4907 ubique
2745 4837 2941 4906 dogma
2985 4832 3283 4906 respuunt;
3313 4833 3473 4891 Venit

213 4943 358 4997 στην
395 4930 610 5000 ἡμέραν
661 4924 799 5002 αἷμα
858 4931 1096 5003 Χριστοῦ
1144 4931 1476 5002 χαριζομένη
1519 4929 1786 5001 ἄκρατον,

1898 4931 2069 4994 enim,
2103 4932 2253 4987 venit
2286 4930 2635 5003 Unigenitus,
2658 4933 2842 5003 itaque
2872 4943 3044 4988 mater
3072 4928 3317 4987 Ecclesia
3346 4949 3473 5003 pro-

210 5017 440 5089 ἀληθές.
1901 5024 2105 5087 litetur,
2138 5038 2259 5094 quae
2296 5024 2624 5094 tranquillus
2668 5026 2818 5095 pacis
2853 5034 3043 5095 portus
3094 5031 3212 5091 est,
3257 5032 3312 5080 et
3349 5040 3477 5081 sua-

212 5118 363 5174 vitas
400 5117 647 5188 quaedam
673 5117 804 5174 vitis
848 5131 1071 5188 cyprum
1117 5116 1392 5180 redolens,
1440 5122 1496 5171 et
1529 5114 1792 5169 botrum'
1834 5116 1993 5171 nobis
2020 5116 2419 5173 benedictionis
2474 5117 2793 5188 proferens,
2846 5128 3058 5173 necnon
3124 5126 3178 5173 et
3231 5135 3473 5189 pra-seu~

211 5211 495 5268 tissimum
527 5208 659 5264 illud
687 5210 1050 5279 abstergeado
1076 5210 1298 5264 mmrori
1331 5216 1539 5279 potum,
1559 5222 1767 5262 merum
1791 5209 2080 5263 seilicetac
2107 5224 2295 5264 verum
2327 5210 2533 5265 Christi
2568 5210 2887 5279 sanguinem
2942 5211 3185 5280 quotidie
3214 5210 3469 5278 largiens.

289 5302 370 5356 iE'
408 5303 542 5374 (77).
591 5304 715 5355 ’Ὁτι
761 5301 1032 5373 ἀληθινῶς
1080 5303 1344 5374 ἐγεννήθη
1400 5301 1633 5372 Χριστὸς
1683 5303 1786 5356 ἀπὺ

1971 5298 2185 5372 109³1
2201 5300 2316 5355 XV.
2335 5299 2603 5358 Prwterea
2617 5303 2896 5358 Christum
2911 5317 2940 5356 e
2952 5301 3120 5356 Maria
3141 5317 3354 5371 semper
3369 5303 3473 5355 vir-

1899 5392 2023 5463 gine
2050 5407 2237 5447 revera
2262 5403 2449 5449 natum
2477 5408 2600 5449 esse
2637 5394 2833 5459 credit,
2852 5408 2917 5448 ac
2934 5395 3117 5463 reipsa
3139 5407 3341 5462 corpus
3365 5408 3473 5444 non

1902 5488 2087 5559 specie
2112 5488 2379 5544 duntaxat
2411 5489 2677 5554 induisse,
2709 5504 2955 5553 carnem,
2989 5489 3231 5557 inquam,
3265 5499 3471 5544 veram,

209 5392 439 5465 Μαρίας
464 5396 564 5465 τῆς
601 5392 981 5465 ἁειπαρθένου,
1034 5392 1215 5447 λαϐὼν
1257 5394 1320 5446 τὸ
1360 5394 1520 5466 σῶμα
1556 5395 1616 5447 ὲν
1656 5394 1793 5465 ἀληι

210 5485 364 5558 θείᾳ,
412 5486 507 5540 καὶ
549 5486 652 5540 οὐκ
694 5487 753 5537 ἐν
797 5485 1037 5556 δοκήσει,
1080 5488 1256 5557 σάρκα
1298 5486 1588 5559 ἀληθινῶς,
1632 5487 1790 5558 σῶμα

291 5643 311 5712 ξ
346 5659 436 5712 γρ.
475 5641 787 5710 κεκτῆσθαι.
894 5643 914 5672 ¹
957 5638 1017 5692 F.
1042 5640 1268 5711 κύπρον.

208 5711 236 5749 ⁷
267 5711 413 5768 Gen.
447 5727 508 5775 ιι,
537 5712 589 5766 7.
662 5713 683 5744 ⁸
711 5712 870 5765 Cant.
908 5728 947 5775 ι,
982 5712 1066 5765 15.

287 5827 408 5900 (77)
444 5826 872 5883 Prtetermissam
914 5828 985 5881 ibi
1023 5837 1129 5879 tam
1175 5842 1203 5880 ιι
1253 5826 1508 5895 Petavio,
1556 5843 1718 5900 quam
1762 5842 1786 5881 a

1886 5826 2148 5896 homasio,
2174 5829 2515 5883 numericam
2550 5837 2733 5883 notam
2763 5842 2832 5880 xv
2864 5822 3231 5882 restituimus.

543 5919 818 5980 Ρηιιοι..
864 5918 982 5983 Gn.
1020 5919 1211 5979 XLII.
1347 5924 1354 5933 '

3159 5913 3239 5971 26

1382 5642 1402 5672 ³
1443 5640 1544 5697 lsa.
1570 5655 1668 5704 LII,
1700 5640 1786 5695 i3.

1923 5641 2056 5698 Dan.
2086 5662 2182 5709 vn,
2213 5646 2267 5700 9.
2354 5646 2375 5676 "
2407 5644 2531 5701 Ose.
2565 5663 2665 5711 xu,
2705 5648 2793 5703 10.
2884 5647 2905 5677 ⁸
2937 5643 3131 5699 Ezech.
3156 5660 3237 5709 ιιι,
3264 5643 3350 5705 12,
3379 5638 3469 5694 2'2.
