3958 6400
559 391 655 446 m
1169 461 1172 464 ρ
1982 383 2038 438 s.
2080 383 2122 438 ε

2161 383 2276 439 ’11³11
2285 383 2420 439 AHll
3355 401 3363 406 '
3645 385 3724 443 812

557 519 867 576 corpusque
903 517 1088 559 verum
1134 517 1256 558 cum
1289 501 1509 558 ossibus
1538 515 1601 555 ac
1640 500 1823 555 nervis
1883 500 2120 569 reliquis

2166 508 2208 562 Α
2238 498 2508 569 ἀληθινῶς
2529 497 2624 552 σὺν
2653 496 2859 561 ὀστέοις
2881 496 2973 550 καὶ
3005 495 3212 565 νεύροις
3240 496 3330 550 καὶ⁹
3359 497 3481 549 πᾶσι
3509 498 3604 559 τοῖς
3627 499 3728 568 ἡμε-

559 613 830 668 que,q.ua3
861 597 1016 651 nobis
1065 597 1254 651 insunt
1295 596 1572 658 omnibus,
1605 594 1741 647 nihil
1790 601 1846 646 ut
1891 608 1921 647 a
1971 594 2122 648 nobis

2232 591 2433 664 τέροις,
2480 590 2645 661 μηδὲν
2685 589 2778 658 ἀφ’
2813 590 2973 660 ἡμῶν
2997 589 3420 659 διηλλαγμένος,
3457 588 3489 659 ἢ
3534 590 3664 659 μόνον
3687 592 3730 645 τὸ

558 693 718 762 ipsis.
753 699 1113 762 praeterquam
1133 686 1422 744 excellenti
1453 687 1697 758 quadam.
1729 687 2038 742 sanctitatis
2068 701 2121 740 ac

2233 682 2441 748 ἔνδοξον
2503 681 2602 752 τῆς
2656 679 2822 734 αὑτοῦ
2875 681 3159 750 ἁγιότητος
3221 680 3311 733 καὶ
3365 679 3616 748 θεότητος,
3664 683 3734 734 καὶ

557 785 860 840 divinitatis
888 783 1060 854 gloria
1089 781 1383 852 discrepet,
1421 789 1534 835 tum
1561 779 1708 850 quod
1734 778 2039 834 sanctitatis
2067 791 2120 831 ac

2232 771 2461 834 σκεύους
2495 769 2804 842 ἁγιωσύνης
2835 771 2930 824 καὶ
2972 769 3329 841 δικαιοσύνης,
3362 771 3453 824 καὶ
3477 771 3735 841 ἀναμαρτή-

552 880 780 952 iustitiae
829 894 926 932 vas
961 876 1054 930 sit.
1088 874 1263 930 liabet
1295 883 1474 928 autem
1522 870 1703 925 omnia
1735 867 2115 940 perfectissinu

2230 881 2339 928 τως
2363 863 2434 917 τὰ
2454 863 2632 918 πάντα
2655 863 2877 926 τελείως
2913 863 3072 934 ἔχων,
3098 863 3193 917 καὶ
3223 861 3464 932 ἐσχηκὼς
3493 863 3642 933 ψυχὴν
3664 864 3737 932 τὴν

557 973 696 1030 citra
739 977 1046 1040 peccatum.
1093 965 1274 1031 Quare
1321 963 1557 1018 humana
1595 975 1782 1016 revera
1823 967 1910 1015 est
1950 959 2120 1013 anima

2231 955 2581 1026 ἀνθρωπίνην
2606 956 2662 1008 ὲν
2694 953 2942 1025 ἀληθείᾳ,
2965 953 3091 1007 νοῦν
3113 955 3204 1008 τὸν
3233 952 3555 1024 ἀνθρώπινον
3580 955 3627 1006 ὲν
3643 953 3737 1023 ἁλη-

555 1039 841 1131 ρτιειιίιυε,
891 1057 1241 1122 humanaque
1292 1057 1471 1106 mente
1502 1068 1513 1102 :
1550 1065 1660 1104 non
1694 1049 1842 1119 quod
1891 1057 2118 1110 mentem

2232 1047 2374 1118 θείᾳ,
2410 1047 2509 1116 οὐχ
2549 1047 2625 1110 ὼς
2657 1045 2815 1116 ἡμῶν
2853 1045 3344 1116 διαϐεϐαιουμένων
3380 1044 3468 1098 τὸν
3507 1043 3615 1097 νοῦν
3639 1039 3739 1097 εἶναι

556 1149 878 1223 hypostasin
918 1163 1042 1203 esse
1078 1147 1349 1208 dicamus,
1399 1155 1458 1199 ut
1495 1142 1764 1197 aliirmant
1798 1140 1910 1194 alii.
1955 1139 2119 1194 Caute-

2233 1141 2554 1203 ὑπόστασιν,
2594 1136 2780 1200 καθὼς
2818 1137 2968 1192 ἄλλοι
3011 1136 3247 1204 λέγουσι.
3297 1134 3379 1189 Τὰ
3418 1136 3582 1190 πάντα
3611 1134 3656 1188 δὲ
3688 1134 3738 1204 μὴ

555 1257 678 1297 rum
706 1239 852 1298 nulla
875 1236 1081 1308 peccati
1105 1235 1431 1305 contagione
1458 1231 1695 1287 fmdatus
1717 1237 1821 1294 est,
1849 1243 2118 1298 nunquam

2232 1231 2535 1308 x‘pavﬁa’vm
2564 1231 2622 1284 ἐν
2656 1229 2924 1300 ἁμαρτίᾳ,
2950 1229 3123 1298 στόμα
3156 1226 3230 1298 μὴ
3261 1226 3601 1296 ψευσάμενον,
3629 1226 3738 1295 χείλη

556 1352 621 1391 os
661 1333 809 1388 illius
847 1330 1132 1386 mentitum
1174 1335 1280 1388 est.
1331 1340 1508 1396 neque
1552 1323 1696 1378 labia
1729 1322 1913 1378 dolum
1951 1321 2119 1375 locuta

2341 1323 2650 1392 λαλήσαντα
2679 1321 2850 1385 δόλον,
2886 1320 3113 1390 καρδίαν
3155 1319 3231 1389 μὴ
3276 1317 3528 1371 κλίνασαν
3553 1317 3622 1379 εἱς
3654 1317 3739 1385 ἐρε-

558 1425 754 1486 sunt',
801 1435 898 1475 cor
946 1417 1013 1471 ad
1059 1415 1384 1472 irritandum
1438 1413 1604 1469 [leum
1654 1426 1761 1466 non
1799 1411 2121 1472 declinavit1

2233 1413 2451 1484 θισμὸν,
2490 1411 2615 1466 νοῦν
2649 1412 2724 1484 μὴ
2774 1410 3117 1482 ἐκτραπέντα
3154 1412 3234 1474 εἰς
3266 1409 3302 1463 ἃ.
3343 1409 3418 1480 μὴ
3465 1409 3582 1481 χρὴ,
3614 1410 3741 1478 σάρκα

555 1533 712 1572 mens
734 1515 801 1571 ad
832 1530 917 1578 ea,
947 1528 1067 1583 quae
1097 1510 1252 1566 nefas
1287 1516 1391 1574 est,
1419 1523 1525 1579 non
1566 1504 1806 1570 deﬂexit,
1835 1518 1966 1559 caro
1995 1502 2118 1556 nihi;

2235 1505 2311 1577 μὴ
2334 1505 2403 1558 τά
2448 1503 2650 1575 σαρκὸς
2687 1503 2881 1574 ἡδονῆς
2919 1502 3327 1574 ἐργασαμένην.
3368 1499 3569 1562 Τέλειος
3591 1497 3741 1552 ἄνωθεν

553 1622 772 1670 eorum,
807 1621 930 1676 qua:
950 1605 1016 1660 ad
1047 1603 1232 1658 carnis
1256 1601 1584 1670 voluptatem
1618 1597 1911 1666 pertinent,
1955 1593 2116 1648 admi-

2231 1592 2386 1658 Θεὸς,
2415 1593 2516 1645 ούκ
2540 1590 2710 1645 ἐλθὼν
2737 1591 3062 1662 κατοικῆσαι
3092 1591 3152 1644 ὲν
3185 1587 3478 1661 ἀνθρώπῳ,
3504 1586 3606 1640 ἀλλ’
3629 1585 3743 1646 αὐτὸς

554 1701 628 1754 sit
657 1717 671 1754 :
707 1697 849 1753 Deus
880 1697 948 1750 ab
975 1703 1180 1751 aterno
1217 1692 1527 1764 perfectus;
1568 1691 1661 1759 qui
1699 1704 1832 1754 non,
1870 1695 1928 1741 ut
1953 1687 2008 1740 in
2039 1687 2107 1739 ho

2231 1686 2260 1739 ὁ
2292 1683 2465 1752 Λόγος
2489 1682 2935 1764 ὲνανθρωπήσας,
2970 1683 3030 1736 ού
3065 1683 3296 1752 τραπεὶς
3329 1681 3429 1751 τὴν
3458 1679 3622 1748 φύσιν,
3647 1695 3743 1747 συμ-

550 1789 702 1845 :uine
721 1787 1013 1850 habitaret,
1055 1763 1294 1846 advenit,
1327 1781 1420 1838 sed
1448 1779 1686 1836 Verbum
1719 1778 1896 1848 ipsum
1955 1775 2101 1829 homi

2181 1848 2195 1850 ξ
2233 1773 2601 1846 περιειληφὼς
2627 1763 2746 1845 ἅμα
2768 1777 2834 1845 τῇ
2863 1773 3076 1843 θεότητι
3096 1773 3195 1844 τὴν
3222 1772 3359 1826 ίδίαν
3382 1769 3744 1840 ὲνανθρὼπησιν.

552 1887 682 1928 nem
723 1871 923 1936 induit,
957 1885 1063 1924 non
1111 1876 1305 1923 natura
1353 1875 1644 1929 mutatum,
1689 1847 1782 1919 sed
1829 1877 1982 1926 eam,
2011 1876 2115 1931 qua

2183 1848 2206 1902 3
2250 1868 2336 1920 'Ev
2369 1868 2552 1938 μήτρᾳ
2595 1864 2867 1937 παρθένου
2897 1864 3134 1934 γεγονὼς
3167 1866 3224 1918 ὲν
3254 1862 3499 1934 ἀληθείᾳ,
3539 1876 3746 1929 κυοφορη-

558 1963 799 2019 homiuis
830 1961 1049 2033 propria
1079 1967 1185 2024 est,
1211 1974 1338 2014 cum
1367 1958 1649 2014 divinitate
1679 1953 2044 2025 complexum.
2075 1951 2121 2006 In

2240 1955 2354 2020 θεὶς
2389 1956 2476 2009 διὰ
2516 1953 2848 2027 γεννητικῶν
2896 1954 3077 2026 πόρων
3115 1954 3570 2025 ἁνεπαισχύντως,
3599 1950 3747 2023 ἀκράν-

556 2053 787 2125 virginis
813 2059 970 2108 utero
994 2064 1179 2106 revera
1209 2048 1445 2119 g’enitus,
1477 2061 1541 2102 ac
1571 2061 1667 2116 per
1689 2043 1957 2114 genitales
1984 2055 2119 2095 mea

2232 2063 2372 2112 τως,
2422 2045 2762 2117 ἀμολύντως.
2806 2046 3164 2117 Ἀνατραφεὶς
3189 2086 3204 2109 ,
3258 2046 3358 2098 καί⁵
3408 2041 3749 2112 ὲναγκαλισθεὶί

548 2151 648 2196 ωε
688 2141 742 2196 in
772 2141 948 2195 lucem
979 2137 1180 2198 editus.
1210 2137 1330 2192 sine
1357 2135 1465 2190 ulla
1503 2131 1857 2204 turpitudine,
1889 2129 2111 2184 l‘aaditat:

2234 2139 2340 2193 ὑπό
2366 2155 2424 2192 τε
2469 2139 2757 2210 Συμεῶνος
2801 2139 2896 2192 καὶ
2924 2139 3142 2208 ’Δννης,
3194 2136 3518 2208 βασταχθεὶς
3545 2135 3635 2188 ὑπὸ
3661 2133 3750 2187 Μα-

558 2228 642 2284 νει
684 2227 823 2284 labe.
851 2225 982 2282 Post
1019 2225 1135 2280 haec
1176 2223 1461 2289 educatus,
1499 2228 1662 2289 atque
1702 2232 1732 2271 a
1782 2217 2050 2288 Symeone
2078 2221 2121 2268 el

2237 2232 2379 2304 ριας.
2405 2231 2694 2296 πεξεύσας,
2710 2230 3086 2301 ὁδοιπορήσας,
3117 2230 3332 2283 παιδίον
3353 2227 3598 2299 γεγονὼς,
3611 2225 3752 2296 ἅδρυν-

554 2322 712 2374 Anna
770 2318 827 2372 in
886 2317 1030 2373 ulnis
1075 2322 1342 2386 gestatus,
1407 2327 1438 2366 a
1492 2309 1664 2365 Maria
1711 2315 1982 2380 portatus,
2032 2305 2117 2358 itel

2235 2323 2349 2387 θεὶς
2372 2325 2438 2394 τῇ
2474 2322 2678 2394 ἡλικίᾳ,
2717 2323 2788 2376 τὰ
2835 2321 3013 2375 πάντα
3051 2321 3190 2392 ἔχων
3220 2323 3282 2375 ὲν
3312 2319 3490 2390 ἑαυτῷ
3526 2321 3578 2372 ὲν
3604 2313 3754 2370 τελειό-

547 2416 746 2479 postea
780 2404 1010 2478 pedibus
1049 2401 1307 2469 confecit,
1341 2401 1722 2472 peregrinatus
1759 2402 1864 2461 est,
1897 2393 1965 2448 ad
2003 2408 2134 2485 pue-
2234 2430 2376 2485 mu,
2407 2393 2464 2467 έν
2493 2393 2712 2485 ἀριθμῷ
2741 2411 2878 2466 ἐτῶν
2911 2412 3023 2482 (78)
3050 2410 3352 2481 λογισθεὶς,
3385 2412 3445 2464 ἐν
3475 2408 3664 2483 ἀριθμῷ
3683 2424 3755 2477 μη.

555 2499 737 2552 ritiam
777 2495 1044 2567 pervenit,
1069 2503 1226 2548 aatate
1252 2493 1643 2547 corroboratus
1676 2495 1782 2554 est,
1810 2486 2050 2540 humana
2078 2484 2118 2537 ir

2236 2484 2343 2559 νῶν
2377 2506 2436 2558 ὲν
2487 2484 2670 2576 κοιλίᾳ
2717 2504 3094 2575 κυοφορηθεὶς,
3134 2502 3429 2574 γενόμενος
3475 2503 3571 2556 ὑπὸ
3617 2500 3753 2568 νόμον.

556 2607 618 2648 se
648 2591 832 2648 omnia
863 2588 1103 2660 perfecte
1135 2587 1345 2652 habuit,
1377 2599 1645 2639 annorum
1681 2593 1911 2635 numero
1934 2591 2119 2633 census

2237 2594 2404 2648 ἐλθὼν
2443 2595 2535 2648 ἐπὶ
2584 2595 2676 2649 τὸν
2723 2594 3016 2665 Ἰορδάνην,
3054 2593 3382 2664 βαπτισθεὶς
3421 2593 3525 2646 ὑπὸ
3563 2591 3753 2645 Ἰωάννου

557 2690 666 2746 est,
715 2695 944 2736 numero
988 2677 1262 2732 mensium
1307 2675 1364 2729 in
1399 2671 1733 2744 praegnantis
1759 2677 1917 2724 utero
1955 2677 2120 2737 gesta-

2235 2689 2337 2742 οὺκ
2365 2686 2713 2754 ὲπιδεὸμενος
2754 2685 2998 2758 λουτρῶν
3021 2701 3034 2714 ·
3063 2686 3155 2739 διά
3186 2703 3248 2738 τε
3279 2685 3342 2738 τὸ
3383 2682 3654 2741 ἀκόλουθον
3685 2678 3757 2749 τῆς

557 2784 670 2838 tus,
705 2772 882 2827 factus
909 2786 978 2826 ex
1005 2769 1254 2831 muliere,
1285 2767 1460 2822 iactus
1493 2765 1596 2819 sub
1629 2763 1807 2834 lege‘.
1837 2759 2042 2816 Deinde
2068 2772 2120 2813 ac

2237 2777 2296 2831 ὲν
2338 2776 2488 2848 νόμῳ
2533 2775 3000 2847 ὲνανθρωπήσεως
3049 2775 3125 2847 μὴ
3169 2777 3464 2849 ταράσσων
3503 2772 3755 2828 τὸδίκαιον.

552 2865 852 2921 ‘Jordanem
884 2859 1166 2932 prolectus
1193 2866 1299 2918 est,
1333 2857 1643 2925 ibidemque
1665 2868 1695 2907 a
1718 2851 1930 2908 Joanne
1961 2850 2115 2922 bapti'

2236 2869 2383 2931 ὅπως
2419 2867 2704 2938 πληρωθῇ,
2735 2867 2810 2930 ὡς
2841 2867 3004 2931 αὐτὸς
3029 2867 3154 2938 ἔφη,
3185 2869 3341 2921 πᾶσα
3371 2865 3681 2932 δικαιοσύνη,
3697 2860 3756 2912 ἵνα

546 2965 738 3017 .zatus,
779 2967 903 3010 cum
952 2952 1157 3006 lotione
1202 2950 1337 3005 nihil
1368 2947 1748 3020 opushaberet
1781 2964 1794 3000 :
1830 2942 1925 3000 sed
1956 2951 2014 2998 ut
2048 2957 2109 2997 ea

2236 2957 2385 3032 δείξῃ
2414 2958 2496 3010 ὅτι
2525 2955 2786 3028 ἀληθινὴν
2817 2956 2995 3026 σάρκα
3038 2955 3350 3020 ἐνεδύσατο,
3387 2953 3626 3024 ἀληθινὴν
3649 2953 3758 3003 ἐναν-

557 3065 682 3122 quae
723 3055 991 3117 suscepta:
1035 3043 1276 3098 hominis
1328 3048 1539 3096 naturae
1578 3045 1948 3094 consentanea
1985 3042 2120 3090 sunt.

2238 3049 2540 3122 θρώπησιν.
2583 3047 2996 3120 Κατερχόμενος
3031 3047 3111 3111 εἱς
3143 3047 3212 3101 τὰ
3244 3046 3437 3112 ὕδατα,
3475 3045 3631 3106 διδοὺς
3656 3042 3757 3112 ἢπερ

550 3147 828 3203 servaret,
853 3138 1082 3210 iustitiae
1123 3137 1295 3206 legem
1331 3133 1657 3204 perturbare
1703 3129 1902 3192 noluit,
1941 3135 1997 3182 ut
2035 3127 2113 3182 im-

2197 3195 2204 3211 .
2238 3139 2552 3212 λαμϐάνων,
2583 3138 2991 3210 παρερχόμενος
3009 3139 3032 3170 δ
3063 3139 3210 3210 ἥπερ
3241 3137 3604 3208 ὲπιδεόμενος,
3642 3132 3760 3202 φωτί-

549 3236 824 3305 gpleretur,
853 3194 1328 3302 'quemadmodum
1382 3226 1500 3296 ipse
1553 3223 1715 3288 dicit,
1755 3220 1935 3277 omnis
1976 3219 2110 3289 justi

2198 3195 2204 3211 ι
2311 3194 2324 3212 ι
2537 3194 2551 3205 σ
2665 3194 2677 3210 ι
2733 3194 2800 3210 ιη
2835 3194 2846 3209 ι
2972 3194 2988 3202 -
3085 3194 3098 3210 ι
3180 3194 3193 3210 ι
3436 3194 3448 3208 ι
3567 3194 3602 3200 --
3652 3194 3664 3202 ν

2198 3228 2207 3248 ¹
2241 3228 2347 3295 ζων
2374 3229 2533 3294 αὐτὰ,
2567 3227 2880 3300 ὲνδυναμῶν
2911 3228 3050 3282 αὐτὰ
3076 3231 3156 3290 εἰς
3187 3228 3361 3282 τύπον
3389 3227 3494 3281 τῶν
3519 3223 3761 3298 μελλόντων

546 3325 704 3392 .tia',
754 3333 917 3395 atque
957 3334 1143 3375 veram
1188 3333 1217 3372 a
1269 3331 1328 3374 se
1359 3331 1581 3372 carnem
1616 3327 1910 3384 veramque
1952 3312 2101 3366 homi

2240 3324 2299 3376 ὲν
2333 3319 2481 3392 αὐτῷ
2522 3319 2879 3386 τελειοῦσθαι,
2909 3320 3055 3382 ὅπως
3106 3321 3156 3373 οἱ
3201 3319 3354 3390 αύτῷ
3409 3314 3763 3373 πεπιστευκότες

547 3416 649 3472 .nis
688 3421 938 3469 naturam
977 3417 1294 3479 susceptam
1327 3421 1450 3462 esse
1483 3411 1839 3460 monstraret.
1873 3402 2039 3473 Igitur
2064 3415 2110 3454 ac

2241 3415 2300 3469 ιν
2335 3413 2582 3486 ἀληθείᾳ,
2623 3413 2720 3466 καὶ
2764 3412 2978 3483 ἔχοντες
3007 3412 3106 3484 τὴν
3161 3411 3352 3466 πίστιν
3401 3412 3500 3482 τῆς
3545 3405 3760 3477 ἀληθείας,

558 3523 737 3581 aquas
782 3503 1098 3568 descendit,
1151 3503 1226 3556 ita
1273 3507 1456 3553 tamen
1503 3505 1564 3552 ut
1613 3493 1888 3550 conferret
1931 3491 2121 3563 aliquid

2249 3506 2492 3580 μάθωσιν
2520 3508 2603 3561 ὅτι
2632 3507 2901 3577 ἀληθινῶς
2927 3506 3376 3580 ὲνηνθρώπησεν,
3411 3505 3655 3578 ἀληθινῶς
3674 3502 3763 3554 ἔϐα·

550 3605 748 3676 εροιὴιε
785 3614 949 3672 quam
982 3595 1297 3665 acciperet,
1327 3590 1618 3661 largiretur
1658 3586 1836 3658 magis
1867 3601 2029 3656 quam
2062 3601 2113 3638 re

2247 3597 2469 3669 πτίσθη,
2505 3599 2601 3651 καὶ
2622 3597 2794 3662 οὕτως
2825 3597 2912 3652 διὰ
2938 3597 3039 3667 τῆς
3061 3597 3224 3652 αύτοῦ
3262 3596 3686 3668 συγκαταθέσεως
3702 3593 3765 3642 καὶ

547 3693 873 3764 .cujuspiam
920 3687 1236 3756 indigeret:
1277 3683 1479 3754 quippe
1529 3681 1746 3736 easdem
1797 3679 1917 3733 illas
1967 3693 2107 3749 aqua

2246 3689 2400 3743 αὐτοὶ
2433 3689 2740 3761 ἐρχόμενοι,
2772 3690 2978 3745 λάϐωσι
3015 3690 3117 3761 τῆς
3143 3691 3310 3746 αὐτοῦ
3350 3690 3678 3750 καταϐάσεως
3698 3684 3765 3752 τὴν

551 3801 666 3842 sua
714 3785 834 3837 luce
889 3775 1252 3841 collustravit,
1276 3781 1331 3830 et
1368 3772 1437 3827 ad
1483 3785 1696 3836 eorum,
1741 3783 1864 3840 qua:
1915 3769 1970 3822 in
2018 3783 2114 3824 ses.

2243 3778 2492 3851 δύναμιν,
2518 3781 2612 3834 καὶ
2635 3781 2978 3852 φωτισθῶσιν
3001 3782 3110 3836 ἀπὸ
3130 3783 3230 3853 τῆς
3252 3783 3422 3838 αὐτοῦ
3445 3776 3763 3854 φωταγωγίας.

553 3870 899 3946 perﬁcienda
928 3878 1108 3934 erant,
1133 3863 1577 3921 'adumbrandam
1605 3862 1916 3933 imaginem,
1948 3876 2110 3932 quam

2248 3871 2624 3944 πληρουμένου
2659 3873 2754 3927 τοῦ
2787 3873 2845 3928 ὲν
2874 3873 2952 3946 τῷ
2986 3876 3243 3949 προφήτῃ
3275 3875 3445 3948 ῥητοῦ
3469 3893 3484 3908 ο
3511 3875 3598 3937 Εἰς
3623 3867 3767 3942 μεταλ·

551 3967 693 4022 ιιΙοιη
727 3962 837 4018 vim
877 3959 985 4016 illis
1032 3954 1315 4027 impertiit,
1345 3960 1406 4008 ut
1439 3953 1534 4023 qui
1574 3952 1678 4021 ipsi
1713 3964 1903 4004 revera
1953 3949 2114 4004 crede

2250 3963 2422 4036 λαγὴν
2444 3965 2839 4038 δυνάμεως,είς
2862 3966 3107 4039 παροχὴν
3121 3969 3398 4039 σωτηρίας
3421 3965 3764 4038 τῆςδυνάμωςι

561 4067 691 4116 τιειιι
734 4070 800 4112 ac
840 4053 1087 4110 veritatis
1111 4055 1296 4106 essent
1342 4047 1445 4103 [ide
1469 4045 1709 4117 pratditi,
1756 4044 2120 4114 intelligerent

2251 4054 2331 4117 εἰς
2363 4053 2611 4126 παροχήν
2645 4057 2918 4126 σωτηρίας
2947 4057 3046 4128 τῆς
3076 4057 3360 4129 δυνάμεως
3403 4058 3496 4112 τοῦ
3532 4058 3676 4128 ἄρτου
3693 4048 3768 4106 ἀπὺ

556 4167 679 4206 .nnn
718 4149 871 4205 illum
905 4144 1028 4200 ficte
1053 4143 1348 4198 humanam
1375 4136 1622 4194 induisse
1647 4142 1923 4198 naturam,
1969 4149 2119 4204 nequi

2250 4147 2349 4217 τῆς
2390 4146 2745 4220 Ἰερουσαλὴμ
2779 4147 3216 4222 λαμϐανομένης,
3248 4152 3346 4206 καὶ
3387 4152 3487 4222 τῆς
3527 4147 3683 4220 ἰσχύος
3702 4139 3766 4195 τοῦ

568 4245 694 4297 licte
724 4254 849 4296 esse
885 4235 1043 4308 aquis
1075 4233 1401 4297 intinctum;
1463 4228 1761 4297 eademque
1811 4234 1866 4280 et
1913 4225 2017 4295 ipsi
2065 4241 2144 4280 ra-
2252 4234 2462 4301 ὓδατος.

568 4339 839 4406 tioneper
883 4347 1026 4397 eam,
1060 4345 1222 4401 quam
1249 4329 1338 4382 ille
1353 4340 1476 4398 pra:
1504 4340 1564 4381 se
1590 4325 1807 4390 tulerat,
1836 4327 2394 4386 accommodationem
2418 4334 2764 4402 accedentes,
2802 4334 3018 4407 1098
3049 4335 3280 4392 inditam
3308 4337 3456 4394 illius
3478 4331 3770 4392 descensione

560 4431 679 4484 vim
736 4428 793 4483 in
858 4440 983 4482 sese
1044 4421 1383 4479 transferant
1425 4417 1781 4490 ejusdemque
1847 4417 1968 4473 luce
2031 4419 2454 4488 perfundantur,
2516 4441 2629 4496 quo
2698 4427 3074 4497 propheticum
3117 4428 3411 4499 impleatur
3468 4425 3713 4484 oraculum
3759 4436 3768 4472 :

567 4521 651 4576 Ad
682 4517 1073 4576 immutandam
1123 4515 1382 4569 virtutem
1428 4512 1938 4583 conciliandamque
1985 4513 2217 4571 salutem
2257 4532 2322 4572 ex
2356 4518 2446 4572 illa
2489 4523 2649 4589 panis
2680 4521 2901 4589 virtute,
2926 4538 3046 4594 quae
3074 4523 3144 4578 ab
3172 4521 3510 4580 Hierusalem
3539 4518 3766 4590 accipitur.

573 4626 955 4684 aquarumque
991 4625 1067 4664 vi.

642 4706 785 4763 XVI.
853 4705 954 4762 Hic
998 4705 1146 4762 enim
1193 4705 1248 4759 in
1293 4703 1516 4760 Christo
1560 4705 1718 4775 panis
1760 4704 1934 4760 virtus
1961 4719 2033 4760 ac
2063 4704 2205 4766 vis!

2206 4711 2225 4764 l
2321 4707 2440 4775 ις’.
2489 4708 2753 4764 Ἐνταῦθα
2781 4709 2838 4764 δὲ
2862 4711 2920 4763 ὲν
2944 4709 3161 4783 Χριστῷ
3187 4707 3684 4782 ίσχυροποιουμένων
3702 4701 3769 4768 τῆς

574 4819 734 4874 aquae
753 4801 1163 4864 corroboratur,
1190 4804 1250 4853 ut
1272 4812 1385 4852 non
1419 4798 1577 4867 panis
1601 4798 1718 4866 ipse
1747 4797 1818 4852 sit
1848 4796 2011 4853 nobis
2036 4797 2137 4853 vir-

2261 4798 2541 4871 δυνάμεως
2575 4802 2667 4855 τοῦ
2691 4802 2857 4872 ἄρτου
2885 4802 2978 4857 καὶ
3015 4803 3114 4874 τῆς
3153 4802 3341 4866 ὕδατος
3378 4801 3573 4872 ἰσχύος,
3603 4799 3677 4852 ἵνα
3703 4793 3770 4848 οὐκ

576 4904 693 4961 tus,
731 4897 826 4953 sed
866 4893 1040 4951 virtus
1073 4907 1104 4948 a
1150 4906 1292 4964 pane
1335 4889 1603 4959 profecta.
1632 4889 1710 4944 Ac
1732 4889 1891 4945 cibus
1926 4889 2139 4960 quidem

2261 4891 2424 4963 ἄρτος
2468 4893 2598 4962 ἡμῖν
2630 4893 2855 4964 γένηται
2898 4893 3145 4966 δύναμις,
3192 4893 3328 4947 ἀλλὰ
3355 4893 3576 4964 δύναμις
3616 4888 3765 4957 ἄρτου·

576 4995 769 5043 noster
798 4988 956 5058 panis
979 4995 1086 5050 est,
1117 4986 1213 5042 sed
1243 4985 1300 5040 in
1327 4985 1449 5056 ipso
1475 4983 1661 5039 vitalis
1695 4983 1943 5054 quaedam
1975 4983 2139 5041 virtut

2261 4985 2359 5037 καὶ
2399 4983 2602 5055 βρῶσις
2633 4985 2731 5056 μὲν
2776 4987 2804 5038 ὁ
2837 4984 3075 5056 ἀρτος,ή
3117 4985 3172 5038 δὲ
3204 4983 3433 5054 δύναμις
3465 4985 3523 5036 ὲν
3559 4976 3686 5048 αὐτῷ
3717 4973 3769 5031 εἰς

576 5077 912 5132 eorutinetur.
940 5076 1126 5147 Neque
1154 5077 1211 5132 id
1243 5078 1420 5133 solum
1449 5084 1630 5132 actum
1657 5083 1763 5142 est,
1805 5083 1866 5132 ut
1893 5091 1994 5133 nos
2011 5091 2139 5147 aqua

2264 5075 2611 5146 ζωογόνησιν.
2653 5077 2764 5128 Καὶ
2797 5077 2895 5145 οὐχ
2933 5076 3021 5129 ἵνα
3044 5075 3105 5128 τὸ
3134 5074 3274 5147 ὕδωρ
3311 5075 3450 5145 ἡμᾶς
3495 5071 3683 5140 καθάρῃ
3704 5062 3769 5133 μθ

582 5172 923 5236 repurgaret,
951 5167 1045 5222 sed
1073 5178 1130 5222 ut
1149 5183 1304 5238 aquae.
1330 5169 1381 5222 vi
1407 5184 1502 5237 per
1535 5168 1694 5223 ﬁdem
1725 5174 1780 5222 ct
1811 5168 2082 5223 actionem
2101 5175 2145 5223 et

2261 5185 2371 5233 vov,
2403 5167 2517 5220 ἀλλ’
2542 5167 2628 5220 ἵνα
2653 5168 2710 5221 ὲν
2733 5169 2798 5238 τῇ
2831 5166 2978 5238 ίσχύῖ
3012 5166 3108 5220 τοῦ
3139 5147 3326 5229 ὕδατος
3348 5166 3438 5219 διὰ
3469 5163 3567 5234 τῆς
3591 5160 3769 5213 nim

574 5271 735 5328 spem
769 5271 833 5309 ac
883 5257 1262 5326 mysteriorum
1291 5258 1652 5313 initiationem
1682 5265 1741 5314 et
1772 5257 2137 5314 consecratio

2261 5258 2354 5313 καὶ
2392 5259 2676 5330 ἐνεργείας
2716 5260 2810 5312 καὶ
2855 5255 3066 5321 ἐλπίδος
3120 5257 3216 5311 καὶ
3263 5255 3571 5328 μυστηρίων
3611 5242 3769 5303 τελειώ-

575 5351 667 5407 nis
694 5348 1133 5420 appellationem,
1165 5347 1233 5401 ad
1266 5349 1566 5418 perfectam
1600 5349 2019 5421 absolutamque
2061 5364 2138 5406 sa-

2263 5351 2526 5415 σεως,καὶ
2551 5351 2846 5422 ὀνομασίας
2870 5351 2969 5421 τῆς
2993 5349 3325 5419 ἀγιαστείας,
3346 5347 3562 5419 γένηται
3589 5341 3699 5414 ἡμῖν
3719 5333 3769 5394 εις

540 5579 544 5588 .
655 5513 674 5542 ¹
719 5505 740 5560 Ῑ
771 5505 891 5563 Ῥεῖν
920 5521 980 5570 ιιι
1010 5502 1100 5558 22.
1179 5505 1201 5535 ¹
1235 5501 1361 5559 Gal.
1397 5521 1472 5570 iv,
1509 5506 1562 5560 4.
1642 5507 1663 5539 ³
1703 5505 1893 5562 Matth.
1932 5523 2014 5574 ιιι,
2047 5507 2103 5562 ιι

1187 5505 1201 5535 ³
1235 5501 1361 5559 Gal.
1397 5521 1472 5570 tv,
1509 5506 1562 5560 4.
1642 5507 1663 5539 ³
1703 5505 1893 5562 Matth.
1932 5523 2014 5574 ιιι,
2047 5506 2134 5562 15.
2213 5506 2234 5540 ⁸
2265 5504 2328 5562 F.
2359 5507 2750 5578 παρεχόμενος.

642 5663 764 5732 {78)
804 5663 907 5715 Ἔν
934 5656 1154 5731 ἀριθμῷ
1179 5655 1349 5723 ἐτῶν,
1383 5667 1492 5717 etc.
1537 5657 1794 5718 Petavius
1819 5661 1998 5717 locum
2025 5661 2149 5718 red-

2257 5671 2346 5717 tur
2380 5661 2537 5718 locus
2585 5661 2711 5727 ille,
2755 5679 3016 5717 annorum
3061 5678 3276 5716 numero
3314 5675 3497 5714 census
3537 5661 3637 5716 θειὶ
3664 5659 3769 5702 ⁵⁸⁸⁸⁸

579 5731 696 5794 dit,
727 5731 986 5812 annorum
1028 5732 1662 5812 mensiumquennunwron
1700 5747 1884 5786 census
1926 5741 2054 5812 est:
2091 5733 2148 5788 in
2257 5734 2394 5789 cium
2429 5747 2644 5789 nuutero
2670 5733 2726 5787 in
2753 5734 3078 5807 prwgnantis
3108 5744 3278 5798 utero,
3313 5739 3420 5788 ctc.

581 5801 905 5868 umquam:
931 5809 1079 5856 utero
1101 5796 1356 5873 gestatus.
1381 5796 1605 5856 Rectius
1639 5798 1874 5857 fortasse
1902 5801 2152 5859 reddere-
