3958 6400
217 422 312 482 815

760 424 1130 482 ADVERSUS
1168 424 1508 482 HERESES
1547 422 1674 481 LIB.
1716 423 1807 479 III.
1840 421 2006 479 'I‘OM.
2047 419 2184 478 ll.—
2207 421 2573 478 EXPOSITIO
2612 421 2816 478 FIDEI.

3347 419 3456 478 814

213 521 480 590 τελείωσιν
537 536 827 609 σωτηρίας.
886 539 1148 594 Ἀνελθὼν
1193 541 1302 594 ἀπὸ
1341 540 1436 595 τοῦ
1488 541 1762 612 Ἰορδάνου,

1883 538 2052 592 lutem
2093 538 2255 594 nobis
2279 537 2412 608 ipsis
2443 538 2711 594 conferat.
2747 536 2890 607 Ergo
2915 534 3172 590 Christus
3203 535 3454 589 ascendit

214 627 415 682 ἀκούων
439 628 621 699 φωνὴν
651 630 864 701 Πατρὸς
886 631 965 693 είς
993 631 1163 702 ἀκοὴν
1183 632 1466 703 παρόντων
1496 632 1775 704 μαθητῶν,

213 721 282 782 εἰς
304 719 365 773 τὸ
390 719 663 785 ὑποδεῖξαι
694 720 778 784 τίς
804 723 832 774 6
863 722 1328 793 μαρτυρούμενος,
1355 725 1449 777 καὶ
1477 723 1572 777 τοῦ
1618 723 1774 790 ἁγίου

183 859 197 889 ἦ
212 808 517 880 Πνεύματος
549 810 607 862 ὲν
637 809 766 863 είδει
796 814 1126 884 περιστερᾶς
1151 815 1573 886 κατερχομένου,
1605 814 1776 868 καθά-

1880 646 1912 685 e
1941 628 2203 696 Iordane,
2233 644 2420 685 vocem
2463 629 2643 684 Patris
2680 627 2875 692 audiit,
2915 642 3077 698 quam
3107 633 3161 681 et
3195 625 3450 694 discipuli

1877 721 1971 792 qui
2007 720 2261 785 aderant,
2294 721 2610 786 audierunt,
2644 731 2705 775 ut
2730 720 2854 790 quis
2889 720 2981 774 ille
3009 719 3147 774 foret
3175 719 3264 772 cui
3295 717 3451 772 testi-

1877 813 2123 870 monium
2149 814 2281 868 illud
2314 813 2670 884 praeberetur,
2706 819 3098 884 agnoscerent;
3137 818 3252 864 tum
3283 809 3448 864 etiam

209 919 306 972 περ
360 902 419 955 ὲν
459 901 680 965 πολλαῖς
708 903 984 974 αἱρέσεσιν
1025 905 1345 976 εἰρήκαμεν,
1381 907 1469 959 ἵνα
1517 905 1591 976 μὴ
1651 919 1762 958 συν-

1877 905 2116 976 Spiritus
2174 913 2400 962 sanctus
2449 905 2715 960 columbae
2765 903 2946 975 specie
2997 903 3253 973 delapsus
3300 903 3449 962 est‘,

163 1062 166 1066 '
208 992 396 1064 ἀλοιφὴ
437 995 473 1064 ἡ
519 993 687 1066 Τριὰς
725 997 1029 1067 νομισθείη,
1060 999 1629 1069 σχηματοποιουμένου
1676 999 1773 1049 τοῦ

206 1075 516 1155 ῙΙνεύματος
566 1087 623 1139 ὲν
670 1087 775 1159 ἰδίᾳ
823 1089 1118 1142 ὑποστάσει
1144 1105 1157 1118 ·
1207 1088 1664 1158 ὲπικαθεζομένου
1713 1088 1771 1141 δὲ

203 1175 292 1229 τοῦ
327 1175 652 1246 Πνεύματος
699 1177 794 1229 καὶ
830 1177 1126 1248 ἐρχομένου
1157 1178 1242 1230 ἐπ’
1281 1176 1467 1241 αὐτὸν,
1498 1177 1585 1229 ἵνα
1630 1175 1768 1246 ὀφθῇ

203 1267 234 1318 6
279 1265 746 1338 μαρτυρούμενος
783 1267 871 1322 ἵνα
917 1267 1054 1340 σὰρξ
1087 1270 1120 1338 ή
1165 1268 1294 1336 ἀγία
1337 1267 1464 1338 φίλη
1513 1263 1646 1320 οὖσα
1677 1267 1773 1320 καὶ

203 1357 583 1428 εὐδοκουμένη,
637 1359 742 1411 ὑπὸ
779 1358 874 1412 τοῦ
911 1359 1126 1431 Πατρὸς
1171 1359 1266 1412 καὶ
1316 1357 1408 1412 τοῦ
1454 1358 1771 1428 Πνεύματος

204 1448 572 1519 μαρτυρηθείη
590 1465 608 1482 ·
638 1450 727 1504 ἵνα
747 1452 776 1503 6
806 1449 994 1521 Πατὴρ
1017 1449 1311 1521 εὐδοκητὴς
1344 1449 1641 1520 κηρυχθείη
1672 1450 1771 1522 τῆς

200 1536 290 1590 τοῦ
319 1536 448 1590 Υίοῠ
495 1538 757 1609 ὲνσάρκου
805 1539 1134 1608 παρουσίας’
1167 1539 1255 1592 ἴνα
1287 1541 1314 1591 6
1343 1538 1472 1602 Υἱὸς
1519 1538 1771 1608 ἀληθινὸς

198 1628 407 1699 ὀφθείη,
438 1629 534 1683 καὶ
557 1628 821 1702 πληρώσῃ
845 1631 906 1683 τὸ
931 1630 1244 1702 εἰρημένον·
1269 1631 1380 1684 Καὶ
1401 1632 1553 1698 μετὰ
1581 1629 1770 1683 ταῦτα

197 1719 295 1772 ἐπὶ
319 1719 430 1788 τῆς
465 1718 578 1789 γῆς
606 1721 793 1789 ὤφθη,
824 1720 924 1774 καὶ
953 1721 1104 1790 μετὰ
1129 1719 1249 1774 τῶν
1269 1721 1595 1790 ἀνθρώπων
1619 1737 1770 1776 συν-

197 1810 562 1881 ανεστρὰςρηο
583 1811 818 1866 ἀνελθὼν
832 1812 938 1865 ἀπὸ
950 1811 1044 1866 τοῦ
1061 1812 1346 1882 Ἰορδάνου,
1366 1813 1461 1866 καὶ
1474 1813 1657 1883 σαφῶς
1673 1814 1768 1867 καὶ

1878 997 2336 1067 quemadmodum
2368 997 2424 1052 in
2446 997 2741 1050 multarum
2763 996 3041 1050 haereseon
3072 993 3448 1049 confutatione

1873 1085 2129 1142 diximus.
2190 1087 2268 1143 Ac
2311 1101 2380 1142 ne
2439 1085 2684 1141 Trinitas
2724 1086 2842 1154 ipsa
2895 1085 2949 1138 in
2995 1099 3163 1139 unum
3229 1083 3451 1137 redacta

1876 1177 2216 1248 confusaque
2243 1177 2582 1241 crederetur,
2608 1175 2849 1246 Spiritus
2882 1175 3100 1244 propria
3131 1173 3194 1228 in‘
3212 1187 3434 1243 person:

1873 1267 2102 1339 ﬁguram
2137 1269 2283 1322 illam
2315 1267 2517 1330 induit,
2559 1275 2614 1322 et
2641 1281 2809 1336 super
2848 1267 3000 1320 illum
3033 1264 3254 1329 resedit,
3283 1278 3445 1334 sequi-

1870 1360 1925 1413 in
1966 1359 2145 1429 ipsum
2178 1358 2514 1424 insinuavit;
2569 1365 2629 1412 ut
2673 1357 2721 1412 is
2762 1357 2852 1411 cui
2899 1356 3272 1411 testimonium
3313 1354 3447 1408 illud

1872 1450 2289 1522 suﬂ'ragabatur,
2303 1451 2643 1520 conspicuus
2660 1455 2830 1513 esset,
2851 1455 3020 1518 utque
3037 1453 3447 1502 sacrosanctam

1873 1543 2022 1597 illam
2055 1556 2276 1597 carnem
2306 1543 2535 1595 amicam
2597 1555 2720 1596 esse
2753 1539 2969 1609 Deoque
2997 1539 3231 1608 placere,
3263 1535 3444 1590 Patris

1871 1646 1936 1687 ac
1958 1631 2197 1704 Spiritus
2231 1632 2555 1686 auctoritate
2590 1637 2899 1694 constaret;
2921 1638 2982 1683 ιιι
2999 1628 3131 1684 illud
3162 1626 3446 1697 praedicari

1870 1725 2048 1796 palam
2089 1732 2315 1794 posset,
2349 1724 2784 1779 incarnationem
2823 1721 2946 1777 Filii
2977 1720 3193 1776 volente
3222 1732 3285 1773 ac
3320 1733 3448 1789 pro-

1868 1817 2032 1872 bante
2065 1816 2226 1872 Patre
2265 1831 2389 1872 esse
2432 1815 2775 1886 perfectam;
2817 1827 2880 1867 ac
2921 1811 3157 1880 denique
3191 1825 3355 1866 verus
3388 1819 3449 1864 ut

196 1901 459 1972 ἀληθινῶς
493 1902 601 1955 ἀπὸ
629 1902 723 1955 τοῦ
746 1902 989 1956 διαϐόλου
1019 1902 1331 1974 πειρασθεὶς
1360 1906 1418 1956 ἐν
1458 1907 1522 1975 τῇ
1556 1905 1762 1976 ἐρήμῳ,

1873 1916 2158 1979 appareret
2188 1907 2384 1975 Filius,
2420 1916 2475 1964 et
2505 1907 2638 1962 illud
2682 1905 2962 1976 prophetae
3001 1903 3318 1958 vaticinium
3353 1918 3450 1956 ex-

197 1992 292 2045 καὶ
304 1992 567 2056 πεινάσας
593 1991 819 2064 ὕστερον
840 1992 926 2046 διὰ
943 1994 1042 2063 τὴν
1062 1993 1384 2048 ἀκολουθίαν
1401 1995 1493 2048 καὶ
1509 1994 1766 2066 ἀλήθειαν

191 2083 292 2154 τῆς
315 2083 582 2155 ὲνσάρκου
610 2084 910 2154 παρουσίας
928 2097 944 2112 ·
967 2086 1061 2138 καὶ
1083 2085 1467 2156 ἐπιλεξάμενος
1497 2085 1762 2156 μαθητὰς,

186 2174 289 2229 καὶ
331 2173 572 2244 κηρύξας
595 2173 872 2246 ἀλήθειαν,
900 2176 995 2228 καὶ
1020 2177 1308 2249 ἰασάμενος
1337 2176 1406 2230 τά
1426 2176 1597 2248 πάθη,
1627 2176 1765 2230 καθ-

193 2265 448 2336 ευδήσας,
500 2267 782 2331 πεινάσας,
821 2266 1198 2338 ὁδοιπορήσας,
1237 2266 1564 2336 θεοσημείας
1601 2269 1767 2338 ἐργα-

194 2356 446 2426 σάμενος,
472 2359 700 2428 νεκροὺς
722 2357 962 2428 ἐγείρας.
989 2357 1208 2426 τυφλοῖς
1231 2358 1292 2411 τὸ
1335 2357 1551 2428 βλέπειν
1583 2374 1764 2428 παρα-

194 2448 472 2518 σχόμενος,
503 2448 708 2519 χωλοὺς
732 2448 826 2503 καὶ
864 2448 1267 2520 παραλυτικοὺς
1305 2450 1726 2520 ίσχυροποῑήσας
1746 2466 1761 2480 ·

187 2543 268 2608 ὡς
304 2543 536 2615 ἐκήρυξε
569 2543 679 2614 (79)
719 2545 780 2598 τὸ
807 2545 1159 2621 Εὑαγγέλιον,
1197 2545 1296 2614 τὴν
1347 2544 1627 2616 ἀλήθειαν,
1666 2544 1765 2614 τὴν

177 2631 468 2704 ’βασιλείαν
487 2633 594 2688 τῶν
619 2634 883 2706 οὐρανῶν,
917 2636 1016 2706 τήν
1042 2635 1207 2688 αὑτοῦ
1233 2634 1643 2706 φιλανθρωπίαν
1671 2633 1765 2688 καὶ

187 2725 285 2782 τοῦ
307 2725 515 2798 Πατρὸς
543 2727 636 2779 καὶ
662 2724 756 2778 τοῦ
784 2725 940 2794 ἁγίου
970 2726 1110 2780 Πνεύ
1119 2744 1308 2798 ματος.

1874 2003 2086 2072 pleret:
2123 1999 2192 2053 Et
2213 2009 2332 2069 post
2359 1999 2468 2054 [nec
2489 2001 2546 2052 in
2575 2007 2716 2053 terra
2751 1998 2891 2052 visus
2915 2005 3011 2062 est,
3047 2005 3096 2050 et
3128 2011 3246 2048 cum
3281 1994 3451 2046 homi-

1871 2092 2023 2146 nibus
2065 2099 2400 2146 conversatus
2428 2100 2505 2146 est
2527 2093 2571 2145 ’³.
2616 2090 2785 2160 Igitur
2824 2104 2856 2144 e
2891 2088 3128 2142 Jordane
3172 2087 3450 2157 digressus

1871 2191 2022 2240 certo
2043 2199 2277 2252 vereque
2303 2197 2334 2237 a
2359 2181 2577 2238 diabolo
2607 2182 2662 2235 in
2693 2181 2910 2236 deserto
2942 2186 3182 2234 tentatus
3204 2186 3288 2234 est
3306 2179 3362 2244 ³;
3393 2187 3450 2232 et

1871 2274 2280 2344 postjejunium
2301 2273 2517 2338 esuriit,
2544 2280 2624 2336 ut,
2645 2271 2790 2343 quod
2823 2285 2965 2326 verae
2995 2270 3147 2325 carni
3175 2280 3446 2338 susceptae

1873 2373 2299 2420 consentaneum
2346 2370 2449 2428 est,
2483 2363 2830 2433 exprimeret.
2875 2360 3190 2416 Secundum
3218 2361 3334 2414 haec
3364 2360 3450 2413 di-

1873 2455 2117 2525 scipulos
2145 2454 2346 2524 elegit,
2388 2453 2673 2509 veritatem
2722 2451 3068 2522 praedicavit,
3097 2449 3450 2522 aegritudines

1879 2546 2114 2610 sanavit,
2156 2546 2400 2613 dormiit,
2424 2545 2641 2608 esuriit,
2673 2545 2776 2599 iter
2816 2543 2964 2610 fecit,
2995 2544 3175 2598 divina
3203 2543 3448 2613 prodigia

1873 2637 2412 2707 patravit,vmortuos
2444 2634 2722 2697 excitavit,
2759 2635 2919 2689 cacis
2942 2634 3118 2690 visum
3149 2649 3451 2703 repraesen-

1883 2725 2047 2790 tavit,
2073 2725 2283 2780 claudis
2303 2731 2356 2778 et
2388 2725 2702 2796 paralyticis
2732 2725 2876 2780 vires
2909 2725 3167 2790 restituit,
3199 2725 3454 2795 quemad-

189 2818 411 2876 modum
458 2818 836 2890 Evangelium,
879 2822 1186 2883 veritatem,
1232 2820 1458 2877 caeleste
1507 2835 1756 2891 regnum,
1807 2834 1872 2875 ac
1907 2835 2033 2876 cum
2075 2818 2255 2890 ipsius
2302 2816 2429 2874 Filii
2475 2825 2590 2873 tum
2667 2816 2847 2874 Patris
2891 2833 2954 2873 ac
2988 2818 3227 2887 Spiritus
3273 2818 3454 2873 sancti

193 2921 324 2977 erga
347 2906 596 2962 homines
623 2922 862 2963 amorem
895 2909 1233 2979 praedicavit.

262 2997 358 3052 IZ'.
409 2997 467 3050 Ὀ
495 2998 634 3069 ὑπὲρ
664 2998 820 3068 ἡμῶν
849 2999 910 3052 τὸ
938 2999 1110 3063 πάθος
1141 3001 1435 3072 ὑπομείνας
1459 3004 1516 3056 ὲν
1537 3003 1765 3074 ἀληθείᾳ

1945 2999 2162 3071 ιωθ
2178 2999 2340 3056 XVII.
2374 2999 2519 3055 Idem
2553 3000 2640 3055 ille
2663 3013 3026 3071 porrorevera
3045 3000 3358 3070 passionem
3393 2999 3450 3056 in

187 3091 251 3143 ὲν
282 3090 446 3160 σαρκὶ
487 3090 582 3143 καὶ
611 3091 668 3143 ὲν
691 3091 758 3161 τῇ
790 3090 973 3162 τελείᾳ.
1009 3090 1438 3164 ὲνανθρωπήσει,
1471 3094 1658 3148 παθὼν
1702 3096 1762 3148 ὲν

1870 3107 1970 3148 sua
1994 3107 2162 3147 carne
2185 3099 2239 3147 et
2267 3091 2506 3162 perfecta
2523 3090 2762 3146 hominis
2790 3098 2983 3145 natura
3001 3091 3293 3156 sustinuit;
3324 3105 3455 3147 vere

183 3179 417 3252 ἀληθείᾳ
444 3180 537 3234 ἐπὶ
562 3178 658 3234 τοῦ
687 3181 944 3252 σταυροῦ,
985 3181 1250 3252 συνούσης
1285 3184 1434 3254 αὐτῷ
1457 3185 1556 3255 τῆς
1578 3185 1756 3256 θεότη·

1870 3180 1926 3235 in
1953 3195 2117 3235 cruce
2153 3195 2350 3251 passus
2379 3188 2496 3248 est,
2533 3182 2610 3236 ita
2638 3180 2878 3250 quidem,
2904 3187 2964 3234 ut
2992 3180 3049 3234 in
3093 3195 3160 3236 eo
3192 3181 3448 3237 divinitas

183 3285 299 3333 τος,
331 3269 445 3322 ἀλλ’
479 3269 538 3322 οὐ
569 3269 869 3341 τραπείσης
899 3271 980 3333 εἰς
997 3271 1057 3324 τὸ
1078 3272 1324 3341 πάσχειν,
1353 3271 1520 3344 οὔσης
1544 3273 1600 3327 δὲ
1621 3275 1765 3328 ἀπα-

145 3394 152 3397 -
184 3360 316 3424 θοῦς
347 3361 442 3414 καὶ
471 3361 742 3432 ἀτρέπτου
761 3377 777 3394 ·
815 3360 925 3413 τῶν
960 3360 1053 3413 δύο
1081 3362 1407 3417 ἁκολουθιῶν
1440 3365 1624 3432 σαφῶς
1658 3382 1762 3418 κα-

181 3451 578 3521 τανοουμένων,
611 3451 848 3523 Χριστοῦ
887 3452 1186 3522 πάσχοντος
1218 3454 1356 3524 ὑπὲρ
1390 3454 1544 3524 ἡμῶν
1577 3455 1760 3525 σαρκὶ,

181 3540 432 3604 ἀπαθοῦς
456 3541 512 3594 δὲ
557 3542 807 3612 μένοντος
852 3543 911 3596 ἐν
950 3541 1164 3612 θεότητι
1187 3558 1202 3572 ο
1237 3543 1296 3594 οὺ
1335 3541 1427 3594 τοῦ
1474 3541 1762 3614 ἀνθρώπου

180 3635 310 3689 κατ’
349 3634 483 3688 ἰδίαν
519 3633 693 3698 ὅντος,
721 3634 816 3688 καὶ
859 3634 959 3705 τῆς
996 3632 1249 3702 θεότητος
1288 3634 1409 3686 κατ’
1439 3633 1595 3698 ἰδίαν,
1628 3635 1764 3688 ἀλλά

182 3723 454 3794 συνούσης
497 3724 596 3794 τῆς
649 3723 921 3793 θεότητος,
977 3721 1052 3792 μὴ
1104 3721 1416 3793 πασχούσης
1467 3721 1524 3775 δὲ
1570 3721 1660 3776 διὰ
1702 3723 1764 3776 τὸ

76 3861 82 3880 ,
179 3815 488 3885 ἀκραιφνὲς
513 3815 606 3869 καὶ
631 3815 958 3885 ἀσύγκριτον
994 3815 1094 3884 τῆς
1123 3814 1312 3877 οὐσίας
1333 3831 1346 3844 ·
1385 3814 1685 3885 πάσχοντος
1707 3815 1764 3868 δὲ

179 3908 247 3960 ὲν
278 3905 458 3975 σαρκὶ,
497 3905 591 3958 καὶ
618 3904 1016 3976 θανατουμένου
1051 3907 1108 3958 ὲν
1148 3904 1330 3974 σαρκὶ,
1361 3903 1562 3968 ζῶντος
1595 3905 1651 3958 δὲ
1677 3905 1764 3957 ἀεὶ

176 4000 246 4052 ὲν
281 3998 515 4069 θεάτητι.
539 3998 634 4052 καὶ
661 3998 967 4068 ἐγείροντος
995 3998 1121 4059 τοὺς
1160 3995 1383 4067 νεκρούς
1406 4013 1420 4028 ο
1456 3995 1548 4049 τοῦ
1579 3996 1765 4066 σώμα-

174 4104 281 4150 τος
324 4092 588 4157 ταφέντος
629 4088 688 4139 ὲν
727 4085 980 4158 ἀληθεία,
1013 4087 1106 4139 καὶ
1143 4085 1352 4157 ἀψύχου
1385 4086 1666 4156 μείναντος
1702 4087 1765 4138 τὸ

171 4179 504 4251 τριήμερον,
551 4180 721 4234 ἄπνου
753 4195 812 4231 τε
859 4179 954 4230 καὶ
999 4179 1278 4249 ἀκινήτου,
1311 4177 1675 4250 ὲνειληθέντος
1705 4178 1762 4231 δὲ

169 4271 276 4326 διὰ
297 4271 396 4342 τῆς
438 4271 688 4334 σινδόνος,
723 4268 1112 4332 κατατεθέντος
1139 4271 1196 4321 ὲν
1227 4268 1304 4338 τῷ
1330 4270 1592 4340 μνήματι,
1635 4286 1764 4337 συγ-

167 4363 525 4427 κλεισθέντος
551 4361 640 4416 διὰ
682 4361 777 4416 τοῦ
806 4360 978 4423 λίθου,
1021 4361 1115 4415 καὶ
1149 4360 1460 4430 σφραγίδων
1491 4359 1764 4413 ἐπιτεθέν-

146 4454 290 4508 ’των
314 4466 331 4483 ’
359 4453 479 4526 οὐχ)⁵
508 4453 606 4524 τῆς
640 4452 888 4523 θεότητος
936 4451 1380 4522 συγκλεισθείσης
1407 4450 1539 4521 (80),
1569 4453 1630 4503 οὐ
1664 4451 1762 4522 τῆς

1869 3273 2178 3336 exsisteret,
2210 3273 2307 3327 sed
2336 3275 2404 3326 ad
2429 3273 2742 3341 patiendum
2770 3271 2995 3326 minime
3019 3286 3141 3327 sese
3163 3279 3451 3327 converte-

1873 3371 1978 3428 ret,
2009 3361 2106 3418 sed
2155 3362 2430 3433 passionis
2463 3377 2660 3432 expers
2690 3370 2746 3418 et
2773 3362 3133 3417 immutabilis
3177 3373 3444 3417 maneret.

1870 3451 1989 3518 Qua
2017 3454 2076 3508 in
2104 3469 2164 3509 re
2207 3453 2316 3507 duo
2357 3453 2449 3506 illa
2492 3459 2863 3506 consentanea
2894 3451 3203 3506 certissime
3247 3451 3451 3506 intelli-

1870 3550 2077 3614 guntur
2103 3563 2116 3600 :
2145 3552 2204 3599 ut
2229 3550 2284 3599 et
2315 3543 2569 3599 Christus
2599 3558 2700 3613 pro
2728 3541 2886 3598 nobis
2919 3557 3085 3598 carne
3108 3543 3177 3597 sit
3225 3557 3446 3612 passus,

1870 3645 1922 3691 et
1966 3637 2239 3706 passionis
2283 3650 2480 3704 expers
2531 3635 2584 3688 in
2637 3634 2919 3688 divinitate
2953 3643 3293 3704 permaneat.
3325 3631 3446 3687 Non

1870 3727 2016 3795 quod
2047 3725 2284 3781 hominis
2311 3733 2505 3780 natura
2532 3739 2597 3779 ac
2638 3724 2898 3779 divinitas
2924 3732 3190 3794 separatae
3213 3740 3244 3778 a
3271 3739 3330 3780 se
3362 3726 3448 3779 in-

1870 3814 2048 3870 vicem
2070 3815 2372 3882 exsistant;
2403 3830 2594 3869 verum
2619 3814 2838 3869 tametsi
2862 3829 2968 3868 una
2990 3821 3137 3870 esset
3158 3815 3444 3876 divinitas,

1870 3905 2009 3961 nihil
2039 3907 2110 3962 ob
2153 3908 2425 3963 sinceram
2462 3913 2516 3962 et
2558 3907 3041 3977 incomparabilem
3085 3916 3333 3963 naturam
3361 3918 3449 3964 est

1873 4013 2152 4068 perpessa.
2190 3999 2261 4052 At
2291 3998 2544 4054 Christus
2571 4007 2624 4054 et
2653 3999 2706 4053 in
2738 4014 2903 4055 carne
2934 4015 3132 4070 passus
3170 4011 3274 4066 est,
3305 4008 3359 4057 et
3389 4002 3446 4056 in

1869 4089 2060 4145 eadem
2095 4104 2262 4144 carne
2300 4097 2475 4144 morte
2510 4098 2596 4145 est
2629 4089 2878 4156 affectus,
2908 4107 3030 4145 cum
3060 4092 3278 4147 interim
3308 4093 3449 4148 divi-

1871 4181 2043 4236 nitate
2087 4182 2206 4250 ipsa
2252 4180 2458 4236 viveret
2505 4195 2570 4234 ac
2622 4189 2869 4237 mortuos
2912 4183 3206 4249 excitaret;
3243 4198 3445 4254 corpus

1870 4286 1998 4326 vero
2041 4284 2229 4325 revera
2277 4271 2583 4339 sepultum,
2618 4285 2681 4325 ac
2721 4271 2902 4326 triduo
2938 4272 3122 4325 anima
3163 4287 3359 4327 carens
3390 4284 3446 4328 et

1870 4362 2069 4432 spiritu
2119 4369 2379 4431 motuque
2418 4361 2660 4430 jaceret,
2701 4362 3024 4416 obvolutum
3071 4363 3338 4430 sindone,
3387 4365 3441 4418 in

1870 4453 2263 4508 monimentum
2287 4453 2612 4522 depositum,
2647 4453 2927 4508 occlusum
2962 4453 3160 4525 lapide,
3186 4469 3249 4508 ac
3286 4456 3444 4526 sigil-

250 4609 273 4641 ⁸
299 4605 490 4664 Matth.
521 4622 603 4672 Ill,
635 4607 723 4674 16,
756 4607 842 4660 17.
919 4605 1166 4660 'Baruch
1219 4621 1298 4672 Ill,
1333 4605 1422 4660 58.
1501 4607 1520 4638 ⁸
1552 4605 1743 4661 Matth.

1877 4608 1901 4661 1
1943 4622 2067 4678 sqq.

250 4761 372 4832 (79)
422 4761 856 4834 Ὠςᾼὲκήρυξὴ
909 4771 1016 4819 etc.
1063 4761 1315 4834 Petavius
1349 4762 1557 4821 Latinis
1605 4765 1756 4819 hisce
1789 4770 1831 4824 D
1863 4773 1948 4820 tur
1977 4762 2180 4818 Christi
2215 4763 2548 4817 divinitatem
2584 4773 2692 4818 tum
2723 4765 2934 4834 corpori
2965 4766 3018 4819 in
3045 4765 3304 4831 sepulcro,
3329 4774 3439 4820 tum

162 4833 369 4905 Iocum
398 4832 636 4905 reddidit
658 4834 840 4888 verbis
873 4851 887 4888 :
918 4833 1373 4898 Quemadmodum
1408 4834 1752 4905 Evangelia»:

159 4903 361 4973 ipsum
390 4902 619 4957 caelestis
649 4905 793 4973 regni
823 4905 1114 4968 veritatem,
1143 4920 1205 4957 ac
1242 4919 1361 4957 cum
1387 4902 1571 4972 ipsius
1597 4904 1751 4971 Filii,

161 4971 298 5028 tum
326 4971 529 5037 Patris,
553 4989 617 5043 ac
644 4971 876 5043 Spiritus
905 4975 1078 5028 sancti
1104 4971 1411 5038 bonitatem,
1443 4974 1755 5029 humanita-

163 5052 392 5107 temque
414 5042 740 5110 prwdicavit.
769 5043 992 5097 Mutavit
1022 5043 1373 5100 Thomasius.

251 5112 387 5182 (780),
413 5113 559 5182 Οὐχὶ
601 5113 712 5179 τῆς
737 5115 1015 5180 θεότητος
1059 5115 1595 5182 συγκλεισθείσης,
1644 5121 1754 5169 etc.

160 5180 322 5236 Vide
357 5181 417 5238 S.
444 5180 809 5252 Augustinum
840 5190 997 5252 tract.
1034 5184 1104 5238 47
1127 5180 1181 5235 in
1205 5182 1490 5244 Joannem,
1519 5180 1570 5238 et
1610 5187 1754 5238 inter

158 5251 432 5322 ejusdem
479 5251 643 5322 opera
704 5251 1294 5322 librumrbeiunitate
1347 5253 1629 5308 Trinitatis
1684 5255 1752 5309 ad

158 5321 445 5393 Optatum
497 5320 617 5393 cap.
677 5324 764 5385 M,
811 5338 875 5376 ac
917 5321 977 5377 S.
1040 5320 1752 5393 JoannemiDatnascenum

160 5393 280 5446 Iib.
307 5407 368 5448 tu
396 5391 475 5446 De
504 5391 608 5460 ﬁde
631 5393 948 5457 orthodoxa,
974 5408 1096 5462 cap.
1126 5392 1416 5448 27.—Filii
1435 5393 1528 5448 Dei
1553 5395 1753 5449 divini-

158 5469 352 5534 tatem
374 5503 390 5528 ,
419 5478 540 5532 qua
579 5464 730 5518 nullo
761 5462 973 5534 deliniri
1018 5463 1535 5534 autrcircumscribi
1573 5472 1754 5534 potest

162 5532 330 5614 igne,
358 5547 467 5614 nec
494 5534 749 5614 sepulcro
788 5533 963 5614 fuisse
986 5533 1303 5614 conclusam
1339 5535 1531 5614 triduo
1554 5532 1748 5614 mortis

154 5602 392 5672 Christi
426 5600 675 5664 Domini.
723 5613 871 5659 recte
913 5602 1046 5672 dicit
1093 5600 1449 5672 Epiphanius.
1491 5605 1750 5670 Quando-

209 5671 406 5743 uidem
453 5689 582 5743 vero
616 5673 703 5736 ei,
751 5673 845 5743 qui
893 5689 956 5728 ex
1005 5671 1262 5728 Ecclesia:
1307 5675 1575 5728 sententia
1623 5689 1746 5743 cum

218 5742 520 5796 atechismo
547 5742 923 5813 Romano,pag.
951 5743 1020 5796 32
1042 5743 1306 5813 elegantis
1333 5745 1592 5799 editionis
1618 5742 1748 5798 anni

161 5812 352 5876 1566.
383 5813 678 5868 elaborata:
707 5815 761 5870 in
788 5812 995 5870 aedibus
1031 5814 1215 5884 populi
1248 5812 1499 5881 Romani,
1530 5815 1750 5883 proﬁte-

1862 4835 2057 4888 anima:
2083 4834 2222 4901 apud
2254 4833 2475 4902 inferos,
2500 4833 2835 4904 conjunctam
2860 4851 3061 4904 semper
3085 4835 3272 4900 fuisse,
3297 4837 3440 4891 inter

1862 4905 2291 4974 caateraiopponi
2326 4905 2540 4958 soleant
2584 4913 2640 4959 et
2678 4905 2924 4974 quaedam
2975 4905 3260 4974 Epiphanii
3297 4906 3438 4967 loca,

1861 4974 2031 5098 guasi
2049 4973 2297 5055 docuerit
2344 4975 2582 5042 optimus
2614 4975 2704 5028 ille
2729 4973 2912 5055 _Pater
2945 4974 3038 5028 Dei
3069 4973 3313 5056 Verbum
3339 4977 3442 5030 tri-

1905 5060 1973 5098 uo
2021 5043 2113 5097 illo
2149 5051 2224 5097 ita
2259 5058 2478 5098 carnem
2524 5044 2858 5098 deseruisse.
2903 5053 2962 5098 ut
2991 5046 3059 5098 ad
3103 5047 3267 5098 breve
3302 5047 3437 5098 illud

1905 5060 1973 5098 uo
2020 5043 2113 5097 illo
2149 5044 2224 5097 ita
2259 5058 2478 5098 carnem
2524 5044 2858 5108 deseruisse,
2903 5053 2962 5098 ut
2991 5046 3059 5098 ad
3103 5047 3267 5101 breve
3302 5046 3437 5100 illud

1865 5121 2081 5187 tempus
2105 5113 2421 5170 dissolverit
2451 5115 2830 5187 arctissitnani_
2857 5116 3113 5187 unionem
3140 5115 3438 5187 illam,qua

1859 5191 1914 5256 et
1954 5183 2267 5256 humanam“
2281 5198 2501 5256 carnem
2545 5183 2650 5238 sibi
2695 5187 2750 5238 in
2775 5184 2911 5256 sinu
2955 5185 3195 5256 Virginis
3225 5183 3437 5240 ratione

1853 5249 2398 5326 junxeratineli‘ahili
2424 5272 2437 5306 :
2466 5263 2754 5322 eapmpter
2774 5249 3105 5326 Thomasius
3127 5267 3436 5326 opportune

1857 5340 1960 5378 nos
1989 5323 2223 5394 remittit
2256 5323 2332 5394 ad
2377 5325 2742 5392 Augustinum
2771 5337 2823 5378 et
2858 5323 3257 5380 Damascenuin
3283 5365 3297 5387 ,
3339 5325 3431 5394 qui

1857 5395 2082 5458 diserte,
2114 5392 2298 5463 verbis
2334 5395 2561 5463 apertis,
2601 5396 2679 5448 rei
2709 5395 2993 5448 veritatem
3043 5392 3435 5449 declarantJEt

1854 5465 1947 5519 ille
1974 5463 2126 5534 prior
2161 5461 2385 5534 quidem
2417 5463 2824 5534 animadvertit,
2853 5465 3012 5532 juxta
3051 5465 3172 5534 tidei
3203 5463 3435 5534 Symbo-

1855 5531 1992 5589 lum'
2018 5548 2120 5588 nos
2148 5531 2372 5588 credere
2423 5533 2479 5586 in
2525 5549 2696 5588 unum
2729 5531 3019 5588 Dominum
3058 5531 3435 5587 Iesnm'Chri-

1853 5613 2032 5668 stum,
2081 5617 2194 5657 non
2240 5603 2414 5657 solum
2459 5613 2680 5664 natum,
2729 5604 2880 5658 cruci
2915 5602 3132 5655 allixum
3175 5609 3228 5656 et
3285 5616 3436 5655 mor-

1852 5683 2042 5736 tuum,
2077 5674 2171 5727 sed
2200 5681 2254 5725 et
2286 5673 2582 5742 sepultum,
2615 5673 2868 5742 quamvis
2894 5673 3010 5726 sola
3043 5687 3173 5742 caro
3219 5672 3434 5742 sepulta

1851 5743 1976 5808 fuit,
2005 5759 2156 5806 caro,
2189 5739 2434 5811 inquam,
2460 5760 2489 5796 a
2513 5759 2620 5807 qua
2635 5739 2972 5797 discesserat
2996 5739 3197 5795 anima.
3223 5739 3432 5794 Verum

1851 5813 1986 5870 illud
2041 5813 2332 5880 nimirum;
2393 5815 2727 5885 subjungcre
2772 5821 2952 5866 tamen
2998 5813 3262 5868 debemus
3302 5825 3430 5867 cum
