3958 6396
205 409 293 467 8⁵21

843 400 1215 458 ADVERSUS
1256 392 1601 454 HERESES
1634 391 1764 449 LIB.
1807 392 1898 450 ill.
1940 391 2103 449 τΟΜ.
2150 392 2304 448 11.-
2342 389 2710 447 EXPOSITIO
2745 386 2947 447 FIDE].

3341 387 3447 444 ετξ

206 547 261 584 τε
312 522 522 595 βίϐλους
551 522 820 594 διείλομεν
860 523 958 594 τὴν
1008 523 1189 576 πᾶσαν
1235 516 1659 590 πραγματείανσ
1703 515 1764 567 ὲν

1892 515 1952 570 iis
1988 509 2290 569 tractandae
2321 518 2508 595 essent
2546 510 2806 577 hmreses,
2844 482 2961 563 tum
2993 513 3129 578 quot
3175 504 3232 561 in
3278 504 3449 559 libros

204 619 410 686 ἑκάστῳ
432 615 488 668 δὲ
524 612 713 685 βιϐλίῳ
733 614 863 684 περὶ
897 613 1079 666 πόσων
1110 612 1202 666 καὶ
1224 610 1393 663 ποίων
1425 607 1763 683 είρήκαμεν.⁶

205 708 273 770 ὡς
297 706 388 759 καὶ
416 702 646 758 ἐνταῦθα
679 702 840 756 πάλιν
885 700 1365 773 ὲπιμνημονεύσας
1393 698 1598 768 ὁμοίως
1636 696 1771 748 ὐπο-

204 797 462 864 δείκνυμι,
516 793 594 857 εἰς
642 792 910 862 ὠφέλειαν
965 790 1299 861 πανταχόθεν
1347 789 1456 842 τῶν
1503 788 1771 856 ἐντυγχαν-

205 887 414 942 νόντων.

234 960 235 965 ‘
270 981 353 1033 κο.
379 976 489 1030 Καὶ
523 975 630 1030 εισι
670 976 770 1045 μὲν
816 975 996 1046 βιϐλία
1028 976 1176 1046 τρία,
1207 972 1364 1044 τόμοι
1396 970 1556 1026 ἑπτά.
1584 969 1773 1025 Καὶὲν

208 1071 300 1141 μὲν
338 1068 416 1139 τῷ
460 1067 660 1140 πρώτῳ
718 1067 911 1139 βιϐλίῳ
940 1067 1183 1139 αίρέσεις
1218 1071 1334 1136 pg’,
1371 1062 1511 1118 κατὰ
1540 1058 1773 1133 ἀριθμὸν

205 1162 475 1233 ὀνομάτων
513 1161 851 1232 ἐγκείμεναι,
910 1160 1003 1215 καὶ
1037 1159 1179 1212 κατὰ
1206 1157 1395 1230 εἱρμὸν
1434 1154 1655 1227 πρώτης
1680 1153 1774 1209 καὶ

205 1252 454 1323 δευτέρας
479 1251 583 1315 ἓως
604 1253 705 1323 τῆς
728 1250 1045 1314 τελευταίας
1071 1248 1339 1320 τυχούσης
1374 1247 1557 1318 βίϐλου
1596 1249 1776 1314 ἐγκει-

208 1343 393 1413 μένης
429 1342 511 1396 ὃτι
548 1344 581 1415 η
608 1342 708 1414 μὲν
741 1343 931 1413 πρώτη
960 1339 1140 1410 βίϐλος
1170 1338 1284 1409 ἔχει
1317 1338 1558 1409 αἱρέσεις
1586 1335 1682 1407 μς⁹
1717 1335 1776 1387 ὲν

204 1434 382 1504 τόμοις
413 1433 580 1505 τρισί.
638 1433 702 1487 Ἦ
731 1432 789 1486 δὲ
829 1432 1059 1502 δευτέρα
1092 1430 1273 1500 βίϐλος
1315 1428 1557 1500 αἱρέσεις
1585 1433 1692 1495 κγ’,
1719 1428 1776 1482 ἐν

202 1522 379 1593 τόμοις
411 1519 586 1575 δυσίν.
623 1517 690 1573 Ἥ
718 1518 777 1573 δὲ
825 1519 983 1591 τρίτη
1011 1517 1193 1591 βίϐλος
1231 1518 1472 1590 αἱρέσεις
1499 1517 1587 1583 ια’,
1614 1521 1673 1572 ὲν
1696 1517 1791 1572 τό·

207 1629 319 1683 μοις
338 1611 512 1668 δυσίν.
535 1611 746 1676 Πάντες
768 1610 948 1664 τοίνυν
976 1612 1025 1665 οί
1051 1608 1132 1682 τῷ
1162 1611 1297 1682 πονή
1308 1628 1435 1681 ματι
1467 1609 1628 1682 ἡμῶν
1659 1627 1794 1682 συμ-

203 1702 502 1769 πονοῦντες,
547 1704 644 1757 καὶ
688 1704 1066 1775 σπουδάσματι
1116 1703 1465 1774 ἐντυγχάνειν
1519 1702 1793 1775 μακροθυ-

205 1795 443 1867 μοῦντες,
472 1795 811 1868 διερχόμενοί
846 1813 940 1859 τε,
973 1792 1367 1869 παρακλήθητε
1397 1794 1490 1849 καὶ
1521 1793 1790 1866 ἀξιώθητε

200 1888 290 1958 τὴν
310 1886 580 1957 ὠφέλειαν
610 1886 997 1959 ὲπικερδῆσαι,
1025 1887 1095 1941 τὰ
1125 1886 1183 1940 δὲ
1210 1885 1348 1957 ἀηδῆ
1388 1884 1499 1939 τῶν
1523 1883 1791 1956 αἱρέσεων

200 1978 302 2033 ἀπὸ
320 1977 417 2033 τοῦ
444 1979 570 2042 νοὸς
589 1977 914 2049 ἀποτρέψαι.
941 1978 1017 2031 υὺ
1045 1977 1156 2050 γὰρ
1181 1978 1260 2041 είς
1286 1975 1491 2047 βλάόην
1515 1973 1786 2030 ἀπεκαλύ-

199 2072 391 2143 ψαμεν,
426 2071 546 2127 ἀλλ’
592 2074 672 2137 είς
702 2070 974 2140 ὠφέλειαν
1015 2069 1111 2124 καὶ
1156 2069 1541 2140 παρατήρησιν
1569 2065 1661 2120 τοῦ
1710 2064 1786 2138 μὴ

198 2164 449 2232 ἐμπεσεῖν
464 2164 551 2229 είς
578 2162 876 2232 ἐπαγωγὴν
894 2160 1004 2215 τῶν
1024 2159 1460 2233 προειρημένων.
1484 2156 1793 2221 Διελθόντες

192 2252 244 2306 δὲ
261 2253 349 2307 τὸν
370 2253 557 2309 πάντα
580 2255 827 2324 κάματον
849 2251 883 2324 ἦ
913 2252 1008 2306 καὶ
1036 2250 1200 2324 μέρη,
1219 2250 1361 2322 ὑπὲρ
1383 2246 1540 2320 ἡμῶν
1561 2245 1792 2312 εὔξασθε

192 2341 278 2396 καὶ
316 2343 706 2409 καταξιώσατε
735 2342 823 2397 ἵνα
865 2343 895 2395 ὁ
936 2339 1073 2403 Θεὸς
1107 2338 1218 2411 δῴη
1256 2336 1422 2409 μέρος
1456 2337 1591 2407 ἡμῖν
1632 2334 1692 2386 ὲν
1721 2334 1790 2403 τῇ

191 2434 311 2507 ἁγίᾳ
345 2436 439 2490 καὶ⁵
502 2435 637 2507 μόνῃ
685 2434 948 2507 καθολικῇ
985 2433 1082 2487 καὶ
1129 2429 1463 2499 ἁποστολικῇ
1488 2425 1792 2497 Ἐκκλησία

189 2525 275 2579 καὶ
296 2527 537 2602 ἀληθινῇ
572 2529 667 2582 καὶ
690 2526 897 2599 ζωτικῇ
921 2526 1017 2579 καὶ
1042 2521 1399 2597 σωτηριὼδει,
1432 2521 1528 2575 καὶ
1559 2519 1791 2592 ρύσηται

201 2612 337 2680 ἡμᾶς
381 2612 506 2666 ἀπὸ
560 2610 740 2682 πάσης
781 2612 1084 2681 αἱρέσεως·
1116 2612 1211 2664 καὶ
1246 2609 1300 2661 εί
1323 2626 1375 2681 τι
1413 2609 1488 2673 ὡς
1509 2608 1785 2682 ἄνθρωποι

188 2698 270 2771 «μὴ
297 2699 597 2770 δυνάμενοι
624 2700 717 2753 ἐπὶ
763 2699 825 2751 τὸ
877 2700 1053 2771 πέρας
1091 2699 1497 2769 ἁποτεινόμενοι
1519 2699 1620 2769 τῆς
1651 2699 1786 2751 ἀκα-

200 2790 460 2861 ταλήπτου
497 2789 593 2844 καὶ
632 2789 1027 2859 ἀνεκδιηγήτου
1054 2787 1330 2859 θεότητος,
1361 2787 1475 2842 ἀλλ’
1499 2787 1576 2850 ὼς
1607 2804 1789 2841 στενο-

201 2879 537 2951 χωρούμενοι
579 2879 660 2944 είς
704 2877 1022 2947 ἀπολογίαν,
1058 2877 1200 2949 ὑπὲρ
1241 2875 1377 2929 Θεοῦ
1424 2876 1788 2947 διηγήσασθαι

202 2972 563 3044 ἀνθρωπίνως
585 2969 994 3041 ἠναγκασμένοι
1008 2967 1179 3040 τόλμῃ
1202 2967 1401 3039 ⁴Ιινέχθη
1411 2984 1530 3038 μεν,
1553 2983 1792 3036 συγγνωο

205 3062 497 3130 μονοῦντος
517 3061 614 3117 τοῦ
634 3060 771 3116 Θεοῦ
798 3061 895 3114 καὶ
916 3060 1074 3130 ὑμεῖς
1091 3060 1246 3113 αὐτοὶ
1271 3060 1784 3130 συγγνωμονῆσατε.

203 3156 301 3209 Καὶ
327 3157 508 3210 πάλιν
533 3151 926 3223 ὑπερεύχεσθε,
956 3151 1043 3203 ἵνα
1071 3151 1099 3203 ὁ
1134 3149 1339 3221 Κύριος
1365 3151 1431 3221 ἢν
1463 3148 1788 3221 ᾐτησάμεθα

202 3247 387 3317 μερίδα
410 3248 561 3318 ἡμῖν
581 3245 690 3316 δῴη
718 3248 777 3300 ὲν
820 3247 886 3317 τῇ
931 3244 1062 3316 ἁγίᾳ
1099 3242 1265 3297 αὐτοῦ
1305 3241 1485 3294 πίστει
1514 3242 1611 3294 καὶ
1650 3239 1787 3312 μόνῃ

1873 614 2046 660 totum
2074 619 2215 675 opus
2253 610 2398 659 esset
2414 588 2809 665 'distributum,
2852 599 3052 655 deinde
3078 606 3215 669 quot
3254 606 3308 652 et
3350 612 3450 651 cu-

1866 695 2110 765 jusmodi
2161 696 2215 749 in
2264 706 2708 762 unumquemque
2769 691 2967 745 librum
3012 688 3260 757 conjecta
3316 687 3446 741 sint.

1874 787 2007 855 Quae
2048 770 2325 842 memoriae
2356 800 2525 841 causa
2556 784 2624 840 ad
2674 785 2939 839 lectorum
2988 783 3280 838 utilitatem
3320 777 3450 834 libet

1874 880 1979 935 hoc
2010 879 2134 933 loco
2158 885 2428 948 repetere.

1944 969 2062 1024 XX.
2104 968 2241 1026 Tres
2272 970 2456 1041 itaque
2485 968 2609 1023 libri
2635 975 2763 1023 sunt
2793 973 2999 1038 septem
3034 966 3090 1020 in
3121 973 3298 1019 tomos
3326 954 3457 1033 par;

1875 1058 1982 1112 titi.
2015 1056 2235 1113 Primus
2269 1056 2410 1112 liber
2440 1057 2678 1112 haereses
2710 1070 2805 1110 sex
2835 1060 2890 1109 et
2912 1052 3269 1123 quadraginta
3293 1064 3448 1105 com-

1876 1149 2132 1220 plectitur
2165 1166 2178 1202 :
2211 1162 2444 1218 quarum
2492 1148 2713 1202 nomina
2763 1145 3079 1217 singillatim
3124 1157 3451 1215 percensen-

1878 1249 1987 1307 tur,
2035 1250 2255 1297 servato
2308 1239 2509 1310 prioris
2553 1248 2608 1294 et
2647 1238 2966 1308 posterioris
3017 1250 3078 1289 ac
3121 1233 3453 1304 reliquarum

1876 1332 2134 1402 deinceps
2170 1331 2238 1384 ad
2274 1338 2606 1400 postremam
2659 1342 2832 1398 usque
2868 1327 2992 1381 libri
3036 1324 3206 1380 totius
3239 1322 3450 1377 ordine.

1879 1423 2021 1494 Ergo
2067 1422 2278 1494 primus
2302 1422 2438 1477 liber
2470 1420 2631 1476 tomis
2660 1420 2838 1474 tribus
2864 1435 2986 1474 XLVI
3012 1418 3247 1472 haereses
3288 1413 3457 1469 conti-

1876 1522 2005 1582 net;
2037 1514 2313 1570 secundus
2365 1513 2531 1569 tomis
2557 1511 2775 1567 duobus
2805 1510 3041 1565 haereses
3107 1521 3282 1575 xxtn;
3338 1514 3455 1560 ter~

1878 1608 1991 1660 tius
2019 1605 2257 1676 denique
2287 1603 2500 1661 duobus
2545 1603 2708 1658 tomis
2751 1602 2988 1657 haereses
3022 1614 3095 1653 xi.
3130 1595 3243 1653 Vos
3290 1596 3459 1667 igitur

1878 1710 2092 1759 omnes,
2125 1694 2220 1765 qui
2269 1709 2613 1750 communem
2649 1682 2795 1748 hunc
2835 1706 3045 1747 meeum
3077 1690 3317 1746 laborem
3363 1701 3457 1741 ca-

1882 1787 2126 1859 pessitis,
2157 1797 2213 1843 et
2260 1786 2404 1841 hanc
2435 1792 2679 1840 nostram
2716 1783 3153 1838 lucubrationetn
3185 1780 3461 1852 patienter

1810 1863 1850 1918 Β
1879 1879 2129 1934 evolvere
2163 1877 2416 1937 studetis.
2454 1893 2587 1949 rogo
2632 1877 2928 1947 plurimum
2985 1881 3040 1928 et
3079 1872 3362 1935 exhortor,
3406 1875 3461 1923 et

1882 1969 1957 2023 uti
1998 1969 2147 2039 digni
2195 1967 2319 2024 sitis
2351 1968 2571 2039 postulo
2624 1965 2865 2020 fructum
2912 1964 3077 2019 istinc
3127 1961 3364 2032 aliquem
3410 1968 3463 2014 et

1878 2048 2172 2115 utilitatem
2229 2075 2448 2132 capere,
2494 2067 2657 2129 atque
2707 2058 2985 2112 haereseon
3037 2053 3342 2108 molestiam
3397 2066 3466 2105 ac

1882 2150 2179 2221 perniciem
2216 2151 2286 2205 ab
2326 2151 2527 2205 animis
2574 2149 2772 2205 vestris
2802 2147 3119 2217 longissime
3159 2157 3460 2200 removere.

1883 2242 2002 2296 Non
2035 2242 2180 2296 enim
2227 2242 2350 2297 illas
2396 2240 2722 2310 cujusquam
2752 2240 2820 2295 ad
2844 2238 3089 2293 fraudem
3128 2235 3469 2305 exitiumque

1883 2331 2264 2402 patefecimus,
2296 2332 2392 2387 sed
2420 2333 2487 2386 ad
2516 2333 2809 2387 utilitatem
2840 2339 3004 2402 atque
3031 2330 3369 2392 cautionem,
3398 2340 3472 2380 nc

1885 2423 1952 2476 ad
2004 2431 2468 2478 commemoratas
2526 2424 2651 2478 illas
2706 2423 2941 2478 haereses
3002 2420 3278 2477 illecebris
3337 2417 3473 2472 ullis

1884 2514 2176 2584 quisquam
2209 2514 2582 2584 pertrabatur.
2606 2513 2780 2569 Porro
2810 2515 2903 2568 ubi
2926 2520 3099 2568 totum
3133 2512 3279 2566 istud
3302 2525 3467 2580 opus.

1884 2604 2077 2674 cjusve
2104 2616 2313 2676 partem
2341 2607 2580 2677 aliquam
2610 2606 2839 2676 legendo
2861 2605 3268 2677 percurreritis,
3299 2598 3479 2657 Deum'

1888 2712 1987 2767 pro
2012 2699 2172 2754 nobis
2204 2698 2570 2764 obseeratote,
2594 2708 2649 2755 et
2683 2700 2818 2754 illud
2851 2700 3147 2769 impetrare
3172 2697 3475 2757 studetote,

1888 2790 2050 2845 nobis
2078 2798 2136 2844 ut
2167 2790 2259 2845 ille
2296 2791 2476 2846 locum
2517 2791 2752 2861 aliquem
2795 2791 2851 2845 in
2891 2797 3082 2846 sancta
3121 2790 3347 2860 solaque
3379 2800 3473 2841 ca-

1893 2881 2096 2935 tholica
2137 2890 2193 2935 et
2222 2882 2522 2951 apostolica
2552 2880 2820 2947 Ecclesia,
2859 2881 3160 2952 eademque
3200 2894 3351 2943 vera,
3392 2877 3475 2932 ri»

1888 2972 2072 3037 vilica,
2111 2973 2449 3044 salutarique
2482 2973 2722 3040 tribuat,
2760 2983 2873 3029 tum
2920 2982 2980 3028 ut
3016 2988 3119 3028 nos
3147 2972 3217 3027 ab
3249 2971 3475 3026 haeresis

1890 3066 2073 3120 omnis
2123 3066 2451 3136 contagione
2499 3066 2712 3121 liberet.
2747 3065 2905 3132 Quod
2951 3066 2997 3121 si
3041 3065 3346 3136 quidpiam,
3395 3071 3477 3117 ut-

1894 3165 2021 3227 pote
2058 3158 2332 3222 homines,
2362 3159 2455 3229 qui
2500 3158 3112 3228 incomprehensibilem
3147 3163 3203 3212 et
3243 3156 3477 3225 inexpli-

1896 3249 2129 3306 cabilem
2183 3242 2331 3304 illam
2376 3250 2716 3305 divinitatem
2760 3251 2981 3320 penitus
3024 3247 3265 3318 assequi,
3318 3255 3373 3301 et
3405 3246 3479 3300 ad

200 3338 604 3411 ἀπηλλαγμένῃ
646 3338 828 3409 πάσης
885 3335 1281 3406 ἐναντιότητος,
1340 3332 1435 3386 καὶ
1481 3333 1591 3386 τῶν
1639 3332 1786 3386 ίδίων

1892 3348 2199 3394 extremum
2233 3354 2409 3409 usque
2435 3340 2724 3410 penetrare
2759 3339 2969 3409 1103
2996 3354 3104 3393 non
3141 3353 3475 3408 possumus,

198 3427 620 3500 ἁμαρτημάτων
651 3425 863 3480 πολλῶν
896 3426 1067 3479 ὄντων
1100 3423 1450 3495 συγχώρησιν
1492 3423 1787 3493 ποιήσηται

1895 3429 1991 3485 sed
2042 3430 2100 3484 in
2148 3430 2433 3500 angustias
2468 3446 2564 3487 eas
2615 3431 2874 3499 conjecti,
2906 3438 2968 3485 ut
3012 3429 3180 3485 divini
3231 3431 3477 3485 numinis

199 3521 253 3573 ὲν
274 3520 511 3592 Χριστῷ
558 3520 734 3591 Ἰησοῦ
770 3519 850 3591 τῷ
888 3519 1078 3590 Κυρίῳ
1104 3518 1262 3589 ἡμῶν
1283 3534 1295 3548 ·
1320 3516 1389 3570 δι’
1424 3509 1486 3569 οὗ
1531 3518 1624 3570 καὶ
1669 3516 1789 3586 μεθ’

1892 3520 2273 3591 propugnandi
2327 3523 2501 3591 gratia
2562 3520 2812 3592 quaedam
2853 3536 2954 3592 pro
3021 3521 3260 3576 htunano
3311 3526 3476 3590 captu

198 3604 256 3668 οῦ
275 3613 400 3681 δόξα
430 3611 526 3684 τῷ
559 3612 736 3685 Πατρὶ
785 3613 882 3667 σὺν
938 3612 1079 3684 ἁγίῳ
1122 3608 1401 3678 Πνεῦματι
1445 3611 1527 3674 είς
1563 3608 1787 3675 αἰῶνας.

1892 3608 2169 3667 disserere
2199 3600 2385 3666 coacti
2405 3611 2618 3679 simus;
2651 3612 2697 3665 si
2721 3612 2878 3683 quid,
2907 3614 3153 3683 inquam,
3187 3612 3353 3682 paulo
3377 3627 3478 3667 au-

210 3703 398 3776 Ἀμήν.
1894 3700 2087 3754 dacius
2122 3699 2375 3767 fecimus,
2409 3703 2758 3758 condonaute
2788 3702 2921 3767 Deo,
2951 3718 3049 3759 vos
3074 3713 3129 3758 et
3168 3703 3313 3757 istud
3345 3703 3478 3757 mihi

200 3796 530 3853 condonare
562 3794 763 3851 velitis.
800 3794 877 3851 Ac
910 3809 1131 3850 rursum
1162 3791 1299 3848 illud
1347 3806 1467 3848 mea
1502 3805 1668 3847 causa
1701 3790 1888 3862 petite,
1935 3793 2012 3847 uti
2040 3792 2329 3858 Dominus,
2358 3810 2523 3864 quam
2551 3796 2621 3851 ab
2683 3811 2751 3851 eo
2810 3803 3015 3851 sortem
3075 3793 3480 3850 conditionem-

196 3907 298 3961 que
333 3891 559 3962 precati
603 3905 821 3957 sumus,
862 3889 919 3944 in
966 3889 1315 3944 sanctissima
1353 3904 1454 3944 sua
1499 3887 1788 3958 religione,
1821 3903 1946 3958 quae
1975 3891 2093 3944 sola
2125 3889 2194 3944 ab
2224 3891 2373 3945 omni
2404 3890 2850 3946 contradictione
2895 3891 3067 3946 libera
3114 3880 3224 3957 est,
3280 3904 3481 3944 conce-

198 3984 320 4040 dere
362 4000 473 4040 non
539 3994 815 4055 gravetur,
863 3998 926 4038 ac
978 3991 1330 4055 peccatorum
1372 3995 1639 4051 meorum,
1685 3998 1808 4054 qua:
1854 3986 1992 4041 bene
2036 3986 2209 4043 multa
2255 3994 2406 4053 sunt,
2464 3988 2697 4056 gratiam
2746 3987 2946 4054 facere,
2983 3986 3039 4060 in
3080 3985 3303 4042 Christo
3351 3985 3484 4044 Jesu

199 4077 423 4135 Domino
452 4085 658 4135 nostro
689 4095 705 4133 :
736 4092 833 4149 per
864 4092 1025 4148 quem
1058 4085 1265 4134 etcum
1290 4092 1401 4148 quo
1432 4077 1606 4146 gloria
1640 4075 1787 4133 Patri
1826 4094 1950 4133 cum
1987 4077 2197 4149 Spiritu
2228 4089 2427 4135 sancto
2448 4080 2502 4134 in
2533 4082 2753 4137 sarcula.
2784 4080 2984 4135 Amen.

267 4172 402 4226 KA'.
434 4169 610 4239 καὶᾶ
642 4171 742 4240 μὲν
777 4170 907 4243 περὶ
940 4171 1177 4235 πίστεως
1205 4170 1322 4241 ἔχει
1386 4171 1527 4242 αῦτη
1567 4172 1601 4242 ἡ
1654 4172 1790 4243 μόνη

202 4266 469 4338 καθολικὴ
514 4263 841 4335 Ἐκκλησία,
905 4264 1001 4317 καὶ
1060 4262 1361 4336 περιστερὰ
1415 4264 1643 4328 ἄκακος,
1686 4262 1792 4339 μία

200 4351 335 4410 οὖσα
356 4356 437 4429 τῷ
458 4355 619 4428 ἀνδρὶ
634 4355 825 4427 αὐτῆς,
859 4353 936 4420 ὡς
964 4354 1112 4424 λέγει
1129 4371 1144 4386 ο
1158 4352 1163 4357 ”
1177 4354 1300 4410 Μία
1321 4354 1451 4410 ἐστὶ
1475 4352 1795 4423 περιστερά

198 4463 334 4515 μου,
366 4447 467 4502 καὶ
499 4444 706 4517 ὁμοίως
758 4446 888 4517 περὶ
935 4444 1043 4498 τῶν
1081 4445 1377 4515 ἀμυθήτων
1419 4445 1676 4498 νεανίδων
1716 4437 1794 4498 ὧν

201 4537 300 4591 οὐκ
324 4538 481 4592 ἐστιν
511 4536 768 4610 ἀριθμὸς,
806 4535 1106 4607 συντόμως
1154 4535 1399 4606 ἔφημενο
1433 4535 1561 4607 περί
1596 4523 1657 4588 τε
1684 4536 1796 4590 Πα-

198 4628 327 4700 τρὸς
352 4631 455 4684 καὶ
485 4628 620 4683 Υίοῦ
667 4631 763 4682 καὶ
804 4627 959 4698 ἁγίου
1000 4628 1317 4699 Πνεύματος
1350 4627 1793 4698 ὁμοουσιότητος,

200 4720 296 4773 καὶ
329 4721 465 4792 περί⁵
498 4721 601 4790 τῆς
629 4718 898 4791 ὲνσάρκου
935 4718 1174 4790 Χριστοῦ
1215 4719 1310 4773 καὶ
1344 4716 1557 4782 τελείας
1594 4734 1798 4789 παρου-

200 4808 344 4875 σίας,
378 4811 482 4865 καὶ
529 4810 707 4865 ἄλλων
734 4810 916 4882 μερῶν
952 4810 1056 4881 τῆς
1098 4810 1369 4873 πίστεως⁶
1408 4808 1541 4880 περὶ
1579 4808 1799 4879 θεσμῶν

197 4895 256 4949 δὲ
271 4897 375 4968 τῆς
402 4897 584 4970 αὐτῆς
607 4897 718 4969 (85)
742 4900 801 4951 ὲν
822 4897 986 4969 ὀλίγῳ
1018 4898 1119 4970 μέν
1141 4897 1230 4969 μοί
1245 4899 1363 4951 ἐστι
1389 4896 1552 4953 πάλιν
1582 4898 1798 4970 ἀνάγκη

272 5052 290 5083 ¹
320 5052 495 5107 Cant.
536 5066 613 5118 Vl,
642 5049 699 5106 8.

268 5206 393 5275 (85)
438 5206 587 5276 Περὶ
611 5204 849 5277 θεσμῶν
877 5204 946 5259 δὲ
977 5204 1088 5276 τῆς
1106 5205 1316 5275 αὐτῆς.
1366 5205 1593 5277 Egregia
1639 5207 1800 5263 dein-

197 5293 334 5348 ceps
360 5294 430 5333 ac
464 5278 764 5345 singularis
796 5276 1092 5348 disputatio
1124 5280 1373 5348 sequitur
1405 5276 1475 5333 de
1504 5276 1796 5347 praecipuis

198 5346 475 5417 Ecclesiae
494 5348 726 5414 ritibus;
750 5363 912 5417 quem
946 5346 1093 5417 velut
1120 5346 1579 5401 characterem’ac
1610 5346 1795 5402 notam

199 5416 459 5487 adhibet,
493 5433 603 5487 quo
633 5418 703 5471 ab
738 5415 1057 5473 adulterinis
1099 5417 1498 5471 conventiculis
1525 5417 1795 5472 catholica

202 5485 465 5557 Ecclesia
514 5485 877 5557 dignoscitur.
937 5486 1147 5553 Quibus
1192 5502 1294 5541 nos
1340 5488 1681 5557 argumentis
1737 5502 1801 5542 ac

200 5556 388 5626 signis
415 5556 674 5626 perinde
708 5557 811 5613 hoc
859 5564 1102 5625 tempore
1145 5571 1331 5613 veram
1386 5556 1451 5610 ac
1496 5557 1798 5613 Itomanam

203 5624 530 5681 Ecclesiam
574 5626 758 5683 alaeue
799 5627 1220 5682 novissimarutn
1253 5627 1532 5682 hmreseon
1565 5628 1802 5682 secerni-

202 5711 359 5766 inus.
393 5692 539 5766 Nam
564 5697 811 5766 plerique
834 5711 1026 5751 omnes
1060 5694 1134 5747 illi
1159 5694 1369 5766 ‘vctetjis
1399 5696 1653 5751 Ecclesia:
1684 5713 1801 5752 mo-

206 5780 299 5818 res
348 5764 406 5819 in
450 5762 732 5821 Romanae
757 5783 857 5821 usu
900 5781 965 5820 ac
1011 5764 1406 5819 consuetudine
1457 5766 1796 5822 resederunt.

205 5833 498 5902 Quocirca
520 5838 675 5904 pauci
696 5836 898 5911 illi,qui
917 5845 1231 5907 supersunt,
1255 5838 1465 5891 numeri
1488 5853 1684 5907 magno
1707 5852 1800 5892 ca-

1974 4170 2115 4225 XXt.
2162 4171 2437 4227 Hactenus
2478 4173 2645 4243 igitur
2670 4186 2921 4243 quamam
2951 4180 3099 4227 esset
3123 4172 3289 4227 unius
3314 4178 3372 4226 et
3394 4185 3483 4225 ca.

1899 4262 2115 4316 tholicze
2147 4262 2406 4318 Ecclesia:
2438 4262 2595 4327 lidcs,
2642 4263 2931 4333 simplicis,
2964 4263 3211 4333 inquam,
3253 4262 3399 4317 illius
3425 4269 3485 4318 et

1899 4354 2211 4409 innocentis
2255 4355 2543 4419 columbas,
2575 4370 2699 4425 quae
2735 4355 2898 4410 unica
2943 4363 3029 4409 est
3080 4356 3199 4409 viro
3232 4371 3357 4419 suo,
3401 4355 3483 4410 uti

1902 4445 2167 4514 scriptum
2210 4455 2296 4501 est
2325 4464 2339 4499 :
2374 4444 2494 4499 Una
2529 4455 2608 4499 est
2649 4446 2893 4500 columba
2936 4463 3053 4501 mea
3076 4448 3116 4510 ί,
3151 4460 3253 4503 nec
3284 4461 3395 4501 non
3426 4453 3484 4501 et

1898 4538 1967 4593 de
1996 4536 2226 4592 inﬁnitis
2273 4537 2722 4601 adolescentulis,
2768 4554 3001 4607 quarum
3048 4539 3174 4594 iniri
3218 4553 3484 4594 numerus

1898 4644 2008 4684 non
2038 4624 2239 4698 pote-st,
2273 4645 2379 4699 qua
2416 4631 2696 4700 potuimus
2727 4631 2992 4686 brevitate
3032 4630 3434 4701 disputavimus
3463 4645 3482 4685 :

1900 4720 2262 4791 inprimisque
2307 4720 2376 4775 de
2433 4721 2623 4775 eadem
2672 4720 2853 4776 Patris
2904 4730 2957 4776 et
3022 4721 3139 4776 Filii
3187 4737 3252 4775 ac
3302 4720 3480 4792 Spiri-

1902 4819 1993 4866 tus
2044 4810 2222 4865 sancti
2259 4810 2595 4876 substantia,
2642 4811 2819 4881 deque
2867 4810 3104 4881 pert'ecta
3133 4812 3336 4868 Christi
3371 4812 3481 4867 Do-

1906 4900 2041 4956 mini
2071 4900 2472 4964 incarnatione,
2509 4915 2574 4956 ac
2601 4899 2828 4970 reliquis
2854 4900 2975 4956 ﬁdei
3009 4901 3483 4972 capitibus.Nunc

1906 5204 2126 5262 tholicis
2141 5203 2398 5260 omnibus
2414 5202 2536 5259 usui
2558 5216 2681 5258 esse
2698 5206 2949 5271 possunt,
2967 5211 3027 5257 ttt
3044 5203 3309 5263 adversus
3325 5224 3487 5263 novo-

1903 5293 2023 5332 rum
2048 5274 2622 5346 hominuminsaniam
2646 5273 3098 5346 atqueinscitiam
3115 5288 3481 5346 opponantur.

1900 5349 1981 5401 Ac
2004 5347 2052 5401 si
2081 5347 2147 5400 de
2171 5345 2403 5414 singulis
2434 5343 2543 5397 illis
2572 5342 2769 5414 ritibus
2791 5345 2954 5412 paulo
2976 5342 3289 5400 accuratius
3320 5347 3484 5399 verba

1902 5417 2083 5471 facere
2114 5411 2328 5475 vellem,
2361 5411 2674 5482 ingentibus
2706 5411 3117 5468 commentariis
3149 5429 3287 5483 opus
3315 5426 3482 5469 esset.

1905 5486 1983 5541 Ne
2009 5486 2146 5540 nihil
2173 5498 2306 5538 vero
2330 5484 2533 5547 dicam,
2559 5484 2833 5552 praecipua
2859 5484 3106 5551 quaedam
3130 5500 3194 5538 ex
3223 5484 3287 5537 iis
3314 5483 3484 5538 libare

1904 5556 2133 5627 placuit,
2187 5569 2309 5623 quae
2359 5555 2424 5609 in
2458 5552 2793 5627 adversariis
2849 5554 3089 5615 nostris,
3143 5552 3371 5627 promde
3424 5563 3485 5606 ut

1906 5623 2186 5681 auctorem
2237 5638 2508 5693 quemque
2563 5623 2616 5674 in
2652 5637 2846 5693 utanus
2868 5636 3137 5693 ceperam,
3177 5623 3486 5693 promiscue

1908 5698 2162 5750 adnotata
2189 5690 2386 5761 reperi.
2420 5690 2649 5746 Ῥετλν.
2712 5691 2871 5760 (Vide
2926 5690 2980 5744 in
3017 5690 3331 5761 Appendice
3364 5693 3482 5748 dis-

1908 5707 2162 5750 adnotata
2189 5709 2386 5761 reperi.
2444 5707 2649 5746 νετλν.
2712 5707 2871 5760 (vute
2926 5707 2980 5744 tn
3017 5707 3058 5743 Α
3103 5707 3331 5759 penurce
3364 5707 3482 5748 uts-

1908 5764 2258 5820 sertatioucm
2293 5763 2369 5817 De
2404 5761 2656 5817 t'eteribus
2694 5761 3010 5831 quibusdam
3052 5707 3302 5817 Ecclesia:
3360 5762 3487 5818 riti-

1910 5836 2049 5907 bus.)
