3958 6436
523 392 626 450 827

1965 393 2023 449 s.
2068 391 2413 448 EPIPHANII
3653 400 3730 456 ειη

527 509 637 564 illis
689 524 939 580 sponsus,
972 518 1096 562 tunc
1115 507 1437 580 jejunabunt
1471 511 1526 564 in
1555 511 1667 565 illis
1710 510 1893 565 diebus
1921 515 1960 565 ¹.
1993 511 2102 566 Ne-

2210 512 2341 564 τότε
2397 508 2853 576 νηστεύσουσιν
2909 507 2978 562 ἐν
3024 508 3284 574 ἐκείναις
3344 505 3470 574 ταῖς
3518 509 3734 580 ἡμέρας,

525 616 632 668 que
673 614 801 654 vero
836 608 898 654 ut
927 601 975 655 ei
1015 602 1390 672 gratiﬁcemur
1422 603 1520 672 qui
1551 610 1744 658 nostra
1775 618 1944 658 causa
1979 619 2108 675 pas-

527 706 623 744 sus
675 700 778 756 est,
824 692 1076 747 instituta
1123 701 1252 748 sunt
1286 692 1517 763 jejunia,
1568 695 1666 750 sed
1696 703 1756 748 ut
1783 695 1976 751 salutis
2005 711 2107 750 no-

525 786 653 832 δινσε
705 794 874 835 causa
924 781 1241 850 passionem
1298 783 1447 836 illam
1496 783 1877 854 proﬁteamur,
1942 799 2106 854 quam

524 883 625 937 pro
676 869 838 925 nobis
901 870 1170 926 Dominus
1210 873 1326 944 ipse
1376 874 1642 944 suscepit,
1699 882 1865 944 atque
1901 885 1961 930 ut
1992 876 2108 930 haec

523 975 554 1012 a
584 958 695 1014 Deo
720 960 930 1029 jejunia
980 963 1270 1032 expiandis
1309 964 1515 1019 nostris
1554 965 1866 1020 sceleribus
1924 967 2106 1037 impu-

524 1057 729 1103 tentur.
789 1049 962 1104 P0rro
1013 1051 1329 1107 istiusmodi
1376 1053 1649 1122 jejunium
1703 1063 1819 1108 toto
1860 1069 2005 1109 anno
2052 1056 2106 1109 in

524 1134 777 1192 Ecclesia
833 1139 1106 1194 catholica
1165 1141 1454 1211 diligenter
1515 1144 1862 1208 observatur,
1895 1143 2108 1214 1105

523 1237 748 1297 quarta,
792 1230 870 1283 uti
903 1231 1040 1295 dixi,
1086 1239 1350 1302 sextaque
1401 1232 1539 1288 feria
1584 1235 1650 1289 ad
1702 1237 1891 1289 horam
1934 1252 2108 1305 uSque

527 1333 732 1372 nonam
765 1361 781 1386 ,
841 1323 1084 1390 exceptis
1135 1323 1532 1394 quinquaginta
1586 1326 1938 1383 Pentecostes
1992 1327 2110 1382 die-

525 1409 653 1474 bus,
683 1412 885 1480 quibus
919 1428 1099 1483 neque
1155 1430 1332 1484 genua
1375 1414 1696 1481 ﬂectuntur,
1744 1433 1923 1489 neque
1962 1419 2109 1489 jeju-

525 1502 680 1556 nium
738 1504 1021 1571 indicitur,
1080 1521 1180 1575 pro
1211 1506 1320 1562 illis
1349 1523 1480 1563 vero
1511 1511 1875 1566 conventibus
1911 1511 2006 1580 qui
2040 1511 2107 1565 ad

521 1594 711 1648 horam
745 1611 945 1650 nonam
977 1599 1190 1668 quartis
1222 1601 1460 1655 sextisve
1495 1599 1650 1656 feriis
1683 1602 1953 1672 celebrari
1985 1618 2111 1657 con-

521 1696 841 1753 sueverunt,
879 1702 978 1757 per
1025 1689 1152 1744 illos
1192 1691 1311 1746 dies
1345 1692 1574 1760 perinde
1603 1707 1668 1746 ac
1701 1692 1988 1746 Dominica
2024 1693 2110 1748 «lie

522 1777 808 1832 matutinis
877 1779 1029 1835 boris
1087 1796 1326 1851 synaxes
1379 1783 1674 1838 obeuntur.
1736 1782 1925 1853 Neque
1980 1799 2109 1853 vero

2210 601 2324 654 Καὶ
2355 601 2453 670 οὐχ
2487 599 2574 651 ἴνα
2606 599 2766 669 χάριν
2795 599 3112 669 ποιήσωμεν
3140 598 3217 666 τῷ
3240 597 3386 669 ὑπὲρ
3411 598 3558 669 ἡμῶν
3582 618 3731 655 πεπον-

2210 691 2347 752 θότι,
2378 691 2411 760 ἡ
2440 690 2666 760 νηστεία
2715 691 2850 760 ἡμῖν
2887 689 3313 760 προστέτακταιο
3345 688 3458 740 ἀλλ’
3489 691 3619 752 ὅπως
3641 693 3737 760 ὁμο-

2208 782 2528 852 λογήσωμεν
2558 783 2641 843 εἰς
2669 780 2826 850 ἡμῶν
2854 781 3129 850 σωτηρίαν
3156 779 3216 831 τὸ
3243 779 3340 832 τοῦ
3362 780 3561 850 Κυρίου
3588 781 3736 844 πάθος.

2207 873 2237 926 ὃ
2269 873 2411 944 ὑπὲρ
2448 863 2604 942 ἡμῶν
2637 871 2798 934 αὐτὸς
2845 870 3161 936 ἀνεδέξατο·
3199 871 3291 923 καὶ
3331 870 3480 932 ὅπως
3507 869 3630 938 ὑπὲρ
3658 871 3737 920 τῶν

2210 963 2369 1035 ἡμῶν
2414 962 2704 1034 ἁμαρτιῶν
2746 963 2802 1016 at
2853 965 3101 1032 νηστείαι
3145 963 3277 1032 ἡμῖν
3323 959 3612 1028 εὐλόγιστοι
3651 959 3738 1028 Θεῷ

2208 1058 2499 1126 γένωνται.
2531 1057 2644 1109 Καὶ
2666 1055 2733 1109 δι’
2765 1055 2887 1108 ὅλου
2937 1055 3036 1126 μὲν
3066 1054 3158 1107 τοῦ
3191 1054 3346 1117 ἔτους
3377 1055 3411 1123 ἡ
3438 1052 3640 1123 νηστεία
3664 1070 3737 1121 φυ-

2208 1148 2466 1202 λάττεται
2495 1148 2555 1199 ὲν
2581 1150 2650 1217 τῇ
2680 1148 2816 1218 αὐτῇ
2850 1147 2981 1218 ἁγίᾳ
3005 1145 3263 1214 καθολικῇ
3305 1143 3613 1215 Ἐκκλησία,
3637 1142 3739 1215 φημὶ

2212 1239 2270 1292 δὲ
2307 1238 2527 1308 τετράδι
2557 1238 2653 1290 καὶ⁵
2687 1237 3050 1307 προσαϐϐάτῳ
3085 1235 3190 1298 ἓως
3223 1233 3375 1306 ὥρας
3417 1235 3621 1302 ἐνάτης,
3653 1233 3738 1302 δίχα

2217 1330 2387 1400 μόνης
2421 1328 2522 1395 τῆς
2556 1327 2942 1398 Πεντηκοστῆς
2985 1326 3114 1397 ὅλης
3149 1324 3257 1377 τῶν
3293 1325 3621 1394 πεντήκοντα
3641 1325 3740 1393 igua-

2213 1421 2344 1491 ρῶν.
2375 1423 2434 1473 ὲν
2462 1414 2550 1482 αἶς
2574 1418 2698 1472 οὔτε
2739 1418 3079 1488 γονυκλισίαι
3119 1415 3387 1486 γίνονται,
3428 1413 3549 1467 οὔτε
3571 1415 3743 1484 νηστεία

2209 1508 2650 1582 προστέτακται·
2701 1507 2825 1561 ἀντὶ⁵
2878 1506 2936 1559 δὲ
2973 1505 3085 1559 τῶν
3129 1505 3266 1576 πρὸς
3297 1503 3401 1574 τὴν
3434 1502 3619 1572 ἐνάτην
3657 1519 3743 1554 συν-

2211 1603 2386 1668 άξεων
2438 1601 2716 1672 τετράδων
2771 1599 2868 1653 καὶ
2917 1595 3346 1667 προσαὸὗάτων,
3395 1594 3472 1658 ὡς
3514 1594 3569 1645 ὲν
3607 1591 3744 1662 ἡμέρᾳ

2208 1695 2466 1765 Κυριακῇ
2497 1691 2637 1745 κατὰ
2673 1689 2775 1753 τὰς
2810 1687 3060 1760 πρωῖνὰς
3107 1685 3218 1758 (96)
3245 1686 3304 1739 at
3341 1684 3583 1748 συνάξεις
3610 1685 3746 1734 ἐπιτε-

2208 1785 2447 1840 λοῦνται.
2480 1785 2602 1837 Ἐτι
2633 1783 2690 1836 δὲ
2741 1783 2802 1836 ὲν
2847 1783 2970 1845 ταῖς
3013 1785 3055 1834 ν’
3099 1779 3361 1850 ἡμέραις,
3398 1773 3486 1840 αἶς
3517 1778 3744 1845 προεῖπον,

520 1867 653 1922 totis
686 1867 796 1922 illis
825 1866 1099 1922 duntaxat
1142 1870 1543 1942 quinquaginta
1597 1870 1956 1928 Pentecostes
1997 1873 2106 1946 die:

2210 1878 2308 1944 τῆς
2333 1875 2720 1946 Πεντηκοστῆς
2744 1873 2844 1927 οὐκ
2877 1872 3028 1925 ἐστιν
3053 1870 3178 1924 οὔτε
3208 1869 3468 1939 νηστείαν
3494 1867 3607 1919 οὔτε
3635 1868 3680 1917 ἐν
3699 1868 3746 1934 τῇ

523 1958 626 2012 bus
659 1959 794 2023 ulla,
832 1961 912 2013 uti
944 1960 1081 2025 dixi,
1110 1961 1321 2030 jejunia
1348 1973 1498 2027 sunt,
1530 1964 1624 2020 sed
1661 1981 1840 2035 neque
1875 1965 2109 2038 Epipha-

522 2049 738 2103 niorum
765 2052 875 2117 die,
904 2068 1012 2123 quo
1039 2051 1302 2111 Dominus
1355 2057 1661 2111 secundum
1699 2073 1916 2112 carnem
1947 2066 2110 2117 natus

519 2148 626 2206 est,
667 2141 924 2211 jejunarc
973 2144 1120 2209 licet,
1167 2148 1388 2202 tametsi
1429 2149 1484 2203 in
1519 2159 1770 2220 quartam
1803 2150 1992 2204 feriam
2024 2152 2110 2207 vel

516 2241 732 2287 sextam
781 2235 1058 2290 iucidcrit.
1112 2237 1183 2291 At
1221 2239 1314 2308 qui
1362 2239 1553 2309 pietati
1603 2241 1852 2310 student,
1892 2244 2110 2314 egregia

518 2319 758 2388 quadam
791 2337 856 2377 ac
891 2323 1152 2379 laudabili
1187 2330 1490 2393 voluntate,
1524 2341 1790 2401 perpetuo
1829 2334 1987 2402 (solis
2013 2332 2112 2388 Do—

519 2411 742 2469 minicis
769 2428 834 2469 ac
863 2413 1220 2474 Pentecostcs
1245 2419 1438 2474 diebus
1464 2422 1732 2493 exceptis)
1759 2423 1972 2493 jejunia
1999 2424 2108 2480 sibi

521 2519 586 2557 ac
616 2493 833 2576 vigilias
861 2507 1175 2577 imponunt.
1209 2509 1345 2564 Nam
1377 2513 1689 2569 Dominicas
1715 2530 1907 2570 onmes
1940 2515 2109 2571 festas

517 2607 642 2649 esse
696 2594 1012 2665 hilaresque
1055 2598 1329 2653 catholica
1373 2602 1559 2656 sanxit
1599 2601 1867 2668 Ecclesia,
1916 2620 1980 2659 ac
2018 2621 2110 2660 so-

517 2680 727 2738 lemnes
782 2699 1020 2754 synaxes
1073 2691 1359 2744 matutinis
1397 2691 1550 2746 boris
1598 2694 1809 2757 indicit,
1857 2711 1958 2752 nec
1998 2697 2109 2753 ulla

515 2771 726 2841 jejunia
756 2775 1036 2842 celebrat;
1074 2778 1376 2833 absurdum
1412 2781 1558 2835 enim
1595 2793 1676 2838 est
1710 2784 1967 2853 jejunarc
1998 2785 2104 2842 Do-

523 2863 730 2917 minico
770 2863 880 2918 die.
929 2865 1202 2922 Caeterum
1251 2878 1378 2926 ante
1423 2881 1632 2941 septem
1674 2873 1963 2932 Pascbatis
1993 2879 2111 2934 dies

518 2950 1011 3022 Quadragesimam
1057 2960 1354 3014 observare
1391 2971 1558 3032 atque
1622 2965 1676 3018 in
1706 2967 1932 3034 jejuniis
1984 2984 2110 3038 per-

518 3059 775 3099 scverare
837 3047 1029 3102 eadem
1099 3053 1390 3114 consuevit
1449 3053 1741 3120 Ecclesia;
1807 3055 2109 3115 Dominicis

524 3152 659 3192 vero
702 3138 872 3194 nullis
913 3140 1162 3207 omnino,
1216 3143 1465 3215 adeoque
1521 3163 1622 3202 nec
1677 3148 1850 3218 ipsius
1891 3149 2106 3220 quidem

516 3225 970 3299 Quadragesimze
1013 3232 1268 3302 jejunarc
1322 3236 1484 3292 solet.
1535 3235 1806 3293 Praeterea
1856 3254 1951 3294 sex
1986 3238 2110 3295 illos

516 3317 802 3376 Paschatis
843 3321 961 3380 dies
1009 3326 1384 3398 xerophagia,
1449 3327 1553 3384 hoc
1600 3339 1684 3384 est
1755 3329 1912 3385 arido
1960 3331 2110 3384 victu

516 3411 835 3482 transigunt
874 3415 1059 3484 populi
1103 3431 1316 3481 omnes,
1349 3417 1451 3474 hoc
1473 3427 1560 3475 est
1615 3436 1811 3490 panem
1842 3421 2110 3476 duntaxat

514 3516 641 3555 cum
694 3503 812 3559 sale
859 3513 915 3559 et
968 3520 1114 3575 aqua
1161 3509 1267 3563 sub
1311 3525 1598 3580 vesperam
1651 3513 1933 3566 adhibent.
1994 3513 2109 3567 lmo

515 3607 648 3648 vero
678 3596 932 3649 nonnulli
963 3597 1031 3650 ad
1074 3598 1301 3653 biduum
1350 3601 1433 3654 vel
1477 3601 1722 3655 triduum
1767 3603 1848 3669 vel
1894 3604 2108 3672 quatri-

514 3682 682 3736 duum
716 3700 894 3756 usque
918 3686 1132 3755 jejunia
1175 3698 1498 3759 prorogant.
1549 3692 1654 3744 Alii
1705 3701 1878 3747 totam
1912 3694 2110 3748 hebdo-

516 3775 733 3829 madem
766 3792 942 3846 usque
985 3777 1050 3831 ad
1099 3782 1383 3849 sequentis
1424 3781 1722 3837 Dominicas
1767 3784 2107 3854 gallicinium

515 3865 638 3920 sine
667 3867 789 3921 cibo
817 3871 1219 3926 transmittunt.
1255 3871 1546 3942 Pervigilia
1578 3891 1706 3929 vero
1740 3891 1834 3930 sex
1865 3878 2103 3932 obeunt:

518 3957 759 4026 itemque
810 3975 1044 4029 synaxcs
1076 3961 1165 4017 his
1193 3978 1288 4016 sex
1322 3963 1517 4019 diebus
1547 3974 1601 4018 et
1632 3968 1685 4020 in
1717 3974 1830 4020 tota
1861 3968 2109 4034 Quadra-

519 4048 732 4116 gesima
757 4049 827 4105 ab
853 4051 989 4105 liora
1017 4069 1160 4108 nona
1193 4071 1370 4126 usque
1393 4057 1462 4111 ad
1490 4074 1773 4128 vesperam
1803 4062 2104 4119 celebrant.

462 4167 471 4176 -
518 4138 589 4193 At
621 4139 952 4209 quibusdam
1002 4143 1057 4197 in
1111 4144 1246 4201 locis
1303 4147 1355 4200 in
1405 4163 1468 4202 ea
1517 4149 1695 4204 solum
1750 4160 1930 4218 nocte,
1986 4168 2107 4224 quae

515 4231 767 4302 quintam
806 4231 997 4288 feriam
1029 4237 1280 4306 sequitur
1347 4247 1401 4292 et
1436 4239 1488 4293 in
1528 4239 1719 4294 feriam
1761 4250 1970 4296 sextam
2013 4242 2106 4298 de-

516 4321 652 4376 sinit
709 4329 874 4393 atque
903 4324 958 4378 in
987 4341 1051 4380 ea
1092 4340 1215 4396 qua
1255 4327 1597 4384 Dominicam
1647 4334 1939 4398 antecedit,
1981 4349 2105 4404 per-

517 4415 769 4486 vigilant.
817 4419 958 4472 Aliis
987 4419 1041 4472 in
1073 4421 1211 4498 locis
1245 4423 1442 4491 quinta
1475 4422 1612 4478 feria
1644 4423 1815 4478 divini
1856 4425 2103 4496 mystcrii

2213 1966 2399 2037 ἡμέρᾳ
2421 1965 2532 2018 τῶν
2573 1965 2929 2032 Ἑπιιρανίων,
2959 1963 3048 2016 ὅτε
3081 1959 3348 2031 ἐγεννήθη
3373 1960 3432 2010 ἐν
3459 1954 3748 2028 σαρκὶὸΚύο

2213 2069 2350 2124 ριος,
2387 2052 2565 2117 ἔξεστι
2593 2052 2917 2124 νηστεῦσαι,
2976 2050 3076 2103 κᾶν
3123 2067 3184 2102 τε
3222 2048 3497 2120 περιτύχῃ
3539 2044 3748 2116 τετρὰςῆ

2211 2145 2617 2218 προσάϐϐατον.
2661 2144 2988 2216 Προαιρέσει
3032 2142 3089 2196 δὲ
3121 2140 3304 2212 ἀγαθῇ
3337 2142 3389 2194 oi
3427 2141 3585 2209 αὐτῆς
3619 2139 3750 2206 ἀσκη-

2211 2237 2303 2290 ταὶ
2335 2234 2632 2298 διαπαντὸς
2653 2276 2668 2300 ,
2719 2234 2892 2305 χωρὶς
2921 2230 3210 2302 Κυριακῆς
3241 2229 3344 2282 καὶ
3387 2225 3750 2296 Πεντηκοστῆς,

2211 2325 2566 2398 νηστεύουσι,
2615 2323 2711 2378 καὶ
2759 2322 3071 2394 ἀγρυπνίας
3119 2319 3421 2382 διαπαντὸς
3475 2315 3748 2370 ἐπιτελοῦσι.

2212 2416 2324 2480 Τὰς
2364 2416 2420 2469 δὲ
2466 2414 2758 2485 Κυριακὰς
2795 2413 3016 2477 ἁπάσας
3049 2409 3333 2482 τρυφερὰς
3367 2412 3573 2480 ἡγεῖται
3597 2409 3626 2478 ἡ
3653 2407 3749 2472 ἁγία

2211 2506 2352 2578 αῦτη
2395 2506 2661 2576 καθολικὴ
2700 2503 3030 2573 Ἐκκλησία,
3080 2501 3176 2553 καὶ¹
3210 2499 3468 2564 συνάξεις
3504 2499 3591 2566 ἀφ’
3623 2494 3748 2549 ἔωθεν

2212 2596 2482 2658 ἐπιτελεῖ,
2529 2598 2591 2650 οὺ
2645 2596 2918 2666 νηστεύει.
2985 2591 3374 2647 Ἀνακόλουθον
3406 2590 3512 2661 γάρ
3548 2591 3674 2641 ἐστιν
3709 2588 3748 2636 ὲν

2212 2689 2470 2758 Κυριακῇ
2493 2685 2800 2757 νηστεύειν.
2832 2683 2945 2754 Τὴν
2977 2683 3033 2736 δὲ
3067 2680 3531 2753 Τεσσαρακοστὴν
3563 2678 3647 2748 τὴν
3672 2675 3750 2746 πρὸ

2211 2779 2320 2832 τῶν
2361 2777 2503 2831 ἑπτὰ
2537 2777 2650 2848 (97)
2700 2775 2921 2847 ἡμερῶν
2970 2773 3065 2826 τοῦ
3107 2772 3265 2840 ἁγίου
3310 2771 3504 2840 Πάσχα
3542 2765 3748 2826 ὡσαύτως

2213 2869 2507 2940 φυλάττειν
2537 2867 2730 2922 εἴωθεν
2779 2869 2813 2937 ἠ
2858 2865 2997 2936 αὑτὴ
3051 2864 3390 2932 Ἐκκλησία,
3428 2864 3488 2915 ἐν
3527 2858 3747 2930 νηστείαις

2211 2960 2530 3015 διατελοῦσα
2547 2977 2560 2990 ·
2588 2959 2688 3022 τὰς
2712 2959 2769 3011 δὲ
2794 2955 3081 3028 Κυριακὰς
3104 2955 3210 3007 οὐδ’
3241 2954 3407 3019 ὅλως,
3434 2952 3552 3006 οὔτε
3580 2953 3628 3003 ὲν
3646 2948 3746 3015 αὐτῇ

2210 3055 2278 3124 τῇ
2321 3053 2770 3124 Τεσσαρακοστῇ.
2801 3049 2914 3112 Τὰς
2941 3049 2998 3102 δὲ
3039 3048 3098 3114 ἓξ
3141 3047 3363 3119 ἡμέρας
3403 3045 3496 3101 τοῦ
3525 3045 3686 3113 Πάσχα
3706 3040 3748 3092 ὲν

2212 3142 2523 3214 ξηροφαγίᾳ
2547 3140 2852 3195 διατελοῦσι
2886 3139 3086 3202 πάντες
3116 3140 3164 3192 ot
3189 3137 3342 3190 λαοίσ
3374 3137 3517 3207 φημὶ
3557 3135 3607 3188 δὲ
3637 3134 3749 3203 ἄρτῳ

2212 3235 2307 3287 καὶ
2337 3233 2427 3286 ἁλὶ
2451 3234 2544 3286 καὶ
2574 3231 2729 3285 ὕδατι
2760 3231 2880 3284 τότε
2903 3230 3178 3302 χρώμενοι
3203 3229 3347 3300 πρὸς
3368 3220 3748 3298 ὲσπέραν.Ἀλλὰ

2211 3325 2306 3378 καὶ
2332 3325 2382 3376 οί
2415 3323 2693 3376 σπουδαῖοι
2735 3321 2929 3385 διπλᾶς
2968 3319 3062 3374 καὶ
3088 3318 3325 3388 τριπλᾶς
3363 3317 3461 3370 καὶ
3495 3311 3748 3385 τετρατιλέἳς

2211 3415 2623 3486 ὑπερτίθενται,
2673 3413 2768 3467 καὶ
2808 3413 2938 3483 ὅλην
2996 3410 3097 3482 τὴν
3152 3409 3432 3478 ἑϐδομάδα
3473 3406 3604 3468 τινὲς
3651 3402 3746 3472 ἄχρι

2208 3505 2588 3576 ἀλεκτρυόνων
2617 3504 2868 3574 κλαγγῆς
2903 3503 3004 3572 τῆς
3028 3501 3324 3574 Κυριακῆς
3358 3497 3742 3568 ὲπιφωσκούσης.

2221 3597 2556 3669 Ἀγρυπνίας
2589 3597 2646 3649 δὲ
2675 3594 2980 3649 διατελοῦσι
3012 3593 3113 3658 τὰς
3145 3593 3222 3658 ἕξ·
3251 3592 3418 3645 πάλιν
3459 3591 3514 3644 δὲ
3548 3585 3745 3650 συνάξεις

2209 3689 2515 3743 ἐπιτελοῦσι
2549 3688 2648 3751 τὰς
2693 3687 2864 3750 αὑτὰς
2893 3685 2974 3752 ἓξ,
3011 3687 3104 3740 καὶ
3147 3684 3274 3754 ὃλην
3319 3683 3420 3754 τὴν
3455 3682 3743 3748 Τεσσαραιο·

2209 3781 2338 3853 στὴν
2369 3780 2478 3835 ἀπὸ
2509 3781 2710 3849 ἐνάτης
2752 3778 2858 3840 ἓως
2901 3777 3143 3847 ἑσπέρας
3180 3775 3316 3844 (98).
3350 3771 3452 3828 ’Ἐν
3477 3787 3581 3824 τισι
3603 3768 3651 3820 δὲ
3673 3763 3742 3816 τό·

2207 3897 2331 3942 ποις
2381 3877 2481 3949 τὴν
2533 3877 2672 3948 μετὰ
2718 3875 2818 3946 τὴν
2866 3874 3125 3943 πέμπτην
3167 3867 3535 3939 ἀγρυπνοῦσιν
3580 3857 3742 3949 itaad-

2209 3946 2448 4026 σκουσαν
2479 3946 2561 4036 είς
2615 3967 2679 4020 τὸ
2712 3965 3097 4037 προσάϐϐατον
3134 3962 3226 4015 καί
3249 3960 3353 4031 τὴν
3383 3953 3646 4029 Κυριακὴν
3667 3946 3740 4019 μόο

2206 4081 2326 4127 νας.
2371 4063 2470 4115 Ἔν
2512 4077 2623 4112 τισι
2667 4057 2724 4110 δὲ
2759 4057 2946 4119 τόποις
2989 4053 3215 4124 λατρεία
3246 4049 3557 4120 οἰκονομίας
3579 4043 3672 4116 (99)
3699 4040 3742 4091 ἐν

2205 4157 2272 4226 τῇ
2317 4154 2542 4224 πέμπτῃ
2574 4150 2784 4219 γίνεται
2813 4148 2934 4220 ὥρᾳ
2964 4145 3162 4216 ἐνάτῃο
3203 4144 3297 4197 καὶ
3338 4141 3510 4204 οὓτως
3541 4131 3739 4194 ἀπολύει,

2209 4245 2479 4319 μενόντων
2501 4246 2557 4298 ὲν
2584 4245 2651 4314 τῇ
2681 4242 2820 4312 αὐτῇ
2843 4236 3169 4311 ξηροφαγίᾳ.
3205 4231 3294 4289 Ἐν
3325 4234 3506 4294 ἄλλοις
3527 4227 3739 4284 δὲτότωις

2203 4340 2267 4393 οὐ
2305 4339 2514 4407 γίνεται
2545 4334 2773 4406 λατρεία
2809 4333 2909 4403 τῆς
2952 4329 3264 4399 οἰκονομίας
3300 4327 3334 4398 ἢ
3391 4321 3740 4416 μόνον

2207 4431 2442 4500 σκούσης
2491 4430 2590 4499 τῆς
2636 4425 2956 4497 Κυριακῆς,
2987 4424 3076 4475 ὅτε
3105 4418 3332 4474 ἀπολύει
3389 4415 3513 4486 περὶ
3537 4413 3626 4480 τὴν
3656 4413 3738 4500 fit?

515 4506 702 4561 cultus
734 4506 870 4561 hora
903 4524 1048 4563 nona
1084 4491 1418 4576 celebratur,
1451 4521 1616 4582 atque
1660 4513 1736 4568 ita
1777 4491 1970 4570 missio
2005 4531 2105 4586 po-

2210 4491 2583 4589 ἁλεκτρυόνων
2613 4491 2860 4583 κλαγγὴν
2883 4491 2943 4564 εν
2973 4512 3038 4582 τῇ
3067 4507 3424 4574 ἀναστασὶμῳ
3460 4491 3738 4592 inpensam!

516 4597 631 4666 puli
663 4596 752 4662 ﬁt,
787 4607 847 4652 ut
890 4600 946 4654 in
982 4603 1264 4657 aridorum
1298 4620 1400 4658 usu
1442 4607 1760 4673 persistaut.
1795 4606 1938 4661 Alibi
1969 4624 2099 4661 vero

2210 4586 2516 4680 πανηγύρει
2551 4605 2759 4677 μεγάλῃ
2795 4603 2982 4674 ἡμέρᾳ
3001 4600 3094 4654 τοῦ
3137 4599 3357 4668 Πάσχα,
3387 4596 3461 4658 ὡς
3493 4586 3738 4680 προστέτξν

515 4687 691 4742 divini
736 4692 984 4761 mysterii
1029 4694 1211 4749 cultus
1255 4711 1365 4751 non
1415 4697 1569 4766 prius
1615 4698 1896 4764 indicitur,
1931 4716 2098 4770 quam

516 4777 838 4839 Dominicus
881 4783 1003 4840 dies
1045 4785 1308 4848 illuxcrit.
1345 4805 1470 4842 cum
1513 4791 1618 4846 sub
1659 4793 1927 4862 gallorum
1975 4808 2104 4847 can-

515 4877 636 4924 tum
661 4872 955 4929 dimittitur
983 4878 1222 4948 p0pulus
1247 4879 1303 4932 in
1327 4882 1447 4949 ipso
1469 4880 1914 4941 licsurrectionis
1936 4885 2101 4950 festo,

2217 4720 2365 4756 κται.
2401 4700 2482 4752 Τὰ
2511 4699 2555 4751 δ’
2589 4699 2724 4752 ἄλλα
2779 4696 3059 4767 μυστήρια
3104 4694 3232 4764 περὶ
3275 4687 3499 4761 λουτροῦ
3539 4685 3620 4738 καὶ
3656 4685 3736 4730 των

2210 4793 2420 4847 ἔνδοθεν
2471 4789 2826 4862 μυστηρίων,
2869 4788 2944 4851 ὡς
2990 4785 3102 4857 ἔχει
3147 4785 3180 4855 ἡ
3242 4784 3530 4854 παράδοσις
3575 4793 3654 4829 του
3692 4785 3735 4820 τε

2212 4884 2546 4954 Εὐαγγελίου
2573 4883 2666 4936 καὶ
2689 4881 2795 4933 τῶν
2824 4883 2932 4934 ἀπο
2942 4878 3158 4942 στόλων,
3183 4876 3354 4941 οὕτως
3377 4871 3690 4927 ἐπιτελεῖται.

516 4974 584 5016 ac
631 4963 864 5020 solemni
911 4969 1382 5042 cclcberrimoque
1438 4971 1726 5031 Pascltatis
1767 4976 1886 5040 die,
1942 4976 2407 5047 quemadmodum
2446 4974 2827 5045 praescriptum
2871 4980 2977 5027 est.
3023 4968 3180 5036 Quod
3235 4968 3301 5021 ad
3359 4967 3464 5018 alia
3522 4963 3733 5029 mysteria

518 5055 776 5122 Ρθΐῑίηθι,
803 5069 864 5114 ut
893 5061 1145 5132 baptismi
1177 5068 1394 5140 1106
1415 5078 1468 5124 et
1496 5086 1617 5140 qua:
1663 5071 1926 5126 interiora
1983 5085 2135 5140 sunt,
2173 5088 2236 5128 ea
2285 5073 2486 5126 ritibus
2535 5070 2645 5126 illis
2697 5083 2763 5123 ac
2812 5065 3157 5123 caeremoniis
3205 5063 3492 5125 obeuntur,
3540 5068 3645 5126 qua:
3683 5061 3729 5104 ιι

519 5145 816 5218 Evangelio
844 5161 896 5206 et
921 5159 1296 5224 apostolorum
1341 5164 1672 5219 auctoritate
1708 5180 1772 5219 ac
1797 5165 2097 5221 traditione
2136 5163 2399 5235 proiectae
2425 5171 2578 5219 sunt.

591 5269 606 5300 ¹
639 5266 775 5322 Luc.
801 5282 853 5332 v,
901 5267 991 5323 55.

592 5379 704 5458 (96)
739 5379 904 5458 Kazhft
928 5381 1033 5458 τᾲς
1062 5383 1341 5458 σιζοιοῒνάςζ
1373 5384 1504 5450 Qua:
1555 5387 1676 5444 sine
1707 5387 1920 5458 jejunio
1954 5388 2100 5443 cele-

519 5450 821 5523 brabantur
846 5450 1142 5514 Stationes,
1174 5455 1442 5518 συνάξεις,
1469 5466 1527 5510 ιιι
1555 5450 1851 5512 Dominicis
1882 5457 2100 5523 diebus,

523 5521 579 5593 in
619 5522 943 5593 Pentecoste
988 5532 1042 5578 et
1093 5523 1148 5576 in
1207 5523 1529 5593 Epiphania,
1575 5529 1860 5583 matutinis
1900 5521 2103 5583 ﬁebant

522 5588 871 5669 boris._l‘lora
921 5601 1101 5669 autern
1148 5588 1574 5651 absnlvebantur
1610 5614 1774 5664 nona,
1813 5614 1935 5669 quae
1958 5599 2102 5668 jeju-

526 5658 684 5730 niunl
711 5660 983 5730 habebant
1012 5663 1350 5730 adjunctum.

597 5726 716 5840 φη
740 5730 859 5794 Πρὸ
877 5729 996 5782 τῶν
1015 5726 1185 5814 hirci,
1216 5741 1322 5788 ctc.
1366 5734 1660 5815 Pasrliales
1703 5736 1813 5815 illic
1839 5737 2101 5817 denotare

597 5793 785 5840 ttdtes
817 5807 1017 5840 mmtom
1074 5819 1163 5840 nm
1222 5820 1249 5840 ει
1295 5807 1522 5840 aulo-nul
1563 5804 1843 5840 υςιει-Ιιιιιια
1879 5805 1967 5840 .tm
1998 5824 2097 5840 ...._

529 5793 647 5846 vult
667 5793 798 5850 dies
817 5807 1042 5868 septem,
1074 5793 1188 5872 qui,
1221 5820 1252 5858 a
1295 5805 1526 5861 solemni
1563 5804 1845 5862 l’ascbatis
1878 5805 1968 5863 die
1996 5824 2098 5863 nu-

2212 5388 2429 5459 merati,
2465 5389 2760 5459 insequens
2785 5387 3043 5443 desinunt
3063 5386 3117 5441 in
3150 5383 3462 5440 Sabbatum.
3493 5380 3618 5433 Ante
3634 5373 3725 5426 dies

2206 5457 2330 5513 illos
2368 5457 2796 5529 Quadragesima
2823 5468 3094 5529 servatur.
3247 5525 3258 5529 _
3370 5523 3382 5529 _
3573 5517 3584 5528 _
3617 5512 3629 5526 ,
3667 5507 3719 5529 Δ,

2279 5523 2401 5599 (9⁸)
2421 5529 2576 5594 Ἕως
2592 5523 2889 5598 ’ἐσπέραᾳ
2919 5528 3121 5598 Duplex
3140 5597 3150 5599 _
3173 5523 3532 5580 animadverte
3549 5523 3718 5599 jejuna

2205 5583 2399 5669 genus;
2422 5583 2593 5658 aliud.
2617 5583 2773 5669 Quod.
2794 5583 3104 5669 s6Iveb=fwr
3138 5597 3269 5669 hora
3297 5609 3455 5669 ¹¹.⁰¹¹³-’
3483 5583 3656 5669 minus]
3669 5594 3717 5669 Π

2205 5647 2345 5723 ἔῐξῖ
2353 5647 2719 5724 ἶέιῆὲέξείιίὶῖᾱ
2732 5647 2900 5732 iss;
2916 5647 3500 5738 ἱῖῐρἦζιιῖείεοέίιιιειιέ,
3520 5653 3644 5731 quod
3665 5647 3715 5702 ³⁸1

2202 5753 2461 5810 vesperas
2490 5755 2663 5808 usque
2693 5739 3111 5810 producebatur.

2246 5846 2248 5848 τ
2277 5809 2390 5880 (99)
2421 5808 2663 5866 lnCwna
2694 5808 2908 5866 Domini
2939 5809 3126 5866 missa.
