3958 6404
209 413 333 471 8‘29

799 411 1167 470 ADVERSUS
1209 413 1550 470 ΗᾹΞΒΕΒΕΞ
1587 413 1716 470 LIB.
1758 415 1813 469 lll

1918 415 2052 472 'OM.
2097 415 2158 472 ll.
2199 447 2266 457 —
2305 414 2666 472 EXPOSITIO
2703 413 2902 472 FIDE].

3364 415 3469 470 850

296 527 424 584 ΚΓ.
479 527 605 582 Ἐπί
630 527 690 582 δὲ
718 527 828 582 τῶν
854 531 1296 602 τελευτησάντων
1328 534 1426 604 (1),
1452 533 1510 600 ἐξ
1535 534 1798 605 ὀνόματος

1968 534 2156 589 XXIII.
2197 533 2315 588 Jam
2361 550 2493 590 vero
2534 535 2680 606 quod
2712 534 2778 589 ad
2814 540 3061 588 mortuos
3106 537 3341 601 spectat,
3367 546 3469 586 no-

211 620 326 684 τὰς
356 620 573 691 μνήμας
602 619 879 675 ποιοῦνται
897 659 912 685 ,
945 624 1255 693 προσευχὰς
1282 625 1561 690 τελοῦντες
1591 628 1684 679 καὶ
1711 626 1803 678 λα-

213 710 412 780 τρείας
434 711 527 763 καὶ
549 711 860 781 οἰκονομίας
878 725 893 741 ⁸
923 712 1132 766 έωθινοί
1169 730 1229 766 τε
1275 713 1434 783 ὕμνοι
1470 717 1528 768 ὲν
1557 716 1694 786 αὐτῇ
1734 719 1800 788 τῇ

214 798 361 870 ἁγίᾳ.
409 797 706 869 Ἐκκλησία
749 798 1017 869 διηνεκεῖς
1063 799 1303 866 γίνονται
1357 801 1452 853 καὶ
1503 801 1804 872 προσευχαί⁵

214 890 450 944 ὲωθιναὶ
469 929 484 952 ,
511 889 750 959 λυχνικοί
787 907 847 942 τε
873 890 989 960 ἃμα
1019 890 1222 962 ψαλμοὶ
1251 892 1328 962 (Ξ)
1358 893 1452 945 καὶ
1480 892 1799 963 προσευχαί.

218 983 386 1046 Τινὲς
416 981 472 1034 δὲ
495 980 604 1034 τῶν
649 978 988 1050 μοναξόντων
1013 981 1186 1050 αὐτῆς
1217 981 1533 1037 κατοικοῦσι
1571 982 1670 1046 τὰς
1709 983 1804 1035 πό-

216 1073 342 1135 λεις
363 1113 378 1136 ,
409 1072 552 1134 τινὲς
576 1071 633 1123 δὲ
665 1070 758 1124 καὶ
787 1074 844 1124 ὲν
898 1070 1280 1141 μοναστηρίοις
1325 1071 1678 1136 καθέζονται,
1708 1072 1802 1126 καὶ

217 1164 340 1218 ἀπὸ
396 1162 632 1233 μήκοθεν
673 1161 1066 1232 ἀναχωροῦσιν.
1096 1163 1298 1232 Ἥρεσε
1339 1162 1398 1215 δέ
1440 1181 1550 1216 τισι
1592 1164 1684 1216 καὶ
1711 1165 1803 1217 κό-

220 1272 340 1326 μας
365 1254 506 1324 ἔχειν
541 1253 744 1324 τριχῶν
772 1254 957 1306 ἕνεκεν
992 1251 1151 1322 δῆθεν
1199 1252 1491 1319 πολιτείας,
1531 1255 1625 1307 ἀπ’
1671 1255 1800 1308 ἰδίου

219 1347 371 1411 νοὸς,
405 1346 466 1400 ού
498 1346 592 1398 τοῦ
629 1344 964 1413 Εύαγγελίου
995 1345 1417 1416 προστάξαντος,
1442 1345 1504 1398 ού
1536 1347 1644 1398 τῶν
1669 1348 1804 1400 ἀπο-

221 1438 435 1491 στόλων
486 1436 794 1506 δεξαμένων
815 1453 829 1468 ⁸
875 1439 904 1489 ὀ
928 1437 1036 1509 γὰρ
1077 1437 1230 1506 ἆγιος
1269 1435 1564 1500 ἀπόστολος
1592 1436 1803 1504 Παῦλος

215 1529 473 1600 ἀπέκοψε
525 1531 683 1584 τοῦτο
710 1531 772 1584 τὸ
801 1533 1004 1602 σχῆμα.
1045 1533 1164 1585 Εἰσὶ
1201 1533 1260 1585 δὲ
1304 1535 1565 1586 πολιτεῖαι
1611 1533 1758 1587 ἄλλοι
1783 1535 1800 1566 ⁸

217 1620 495 1691 ἐξαίρετοι
536 1624 595 1675 ὲν
619 1625 684 1693 τῇ
713 1623 851 1693 αὐτῇ
895 1623 1157 1696 καθολικῇ
1213 1623 1508 1694 Ἐκκλησία
1540 1623 1802 1694 φυλαττὸ-

223 1728 426 1782 μεναι·
461 1713 606 1783 φημί
644 1713 703 1766 δὲ
743 1713 839 1767 τοῦ
888 1714 1188 1784 ἀπέχεσθαι
1229 1715 1406 1788 κρεῶν
1436 1715 1675 1780 πάντων,
1715 1733 1803 1770 τε-

218 1803 510 1874 τραπόδων
539 1821 598 1857 τε
626 1805 722 1858 καὶ
747 1805 951 1877 ὀρνέων
979 1807 1074 1861 καὶ
1111 1807 1329 1878 ἰχθύων,
1365 1808 1472 1861 ὠοῦ
1501 1825 1559 1860 τε
1585 1809 1680 1862 καὶ
1707 1825 1802 1861 τυ-

223 1892 362 1962 ροῦ·
419 1893 513 1947 καὶ
557 1894 741 1965 ἕτεραι
788 1895 1037 1968 διάφοροι
1090 1898 1388 1963 πολιτεῖαι,
1447 1899 1530 1952 ὅτι
1575 1898 1805 1961 ἕκαστος

221 1982 372 2036 κατά
429 1983 522 2036 τὸν
574 1983 704 2036 ῐδιον
755 1983 999 2056 κάματον
1049 1985 1240 2055 μισθὸν
1290 1986 1555 2058 λήψεται·
1615 1986 1710 2040 καὶ
1755 1987 1804 2038 οἰ

225 2074 332 2144 μὲν
378 2073 673 2143 ἀπέχονται
717 2073 935 2128 πάντων
983 2075 1188 2128 τούτων
1207 2115 1223 2140 ,
1269 2077 1319 2129 οἰ
1364 2076 1422 2129 δὲ
1464 2075 1804 2147 τετραπόδων

227 2163 431 2233 μόνων,
479 2162 810 2233 λαμϐάνουσι
855 2164 914 2218 δὲ
962 2166 1166 2236 ὀρνέων
1209 2167 1302 2220 καὶ
1344 2166 1414 2220 τὰ
1474 2166 1764 2237 μετέπειτα
1789 2181 1802 2194 ⁸

221 2255 406 2326 ἓτεροι
441 2254 496 2308 δὲ
526 2256 619 2308 καὶ
657 2255 860 2327 ὀρνέων
886 2256 1204 2326 ἀπέχονται,
1233 2257 1574 2327 λαμϐάνουσι
1603 2256 1661 2310 δὲ
1684 2255 1805 2309 ὠῶν

225 2346 326 2397 καὶ
361 2344 556 2414 ἰχθύων
581 2359 594 2374 ⁸
641 2345 819 2415 ἕτεροι
847 2345 905 2398 δὲ
933 2346 1054 2398 οὐδὲ
1078 2345 1200 2398 ὠῶν
1229 2345 1595 2416 λαμϐάνουσιν
1614 2361 1627 2375 ⁸
1657 2344 1806 2398 ἄλλοι

223 2435 289 2488 δὲ
321 2434 515 2504 ἰχθύων
541 2434 858 2504 ἀπέχονται,
889 2436 1055 2506 τυροῦ
1094 2437 1151 2488 δὲ
1199 2436 1565 2506 λαμϐάνουσιν
1588 2453 1601 2467 ⁸
1630 2436 1806 2504 ἕτεροι

222 2523 289 2576 δὲ
315 2521 435 2574 οὐδὲ
459 2521 623 2593 τυροῦ
648 2521 1042 2592 λαμϐάνουσιν.
1087 2524 1224 2594 Ἤδη
1250 2525 1306 2577 δὲ
1333 2525 1428 2578 καὶ
1456 2525 1601 2579 ἄλλοι
1640 2524 1805 2595 ἄρτου

223 2610 547 2680 ἀπέχονται,
587 2612 763 2682 ἕτεροι
793 2611 849 2664 δὲ
877 2612 971 2664 καὶ
1019 2613 1335 2684 ἀκροδρύων
1363 2614 1458 2667 καὶ
1485 2615 1802 2685 ἑψημάτων.

226 2701 427 2754 Πολλοί
450 2702 506 2754 δὲ
532 2703 626 2756 καὶ
653 2703 1035 2773 χαμευνοῦσιν,
1075 2704 1223 2757 ἄλλοι
1253 2706 1311 2758 δὲ
1337 2705 1455 2758 οὐδὲ
1488 2707 1807 2760 ύποδέννυν-

225 2809 346 2857 ται,
377 2793 524 2847 ἄλλοι
545 2794 601 2846 δὲ
627 2795 829 2848 σάκκον
860 2793 1083 2865 φοροῦσι
1123 2795 1525 2865 κεκρυμμένον,
1549 2797 1596 2848 οἱ
1629 2795 1809 2859 καλῶς

229 2883 528 2954 φοροῦντες
569 2883 635 2938 δι’
681 2885 881 2955 ἀρετὴν
916 2883 1008 2937 καὶ
1067 2885 1384 2954 μετάνοιαν·
1422 2886 1668 2956 ἀπρεπὲς
1701 2887 1810 2958 γάρ

227 2981 386 3030 ἐστιν
429 2977 486 3028 έν
531 2979 802 3047 προφανεῖ
843 2976 1034 3046 σάκκῳ
1071 2975 1352 3047 προϊέναι,
1393 2975 1467 3039 ὥς
1499 2994 1639 3039 τινες
1669 2977 1810 3030 οὓτω

229 3065 589 3136 πράττουσιν.
631 3065 904 3135 Ἀπρεπὲς
931 3065 1007 3126 δὲ,
1043 3064 1118 3126 ὠς
1150 3064 1383 3134 ἔφημεν,
1413 3066 1505 3117 καὶ
1530 3065 1588 3116 τὸ
1613 3064 1811 3129 κλοιοῖς

228 3151 520 3222 προϊέναι,
565 3151 640 3212 ῶς
681 3168 822 3204 τισιν
865 3151 1041 3215 ἔδοξεν
1063 3169 1076 3182 ·
1108 3154 1155 3204 οἰ
1191 3153 1407 3215 πλείους
1439 3153 1495 3206 δὲ
1532 3153 1808 3222 βαλανείου

225 3241 550 3309 ἀπέχονται.
598 3242 707 3295 Καί
740 3258 884 3305 τινες
921 3243 1260 3308 ἀπετάξαντο
1304 3243 1383 3312 τῷ
1425 3237 1557 3314 ﬂigi,
1621 3245 1809 3315 τέχνας

225 3332 441 3396 λεπτὰς
476 3335 569 3387 καὶ
611 3333 970 3404 ἀπράγμονας
1028 3335 1240 3398 ἑαυτοῖς
1269 3336 1688 3405 ἐπινοήσαντες,
1725 3336 1811 3389 ἵνα

233 3422 320 3494 μὴ
353 3422 518 3493 ἀργὸν
548 3423 661 3492 βίον
698 3421 1005 3500 διατελῶσι,
1041 3422 1174 3494 μηδὲ
1205 3424 1294 3477 τὸν
1320 3425 1482 3493 ἄρτον
1511 3423 1812 3495 βεϐαρημέ-

229 3533 335 3569 νον
394 3514 660 3570 ἐσθίωσιν.
706 3516 794 3569 Ἐν
848 3515 1186 3586 ψαλμῳδίαις
1232 3517 1288 3570 δὲ
1337 3518 1385 3569 οἰ
1433 3516 1678 3583 πλείουςΗ
1719 3517 1815 3570 καὶ

232 3607 434 3677 εὐχαῖς
459 3606 779 3676 διηνεκέσιν,
810 3605 1146 3674 ἀναγνώσεσί
1175 3626 1232 3660 τε
1267 3609 1305 3660 Γ
1310 3607 1495 3678 ραφῶν
1525 3609 1694 3676 ἁγίων
1723 3609 1814 3662 καὶ

235 3697 676 3768 ἀποστηθισμοῖς
704 3695 1017 3751 ἀσκοῦνται.
1566 3685 1570 3698 ’
1793 3689 1796 3692 ’

1905 627 2152 679 minatim
2185 626 2402 679 illorum
2434 626 2636 681 mentio
2685 625 2761 689 (it,
2797 640 2861 678 ac
2891 640 3079 694 preces
3105 633 3159 679 et
3198 623 3468 679 sacriﬁcia

1903 717 2267 787 mysteriaq‘ne
2285 715 2718 785 frequentantur.
2736 714 3009 769 Matutinaa
3030 717 3254 783 insuper
3277 713 3470 769 laudes

1904 809 1956 860 in
2009 806 2250 862 Ecclesia
2284 807 2552 862 catholica
2604 805 2989 876 matutinaeque
3027 821 3217 875 preces
3249 806 3472 861 assiduo

1897 899 2278 964 celebrantur;
2330 897 2637 951 lucernales
2683 897 2809 957 item
2853 895 3046 966 psalmi
3085 903 3138 950 et
3167 897 3466 951 orationes.

1902 987 2070 1042 Porro
2121 987 2514 1042 monachorum
2565 988 2659 1041 alii
2706 988 2761 1041 in
2813 985 3043 1041 urbibus
3093 986 3316 1056 degunt,
3375 985 3468 1039 alii

1903 1079 1958 1132 in
2005 1079 2350 1132 monasteriis
2394 1078 2660 1142 habitant,
2697 1085 2752 1132 et
2795 1077 2862 1131 ab
2895 1076 3177 1130 hominum
3214 1075 3471 1146 frequen-

1905 1170 1977 1222 tia
2036 1169 2251 1238 longius
2299 1167 2622 1224 abscedunt.
2675 1167 2971 1221 Nonnullis
3024 1182 3154 1222 vero
3212 1167 3472 1235 prolixior

1903 1274 2057 1314 coma
2080 1245 2300 1330 placuit,
2327 1258 2619 1313 sanctioris
2643 1257 2895 1312 videlicet
2921 1256 3158 1311 instituti
3180 1271 3389 1311 causa:
3420 1254 3474 1309 id

1906 1349 2052 1420 quod
2082 1358 2273 1419 suapte
2293 1350 2590 1410 voluntate,
2622 1348 2739 1402 sine
2759 1346 3032 1413 Evangelii
3063 1356 3352 1417 praecepto,
3376 1355 3471 1400 aut

1904 1441 2274 1510 apostolorum
2335 1440 2726 1509 approbatione
2769 1437 3012 1504 faciunt;
3073 1452 3198 1490 nam
3247 1444 3476 1493 sanctus

1903 1533 2185 1600 apostolus
2212 1530 2416 1585 Paulus
2436 1532 2659 1584 formam
2684 1527 2951 1598 ejusmodi
2975 1535 3137 1598 atque
3157 1528 3360 1582 cultum
3382 1529 3478 1583 ab-

1904 1620 2108 1675 dicavit
2134 1622 2175 1674 '.
2210 1621 2349 1675 Sunt
2386 1629 2440 1675 et
2472 1621 2577 1674 alia
2612 1620 2667 1674 in
2699 1621 2885 1674 eadem
2920 1619 3190 1673 catholica
3225 1619 3470 1674 Ecclesia

1906 1713 2158 1768 instituta
2199 1711 2416 1767 vivendi
2472 1711 2834 1780 praestantia:
2871 1711 3152 1774 nimirum,
3195 1709 3338 1780 quod
3383 1709 3474 1764 alii

1906 1806 2164 1861 carnibus
2193 1812 2418 1874 prorsus
2451 1803 2782 1864 abstineant,
2830 1809 2938 1854 tam
2975 1801 3384 1870 quadrupedum
3422 1807 3478 1854 et

1907 1895 2090 1949 avium
2122 1909 2284 1964 quam
2313 1893 2569 1963 piscium,
2603 1907 2705 1947 nec
2735 1905 2844 1946 non
2876 1890 2996 1945 ovis
3028 1905 3094 1944 ae
3120 1905 3302 1945 caseo.
3334 1888 3474 1942 Tum

1907 1986 2013 2039 alia
2037 1993 2166 2038 sunt
2192 1986 2317 2039 vita:
2338 1999 2558 2054 genera,
2591 1989 2878 2052 propterea
2912 1981 3060 2050 quod
3101 1980 3480 2054 unusquisque

1907 2074 2206 2131 secundum
2253 2074 2536 2145 proprium
2568 2074 2828 2128 laborem.
2849 2071 3152 2125 mercedem
3184 2053 3413 2140 accipiet
3433 2071 3477 2124 ³.

1906 2164 2079 2234 Igitur
2109 2171 2239 2219 sunt
2268 2165 2360 2234 qui
2393 2163 2502 2217 illis
2531 2162 2787 2215 omnibus
2827 2159 3175 2223 abstineant;
3207 2158 3297 2212 alii
3345 2172 3482 2227 qua-

1909 2254 2251 2326 drupedibus
2273 2255 2558 2314 duntaxat,
2589 2251 2682 2307 sed
2714 2251 2906 2305 avibus
2930 2265 2993 2302 ac
3020 2249 3230 2303 caeteris
3256 2264 3483 2303 vescun-

1911 2358 2041 2410 tur;
2077 2346 2168 2400 alii
2193 2347 2354 2400 etiam
2388 2345 2454 2397 ab
2483 2343 2672 2397 avibus
2710 2347 3049 2411 temperant,
3090 2354 3188 2391 ova
3218 2348 3271 2393 et
3302 2339 3480 2408 pisces

1909 2435 2200 2498 adhibent;
2221 2433 2309 2486 alii
2328 2432 2489 2488 etiam
2511 2445 2612 2485 ova
2637 2428 2941 2498 repudiarit.
2963 2425 3101 2478 Sunt
3121 2425 3212 2493 qui
3237 2422 3482 2492 piscibus

1909 2527 2225 2580 abstinent:
2256 2525 2349 2592 qui
2382 2531 2562 2576 tamen
2611 2534 2830 2574 caseum
2861 2518 2965 2572 sibi
2995 2515 3334 2586 permittunt.
3369 2511 3476 2564 Alii

1908 2633 2038 2672 vero
2071 2630 2233 2670 caseo
2268 2629 2376 2668 non
2425 2619 2673 2666 utuntur.
2713 2607 2984 2664 Praiterea
3032 2604 3252 2674 quidam
3283 2619 3311 2657 a
3344 2616 3486 2672 pane

1910 2707 2222 2760 abstinent:
2258 2702 2478 2771 quidam
2509 2701 2577 2753 ab
2603 2699 2857 2751 arborum
2897 2694 3166 2748 fructibus
3211 2699 3264 2746 et
3308 2691 3485 2744 coctis

1910 2795 2188 2851 omnibus.
2209 2791 2462 2860 Plerique
2486 2788 2633 2842 humi
2656 2787 2926 2846 cubitant,
2949 2784 3040 2837 alii
3071 2782 3231 2836 nudis
3257 2779 3487 2850 pedibus

1912 2901 1975 2939 ac
1997 2887 2116 2939 sine
2136 2880 2525 2937 calceamentis
2549 2880 2824 2942 incedunt,
2847 2876 2934 2928 alii
2957 2874 3230 2928 occultum
3250 2870 3487 2923 eilicium

1915 2977 2119 3038 ferunt,
2151 2974 2241 3042 qui
2277 2975 2328 3025 id
2359 2971 2723 3030 laudabiliter,
2757 2967 2976 3022 virtutis
3006 2963 3214 3020 scilicet
3246 2968 3340 3014 aut
3374 2975 3491 3028 pm-

1919 3067 2158 3120 nitentia:
2181 3079 2368 3123 causa,
2400 3062 2614 3125 ferunt;
2645 3075 2768 3114 nam
2796 3057 3034 3112 cilicium
3069 3054 3244 3123 palam
3282 3066 3347 3104 ac
3376 3064 3490 3117 pne

1915 3171 1974 3211 se
2025 3153 2166 3207 ferre
2213 3153 2394 3206 minus
2441 3151 2698 3204 decorum
2738 3147 2974 3210 videtur,
3023 3142 3167 3212 quod
3203 3140 3491 3194 instituere

1924 3243 2192 3299 nonnulli.
2243 3241 2427 3311 Neque
2484 3241 2607 3309 plus
2637 3238 2850 3293 decoris
2890 3236 3072 3297 habet,
3117 3240 3177 3286 ut
3222 3231 3488 3293 diximus,

1925 3336 2071 3406 quod
2103 3335 2385 3390 nonnullis
2413 3333 2588 3386 visum
2617 3337 2722 3393 est,
2753 3344 2875 3382 cum
2912 3324 3144 3380 vinculis
3182 3323 3323 3376 collo
3353 3319 3490 3372 indi-

1916 3427 1988 3480 tis
2034 3424 2304 3478 incedere.
2345 3421 2450 3476 Sed
2483 3435 2643 3490 quam
2673 3416 2889 3488 plurimi
2937 3414 3157 3468 balneas
3211 3421 3492 3477 nunquam

1921 3515 2124 3570 vident.
2158 3513 2409 3567 Nonnulli
2443 3511 2643 3566 saeculo
2672 3509 2744 3562 ita
2769 3503 3173 3564 renuntiarunt,
3215 3507 3276 3552 ut
3321 3498 3495 3554 levio.

1920 3622 2011 3662 res
2055 3604 2316 3674 quasdam
2349 3610 2495 3656 artes
2523 3615 2586 3654 ac
2615 3599 2796 3652 minus
2849 3591 3158 3661 negotiosas
3205 3587 3310 3643 sibi
3359 3586 3494 3656 ipsis

1915 3698 2328 3768 ‘excogitarent,
2393 3708 2464 3747 ne
2514 3701 2725 3745 :rtatem
2769 3689 2824 3741 in
2889 3683 3002 3739 otio
3049 3680 3348 3750 degerent,
3407 3687 3494 3733 aut

235 3789 430 3844 cibum
460 3805 582 3843 cum
625 3791 947 3860 cujusquam
984 3788 1325 3842 incommodo
1387 3797 1684 3844 sumerent.
1742 3789 1930 3860 Magna
1961 3804 2089 3843 vero
2125 3803 2192 3842 ex
2229 3793 2381 3855 parte
2414 3785 2468 3838 in
2518 3779 2875 3838 deeantandis
2928 3774 3155 3846 psalmis
3205 3789 3271 3830 ac
3319 3773 3493 3827 conti-

238 3883 377 3937 nuis
423 3883 762 3937 orationibus
804 3889 857 3937 et
900 3889 1213 3937 sanctarum
1258 3879 1665 3950 Scripturarum
1720 3882 2067 3945 lectionibus,
2135 3878 2436 3947 iisdemque
2473 3875 2784 3930 memoriter
2813 3866 3255 3942 pronuntiandis,
3293 3868 3496 3936 seipsns

237 3980 524 4031 exercent.

319 4066 446 4118 ΚΝ.
482 4064 615 4135 Περὶ
642 4063 699 4116 δὲ
724 4061 1023 4133 ξενοδοχίας
1051 4063 1144 4116 καὶ
1166 4062 1571 4135 φιλανθρωπίας
1601 4061 1820 4131 ἐλεημο-

243 4156 418 4227 σύνης
468 4172 528 4207 τε
566 4157 644 4218 εἰς
685 4155 926 4217 πάντας,
977 4155 1138 4208 πᾶσιν
1192 4155 1220 4205 ὁ
1255 4156 1355 4224 τῆς
1406 4153 1566 4221 ἁγίας
1617 4151 1820 4220 ταύτης

242 4248 543 4316 καθολικῖμς
590 4247 684 4300 καὶ
730 4246 1089 4316 ἀποστολικῖκ
1135 4245 1456 4314 Ἐκκλησίας
1486 4243 1693 4315 καρπὸς
1731 4260 1821 4296 κε-

245 4341 545 4411 κήρυκται.
576 4337 650 4390 Τὸ
677 4337 732 4390 δὲ
754 4337 978 4408 λουτρὸν
1007 4339 1117 4408 ἔχει
1142 4338 1258 4390 ἀντὶ
1285 4337 1386 4406 τῆς
1424 4333 1822 4403 παλαιωθείσης

246 4429 556 4500 περιτομῆς
600 4429 656 4480 ὲν
684 4426 905 4499 Χριστῷ
927 4441 942 4457 ⁸
972 4425 1362 4481 διαναπαύεται
1396 4429 1452 4479 ὲν
1488 4424 1566 4494 τῷ
1605 4422 1822 4494 μεγάλῳ

2002 4051 2212 4122 1107
2249 4049 2438 4103 XXIV.
2487 4047 2606 4102 Jam
2645 4061 2774 4101 vero
2814 4046 3200 4117 hospitalitatis
3231 4054 3283 4100 et
3318 4045 3497 4100 Imma-

1926 4145 2113 4198 nitatis
2150 4152 2203 4197 et
2235 4140 2289 4194 in
2324 4154 2514 4194 omnes
2564 4153 2828 4208 pauperes
2870 4139 3241 4193 beneﬁcentiae
3288 4137 3497 4192 fructus

1927 4231 2023 4286 toti
2079 4229 2361 4284 catholica}
2409 4235 2463 4282 et
2510 4227 2821 4296 apostolica:
2874 4227 3134 4280 Ecclesia:
3192 4225 3497 4278 communis

1927 4322 2180 4378 omnibus
2229 4329 2313 4374 est
2357 4317 2622 4372 indicms.
2682 4313 2881 4368 Eadem
2943 4329 3071 4367 vero
3121 4311 3362 4366 Ecclesi'a
3397 4325 3496 4381 pro
3539 4325 3581 4342 "

1929 4414 2168 4467 obsoleta
2214 4411 2304 4464 illa
2345 4408 2398 4462 in
2430 4407 2646 4462 Christo
2701 4405 3118 4458 circumcisione
3163 4403 3493 4472 baptismum

251 4487 684 4587 σαϐϐάτῳῖἀντῖ
711 4487 803 4569 τιοῦ
851 4487 1045 4586 μικροῦ
1078 4515 1368 4569 σαϐϐάτου.
1401 4487 1696 4583 Ἀπέχεται-
1715 4487 1813 4563 κοίη

1933 4502 2178 4572 accepit:
2220 4515 2283 4554 ac
2313 4515 2411 4570 pro
2451 4497 2644 4566 exiguo
2691 4494 2949 4556 Sabbato,
2998 4491 3222 4561 majoris
3271 4488 3495 4544 Sabbati

249 4607 457 4671 νωνίας
505 4607 756 4660 ἁπάντων
805 4607 1067 4674 αἱρέσεων
1090 4621 1105 4637 ⁸
1154 4605 1520 4676 ἀποκηρύττει
1553 4602 1826 4674 πορνείαν,

255 4701 358 4755 καὶ
412 4698 675 4769 μοιχείαν,
710 4699 804 4752 καὶ
881 4698 1187 4766 ἀσέλγειαν,
1233 4699 1327 4751 καὶ
1368 4693 1828 4766 εἰδωλολατρείαν,

255 4790 359 4845 καὶ
383 4789 559 4857 φόνον.
593 4790 687 4842 καὶ
719 4777 908 4843 πᾶσαν
922 4788 1283 4861 παρανομίαν,
1316 4787 1409 4840 καὶ
1439 4785 1688 4856 μαγείαν,
1737 4784 1832 4837 καὶ

258 4882 612 4953 φαρμακείαν
636 4925 652 4950 ,
697 4882 1090 4954 ἀστρονομίαν,
1131 4880 1520 4953 κληδονισμοὺς
1547 4917 1564 4944 ,
1603 4877 1832 4946 παλμῶν

339 5039 357 5072 ⁸
384 5036 446 5094 F.
480 5039 657 5093 ἄλλαι.
733 5039 754 5069 ²
787 5036 808 5091 l
846 5037 973 5094 Cor.
1010 5052 1088 5104 ιι,
1121 5038 1177 5093 4.
1253 5037 1274 5069 ³
1302 5036 1324 5092 ι
1354 5035 1480 5092 Cor.
1514 5042 1596 5100 ιιι,
1628 5033 1683 5090 8.

337 5197 414 5266 (l)
444 5196 573 5251 Ἐπὶ
602 5197 670 5250 δὲ
690 5194 809 5249 τῶν
835 5193 1345 5266 τελευτησάντων.
1371 5188 1577 5266 Petavii
1597 5186 1839 5266 animad-

259 5257 515 5324 versione
566 5267 798 5334 insignis
857 5280 922 5320 ac
972 5257 1341 5334 memorabilis
1381 5262 1530 5334 locus
1565 5260 1654 5334 hic
1704 5257 1836 5334 Epi-

263 5338 452 5408 phanii
475 5327 754 5408 habendus
796 5344 902 5398 est,
941 5334 996 5388 in
1028 5347 1136 5401 quo
1171 5333 1352 5408 agitur
1385 5331 1453 5408 de
1492 5327 1834 5408 orationibus

259 5399 318 5462 et
379 5406 686 5476 sacriﬁciis,
718 5420 837 5476 quae
864 5419 985 5476 pro
1017 5399 1246 5476 mortuis
1281 5399 1649 5476 ab_E_cc_IeSI_a
1696 5415 1838 5476 cere:

263 5478 518 5530 brantur.
554 5467 751 5529 Fusius
779 5467 968 5528 eadem
1003 5471 1069 5525 de
1114 5486 1171 5524 re
1198 5471 1336 5524 idem
1357 5468 1697 5539 Epiphanius
1726 5467 1837 5539 agit

263 5557 320 5601 et
346 5547 398 5599 in
422 5547 627 5607 haeresi,
643 5547 728 5605 75,
763 5559 912 5598 num.
947 5542 998 5606 7,
1034 5556 1154 5609 ωιτη
1195 5534 1418 5594 Ιιτιετεεὶἐ
1450 5534 1533 5592 est
1561 5534 1834 5609 Aeriia’Eg

264 5616 549 5686 ὀνόματος,
581 5615 898 5686 nominatim
945 5607 1286 5686 mortuorum
1343 5609 1667 5686 mentionem
1717 5607 1832 5686 ﬁeri

267 5688 323 5740 in
350 5675 892 5754 sacris'peragendis,
923 5681 1123 5754 quibus
1151 5680 1259 5734 illis
1288 5679 1637 5754 suﬂ'ragetur,
1664 5675 1829 5754 tradit

270 5747 608 5825 Epiphanius
631 5747 743 5808 tu'm
763 5754 815 5807 in
845 5747 1128 5825 praesenti,
1147 5758 1264 5825 tum
1294 5747 1594 5802 memorato
1623 5747 1682 5825 in
1707 5747 1826 5798 loco

269 5816 488 5882 Arianae
516 5824 803 5894 haereseos,
842 5816 952 5896 quo
981 5821 1051 5879 de
1086 5822 1194 5877 ritu
1223 5818 1399 5895 Deum
1427 5816 1687 5874 exoraudi
1724 5829 1824 5886 pro

1932 4599 2170 4670 quietem
2205 4594 2460 4649 admittit.
2498 4590 2580 4644 Ab
2621 4587 2862 4643 omnium
2915 4585 3192 4639 haereseon
3250 4595 3495 4634 commu-
3589 4636 3592 4640 ,

1935 4696 2098 4748 nione
2136 4706 2196 4746 se
2242 4695 2534 4760 segregat:
2566 4684 2970 4740 fornicationem
2997 4721 3011 4746 ,
3059 4677 3384 4734 adulterium
3434 4690 3496 4730 ac

1936 4784 2214 4840 libidinem
2263 4780 2553 4852 proscribit
2602 4776 2853 4840 omnem,
2927 4774 3054 4827 item
3114 4764 3494 4830 idololatrian},

1937 4873 2313 4937 homicidium,
2343 4872 2684 4943 iniquitatem
2705 4880 2955 4929 .omnem,
3013 4861 3287 4917 maleﬁcas
3330 4865 3502 4924 artes,

1944 5183 2179 5240 mortuis
2211 5177 2420 5241 confer,
2460 5187 2582 5245 quae
2631 5167 2956 5245 T_hom_asius
3008 5165 3224 5245 collegit
3259 5173 3502 5245 veterum

1945 5235 2270 5308 documenta
2311 5235 2513 5303 eximio
2571 5245 2621 5298 in
2662 5239 2943 5294 Breviculo
2995 5237 3411 5308 veteris__inoris
3445 5235 3500 5308 in

1943 5303 2308 5380 celebratione
2332 5317 2620 5369 missarum
2640 5309 2771 5364 edit.
2798 5317 2998 5364 nostra}
3027 5305 3282 5369 tom.Vli,
3301 5319 3422 5373 pag.
3444 5303 3497 5367 1,

1943 5410 1996 5448 ει
2025 5407 2146 5445 ams
2180 5398 2304 5443 mue
2332 5383 2698 5453 sequentibus.
2774 5451 2785 5453 _
2881 5447 2891 5453 ,
2939 5445 2961 5453 _
3190 5443 3203 5453 ,
3401 5438 3413 5453 .
3475 5434 3487 5453 ε

2012 5438 2481 5528 ’λινχῖοἶκήοίτε
2516 5452 2631 5520 ἅμα
2665 5447 2908 5528 ψαλμοί.
2939 5438 3492 5528 Lucernalesps‘almi

1941 5511 2369 5600 qtt‘i—ves—péi-tino
2420 5511 2685 5600 tempore"
2702 5511 3094 5600 recitabantur.
3123 5527 3230 5600 quo
3255 5511 3500 5600 lucer'nae

1935 5574 2620 5669 Sp'lls'éFé'fiEmineuride
2638 5597 2685 5644 et
2697 5586 3085 5669 Xesw'rtinnm
3109 5574 3378 5669 logieiu‘mn

1933 5649 2455 5723 £56.};i.ihr€éieres
2485 5661 2678 5713 dixere.
2697 5649 2833 5711 Vide
2844 5670 2962 5723 qua:
2988 5650 3126 5720 apud
3147 5649 3499 5723 Thomasinm

1930 5714 2489 5793 {.B'gi.¥i.};}"'c5".i'o.‘ic
2545 5745 2641 5782 non
2705 5714 2875 5782 smne]-
2913 5714 3203 5779 occurrant
3261 5714 3500 5788 Operam

1925 5809 2072 5866 illius
2103 5806 2377 5864 volumine
2400 5804 2454 5858 in
2482 5799 2723 5858 secundo.
