3958 6452
465 418 562 474 831

1870 410 1928 467 S.
1969 407 2312 467 EPIPHAN“

466 533 749 599 veneficia,
796 530 1212 596 astronomiam,
1265 529 1520 602 auguria,
1567 528 1910 595 sortitiones,
1961 531 2048 584 in-

2171 527 2598 601 ταρατηρήσεις,
2645 521 2923 585 ἑπαοιδίας
2943 559 2958 586 ,
2995 519 3268 591 περίαπτα
3293 556 3309 583 ,
3339 517 3408 571 τὰ
3437 516 3501 586 δὴ
3526 517 3699 571 καλού-

468 630 832 694 cantationes,
884 626 1146 689 amuleta,
1197 640 1324 696 qua:
1373 623 1711 694 phylacteria
1759 630 2046 677 vocantur.

469 719 553 773 Ad
597 720 746 784 haec,
795 717 1015 772 theatra
1053 724 1108 771 et
1139 723 1426 786 equestres
1463 715 1622 769 ludos
1649 722 1704 768 et
1732 715 2051 771 venationes

472 826 537 866 ac
584 810 832 866 musicos
871 809 1116 874 damnat,
1144 816 1199 862 et
1228 806 1662 862 maledicentiam
1688 821 1925 872 onmem,
1954 805 2051 861 de-

473 903 826 968 tractionem,
864 915 1104 972 pugnam
1157 907 1323 968 atque
1374 899 1575 960 rixam,
1633 897 2051 968 blasphemiam,

475 993 760 1062 injuriam,
795 990 1084 1045 avaritiam
1131 998 1184 1043 et
1221 1002 1467 1042 usuram.
1519 985 1900 1056 Negotiatores
1942 1000 2055 1042 non

476 1066 772 1138 admodum
817 1083 1034 1152 probat,
1079 1080 1173 1136 sed
1202 1080 1258 1134 in
1286 1078 1530 1133 omnium
1562 1077 1749 1132 infimo
1778 1077 1897 1132 loco
1924 1092 2057 1132 con-

482 1173 682 1230 stituit.
737 1170 1059 1227 Oblationes
1113 1169 1180 1223 ab
1232 1169 1340 1232 bis,
1395 1168 1488 1237 qui
1538 1168 1740 1236 injuria
1783 1169 2056 1224 neminem

485 1265 794 1330 aﬂ'eperint,
839 1277 1018 1333 neque
1051 1262 1233 1318 scelus
1272 1260 1494 1330 aliquod
1526 1261 1918 1330 perpetrarint,
1959 1261 2057 1316 sed

477 1355 628 1425 juste
670 1355 838 1410 vitam
878 1353 1194 1418 instituant,
1234 1351 1494 1406 admittit.
1535 1351 1737 1406 Preces
1779 1351 1848 1405 ad
1890 1351 2056 1407 Deum

480 1446 705 1502 assidue
731 1445 1062 1514 easdemque
1091 1443 1572 1512 frequentissimas
1619 1457 1684 1496 ac
1731 1442 1950 1498 sedulas
2002 1449 2060 1497 et

482 1553 610 1593 cum
641 1535 1020 1608 genuﬂexione
1067 1535 1124 1589 in
1170 1534 1490 1590 constitutis
1537 1535 1752 1599 diebus,
1805 1542 1974 1589 noctu
2007 1543 2061 1590 et

480 1629 720 1684 interdiu
775 1626 1006 1682 fundere
1059 1627 1324 1698 przecipit.
1379 1625 1554 1682 Porro
1613 1625 1945 1697 quibusdam
2002 1627 2059 1682 in

482 1719 616 1774 locis
666 1718 811 1773 sacri
840 1725 1142 1774 conventus
1170 1728 1225 1774 et
1247 1733 1483 1790 synaxes
1505 1718 1668 1773 etiam
1699 1719 1945 1775 sabbatis
1973 1718 2058 1774 in—

480 1809 759 1864 dicuntur.
801 1807 937 1864 Illud
968 1824 1101 1866 vero
1138 1823 1250 1864 non
1289 1809 1358 1864 ab
1398 1809 1679 1874 omnibus,
1723 1809 1818 1865 sed
1848 1825 1878 1864 a
1909 1825 2050 1881 prae-

2157 638 2294 692 μενα
2329 619 2692 689 φυλακτήρια.
2739 612 3136 686 Ἀποκηρύσσει
3175 611 3373 684 θέατρα
3395 652 3410 675 ,
3441 611 3534 663 καὶ
3563 610 3699 662 ἱππι-

2153 713 2286 776 κοὺς
2305 750 2321 776 ,
2365 711 2459 765 καὶ
2493 710 2729 780 κυνήγια
2750 747 2766 772 ,
2820 703 3112 776 μουσικούς
3143 720 3203 756 τε
3233 703 3328 758 καὶ
3353 703 3529 755 πᾶσαν
3551 717 3700 752 κατω-

2155 804 2342 873 λογίαν
2400 802 2494 856 καὶ
2554 798 2884 854 καταλαλιὰν
2911 839 2926 864 ,
2985 796 3082 851 καὶ
3135 796 3317 848 πᾶσαν
3371 792 3547 863 μάχην
3564 831 3582 856 ,
3623 791 3705 844 καὶ

2157 895 2509 966 βλασφημίαν
2533 932 2549 956 ,
2585 891 2798 946 ἀδικίαν
2829 907 2890 944 τε
2921 887 3017 943 καὶ
3048 883 3388 951 πλεονεξίαν,
3436 883 3532 936 καὶ
3571 897 3706 934 τοκο-

2153 988 2373 1058 ληψίαν.
2409 982 2844 1060 Πραγματευτὰς
2895 981 2998 1034 οὐκ
3041 977 3360 1047 ἀποδέχεται
3382 1014 3399 1040 ,
3438 972 3571 1029 me
3594 973 3709 1026 ὐπο-

2153 1078 2469 1148 δεεστὲρους
2529 1077 2748 1130 πάντων
2806 1075 3044 1142 ἡγεῖται.
3092 1068 3413 1142 Προσφορὰς
3467 1065 3711 1135 λαμϐάνει

2157 1171 2311 1242 παρὰ
2357 1170 2466 1224 τῶν
2519 1169 2620 1223 οὐκ
2669 1166 3000 1222 ἀδικούντων
3023 1203 3038 1227 ,
3095 1161 3217 1216 οὐδὲ
3254 1155 3708 1230 παρανομούντων,

2157 1261 2293 1315 ἀλλὰ
2341 1259 2563 1322 δικαίως
2611 1257 2890 1328 βιούντων.
2920 1252 3100 1325 Εύχὰς
3145 1251 3202 1304 δὲ
3244 1247 3532 1318 ἐνδελεχῶς
3562 1261 3711 1316 προσ-

2157 1349 2416 1403 τάσσεται
2473 1345 2612 1417 μετὰ
2671 1345 2853 1416 πάσης
2918 1342 3252 1412 πυκνύτητος
3295 1339 3387 1392 καὶ
3431 1334 3714 1400 ἐκτενείας,

2159 1441 2254 1494 καὶ
2313 1437 2661 1507 γονυκλισίας
2721 1437 2779 1488 ὲν
2849 1434 2970 1496 ταῖς
3028 1429 3391 1501 τεταγμέναις
3464 1425 3714 1497 ἡμέραις,

2159 1529 2375 1600 νύκτωρ
2400 1528 2494 1582 καὶ
2527 1527 2644 1598 μεθ’
2672 1525 2885 1597 ἡμέραν
2931 1522 3278 1593 ἀναπέμπειν
3313 1516 3454 1589 Θεῷ.
3496 1517 3592 1570 Ἔν
3625 1532 3718 1569 τισι

2159 1619 2214 1674 δὲ
2235 1619 2422 1682 τόποις
2457 1618 2552 1672 καὶ
2574 1618 2632 1670 ὲν
2661 1618 2773 1679 τοῖς
2807 1613 3042 1670 σάϐϐασι
3090 1609 3336 1676 συνάξεις
3359 1605 3681 1662 ὲπιτελοῦσιν
3704 1622 3715 1634 ·

2160 1711 2223 1764 ού
2264 1709 2442 1780 πάντη
2485 1709 2545 1763 δὲ
2568 1747 2584 1774 ,
2617 1707 2754 1762 ἀλλὰ
2782 1705 2935 1776 παρὰ
2969 1706 3081 1767 τοῖς
3112 1701 3379 1773 ἅκρέμοσι
3413 1698 3720 1768 φυλάσσεται

2162 1802 2226 1856 τὸ
2265 1802 2341 1875 μὴ
2371 1801 2597 1874 ὀμνύναι
2641 1800 2776 1862 ὅλως
2799 1837 2814 1862 ,
2846 1797 2980 1868 μηδὲ
3003 1793 3440 1868 λοιδορήσασθαι,
3481 1791 3610 1862 μηδὲ
3637 1806 3721 1843 κα·

482 1898 848 1956 stantioribus
897 1899 1245 1962 observatur,
1305 1906 1364 1954 ut
1412 1912 1484 1953 ne
1525 1897 1772 1968 dejercnt
1815 1878 2062 1964 omnino,

2171 1891 2471 1962 ταρᾶσθαι,
2520 1892 2585 1944 ὲκ
2631 1888 3055 1962 προστάγματος
3111 1882 3277 1938 αὐτοῦ
3316 1879 3412 1934 τοῦ
3455 1878 3721 1968 Σωτῆρος.

483 2005 664 2061 neque
714 1987 1026 2045 convicium
1071 1989 1328 2060 cuiquam
1373 1987 1597 2054 faciant,
1627 1996 1724 2043 aut
1752 1989 2063 2059 imprecen-

485 2092 594 2149 tur,
631 2089 732 2154 p'ro
765 2095 832 2138 eo
857 2096 922 2136 ac
954 2081 1203 2136 Salvator
1243 2079 1455 2151 jussit:
1487 2079 1736 2150 adeoque
1779 2079 1962 2149 quoad
2008 2079 2065 2135 in

485 2174 623 2244 ipsis
679 2175 848 2229 situm
905 2181 1030 2239 est,
1084 2187 1364 2244 nunquam
1417 2171 1646 2227 omnino
1701 2172 2059 2228 mentiantur.

483 2267 740 2337 Plerique
788 2280 918 2321 vero
957 2265 1100 2322 bona
1143 2279 1245 2322 sua
1289 2263 1533 2322 vendunt
1570 2272 1628 2320 et
1669 2263 1728 2320 in
1795 2277 2068 2335 pauperes

485 2355 855 2414 distribuunt.

554 2466 724 2525 XXV.
761 2466 962 2522 Forma
988 2466 1211 2538 quidem
1235 2480 1303 2521 ac
1330 2473 1461 2522 nota
1485 2465 1749 2523 Ecclesiae
1778 2467 2071 2524 catholicae

484 2566 573 2616 est
617 2558 914 2630 ejusmodi,
939 2574 1065 2615 cum
1105 2573 1171 2615 ea
1223 2558 1350 2618 fidei
1402 2558 1637 2615 formula
1685 2575 1853 2632 quam
1903 2575 2070 2632 supra

486 2648 914 2719 proposuimus;
965 2654 1021 2703 et
1062 2646 1146 2702 hae
1193 2647 1341 2718 leges
1380 2661 1446 2702 ac
1486 2649 1707 2704 decreta
1747 2649 1803 2704 in
1834 2664 1899 2705 ea
1928 2651 2072 2706 cele-

489 2739 738 2794 brantur.
766 2737 891 2794 [lac
913 2749 1024 2805 est,
1051 2737 1298 2808 inquam,
1327 2737 1589 2794 Ecclesiae
1622 2739 1798 2794 forma
1825 2755 1893 2796 ex
1929 2741 2068 2811 lege,

497 2828 804 2899 prephetis,
857 2828 1122 2900 apostolis
1160 2835 1216 2884 et
1258 2830 1611 2901 evangelistis
1643 2831 1919 2887 conflata:
1951 2845 2074 2902 quae

490 2921 754 2990 exquisiti
797 2919 1088 2992 cujusdam
1132 2920 1367 2975 antidoti
1429 2922 1606 2978 instar
1651 2932 1757 2991 est,
1784 2938 1850 2979 ex
1885 2925 2073 2980 multis

495 3011 793 3082 unguentis
844 3011 912 3066 ad
961 3026 1152 3066 eorum
1206 3012 1440 3068 salutem
1491 3013 1588 3085 qui
1637 3014 1720 3068 uti
1767 3015 2069 3083 voluerint,

498 3101 740 3158 confecti
769 3103 838 3158 de
869 3103 1155 3158 voluntate
1208 3101 1389 3160 Patris
1434 3110 1490 3160 et
1537 3102 1662 3159 Filii
1709 3119 1774 3160 ac
1829 3104 2073 3177 Spiritus

2171 1987 2307 2054 μήτε
2373 1982 2481 2054 μὴν
2535 1980 2842 2052 ψεύσασθαι
2901 1979 3027 2030 ὅσον
3077 1974 3216 2029 κατὰ
3267 1972 3332 2027 τὺ
3386 1969 3624 2025 δυνατόν.
3671 1967 3724 2020 οι

2167 2074 2385 2138 πλείους
2417 2073 2476 2128 δὲ
2509 2073 2882 2144 πιπράσκουσι
2925 2068 2996 2124 τὰ
3037 2065 3350 2138 ὑπάρχοντα
3394 2062 3494 2116 xui.
3541 2059 3724 2114 διδόασι

2167 2167 2426 2237 πτωχοῖς.

2240 2477 2371 2534 KE'.
2411 2464 2581 2540 Οὗτος
2611 2475 2640 2529 6
2676 2471 2969 2547 χαρακτὴρ
3011 2470 3216 2541 ταύτης
3265 2467 3367 2538 τῆς
3413 2465 3573 2536 ἁγίας
3610 2465 3729 2536 μετὰ

2169 2563 2269 2640 τῆς
2293 2565 2732 2640 προδηλωθείσης
2764 2563 3038 2631 πίστεως,
3072 2563 3167 2617 καὶ
3197 2552 3345 2614 οῦτοι
3386 2559 3440 2612 οἱ
3473 2555 3654 2626 θεσμοὶ
3681 2556 3729 2608 ὲν

2171 2662 2309 2734 αὐτῇ
2339 2660 2720 2731 ἀναφέρονται.
2755 2651 2925 2718 Οὗτος
2951 2652 3061 2726 γάρ
3093 2653 3242 2707 ἔστιν
3267 2653 3298 2706 6
3329 2647 3612 2722 χαρακτὴρ
3645 2647 3732 2715 τῆς

2184 2750 2507 2822 Ἐκκλησίας
2529 2789 2546 2816 ,
2579 2748 2688 2802 ἀπὸ
2734 2746 2900 2817 νόμου
2932 2745 3027 2798 καὶ
3058 2740 3352 2815 προφητῶν
3389 2742 3487 2795 καί¹
3525 2736 3731 2794 ἀποστό-

2170 2843 2279 2898 λων
2306 2843 2402 2897 καὶ
2447 2837 2847 2909 εύαγγελιστῶν
2885 2836 3254 2909 συνηγμένος·
3285 2832 3482 2904 ῶσπερ
3533 2833 3595 2884 ἐκ
3621 2827 3731 2884 πολ-

2169 2933 2278 2987 λῶν
2310 2931 2518 3005 μυρίων
2545 2929 2818 2992 ἀντίδοτος
2843 2925 3022 2998 ἀγαθὴ
3058 2927 3170 2990 τοῖς
3199 2923 3510 2995 χρωμένοις
3533 2922 3608 2985 εις
3641 2936 3731 2973 σω-

2171 3024 2368 3097 τηρίαν
2411 3019 2895 3090 κατεσκευασμένη
2947 3019 3013 3072 ὲκ
3057 3017 3360 3088 θελήματος
3409 3013 3620 3084 Πατρὺς
3653 3006 3728 3063 καὶ

2174 3115 2306 3171 Υίοῦ
2330 3116 2424 3170 καί¹
2449 3114 2607 3184 ἁγίου
2637 3112 2974 3183 Πνεύματος.
3003 3101 3162 3163 Οὗτοι
3189 3109 3237 3160 οι
3267 3104 3616 3178 χαρακτῆρες
3648 3098 3733 3168 τῆς

494 3192 694 3250 sancti.
738 3192 866 3248 Haec
909 3201 996 3250 est
1036 3193 1362 3250 venerandae
1405 3193 1612 3250 Christi
1665 3209 1882 3265 sponsae
1938 3206 2066 3253 nota

2179 3208 2382 3279 σεμνῆς
2439 3205 2642 3277 ταύτης
2700 3200 2919 3274 νύμφης
2979 3197 3265 3290 Χριστοῦδ
3303 3196 3458 3268 Αὕτη
3508 3197 3543 3290 η

494 3283 788 3355 peculiaris
841 3299 908 3340 ac
954 3285 1271 3358 descriptio,
1315 3285 1432 3341 haec
1470 3285 1618 3342 illius
1664 3287 1765 3343 dos
1809 3295 1865 3342 et
1899 3287 2075 3344 haere-

494 3375 682 3432 ditatis
725 3385 1144 3441 testamentum,
1196 3377 1314 3432 haec
1360 3378 1604 3434 caelestis
1663 3377 1840 3448 ipsius
1889 3379 2078 3450 sponsi

2181 3298 2278 3352 xui.
2318 3295 2553 3367 διαθήκη
2620 3292 2983 3366 κληρονομίας
3023 3290 3116 3345 καὶ
3161 3287 3406 3359 βούλημα
3450 3285 3546 3340 τοῦ
3586 3280 3732 3351 αὐτῆς

2180 3387 2415 3460 νυμφίου
2450 3386 2546 3440 καὶ
2593 3382 2915 3456 ἐπουρανίου
2976 3378 3152 3452 Ἰησοῦ
3194 3373 3437 3449 Χριστοῦ
3499 3373 3592 3430 τοῦ
3634 3374 3732 3460 liu-

496 3464 630 3521 Jesu
657 3466 863 3522 Christi
907 3465 1126 3523 Domini
1158 3469 1375 3539 nos
1397 3469 1673 3525 voluntas.
1699 3467 1805 3524 Per
1833 3484 1994 3539 quem
2024 3477 2066 3524 et

2185 3458 2300 3551 ρίου
2355 3473 2514 3548 ἡμῶν
2545 3489 2560 3504 ·
2609 3473 2678 3529 δι’
2708 3465 2770 3528 οῦ
2824 3471 2918 3526 καὶ
2975 3469 3093 3542 μεθ’
3129 3461 3190 3522 οῦ
3247 3465 3326 3536 τῷ
3379 3463 3558 3536 Πατρὶ
3605 3458 3729 3551 δόξα,

496 3572 623 3613 cum
666 3572 778 3629 quo
827 3556 976 3614 Patri
1028 3559 1226 3630 gloria,
1273 3560 1451 3615 honor
1502 3569 1557 3616 et
1613 3560 1901 3631 imperium
1952 3575 2078 3617 cum

500 3657 695 3708 sancto
731 3649 940 3721 Spiritu
971 3651 1027 3706 in
1059 3651 1261 3708 saecula
1297 3651 1644 3707 saeculorum.
1675 3651 1871 3708 Amen.

571 3763 777 3821 Omnes
809 3763 907 3837 qui
938 3765 1028 3821 hic
1063 3771 1194 3822 sunt
1238 3765 1438 3822 fratres
1484 3765 1778 3836 plurimum
1809 3781 1908 3822 vos
1938 3764 2080 3822 salu-

501 3863 621 3910 tant
645 3875 659 3911 :
690 3855 785 3912 sed
814 3856 870 3911 in
897 3856 1088 3928 primis
1115 3855 1424 3924 Anatolius,
1453 3857 1548 3927 qui
1579 3857 1679 3914 has
1707 3864 1899 3912 contra
1929 3866 2081 3913 octo-

506 3945 659 4016 ginta
714 3945 954 4001 haereses
999 3945 1400 4016 disputationes
1444 3955 1698 4002 notarum
1737 3946 2079 4018 compendiis

503 4051 630 4091 cum
667 4036 876 4108 ingenti
914 4036 1103 4092 labore
1131 4050 1197 4092 ac
1222 4037 1433 4107 prolixa
1464 4038 1745 4094 voluntate
1775 4038 1832 4092 in
1859 4038 2079 4096 schedis

503 4127 757 4196 excipere
800 4135 963 4196 atque
1005 4127 1299 4183 emendare
1347 4129 1581 4184 meruit:
1643 4143 1856 4183 necnon
1886 4136 1939 4185 et
1971 4128 2081 4202 Hy-

503 4218 687 4287 patius
715 4218 1044 4274 venerabilis
1074 4217 1363 4284 diaconus,
1398 4219 1492 4290 qui
1525 4218 1666 4273 idem
1696 4219 1828 4274 illud
1857 4235 2007 4291 opus
2047 4236 2079 4276 e

505 4307 728 4364 schedis
770 4307 826 4362 in
857 4307 1316 4378 quaternionibus
1362 4307 1676 4380 descripsit.
1723 4309 1829 4366 Pro
1877 4313 2079 4382 quibus

506 4399 678 4454 Deum
726 4400 1018 4456 obsecrare
1055 4400 1376 4473 dignemini,
1428 4401 1715 4457 reverendi
1755 4417 1821 4458 ac
1867 4404 2081 4460 charis-

506 4491 638 4547 simi
695 4491 912 4548 fratres.
980 4489 1095 4546 Pax
1157 4490 1367 4548 Domini
1423 4494 1597 4550 nostri
1647 4494 1780 4551 Jesu
1829 4495 2074 4562 Christi,

2178 3549 2318 3639 τιμὴ
2337 3609 2354 3634 ,
2391 3565 2593 3638 κράτος
2651 3565 2749 3620 σὺν
2784 3564 2924 3636 ἁγίῳ
2952 3559 3233 3632 Πνεύματι
3278 3559 3360 3622 είς
3388 3555 3590 3619 αἰῶνας
3620 3549 3732 3606 αἰώ-

2180 3669 2314 3714 νων.
2379 3654 2574 3728 Ἀμήν.

2249 3767 2457 3834 Πάντες
2509 3767 2560 3822 οί
2618 3764 2748 3836 παρ’
2794 3764 2927 3836 ἡμῖν
2985 3760 3206 3832 ἀδελφοὶ
3259 3757 3730 3831 προσαγορεύουσιν

2180 3859 2336 3932 ὑμῶν
2367 3859 2468 3931 τὴν
2511 3857 2805 3930 τιμιότητα
2823 3896 2839 3922 ,
2887 3855 3121 3928 μάλιστα
3145 3853 3490 3918 Ἀνατόλιος,
3521 3852 3551 3905 6
3584 3847 3729 3903 διάτε

2181 3951 2425 4024 σημείων
2449 3951 2542 4004 καὶ
2573 3949 2872 4020 σχεδαρίων
2900 3946 3006 4000 τῶν
3029 3944 3171 4000 κατὰ
3195 3944 3305 3998 τῶν
3335 3943 3596 4014 αἱρέσεων
3629 3935 3729 3992 τού-

2178 4059 2288 4095 των
2322 4041 2432 4095 τῶν
2468 4039 2800 4110 ὀγδοήκοντά
2847 4055 2990 4109 φημι
3014 4076 3031 4103 ,
3081 4037 3220 4108 μετὰ
3267 4034 3468 4089 πολλοῦ
3508 4032 3730 4104 καμάτου

2180 4131 2276 4186 καὶ
2302 4131 2678 4203 προαιρέσεως
2713 4127 3008 4200 καλλίστης
3050 4127 3264 4199 γράψαι
3313 4127 3409 4181 καὶ
3459 4121 3728 4196 διορθῶσαι

2182 4223 2304 4277 σθαι
2325 4223 2722 4291 .καταξιωθείς’
2756 4223 2874 4294 ἅμα
2911 4239 2973 4275 τε
3004 4220 3102 4274 καὶ
3140 4219 3399 4284 ’Υπάτιος
3441 4221 3472 4272 6
3498 4213 3730 4287 τιμιώτα-

2179 4332 2270 4378 τος
2293 4296 2637 4378 συνδιάκονος
2660 4356 2675 4381 ,
2701 4316 2730 4369 6
2757 4318 2856 4386 τὴν
2891 4311 3249 4385 μεταγραφὴν
3289 4310 3397 4364 ἀπὸ
3430 4309 3540 4364 τῶν
3564 4304 3728 4376 σχεδα-

2183 4405 2314 4478 ρίων
2337 4407 2395 4459 ὲν
2422 4404 2644 4477 τετράσι
2673 4404 3038 4476 ποιησάμενος
3062 4419 3077 4434 ο
3109 4402 3251 4473 ὑπὲρ
3275 4393 3349 4455 ὧν
3370 4401 3466 4453 καὶ
3501 4392 3729 4468 εὔχεσθαι

2181 4497 2554 4563 καταξιώσατε
2572 4537 2590 4562 ,
2635 4497 2947 4568 τιμιώτατοι
2998 4494 3092 4548 καὶ
3120 4494 3487 4548 ποθεινότατοι
3513 4487 3725 4555 ἀδελφοὶ,

507 4582 682 4652 gratia
722 4591 778 4638 et
805 4583 1011 4640 veritas
1062 4583 1362 4639 secundum
1409 4584 1532 4655 ejus
1568 4586 1908 4655 mandatum,
1946 4603 2066 4642 cum

2180 4586 2255 4650 ὡς
2286 4559 2522 4658 ἀληθῶς.
2558 4559 2621 4639 Ἦ
2644 4559 2840 4657 εἰρήνη
2865 4582 2960 4637 τοῦ
2984 4585 3192 4654 Κυρίου
3222 4580 3378 4653 ἡμῶν
3416 4578 3584 4651 Ἰησοῦ
3610 4577 3725 4646 Χρι-

507 4673 765 4729 omnibus
792 4674 947 4730 vobis
991 4682 1252 4745 perpetuo
1287 4674 1388 4745 sit,
1435 4677 1807 4735 honestissimi
1844 4693 1911 4733 ac
1940 4678 2074 4735 cha-

510 4760 720 4819 rissimi
744 4761 965 4820 fratres.
993 4763 1189 4820 Amen.

2182 4675 2310 4730 στοῦ
2359 4678 2454 4730 καὶ
2492 4678 2527 4748 ἠ
2580 4676 2740 4749 χάρις
2781 4677 2876 4731 καὶ
2923 4677 2958 4748 ἡ
2999 4676 3231 4749 ἀλήθεια
3257 4716 3274 4743 ,
3313 4675 3454 4730 κατὰ
3485 4674 3544 4728 τὸ
3581 4666 3724 4726 αὑτοῦ

2180 4768 2510 4840 πρόσταγμα
2561 4768 2701 4840 μετὰ
2761 4769 2980 4824 πάντων
3040 4768 3196 4841 ὑμῶν
3225 4806 3244 4836 ,
3309 4763 3726 4839 φιλοκαλώῑατοι»

2176 4857 2453 4931 ἀγαπητοὶ
2477 4858 2714 4931 ἀδελφοί.
2761 4860 2954 4934 Ἀμήν.
