3958 6408
1590 395 2250 458 ANACEPIIALIEOSIS.

3403 409 3512 474 εδδ

979 771 1210 861 ΤΟΥ
1280 773 1427 859 ΕΝ
1499 766 1867 859 ΑΓΙΟΙΣ
1929 768 2367 862 ΠΑΤΡΟΣ
2437 777 2766 868 ΗΜΩΝ

1249 964 2506 1166 ΕΠΙΦΑΝΙΟΥ

1078 1236 2690 1369 ΑΝΑΚΕΦΑΛΑΙΩΣΙΣ.

969 1592 1129 1756 S.
1239 1601 1413 1750 P.
1533 1597 1720 1750 N.
1827 1599 2814 1837 EPIPHANII

1220 1886 1592 2004 ANAC
1618 1887 2534 2007 EPHAL/EOSIS

508 2111 694 2175 εινΕ
722 2110 1002 2173 EORUM
1037 2109 1222 2184 QUAE
1255 2111 1336 2172 IN
1371 2108 1728 2172 PANARIO
1758 2108 2000 2172 DICTA
2037 2109 2238 2171 SUNT
2268 2111 2554 2190 SUMMA
2591 2111 3250 2176 COMPREHENSIO.

307 2277 406 2342 (Ex
433 2276 657 2330 editione
675 2272 881 2338 Josephi
905 2272 1071 2324 larisa
1095 2273 1356 2346 cardinalls
1381 2271 1628 2346 Thomasii
1661 2273 1714 2320 in
1741 2265 2126 2346 {agitationibus
2154 2267 2463 2346 theologica},
2481 2277 2622 2334 parte
2643 2285 2694 2334 ιι,
2715 2271 2882 2323 denuo
2905 2279 3210 2325 recensente
3230 2274 3456 2327 Antonlo

1285 2334 1547 2384 Fraucisco
1573 2333 1768 2383 νεηοεὶ
1789 2331 1842 2382 C.
1874 2331 1931 2380 Β.
1964 2332 2131 2381 Romae
2153 2331 2293 2394 1769,
2317 2331 2370 2382 in
2394 2333 2466 2397 4.)

330 2554 663 2624 Ἐπειδήπερ
715 2551 977 2623 μέλλομεν
1028 2551 1158 2621 ὑμῖν
1209 2549 1280 2605 τά
1315 2565 1378 2602 τε
1427 2550 1672 2621 ὀνόματα
1723 2552 1832 2605 τῶν

2009 2554 2225 2624 1109
2255 2553 2526 2620 Quoniam
2567 2554 2849 2610 hrereseon
2890 2554 3137 2610 omnium
3166 2554 3387 2609 nomina
3425 2554 3516 2610 dc-

241 2648 512 2719 αἱρέσεων
540 2644 752 2715 δηλοῦν,
778 2644 877 2706 τάς
906 2659 966 2695 τε
989 2643 1118 2712 παρ’
1147 2641 1330 2703 αὐτοῖς
1359 2639 1652 2712 ἀθεμίτους
1685 2642 1830 2713 πρά-

242 2744 360 2808 ξεις
394 2737 794 2792 ἀνακαλύπτειν
822 2735 1010 2805 ὥσπερ
1050 2736 1159 2798 ἰοὺς
1197 2734 1292 2788 καί⁸
1319 2733 1620 2805 δηλητήρια
1669 2734 1828 2789 ὅντα-

246 2831 348 2884 σὺν
379 2830 564 2891 αὐτοῖς
594 2827 651 2880 δὲ
682 2826 800 2898 ἅμα
836 2826 934 2878 καὶ
985 2825 1290 2887 ἀντιδότους
1319 2825 1668 2895 ἐφαρμόσαι,
1704 2825 1832 2880 ἀλε-

245 2921 542 2994 ξητηρίους
574 2918 670 2990 μὲν
711 2919 818 2972 τῶν
861 2917 1246 2989 δεδηγμένων,
1285 2915 1835 2988 προκαταληπτικοὺς

241 3014 308 3068 δὲ
364 3013 472 3068 τῶν
509 3010 810 3082 μελλόντων
859 3011 939 3073 εἱς
983 3009 1141 3062 τοῦτο
1171 3008 1468 3078 ἐμπίπτειν
1498 3023 1513 3036 ³
1560 3007 1833 3078 Πανάριον

247 3105 406 3174 (γάρ)
439 3121 490 3157 τι
520 3145 536 3170 ,
574 3104 744 3174 ἤγουν
784 3100 1035 3154 κιϐώτιον
1066 3099 1308 3170 ἰατρικὸν
1334 3098 1410 3168 (4)
1441 3097 1553 3152 τῶν
1581 3099 1835 3170 θηριοδή-

243 3213 395 3249 κτων
453 3194 896 3266 ὲρμηνεύσομεν,
978 3188 1171 3259 δτιπέρ
1229 3189 1346 3243 ὲστί
1400 3206 1453 3242 τι
1505 3189 1706 3258 βιϐλίον
1746 3189 1834 3242 διὰ

238 3284 416 3356 τριῶν
449 3283 797 3355 συγγραφὲν,
828 3281 951 3352 ἔχον
1005 3281 1243 3351 αἱρέσεις
1284 3279 1651 3349 ὀγδοήκονταο
1690 3279 1832 3332 αἴτι-

240 3393 339 3440 νες
392 3377 474 3438 είς
515 3374 720 3447 Θηρίων
756 3375 790 3446 ἢ
821 3373 1065 3445 ἑρπετῶν
1116 3372 1415 3442 αἰνίγματά
1466 3373 1601 3424 εἰσι·
1655 3372 1752 3442 μία
1777 3371 1834 3424 δὲ

245 3469 390 3540 μετά
439 3468 538 3532 τὰς
595 3468 924 3538 ὀγδοήκοντα
975 3467 1008 3536 ἡ
1047 3465 1150 3534 τῆς
1192 3462 1452 3540 ἀληθείας
1509 3462 1666 3534 βάσις
1716 3463 1864 3533 ἅμα.

244 3562 347 3614 καὶ
373 3558 689 3616 διδασκαλία
731 3559 1002 3630 σωτήριος
1044 3557 1399 3627 πραγματεία
1418 3595 1433 3620 ,
1467 3556 1562 3609 καὶ
1593 3554 1831 3626 Χριστοῦ

242 3650 438 3722 νύμφη
462 3651 593 3719 ἀγὶα
637 3650 952 3722 Ἐκκλησία,
981 3644 1116 3703 οὖσα
1152 3648 1250 3718 μὲν
1275 3648 1371 3700 ἀπ’
1401 3647 1596 3710 αἰῶνος
1617 3687 1632 3709 ,
1663 3645 1750 3699 διὰ
1775 3645 1833 3698 δὲ

243 3745 350 3814 τῆς
390 3743 654 3812 ὲνσάρκου
689 3739 926 3813 Χριστοῦ
977 3738 1285 3810 παρουσίας
1322 3737 1460 3808 μετά
1507 3737 1606 3808 τὴν
1659 3737 1834 3790 διαδο-

243 3833 352 3904 χὴν
397 3831 490 3886 τοῦ
519 3832 713 3906 χρόνου
747 3831 912 3903 μέρος
942 3831 957 3862 ¹
986 3831 1094 3884 τῶν
1124 3829 1536 3900 προειρημένων
1563 3828 1833 3899 αἱρέσεων

1939 2648 2200 2702 claranda
2246 2649 2402 2703 vobis
2451 2648 2556 2702 hoc
2591 2647 2645 2701 in
2672 2648 2812 2702 libro
2843 2649 3212 2716 suscepimus,
3260 2663 3363 2701 nec
3408 2662 3518 2702 non

1933 2740 2274 2794 exsecranda
2334 2754 2398 2793 ac
2455 2737 2668 2793 nefaria
2726 2737 2946 2792 illarum
2997 2738 3200 2808 ﬂagitia
3256 2745 3518 2807 tanquam

1936 2830 2365 2899 praesentissima
2391 2831 2640 2900 quantam
2669 2846 2875 2885 venena
2901 2830 3209 2900 patefacere
3231 2829 3518 2894 volumus;

1936 2931 2103 2991 atque
2152 2922 2238 2976 his
2289 2922 2439 2976 velut
2490 2922 2736 2976 antidota
2777 2922 3026 2991 qua-dam
3057 2935 3352 2990 opponere,
3393 2935 3514 2992 qua:

1935 3013 2019 3066 vel
2052 3013 2120 3066 iis
2149 3013 2244 3083 qui
2274 3027 2462 3066 morsu
2494 3013 2644 3082 petiti
2682 3021 2812 3066 sunt
2841 3011 3083 3067 remedio
3118 3026 3241 3066 esse
3274 3011 3506 3080 possint,

1933 3101 2016 3154 vel
2044 3117 2161 3165 eos,
2191 3101 2391 3171 quibus
2420 3116 2487 3154 ne
2516 3100 2759 3155 incidant
2801 3101 3101 3170 perieulum
3135 3108 3241 3167 εει,
3274 3115 3512 3170 praemu-

1935 3193 2092 3248 niant
2127 3208 2190 3247 ac
2221 3203 2546 3247 conservent
2577 3211 2590 3246 :
2625 3192 2918 3246 Panarium
2965 3192 3080 3247 sive
3116 3193 3358 3247 arculam
3400 3209 3514 3246 me-

1939 3284 2144 3350 dicam,
2179 3285 2244 3337 ad
2271 3300 2461 3338 eorum
2488 3285 2582 3353 qui
2609 3299 2638 3336 a
2664 3283 3017 3353 serpentibus
3042 3283 3136 3337 icti
3171 3294 3299 3338 sunt
3338 3299 3517 3338 reme-

1934 3377 2109 3441 dium,
2157 3376 2282 3446 jure
2309 3391 2449 3446 opus
2481 3375 2610 3428 illud
2651 3391 2714 3428 ac
2747 3376 2944 3429 librum
2984 3374 3476 3446 interpretabimur
3503 3394 3516 3430 :

1933 3469 2027 3539 qui
2063 3469 2116 3521 in
2153 3476 2266 3522 tres
2299 3476 2484 3539 partes
2523 3466 2735 3523 divisus
2779 3468 3013 3522 haereses
3051 3467 3329 3537 octoginta
3361 3481 3514 3519 com-

1934 3561 2216 3631 plectitur,
2241 3576 2364 3630 qua:
2394 3567 2708 3630 serpentum
2743 3575 2804 3614 ac
2828 3560 3100 3629 reptilium
3129 3559 3338 3614 similes
3363 3565 3509 3612 sunt.

1937 3653 2250 3708 Secundum
2287 3668 2424 3723 quas
2452 3653 2705 3707 veritatis
2739 3651 3162 3715 ﬁrmamentum,
3211 3658 3267 3706 et
3305 3650 3512 3705 saluta-

1935 3746 2014 3800 ris
2065 3745 2356 3817 doctrina,
2403 3744 2636 3814 ﬁdeique
2691 3744 2923 3798 formula
2983 3743 3228 3811 subjema
3281 3749 3396 3807 est,
3451 3757 3515 3797 ac

1935 3835 2139 3892 Christi
2180 3852 2403 3907 sponsa,
2441 3834 2628 3891 sancta
2658 3836 2911 3890 videlicet
2940 3836 3188 3890 Ecclesia
3213 3834 3514 3890 declarata.

241 3922 728 3992 ἀποωλυφθείσα,
765 3923 859 3976 καὶ
908 3922 999 3991 ὑφ’
1047 3921 1205 3992 ἡμῶν
1249 3921 1308 3974 ὲν
1341 3920 1695 3991 ὑπομνήμασι
1747 3919 1837 3972 διά

1938 3929 2071 3995 Qua:
2119 3945 2244 3983 cum
2283 3929 2395 3998 jam
2437 3936 2552 3983 tum
2585 3929 2653 3982 ah
2682 3929 2814 3982 orbe
2841 3928 3064 3983 condito
3105 3943 3229 3983 csse
3266 3927 3516 3997 cceperit.

244 4012 347 4068 τοῦ
386 4014 739 4088 κηρύγματος
765 4013 859 4067 τοῦ
911 4013 1149 4085 Χριστοῦ
1187 4012 1450 4084 ταχθεῖσα
1472 4025 1488 4041 ⁶
1531 4011 1628 4066 καὶ
1672 4011 1833 4065 πάλιν

248 4109 394 4182 μετά
426 4109 604 4171 πάσας
636 4108 737 4172 τὰς
769 4108 875 4160 τῶν
929 4107 1193 4176 αἱρέσεων
1243 4104 1450 4162 τούτων
1504 4103 1831 4175 μοχθηρίας,

243 4200 329 4263 ὼς
349 4199 626 4270 ἀναψυχὴν
646 4198 752 4252 τῶν
780 4198 870 4252 τὸν
904 4197 1149 4268 κάματον
1170 4196 1278 4249 τῶν
1300 4196 1563 4268 αἱρέσεων
1594 4193 1686 4248 διά
1732 4195 1832 4264 τῆς

243 4290 611 4359 ἀναγνώσεως
631 4289 967 4354 διελθόντων,
994 4289 1082 4358 ὑρ’
1112 4289 1139 4340 ὑ
1149 4287 1265 4358 μῶν
1297 4289 1413 4358 μετ’
1441 4285 1715 4357 ἐπιτομῆς
1734 4285 1830 4340 τοῦ

242 4383 410 4451 λόγου
440 4382 582 4436 κατά
627 4382 727 4452 τὴν
756 4381 863 4434 τῶν
906 4379 1217 4433 ἀποστόλων
1267 4377 1615 4432 διδασκαλίαν
1645 4377 1834 4446 σαφῶς

245 4473 711 4543 ἀπαγγελθεῖσαν.
747 4473 1126 4546 Παρακαλεῑτε
1162 4472 1182 4501 ⁸
1209 4469 1266 4524 δὲ
1295 4471 1496 4533 πάντες
1526 4472 1575 4523 οἱ
1610 4469 1834 4538 φιλοκά-

244 4567 363 4630 λοις
389 4567 408 4597 ⁸
444 4567 888 4638 ἐντυγχάνοντες,
920 4563 998 4635 τῷ
1023 4581 1083 4616 τε
1117 4563 1388 4634 προοιμίῳ
1422 4563 1517 4616 καὶ
1551 4563 1670 4624 ταῖς
1703 4577 1836 4631 μετ-

246 4658 444 4714 έπειτα
491 4658 757 4730 αἱρέσεσι,
793 4658 886 4711 καὶ
936 4659 1004 4728 τῇ
1055 4655 1192 4726 ὑπὲρ
1220 4655 1320 4726 τῆς
1356 4653 1612 4724 ἀληθείας
1641 4653 1835 4724 ὁμολο-

245 4747 347 4819 γίᾳ
369 4765 428 4801 τε
458 4747 551 4800 καὶ
573 4746 889 4816 διδασκαλίᾳ
916 4746 1014 4816 τῆς
1054 4743 1340 4814 ἀληθείας,
1384 4743 1480 4797 καὶ
1524 4743 1704 4796 πίστει
1728 4743 1830 4814 τῆς

246 4839 413 4908 ἁγίας
438 4837 729 4908 καθολικῆς
770 4836 1116 4907 Ἐκκλησῑας.

1941 4032 2129 4092 postea
2179 4029 2362 4076 tamen
2420 4038 2516 4091 per
2569 4019 2772 4075 Christi
2819 4019 3034 4074 Domini
3083 4020 3518 4074 incarnationem

1938 4119 2244 4182 temporum
2278 4111 2630 4167 successione
2667 4119 2792 4165 ante
2829 4117 3286 4164 commemoratas
3328 4124 3519 4163 omnes

1938 4200 2174 4256 haereses
2209 4201 2426 4270 vulgata
2461 4210 2623 4269 atque
2651 4199 2944 4269 patefacta,
2970 4199 3272 4268 eademque
3297 4213 3326 4251 a
3357 4197 3519 4253 nobis

1938 4291 1995 4350 in
2029 4291 2454 4345 commentarios
2490 4306 2556 4345 ex
2603 4289 2808 4343 Christi
2863 4288 3250 4359 prtedicatione
3301 4288 3514 4343 relata:

1937 4396 2003 4436 ac
2056 4395 2275 4435 rursum
2324 4389 2448 4449 post
2493 4379 2815 4447 explicatam
2848 4379 3062 4448 1110
3108 4391 3326 4432 omnem
3383 4376 3516 4430 ista-

1938 4487 2060 4527 rum
2088 4472 2368 4526 lncreseon
2402 4470 2830 4540 improbitatem,
2863 4487 2928 4524 ex
2957 4469 3325 4540 apostolorum
3355 4468 3519 4523 disci-

1937 4563 2083 4634 plina
2113 4572 2368 4617 accurate
2398 4578 2462 4618 ac
2497 4562 2783 4632 perspicue
2812 4562 2960 4615 brevi
2987 4559 3224 4631 quodam
3259 4566 3343 4614 est
3365 4573 3516 4614 com—

1939 4655 2142 4724 pendio
2181 4656 2470 4726 subjecta;
2509 4655 2588 4709 uti
2623 4669 2687 4708 ea
2731 4670 2792 4709 re
2837 4655 3052 4708 illorum
3097 4659 3414 4708 recreentur
3450 4665 3516 4704 ac

1936 4746 2253 4801 reﬁciantur
2299 4747 2491 4814 animi,
2522 4746 2616 4816 qui
2652 4746 2799 4801 hunc
2849 4746 3128 4801 Inercseon
3185 4757 3516 4814 percurren-

1934 4834 2128 4890 darum
2161 4837 2400 4890 laborem
2434 4835 2798 4905 susceperint.
2835 4832 3008 4888 Porro
3055 4845 3153 4885 vos
3187 4843 3378 4885 omnes
3418 4828 3516 4880 ho-

245 4943 530 4991 nestarum
557 4947 740 4994 rerum
779 4930 1007 4986 studiosi
1038 4931 1267 4986 lectores
1293 4937 1515 5000 rogatos
1542 4912 1815 4992 volumus,
1847 4936 1907 4982 ut
1941 4938 1998 4984 et
2035 4931 2361 4999 procemium
2401 4931 2602 5000 ipsum,
2665 4935 2721 4983 et
2780 4925 3182 4996 insequentium
3232 4925 3516 4978 hacreseon

246 5029 671 5099 expositionem,
711 5042 776 5082 ac
812 5025 1059 5082 veritatis
1093 5025 1501 5096 professionem
1530 5031 1585 5080 ct
1615 5024 1948 5089 doctrinam,
1984 5041 2050 5081 ac
2080 5035 2284 5082 sanctte
2336 5034 2390 5082 et
2455 5025 2740 5080 catholicae
2786 5023 3046 5080 Ecclesite
3090 5022 3252 5078 ﬁdem
3313 5033 3346 5074 a
3413 5033 3514 5072 no-
3545 5099 3548 5102 ἢ

247 5119 340 5176 bis
363 5132 676 5190 expressam
710 5130 1030 5187 percurrere
1055 5117 1256 5172 velitis.

328 5253 345 5284 ί
378 5250 438 5306 F.
478 5251 636 5322 μετά.
711 5254 732 5284 ⁸
767 5251 830 5307 F.
860 5249 1288 5320 παρακαλεῖσθε.
1380 5249 1402 5280 ³
1431 5265 1524 5317 γρ.
1563 5247 1855 5320 φιλοκάλου

1951 5247 2048 5305 sed
2082 5248 2236 5303 locus
2269 5263 2464 5318 parum
2499 5247 2772 5305 sincerus.

325 5407 399 5478 (4)
425 5405 702 5478 Κιόῴτιον
723 5408 1010 5475 ἰατρικόν.
1034 5405 1297 5478 Adhibita
1331 5405 1722 5478 similitudinis
1745 5405 1832 5458 in-

244 5476 498 5542 volucro,
532 5476 778 5539 Panarii.
812 5478 971 5546 cujus
994 5477 1380 5546 compendium
1409 5488 1463 5530 et
1491 5476 1826 5546 breviarium

247 5549 419 5603 veluti
465 5549 736 5617 quoddam
771 5556 858 5602 est.
885 5545 1660 5617 'przesensdvaxscpaitatwstg
1681 5586 1707 5617 ,_
1730 5561 1830 5600 no-

249 5619 340 5673 bis
386 5615 496 5672 illic
535 5619 710 5684 aperit
760 5617 1114 5687 Epiphanius.
1160 5616 1348 5687 Hisce
1381 5615 1828 5687 siiniliaAvidesis

251 5689 309 5744 in
345 5703 406 5742 ea
443 5687 684 5756 Epistola
738 5685 1088 5742 ad'Acarium
1121 5696 1173 5742 et
1211 5686 1442 5741 Paulum
1474 5685 1824 5756 presbyteros,

295 5773 418 5811 nam
472 5757 707 5810 Prmario
760 5757 1089 5827 prtemisisse
1147 5757 1510 5827 Epiphaniam
1589 5763 1824 5809 constat.

295 5775 418 5811 nam
472 5775 707 5810 rrmrmo
760 5775 1089 5827 prtemISIsse
1150 5775 1510 5827 Lplpllﬂllllllll
1589 5775 1824 5809 COllSlal.

250 5775 526 5886 gaeterum
557 5828 624 5883 de
653 5828 1008 5896 usurpatione
1057 5830 1212 5885 vocis
1260 5829 1534 5884 haereseos
1583 5827 1639 5881 in
1677 5827 1828 5882 hisce

1935 5401 2223 5474 Epiphanii
2258 5403 2480 5473 scriptis
2516 5403 2632 5474 ;_de
2658 5401 2945 5474 ihaeresum
2981 5403 3276 5474 partitione
3304 5441 3329 5474 ,ί
3360 5401 3512 5470 ejus-

1935 5472 2276 5544 queivitiis;
2313 5472 2467 5528 etde
2513 5472 2760 5544 ejusdem
2811 5472 3123 5544 partitionis
3167 5473 3510 5544 discrimine,

1935 5541 2082 5615 quod
2111 5544 2354 5615 occurrit
2387 5544 2528 5598 inter
2547 5541 2853 5615 Panarjuin
2877 5582 2903 5615 ,γ
2922 5554 2975 5596 ει
3001 5541 3512 5615 Αιιαιέειμήᾳιωοεὲῃι,

1934 5611 2305 5669 consulendus
2337 5629 2450 5684 pra:
2479 5614 2691 5668 caeteris
2727 5611 2980 5684 Petavius
3011 5611 3115 5684 sub
3143 5611 3511 5684 initiumqpul-

1935 5681 2353 5766 cherrimarunn'
2392 5699 2618 5740 suarum
2677 5683 2745 5737 ad
2813 5681 3112 5736 Panarium
3163 5681 3512 5737 animadver-

1936 5771 2056 5814 ειοιι
2063 5772 2094 5810 υ
2101 5772 2151 5811 Ill
2159 5794 2173 5809 .
