3958 6402
198 417 316 480 8δῖ

1522 420 2187 511 ΑΝΑοΕμιιΑμεοειδ.

3330 432 3333 437 ’
3364 430 3471 488 838

202 536 379 597 παισὶ,
421 533 738 607 Ὠριγόνειοι
791 534 843 588 οἱ
878 534 973 589 καὶ
1003 533 1098 588 τοῦ
1150 534 1510 604 ’Λδαμαντίου
1527 551 1543 567 '
1574 536 1788 592 Παύλου

1892 541 2026 598 tiani
2088 543 2181 611 qui
2223 542 2278 596 ir.
2335 540 2568 612 Egypto
2618 541 2860 598 sehisma
2911 542 3468 600 conﬂarunt:Ariani

200 624 302 678 τοῦ
321 625 733 695 δαμωσατέως,
761 626 1052 695 Μανιχαῖοι
1095 625 1147 678 οἱ
1178 624 1275 679 καὶ
1308 625 1651 693 ’Δκωανῖται,
1695 628 1766 684 Ἰυ

203 714 450 784 paucitas,
477 713 796 768 Μελετιανοὶ
826 715 877 767 οἱ
915 716 1037 768 κατ’
1066 715 1338 783 Αἴγυπτον
1379 717 1585 787 σχίσμα
1613 719 1788 781 ὄντες,

217 805 492 876 ’Δρειανοὶ
514 807 564 859 οἱ
589 806 685 860 καὶ
718 806 1143 878 Ἀρειομανῖται,
1170 807 1449 863 Δύδιανῶν
1474 808 1537 862 τὸ
1561 809 1787 880 σχίσμα,

199 896 589 960 Φωτεινιανοὶ,
624 895 1049 967 Μαρκελλιανοὶ,
1093 897 1401 968 Ἠμιάρειοι
1427 936 1442 957 ,
1474 899 1789 968 Πνευματο-

203 987 374 1058 μάχοι
410 987 461 1038 οἱ
495 986 557 1038 τὸ
583 984 737 1054 ἅγιον
768 984 993 1055 Πνεῦμα
1025 984 1120 1039 τοῦ
1150 985 1284 1039 Θεοῦ
1321 986 1786 1057 βλασφημοῦντες*

215 1077 510 1149 Ἀεριανοὶ,
546 1077 812 1132 ’Ᾱετιανοὶ
843 1077 892 1130 οἱ
922 1077 1018 1131 καὶ
1056 1077 1323 1147 Ἀνόμοιοι
1349 1117 1366 1141 ,
1399 1073 1480 1142 οἷς
1517 1081 1786 1133 συνάπτε-

198 1185 299 1222 ται
315 1168 588 1239 ’Δνόμοιος
612 1169 651 1220 ⁸.
682 1170 989 1238 Διμοιρίται
1020 1170 1069 1221 οἱ
1095 1169 1171 1239 μὴ
1196 1169 1410 1224 τελείαν
1430 1171 1530 1240 τὴν
1548 1170 1783 1241 Χριστοῦ

200 1258 621 1331 ἐνανθρώπησιν
656 1250 1045 1330 ὁμολογοῦντες
1069 1299 1083 1322 ,
1125 1262 1174 1312 οἱ
1217 1262 1313 1315 καὶ
1351 1260 1784 1332 Ἀπολιναρῖταιο

199 1354 257 1407 οἱ
290 1354 384 1406 καὶ
408 1352 507 1423 τὴν
537 1351 701 1419 ἁγίαν
741 1351 963 1422 Μαρίαν
993 1350 1092 1422 τὴν
1135 1351 1494 1422 ἀειπάρθενον
1540 1352 1788 1420 λέγοντες

203 1446 386 1516 μετὰ²
422 1443 513 1497 τὸν
548 1443 777 1514 Σωτῆρα
808 1441 1197 1511 γεγεννηκέναι
1218 1441 1297 1513 τῷ
1337 1442 1533 1513 Ἰωσὴφ
1584 1442 1788 1512 συνῆφο

200 1535 318 1597 θαι,
349 1535 600 1597 οὕστινας
627 1534 963 1603 ἐκαλέσαμεν
983 1533 1594 1604 Ἀντιδικομαριανίταςο
1620 1534 1712 1587 καὶ
1737 1535 1787 1587 οἱ

199 1628 288 1690 εἰς
306 1626 479 1696 ὄνομα
507 1624 608 1695 τῆς
637 1625 808 1695 αὐτῆς
840 1624 1061 1695 Μαρίας
1080 1624 1178 1694 τῆς
1212 1624 1480 1679 Θεοτόκου
1504 1624 1787 1696 κολλυρίδα

198 1714 644 1786 προσφέροντες,
692 1713 741 1768 οἶ
793 1713 1086 1767 καλοῦνται
1136 1713 1545 1783 Κολλυριδιανοί
1577 1732 1590 1745 ο
1628 1715 1785 1767 Μασ-

202 1802 451 1856 σαλιανοὶ
470 1841 487 1865 ,
515 1798 597 1865 οἷς
636 1801 999 1856 συνάπτονται
1034 1802 1430 1872 Μαρτυριανοὶ,
1471 1803 1518 1854 οἱ
1546 1802 1653 1856 ἀπὸ
1675 1800 1785 1855 τῶν

211 1895 484 1968 Ἐλλήνων
512 1896 607 1950 καὶ
635 1895 946 1965 Εὐφημίται
973 1895 1065 1948 καὶ
1099 1894 1403 1948 Σατιανοίδ.

293 1984 563 2040 Ἐπανιὼν
615 1985 673 2038 δὲ
723 1981 900 2050 αὖθις,
944 1987 1040 2039 καὶ
1070 1984 1257 2038 διελὼν
1306 1984 1508 2047 ταύτας
1540 1983 1679 2036 κατὰ
1708 1983 1788 2053 βι-

199 2076 377 2140 ϐλίον,
410 2073 674 2142 ὑποδείξω
705 2076 763 2129 ὲν
794 2074 966 2146 ταύτῃ
996 2077 1063 2146 τῇ
1108 2074 1601 2142 ἁνακεφαλαιώσει,
1622 2075 1786 2130 πόσαι

201 2167 419 2222 τούτων
464 2166 573 2219 τῶν
605 2166 936 2238 ὀγδοήκοντα
985 2165 1250 2237 αἱρέσεων
1280 2168 1337 2219 ἐν
1362 2165 1442 2236 τῷ
1478 2164 1678 2238 πρώτῳ
1707 2165 1789 2237 βι-

196 2258 339 2328 ϐλίῳ
394 2257 488 2311 καὶ
525 2256 759 2327 καθεξῆς
809 2257 868 2310 ὲν
901 2255 977 2327 τῷ
1022 2256 1257 2327 δευτέρῳ
1299 2257 1404 2320 ἓως
1435 2256 1531 2311 τοῦ
1569 2257 1750 2328 τρίτου
1770 2274 1784 2290 ·

200 2349 343 2404 ἀλλὰ
375 2349 468 2403 καὶ
496 2348 616 2402 καθ’
642 2348 869 2401 ἕκαστον
896 2347 1004 2401 τῶν
1037 2348 1177 2401 ἑπτὰ
1207 2348 1391 2418 τόμων
1421 2348 1530 2401 τῶν
1558 2350 1615 2402 ὲν
1642 2348 1788 2419 τρισὶ

202 2440 432 2512 βιϐλίοις
462 2438 932 2509 συντεταγμένων,
962 2438 1125 2491 πόσαι
1158 2439 1295 2491 εἰσὶν
1320 2440 1378 2492 ὲν
1409 2438 1588 2509 ἑαυτῷ
1618 2439 1641 2470 ⁸
1683 2457 1790 2510 χω-

205 2532 480 2605 ρισθεῖσαι
513 2530 776 2601 αἱρέσεις.
829 2529 940 2582 Καὶ
986 2528 1132 2584 ἐστιν
1179 2528 1372 2593 οὕτως·
1421 2530 1508 2583 Ἐν
1563 2530 1660 2600 μὲν
1708 2529 1788 2600 τῷ

200 2620 411 2697 πρώτῳ
453 2619 641 2692 βιϐλίῳ
698 2620 855 2690 τόμοι
897 2622 1066 2689 τρεῖς,
1099 2620 1339 2690 αἱρέσεις
1380 2620 1789 2690 τεσσαράκοντα

200 2696 287 2784 ἓξ,
320 2716 418 2771 σὺν
477 2717 595 2777 ταῖς
636 2711 953 2783 ὀνομασίαις
1005 2712 1231 2774 τούτων,
1276 2712 1420 2781 φημὶ
1464 2712 1521 2765 δὲ
1570 2696 1787 2785 Βαρόά-

203 2805 424 2876 ρισμὺν,
478 2803 573 2857 καί
606 2800 932 2870 Σκυθισμὸν,
967 2801 1061 2852 καὶ
1105 2800 1610 2871 Ἑλληνισμδν,’καὶ¹
1660 2804 1789 2855 ἰου-

202 2895 456 2967 δαῖσμὸν,
491 2894 585 2949 καὶ
618 2891 1076 2962 Σαμαρειτισμόν.
1127 2891 1216 2945 Ἐν
1242 2891 1298 2944 δὲ
1329 2891 1407 2962 τῷ
1439 2891 1678 2963 δευτέρῳ
1711 2891 1791 2962 βι-

203 2987 351 3063 ϐλίῳ.
388 2986 545 3057 τόμοι
586 2985 701 3050 δύο,
747 2984 991 3056 αἱρέσεις
1035 2982 1207 3038 εἴκοσι
1254 2987 1424 3056 τρεῖς.
1485 2986 1572 3039 Ἑν
1612 2986 1670 3040 δὲ
1711 2986 1789 3057 τῷ

202 3078 377 3150 τρίτῳ
415 3075 603 3147 βιϐλίῳ
641 3075 797 3146 τόμοι
845 3073 958 3138 δύο,
1021 3075 1261 3144 αἱρέσεις
1310 3075 1521 3129 ἕνδεκα.
1585 3074 1674 3129 Ἐν
1710 3077 1788 3148 τῷ

201 3166 302 3225 οὖν
329 3168 531 3241 πριῖντῳ
560 3166 768 3238 βιϐλίῳ,
791 3164 992 3238 πρώτῳ
1019 3166 1446 3238 τόμῳ,αἰρέσεις
1471 3165 1541 3230 κ’,
1561 3168 1623 3220 αῖ
1651 3169 1788 3221 εἰσιν

202 3258 357 3314 αἵδε·
408 3255 814 3328 Βαρϐαρισμὺς,
862 3255 1199 3324 Σκυθισμὸς,
1242 3255 1612 3326 Ἑλληνισμὸς⁹
1661 3257 1791 3310 Ἴου.

204 3350 457 3423 δαῖσμός.
501 3348 766 3419 Ἐλλήνων
810 3346 1085 3417 διαφοραὶ,
1126 3347 1503 3421 Πυθαγόρειοι,
1539 3349 1708 3419 ἤγουν
1739 3349 1788 3402 oi

204 3439 657 3513 Περιπατητικοὶ,
703 3435 1063 3499 Πλατωνικοὶ,
1100 3437 1348 3501 Στωϊκοὶ,
1400 3437 1785 3509 Ἐπικούρειοι.
1818 3506 1821 3509 _

204 3530 580 3604 Σαμαρειτικὴ
627 3529 836 3601 αἵρεσις
884 3531 918 3601 ἡ
965 3523 1100 3582 οὖσα
1154 3530 1218 3582 ἐκ
1268 3529 1363 3583 τοῦ
1430 3528 1787 3601 Ἰουδαῖσμοῦ.

205 3622 565 3694 Σαμαρειτῶν
617 3620 743 3692 ἔθνη
782 3620 1025 3691 τέσσαρα
1072 3618 1266 3685 οὕτως·
1322 3621 1568 3692 Γοραινοὶ
1610 3622 1653 3687 ⁸,
1690 3622 1788 3674 Σε-

204 3714 450 3780 ϐουαῖοι,
527 3713 809 3784 Ἐσσηνοὶ,
846 3711 1107 3766 Δοσίθεοι.
1156 3712 1427 3766 Ἰουδαίων
1469 3713 1713 3787 αἱρέσεις
1743 3714 1787 3778 ζ’

203 3805 400 3869 οὕτως’
445 3805 813 3877 Γραμματεῖς,
866 3804 1168 3874 Φαρισαῖοι,
1218 3804 1584 3871 Σαδδουκαῖοι,
1625 3806 1791 3876 Ἦμε-

208 3896 592 3970 ροϐαπτισταὶ.
653 3895 914 3959 Ὀσσαῖοι,
944 3895 1268 3966 Νασαραίοι,
1314 3895 1652 3967 Ἦρωδιανοί.
1700 3896 1789 3951 Ἐν

205 3991 267 4044 δὲ
298 3987 376 4060 τῷ
421 3988 656 4060 δευτέρῳ
683 3986 835 4058 τόμῳ
879 3984 974 4039 τοῦ
1027 3985 1243 4057 πρώτου
1281 3986 1487 4057 βιϐλίου
1528 3985 1788 4051 ὡσαύτως

204 4081 451 4152 αἱρέσεις
492 4087 558 4150 ιγ’
608 4078 782 4142 οὕτως
801 4095 814 4109 ·
846 4078 1195 4149 Σιμωνιανοὶ,
1229 4079 1652 4151 Μενανδριανοὶ,
1680 4079 1791 4132 Σα-

203 4172 550 4244 τορνιλιανοὶ,
586 4168 966 4232 Βασιλιδιανοὶ,
1016 4168 1358 4232 Νικολαῖται,
1402 4171 1698 4224 Γνωστικοὶ
1740 4171 1791 4225 οἱ

202 4263 305 4317 καὶ
335 4262 744 4336 Στρατιωτικοὶ,
779 4262 873 4315 καὶ
911 4261 1222 4315 Φιϐιωνῖται
1255 4262 1304 4315 οἱ
1331 4261 1505 4323 αὐτοὶ,
1534 4261 1687 4335 παρὰ
1730 4261 1792 4315 δέ

203 4370 322 4408 τισι
340 4354 732 4420 Σεκουνδιανοὶ,
763 4358 914 4429 παρὰ
940 4356 996 4410 δὲ
1041 4353 1219 4417 ἄλλοις
1242 4354 1602 4424 Σωκρατῖται,
1640 4354 1792 4424 παρὰ

204 4445 266 4499 δὲ
316 4445 522 4517 ἑτέροις
568 4447 826 4517 Ζακχαῖοι
881 4444 1235 4517 καλούμενον
1286 4445 1788 4515 Καρποκρατιανοὶ,

1890 639 1986 705 qui
2011 645 2066 692 et
2089 635 2462 700 Ariomanitze,
2504 632 2881 689 Audianorum
2917 644 3088 701 secta,
3129 633 3465 706 Pbotiniant,

1890 728 2252 792 Marcelliani,
2304 727 2654 788 Semiariani,
2710 725 3195 782 Pneumatomacbi
3251 727 3346 798 qui
3410 727 3469 782 iu

1907 829 2165 877 sanctum
2204 820 2297 875 Dei
2321 818 2586 890 Spiritum
2621 817 2996 873 contumeliosi
3028 827 3191 885 sunt;
3224 818 3468 881 Aerianl,

1890 911 2119 971 Aetiani.
2154 910 2246 981 qui
2288 919 2342 965 et
2380 909 2653 975 Anommi,
2689 910 2890 980 quibus
2931 909 3251 981 adjungitur
3283 908 3470 964 Euno-

1891 1002 2073 1067 mius;
2122 999 2418 1056 Dimmrita:
2470 999 2561 1069 qui
2620 999 2915 1070 perfectam
2965 998 3170 1053 Christi
3216 999 3471 1053 incarna-

1897 1087 2104 1143 tionem
2144 1088 2368 1142 minime
2416 1087 2770 1151 conﬁtentur,
2828 1086 2921 1156 qui
2968 1095 3024 1142 et
3066 1086 3471 1159 Apollinarisla:

1898 1178 2275 1232 nominantur.
2337 1177 2476 1233 Tum
2511 1178 2602 1248 qui
2658 1176 2886 1232 Mariam
2934 1194 3148 1250 semper
3181 1180 3466 1251 virginem,

1896 1276 2187 1338 postquam
2240 1268 2577 1324 Salvatorem
2631 1270 2841 1339 genuit,
2891 1285 3015 1326 cum
3066 1268 3304 1342 Josepho
3337 1286 3470 1325 eon-

1894 1361 2139 1417 suevisse
2163 1360 2373 1422 dicunt,
2418 1375 2559 1430 quos
2600 1360 3183 1435 Antidicomarianitus
3233 1361 3470 1432 appella-

1888 1467 2030 1507 mus.
2066 1452 2197 1505 Item
2223 1452 2317 1520 qui
2344 1446 2405 1505 in'
2433 1465 2630 1506 nomen
2665 1450 2909 1520 ejusdem
2941 1450 3126 1506 Mariae
3150 1451 3467 1522 collyridem

1887 1542 2144 1604 eﬁ‘erunt,
2187 1550 2242 1596 et
2283 1543 2638 1613 Collyridiani
2683 1551 2969 1597 vocantur.
3024 1541 3359 1604 Massaliani,
3399 1542 3471 1595 ad

1886 1649 2029 1704 quos
2086 1634 2466 1704 adiunguntur
2527 1633 2890 1705 Martyriani,
2950 1634 3045 1705 qui
3099 1649 3131 1689 e
3179 1633 3465 1705 gentilium

1888 1733 2037 1781 secta
2059 1732 2113 1781 et
2139 1724 2474 1796 Euphemita:
2507 1740 2572 1780 ac
2607 1724 2872 1782 Satanici.

1956 1997 2113 2053 Nune
2157 1999 2387 2068 repetita
2435 1997 2750 2055 narratione
2787 2007 2840 2054 et
2879 1997 2933 2052 in
2986 1996 3235 2068 singulos
3294 1997 3468 2055 libros

1889 2088 2203 2145 distributis
2240 2090 2564 2152 haeresibus,
2609 2090 2715 2144 hoc
2751 2088 2805 2142 in
2837 2089 2987 2144 brevi
3019 2084 3343 2159 compendio
3375 2087 3470 2144 dc-

1888 2178 2129 2239 elarabo,
2150 2184 2410 2246 quotnam
2434 2192 2501 2232 ex
2523 2177 2631 2232 illis
2672 2192 2815 2231 Lxxx
2848 2176 3146 2233 haeresibus
3203 2178 3255 2231 in
3284 2180 3470 2248 priore

1889 2266 2034 2322 libro
2054 2307 2070 2331 ,
2096 2277 2231 2337 quot
2258 2266 2313 2320 in
2345 2264 2586 2321 secundo
2612 2276 2678 2320 ac
2708 2265 2868 2320 tertio
2895 2265 3280 2320 contineantur
3305 2283 3322 2334 ;
3353 2275 3466 2321 tum

1897 2360 1954 2414 in
1976 2358 2205 2428 reliquis
2224 2359 2825 2413 omnibuit'caaterorum
2848 2356 3111 2410 librorum
3132 2356 3318 2418 tomis,
3337 2364 3469 2427 quot

1897 2449 2197 2519 unicuith
2248 2448 2483 2503 haereses
2520 2447 2797 2501 attributae
2834 2452 2982 2501 sunt.
3032 2443 3237 2499 Harum
3282 2446 3470 2515 itaque

1889 2544 2131 2595 omnium
2177 2540 2350 2595 series
2382 2546 2468 2594 est
2504 2536 2775 2607 ejusmodi
2805 2555 2819 2592 :
2857 2537 2916 2590 lu
2947 2536 3125 2606 primo
3151 2535 3292 2590 libro
3333 2537 3466 2590 tomi

1871 2633 2124 2702 '1112
2170 2640 2283 2686 tres
2338 2637 2488 2692 sunt,
2522 2630 2759 2684 haereses
2811 2643 2932 2681 mn
2981 2627 3097 2682 suis
3156 2626 3470 2681 nominibus

1842 2789 1850 2793 ί
1890 2732 2170 2791 conceptae

2259 2737 2276 2773 ε
2337 2720 2722 2774 Barbarismus
2800 2716 3052 2771 videliiet
3129 2728 3192 2770 ac
3257 2713 3469 2785 Scythi-

1889 2826 2068 2879 smus,
2132 2810 2517 2875 Hellenismus,
2572 2807 2889 2863 Judaismus
2925 2821 2990 2861 ac
3038 2806 3467 2861 Samaritismus.

1890 2901 1948 2956 In
1996 2901 2242 2958 secundo
2297 2902 2440 2955 libro
2489 2900 2622 2955 torni
2660 2899 2772 2954 duo
2819 2907 2969 2965 sunt,
3020 2898 3258 2953 hmrcses
3311 2913 3468 2958 χχιιι.

1892 2994 1953 3048 In
1994 2996 2157 3049 tertio
2200 2990 2341 3047 libro
2388 2992 2522 3046 tomi
2570 2992 2718 3054 duo,
2763 2990 3000 3045 haereses
3041 3005 3122 3044 ιι.
3166 2976 3227 3043 ἰῖι
3270 2990 3473 3060 prioris

1890 3087 2074 3154 itaque
2123 3084 2247 3138 libri
2296 3091 2445 3138 temo
2487 3083 2665 3151 primo
2708 3083 2945 3137 haereses
2987 3097 3058 3135 xx
3103 3090 3272 3135 sunt:
3318 3080 3451 3135 Bar-

1893 3176 2189 3238 barismus,
2251 3173 2633 3243 Scythismus,
2685 3172 3056 3236 Graacismus,
3125 3170 3465 3226 Judaismus.

1891 3265 2205 3322 Graecorum
2232 3281 2399 3336 porro
2420 3260 2743 3320 discrimina
2770 3264 2875 3317 ista
2905 3269 3034 3317 sunt
3067 3281 3081 3317 :
3118 3259 3468 3333 Pythagorei.

1892 3361 2008 3417 sive
2030 3357 2409 3429 Peripatetici,
2454 3355 2745 3421 Platonici,
2797 3354 2990 3419 Stoici,
3039 3352 3316 3423 Epicurei.
3376 3352 3474 3407 Sa-

1890 3451 2143 3506 maritica
2175 3449 2399 3503 hmresis
2426 3461 2547 3517 qua:
2579 3461 2607 3499 a
2632 3445 2918 3500 Judaismo
2954 3444 3195 3498 manavit
3227 3462 3240 3498 :
3272 3442 3468 3498 Sama-

1892 3542 2053 3597 ritani
2108 3549 2347 3611 quatuor
2398 3538 2454 3593 in
2509 3546 2692 3608 partes
2737 3536 3076 3601 tribuuntur,
3133 3534 3466 3597 Gorthenos,

1890 3631 2172 3695 Sebuaaos,
2226 3628 2488 3692 Essenos,
2520 3625 2833 3681 Dositheos.
2867 3622 3179 3679 Iudaeorum
3228 3625 3470 3683 haereses

1891 3729 2099 3792 septem
2154 3738 2167 3775 :
2219 3717 2445 3780 Scribat,
2499 3715 2783 3780 Pharisaei,
2841 3714 3150 3778 Sadducaei,
3207 3714 3470 3770 Hemero-

1891 3810 2158 3881 baptistse,
2190 3806 2384 3870 Ossaei,
2431 3805 2693 3869 Nasaraei,
2748 3802 3063 3858 Herodiani.
3115 3802 3174 3856 In
3225 3805 3470 3860 secundo

1893 3913 2042 3958 tomo
2088 3899 2212 3955 libri
2279 3898 2439 3969 primi
2505 3897 2744 3951 haereses
2784 3909 2885 3948 xm
2929 3901 3107 3949 sunt:
3143 3894 3470 3959 Simoniani,

1892 3992 2292 4053 Menandriani.
2341 3989 2723 4054 Saturniliani,
2778 3985 3120 4053 Basilidiani,
3167 3985 3468 4053 Nicolaita’,

1891 4085 2137 4141 Gnostici
2167 4082 2261 4152 qui
2295 4089 2350 4136 et
2381 4079 2683 4135 Stratiotici
2722 4092 2788 4133 ac
2832 4076 3177 4139 Pbibionitze,
3228 4077 3297 4132 ab
3344 4078 3472 4132 aliis

1890 4190 2023 4231 vero
2069 4173 2425 4236 Secundiani,
2471 4173 2540 4226 ab
2581 4171 2703 4226 aliis
2745 4166 3052 4233 Socratitm,
3087 4168 3158 4222 ab
3192 4166 3315 4222 aliis
3345 4165 3468 4220 Zac-

1892 4246 2031 4322 (ξιιεεῖ
2079 4265 2381 4321 dicuntur:
2412 4261 2826 4331 Carpocratitaa.
2876 4258 3223 4314 Cerintliiani
3274 4256 3369 4327 qui
3414 4265 3473 4312 et

1893 4354 2265 4420 Merinthiani,
2318 4353 2584 4415 Nazaraai,
2631 4350 2894 4417 Ehionaai,
2937 4348 3230 4409 Valentini,
3262 4346 3475 4402 Secun-

1893 4449 2068 4517 diani,
2120 4447 2324 4519 quibus
2388 4445 2658 4499 accedunt
2715 4442 3025 4512 Epiphanes
3078 4446 3131 4495 et
3180 4437 3468 4495 Isidorus:

206 4536 566 4608 Κηρινθιανοὶ
612 4540 662 4592 οἱ
716 4540 808 4593 καὶ
847 4537 1224 4611 Μηρινθιανοὶ,
1262 4535 1788 4608 Ναζαραῖοι,Ἒϐιω-

1898 4541 2197 4598 Ριοιοιιιαιί.
2237 4537 2295 4593 In
2325 4538 2487 4593 tertio
2532 4546 2709 4590 autem
2740 4542 2888 4589 tomo
2919 4532 3117 4603 prioris
3149 4531 3272 4585 libri
3306 4529 3475 4586 bstarei

206 4633 385 4696 ναῖοι,
421 4631 758 4687 Οὑαλεντίνοι
778 4670 794 4696 ,
849 4632 1220 4687 Σεκουνδιανοὶ
1239 4669 1253 4693 ,
1305 4623 1382 4693 οἷς
1432 4630 1791 4683 συνάπτονται

219 4722 540 4793 Ἐπιφάνιος
587 4724 681 4777 καὶ
727 4724 1029 4795 Ἰσίδωρος’
1079 4722 1424 4793 Πτολεμαῖοι.
1485 4720 1577 4775 Ἐν
1618 4720 1677 4774 δὲ
1711 4718 1791 4791 τῷ

204 4813 382 4887 τρίτῳ
406 4814 559 4886 τόμῳ
589 4814 684 4868 τοῦ
718 4813 884 4869 αὐτοῦ
941 4812 1159 4887 πρώτου
1209 4812 1414 4885 βιϐλίου
1448 4811 1690 4884 αἱρέσεις
1723 4818 1790 4881 ιγ⁴

205 4905 418 4970 οὕτως’
472 4905 794 4979 Μαρκώσιοι
814 4945 831 4971 ,
885 4905 1262 4978 Κολορϐἀσιοι,
1316 4903 1742 4974 Ἡρακλεωνῖται
1771 4941 1788 4968 ,

219 4996 459 5065 Ὀφῖται,
502 4997 747 5063 Καῖανοὶ,
781 4997 1054 5069 Σηθιανοὶ,
1097 4995 1452 5068 Ἀρχοντικοὶ,
1484 4993 1791 5067 Κερδωνιαρ

206 5086 315 5151 vol,
358 5086 705 5158 Μαρκίωνες,
733 5087 1136 5152 Λουκιανισταὶ,
1175 5085 1568 5156 Ἀπελληῖανοὶ,
1617 5085 1790 5156 Σευη-

213 5180 413 5252 ριανοὶ,
442 5180 693 5234 Τατιανοί
715 5196 730 5212 ο
778 5179 915 5250 αὕτη
943 5181 976 5251 ἡ
1006 5178 1480 5248 ἀνακεφαλαίωσις
1506 5174 1600 5230 τοῦ
1642 5174 1793 5246 πρώ-

206 5288 309 5325 του
340 5270 544 5341 βιδλίου
576 5271 683 5325 τῶν
723 5271 891 5343 τριῶν
921 5271 1123 5342 τόμων.
1160 5270 1267 5323 Τοῦ
1311 5269 1369 5323 δὲ
1413 5268 1666 5340 δευτέρου
1712 5266 1792 5338 βι-

209 5362 369 5418 ϐλίου
397 5364 555 5436 τόμοι
581 5362 693 5419 δύο.
728 5364 840 5419 Καὶ
864 5364 920 5416 ὲν
947 5362 1045 5434 μὲν
1071 5361 1150 5432 τῷ
1178 5360 1380 5434 πρώτῳ
1415 5360 1509 5414 τοῦ
1536 5359 1791 5431 δευτέρου

208 5453 450 5526 βιϐλίου,
507 5454 752 5527 τετάρτῳ
795 5454 853 5508 δὲ
898 5453 1013 5508 δντι
1066 5452 1205 5508 κατὰ
1253 5452 1351 5525 τὴν
1395 5451 1649 5523 ἀπαρχῆς
1696 5449 1790 5504 τοῦ

205 5544 453 5617 ἀριθμοῦ
484 5544 824 5608 ἀκολουθίαν,
864 5544 1103 5619 αἱρέσεις
1150 5542 1220 5616 ιη’
1245 5542 1453 5608 οὕτως’
1510 5544 1794 5617 Ἐγκρατῖ·

204 5655 324 5702 ται.
374 5638 513 5691 κατὰ
553 5637 770 5709 Φρύγας
817 5638 867 5692 οἱ
912 5637 1006 5692 καὶ
1042 5637 1406 5693 Μοντανισταὶ
1446 5636 1541 5691 καὶ
1583 5636 1793 5689 Τασκοο

1850 4696 1861 4703 ,
1896 4651 1988 4693 ses
2033 4635 2222 4691 itidem
2266 4648 2369 4687 xm
2414 4639 2583 4686 sunt:
2611 4625 2887 4691 Marcosii,
2928 4623 3261 4687 Colorbasii,
3300 4621 3474 4678 Hera—

1895 4724 2181 4789 cleonitae,
2232 4720 2477 4793 Ophites,
2530 4716 2742 4780 Caiani,
2800 4711 3069 4780 Sethiani,
3119 4711 3462 4775 Archontici,

1894 4815 2261 4877 Cet-duuiani,
2314 4812 2654 4875 Mareiones,
2693 4807 3060 4867 Lucianistaz,
3109 4803 3469 4875 Appelleiani,

1899 4902 2204 4972 Severiani,
2231 4902 2471 4960 Tatiani.
2501 4901 2626 4957 Haec
2653 4907 2739 4956 est
2763 4912 2975 4955 summa
3002 4900 3275 4951 tomorum
3304 4895 3470 4977 trium

1904 4999 2070 5071 primi
2147 4997 2295 5053 libri.
2350 4994 2587 5051 Secundi
2636 5006 2771 5048 vero
2800 4989 2925 5046 libri
2978 4988 3131 5043 tomi'
3160 4987 3270 5043 duo
3318 4996 3469 5049 sunt,

1894 5091 2056 5160 cujus
2108 5089 2162 5143 in
2206 5088 2389 5158 priore
2439 5096 2588 5141 tumo
2638 5083 2753 5155 (qui
2786 5089 3028 5153 quartus
3074 5086 3182 5147 est,
3211 5077 3258 5134 si
3293 5088 3476 5135 tomos

1895 5180 2157 5248 deinceps
2189 5178 2259 5233 ab
2289 5176 2449 5232 initio
2501 5172 2779 5242 numeres)
2831 5172 3071 5226 haereses
3115 5183 3251 5224 xvm
3296 5168 3497 5224 conti-v

1894 5279 2097 5327 nentur
2149 5270 2253 5325 hoc
2301 5265 2843 5330 modozEncratitte,
2897 5260 3270 5332 Cataphryges
3299 5262 3473 5330 quiet

1890 5362 2239 5419 Montanistas
2297 5374 2362 5415 ac
2410 5356 2857 5428 Tascodrugita,
2920 5350 3219 5425 Pepuziani
3272 5349 3365 5419 qui
3413 5356 3479 5403 et

1892 5453 2233 5522 Quintiliani,
2259 5451 2461 5523 quibus
2495 5450 2872 5521 adjunguntur
2897 5446 3250 5517 Artotyritze;
3274 5441 3469 5498 Tessa-

1893 5544 2318 5602 rescaedeeatitae
2353 5543 2449 5613 qui
2494 5541 2705 5598 Pascha
2758 5541 2813 5596 in
2851 5540 3097 5596 eamdem
3144 5536 3274 5592 anni
3322 5536 3467 5590 diem

1893 5632 2233 5705 conjiciunt:
2260 5632 2417 5703 Alogi
2440 5632 2535 5703 qui
2563 5640 2618 5688 et
2643 5630 2995 5703 Evang‘elium
3019 5636 3077 5685 et
3098 5625 3469 5697 Apocalypsin

285 5839 303 5871 ⁸
334 5837 465 5895 Cor.
494 5836 776 5910 Εὐνόμιος.
853 5840 873 5870 ¹
901 5838 1028 5895 Cor.
1060 5835 1203 5912 μετὰ
1229 5836 1311 5894 τό.
1387 5836 1407 5869 ³
1440 5836 1568 5893 Cor.
1606 5834 1781 5889 Σαταν

1892 5833 1944 5888 ii.
2021 5835 2041 5867 ⁸
2077 5833 2204 5891 Cor.
2236 5835 2470 5906 ἑκάστῳ.
2548 5834 2568 5866 ⁵
2595 5830 2658 5887 F.
2686 5826 2967 5901 Γορθηνοί.
