3958 6448
551 425 663 482 839

1961 413 2022 470 S.
2063 411 2409 468 EPII'HANI!
3669 413 3752 468 8M

553 532 780 592 Joannis
803 529 1090 601 repudiarit
1115 549 1129 587 :
1158 528 1471 594 Adamiani,
1499 527 1765 599 Sampszei
1797 528 1890 598 qui
1925 537 1980 581 et
2012 503 2137 581 llel-

2239 529 2551 601 Spouﬁcat,
2604 524 2963 590 Πεπουζιανοὶ
3003 524 3097 586 καὶ
3139 518 3506 587 Κυπιλιανοὶ,
3547 514 3621 586 οἱς
3657 539 3752 578 cavo

551 626 750 689 ccsmi,
811 622 1216 688 'l‘heodotiani,
1271 620 1786 683 Melchisedeeiani,
1847 618 2133 674 Bardesia-

555 717 733 780 nisls),
784 713 1059 779 Noetiani,
1106 711 1334 778 Valesii,
1380 713 1626 776 Cathari,
1674 709 1942 781 Angelici,
1993 709 2134 779 Apo-

555 806 740 862 stolici
792 805 887 876 qui
940 807 1105 860 etiam
1166 804 1499 875 Apotactici,
1561 801 1881 868 Sabelliani,
1937 799 2131 871 Orige-

552 897 710 954 nistie
763 895 1028 951 imditatis
1087 906 1342 950 auctores
1373 936 1388 961 ,
1435 894 1758 966 Origenistae
1784 894 1853 948 ab
1893 891 2131 963 Origene

560 989 910 1048 Adamantio.
955 987 1015 1042 1n
1058 988 1302 1044 secundo
1339 995 1520 1042 autem
1553 996 1699 1041 tomo
1732 985 1978 1056 ejusdem
2009 984 2134 1039 libri

553 1078 782 1134 secundi
811 1076 946 1149 (qui
974 1077 1158 1147 priore
1186 1077 1276 1130 illa
1305 1075 1626 1130 numerandi
1667 1075 1879 1130 ratione
1903 1074 2132 1144 quintus

552 1171 657 1239 est)
713 1170 951 1225 haereses
976 1169 1221 1238 quinque
1268 1167 1479 1238 1113
1529 1173 1696 1222 sunt:
1731 1165 1886 1220 Pauli
1937 1165 2134 1224 Samo-

555 1261 817 1328 satensis,
880 1259 1164 1314 Manichtei
1206 1261 1300 1330 qui
1355 1270 1412 1314 et
1459 1261 1762 1321 Acuanitae,
1814 1257 2129 1323 llieracitae,

562 1351 842 1408 Mclctiani
875 1353 964 1421 qui
1001 1353 1058 1406 in
1092 1350 1327 1422 [Egypto
1349 1350 1591 1405 schisma
1622 1350 1894 1413 iecerunt,
1923 1349 2134 1404 Ariani.

555 1432 734 1513 Atque
801 1443 918 1497 haec
967 1449 1054 1498 est
1112 1449 1389 1498 tomorum
1437 1441 1560 1496 libri
1615 1441 1842 1496 secundi
1898 1455 2135 1496 summa.

554 1534 822 1591 Similiter
853 1541 908 1590 et
935 1534 991 1588 in
1015 1533 1178 1588 tertio
1207 1534 1349 1590 libro
1384 1533 1520 1588 torni
1543 1533 1654 1588 duo
1681 1540 1830 1589 sunt.
1857 1532 1915 1586 ln
1949 1532 2129 1602 primo

555 1635 704 1684 temo
760 1627 907 1683 tertii
965 1627 1094 1684 libri
1147 1628 1330 1697 (sexto
1372 1635 1554 1680 autent
1603 1639 1672 1680 eo
1709 1640 1871 1694 quem
1901 1623 2140 1678 diximus

555 1718 768 1788 ordine)
830 1718 1068 1774 haereses
1125 1731 1205 1771 vn
1260 1723 1388 1772 sunt
1419 1733 1434 1770 :
1465 1713 1698 1770 Audiani
1728 1752 1744 1780 ,
1799 1711 2138 1775 Photiniani,

553 1809 917 1874 Marcelliani,
955 1807 1305 1873 Semiariani,
1355 1806 1841 1863 Pnemnatomachi
1883 1807 1977 1877 qui
2027 1803 2144 1874 Spi-

2218 621 2499 674 .άπτονται
2536 619 2908 690 ’Δρτοτυρίται
2928 632 2944 648 ·
2973 614 3612 686 Τεσσαρεσκαιδεκατῖται
3637 617 3679 670 οἱ
3713 619 3759 675 τὸ

2244 711 2440 779 Πάσχα
2469 707 2599 779 μίαν
2623 708 2835 780 ἡμέραν
2862 706 2957 761 τοῦ
2987 707 3139 770 ἔτους
3163 704 3469 768 ποιοῦντες·
3505 705 3697 773 ’Δλογοι
3724 713 3761 763 oi

2234 801 2297 854 τὸ
2345 799 2675 868 Εὑαγγέλιον
2721 799 2820 854 καὶ
2869 799 2969 869 τὴν
3027 797 3392 868 ’Δποκάλυψιν
3439 796 3665 854 Ἰωάννου
3707 804 3762 874 μὴ

2235 892 2517 964 δεχόμενοι
2541 908 2555 922 ο
2631 891 2981 961 Ἀδαμιανοὶ,
3035 888 3340 962 Σαμψαῖοι,
3417 892 3710 962 Κερκεσαῖοι
3731 897 3761 956 ¹,

2236 984 2596 1046 Θεοδοτιανοὶ,
2637 980 3131 1053 Μελχισεδεκιανοὶ,
3166 983 3626 1055 Βαρδησιανισταὶ,
3654 985 3762 1056 Nm}-

2235 1077 2436 1138 τιανοὶ,
2483 1075 2796 1148 Οὐαλήσιοι.
2835 1076 3100 1147 Καθαροί,
3161 1075 3499 1144 ’Δγγελικοὶ,
3561 1076 3763 1129 ’Δποστο-

2237 1169 2380 1221 λικοὶ
2409 1169 2459 1221 οἱ
2499 1169 2596 1222 καὶ
2662 1169 3063 1234 ’Δποτακτῐται,
3103 1168 3468 1233 Σαϐελλιανοὶ,
3505 1168 3760 1240 Ὠριγένιιοι

2239 1262 2600 1332 αἱσχροποιοὶ,
2642 1260 2960 1332 Ὧριγένειοι
2998 1263 3048 1314 οἱ
3089 1261 3185 1315 τοῦ
3238 1261 3582 1332 ’Λδάμαντος.
3629 1259 3700 1312 Ἐν
3723 1260 3759 1311 δὲ

2237 1352 2318 1424 τῷ
2345 1353 2586 1425 δευτέρῳ
2623 1355 2778 1425 τόμῳ
2803 1353 2900 1407 τοῦ
2929 1354 3092 1408 αὐτοῦ
3121 1355 3368 1426 δευτέρου
3404 1353 3618 1424 βιϐλίου,
3661 1353 3762 1422 πέμ-

2241 1463 2362 1517 πτῳ
2396 1446 2455 1500 δὲ
2499 1445 2614 1501 ὄντι
2663 1447 2804 1501 κατὰ
2850 1448 2946 1500 τὸν
2991 1447 3222 1518 ἀριθμὸν
3263 1447 3356 1500 τὸν
3401 1446 3763 1518 προειρημένον,

2241 1538 2482 1610 αἱρέσεις
2515 1537 2555 1590 ε’
2586 1537 2757 1601 οὕτως
2779 1555 2792 1570 ³
2838 1537 3050 1592 Παύλου
3086 1537 3178 1590 τοῦ
3221 1537 3597 1608 Σαμοσατέως,
3637 1538 3764 1591 Μανι-

2241 1631 2386 1700 χαίοι
2413 1631 2463 1684 οἱ
2496 1630 2589 1684 καὶ
2630 1631 2993 1692 ’Δκουανϊται,
3045 1629 3359 1699 ’ῐερακζται,
3406 1627 3700 1682 Μελετιανοὶ
3729 1627 3766 1678 οἱ

2241 1720 2302 1772 ὲν
2330 1721 2398 1789 τῇ
2441 1719 2702 1789 Αἰγύπτῳ
2740 1719 3103 1790 πεποιηκότες
3148 1717 3211 1771 τὸ
3258 1718 3488 1788 σχίσμα,
3529 1718 3767 1789 ’Δρειανοξ.

2244 1810 2394 1879 Αὕτη
2429 1811 2463 1882 ἡ
2505 1809 2600 1863 τοῦ
2643 1810 2896 1882 δευτέρου
2937 1809 3142 1880 βιϐλίου
3170 1809 3280 1864 τῶν
3321 1809 3507 1880 ceng
3542 1811 3770 1874 ἀνακεφα-

557 1900 694 1956 ritui
759 1907 957 1955 sancto
1022 1898 1423 1954 contumeliose
1483 1897 1820 1961 detrahunt,
1874 1895 2137 1963 Aeriani,

2239 1879 2486 1966 λαίωσις.
2528 1901 2760 1971 Ὁμοίως
2790 1879 2884 1955 καὶ
2910 1879 2969 1956 ὲν
2994 1901 3072 1972 τῷ
3096 1901 3266 1972 τρίτῳ
3309 1879 3500 1971 βιϐλίῳ
3530 1899 3629 1952 εἱσὶ
3652 1899 3769 1969 τόμοι

562 1990 786 2047 Aetiani
817 1990 913 2061 qui
938 1999 993 2046 et
1017 1988 1294 2054 Anomoei,
1329 1988 1433 2044 hoc
1465 1997 1551 2044 est
1589 1987 1912 2055 Dissimiles,
1955 1986 2141 2058 appel-

561 2081 768 2140 lantur.
806 2081 864 2138 ln
895 2081 1140 2139 secundo
1167 2096 1299 2137 vero
1339 2088 1490 2137 torno
1525 2079 1772 2150 ejusdem
1820 2078 1969 2136 tertii
2011 2077 2138 2134 libri

562 2173 822 2243 (septimo
866 2179 1050 2227 autem
1095 2186 1162 2228 ex
1213 2171 1484 2226 divisione
1535 2170 1650 2236 illa,
1680 2184 1849 2242 quam
1874 2169 2140 2239 diximus)

554 2262 796 2318 haereses
835 2270 1073 2333 quatuor
1114 2269 1290 2319 sunt:
1322 2260 1656 2328 Dimmritae.
1711 2263 1808 2334 qui
1864 2277 1978 2318 non
2019 2276 2142 2333 per-

557 2353 758 2412 tectam
835 2352 1043 2410 Christi
1103 2353 1542 2408 incarnationem
1617 2355 1985 2419 conﬁtentur,
2041 2353 2138 2424 qui

552 2445 723 2501 etiam
758 2444 1135 2516 Apollinaritae
1162 2445 1523 2500 nominantur
1554 2462 1569 2500 :
1603 2454 1720 2501 tum
1749 2446 1843 2516 qui
1892 2456 2141 2502 sanctam

554 2531 786 2589 Mariam
831 2549 1052 2606 semper
1097 2535 1386 2605 virginem,
1441 2543 1732 2608 postquam
1797 2535 2138 2593 Salvatorem

555 2627 769 2696 genuit,
831 2641 957 2680 cum
1013 2623 1256 2697 Josepho
1309 2629 1667 2684 consuevisse
1721 2628 1946 2698 dicunt,
2002 2643 2143 2701 quos

563 2717 1150 2773 Antidicomarianitas
1181 2720 1534 2776 nominamus
1566 2740 1578 2774 :
1605 2726 1661 2774 et
1690 2720 1785 2789 qui
1842 2721 1898 2774 in
1943 2733 2143 2776 nomen

554 2807 806 2878 ejusdem
854 2808 1040 2864 Mariae
1078 2810 1374 2880 collyrida’s
1422 2810 1682 2874 offerunt,
1731 2812 1824 2880 qui
1878 2818 2144 2865 vocantur

559 2894 982 2970 Collyridiani:
1035 2899 1371 2958 Massaliani.
1445 2902 1660 2968 Quibus
1723 2901 1984 2972 adjuncta
2046 2918 2146 2973 po-

562 2995 772 3044 stremo
797 3001 882 3046 est
906 2990 1189 3047 catholica:
1215 2993 1338 3049 ﬁdei
1374 3007 1440 3048 ac
1463 2993 1709 3050 veritatis
1736 2993 2144 3063 compendiaria

553 3077 827 3150 defensio,
884 3083 941 3138 in
992 3099 1102 3155 qua
1161 3096 1361 3142 sancta
1413 3086 1686 3144 catholica
1735 3092 1792 3142 et
1841 3086 2144 3157 apostolica

557 3170 807 3231 Ecclesia
855 3177 1128 3241 consistit.

2241 1979 2366 2046 δύο·
2419 1992 2480 2045 ὲν
2509 1987 2593 2062 τῷ
2636 1992 2737 2063 μὲν
2785 1989 2990 2062 πρώτῳ
3024 1990 3176 2060 τόμῳ
3206 1988 3302 2043 τοῦ
3354 1990 3538 2061 τρίτου
3588 1987 3770 2058 βιϐλίου,

2242 2081 2387 2152 ικτῳ
2416 2079 2475 2134 δὲ
2504 2079 2622 2135 ὕντι
2665 2077 2808 2134 κατὰ
2838 2079 2930 2134 τὸν
2955 2079 3206 2151 ἀριθμὸν,
3247 2079 3311 2132 δν
3354 2079 3691 2151 προείπομεν,
3713 2077 3774 2130 αἱ·

2244 2167 2426 2241 ρέσεις
2473 2168 2541 2233 ζ’,
2589 2169 2797 2234 οὕτως·
2847 2168 3122 2233 Αὐδιανοὶ,
3165 2171 3434 2223 Φωτιανοὶ.
3481 2170 3523 2234 ⁸,
3565 2167 3772 2240 Μαρκελ-

2241 2260 2438 2326 λιανοὶ,
2482 2255 3292 2334 Ἦμιάρειοι,ἶ1νευματομάχοι
3314 2262 3366 2315 οἱ
3391 2261 3455 2316 τὸ
3475 2261 3682 2332 Πνεῦμα
3701 2258 3773 2314 τοῦ

2241 2351 2377 2406 Θεοῦ
2418 2353 2481 2406 τὺ
2517 2353 2673 2422 ἅγιον
2703 2353 3167 2426 βλασφημοῦντες,
3214 2355 3502 2426 Ἀεριανοὶ,
3547 2353 3717 2408 ’Δέτιοι
3738 2355 3772 2405 οἱ

2241 2449 2338 2502 καὶ
2386 2447 2678 2518 Ἀνὸμοιοι.
2724 2448 2814 2502 Ἐν
2858 2447 2918 2502 δὲ
2946 2447 3022 2519 τῷ
3057 2448 3296 2520 δευτέρῳ
3327 2449 3482 2520 τόμῳ
3519 2447 3608 2502 τοῦ
3646 2445 3772 2500 αὺτοῦ

2241 2542 2430 2614 τρίτου
2459 2539 2689 2612 βιϐλίου,
2723 2538 2934 2610 ἑϐδόμῳ
2965 2538 3022 2592 δὲ
3048 2539 3162 2594 ὅντι
3186 2539 3308 2594 καθ’
3333 2539 3404 2610 ἢν
3429 2540 3646 2612 εἴπομεν
3671 2538 3774 2592 διαί-

2245 2651 2417 2707 ρεσιν,
2447 2633 2688 2705 αἱρέσεις
2733 2631 2997 2702 τέσσαρες
3040 2631 3246 2695 οὕτως’
3297 2633 3598 2702 Διμοιραῖοι
3638 2632 3680 2683 oi
3720 2628 3773 2700 μὴ

2242 2727 2453 2780 τελείαν
2483 2725 2582 2796 τὴν
2621 2723 2714 2777 τοῦ
2759 2722 3000 2796 Χριστοῦ
3044 2724 3461 2796 ὲνανθρῶπησιν
3503 2723 3771 2793 ὁμολογοῦν

2242 2836 2356 2882 τες,
2388 2819 2438 2872 οἱ
2468 2818 2563 2871 καὶ
2613 2815 3015 2888 Ἀπολιναρῐται
3034 2833 3048 2850 ’
3077 2817 3127 2870 οἱ
3165 2817 3256 2870 καὶ
3283 2817 3450 2884 ἁγίαν
3478 2814 3678 2886 Μαρίαν
3700 2813 3772 2882 τὴν

2243 2905 2605 2978 ἀειπάρθενον
2631 2903 2881 2973 λέγοντες
2912 2904 3049 2976 μετὰ
3086 2905 3148 2958 τὸ
3179 2905 3270 2957 τὸν
3305 2905 3537 2974 Σωτῆρα
3565 2918 3771 2974 γεγεννη-

2243 3000 2419 3062 κέναι,
2461 2999 2540 3068 τῷ
2578 2997 2777 3068 Ἰωσὴφ
2826 2996 3114 3068 συνῆφθαι,
3148 2994 3244 3060 οὓς
3269 2995 3608 3065 ἐκαλέσαμεν
3638 2995 3772 3045 Ἀντιο

2242 3087 2694 3159 δικομσριανίτας
2715 3103 2730 3118 ο
2762 3086 2856 3140 καὶ⁵
2881 3087 2932 3138 οἱ
2961 3087 3040 3148 εἰς
3066 3085 3236 3156 ὕνομα
3262 3085 3365 3155 τῆς
3403 3084 3572 3155 αὐτῆς
3600 3081 3771 3151 Μαρίας

2244 3179 2564 3250 κολλυρίδας
2597 3179 3018 3252 προσφέροντες,
3047 3176 3242 3239 οἵτινες
3284 3177 3576 3230 καλοῦνται
3615 3172 3772 3228 Κολλυ-

559 3263 819 3335 ριδιανοί·
850 3267 1245 3323 Μασσαλιανοίο
1274 3269 1369 3322 καὶ
1397 3270 1429 3340 ή
1459 3269 1590 3340 περὶ
1610 3269 1710 3342 τῆς
1735 3267 1902 3340 ὀρθῆς
1943 3269 2179 3333 trimo);
2223 3269 2319 3324 καὶ
2366 3269 2625 3341 ἀληθείας
2669 3267 2933 3336 ἀπολογία
2980 3266 3096 3336 μετ’
3117 3267 3404 3338 ἐπιτομῆς,
3433 3267 3552 3338 ἥτις
3591 3264 3716 3318 ἐστὶν
3749 3263 3771 3321 ἡ

557 3359 691 3429 ἁγία
721 3359 982 3428 καθολικὴ
1027 3361 1121 3414 καὶ
1153 3361 1486 3434 ἀποστολικὴ
1524 3361 1840 3433 Ἐκκλησία.
1885 3366 1898 3394 ⁸

632 3451 916 3522 Ejusmodi
957 3461 1044 3508 est
1085 3468 1300 3508 summa
1359 3455 1781 3525 comprehensio
1843 3468 1909 3508 ac
1969 3455 2139 3509 totius

555 3543 740 3614 operis
773 3543 1038 3600 adversus
1066 3545 1346 3615 octoginta
1391 3545 1629 3600 luereses
1664 3543 1977 3614 inscriptio,
2012 3558 2138 3599 cum

562 3634 727 3690 unica
766 3647 832 3688 ac
883 3633 1146 3703 singulari
1193 3633 1515 3689 defensione
1563 3635 1844 3701 veritatis,
1897 3633 2002 3688 hoc
2053 3640 2141 3688 est

557 3723 728 3781 unius
749 3723 1007 3780 Ecclesiae
1021 3733 1187 3795 atque
1206 3725 1508 3780 catholicae.
1525 3723 1679 3792 Quod
1698 3740 1838 3794 opus
1863 3724 2142 3780 distribu-

558 3824 677 3868 tum
703 3813 758 3866 iu
779 3821 1118 3882 partestres,
1141 3822 1319 3869 tomos
1339 3822 1543 3884 septem
1561 3815 1962 3884 complectitur.
1984 3813 2141 3870 Nunc

560 3903 726 3958 aliam
758 3903 1018 3974 deinceps
1041 3905 1201 3974 primi
1232 3906 1363 3959 tomi
1391 3907 1593 3976 prioris
1622 3907 1746 3961 libri
1770 3922 2041 3961 summam
2076 3922 2141 3962 ac

560 3992 943 4062 compendium
989 3993 1360 4059 instituemus,
1407 4011 1517 4065 quo
1545 3996 1767 4066 quidem
1797 3997 1851 4050 in
1891 3996 2032 4051 libro
2067 3997 2142 4052 vi-

563 4082 698 4153 ginti
724 4082 959 4136 luet-eses
981 4083 1354 4138 continentur.
1380 4081 1439 4138 ln
1471 4085 1662 4155 primis
1691 4085 1836 4139 enim
1859 4085 2139 4141 haereseon

560 4171 806 4230 omnium
845 4183 1051 4230 matres
1101 4190 1166 4232 ac
1199 4176 1474 4246 primaria:
1513 4177 1907 4247 appellationes
1945 4191 1976 4232 α
2013 4177 2141 4249 qui-

558 4263 665 4318 bus
693 4271 901 4317 caetera:
939 4264 1315 4330 dimanarunt,
1347 4274 1476 4322 sunt
1500 4267 1772 4335 ejusmodi
1807 4284 1821 4320 :

632 4351 1037 4419 Barbarismus,
1068 4354 1161 4423 qui
1195 4370 1293 4424 per
1329 4355 1571 4426 seipsum
1605 4358 1676 4411 ab
1707 4357 1918 4413 Adamo
1947 4357 2015 4414 ad
2045 4360 2140 4414 de-

561 4456 682 4497 cem
720 4445 1101 4512 generationes
1127 4453 1182 4498 et
1233 4444 1422 4499 Noemi
1456 4454 1703 4516 tempora
1745 4451 2134 4518 perseveravit.

561 4531 666 4598 Qui
692 4532 1074 4590 Barbarismus
1108 4543 1396 4606 propterea
1427 4537 1653 4605 dicitur,
1689 4542 1837 4610 quod
1869 4543 2136 4598 vetustis—

563 4624 686 4678 simi
718 4625 794 4677 illi
821 4625 1132 4680 mortalium
1163 4638 1340 4697 ncque
1354 4636 1565 4682 certum
1583 4630 1822 4699 aliquem
1849 4641 2134 4689 auctorem

561 4711 860 4779 habebant,
910 4728 1008 4770 nec
1057 4715 1196 4770 inter
1249 4732 1309 4771 se
1348 4719 1800 4788 consentiebant;
1828 4723 1922 4777 sed
1960 4739 2134 4778 unus-

2311 3449 2462 3520 Αὕτη
2491 3451 2524 3521 ἡ
2563 3447 3040 3518 ἁνακειραλαίωσις
3079 3447 3176 3500 καὶ
3202 3445 3487 3517 ἐπιγραφὴ
3513 3444 3609 3515 τῆς
3633 3443 3770 3510 πάσης

2242 3543 2385 3598 κατὰ
2427 3543 2536 3596 τῶν
2577 3541 2908 3610 ὀγδοήκοντα
2959 3539 3225 3611 αἱρέσεων
3272 3537 3664 3610 πραγματείας,
3703 3532 3768 3585 καὶ

2244 3637 2377 3706 μιᾶς
2420 3634 2521 3704 τῆς
2567 3633 2710 3704 ὑπὲρ
2760 3630 3018 3702 ἀληθείας
3061 3629 3376 3699 ἀπολογίας,
3423 3629 3654 3683 τουτέστι
3697 3622 3769 3690 τῆς

2243 3727 2412 3797 μόνης
2458 3725 2751 3795 καθολικῆς
2793 3724 3140 3793 Ἐκκλησίας,
3172 3723 3230 3775 ὲν
3263 3723 3414 3793 τρισὶ
3455 3721 3550 3792 μὲν
3592 3717 3768 3788 βιϐλίοις

2242 3814 2579 3884 ὑποκειμένη
2621 3814 3090 3882 συντεταγμένως,
3120 3811 3260 3865 ἑπτὰ
3301 3811 3357 3863 δὲ
3402 3811 3585 3880 τόμοις
3610 3809 3765 3875 διαιρεο

2241 3908 2418 3963 θεῖσα.
2468 3906 2814 3977 Ποιησὸμεθα
2841 3906 2897 3958 δὲ
2928 3905 3090 3958 πάλιν
3118 3900 3589 3972 ἀνακεφαλαίωσιν
3620 3897 3768 3968 ἑτέραν

2239 4001 2334 4055 τοῦ
2366 3999 2584 4070 πρώτου
2608 3999 2773 4069 τόμου
2807 3998 2900 4051 τοῦ
2937 3997 3151 4068 πρώτου
3190 3995 3395 4067 βιϐλίου
3425 3993 3518 4048 τοῦ
3541 3991 3668 4047 κατὰ
3689 3987 3768 4040 τῶν

2240 4094 2446 4147 εἴκοσιν
2491 4092 2754 4162 αἱρέσεων
2781 4090 3260 4160 διαλαμϐάνοντος.
3294 4087 3521 4158 Πρῶτον
3566 4085 3656 4157 μὲν
3687 4081 3767 4150 γὰρ

2240 4186 2295 4237 αἱ
2340 4183 2448 4236 τῶν
2480 4182 2744 4253 αἱρέσεων
2798 4182 2988 4234 πασῶν
3039 4179 3274 4252 μητέρες
3324 4181 3420 4232 καὶ
3468 4175 3766 4249 πρωτότυποι

2239 4273 2522 4344 ὀνομασίαι
2548 4271 2608 4337 ἐξ
2637 4266 2710 4326 ὧν
2741 4271 2896 4324 ἄλλαι
2924 4271 3151 4340 ἔφυσαν,
3181 4262 3343 4323 αὗταί
3383 4271 3491 4322 εἰσι
3514 4283 3529 4296 ·

2309 4364 2714 4438 Βαρϐαρισμδς,
2748 4365 2871 4436 ἥτις
2922 4362 3044 4416 καθ’
3079 4363 3278 4432 ἑαυτήν
3324 4362 3443 4414 ἐστι
3475 4357 3765 4430 διαρκέσασα

2239 4456 2332 4525 ἀφ’
2383 4455 2604 4526 ἡμερῶν
2650 4453 2744 4508 τοῦ
2816 4455 3008 4524 ’Λδὰμ,
3057 4454 3150 4506 ἐπὶ
3193 4453 3325 4506 δέκα
3366 4455 3577 4520 γενεαῖς
3623 4449 3652 4518 ἢ
3693 4445 3763 4498 τοῦ

2237 4547 2362 4599 Νῶε
2385 4547 2424 4600 ³.
2455 4546 2840 4618 Βαρϐαρισμὸς
2891 4547 2949 4600 δὲ
2997 4545 3256 4616 κέκληται
3300 4545 3408 4598 ἀπὸ
3451 4544 3545 4597 τοῦ
3581 4541 3646 4612 μὴ
3667 4540 3762 4597 τοὺς

2235 4639 2355 4692 τότε
2387 4637 2708 4707 ἀνθρώπους
2735 4637 2976 4708 ἀρχηγόν
3024 4654 3148 4690 τινα
3183 4636 3327 4706 ἔχειν
3355 4635 3390 4705 ἢ
3432 4636 3559 4706 μίαν
3583 4644 3762 4700 συμφω-

2236 4730 2389 4782 νίαν·
2426 4729 2542 4782 ἀλλ’
2583 4730 2665 4782 ὅτι
2713 4731 2821 4792 πᾶς
2865 4747 2950 4792 τις
2983 4727 3158 4798 ἐαυτῷ
3197 4729 3448 4797 ὲστοίχει,
3501 4727 3590 4778 καὶ
3634 4722 3760 4790 νόμος

559 4804 795 4874 quisque
824 4819 924 4874 pro
955 4820 1056 4861 sua
1087 4806 1366 4863 voluntate
1395 4810 1558 4862 vitam
1584 4811 1923 4878 instituebat,
1947 4828 2012 4868 ac
2037 4829 2134 4883 pro

2239 4819 2413 4889 ἑαυτῷ
2457 4820 2598 4874 κατὰ
2631 4820 2733 4890 τὴν
2777 4821 3104 4890 προτίμησιν
3153 4817 3248 4872 τοῦ
3301 4818 3428 4870 ίδίου
3473 4815 3760 4886 βουλήματτς

561 4895 679 4964 lege
724 4911 886 4951 suum
954 4897 1189 4968 quisque
1233 4905 1428 4952 nutum
1487 4907 1653 4971 atque
1696 4903 1984 4962 arbitrium
2032 4904 2140 4959 sibi

562 4985 921 5054 proponebat.

635 5075 980 5144 Scythismus
1014 5092 1044 5131 a
1072 5076 1263 5134 Noemi
1300 5081 1642 5150 temporibus
1670 5081 1740 5136 ad
1767 5099 1941 5154 usque
1967 5086 2137 5141 turris

561 5171 618 5218 et
641 5163 932 5236 Babylonis
967 5168 1478 5234 exzedilicatiunem,
1509 5187 1573 5226 ac
1603 5179 1728 5242 post
1761 5175 1956 5228 turrim
1997 5190 2135 5244 ρου-

563 5254 644 5308 eis
675 5254 854 5307 adhuc
892 5256 1052 5308 annis
1085 5258 1344 5322 obtinuit,
1378 5261 1481 5315 hoc
1509 5271 1594 5316 est
1624 5278 1799 5331 usque
1825 5263 1890 5317 ad
1931 5262 2130 5319 Pltalec

565 5343 781 5416 1114
814 5351 870 5399 et
899 5343 1123 5415 Rhagau
1151 5384 1166 5409 ,
1199 5351 1291 5417 qui
1337 5351 1406 5404 ad
1443 5349 1713 5421 Europam
1759 5360 2129 5418 transeuntes,

2236 4908 2466 4977 ἐγίνετο.

2304 5082 2608 5154 Σκυθισμὸς
2654 5084 2762 5136 ἀπὺ
2789 5083 2898 5136 τῶν
2930 5083 3154 5155 ἡμερῶν
3203 5083 3324 5136 Νῶε
3373 5082 3473 5155 (6),
3533 5084 3620 5136 καὶ
3660 5093 3751 5149 μετ-

2234 5175 2424 5229 έπειτα
2464 5176 2590 5245 ἄχρι
2619 5176 2718 5245 τῆς
2751 5173 2846 5227 τοῦ
2870 5175 3083 5246 πύργου
3118 5175 3402 5246 οἰκοδομῆς
3431 5176 3524 5228 καὶ
3556 5169 3757 5225 Βαϐυλὼ-

2235 5285 2345 5335 νος,
2400 5269 2494 5322 καὶ
2537 5268 2675 5338 μετὰ
2707 5268 2798 5320 τὸν
2835 5267 2929 5321 τοῦ
2980 5269 3190 5340 πύργου
3234 5269 3422 5339 χρόνον
3468 5268 3558 5320 ἐπὶ
3596 5263 3756 5329 ὀλίγοις

2238 5355 2404 5421 ἔτεσι,
2433 5355 2715 5409 τουτέστιν
2755 5357 2862 5420 ἕως
2887 5357 3063 5411 Φαλὲκ
3101 5360 3194 5413 καὶ
3238 5357 3461 5426 Ῥαγὰϐ,
3491 5358 3668 5418 οἵτινες
3687 5348 3756 5404 ἐπὶ

655 5499 676 5533 ⁸
702 5499 830 5556 Cor.
869 5500 1168 5558 Ἐλκεσαῖυι
1241 5504 1263 5534 ¹
1290 5504 1414 5559 Cor.
1447 5503 1810 5564 Φωτεινιανοί.
1885 5507 1908 5538 ³
1941 5505 2002 5563 F.
2041 5507 2137 5580 μέχ

2239 5507 2326 5563 τοῦ
2360 5507 2505 5564 Νῶε.

591 5703 594 5706 .
627 5652 706 5723 (6)
741 5655 1078 5724 Σκυθισμὸς
1113 5657 1233 5715 ἀπὸ
1263 5657 1384 5712 τῶν
1408 5658 1646 5727 ἡμερῶν
1669 5661 1813 5717 Νῶε.
1861 5662 2009 5720 Ordo
2038 5663 2129 5718 hic

567 5729 614 5772 et
641 5731 925 5799 sectarum
953 5730 1266 5799 progressio
1291 5771 1305 5792 ,
1348 5745 1454 5799 non
1508 5733 1610 5781 hoc
1648 5734 1821 5785 solum
1871 5735 1926 5787 in
1985 5735 2125 5799 lero,

565 5790 657 5845 sed
675 5799 726 5847 et
746 5793 896 5858 alibi,
917 5790 968 5847 in
990 5790 1126 5849 libro
1151 5790 1324 5866 primo
1345 5795 1902 5869 l’anuriiprwsertim.
1922 5803 2008 5860 Cf.
2027 5790 2126 5859 Pe:-

2237 5665 2367 5743 _tav_ii
2395 5666 2463 5721 de
2495 5667 2689 5743 ordine
2723 5670 2820 5743 illo
2849 5686 2913 5726 ac
2941 5671 3324 5743 progressione
3343 5671 3610 5741 judicium,
3632 5658 3750 5743 gum!

2236 5738 2468 5805 legimus
2504 5739 2646 5793 inter
2678 5740 2826 5795 illius
2851 5730 3360 5799 animadversiones
3379 5745 3433 5800 iu
3461 5730 3607 5800 num.
3626 5730 3671 5792 8⁷.
3698 5730 3747 5784 ad

2234 5805 2562 5864 Pint-luditur)
2595 5813 2764 5866 totius
2794 5810 2998 5879 Opcris.
