3958 6394
531 337 634 392 8.ιῦ

1911 331 1972 387 S.
2013 327 2353 384 ΕΡΙΡΠΛΝΙΙ
3637 347 3714 403 ιιι

533 450 701 506 Israel
748 452 1062 506 nominatus
1101 459 1220 516 est,
1273 467 1369 523 per
1404 451 1792 522 Davidem,qui
1835 451 2049 522 primus
2082 465 2112 502 e

2223 452 2388 523 gauli};
2418 455 2478 508 τὸ
2510 455 2657 520 τέλος
2695 459 3129 532 κεκληρωμένος.
3169 461 3427 533 Ἑλλήνων
3449 463 3496 514 δὲ
3521 463 3722 535 διαφοραὶ

532 546 681 600 tribu
725 543 859 598 Jmla
908 559 1134 613 regnum
1179 553 1470 600 assecutus
1517 555 1630 612 est,
1679 543 1978 617 perfectum
2017 542 2113 597 Ju-

533 636 728 690 daismi
765 651 959 689 nomen
993 637 1250 690 obtinuit.
1282 636 1600 693 Grzecorunt
1636 651 1805 707 porro
1844 636 1950 692 ista
1985 642 2113 690 sunt

535 728 855 783 discrimina
894 747 907 781 :
977 801 980 804 ρ

599 819 955 892 Pythagorei,
990 821 1106 876 sive
1130 820 1476 891 Peripatetici
1506 820 1794 876 monadem
1830 827 1885 876 et
1927 818 2113 890 provi-

531 911 772 966 dentiam
827 920 1224 978 asseruerunt;
1273 913 1379 968 diis
1431 912 1783 978 sacriﬁcare,
1855 910 2115 965 animatis

535 1005 679 1058 vesci
717 1018 782 1058 ac
813 1005 943 1059 vino
977 1005 1054 1059 uti
1084 1004 1501 1074 prohibuerunt.
1531 1004 1697 1059 Iidem
1726 1017 1847 1074 quae
1878 1002 1946 1057 ab
1987 1002 2115 1056 luna

532 1109 756 1149 sursum
804 1101 1026 1164 patent,
1078 1093 1439 1162 immortalia;
1488 1109 1608 1164 quae
1651 1094 1913 1149 inferiora
1949 1101 2113 1162 sunt,

535 1183 788 1256 mortalia
832 1183 1118 1250 dicebant;
1194 1184 1408 1240 animas
1455 1199 1486 1238 e
1539 1185 1867 1256 corporibus
1912 1185 1966 1239 in
2010 1184 2116 1238 alia

534 1288 768 1344 corpora
795 1273 959 1329 etiam
991 1273 1310 1327 animalium
1349 1287 1414 1327 ac
1449 1273 1748 1328 bestiarum
1777 1269 2112 1326 transfundi.

539 1367 747 1422 llorum
775 1367 1039 1437 magister
1070 1364 1408 1436 Pythagoras
1438 1365 1645 1420 silentii
1676 1363 1890 1435 rigidus
1927 1363 2118 1419 obser-

535 1467 694 1513 vator
722 1456 883 1514 deum
915 1471 973 1512 se
999 1455 1324 1511 nominavit.

608 1546 868 1601 Platonici
904 1545 1073 1600 Deum
1119 1551 1174 1599 et
1229 1546 1515 1600 materiam
1549 1560 1613 1599 ac
1639 1544 1872 1600 formam
1903 1545 2112 1600 consti-

534 1648 779 1702 tuerunt,
801 1639 1062 1694 mundum
1083 1638 1326 1709 genitum
1360 1651 1425 1694 ac
1447 1638 1781 1708 corruptioni
1796 1639 2115 1704 obnoxium;

536 1732 777 1787 animam
812 1730 1112 1800 ingenitam
1157 1735 1215 1784 et
1261 1729 1624 1783 immortalem
1653 1743 1718 1783 ac
1745 1728 1988 1783 divinam
2035 1744 2120 1782 ar-

2215 546 2352 600 αἵδε*

2287 813 2664 886 Πυθαγόρειοι,
2695 814 2728 884 ἢ
2766 815 3192 886 Περιπατητικοὶ
3215 815 3313 886 (9),
3339 814 3436 886 τὴν
3465 814 3636 884 μονάδα
3657 814 3727 868 καὶ

2215 906 2316 976 τὴν
2349 907 2626 976 πρόνοιαν,
2667 908 2761 962 καὶ
2803 908 2866 962 τὸ
2908 909 3139 962 κωλύειν
3175 907 3395 961 θύεσθαι
3426 907 3552 970 θεοῖς
3574 907 3729 976 6mm-
3777 903 3784 908 ’

2215 999 2476 1064 στίζοντες.
2521 999 2780 1071 ἐμψύχων
2813 1001 2888 1072 μὴ
2940 1001 3395 1072 μεταλαμϐάνειν,
3426 999 3525 1051 ἀπὺ
3547 997 3664 1050 οἴνου
3690 997 3732 1048 δὲ

2218 1091 2677 1163 ὲτκρατεύεσθαιο
2733 1092 2984 1165 διώριζον
3027 1093 3084 1146 δὲ
3125 1093 3241 1163 ἀμα
3285 1093 3392 1146 ἀπὸ
3434 1091 3636 1161 σελήνης
3665 1088 3733 1142 καὶ

2218 1182 2331 1236 ἀνω
2359 1181 2602 1236 ἀθάνατα
2631 1183 2900 1252 λέγοντες,
2929 1184 3000 1237 τά
3039 1185 3096 1238 δὲ
3130 1185 3385 1238 ὑποκάτω
3413 1183 3569 1250 θνητά
3587 1200 3599 1214 ο
3643 1201 3735 1253 μετ-

2220 1275 2528 1346 αγγισμοὺς
2574 1276 2632 1329 δὲ
2691 1276 2878 1348 ψυχῶν
2950 1277 3059 1331 ἀπὸ
3115 1277 3384 1348 σωμάτων
3431 1278 3506 1338 εἰς
3557 1276 3734 1344 σώματα

2222 1368 2350 1439 ἄχρι
2383 1367 2539 1431 ζώων
2573 1369 2665 1422 καὶ
2713 1369 3022 1426 κνωδάλων,
3063 1370 3293 1424 Σιωπῶν
3330 1370 3387 1424 δὲ
3415 1371 3443 1422 ὁ
3481 1369 3659 1422 τούτων
3683 1368 3738 1421 δι·

2223 1460 2488 1524 δάσκαλος
2514 1461 2838 1534 Πυθαγόρας
2865 1462 3054 1517 ἑαυτὸν
3093 1459 3216 1514 θεὸν
3247 1461 3513 1532 ὠνόμασε.

2296 1551 2633 1605 Πλατωνικοὶ
2677 1551 2734 1606 δὲ
2762 1551 2895 1606 Θεὸν
2931 1554 3026 1606 καὶ
3062 1551 3196 1622 ὕλην
3238 1553 3333 1606 καὶ
3387 1548 3518 1615 εἶδος
3555 1553 3636 1604 καὶ
3675 1551 3741 1605 τὸν

2226 1643 2430 1714 κόσμον
2469 1642 2694 1713 γενητὸν
2721 1642 2819 1697 καὶ
2871 1642 3105 1713 φθαρτὸν
3137 1642 3424 1714 ὑπάρχειν,
3460 1642 3551 1712 τὴν
3587 1641 3635 1694 δὲ
3667 1641 3741 1709 ψυ-

2225 1735 2325 1806 χὴν
2352 1735 2645 1805 ἀγέννητον
2677 1736 2771 1788 καὶ
2810 1735 3074 1789 ἀθάνατον
3112 1735 3206 1789 καὶ
3241 1735 3420 1789 θείαν·
3453 1729 3580 1787 εἶναι
3601 1733 3648 1786 δὲ
3673 1731 3744 1787 αὐ-

535 1824 729 1880 bitrati
760 1831 890 1878 sunt
923 1837 937 1873 :
971 1819 1136 1890 hujus
1167 1828 1280 1875 tres
1310 1833 1432 1875 csse
1459 1828 1671 1890 partes,
1717 1833 1882 1874 unam
1907 1819 2118 1874 ratione

2352 1794 2478 1897 τρία
2512 1794 2676 1898 μέρη,
2706 1827 2944 1894 λογικὸν,
2985 1827 3214 1897 θυμικὸν
3245 1827 3342 1881 καὶ
3384 1825 3740 1895 ἐπιθυμητικόν.

539 1915 843 1987 praeditam,
869 1913 1095 1966 alteram
1119 1926 1228 1982 qua
1251 1909 1564 1976 irascimur,
1590 1909 1806 1965 tertiam
1841 1923 1948 1980 qua
1983 1925 2118 1964 con-

537 2007 894 2077 cupiscimus.
931 2004 1266 2060 Communes
1299 2003 1559 2057 omnibus
1596 2002 1852 2058 mulieres
1878 2017 2000 2057 esse
2023 2017 2120 2054 vo-

542 2103 675 2166 luit;
716 2113 878 2154 nemo
921 2104 980 2150 ut
1039 2109 1203 2150 unam
1241 2093 1510 2165 privatam
1566 2093 1794 2147 haberet
1839 2107 2065 2146 uxorem
2102 2107 2115 2144 :

538 2189 635 2247 sed
668 2197 726 2244 ut
761 2187 990 2258 quilibet
1029 2186 1278 2239 volentes
1307 2197 1433 2237 cum
1469 2183 1807 2253 quibuslth
1839 2197 1980 2253 quas
2009 2181 2119 2236 vel-

539 2283 685 2343 lent,
737 2279 1229 2349 coniungerentur.
1281 2275 1448 2330 tidem
1495 2276 1808 2330 animarum
1857 2275 1913 2329 in
1964 2275 2117 2330 varia

536 2383 769 2440 corpora
820 2367 984 2424 etiam
1065 2365 1364 2420 bestiarum
1419 2363 1687 2418 transitus
1745 2362 2119 2429 allirmabant;

537 2465 778 2533 deosque
822 2460 1062 2531 denique
1115 2457 1428 2526 complures
1495 2455 1567 2510 ab
1639 2469 1750 2510 uno
1805 2468 1932 2509 esse
1991 2467 2120 2524 pro-

538 2555 754 2611 ductos.

610 2642 782 2697 Stoici
811 2653 1012 2710 corpus
1039 2638 1358 2692 universum
1388 2651 1513 2692 esse
1543 2635 1837 2699 deﬁniunt,
1869 2646 1924 2691 et
1968 2650 2120 2706 aspe

539 2734 796 2789 stabilem
830 2732 976 2784 hunc
1017 2727 1284 2782 mundum
1316 2728 1484 2781 Deum
1512 2742 1638 2782 esse
1664 2734 1938 2782 statuunt.
1981 2725 2122 2780 Non-

539 2823 677 2880 nulli
707 2823 874 2877 etiam
905 2836 974 2875 ex
1011 2821 1136 2890 igne
1174 2827 1430 2873 naturam
1467 2819 1684 2874 illorum
1736 2825 1992 2874 constare
2027 2817 2122 2873 de-

541 2912 792 2969 fendunt.
825 2910 996 2965 Deum
1027 2911 1232 2981 quippe
1270 2917 1510 2964 mentem
1541 2924 1666 2965 esse
1691 2916 1908 2978 putant,
1938 2923 2003 2962 ac
2028 2922 2122 2962 va-

540 3003 800 3062 stissimae
829 3003 1000 3058 totius
1029 3001 1190 3057 molis
1213 3001 1338 3056 caeli
1363 3009 1417 3056 et
1452 3009 1616 3057 teme
1644 2999 1814 3056 veluti
1844 2999 2118 3067 animam;

538 3095 702 3166 cujus
731 3108 957 3165 corpus,
988 3102 1047 3149 ut
1091 3093 1239 3159 dixi,
1287 3100 1463 3149 totum
1501 3093 1608 3148 hoc
1657 3094 1732 3149 sit
1779 3093 2116 3158 universum,
2144 3128 2190 3188 ο

537 3188 685 3244 oculi
733 3201 865 3243 vero
916 3185 1118 3241 sidera.
1162 3183 1418 3241 Omnium
1480 3183 1706 3240 interire
1751 3198 2004 3249 carnem,
2065 3190 2121 3237 et

539 3281 777 3336 animam
825 3295 860 3333 a
906 3292 1137 3349 corpore
1191 3276 1428 3332 transire
1479 3276 1534 3330 in
1583 3289 1785 3348 corpus
1843 3275 1950 3331 sibi
1997 3289 2123 3346 per-

537 3370 792 3429 suadent.

608 3462 859 3533 Epicurei
919 3469 1133 3518 atomos
1174 3470 1229 3516 et
1265 3459 1548 3515 individua
1577 3464 1810 3530 corpora
1843 3459 2120 3517 similibus

535 3555 851 3611 constantia
900 3553 1152 3624 partibus
1214 3561 1271 3608 et
1321 3551 1577 3614 infinita,
1634 3567 1819 3606 rerum
1873 3553 2120 3606 omnium

536 3644 869 3714 principium
901 3657 1029 3698 esse
1068 3641 1412 3706 docuerunt,
1457 3651 1513 3697 et
1550 3639 1710 3697 tinem
1745 3641 2026 3698 felicitatis
2065 3643 2121 3696 in

537 3735 818 3805 voluptate
862 3741 1204 3804 posuerunt;
1259 3731 1431 3788 Deum
1491 3747 1556 3786 ac
1605 3732 2002 3802 providentiam
2053 3733 2122 3788 ab

537 3840 724 3881 rerum
757 3823 1237 3879 administratione
1261 3822 1626 3878 sustulerunt.

612 3915 830 3987 1116
850 3914 1268 3970 Samaritismus
1295 3921 1352 3970 et
1382 3913 1694 3969 Samaritte.
1722 3912 1899 3983 Hujus
1925 3913 1994 3968 ab
2017 3910 2118 3969 Ju-

537 4007 753 4063 daismo
776 4007 932 4078 origo
962 4005 1292 4072 deducitur,
1330 4021 1457 4076 qua:
1484 4013 1762 4060 sectarum
1794 4005 1937 4075 apud
1971 4005 2122 4059 Gras—

535 4112 634 4153 cos
683 4097 938 4152 divortiis
979 4105 1035 4152 et
1073 4111 1264 4152 earttm
1298 4095 1537 4151 decretis
1568 4110 1634 4150 ac
1673 4093 1946 4165 dogmatis
1977 4093 2120 4148 anti-

534 4191 699 4260 quior
740 4199 858 4256 est;
893 4203 1016 4242 nam
1052 4203 1083 4243 e
1111 4187 1235 4244 sinu
1281 4186 1404 4259 ipso
1430 4184 1702 4240 Judaismi
1739 4184 1942 4256 prodiit
1970 4185 2120 4239 circa

535 4279 1064 4336 Nabuchodonosori
1098 4289 1152 4335 et
1178 4277 1421 4334 Iudaica:
1454 4277 1793 4349 captivitatis
1847 4285 2115 4346 tempora.

537 4373 704 4428 Primi
751 4380 918 4428 sectae
969 4371 1286 4426 conditores
1341 4385 1409 4425 ex
1473 4369 1712 4440 Assyriis
1765 4369 1822 4423 in
1873 4367 2117 4423 Judaaam

2221 1919 2332 1983 Τάς
2380 1919 2438 1973 δὲ
2473 1921 2740 1988 γυναῖκας
2786 1919 2970 1984 κοινὰς
3017 1922 3134 1983 τοῖς
3179 1921 3312 1972 πᾶσι
3368 1918 3625 1987 γίνεσθαι,
3678 1919 3747 1970 καὶ

2224 2011 2427 2083 μηδένα
2463 2012 2593 2082 μίαν
2619 2012 2763 2083 ἔχειν
2792 2012 3039 2084 γαμετὴν
3069 2012 3226 2072 ίδίαν,
3250 2011 3370 2064 ἀλλ’
3395 2012 3582 2074 αὐτοὺς
3606 2010 3747 2062 θέλον-

2219 2119 2318 2166 τας
2343 2105 2465 2165 ταῖς
2498 2101 2853 2174 βουλομέναις
2882 2103 2992 2175 (10)
3031 2105 3292 2156 συνεῖναι.
3325 2090 3684 2172 Μεταγγισμδν
3704 2096 3747 2152 δὲ

2221 2195 2481 2258 ὡσαύτως
2505 2193 2696 2265 ψυχῶν
2724 2196 2806 2259 είς
2835 2195 3104 2266 σωμάτων
3130 2195 3392 2265 διαφορὰς
3430 2197 3551 2267 ἄχρι
3584 2195 3749 2248 κνωδά-

2221 2285 2347 2340 λων.
2400 2280 2631 2356 Ὁμοίως
2661 2285 2719 2339 δὲ
2761 2286 2856 2340 καὶ
2889 2286 3046 2352 θεοὺς
3075 2289 3140 2341 ἐκ
3173 2287 3266 2342 τοῦ
3297 2287 3418 2346 ἐνὸς
3456 2287 3660 2351 πολλοὺς
3681 2285 3750 2337 καὶ

2222 2375 2376 2431 αὐτοὶ⁵
2403 2377 2780 2449 ὲδογμάτισαν.

2292 2644 2543 2706 Στωϊκοὶ,
2596 2643 2757 2714 σῶμα
2810 2642 2873 2695 τδ
2923 2644 3032 2696 πᾶν
3089 2642 3526 2712 δογματίζοντες,
3571 2639 3755 2694 καὶτὸν

2222 2735 2480 2807 αἰσθητὸν
2498 2735 2689 2790 τοῦτον
2713 2735 2918 2803 κόσμον
2939 2734 3074 2787 Θεὸν
3103 2732 3437 2804 νομίζοντες
3459 2734 3594 2795 τινὲς
3614 2731 3756 2796 ὲκτῆς

2220 2825 2316 2880 τοῦ
2351 2826 2523 2896 πυρὸς
2547 2825 2735 2888 οὐσίας
2762 2825 2861 2894 τὴν
2889 2824 3050 2894 φύσιν
3080 2825 3257 2877 αὐτῶν
3285 2825 3548 2894 ὁρίζουσι.
3577 2824 3668 2875 Καὶ
3687 2821 3756 2872 τδν

2225 2919 2324 2988 μὲν
2350 2918 2484 2970 Θεὸν
2517 2917 2641 2971 νοῦν
2675 2917 3078 2987 δογματίζουσι,
3131 2917 3226 2969 καὶ
3269 2915 3347 2980 ὡς
3393 2917 3569 2987 ψυχὴν
3602 2914 3757 2971 παντός

2220 3010 2314 3064 τοῦ
2355 3010 2506 3074 ὄντος
2539 3010 2736 3072 κύτους
2787 3008 3017 3080 ούρανοῦ
3061 3009 3156 3062 καὶ
3200 3009 3326 3080 γῆς,
3364 3009 3526 3079 σῶμα
3555 3009 3605 3061 δὲ
3630 3003 3757 3059 αὑτοῦ

2222 3103 2283 3156 τὸ
2326 3104 2455 3165 πᾶν,
2493 3103 2571 3166 ὡς
2625 3102 2783 3173 ἔφην,
2827 3101 2918 3154 καὶ
2961 3099 3274 3171 ὀφθαλμοὺς
3311 3101 3442 3164 τοὺς
3493 3099 3759 3168 φωστῆρας.

2229 3196 2341 3268 Τὴν
2386 3196 2444 3249 δὲ
2487 3195 2665 3266 σάρκα
2713 3193 2929 3248 πάντων
2976 3191 3334 3258 ἀπόλλυσθαι,
3368 3191 3464 3246 καὶ
3509 3189 3600 3260 τὴν
3621 3187 3762 3258 ψυχὴν

2228 3285 2447 3340 πάντων
2479 3283 2902 3356 μεταγγίζεσθαι
2930 3283 3039 3338 ἀπὸ
3071 3281 3322 3354 σώματος
3356 3283 3438 3344 είς
3472 3279 3641 3351 σῶμα,

2318 3457 2682 3531 Ἐπικούρειοι
2715 3457 2894 3528 ἄτομα
2918 3456 3012 3510 καὶ
3039 3453 3224 3527 ἀμερῆ
3256 3451 3488 3524 σώματα
3515 3451 3603 3506 καὶ
3625 3451 3763 3520 ὁμοιο-

2233 3553 2376 3626 μερῆ
2413 3568 2476 3604 τε
2526 3550 2620 3604 καὶ
2650 3549 2854 3620 ἄπειρα
2897 3547 2994 3618 τὴν
3032 3547 3208 3617 ἀρχὴν
3256 3542 3398 3598 εἶναι
3434 3547 3538 3598 τῶν
3587 3542 3762 3595 πάντων

2229 3644 2636 3715 ὑπεστήσαντο·
2697 3641 2792 3694 καὶ
2851 3639 3003 3703 τέλος
3066 3637 3356 3707 εὐδαίμονα
3409 3637 3424 3666 ⁸
3470 3635 3566 3705 τὴν
3611 3628 3763 3702 ἡδονὴν

2229 3734 2609 3804 ὲδογμάτισαν,
2639 3731 2736 3786 καὶ
2772 3732 2910 3803 μήτε
2934 3729 3068 3782 Θεδν
3097 3730 3232 3798 μήτε
3259 3727 3517 3798 πρόνοιαν
3541 3723 3606 3777 τὰ
3625 3722 3764 3775 πάντα

2227 3824 2463 3879 διοικεῖν.

2300 3913 2756 3988 Σαμαρειτισμὺς,
2789 3913 2884 3966 καὶ
2913 3913 2962 3966 οἱ
2995 3912 3092 3966 ἀπ’
3125 3909 3292 3964 αὐτοῦ
3324 3909 3664 3979 Σαμαρεῖται.
3692 3900 3765 3957 ’ος

2228 4008 2377 4060 ἐστιν
2422 4005 2528 4058 ἀπὸ
2565 4002 2919 4074 Ἰουδαῖσμοῦ,
2962 4003 3069 4074 πρὸ
3100 4002 3202 4073 μὲν
3221 3999 3312 4055 τοῦ
3356 3997 3678 4066 καταστῆναι
3703 3991 3765 4043 αἱ·

2232 4103 2408 4174 ρέσεις
2449 4103 2529 4166 εἰς
2560 4100 2849 4173 Ἓλληνας,
2889 4099 2984 4153 καὶ
3031 4096 3138 4168 πρὸ
3186 4095 3281 4150 τοῦ
3326 4096 3586 4166 συστῆναι
3625 4086 3766 4144 αὐτῶν

2225 4193 2294 4248 τὰ
2344 4193 2609 4264 δόγματα,
2647 4191 2786 4263 μετά
2828 4191 2886 4244 δὲ
2933 4188 3030 4242 τοῦ
3058 4184 3199 4243 εἶναι
3247 4187 3520 4257 Ἑλλήνων
3555 4183 3645 4254 τὴν
3665 4179 3765 4250 θρη-

2228 4285 2435 4352 σκείαν,
2482 4286 2578 4340 κα)⁸
2635 4284 2800 4355 μέρος
2838 4284 2860 4314 ³
2886 4280 2984 4336 τοῦ
3023 4279 3354 4351 Ἰουδαϊσμοῦ
3389 4280 3492 4352 τὴν
3540 4275 3768 4347 πρόφασιν

2227 4374 2462 4446 εἰληφὼς
2513 4373 2622 4428 ἀπὺ
2672 4373 2784 4428 τῶν
2828 4373 3037 4445 χρόνων
3081 4370 3548 4441 Ναϐουχοδονόσορ
3592 4361 3766 4428 καὶτῆς

535 4465 894 4536 transportati
926 4466 1170 4535 quinque
1197 4463 1465 4518 duntaxat
1498 4461 1700 4532 loysis
1753 4460 1924 4515 libros
1959 4474 2118 4516 acce-

2223 4470 2332 4523 τῶν
2377 4466 2645 4522 Ἰουδαίων
2677 4465 3072 4538 αἰχμαλωσίας.
3117 4464 3372 4519 Μέτοικοι
3406 4462 3464 4514 δὲ
3508 4461 3649 4520 ὄντες
3686 4450 3769 4506 ἀπὸ

535 4565 756 4628 perunt,
780 4572 922 4626 quos
948 4572 1045 4626 per
1063 4555 1430 4620 sacerdotem,
1459 4555 1555 4625 qui
1572 4555 1873 4610 vocabatur
1895 4553 2120 4619 Esdras,

538 4662 628 4704 rex
663 4649 730 4703 ad
767 4649 890 4704 illos
941 4647 1214 4719 Babylone
1247 4647 1491 4702 miserat.
1522 4646 1716 4702 Omnia
1752 4647 1955 4703 habent
1994 4661 2119 4701 cum

534 4742 737 4797 Iuda-is
787 4743 1138 4808 communia,
1184 4741 1230 4795 si
1283 4739 1388 4795 hoc
1446 4754 1616 4794 unum
1671 4740 1942 4810 excipias,
1971 4738 2118 4809 quod

534 4843 724 4903 gentes
755 4835 1174 4891 abomincntur.
1223 4847 1402 4902 neque
1431 4847 1761 4901 quemquam
1802 4833 2120 4903 contingere

533 4929 724 4989 velint,
749 4929 1004 4998 quodque
1029 4936 1372 4982 mortuorum
1425 4929 1887 4982 resurrectionem
1923 4940 1988 4980 ac
2018 4941 2119 4980 ca:-

527 5025 683 5074 teras
723 5028 845 5089 post
885 5019 1124 5092 Moysem
1153 5020 1470 5090 prophetias
1501 5019 1782 5090 rejiciunt.
1813 5019 2116 5075 Samarita-

605 5179 622 5208 ¹
657 5177 784 5231 For.
820 5177 1184 5246 εὐδαιμονίας.
1261 5179 1281 5208 ²
1312 5194 1402 5248 rp.
1427 5175 1587 5248 μετὰ.

605 5336 1096 5411 (9)-Πυ-οατὸρειοι
1125 5374 1141 5398 ,
1193 5337 1935 5411 ῆ-ΠεριπᾳτητικοίκΝοιι
1987 5335 2122 5411 .c_at_is

530 5404 674 5466 bene
695 5404 1063 5480 Pythagoreos
1094 5421 1218 5458 cum
1249 5404 1630 5476 Peripateticis
1665 5408 1959 5480 confundit
1990 5405 2085 5475 Epi
2106 5434 2120 5445 -

532 5477 787 5549 phanius.
824 5477 918 5546 qui
956 5489 1131 5546 neque
1159 5485 1340 5540 aetate,
1375 5481 1551 5546 neque
1581 5479 1853 5533 doctrinis
1888 5479 2028 5531 inter
2059 5491 2121 5532 se

531 5550 907 5603 consentiunt.

606 5621 718 5687 (10)
757 5617 892 5682 Ταῖς
919 5617 1344 5686 βουλομέναις.
1379 5615 1661 5687 Petavium
1701 5618 1754 5671 in
1793 5617 1986 5671 Latina
2036 5619 2119 5669 in-

536 5685 924 5756 terpretatione
979 5685 1182 5740 deserit
1243 5689 1330 5742 hic
1387 5685 1767 5751 Tlmmasius;
1826 5687 2115 5757 Iﬁpipltanii

537 5762 716 5810 tanien
759 5772 918 5809 sensa
966 5758 1188 5813 ouinitw
1229 5775 1336 5813 ιιοιι
1391 5757 1570 5811 reddit
1601 5757 1812 5812 Latine.
1847 5762 1900 5814 ni
1934 5760 2117 5826 suspi-

2242 4558 2543 4629 ’Λσσυρίων
2569 4558 2649 4621 εἰς
2679 4557 2780 4628 τὴν
2805 4555 3088 4618 Ἰουδαίαν,
3117 4554 3214 4608 καὶ
3249 4552 3507 4616 λαϐόντες
3542 4550 3635 4620 τὴν
3660 4546 3766 4598 Πεν·

2227 4651 2488 4721 τάτευχον
2518 4650 2688 4722 μόνην
2717 4648 3017 4712 Μωῦσέως,
3038 4646 3135 4701 τοῦ
3174 4645 3439 4718 βασιλέως
3466 4644 3639 4704 αὐτοῖς
3663 4639 3767 4692 ἀπο-

2229 4744 2536 4805 στείλαντος
2569 4741 2680 4796 ἀπὸ
2713 4740 3052 4804 Βαϐυλῶνος,
3089 4738 3177 4792 διά
3226 4737 3416 4810 ἱερέως
3458 4734 3652 4804 Ἔσδρα
3688 4743 3764 4780 κα-

2226 4837 2320 4890 λου
2329 4835 2510 4906 μένου.
2540 4835 2624 4888 Τά
2648 4834 2830 4888 πάντα
2856 4833 3070 4903 ἔχοντες
3099 4831 3190 4885 ῖσα
3217 4829 3507 4892 Ἰουδαίων,
3546 4826 3672 4894 πλὴν
3697 4815 3766 4871 1'05

2228 4925 2607 4998 βδελύττεσθαι
2655 4927 2724 4980 τὰ
2757 4925 2908 4994 ἔθνη,
2951 4924 3044 4976 καὶ
3087 4924 3225 4994 μήτε
3261 4916 3592 4993 προσψαύειν
3620 4910 3764 4969 τινῶν.

2225 5020 2322 5074 καῖ
2359 5018 2501 5090 πλὴν
2524 5019 2619 5072 τοῦ
2653 5017 2936 5090 ἀρνεῖσθαι
2981 5014 3193 5088 νεκρῶν
3237 5014 3552 5076 ἀνάστασιν,
3584 5008 3669 5064 καὶ
3695 5001 3766 5060 τὰς

2221 5331 2368 5386 ceris
2411 5330 2619 5384 librarii
2660 5343 2851 5384 errore
2901 5334 2956 5382 et
3011 5324 3303 5379 oscitantia
3336 5319 3607 5376 Thomasii
3636 5313 3763 5392 verba

2219 5417 2346 5457 esse
2377 5401 2590 5456 vitiata.
2655 5399 2868 5454 Sensus
2901 5413 3033 5467 ergo
3085 5395 3565 5467 Epipilaltiiut‘sl.“
3598 5401 3648 5442 ut
3695 5398 3763 5467 qui

2217 5475 2448 5535 vellent,
2473 5471 2673 5534 αὐτοὺς
2704 5463 2992 5530 θέλονταςξ
3015 5463 3279 5521 ηοιιίεὶιιιι
3311 5463 3630 5535 quilmsﬁbet
3657 5466 3764 5524 quas

2219 5533 2459 5605 vellent,
2507 5533 3022 5610 conjungerentur;
3068 5533 3670 5610 sedcumquilmslibet
3695 5537 3765 5610 ref

2219 5604 2484 5673 lentibns.
2518 5604 2982 5678 assentiEntibus;
3011 5623 3136 5664 cum
3159 5607 3293 5673 illis,
3318 5621 3436 5678 qua:
3466 5604 3767 5663 vellent,:af;

2221 5683 2597 5734 Βουλομέναις.

2221 5683 2597 5754 βουλομέναις.
