3958 6398
205 453 305 510 εδδ

1488 431 2151 489 ANACEPHALILOSIS.

3349 402 3457 472 886

206 571 363 631 ἄλλας
408 565 736 638 προφητείας
795 563 933 634 μετὰ
988 559 1264 620 Μωῦσὲως
1323 559 1362 609 ¹.
1423 552 1779 626 Σαμαρειτῶν

1915 565 2080 605 lorum
2126 554 2212 602 est
2257 545 2423 599 factio
2469 541 2642 597 divisa
2674 544 2726 594 in
2761 546 2941 610 partes
2989 537 3242 608 quatuor.
3286 532 3457 588 Primi

206 664 327 730 ἔθνη
359 660 616 728 τέσσαρα,
647 656 932 727 Γοροθηνοὶ
964 655 1095 724 (Η),
1129 652 1179 703 oi
1221 650 1400 712 ἄλλοις
1442 650 1653 718 καιροῖς
1679 645 1778 707 τὰς

209 751 394 818 ἑορτὰς
423 752 642 818 ἄγοντες
671 748 821 818 παρὰ
849 747 974 808 τοὺς
1003 743 1346 804 Σεϐουαίους.
1386 740 1661 794 Σεϐουαῖοι
1690 736 1779 788 διὰ

205 844 300 912 την
366 843 532 911 αὐτὴν
577 841 756 893 αἰτίαν
801 838 909 892 τῶν
953 833 1156 905 ἑορτῶν
1212 833 1348 902 πρὸς
1396 831 1521 894 τοὺς
1571 828 1777 900 Γορθη-

209 934 326 996 νοὺς
361 933 755 1003 διαφερόμενοι.
803 929 1068 999 Ἐσσηνοὶ,
1127 925 1247 997 μηδ’
1293 922 1580 992 ὁποτέραις
1628 922 1780 973 ἐναν-

206 1025 472 1096 τιούμενοι
492 1065 508 1091 ,
563 1027 676 1086 τοῖς
739 1021 797 1075 δὲ
857 1017 1366 1091 παρατυγχάνουσιν
1435 1010 1782 1084 ἑορτάζοντες

207 1116 528 1186 ἀδιαφόρως.
565 1113 804 1169 Δοσίθεοι
843 1113 955 1175 τοῖς
995 1110 1177 1170 αὐτοῖς
1213 1107 1412 1173 ἔθεσιν,
1441 1100 1521 1170 οἷς
1556 1105 1650 1158 καὶ
1679 1105 1782 1156 Σα-

211 1209 461 1278 μαρεῖται
489 1203 986 1274 ὲμπολιτευόμενοι,
1015 1202 1286 1272 περιτομῇ
1313 1215 1374 1252 τε
1398 1197 1493 1251 καὶ
1522 1195 1784 1266 Σαϐϐάτῳ

208 1299 300 1351 καὶ
329 1299 440 1359 τοῖς
467 1296 645 1360 ἄλλοις
677 1295 950 1368 χρώμενοι
979 1296 1046 1364 τῇ
1078 1310 1138 1346 τε
1185 1289 1561 1361 Πεντατεύχῳ,
1589 1304 1784 1359 περισ-

211 1389 425 1460 σότερόν
457 1405 517 1441 τε
543 1387 650 1442 τῶν
681 1387 857 1442 ἄλλων
885 1385 1242 1455 φυλάττοντες
1265 1382 1329 1435 τὸ
1356 1379 1658 1451 ἀπέχεσθαι
1685 1380 1784 1450 έμ-

209 1482 410 1551 ψῠχων.
443 1480 502 1532 ὲν
538 1479 814 1551 νηστείαις
863 1477 1226 1548 συνεχέστατα
1266 1470 1524 1544 βιοῦντες.
1563 1470 1786 1540 Ἔχουσι

210 1571 264 1624 δὲ
305 1571 399 1623 καὶ
448 1569 746 1640 παρθενίαν
791 1568 934 1632 τινὲς
977 1565 1160 1621 αὐτῶν
1184 1606 1199 1631 ,
1249 1560 1670 1636 ἐγκρατεύονται
1728 1559 1786 1613 δὲ

211 1661 371 1717 ἄλλοι.
408 1660 728 1714 Πιστεύουσι
760 1659 819 1713 δὲ
863 1657 1073 1730 νεκρῶν
1122 1657 1438 1719 ἀνάστασιν,
1469 1653 1604 1721 ὅπερ
1641 1649 1786 1715 ξένον

211 1752 324 1806 ἐστὶ
355 1751 744 1823 Σαμαρείταις.
955 1763 958 1765 ‘

1880 651 2009 696 Sunt
2035 638 2322 704 Gortheni,
2357 637 2452 706 qui
2493 633 2663 689 festos
2694 633 2811 686 dies
2843 630 2988 693 aliis,
3016 631 3180 698 quam
3221 620 3456 686 Sebtiati,

1881 731 2218 802 temporibus
2249 728 2516 784 indicunt.
2557 725 2660 778 Alii
2713 721 2948 787 Βοιωτοὶ,
2982 720 3075 791 qui
3108 720 3179 774 ob
3208 716 3458 772 eamdem

1884 826 2147 880 festorum
2193 821 2406 876 diermn
2450 817 2797 872 occasionem
2845 828 2876 867 a
2921 811 3213 868 Gorthenis
3245 809 3460 863 disseri-

1883 917 2046 970 tiunt.
2084 914 2248 968 Tertii
2299 918 2428 965 sunt
2480 907 2713 970 Esseni,
2750 905 2845 976 qui
2897 903 3076 958 neutri
3115 901 3253 972 parti
3297 908 3462 966 repu-

1885 1013 2090 1075 gnant,
2123 1003 2218 1059 sed
2270 1018 2394 1057 cum
2435 1001 2522 1063 iis,
2562 1000 2616 1054 in
2667 1011 2806 1067 quos
2834 994 3160 1058 inciderint,
3191 992 3311 1047 sine
3349 986 3464 1044 ullo

1884 1096 2204 1153 discrimine
2237 1093 2377 1148 festa
2411 1099 2699 1162 peragunt.
2735 1087 3008 1144 Postremi
3035 1092 3167 1142 sunt
3196 1080 3463 1147 Dosithei,

1885 1188 1976 1258 qui
2002 1187 2221 1249 iisdem,
2255 1183 2454 1254 quibus
2489 1181 2862 1245 Samaritani,
2897 1171 3166 1235 institutis
3213 1179 3465 1240 ‘utuntur,

1885 1276 2360 1334 eircumcisionem
2394 1283 2448 1330 et
2473 1274 2774 1328 Sabbatu-m
2804 1286 2871 1326 ae
2907 1278 3126 1332 caetera,
3170 1265 3468 1337 itidemque

1887 1366 2320 1422 Pentateuchum
2349 1364 2627 1419 adhibent.
2675 1362 2952 1431 Praecipue
2985 1376 3116 1414 vero
3140 1372 3204 1413 ac
3237 1374 3349 1429 prae
3379 1375 3466 1414 re-

1889 1458 2054 1529 liquis
2083 1455 2470 1518 omnibus,sibi
2505 1455 2575 1508 ab
2605 1453 2865 1508 animatis
2898 1458 3226 1520 temperant,
3253 1466 3314 1503 ac
3345 1465 3470 1518 per-

1891 1557 2059 1621 petuo
2087 1548 2200 1604 fere
2230 1547 2501 1618 jejunant.
2539 1543 2680 1599 Sunt
2717 1545 2858 1598 inter
2901 1543 3022 1598 illus
3056 1541 3150 1610 qui
3180 1541 3468 1610 virginita—

1889 1650 2000 1693 tem
2029 1639 2237 1702 colunt,
2281 1636 2372 1689 alii
2416 1635 2834 1688 continentiam.
2881 1630 3309 1686 itesurrecturos
3345 1641 3470 1684 esse

1893 1735 2138 1782 nmrtuos
2188 1725 2442 1790 credunt,
2479 1723 2624 1794 quod
2651 1738 2680 1777 a
2709 1721 3180 1777 Samaritandrum
3216 1718 3472 1788 dogmate

1892 1817 2167 1872 abhorret.

293 1918 563 1972 Ἰουδαίων
619 1917 860 1988 αἱρέσεις
927 1917 1098 1972 ἑπτάο
1163 1916 1535 1988 Γραμματείς,
1602 1914 1792 1974 οἵτινες

1966 1905 2282 1961 ,Ιυὰωοτυιιι
2340 1915 2504 1960 set-tat
2535 1919 2766 1959 numero
2796 1919 2894 1966 vrr,
2934 1919 2996 1957 ac
3044 1903 3220 1973 primo
3245 1899 3470 1961 Scribai,

215 2011 417 2082 νομικοὶ
455 2010 556 2081 μὲν
600 2005 760 2081 ἦσαν.
788 2011 882 2063 καὶ
914 2007 1272 2078 Δευτερωταὶ
1307 2005 1656 2077 παραδόσεων
1681 2003 1790 2056 τῶν

215 2101 338 2172 παρ’
368 2101 554 2163 αὐτοῖς
584 2098 994 2170 πρεσϐυτέρων,
1021 2100 1090 2168 τῇ
1121 2096 1475 2167 περιττοτέρᾳ
1505 2093 1793 2164 ἐθελοθρη-

216 2192 364 2264 σκείᾳ
387 2191 487 2262 ἔθη
530 2190 911 2259 φυλάττοντες,
947 2186 1063 2243 ἃού
1103 2188 1190 2242 διὰ
1215 2187 1310 2241 τοῦ
1342 2187 1506 2257 νόμου
1541 2184 1791 2256 μεμαθή-

212 2299 382 2346 κασιν,
413 2282 537 2336 ἀλλ’
570 2281 782 2344 ἑαυτοῖς
812 2279 1100 2335 ὲτύπωσαν
1147 2278 1466 2348 σεϐάσματα
1494 2277 1792 2346 δικαιότητι

212 2375 302 2446 τῆς
332 2373 683 2445 νομοθεσίας.

274 2538 602 2621 Φαρισαῖοι,
653 2545 1076 2617 ὲρμηνευόμενοι
1134 2542 1573 2612 Ἁφωρισμὲγοι,
1622 2542 1674 2593 oi
1737 2540 1797 2592 τὸ

213 2639 512 2710 ἀκρότατον
543 2635 807 2708 βιοῦντες,
834 2634 930 2688 καὶ
971 2633 1128 2705 δῆθεν
1153 2633 1262 2686 τῶν
1295 2633 1469 2687 ἄλλων
1497 2631 1797 2700 δοκιμώτε-

217 2746 308 2800 ροι.
350 2729 499 2800 Παρ’
527 2722 608 2792 οἷς
642 2726 737 2780 καὶ
783 2724 994 2795 νεκρῶν
1023 2724 1344 2789 ἀνάστασις,
1382 2723 1459 2784 ὡς
1510 2723 1606 2776 καὶ
1649 2722 1800 2793 παρὰ

213 2820 315 2882 τοῖς
341 2815 761 2890 Γραμματεῦσι,
797 2816 892 2869 καὶ
928 2815 962 2885 ἡ
1009 2816 1141 2886 περὶ
1179 2813 1416 2883 ἀγγέλου
1440 2815 1463 2845 ¹
1493 2811 1595 2866 τοῦ
1631 2809 1802 2864 Πνεῦ-

222 2926 373 2980 ματος
400 2908 596 2978 άγίου,
630 2909 713 2961 ὅτι
763 2907 879 2961 ἐστι
937 2905 1354 2976 συγκατάθεσις.
1403 2902 1652 2958 Πολιτεία
1689 2903 1805 2958 διά-

220 3018 387 3072 φορος,
417 3001 732 3071 ἐγκράτεια
765 3000 871 3064 ἕως
899 2999 1116 3070 χρόνου,
1144 2999 1240 3052 καὶ
1285 2995 1555 3067 παρθενία
1583 2994 1805 3066 νηστεία

220 3108 273 3146 τε
313 3092 394 3147 διὰ
444 3089 556 3146 τοῦ
582 3090 885 3155 Σαϐϐάτου,
917 3089 1120 3158 ξεστῶν
1154 3088 1489 3160 καθαρισμοὶ
1518 3087 1612 3140 καὶ⁵
1650 3085 1806 3140 πινά-

222 3198 321 3234 κων
351 3182 440 3236 καὶ
467 3180 780 3252 ποτηρίων,
810 3181 886 3244 ὡς
918 3182 1012 3234 καὶ
1047 3181 1098 3233 οί
1137 3179 1510 3250 Γραμματεῖς,
1538 3176 1798 3231 ἀποδεκάο

224 3267 370 3332 τωσίς
394 3285 452 3321 τε
493 3269 589 3320 καὶ
613 3267 860 3338 ἀπαρχαὶ
922 3267 1015 3319 καὶ
1065 3265 1344 3335 ἐνδελεχὴς
1391 3263 1526 3335 εὐχὴ
1556 3264 1649 3316 καὶ
1675 3263 1806 3334 σχή-
1835 3259 1878 3315 C

228 3368 360 3418 ματα
401 3351 910 3422 ὲθελοθρησκητικέι
948 3350 1047 3421 τῆς
1092 3348 1437 3420 ἑνδυμενείας
1471 3347 1560 3401 διά
1597 3364 1679 3400 τοι
1705 3346 1808 3416 τῆς

227 3446 560 3516 ἀμπεχόνης,
593 3447 688 3496 καὶ
717 3442 826 3496 τῶν
849 3441 1193 3514 δαλματικῶν
1214 3442 1380 3512 ἤγουν
1411 3441 1689 3506 κολοϐίων,
1715 3443 1810 3496 καὶ

228 3535 312 3587 τοῦ
361 3535 692 3606 πλατυσμοῦ
734 3535 844 3589 τῶν
888 3535 1296 3606 φυλακτηρίων,
1341 3535 1589 3588 τουτέστι
1629 3533 1809 3604 σημά-

230 3643 326 3680 των
353 3630 447 3700 τῆς
473 3627 794 3700 πορφύρας,
822 3629 916 3682 καὶ
970 3627 1290 3698 κρασπέδων
1321 3629 1416 3682 καὶ
1455 3629 1686 3699 ροῖσκων
1721 3629 1813 3681 ἐπὶ

191 3758 202 3775 .
231 3718 292 3770 τὰ
316 3721 591 3792 πτερύγια
629 3722 726 3790 τῆς
768 3721 1104 3792 ἀμπεχόνης,
1150 3720 1309 3775 ama
1340 3719 1510 3774 ταῦτα
1551 3719 1812 3790 ἐτύγχανε

235 3813 420 3880 σημεῖα
447 3812 558 3881 τῆς
601 3813 731 3882 παρ’
762 3811 946 3876 αὐτοῖς
975 3813 1103 3883 ἄχρι
1155 3811 1347 3882 καιροῦ
1378 3813 1701 3882 ἐγκρατείας
1721 3829 1734 3841 °
1765 3811 1815 3864 οἳ

235 3898 319 3952 καὶ
351 3899 752 3972 παρεεσὲφερον
781 3901 994 3970 γένεσιν
1023 3902 1115 3954 καὶ
1146 3902 1507 3973 εἱμαρμένηνε

303 4169 674 4238 Σαδδουκαῖοι,
713 4177 761 4227 οἱ
789 4174 1216 4246 ἐρμηνευόμενοι
1249 4178 1612 4243 Δικαιότατοι,
1645 4179 1694 4232 οἳ
1729 4183 1821 4234 καὶ

245 4263 303 4316 ἐκ
323 4265 509 4333 γένους
545 4266 647 4336 μὲν
685 4261 827 4337 ἦσαν
852 4268 1226 4338 Σαμαρειτῶν,
1251 4269 1387 4340 ὁμοῦ
1416 4270 1472 4322 δὲ
1501 4273 1594 4323 καὶ
1633 4272 1822 4342 ίερέως

245 4352 462 4419 Σαδοῦκ,
506 4357 719 4427 νεκρῶν
772 4359 870 4428 μὲν
904 4358 1202 4411 ἀνάστασιν
1231 4358 1574 4428 ἀρνούμενοι.
1608 4361 1701 4414 καὶ
1747 4363 1822 4432 μὴ

249 4449 673 4520 παραδεχόμενοι
721 4449 950 4519 ἄγγελον
995 4451 1129 4522 μηδὲ
1169 4451 1420 4522 πνεῦμα,
1465 4453 1534 4506 τὰ
1574 4452 1630 4505 δὲ
1664 4453 1823 4507 λοιπὰ

248 4539 416 4594 πάντα
448 4542 600 4606 ὅντες
639 4541 896 4596 Ἰουδαῖοι.

251 4815 296 4865 εὶ
329 4815 403 4884 μή
430 4831 482 4868 τι
511 4815 576 4868 ἂν
608 4814 727 4866 καθ’
760 4815 998 4884 ἑκάστην
1030 4814 1365 4886 βαπτίζοιτο.

332 4987 602 5057 Ὀσσηνοὶ,
627 4987 676 5040 οἳ
704 4987 768 5058 δὴ
806 4987 1169 5056 ἰταμώτατοι
1214 4990 1629 5061 έρμηνεύονται.
1650 4987 1833 5046 *Ησαν

1894 1998 2031 2069 legis
2064 1998 2226 2069 periti
2259 2008 2313 2052 et
2345 1997 2702 2052 traditionum
2734 2011 2872 2066 quas
2907 2012 2935 2050 a
2966 1994 3274 2050 senioribus
3319 2007 3473 2046 acce-

1892 2101 2086 2161 perant
2134 2098 2190 2144 ct
2219 2090 2533 2144 Dente-roses
2559 2089 2847 2152 vocabant,
2887 2089 3272 2142 observatores
3299 2083 3473 2148 fuere;

1894 2196 1960 2236 ac
1994 2181 2132 2235 ritus
2179 2195 2374 2236 omnes
2418 2178 2861 2250 super’stitiosius
2900 2177 3113 2232 caeteris
3145 2193 3209 2230 ac
3247 2175 3478 2245 diligens

1897 2273 2006 2327 tius
2063 2281 2377 2335 tenuerunt,
2431 2285 2572 2342 quos
2610 2284 2720 2324 non
2759 2285 2790 2326 e
2839 2270 2956 2340 lege
3001 2267 3326 2330 didicerant,
3378 2258 3476 2320 sed

1897 2361 2256 2431 sibimetipsis
2291 2371 2549 2432 tanquam
2597 2360 2828 2431 iustitiae
2856 2360 2991 2431 legis
3023 2357 3329 2427 singulares
3359 2355 3478 2410 eul-

1899 2465 1988 2510 tus
2019 2470 2084 2510 ac
2111 2456 2465 2510 Cret'cuionias
2495 2453 2826 2509 indixerant.

1973 2544 2272 2612 Pharisaei,
2329 2561 2469 2616 quos
2517 2543 2828 2614 Segregatos
2875 2537 3219 2608 interpretari
3275 2536 3478 2606 possis.

1901 2639 1993 2708 qui
2023 2637 2432 2694 sanctissimam
2465 2639 2589 2692 vita:
2615 2638 2882 2691 rationem
2912 2631 3173 2702 professi,
3211 2629 3483 2699 probitate

1903 2731 2116 2786 caeteris
2173 2729 2496 2784 antecellerc
2547 2728 2894 2783 videbantur.
2928 2724 3284 2788 ,Mortu‘orum
3340 2723 3482 2789 apud

1905 2819 2028 2876 illos
2071 2819 2404 2875 resurrectio
2467 2828 2526 2872 ut
2569 2827 2626 2872 et
2671 2818 2814 2885 apud
2884 2815 3107 2872 Scribas
3149 2813 3482 2871 defenditur.

1907 2911 2074 2968 Iidem
2121 2911 2375 2981 angelum
2407 2924 2472 2966 ac
2499 2909 2763 2979 Spiritum
2809 2915 3059 2963 sanctum
3087 2921 3210 2962 esse
3240 2921 3347 2960 non
3388 2921 3486 2958 ne-

1907 3011 2060 3074 gant.
2100 3000 2232 3059 Vita:
2259 3001 2520 3056 eximium
2551 3001 2862 3056 institutum
2891 3011 3099 3069 priuso
3132 2997 3334 3060 ferunt,
3355 3011 3489 3050 con-

1912 3093 2194 3148 tinentiam
2225 3101 2435 3146 certum
2481 3090 2547 3144 ad
2598 3099 2816 3160 tempus
2853 3105 2918 3144 ac
2948 3089 3313 3166 virginitatem
3352 3103 3489 3157 quu-

1909 3195 2019 3251 que
2061 3181 2401 3250 suscipiunt,
2452 3179 2538 3234 bis
2585 3178 2925 3234 hebdomada
2958 3185 3176 3248 quaque
3217 3176 3491 3245 jejunare,

1913 3286 2107 3326 urceos
2155 3285 2222 3326 ac
2269 3270 2456 3326 discos
2487 3279 2541 3325 et
2590 3269 2784 3339 pocula
2836 3269 3037 3336 saipius
3081 3267 3285 3330 eluere,
3338 3275 3399 3320 ut
3439 3277 3494 3319 et

1913 3359 2140 3424 Scribae,
2175 3359 2326 3414 soliti
2357 3372 2372 3410 :
2405 3357 2475 3412 ad
2521 3357 2638 3413 haec
2687 3358 2898 3428 1117
2943 3355 3186 3412 decimas
3212 3364 3268 3410 et
3301 3355 3495 3425 primi-

1913 3454 2020 3509 tias
2044 3452 2265 3516 oiIerre,
2313 3449 2537 3506 assidue
2571 3450 2811 3519 precari,
2859 3455 3044 3503 certos
3089 3446 3273 3501 cultus
3305 3463 3368 3501 ac
3401 3462 3497 3502 su-

1915 3543 2233 3614 perstitiosa
2281 3543 2738 3610 vestimentorum
2789 3555 2989 3612 genera
3041 3537 3318 3598 Curiosius
3366 3539 3496 3594 atle-‘

1915 3645 2102 3698 ctare,
2136 3632 2452 3704 cuiusmodi
2500 3640 2630 3687 sunt
2677 3629 2984 3685 dalmaticaa
3021 3628 3138 3684 sive
3169 3628 3404 3692 colobia,
3445 3636 3500 3681 ct

1917 3725 2112 3780 latiora
2171 3727 2418 3796 quaedam
2502 3721 2874 3793 phylacteria,
2919 3720 3025 3775 hoc
3072 3726 3158 3774 est
3216 3726 3499 3790 segmenta

1919 3829 2219 3884 purpurea,
2249 3820 2303 3870 et
2353 3811 2583 3870 ﬁmbria‘.
2661 3827 2725 3866 ac
2767 3810 3145 3880 malogranata
3171 3810 3239 3864 ad
3269 3808 3501 3868 vestium

1919 3922 2047 3961 oras
2076 3920 2316 3976 appensa
2339 3943 2354 3966 ,
2389 3920 2511 3976 quae
2547 3905 2791 3974 ipsorum
2827 3902 3176 3972 temporariae
3213 3904 3506 3958 continen-

1922 3997 2010 4050 tia:
2036 3997 2193 4065 signa
2235 3995 2622 4062 prml'erebant.
2660 3991 2829 4050 Iidem
2862 4001 3148 4063 postremo
3178 4007 3410 4066 generos
3441 4007 3506 4047 ac

1924 4086 2095 4142 fatum
2134 4085 2576 4139 introducebant.

1996 4177 2316 4232 Sadducwis
2367 4175 2436 4228 ab
2487 4173 2840 4230 exactissima
2878 4172 3098 4240 justitia
3151 4187 3354 4228 nomen
3399 4181 3506 4227 est.

1925 4268 2027 4334 Qui
2059 4283 2091 4322 e
2121 4266 2598 4322 Samaritanorum
2646 4279 2848 4336 genere
2879 4279 2910 4318 a
2954 4263 3242 4320 sacerdote
3269 4263 3508 4333 quodam

1929 4360 2108 4418 Sadoc
2155 4369 2338 4417 ortum
2385 4359 2718 4415 habuerunt.
2775 4357 3113 4412 Mortuorum
3149 4358 3510 4423 resurrectio-

1929 4469 2051 4510 nem
2079 4455 2366 4516 damnant,
2401 4453 2655 4522 angelum
2711 4463 2774 4504 ac
2821 4449 3080 4518 spiritum
3126 4449 3375 4504 funditus
3408 4462 3510 4502 ne-

1862 4592 1902 4647 ὓ
1930 4555 2084 4620 gant,
2120 4553 2317 4601 caetera
2347 4542 2661 4599 Judatorum
2695 4544 2925 4599 similes.

325 4631 859 4704 Ἢμεροϐαπτισταὶ,
918 4634 968 4686 οἳ
1019 4633 1119 4702 μὲν
1165 4632 1306 4688 κατὰ
1356 4635 1533 4689 πάντα
1585 4635 1828 4689 Ἰουδαῖοι

249 4715 402 4790 ἦσαν,
439 4723 679 4794 ἔφασκον
715 4723 772 4776 δὲ
811 4724 1016 4794 μηδένα
1061 4723 1209 4794 ζωῆς
1252 4723 1474 4780 αἰωνίου
1514 4727 1829 4797 τυγχάνειν,

2006 4637 2496 4707 Ποιιιοιυὶωνιίειω
2526 4636 2665 4690 nihil
2693 4637 2762 4690 ah
2783 4634 2988 4690 Iudaeis
3019 4641 3378 4706 praeterquam
3409 4631 3515 4686 hoc

1934 4746 2044 4785 uno
2069 4730 2474 4800 discreparunt,
2502 4727 2648 4797 quod
2683 4727 2957 4782 neminem
2982 4737 3200 4780 aeternae
3221 4725 3344 4777 vita:
3363 4737 3514 4776 com-

1937 4829 2119 4890 potem
2163 4833 2288 4874 esse
2332 4833 2496 4889 posse
2543 4818 2827 4884 dicerent,
2889 4815 2995 4870 nisi
3041 4814 3286 4885 quotidie
3333 4826 3394 4868 se
3439 4814 3519 4866 la-

1936 4917 2110 4964 varet.

2011 4998 2230 5060 Osscni,
2256 5013 2492 5068 quorum
2531 5013 2732 5052 nomen
2763 4996 3188 5052 Procacissimas
3221 4995 3517 5066 signiﬁcat.

251 5074 306 5128 δὲ
337 5070 484 5131 οῦτοι
508 5077 650 5131 κατά
674 5078 853 5131 πάντα
877 5077 967 5131 τὸν
991 5079 1154 5149 νόμον
1177 5080 1482 5145 τελοῦντες,
1513 5081 1753 5153 ἐχρῶντο
1777 5082 1803 5136 δ

1936 5091 2038 5156 Qui
2073 5106 2140 5145 ex
2174 5090 2497 5161 praescripto
2537 5091 2672 5159 legis
2695 5090 2880 5144 omnia
2904 5088 3216 5154 iaciebant;
3255 5087 3350 5143 scd
3383 5089 3521 5141 alias

256 5170 346 5220 καὶ
371 5169 615 5240 Γραφαῖς
647 5171 861 5242 ἑτέραις
881 5173 1022 5242 μετὰ
1045 5171 1135 5227 τὸν
1154 5172 1347 5243 νόμον·
1381 5174 1507 5238 τοὺς
1534 5174 1591 5227 δὲ
1621 5174 1803 5230 πλείου

1940 5188 2200 5248 praeterea
2220 5179 2538 5249 Scripturas
2565 5179 2924 5244 adhibebant,
2949 5188 3004 5234 et
3031 5196 3097 5235 ex
3123 5178 3522 5250 posterioribus

257 5259 361 5313 τῶν
399 5263 698 5331 μετέπειτα
725 5264 1022 5334 προφητῶν
1055 5264 1439 5318 ἀπεϐάλλοντο.

323 5351 693 5425 Νασσαραῖοι,
746 5357 797 5408 οἱ
849 5356 1275 5428 ἑρμηνευόμενοι
1315 5357 1740 5427 Ἀφηνιασταὶ,
1791 5361 1841 5413 οἳ

333 5502 348 5538 ¹
380 5507 503 5563 Cor.
538 5509 796 5582 Μωῦσῆν.
875 5513 894 5541 ¹
932 5509 1056 5564 For.
1094 5511 1374 5578 Ἀγγελου,
1413 5514 1525 5566 καί.

333 5683 821 5763 (ΗλΓρροθ-ηνοί,
855 5700 959 5747 rte.
999 5691 1073 5746 Ea
1107 5690 1390 5761 Epiphanii
1428 5694 1671 5763 partitio,
1709 5709 1825 5748 mo-

268 5759 424 5813 nente
457 5759 697 5816 [λειω-ευ·
727 5766 781 5818 iu
816 5759 1302 5817 AnimadverSibnc
1353 5759 1594 5818 ad'haue
1631 5768 1825 5819 Sama-

270 5826 567 5885 iitatierttttt
597 5842 819 5899 sectam,-
851 5844 903 5888 et
937 5837 1158 5905 quidem
1195 5835 1364 5897 bene,
1403 5850 1619 5905 aequum
1652 5837 1824 5907 magis

1941 5271 2222 5340 prophetis
2257 5273 2551 5342 plerosque
2586 5272 2932 5340 rejiciebant.

2012 5363 2366 5433 Nassaraeos,
2399 5363 2752 5420 Coutumacex
2789 5366 3144 5436 interpretari
3190 5365 3392 5435 possis,-
3427 5364 3522 5434 qul

1933 5694 2315 5766 aebeniguum
2371 5694 2632 5749 lectorem
2686 5686 2883 5766 exigit,
2919 5708 3083 5766 quam
3127 5693 3443 5766 accuratum
3476 5711 3530 5756 et

1933 5779 2204 5890 slevqrtgm.
2255 5764 2453 5821 Confer
2506 5782 2626 5836 qua:
2686 5764 2876 5822 eodem
2933 5769 2992 5819 in
3045 5765 3168 5820 laco'
3229 5765 3393 5820 habet
3450 5765 3529 5824 νηί

1934 5854 1950 5887 ι
1974 5852 2036 5887 oc
2068 5850 2098 5888 tt
2139 5872 2153 5889 .
