3958 6426
494 433 593 488 84Ἱ

1889 420 1945 476 S.
1988 416 2328 474 EPIPHANH

3598 428 3675 483 8ίὸ

491 548 677 605 carnis
708 559 809 601 usu
850 557 1075 614 prorsus
1112 538 1445 594 interdicunt
1482 554 1494 590 :
1532 536 1601 591 ab
1655 534 1911 590 animatis
1945 531 2062 588 abs-

2178 535 2359 586 πᾶσαν
2390 534 2767 607 σαρκοφαγίαν
2799 534 3244 606 ἀπαγορεύουσιν.
3274 535 3513 606 ἐμψύχων
3533 539 3577 592 δὲ
3595 543 3677 596 οὐδ’

491 639 689 698 tinent,
757 630 1102 704 patriarchas
1132 642 1325 682 omnes
1368 624 1460 695 qui
1494 625 1548 678 in
1599 620 1967 678 Pentateucho
2001 618 2066 672 ad

492 728 696 798 Bloysis
750 734 807 779 et
843 721 974 777 Iesu
1024 721 1120 775 ﬁlii
1186 718 1335 773 Nave
1378 726 1624 785 tempora
1675 712 2067 769 continentur.

494 817 777 872 asciscant
838 821 894 869 et
936 813 1005 867 iis
1059 810 1217 865 ﬁdem
1264 807 1565 862 adhibent:
1604 801 1910 872 cujusmodi
1939 806 2070 856 sunt

487 909 768 964 Abraham
810 914 874 963 set
948 903 1102 960 lsaac
1175 910 1232 955 et
1288 898 1460 953 Jacob
1521 897 1697 965 iisque
1755 892 2068 962 superiores

492 1015 706 1062 omnes,
753 1008 971 1053 necnon
1020 1006 1077 1049 et
1111 992 1325 1065 Moyses
1361 991 1477 1060 ipse
1502 1005 1626 1043 cum
1657 988 1874 1040 Aarone
1903 991 2067 1053 atque

489 1094 639 1149 Jesu.
664 1090 934 1146 Caeterum
976 1083 1332 1141 Pentateuchi
1379 1081 1652 1136 volumina
1699 1076 1904 1148 Moysis
1944 1088 2068 1130 esse

493 1201 603 1240 non
638 1192 868 1254 putant,
903 1188 958 1236 et
1000 1179 1108 1233 alia
1157 1177 1226 1232 ah
1277 1175 1347 1231 iis
1374 1174 1590 1229 diversa
1619 1183 1789 1241 penes
1837 1182 1898 1224 se
1941 1179 2069 1223 esse

441 1263 447 1269 ’
481 1277 762 1348 iactitant.

556 1362 856 1421 Herodiani
891 1375 1017 1417 cum
1049 1358 1268 1414 Iudaeos
1298 1355 1353 1409 in
1382 1352 1642 1409 omnibus
1674 1364 1797 1406 sese
1836 1355 2067 1419 praesta-

484 1465 627 1522 rent,
657 1454 931 1511 Herodem
960 1449 1243 1506 Christum
1276 1461 1401 1503 esse
1447 1443 1869 1514 proﬁtebantur,
1902 1437 2067 1507 eique

483 1547 690 1603 Christi
715 1542 1038 1614 dignitatem
1074 1554 1139 1595 ac
1171 1553 1372 1593 nomen
1399 1534 1750 1605 allingebant.

555 1637 777 1693 Primus
800 1635 906 1689 iste
943 1640 1129 1687 tomus
1167 1637 1253 1686 est
1279 1629 1372 1699 qui
1399 1627 1638 1681 haereses
1666 1638 1737 1679 xx
1773 1621 2019 1679 continet
2048 1634 2060 1669 :

480 1739 533 1784 et
583 1728 639 1781 in
673 1726 866 1781 eodem
913 1723 983 1779 de
1032 1720 1413 1776 incarnatione
1448 1717 1657 1773 Christi
1708 1729 1775 1770 ac
1817 1711 2066 1769 veritatis

480 1818 827 1890 professione
852 1828 975 1885 qua:
1014 1827 1125 1868 una
1173 1827 1229 1867 et
1283 1810 1404 1866 sola
1450 1818 1535 1865 est
1587 1807 1681 1863 Dei
1725 1818 1857 1862 vera
1905 1803 2061 1867 ﬁdes,

484 1920 768 1982 postremo
794 1908 920 1962 loco
947 1903 1261 1960 disseritur.

552 2001 832 2056 Hactenus
856 1998 1042 2067 itaque
1075 2011 1145 2050 xx
1183 1994 1400 2049 illarum
1434 1993 1715 2048 haereseon
1746 2003 1869 2061 quas
1896 1987 2061 2043 Chri-

481 2103 628 2152 stum
654 2098 1072 2147 anteeesserunt
1123 2088 1431 2144 confutatio
1484 2101 1553 2140 ac
1608 2084 1735 2141 ﬁdei
1778 2092 1835 2140 et
1877 2083 2064 2139 incar-

479 2186 725 2243 nationis
757 2183 962 2239 Christi
986 2182 1268 2237 declarata
1298 2180 1442 2235 ratio
1464 2188 1568 2234 est.

576 2279 795 2349 1118
856 2274 962 2333 Sed
1024 2290 1056 2331 e
1097 2273 1328 2345 vestigio
1385 2272 1591 2328 Christi
1645 2270 1775 2327 Jesu
1838 2269 2056 2325 Domini

476 2371 652 2427 nostri
702 2368 971 2424 adventus
1028 2368 1083 2419 in
1131 2378 1301 2419 carne
1332 2369 1667 2419 consecutus
1695 2366 1814 2427 est,
1858 2360 1953 2432 qui
2008 2367 2064 2417 et

474 2480 553 2519 νη
590 2463 714 2517 illas
760 2460 1001 2515 haereses
1035 2456 1430 2526 Hierosolymis
1463 2452 1712 2516 offendit,
1745 2460 1801 2508 et
1835 2452 2057 2508 easdem

479 2572 580 2612 sua
614 2554 668 2611 vi
695 2552 988 2623 dissipavit
1013 2560 1069 2606 et
1098 2549 1387 2617 exstinxit.
1429 2546 1798 2614 Quamobrem
1836 2545 2063 2615 reliquae

473 2661 669 2702 omnes
720 2644 958 2700 haereses
998 2641 1237 2696 adventu
1282 2641 1378 2695 illo
1420 2640 1759 2710 posteriores
1793 2640 2059 2692 fuerunt:

477 2737 740 2793 nimirum
768 2744 1062 2807 postquam
1089 2732 1260 2786 Maria
1282 2733 1436 2803 virgo
1466 2729 1723 2786 Nazareti
1758 2745 1788 2784 a
1808 2728 2062 2784 Gabriele

476 2830 759 2885 cmiestem
793 2827 1051 2881 nuntiqu
1093 2823 1334 2894 accepit,
1369 2837 1434 2877 ac
1473 2820 1711 2878 Verbum
1752 2822 1887 2876 illud
1930 2835 2066 2875 con-

474 2929 698 2991 ceptum
730 2926 843 2983 est,
878 2917 1029 2988 quod
1077 2916 1301 2972 caelitus
1332 2930 1364 2970 e
1399 2922 1633 2986 paterno
1667 2913 1793 2969 sinu
1836 2912 2061 2985 prodiit,

477 3022 607 3066 ante
662 3021 880 3082 tempus
926 3017 1093 3080 atque
1143 3006 1362 3062 initium
1406 3020 1571 3060 omne
1608 3004 1961 3076 productum,
2006 3010 2066 3060 et

471 3103 736 3162 extremis
751 3101 1092 3174 temporibus
1113 3099 1265 3154 venit
1293 3098 1436 3154 Deus
1449 3095 1688 3154 Verbum
1716 3096 2014 3161 exsistens,
2031 3109 2063 3150 a

2094 1873 2138 1928 Β

2169 626 2307 689 ὅλως
2348 625 2874 696 μεταλαμϐάνουσιν.
2928 628 3089 698 ’Λχρι
3122 627 3181 679 δὲ
3212 628 3478 693 Μωῦσέως
3495 631 3573 684 καὶ
3596 635 3680 704 ’1η-

2171 714 2268 767 σοῦ
2300 713 2396 768 τοῦ
2424 715 2582 784 Ναυῆ
2612 717 2810 778 τοῖς.ἐν
2840 717 2908 786 τῇ
2935 714 3291 787 Πεντατεύχῳ
3317 717 3482 785 ἁγίοις
3504 718 3682 789 ὀνόμασι

2171 805 2528 878 πατριαρχῶν
2562 805 2895 877 κεχρημένοι
2921 823 2981 860 τε
3005 807 3099 859 καὶ
3127 807 3483 871 πιστεύοντες,
3510 810 3683 880 φημὶδὲ

2182 896 2434 968 ’Λϐραάμ
2470 896 2564 948 καὶ
2605 895 2793 949 Ἰσαὰκ
2829 895 2923 949 καὶ
2962 895 3158 949 Ἰακὼϐ
3194 899 3289 950 καὶ
3318 896 3425 950 τῶν
3455 899 3682 965 ἀνωτάτω,

2169 987 2264 1040 καὶ
2303 986 2471 1041 αὐτοῦ
2517 987 2796 1051 Μωῦσέως
2848 988 2942 1041 καὶ
3000 987 3209 1060 ’Λαρὼν
3256 988 3350 1042 καὶ
3386 988 3556 1060 Ἰησοῦ.
3601 991 3686 1055 Τὰς

2167 1076 2225 1130 δὲ
2281 1077 2382 1148 τῆς
2428 1077 2799 1147 Πεντατεύχου
2849 1078 3079 1148 Γραφάς
3123 1079 3225 1132 οὐκ
3286 1073 3425 1131 εἶναι
3463 1081 3690 1144 Μωῦσέως

2167 1165 2606 1238 δογματίζουσιν,
2649 1166 2817 1231 ἄλλας
2852 1167 2910 1222 δὲ
2948 1168 3099 1240 παρά
3142 1168 3344 1232 ταύτας
3388 1168 3518 1240 ἐχειν
3544 1170 3688 1222 διαϐε-

2168 1258 2468 1313 ϐαιοῦνται.

2249 1350 2589 1421 Ἡρωδιανοὶ,
2635 1350 2686 1404 οἳ
2733 1349 2970 1404 Ἰουδαῖοι
3021 1350 3121 1421 μὲν
3162 1345 3303 1423 ἦσαν
3355 1350 3489 1405 κατά
3533 1351 3692 1414 πάντα,

2180 1440 2425 1512 Ἡρώδην
2470 1440 2530 1493 δέ
2576 1442 2811 1513 Χριστὸν
2844 1443 3217 1513 προσεδόκων,
3259 1444 3353 1496 καὶ
3398 1442 3558 1513 τούτῳ
3598 1443 3697 1514 περὶ

2166 1532 2264 1586 τοῦ
2301 1532 2539 1604 Χριστοῦ
2571 1533 2849 1587 ἐπεδίδουν
2875 1534 3013 1605 γέρα
3040 1534 3137 1587 καὶ
3166 1534 3356 1604 ὄνομα.

2237 1616 2407 1687 Οὗτος
2452 1624 2670 1696 πρῶτος
2708 1626 2875 1696 τόμος
2922 1626 3194 1698 περιέχων
3235 1627 3375 1681 κατὰ
3415 1625 3587 1681 πασῶν
3613 1626 3699 1680 τῶν

2165 1719 2370 1802 εἴκοσιν
2392 1720 2658 1788 αἱρέσεων
2678 1736 2690 1746 ·
2729 1718 2788 1771 ὲν
2813 1717 2962 1788 αὐτῷ
2985 1718 3040 1771 δὲ
3064 1718 3207 1790 καὶὴ
3237 1718 3367 1789 περὶ
3394 1718 3487 1789 τῆς
3503 1714 3698 1788 Χριστοῦ

2166 1809 2425 1881 ὲνδημίας
2458 1810 2737 1875 ὑπόθεσις,
2789 1811 2884 1862 καὶ
2912 1811 2946 1880 ἡ
2974 1810 3073 1881 τῆς
3102 1809 3359 1881 ἀληθείας
3395 1807 3701 1881 ὁμολογία,ἡ

2169 1901 2268 1973 μία
2294 1902 2388 1955 καὶ
2420 1902 2557 1974 μόνη
2579 1896 2717 1956 οὖσα
2741 1901 2834 1955 τοῦ
2866 1901 3003 1955 Θεοῦ
3030 1901 3237 1974 ἀληθὴς
3269 1902 3473 1966 πίστις.

2237 1995 2349 2048 Καὶ
2390 1995 2497 2059 ἕως
2529 1996 2627 2066 μὲν
2650 1988 2755 2049 ὧδε
2793 1996 2827 2067 ἡ
2859 1995 2968 2050 τῶν
3011 1994 3118 2067 πρὸ
3153 1994 3392 2067 Χριστοῦ
3420 1995 3609 2049 εἴκοσιν
3640 1994 3707 2047 aio

2170 2089 2372 2160 ρέσεων
2405 2088 2704 2158 ἀντιλογία,
2747 2089 2843 2142 καὶ
2885 2088 3015 2160 περὶ
3053 2088 3291 2153 πίστεως
3325 2088 3423 2141 καὶ
3466 2087 3587 2158 περὶ
3625 2085 3706 2156 τῆς

2138 2182 2434 2254 ’ἐνσάρκου
2461 2180 2555 2234 τοῦ
2588 2180 2825 2252 Χριστοῦ
2858 2179 3183 2252 παρουσίας.

2236 2272 2415 2338 Εὐθὺς
2445 2273 2761 2343 ἐπεδήμησε
2799 2272 2942 2326 κατά
2970 2271 3136 2335 πόδας
3161 2272 3196 2343 ή
3227 2271 3323 2326 τοῦ
3352 2271 3553 2343 Κυρίου
3580 2267 3710 2341 ἡμῶν

2180 2365 2356 2436 Ἰησοῦ
2388 2364 2627 2437 Χριστοῦ
2659 2365 2925 2436 ἐνσαρκος
2961 2363 3231 2436 παρουσία
3257 2366 3299 2428 ¹,
3332 2365 3457 2435 ἥτις
3481 2360 3711 2416 κατέλαϐε
3754 2392 3757 2401 ι

2168 2457 2350 2528 (πρὸς)
2382 2456 2481 2519 τὰς
2508 2455 2911 2528 προειρημένας
2938 2456 3079 2510 ἐπτά
3102 2456 3343 2526 αἱρέσεις
3366 2458 3426 2510 ἐν
3451 2455 3543 2526 (δὲ)
3580 2455 3712 2524 Ἰερο-

2168 2548 2293 2602 σολύ
2302 2565 2443 2619 μοις,
2466 2547 2656 2601 ἔσϐεσε
2696 2548 2755 2602 δέ
2779 2547 2984 2611 ταύτας
3012 2549 3046 2619 ἡ
3078 2547 3244 2603 αὐτοῦ
3268 2547 3499 2619 δύναμις
3522 2546 3608 2601 καὶ
3631 2545 3717 2597 διε-

2169 2641 2415 2694 σκέδασε.
2444 2639 2646 2694 Λοιπὸν
2667 2638 2725 2692 δὲ
2754 2638 2862 2692 ἀπὸ
2891 2638 2990 2709 τῆς
3017 2637 3184 2692 αὑτοῦ
3221 2638 3541 2709 ἐπιδημίας,
3559 2638 3579 2668 ¹
3602 2632 3716 2705 μετὰ

2166 2732 2227 2785 τὸ
2268 2731 2722 2803 εὐαγγελισθῆναι
2753 2730 2987 2803 Μαριὰμ
3032 2731 3091 2784 ἐν
3134 2730 3417 2802 Ναζαρὲτ,
3455 2730 3546 2782 καὶ
3574 2742 3722 2780 συνει-

2166 2824 2432 2896 ληφθέναι
2457 2824 2548 2878 τὸν
2571 2824 2743 2893 Λόγον
2770 2824 2862 2878 τὸν
2894 2824 3022 2878 ὅντα
3048 2824 3141 2878 ἀπ’
3170 2822 3409 2894 οὐρανοῦ
3441 2824 3507 2876 ἐκ
3535 2819 3719 2874 κόλπων

2166 2915 2437 2987 πατρῴων
2455 2916 2854 2987 γεγεννημένον
2872 2915 3116 2988 ἀχρόνως
3130 2915 3225 2968 καὶ
3240 2915 3515 2988 ἀνάρχως.
3532 2910 3720 2966 ἐλθόντα

2163 3008 2222 3062 δὲ
2261 3008 2349 3063 ἐπ’
2398 3009 2646 3079 ἐσχάτων
2703 3008 2811 3063 τῶν
2855 3007 3079 3084 ἡμερῶν
3107 3007 3241 3063 Θεὸν
3285 3009 3461 3078 Λόγον
3497 3006 3634 3062 ὄντα.
3671 3004 3720 3054 ἐκ

2164 3097 2302 3151 Θεοῦ
2332 3097 2546 3167 Πατρὸς
2571 3096 2842 3168 ἀληθινῶς
2865 3098 3284 3169 γεγεννημένον,
3311 3096 3595 3169 όμοούσιον
3613 3093 3724 3146 ὄντα

476 3196 587 3252 Deo
632 3196 793 3250 Patre
854 3209 1041 3251 revera
1114 3194 1334 3264 genitus
1399 3188 1756 3260 ejusdemque
1795 3203 1923 3244 cum
1969 3188 2062 3244 illo

2166 3188 2242 3261 τῷ
2267 3190 2464 3261 Πατρὶ,
2502 3192 2598 3243 καὶ
2622 3189 2776 3243 οὐδὲν
2805 3190 2956 3263 παρά
2977 3191 3069 3245 τὸν
3101 3191 3322 3263 Πατέρα
3365 3188 3721 3261 ἠλλοιωμένον,

473 3288 821 3351 substantiae,
862 3302 965 3342 nec
998 3287 1109 3340 ulla
1141 3300 1200 3341 re
1223 3300 1253 3339 a
1278 3284 1441 3340 Patre
1469 3291 1734 3349 mutatus,
1762 3283 1858 3338 sed
1888 3280 2059 3337 vicis-

472 3379 736 3436 situdinis
770 3394 836 3435 ac
865 3377 1195 3433 mutationis
1223 3384 1280 3431 et
1311 3374 1617 3433 aﬂ'ectionis
1649 3374 1831 3431 omnis
1861 3388 2059 3443 expers

470 3482 526 3528 et
570 3473 711 3528 citra
743 3472 911 3526 ullam
956 3470 1124 3525 animi
1179 3470 1630 3524 commotionem.
1654 3465 1762 3534 Qui
1797 3481 1922 3521 cum
1963 3480 2060 3536 ge-

476 3564 630 3620 neris
676 3564 853 3619 nostri
895 3563 1158 3618 misertus
1204 3559 1367 3625 foret,
1398 3559 1690 3617 descendit
1727 3574 1760 3614 e
1801 3558 1965 3625 coelo,
1997 3571 2062 3611 ac

479 3657 543 3710 t‘e
592 3654 802 3726 Spiritu
848 3666 1063 3717 sancto,
1087 3666 1200 3708 non
1226 3666 1259 3707 e
1297 3651 1443 3707 virili
1493 3650 1709 3707 semine
1735 3658 2058 3722 conceptus,

478 3762 666 3804 verum
682 3741 902 3817 herpes
934 3760 966 3800 e
998 3742 1170 3798 Maria
1203 3742 1470 3814 suscepit,
1503 3757 1628 3798 cum
1655 3756 1689 3798 e
1717 3753 1912 3798 sancto
1938 3743 2063 3813 ejus

475 3847 640 3897 utero
674 3851 900 3893 carnem
940 3835 1050 3891 sibi
1080 3834 1357 3900 ﬁnxisset,
1380 3834 1790 3900 humanamque
1821 3836 2060 3890 animam

472 3943 529 3989 et
572 3941 810 3988 mentem
859 3928 1169 3995 induisset;
1212 3942 1277 3982 ac
1319 3926 1591 3998 quidquid
1620 3927 1849 3983 omnino
1895 3927 2063 3984 homo

472 4032 579 4089 est,
623 4029 826 4093 praeter
866 4027 1158 4092 peccatum
1184 4060 1199 4087 ,
1235 4034 1426 4079 secum
1484 4034 1550 4075 ac
1591 4033 1720 4075 cum
1773 4018 2064 4077 divinitate

475 4131 577 4172 sua
606 4113 943 4186 copulasset.
988 4110 1122 4167 Inde
1163 4110 1501 4167 Bethlehemi
1535 4111 1591 4166 in
1627 4111 1805 4166 lucem
1839 4110 2060 4176 editus,

479 4214 647 4278 atque
680 4204 1070 4267 circumcisus,
1118 4201 1513 4273 Hierosolymis
1547 4202 1767 4256 oblatus
1800 4209 1917 4269 est;
1962 4201 2066 4256 ibi-

473 4314 582 4370 que
609 4313 640 4353 a
663 4296 937 4370 Symeone
969 4295 1113 4351 inter
1137 4292 1363 4350 brachia
1395 4303 1708 4363 susceptus,
1723 4301 1778 4349 et
1810 4294 1880 4349 ab
1906 4293 2063 4348 Anna

473 4393 775 4450 Pharmelis
815 4390 922 4445 illia
961 4389 1315 4462 prophetissa
1345 4387 1700 4459 praedicatus,
1735 4386 2061 4443 Nazaretum

2160 3284 2277 3338 ἀλλ’
2308 3283 2579 3356 ἄτρεπτον
2615 3284 2747 3339 ὄντα
2784 3284 2878 3339 καὶ
2910 3284 3269 3340 ἀναλλοίωτον
3291 3284 3483 3356 ἀπαθῆ
3512 3299 3571 3335 τε
3591 3280 3723 3340 ὄλωςι

2164 3375 2557 3448 συμπάσχοντα
2591 3376 2649 3430 δὲ
2686 3375 2764 3447 τῷ
2793 3376 3049 3448 ἡμετέρῳ
3092 3377 3261 3445 γένει,
3289 3379 3388 3431 καὶ
3411 3374 3629 3430 ἐλθόντα
3646 3368 3730 3422 ἀπ’

2161 3465 2418 3539 οὐρανοῦ,
2461 3468 2905 3539 ἐγκυμονηθέντα
2931 3468 3032 3522 οὐκ
3064 3468 3173 3522 ἀπὸ
3196 3468 3517 3541 σπέρματος
3539 3460 3727 3534 ἀνδρὸς.

2162 3558 2279 3613 ἀλλ’
2303 3559 2411 3613 ἀπὸ
2440 3558 2752 3631 Πνεύματος
2779 3560 2956 3629 ἁγίου,
2989 3559 3256 3632 ἀληθινῶς
3290 3562 3456 3633 σῶμα
3485 3560 3589 3615 ἀπὸ
3629 3559 3729 3612 Μα-

2167 3651 2288 3722 ρίας
2313 3651 2606 3723 ἐσχηκότα,
2634 3651 3024 3706 ἀναπλάσαντα
3072 3651 3253 3724 ἐαυτῷ
3292 3654 3398 3726 τὴν
3428 3654 3605 3724 σάρκα
3640 3646 3731 3703 ἀπὺ

2162 3747 2262 3816 τῆς
2298 3745 2512 3816 μήτρας
2537 3743 2637 3814 τῆς
2666 3744 2854 3812 ἁγίας,
2883 3743 3064 3817 ψυχὴν
3092 3746 3193 3819 τὴν
3223 3743 3580 3817 ἀνθρωπίνην
3610 3741 3733 3811 εἱλη-

2164 3837 2303 3907 φότα
2326 3839 2421 3891 καὶ
2439 3836 2567 3891 νοῦν
2587 3837 2680 3891 καὶ
2706 3839 2815 3891 πᾶν
2839 3837 2893 3889 εἴ
2913 3837 2967 3890 τί
2997 3838 3145 3891 ἐστιν
3174 3837 3493 3908 ἄνθρωπος,
3522 3838 3600 3902 είς
3625 3836 3731 3889 ἑαυι

2164 3932 2257 3985 τὸν
2282 3933 2348 4002 τῇ
2378 3928 2570 3984 ἐαυτοῦ
2602 3929 2817 4003 θεότητι
2846 3929 3246 3998 πνενιῦσαντα.
3272 3931 3669 4004 γεγεννημένον
3686 3942 3733 3979 τε

2166 4021 2228 4073 ἐν
2259 4019 2528 4091 Βηθλεέμ,
2567 4020 2997 4092 περιτμηθέντα,
3030 4022 3472 4094 προσενεχθέντα
3508 4024 3568 4076 ἐν
3598 4022 3733 4087 Ἱερο-

2166 4110 2445 4182 σολύμοις,
2485 4110 2947 4181 ἐναγκαλισθέντα
2985 4112 3090 4166 ὑπὸ
3112 4112 3358 4184 Συμεὼν,
3394 4112 3735 4184 ἀνθομολογηο

2167 4202 2328 4257 θέντα
2363 4203 2468 4258 ὑπὸ
2499 4206 2699 4276 ’Λννης
2726 4205 2827 4275 τῆς
2856 4205 2950 4259 τοῦ
2974 4206 3216 4279 Φανουὴλ
3250 4207 3609 4280 προφήτιδας,
3646 4205 3738 4257 λει-

2167 4297 2372 4369 φθέντα
2396 4299 2417 4331 ³
2463 4299 2544 4362 είς
2584 4298 2838 4371 Ναζαρὲτ
2858 4338 2873 4363 ,
2928 4298 3153 4354 ἐλθόντα
3202 4300 3282 4370 τῷ
3331 4300 3472 4372 ἑξῆς
3530 4292 3739 4364 ἐνιαυτῷ

2165 4387 2399 4459 ὀφθῆναι
2426 4387 2655 4443 ἐνώπιον
2684 4389 2888 4463 Κυρίου
2909 4429 2924 4454 ,
2977 4390 3271 4462 γενόμενόν
3302 4408 3365 4445 τε
3411 4393 3475 4445 ἐν
3516 4387 3739 4461 Βηθλεὲμ

2165 4482 2253 4537 διὰ
2286 4482 2386 4555 τὴν
2427 4482 2747 4552 συγγένειαν
2796 4482 2903 4537 ὑπὸ
2940 4483 3039 4555 τῆς
3081 4483 3288 4556 μητρὸς
3326 4482 3738 4554 βασταζόμενον.

473 4486 793 4556 deportatus
823 4492 931 4540 est.
964 4482 1105 4539 Tum
1147 4498 1297 4538 auuo
1346 4480 1595 4552 sequenti
1636 4496 1696 4536 se
1723 4495 1912 4535 coram
1948 4478 2063 4533 Deo

473 4537 930 4647 repraesentavit,
983 4582 1147 4644 atque
1198 4572 1327 4628 inde
1379 4537 1792 4628 Bethlehemum
1838 4581 2062 4641 propter

2167 4570 2325 4638 αὖθις
2342 4537 2519 4630 πάλιν.
2532 4537 2616 4640 είς
2638 4575 2897 4648 Ναζαρὲτ
2916 4537 3385 4648 aéépééiéafxét
3409 4537 3558 4630 κατά
3577 4537 3737 4626 δευτέέ

477 4668 695 4739 generis
744 4667 1213 4739 propinquitatem
1260 4680 1291 4718 a
1339 4673 1513 4719 matre
1556 4664 1772 4720 delatus
1813 4672 1918 4721 cst.
1952 4662 2060 4720 Sed

2168 4682 2271 4739 ραν
2309 4665 2560 4737 περίοδον
2586 4664 2848 4720 ἐνιαυτῶν
2872 4667 2958 4728 εἰς
2982 4666 3052 4719 τὰ
3086 4663 3443 4737 Ἰεροσόλυμα
3469 4661 3741 4735 ἐληλυθότα

478 4775 700 4816 rursum
739 4757 1065 4813 Nazaretum
1114 4757 1353 4822 rediens,
1396 4772 1544 4813 anno
1589 4757 1760 4812 altero
1785 4763 2050 4821 vertente,

2168 4757 2570 4830 βασταζόμενον
2599 4758 2705 4813 ὐπὺ
2733 4759 2833 4828 τῆς
2869 4758 3007 4821 ίδίας
3044 4758 3249 4830 μητρός
3273 4777 3287 4789 ο
3325 4760 3388 4812 ἐν
3418 4756 3663 4829 Βηθλεὲμ
3693 4753 3741 4803 ἐν

477 4849 933 4920 Hierosolymam,
947 4855 1200 4921 gestante
1220 4854 1415 4912 matre,
1436 4847 1737 4918 perductus
1759 4855 1866 4903 est.
1892 4844 2060 4903 Beth-

2166 4849 2315 4922 οἰκίᾳ
2339 4848 2671 4904 κατελθόντα
2720 4851 2817 4904 σὺν
2860 4852 2927 4920 τῇ
2970 4850 3076 4920 ἰδίᾳ
3107 4851 3277 4923 μητρὶ
3303 4850 3405 4903 καὶ
3457 4847 3655 4918 Ἰωσὴφ
3673 4841 3743 4911 78'-

476 4941 671 4996 lehemi
730 4956 896 5011 porro
931 4957 1056 4997 cum
1105 4940 1174 4995 ad
1207 4941 1354 4997 aedes
1408 4941 1677 5012 quasdam
1728 4958 1853 4997 cum
1887 4951 2060 4996 matre

2170 4960 2315 5016 ροντι
2347 4942 2464 4997 ὄντι
2502 4941 2639 5015 (12),
2659 4943 2756 4996 σὺν
2788 4943 2856 5013 τῇ
2888 4941 3121 5013 Μαριὰμ
3150 4941 3206 4995 δὲ
3246 4941 3395 4995 ὄντιο
3428 4942 3654 4996 κάκεῖσε
3678 4933 3742 5003 τῷ

477 5045 541 5086 ac
582 5029 819 5102 Josepho
847 5032 1180 5097 divertisset,
1209 5032 1303 5104 qui
1334 5033 1449 5103 jam
1490 5034 1716 5104 grandis
1751 5044 1880 5089 natu
1919 5049 2044 5089 cum

2166 5037 2399 5110 δευτέρῳ
2442 5037 2687 5111 ἐτειῌΞ)
2735 5037 2836 5108 τῆς
2874 5036 3040 5091 αὑτοῦ
3094 5037 3405 5109 γεννήσεως
3461 5050 3743 5092 κατοπτευ-

549 5186 566 5218 ί
596 5186 927 5259 Eademlib.
958 5203 975 5241 ι
1014 5187 1237 5259 Penarii
1288 5188 1566 5259 leguntur.

475 5259 622 5329 λέγω
653 5257 739 5328 δή.
766 5255 889 5311 Mox
923 5257 1275 5330 συνειλῆφθαι
1313 5255 1420 5331 leg.
1496 5260 1518 5291 ³
1548 5258 1672 5314 Scr.
1702 5255 2091 5332 ἀπενεχθέντα.

537 5372 664 5442 (l2)
696 5370 946 5444 Γέρονῖι
997 5369 1144 5444 ὄντι.
1190 5370 1578 5444 Animadverte
1609 5388 1796 5429 senem
1828 5373 1898 5427 ab
1928 5371 2054 5444 Epi-

477 5440 682 5514 phanio
722 5441 845 5514 dici
880 5440 1200 5514 Josephtun
1233 5442 1472 5514 Virginis
1530 5443 1713 5498 Maria:
1765 5440 2051 5514 sponsum.

477 5511 675 5566 Iisdem
705 5512 927 5567 ou'miuo
963 5510 1142 5583 verbis
1169 5510 1236 5583 de
1254 5510 1358 5583 illo
1387 5513 1630 5583 loquitur
1656 5524 1710 5570 et
1740 5510 2055 5568 in'Panario

482 5584 548 5635 de
588 5584 971 5636 incarnatione
1012 5580 1216 5652 Christi
1254 5580 1475 5637 Domini
1509 5598 1708 5652 agetis,
1734 5586 2056 5650 nurn.i;in

482 5652 672 5730 iraa-cesi
707 5654 797 5730 ξε,
821 5668 984 5730 ξιιιηιἶ
1017 5651 1328 5730 lO,_ipsunl
1358 5657 1770 5730 octogenarium
1796 5657 1955 5730 ‘faeit.

523 5721 665 5799 .(liil
705 5721 788 5787 Τῷ
810 5720 1240 5799 δευτέρῳ-ἔτει.
1288 5723 1363 5776 Ea
1400 5720 1687 5799 Epiphanii
1719 5726 1909 5799 opinio
1945 5734 2053 5784 est.

484 5789 703 5845 biennio
731 5807 762 5844 a
791 5792 877 5845 sui
927 5793 1207 5848 nativitate
1236 5807 1426 5866 magos
1446 5789 1736 5864 excepisse
1757 5789 2056 5852 'Christum

1669 5190 1690 5220 ²
1718 5190 2062 5262 Supplendur

2166 5208 2212 5248 ex
2265 5193 2359 5247 lib.
2395 5208 2432 5259 l,
2464 5192 2523 5246 αἱ
2583 5192 2879 5262 μετέπειτα
2927 5194 3098 5246 πᾶσαι
3147 5191 3444 5261 γεγόνασιν
3492 5190 3740 5262 αἱρέσεις¹

2163 5371 2496 5439 Dominum;
2527 5386 2693 5438 quam
2746 5386 2855 5426 non
2898 5371 3077 5426 solum
3119 5370 3209 5426 hic
3238 5369 3531 5435 insinuat,
3586 5366 3740 5439 sediel

2163 5444 2220 5498 in
2267 5442 2436 5514 locis_
2459 5436 2629 5514 supra
2670 5441 2964 5514 indicatis,
3015 5442 3232 5514 quibus;
3268 5440 3413 5514 adde
3468 5457 3623 5514 num.
3671 5436 3743 5497 1ον

2163 5514 2369 5569 Haeres.
2407 5511 2494 5566 78.
2530 5511 2684 5567 illam
2718 5513 2952 5568 fortasse
2988 5512 3263 5569 concessit
3306 5512 3368 5566 in
3423 5511 3741 5581 opinionem,

2164 5584 2311 5655 quod
2358 5591 2741 5653 praeconcepta
2786 5582 3049 5655 Matthaair
3073 5584 3395 5655 narratione
3426 5575 3499 5655 de
3532 5575 3745 5655 Herode.

2167 5651 2262 5726 qui
2295 5651 2472 5726 iratus
2506 5656 2790 5709 mandavit
2819 5655 3007 5726 necari
3039 5654 3312 5718 infantes,
3349 5653 3453 5726 qui
3487 5651 3743 5726 hiermiurn

2164 5720 2410 5781 nondum
2442 5725 3012 5796 excesserant,_juxta
3036 5736 3235 5791 tempus
3266 5720 3415 5794 quod
3440 5720 3745 5796 “quidem!

2165 5814 2199 5851 a
2226 5796 2394 5866 magis
2428 5794 2653 5865 (.‘llattlt.
2688 5813 2749 5865 ιι,
2784 5788 2910 5871 l6);
2959 5788 3556 5868 temporum'rationc's
3597 5788 3741 5859 negli-
