3958 6400
282 452 381 507 είῧ

1553 456 2220 515 ΛΝΛΟΕΙῚΙΛΙΑΕΟδΙΒ.

3426 463 3532 518 850

281 566 451 628 θέντα,
475 563 619 638 δῶρα
654 564 905 632 λαϐόντα,
944 570 1036 624 καὶ
1058 571 1116 622 ὲν
1148 571 1287 642 αὐτῇ
1312 574 1466 625 νυκτὶ
1497 574 1592 628 ὑπ’
1616 576 1823 645 άγγέλοι

1958 577 2125 632 Maria
2169 577 2420 647 degebat,
2457 578 2701 636 secundo
2743 581 2812 635 ab
2848 579 3134 637 nativitate
3167 582 3355 636 anno'
3397 597 3532 636 con-

278 657 351 728 τῷ
366 657 555 728 Ἰωσὴφ
575 662 1009 729 χρηματίσαντος
1023 664 1102 725 είς
1116 664 1383 730 Αἴγυπτον
1405 683 1478 719 πα
1486 667 1842 738 ραληφθένταο

278 755 367 805 καὶ
393 752 788 821 κατεληλυθότα
812 754 1020 809 ἐκεῖθεν
1050 756 1232 819 πάλιν,
1266 757 1354 810 διὰ
1376 757 1468 811 δύο
1494 759 1629 812 ἐτῶν
1655 760 1847 830 ἀνελη-

276 841 484 906 λυθὸτα,
521 843 939 915 τελευτήσαντος
982 846 1075 901 τοῦ
1137 848 1398 921 Ἡρώδου,
1448 850 1743 922 Ἀρχελάου
1787 852 1847 907 δὲ

272 931 664 1004 διαδεξαμένου.

339 1109 429 1179 Τῷ
458 1110 564 1182 γὰρ
590 1114 900 1185 τριακοστῷ
928 1120 942 1175 (
957 1116 1041 1181 Ην)
1074 1119 1243 1190 τρίτῳ
1276 1119 1517 1192 Ἡρώδου
1535 1162 1549 1186 ,
1578 1138 1845 1193 τεσσαρα-

269 1199 444 1271 κοστῷ
471 1201 529 1254 δὲ
558 1201 796 1275 δευτέρῳ
824 1206 1137 1275 Αὐγούστου
1166 1209 1260 1263 τοῦ
1293 1209 1560 1281 βασιλέως
1586 1214 1843 1283 γεννᾶται.

266 1293 294 1344 ὁ
320 1291 507 1363 Σωτὴρ
548 1294 608 1347 ὲν
646 1295 894 1367 Βηθλεὲμ
930 1302 1031 1371 τῆς
1077 1302 1357 1365 Ἰουδαίας.
1408 1301 1629 1358 Κάτεισι
1664 1303 1723 1359 δὲ
1762 1307 1842 1369 εἰς

263 1382 538 1451 Αἴγυπτον
565 1385 645 1457 τῷ
672 1390 983 1461 τριακοστῷ
1011 1392 1246 1464 πέμπτῳ
1270 1393 1385 1464 (14)
1430 1394 1669 1461 Ἡρώδου
1692 1412 1705 1427 ’
1741 1396 1841 1451 ἄν·

262 1492 365 1529 εισι
403 1475 461 1529 δὲ
496 1478 592 1531 ἀπ’
623 1479 901 1547 Αἰγύπτου
950 1485 1091 1554 μετὰ
1131 1486 1230 1557 τὴν
1283 1486 1524 1557 Ἡρώδου
1562 1488 1838 1560 τελευτήν.

262 1567 335 1621 Δι’
350 1560 428 1622 ὧν
458 1569 551 1623 ἐπὶ
574 1573 869 1641 τριάκοντα
895 1576 1035 1629 ἑπτὰ
1055 1576 1200 1631 ἔτεσι
1224 1579 1323 1648 τῆς
1343 1579 1514 1650 αὐτῆς
1540 1580 1634 1633 τοῦ
1662 1580 1840 1651 Ἦρώε

258 1658 348 1712 δου
369 1661 549 1732 ἀρχῆς
582 1658 652 1735 ἦν
681 1665 710 1716 δ
743 1668 873 1729 παῖς
896 1668 1180 1740 τεσσάρων
1211 1670 1349 1723 ἐτῶν
1375 1671 1508 1743 (16),
1543 1673 1633 1726 ὅτε
1664 1672 1841 1745 Ἠρώ-

256 1750 352 1821 δης
380 1754 705 1822 τριακοστὸν
751 1756 978 1826 ἕϐδομον
1028 1759 1326 1830 πληρώσας
1372 1761 1709 1834 κατέστρεψε
1746 1764 1838 1819 τὸν

258 1841 389 1910 βίον.
442 1846 735 1916 Ἀρχέλαος
764 1848 821 1902 δὲ
857 1849 1014 1903 ὲννέα
1048 1850 1143 1920 ἔτη
1178 1851 1471 1921 βασιλεύει.
1523 1855 1611 1918 Ὧς
1642 1853 1834 1921 ἐξιὼν¹

271 1931 465 2005 Ἰωσὴφ
505 1936 624 2008 ἅμα
656 1941 723 2008 τῇ
755 1939 946 2012 Μαρίᾳ
977 1942 1073 1994 καὶ
1114 1941 1192 2013 τῷ
1226 1943 1443 2013 παιδίῳ,
1481 1942 1720 2008 ἀκούσας
1745 1944 1836 1998 τὸν

270 2026 558 2097 Ἀρχέλαον
588 2028 927 2098 βασιλεύειν,
969 2031 1316 2104 ἀνεχώρησεν
1347 2035 1429 2097 είς
1465 2032 1536 2088 τὰ
1565 2035 1706 2106 μέρη
1733 2037 1835 2105 τῆς

255 2117 563 2183 Γαλιλαίας,
604 2122 699 2175 καὶ
733 2122 1054 2194 κατῴκησεν
1080 2125 1162 2187 είς
1202 2123 1478 2197 Ναζαρέτ.
1542 2126 1835 2197 Ἀρχέλαος

245 2208 301 2262 δὲ
337 2212 508 2281 γεννᾷ
552 2211 644 2264 τὸν
689 2210 937 2283 Ἡρώδην
965 2213 1057 2267 τὸν
1093 2213 1377 2286 νεώτερον,
1422 2216 1518 2270 καὶ
1561 2215 1835 2286 βασιλεύει

253 2302 509 2375 Ἡρώδης
545 2304 624 2375 τῷ
656 2305 862 2376 ἔννάτῳ
895 2305 1005 2359 ἔτει
1052 2306 1150 2377 τῆς
1181 2306 1275 2359 τοῦ
1319 2307 1526 2378 πατρὸς
1556 2306 1833 2377 βασιλείας

255 2393 554 2467 ’Ᾱρχελᾶου
599 2397 739 2475 κατά
785 2397 1057 2468 διαδοχήν.
1118 2399 1230 2452 Καὶ
1273 2399 1461 2467 γέγονε
1508 2399 1832 2472 λογιζόμενα

237 2488 510 2561 δεκατρία
555 2489 650 2561 ἐτη
696 2490 809 2560 (17)
840 2492 906 2561 τῇ
949 2490 1202 2562 ὲνσάρκῳ
1241 2492 1480 2563 Χριστοῦ
1538 2494 1830 2565 παρουσίᾳ.

250 2580 747 2653 Ὀκτωκαιδεκάτῳ
785 2581 842 2635 δὶ
885 2580 998 2635 ἔτει
1036 2580 1277 2654 Ἡρώδου
1303 2582 1400 2637 τοῦ
1444 2584 1832 2657 ἐπικληθέντος

250 2672 560 2744 Ἀγρίππα,
588 2672 792 2743 ἦρξατο
820 2675 849 2727 ὁ
889 2673 1098 2745 Ἰησοῦς
1123 2673 1216 2728 τοῦ
1239 2674 1613 2746 κηρύγματος,
1644 2678 1741 2732 καὶ
1769 2678 1832 2731 τὸ

238 2764 529 2837 βάπτισμα
548 2765 610 2818 τὺ
623 2765 733 2819 ἀπὸ
747 2765 995 2821 Ἰωάννου
1010 2767 1133 2821 τότε
1148 2767 1215 2821 λα
1221 2767 1392 2838 μϐάνε
1400 2786 1438 2835 ι,
1452 2769 1548 2823 καὶ
1564 2770 1831 2841 κηρύσσει

237 2856 492 2910 ἐνιαυτὸν
520 2856 730 2921 δεκτὸν,
759 2857 849 2911 ὑπ’
874 2857 1088 2922 οὐδενὸς
1110 2859 1545 2932 ἅντιλεγόμενος,
1573 2860 1699 2917 οὔτε
1724 2863 1829 2917 ὑπὸ

247 2946 543 3013 Ἰουδαίων,
573 2948 698 3002 οὔτε
720 2949 826 3002 ὑπὸ
854 2948 1144 3021 Ἑλλήνων.
1166 2950 1291 3004 οὔτε
1321 2952 1426 3006 ὑπὸ
1446 2953 1826 3024 Σαμαρειτῶν,

232 3039 349 3095 οὔτε
375 3041 498 3095 ὑπό
525 3060 664 3106 τινος
686 3042 895 3114 ἐτέρου.
934 3043 1164 3097 Ἔπειτα
1189 3044 1601 3116 άντιλεγόμενος
1628 3048 1830 3119 ἐκήρυ-

234 3132 315 3198 ξεν
352 3136 613 3188 ἐνιαυτὸν
649 3133 871 3188 δεκτόνο
923 3135 1017 3188 καὶ
1056 3135 1278 3204 γέγονεν
1315 3137 1703 3191 ἐννεακαίδεκα
1729 3138 1825 3211 ἐτη

231 3225 303 3297 τῷ
325 3224 737 3299 αὐτῷ’ίίρώδῃ,
767 3225 847 3296 τῷ
878 3226 933 3279 δὲ
950 3226 1167 3297 Σωτῆρι
1194 3228 1519 3298 τριακοστὸν
1549 3227 1821 3300 δεύτερον.

242 3318 325 3371 Ἐν
350 3318 407 3372 δὲ
445 3315 541 3387 τῷ
570 3316 803 3388 εἰκοστῷ
833 3315 945 3370 ἔτει
992 3315 1235 3389 Ἡρώδου
1259 3316 1354 3370 τοῦ
1383 3317 1695 3389 Τετράρχου
1724 3336 1823 3372 κα-

230 3410 522 3482 λουμένου,
547 3410 755 3479 γίνεται
779 3408 842 3463 τὸ
872 3411 1139 3480 σωτήριον
1170 3407 1341 3472 πάθος
1370 3408 1464 3462 καὶ
1490 3410 1522 3479 ή
1558 3408 1820 3474 ἀπάθεια,

232 3502 412 3568 γεῦσίς
447 3518 523 3557 τε
562 3500 794 3555 θανάτου
821 3501 950 3572 άχρι
985 3499 1244 3571 σταυροῦ,
1271 3501 1571 3571 πάσχοντος
1609 3500 1668 3553 ὲν
1691 3500 1824 3571 ἁλη-

229 3592 365 3664 θεία,
399 3591 663 3656 ἀπαθοῦς
694 3592 751 3647 δὲ
786 3592 1038 3664 μένοντος
1061 3593 1119 3645 ὲν
1148 3591 1381 3661 θεότητι.
1427 3592 1685 3659 Χριστοῦ
1714 3592 1822 3663 γὰρ

228 3689 535 3752 παθόντος
569 3685 719 3753 ὑπὲρ
750 3685 921 3755 ἡμῶν
952 3685 1155 3754 σαρκί,
1184 3688 1349 3755 φησὶν
1382 3685 1416 3755 ἡ
1451 3684 1569 3737 θεία
1592 3684 1782 3755 Γραφή
1802 3702 1817 3716 ο

229 3776 318 3829 καὶ
341 3776 524 3831 πάλιν
547 3791 561 3806 ·
601 3776 968 3842 Θανατωθεὶς
992 3775 1111 3845 μὲν
1133 3775 1331 3843 σαρκί,
1359 3774 1731 3843 ζωοποιηθεὶς
1751 3775 1819 3829 δὲ

226 3867 549 3936 πνεύματι,
579 3866 672 3919 καὶ
697 3865 764 3919 τά
792 3866 940 3936 ἑξῆς.
985 3866 1337 3937 Σταυροῦται,
1367 3866 1649 3932 θάπτεται,
1682 3884 1817 3920 κατ-

225 3959 439 4029 έρχεται
497 3956 578 4021 είς
616 3957 684 4011 τὰ
713 3957 1042 4029 καταχθόνια
1085 3959 1144 4012 ὲν
1171 3958 1382 4029 Θεότητι
1423 3958 1516 4012 καὶ
1549 3958 1607 4012 ὲν
1642 3957 1812 4029 φυλῶν

1952 677 2183 736 ventus,
2230 684 2296 725 ac
2343 671 2663 727 muneribus
2715 679 2946 728 ornatus
2996 680 3102 729 est.
3158 672 3358 729 Eadem
3399 688 3531 729 vero

1953 770 2115 815 nocte
2144 776 2270 815 cum
2296 760 2571 831 Josephus
2621 778 2719 834 per
2746 765 3022 820 somnium
3056 764 3126 819 ab
3154 764 3349 835 angelo
3378 774 3530 821 esset

1950 853 2294 917 admonitus,
2328 855 2383 909 in
2419 855 2716 928 ASgyptum
2750 857 3109 914 transfertur.
3143 856 3298 914 Unde
3330 872 3528 914 rursus

1948 955 2074 1017 post
2101 947 2405 1011 biennium,
2441 956 2661 1004 mortuo
2682 949 2796 1020 jam
2828 948 3040 1006 Herode
3097 964 3161 1006 ac
3197 948 3527 1006 succedente

1949 1037 2241 1102 Archelao,
2278 1040 2590 1096 revertitur.

2022 1127 2305 1199 Siquidem
2360 1146 2508 1187 anno
2567 1130 2799 1189 Herodis
2856 1148 3071 1199 XXXI“,
3125 1132 3356 1203 Augusti
3414 1147 3522 1187 xLu

1950 1217 2289 1275 Bethlehemi
2310 1219 2366 1274 in
2397 1218 2587 1274 Iudaea
2611 1218 2865 1303 Salvator
2890 1222 3159 1276 nascitur.
3186 1218 3324 1273 Tum
3355 1216 3526 1273 Hero—

1945 1310 2031 1368 dis
2062 1326 2204 1367 xxxv
2229 1312 2287 1368 in
2302 1310 2598 1384 Egyptum
2629 1311 2910 1383 protectus
2932 1320 3040 1371 est.
3077 1309 3294 1381 1119
3323 1307 3525 1363 Eodem

1944 1402 2158 1460 Herode
2178 1411 2417 1469 mortuo,
2440 1406 2509 1461 ab
2523 1404 2760 1477 Αἴθῃ)ιο
2782 1403 2963 1460 rediit.
2977 1403 3157 1469 Quare
3179 1416 3404 1457 necesse
3419 1407 3525 1466 est,

1943 1511 2135 1551 xxxvii
2167 1494 2400 1553 Herodis
2430 1511 2577 1552 anno
2595 1503 2852 1568 quartum
2879 1494 3059 1551 aetatis
3091 1508 3205 1550 sua:
3236 1493 3524 1563 puerulum

1941 1588 2145 1659 egisse,
2183 1603 2311 1644 cum
2343 1587 2609 1653 Herodes,
2644 1589 2892 1658 inquam,
2937 1595 3142 1656 septem
3183 1600 3247 1638 ac
3296 1584 3527 1654 triginta

1942 1678 2214 1736 confectis
2268 1679 2431 1735 annis
2476 1678 2695 1735 vivendi
2735 1677 2897 1733 tinem
2944 1676 3156 1731 habuit.
3203 1673 3334 1730 Post
3378 1674 3522 1729 hunc

1940 1770 2243 1827 Archelaus
2296 1787 2491 1827 novem
2552 1771 2715 1827 annis
2766 1769 3014 1841 regnavit
3059 1787 3073 1824 :
3118 1781 3230 1837 quo
3292 1779 3522 1836 regnum

1942 1862 2187 1929 ineunte,
2215 1860 2489 1932 Iosephus
2520 1878 2587 1919 ex
2621 1860 2860 1933 Egypto
2893 1876 3018 1916 cum
3055 1859 3222 1913 Maria
3252 1873 3319 1913 ac
3351 1871 3523 1928 puero

1871 1929 1912 1987 Β
1940 1953 2247 2025 digressus,
2274 1929 2367 2010 ubi
2396 1929 2983 2026 Archelaum-regnare
3003 1951 3215 2017 didicit,
3247 1951 3301 2005 in
3337 1959 3522 2021 partes

1937 2044 2172 2101 Galilzea:
2199 2046 2448 2108 secessit,
2490 2060 2556 2100 ae
2585 2055 2700 2100 tum
2745 2043 2998 2099 hazareti
3063 2042 3334 2098 consedit.
3398 2041 3521 2096 Ca:-

1937 2143 2118 2191 terum
2166 2134 2471 2191 Archelaus
2519 2134 2788 2191 Herodem
2828 2134 3105 2204 iuniorem
3163 2133 3389 2203 genuit;
3425 2132 3520 2201 qui

1935 2241 2082 2281 nono
2134 2225 2388 2281 Archelai
2440 2225 2614 2295 patris
2664 2239 2811 2280 anno
2852 2224 2906 2278 in
2957 2239 3185 2294 regnum
3226 2224 3526 2278 successit.

1935 2317 2191 2389 Idemque
2218 2333 2396 2373 annus
2421 2333 2452 2371 a
2495 2315 2794 2372 Nativitate
2834 2314 3044 2371 Christi
3077 2330 3176 2368 ιιιι
3218 2328 3518 2369 numeran-

1933 2409 2039 2465 dus
2089 2419 2192 2465 est.
2249 2396 2458 2463 Octavo
2508 2406 2724 2462 decimo
2775 2420 2922 2461 anno
2972 2403 3205 2461 Herodis
3243 2403 3514 2477 Agrippan

1934 2500 2099 2557 Jesus
2121 2500 2377 2556 Christus
2399 2500 2751 2572 promulgare
2771 2498 3017 2554 divinum
3044 2496 3269 2552 verbum
3293 2511 3516 2566 aggres-

1934 2608 2031 2650 sus
2086 2600 2196 2661 est,
2226 2608 2293 2648 ac
2342 2600 2457 2647 tum
2486 2608 2516 2646 a
2549 2591 2760 2647 Joanne
2806 2591 3139 2661 baptismum
3189 2588 3427 2657 accipit,
3459 2596 3517 2641 et

1938 2701 2145 2740 annum
2180 2685 2334 2739 illum
2382 2691 2668 2753 acceptum
2706 2684 2765 2737 in
2807 2698 2870 2738 ea
2919 2679 3180 2752 przeconii
3233 2679 3516 2734 iunctione

1930 2775 2227 2838 consumit,
2252 2775 2405 2830 nullo
2427 2789 2605 2845 neque
2625 2771 2965 2837 Iudaeorum,
2996 2787 3174 2843 neque
3202 2770 3527 2840 gentilium,

1932 2884 2112 2939 neque
2141 2866 2637 2932 Samaritanorum,
2684 2881 2864 2935 neque
2906 2865 3136 2921 alterius
3178 2863 3394 2934 generis
3426 2877 3515 2915 rc-

1931 2966 2229 3032 pugnante.
2264 2958 2520 3015 Secundo
2558 2958 2817 3029 praeconii
2853 2956 3098 3014 cmlestis
3138 2970 3285 3011 anno
3346 2970 3511 3025 quam

1930 3051 2198 3123 plurimos
2224 3051 2622 3107 obtrectatores
2654 3049 2875 3111 habuit;
2900 3048 2995 3119 qui
3024 3048 3245 3119 quidem
3279 3044 3513 3102 Herodis

1928 3141 2178 3212 ejusdem
2222 3156 2347 3205 nx,
2394 3139 2599 3196 Christi
2660 3155 2813 3194 XXXII
2871 3140 3105 3195 exstitit.
3159 3137 3385 3193 Demum
3438 3151 3508 3189 xx

1929 3232 2217 3288 tetrarchae
2250 3229 2481 3287 Herodis
2523 3246 2670 3285 anno
2704 3229 2959 3286 Christus
2996 3229 3260 3285 Dominus
3290 3228 3361 3283 ob
3404 3227 3502 3281 Ιιιιο

1928 3323 2076 3379 mani
2109 3324 2327 3393 generis
2380 3323 2613 3379 salutem
2657 3336 2889 3392 passus,
2929 3330 3093 3390 atque
3134 3319 3326 3375 eodem
3372 3326 3511 3371 tem-

1927 3429 2059 3486 pore
2088 3413 2223 3469 nihil
2255 3427 2450 3484 passus
2485 3422 2568 3468 est
2586 3430 2611 3479 ;.
2629 3422 2744 3468 tum
2780 3426 2905 3466 cum
2940 3419 3170 3467 mortem
3206 3410 3509 3481 degustans

1926 3504 1995 3559 ad
2031 3503 2210 3575 ipsum
2250 3503 2417 3558 etiam
2460 3502 2645 3559 crucis
2694 3501 3051 3572 supplicium,
3083 3514 3282 3570 passus
3328 3505 3416 3554 est
3445 3498 3502 3552 in

1925 3594 2177 3657 veritate,
2228 3609 2352 3649 cum
2402 3594 2621 3649 interim
2678 3592 2816 3647 nihil
2863 3592 2980 3661 ipsa
3029 3591 3316 3647 divinitate
3352 3597 3508 3660 pate-

1924 3694 2097 3742 retur.
2149 3683 2359 3741 Christo
2410 3684 2550 3739 enim
2590 3683 2708 3755 (ait
2738 3682 3059 3752 Scriptura)
3108 3697 3203 3752 pro
3242 3679 3393 3734 nobis
3450 3680 3505 3732 in

1926 3793 2085 3831 carne
2113 3790 2271 3845 passo
2286 3775 2327 3827 ³.
2354 3772 2729 3845 Rursumque,
2767 3772 3127 3842 Mortiﬁcatus
3161 3787 3340 3835 carne,
3374 3767 3504 3823 vivi-

1925 3867 2118 3935 ﬁcatus
2153 3876 2330 3920 autem
2354 3866 2547 3931 spiritu
2572 3865 2613 3929 ⁸,
2648 3873 2703 3920 et
2730 3880 2854 3935 qua:
2881 3871 3209 3935 sequuntur.
3251 3861 3309 3916 In
3340 3876 3506 3916 cruce

1927 3956 2306 4029 suspenditur,
2337 3960 2642 4028 sepelitur;
2675 3958 2740 4012 ad
2791 3956 3003 4013 inferos
3046 3969 3173 4010 cum
3217 3954 3505 4009 divinitate

296 4136 313 4167 ¹
353 4135 555 4193 Melius
582 4135 674 4191 lib.
711 4154 750 4200 ι,
778 4131 840 4191 οὗ
863 4138 921 4191 ὲν
943 4138 1087 4209 ἀρχῇ
1115 4136 1213 4207 τῆς
1237 4135 1511 4206 βασιλείας
1542 4136 1722 4204 ἐξιών.
1810 4139 1823 4169 ¹

1943 4139 2139 4208 magis.
2216 4138 2235 4169 ³
2266 4135 2450 4192 lPetr.
2480 4153 2552 4203 tv,
2586 4138 2634 4191 l.
2715 4135 2776 4188 ‘I
2813 4134 2957 4192 Petr.
2995 4150 3075 4197 Ill,
3115 4136 3199 4192 18.

260 4330 362 4371 ens
384 4355 400 4379 ,
431 4328 549 4370 non
595 4313 729 4370 satis
763 4312 1060 4368 advrrterit
1086 4351 1102 4378 ,
1153 4329 1276 4368 cum
1321 4314 1416 4368 illo
1448 4314 1669 4369 biennio
1708 4331 1818 4370 non

264 4400 367 4442 ene
402 4384 588 4454 aptari
617 4399 778 4454 posse
807 4394 1021 4454 tempus
1043 4384 1344 4439 nativitatis
1375 4383 1503 4439 Jesu
1537 4401 1661 4454 cum
1692 4394 1822 4440 tem-

227 4470 359 4524 pore
398 4453 599 4510 mortis
644 4453 1205 4524 Herodis;’ncciqum
1242 4454 1308 4508 ab
1336 4453 1686 4523 evangelistis
1729 4455 1781 4508 di
1804 4485 1818 4496 -

226 4523 434 4580 cuntur
481 4540 610 4578 cum
643 4524 710 4578 iis
734 4564 771 4594 ,ί
805 4540 927 4594 qua:
961 4526 1014 4577 in
1046 4523 1361 4578 Judworum
1395 4524 1815 4594 Antiquitatibus

225 4595 391 4651 habet
421 4594 702 4663 Iosephus
733 4593 1013 4650 Hebraeus.
1038 4594 1325 4649 Matthams
1355 4593 1573 4649 laudato
1609 4594 1663 4648 in
1695 4598 1820 4652 loco

226 4664 514 4736 biennium
547 4673 605 4717 ut
626 4666 1156 4736 _admittaums,gnon
1181 4666 1373 4736 erigit.
1412 4663 1477 4718 Et
1506 4679 1817 4736 quanquam

222 4733 277 4788 in
339 4734 662 4804 hujnsmodi
718 4734 1122 4805 chronologicis
1177 4733 1627 4805 inquisitionibus
1672 4733 1817 4791 certi

224 4805 298 4858 nil
338 4806 647 4860 habeamus
674 4844 688 4867 ,
747 4805 1097 4860 verisimilior
1153 4813 1337 4860 tamen
1376 4812 1603 4875 apparet
1644 4808 1815 4861 altera

220 4875 438 4947 opinio,
473 4889 597 4945 qua:
626 4883 680 4927 et
723 4876 864 4947 apud
895 4876 1043 4929 viros
1088 4876 1281 4931 doctos
1306 4875 1675 4947 conununior,
1706 4893 1816 4947 qua

222 4944 468 5001 dicimus
515 4961 624 4998 non
664 4946 850 5000 multis
888 4961 918 4999 a
969 4947 1249 5000 nativitate
1286 4945 1481 5001 diebus
1534 4944 1811 5002 Christum

222 5012 570 5086 Betltlehmni
605 5014 773 5070 fuisse
809 5034 838 5068 ιι
866 5018 1039 5084 magis
1069 5017 1378 5071 adoratum.
1425 5015 1525 5070 Cui
1569 5016 1812 5086 opinioni

225 5100 329 5139 nec
390 5084 682 5140 Mattlurus
721 5094 1028 5155 repugnat,
1088 5086 1198 5140 imo
1250 5086 1540 5155 suilragari
1598 5084 1815 5141 videtur

223 5154 386 5209 initio
422 5155 574 5209 illius
602 5154 828 5210 secundi
866 5156 1062 5224 capitis
1101 5172 1386 5225 magorum
1418 5154 1712 5211 adventum
1745 5160 1812 5211 il-

218 5225 330 5296 lico
362 5226 714 5295 subjungeus
736 5228 1040 5296 narrationi
1068 5228 1389 5287 nativitatis,
1426 5234 1591 5296 atque
1618 5227 1806 5284 aiens:

217 5294 355 5348 Cum
382 5294 513 5360 ergo
551 5294 710 5350 nutus
749 5305 883 5351 esset
921 5294 1078 5351 Jesus
1110 5298 1163 5351 in
1203 5294 1722 5360 Bethlelzem’ludw,
1756 5299 1811 5352 iu

216 5363 407 5438 diebus
428 5363 668 5438 Herodis
695 5366 855 5437 regis,
893 5383 1009 5421 ecce
1038 5368 1179 5438 magi
1213 5369 1278 5421 ab
1317 5368 1531 5423 Oriente
1563 5378 1809 5422 venerunt

216 5432 639 5506 Jerosolymam.

290 5504 412 5575 (14)
444 5504 793 5573 Τριακοστῷ
824 5507 1012 5574 τρίτῳ.
1046 5506 1123 5561 Ita
1173 5522 1306 5561 cum.
1340 5508 1665 5565 Cmsariensi
1700 5508 1808 5564 Eu-

216 5575 399 5659 sebio,
436 5583 553 5659 tum
588 5576 643 5631 in
682 5576 979 5659 Clironicis,
1011 5586 1127 5659 tum
1151 5578 1214 5659 _in
1244 5580 1447 5659 quinto‘
1474 5579 1571 5659 lib.
1603 5594 1617 5632 ι
1659 5578 1802 5659 Hist.

212 5644 359 5715 εισι.
408 5645 625 5713 capite,
679 5648 950 5702 sentiebat
1010 5644 1365 5715 Epiphanius.
1421 5648 1488 5701 At
1547 5657 1803 5703 accurata

220 5714 412 5787 plagis
440 5722 747 5785 temporum
776 5718 923 5787 ratio
957 5717 1045 5771 illa
1078 5714 1201 5771 esse
1229 5719 1461 5782 videtur,
1492 5735 1613 5787 qme
1638 5720 1797 5772 Nata-

218 5783 333 5839 lem
359 5784 513 5839 diem
542 5783 740 5841 Christi
771 5786 980 5841 Domini
1013 5789 1207 5841 statuit
1244 5790 1297 5842 in
1333 5804 1476 5843 anno
1504 5783 1664 5843 ixxrv
1692 5788 1801 5846 lle-

218 5855 379 5909 rodis
435 5864 561 5923 post
623 5858 908 5927 depulsum
958 5858 1291 5927 Antigonum
1340 5861 1618 5930 regnantis
1648 5899 1662 5924 ,
1704 5861 1797 5934 qui

1921 4331 2055 4372 sane
2098 4317 2294 4371 recidit
2347 4316 2402 4370 in
2438 4330 2642 4370 annum
2699 4315 2911 4384 imperii
2943 4315 3177 4385 Augusti
3224 4330 3331 4368 non
3366 4331 3500 4377 χιιι,

1921 4387 2015 4441 sed
2052 4404 2115 4441 xl.
2146 4397 2271 4441 ante
2305 4386 2685 4458 Dionysiauam
2718 4386 2993 4454 vulgatam
3020 4384 3185 4437 mram
3218 4384 3405 4458 v.AQua
3434 4385 3503 4458 de

1922 4474 1981 4511 re
2004 4460 2076 4511 ob
2105 4455 2479 4526 discrepantes
2520 4456 2669 4526 inter»
2695 4470 2755 4510 se
2783 4463 3025 4509 veterum
3054 4455 3392 4526 sententias,
3430 4456 3502 4509 ob

1849 4513 1896 4571 υ
1933 4513 2303 4581 όίίιίειιιιειιοιιὶ
2331 4524 2693 4595 componendi
2721 4526 2860 4579 inter
2890 4538 3012 4579 sese
3036 4532 3282 4595 tempora
3320 4513 3503 4595 diver-

1924 4613 2020 4661 8a.,
2060 4593 2473 4655 intricatissima
2506 4607 2561 4650 et
2594 4595 2826 4649 salebris
2880 4595 3120 4664 undique
3165 4593 3342 4664 obsita
3370 4631 3385 4655 ,
3419 4594 3505 4647 in-

1923 4670 2135 4722 nmneri
2166 4667 2557 4737 propemodum
2596 4667 2867 4735 scripsere
2892 4703 2906 4729 ,
2949 4663 3057 4737 _qui
3098 4663 3315 4718 consuli
3366 4678 3501 4733 pos-

1921 4746 2077 4799 sunt,
2116 4734 2293 4792 ct'cos
2326 4738 2470 4791 inler
2500 4734 2812 4805 postremus
2839 4734 3087 4803 profecto
3118 4749 3226 4786 non
3257 4740 3369 4805 est,
3399 4748 3500 4789 nec

1921 4808 2145 4878 insuper
2176 4807 2461 4878 habendus
2488 4802 2698 4878 [quem
2743 4802 2887 4874 sape
2926 4804 3267 4878 laudavimus
3295 4844 3310 4866 ,
3341 4802 3501 4878 Peta-

1920 4874 2129 4933 vius‘et
2155 4878 2209 4931 in
2242 4878 2360 4932 suis
2395 4877 2468 4931 De
2498 4877 2743 4930 doctrina
2792 4886 3083 4944 temporum
3139 4874 3302 4944 libris
3334 4882 3383 4927 et
3443 4874 3501 4929 in

1917 4947 1985 5003 iis
2019 4965 2139 5016 qua-
2172 4947 2239 5001 ad
2266 4946 2555 5017 Epiphanii
2581 4946 2831 5017 haeresim
2864 4943 2926 4999 51
2963 4943 3204 5017 scripsit.

1989 5012 2100 5086 (15)
2139 5019 2224 5083 Τῷ
2278 5012 2611 5085 τριίικοστῷ
2654 5014 2920 5085 πέμπτῳ.
2981 5012 3145 5069 Juxta
3203 5012 3497 5086 Epiphanii

1916 5090 2252 5158 opinionem,
2280 5104 2443 5157 quam
2469 5089 2631 5158 paulo
2651 5087 2908 5155 superius
2936 5086 3120 5141 mimts
3145 5085 3497 5139 verisimilem

1915 5159 2189 5214 dicebam.

1985 5229 2097 5299 (16)
2131 5227 2454 5299 Τεσσιὶρών
2476 5225 2649 5299 ἐτῶν.
2682 5223 2941 5281 Fortasse
2968 5225 3323 5299 minusvere.
3354 5224 3496 5299 Mor-

1913 5294 2042 5354 tuus
2080 5294 2341 5354 creditur
2376 5297 2619 5352 Herodes
2672 5311 2819 5351 anno
2877 5311 2907 5350 a
2963 5295 3169 5351 Christi
3204 5294 3498 5350 Nativitate

1912 5370 2153 5425 nondum
2183 5368 2519 5424 adamussiut
2554 5366 2792 5437 expleto.
2846 5365 2958 5422 Nec
2992 5365 3234 5423 Herodes
3260 5367 3330 5418 ab
3376 5365 3492 5416 An-

1912 5441 2083 5510 tigoni
2127 5448 2303 5493 morte
2330 5452 2516 5510 xxxvii
2552 5438 2803 5510 regnavit
2833 5452 3029 5510 armos.

1981 5511 2094 5577 (l7)
2120 5510 2432 5581 assumta,
2459 5508 2586 5581 ἐτῃ.
2619 5504 2703 5560 'Si
2757 5506 2975 5581 probari
3011 5504 3291 5581 contingat
3319 5540 3334 5564 ,
3371 5516 3493 5581 qua:

1909 5574 2083 5648 supra
2119 5574 2451 5641 iudicabam,
2482 5576 2549 5632 ad
2582 5574 2779 5632 eoruni
2822 5577 3172 5648 rationemct
3203 5574 3355 5627 locus
3388 5574 3496 5625 isto

1908 5644 2194 5720 Epiphanii
2225 5656 2513 5702 revocetur
2543 5662 2769 5702 necesse
2787 5654 2900 5720 est.
2924 5644 3107 5720 _Qn_od
3138 5654 3192 5695 et
3212 5648 3490 5720 praestau-

1906 5711 2033 5773 dum
2091 5719 2306 5772 videtur
2366 5720 2520 5773 circa
2571 5734 2743 5772 atinos
2785 5714 3043 5783 Baptismi
3096 5723 3150 5767 ct
3212 5711 3490 5783 Passionis

1905 5789 2106 5844 Christi
2134 5788 2447 5843 Domini.De
2469 5788 2668 5858 quibus
2694 5781 3083 5860 annisconstat
3101 5799 3205 5860 non
3227 5781 3489 5860 minorem

1910 5876 2029 5916 esse
2079 5851 2510 5915 controversiam
2542 5871 2707 5927 quam
2755 5855 2823 5911 de
2865 5864 3110 5924 tempore
3157 5851 3490 5905 Nativitatis.
