3958 6422
475 452 572 516 851

1915 453 1970 509 S.
2014 452 2352 517 EPiPHANiI
3584 480 3666 533 85$

473 591 573 636 sua
603 583 658 630 et
695 574 875 643 anima
909 572 1214 641 descendit,
1256 576 1529 647 captivam
1574 576 1726 632 ducit
1762 577 2045 648 captivita—

2157 577 2559 647 αίχμαλωτεύει
2592 579 2692 648 τὴν
2721 579 3115 650 αἰχμαλωσίαν,
3152 584 3242 637 καὶ
3269 586 3526 645 ἀνίσταται
3547 601 3663 666 τριή.

475 676 580 722 tom
602 707 618 732 ,
655 681 718 721 ac
747 664 908 722 tertio
930 665 1019 722 die
1047 682 1171 722 cum
1215 669 1570 726 sanctissimo
1592 685 1694 725 suo
1719 685 1950 741 corpore
1983 669 2046 724 ad

473 759 646 813 vitam
678 759 976 818 excitatur.
1000 758 1157 826 Quod
1186 760 1406 830 quidem
1433 776 1636 832 corpus
1660 776 1837 832 neque
1855 761 2051 817 dissol-

474 849 704 904 vendum
738 847 993 918 amplius,
1009 865 1110 906 nec
1141 865 1454 920 passurum,
1479 867 1580 907 nec
1604 853 1706 912 sub
1735 853 1928 908 mortis
1953 853 2049 909 do-

473 941 740 1015 minatum
771 951 960 1013 postea
984 955 1438 1008 cessurum,cum
1471 959 1570 1000 sua
1607 945 1893 1000 divinitate
1915 961 2051 1002 con-

468 1033 670 1106 iunxit.
704 1030 762 1087 ld
794 1033 939 1104 quod
976 1033 1223 1104 Apostoli
1264 1035 1583 1091 testimonio
1610 1038 2002 1106 comprobatur
2031 1057 2045 1093 :

476 1124 643 1198 Mors,
670 1126 870 1196 inquit,
907 1142 1010 1180 non
1033 1127 1260 1191 amplius
1283 1127 1332 1182 ei
1353 1127 1715 1194 dominabitur
1733 1130 1773 1182 '.

543 1217 659 1274 lloc
686 1219 856 1291 igitur
886 1220 1063 1290 ipsum
1097 1235 1228 1276 vere
1281 1235 1508 1290 corpus,
1540 1235 1759 1276 carnem
1791 1221 1966 1290 ipsam
1995 1229 2050 1282 et

472 1309 712 1381 animam
751 1310 957 1379 ipsam,
993 1309 1108 1378 ipsa
1145 1309 1344 1378 quibus
1385 1312 1673 1365 constabat
1702 1312 1908 1372 omnia,
1939 1325 2047 1366 non

473 1399 625 1453 aliud
657 1399 957 1468 quidquam
996 1407 1192 1467 praeter
1226 1413 1414 1454 verum
1453 1415 1679 1470 corpus,
1707 1401 1808 1456 sed
1842 1401 2049 1471 ipsum-

472 1501 583 1547 met
619 1491 754 1552 illud.
787 1491 836 1546 vi
867 1492 1080 1546 caelesti
1112 1491 1374 1561 perfudit,
1404 1500 1459 1547 et
1485 1491 1541 1546 in
1569 1507 1738 1547 unum
1774 1491 2046 1563 idemque.

472 1585 526 1638 in
591 1599 792 1647 unam,
847 1582 1109 1652 inquam,
1151 1583 1495 1648 divinitatem
1555 1584 1936 1647 consociavit,
1991 1592 2050 1638 ut

469 1688 726 1728 carneum
761 1680 912 1728 esset
942 1672 1384 1744 incorruptibile,
1415 1687 1741 1746 corporeum
1779 1675 2047 1746 spiritale,

467 1774 787 1822 concretum
815 1774 1001 1830 tenue,
1037 1767 1254 1837 1120
1283 1767 1511 1822 mortale
1541 1768 1870 1834 immortale,
1901 1770 2048 1840 quod

469 1859 616 1913 nulla
653 1859 883 1913 omnino
912 1860 1039 1914 tabe
1076 1860 1408 1916 dissolutum
1448 1857 1650 1926 fuerat,
1682 1861 1868 1918 anima
1903 1862 2046 1932 apud

469 1950 676 2018 inferos
709 1966 821 2006 non
853 1951 1066 2015 relicta,
1097 1965 1222 2007 cum
1263 1966 1368 2007 nec
1413 1965 1615 2022 corpus
1648 1953 1795 2008 velut
1841 1953 2041 2009 instru-

467 2049 708 2099 mentum
760 2040 943 2114 aliqua
1001 2057 1066 2096 ex
1137 2047 1292 2112 parte
1347 2041 1400 2096 in
1455 2043 1664 2113 peccati
1720 2043 2044 2113 obsequium

471 2129 665 2204 fuisset
709 2131 1044 2201 impensum,
1079 2145 1182 2186 nec
1213 2146 1368 2188 mens
1405 2132 1515 2187 ulla
1565 2133 1762 2190 fuisset
1802 2135 1857 2189 in
1892 2134 2045 2191 dete-

467 2224 585 2296 rius
620 2224 923 2278 mutatione
961 2223 1188 2292 polluta.
1225 2223 1331 2279 Sed
1361 2238 1489 2279 cum
1534 2224 1641 2281 sibi
1685 2226 1872 2280 omnia
1925 2241 2047 2296 quae

466 2319 703 2382 hominis
741 2317 964 2388 propria
1022 2325 1153 2372 sunt
1203 2318 1530 2383 ascivisset,
1583 2319 1773 2392 eadem
1829 2320 2043 2391 integra

464 2410 725 2473 servavit,
761 2425 884 2479 quae
931 2424 1073 2464 vera:
1131 2409 1210 2465 illi
1254 2424 1418 2481 quam
1475 2411 1581 2466 sibi
1631 2411 2044 2480 conciliaverat,

465 2510 676 2556 natura:
734 2501 802 2556 ad
863 2500 1066 2557 rationi
1119 2509 1529 2559 consentaneos
1591 2518 1726 2558 usus
1787 2502 2046 2561 divinitas

463 2601 822 2648 concesserat
867 2611 884 2649 :
945 2609 1083 2649 usus
1140 2593 1402 2648 nimirum
1448 2594 1608 2660 illos,
1663 2595 1756 2666 qui
1808 2603 1868 2650 ut
1922 2610 2048 2652 esse

464 2685 682 2755 penitus
715 2685 961 2756 possint,
989 2686 1184 2756 partim
1215 2687 1464 2755 corporis
1485 2696 1679 2756 egent,
1700 2686 1898 2756 partim
1927 2687 2047 2740 ani-

464 2779 536 2831 mi
579 2785 744 2847 atque
787 2776 1039 2831 humanm
1078 2777 1276 2831 mentis
1327 2776 1705 2831 adminiculo:
1736 2777 2046 2846 cujusmodi

464 2877 593 2924 sunt
640 2868 835 2932 fames,
883 2868 1024 2930 sitis,
1081 2867 1284 2932 fletus,
1343 2868 1593 2931 tristitia,
1642 2869 1915 2940 lacrymas,
1947 2882 2046 2924 so-

468 2975 668 3020 mnus,
727 2958 878 3012 labor
924 2973 990 3014 ac
1035 2959 1254 3028 requies
1311 2958 1434 3013 l‘iazc
1463 2959 1608 3014 enim
1669 2959 1852 3014 omnia
1897 2959 2046 3014 nulla

467 3051 741 3107 infuscata
777 3053 986 3122 peccati
1041 3054 1244 3123 specie,
1291 3063 1563 3122 susceptae
1613 3052 1794 3122 reipsa
1837 3063 2048 3107 natura:

463 3145 704 3202 hominis
737 3155 1061 3214 argumenta
1091 3145 1375 3201 continent
1409 3164 1422 3201 :
1461 3161 1585 3200 cum
1613 3160 1720 3216 qua
1752 3161 1879 3202 vere
1909 3161 2045 3201 con-

2154 687 2321 742 μερος
2367 672 2466 724 σὺν
2497 671 2648 742 αὐτῷ
2693 672 2772 743 τῷ
2818 673 2959 745 ἀγίῳ
2998 675 3294 748 ῐΙνεύματι,
3340 684 3600 751 συνενὼσας
3622 692 3666 740 τὸ

2153 763 2313 833 σῶμα
2341 765 2408 834 τῇ
2438 763 2672 835 θεότητι,
2726 764 2926 835 μηκέτι
2955 765 3231 837 λυόμενον,
3274 772 3458 840 μηκέτι
3483 776 3664 845 πάσχον,

2153 857 2351 927 μηκέτι
2391 857 2497 910 ὑπὸ
2550 855 2644 910 τοῦ
2673 855 2907 911 θανάτου
2957 860 3368 931 κυριευόμενθν.
3410 863 3476 928 ὥς
3499 873 3669 936 φησινό

2165 950 2484 1014 ’Λπόστολος
2506 966 2519 979 ·
2553 949 2819 1017 Θάνατος
2847 951 3035 1006 αὐτοῦ
3063 953 3262 1008 οὐκέτι
3294 957 3546 1024 κυριεύει.

2190 1219 2363 1280 ,Αὐτὸ
2392 1218 2454 1272 τὺ
2485 1216 2646 1290 σῶμα
2679 1216 2976 1288 ἀληθινῶς,
3009 1216 3178 1287 αὐτὴν
3205 1216 3305 1287 τὴν
3329 1217 3516 1288 σάρκα,
3540 1218 3676 1287 αὐτὴν

2149 1311 2250 1382 τὴν
2276 1311 2474 1382 ψυχὴν,
2503 1311 2645 1364 αὐτὰ
2669 1310 2740 1364 τὰ
2781 1310 2982 1374 πάντα,
3005 1311 3105 1364 οὐκ
3140 1309 3270 1363 ἀλλο
3307 1327 3359 1362 τι
3399 1311 3534 1380 παρά
3564 1311 3613 1374 τὺ
3633 1310 3678 1364 ὃν

2153 1402 2313 1472 σῶμα
2331 1444 2346 1466 ,
2390 1401 2507 1454 ἀλλ’
2559 1401 2691 1455 αὐτὸ
2727 1400 2790 1456 ὃν
2835 1401 3218 1472 ἐνδύναμώσας
3258 1401 3351 1455 καὶ
3398 1400 3582 1465 ὲνὼσας
3618 1404 3679 1464 είς

2154 1495 2282 1564 μίαν
2311 1492 2538 1564 ἑνότητα
2587 1493 2684 1547 καὶ
2738 1494 2824 1561 είς⁵
2867 1493 2998 1564 μίαν
3042 1492 3306 1562 θεύτητα,
3355 1493 3417 1544 τὸ
3462 1493 3681 1562 σαρκικδν

2149 1584 2446 1654 ἄφθαρτον,
2474 1583 2536 1638 τὸ
2564 1585 2875 1655 σωματικὸν
2902 1584 3292 1654 πνευματικὸν,
3317 1583 3378 1636 τὸ
3409 1584 3681 1654 παχυμερὲς

2150 1679 2511 1750 λεπτομερὲς,
2548 1679 2611 1731 τὸ
2643 1677 2837 1748 θνητὸν
2866 1676 3155 1744 ἀθάνατον,
3195 1676 3272 1748 μὴ
3317 1676 3549 1748 ὲωρακδς
3574 1676 3681 1733 ὅλως

2149 1769 2470 1840 διαφθορὰν,
2503 1769 2580 1839 μὴ
2625 1768 3084 1840 καταλειφθείσης
3109 1769 3208 1840 τῆς
3239 1769 3420 1841 ψυχῆς
3453 1771 3526 1834 είς
3558 1767 3682 1840 ᾅδην,

2154 1859 2230 1931 μὴ
2256 1858 2610 1930 μερισθέντος
2637 1857 2733 1911 τοῦ
2759 1857 2992 1929 ὀργάνου
3025 1859 3108 1921 είς
3133 1858 3432 1929 ἁμαρτίαν,
3458 1857 3527 1928 μὴ
3552 1873 3681 1926 χραν-

2149 1952 2334 2015 θέντος
2355 1949 2452 2004 τοῦ
2489 1949 2580 2004 νοῦ
2620 1951 2701 2013 είς
2740 1949 2980 2021 τροπήνο
3020 1949 3157 2004 ἀλλὰ
3197 1949 3269 2003 τὰ
3311 1949 3410 2003 ὅλα
3437 1946 3686 2018 ἀνθρώπου

2147 2043 2329 2098 λαϐὼν
2348 2085 2366 2112 ,
2419 2043 2662 2114 φυλάξας
2707 2042 2766 2096 δὲ
2799 2043 2897 2096 ὅλα
2929 2041 3041 2113 (τὰ)
3091 2041 3300 2108 τέλεια,
3341 2040 3688 2102 ὲπιδεδωκυίας

2146 2136 2246 2207 τῆς
2270 2135 2523 2207 θεότητος
2546 2135 2614 2207 τῇ
2633 2134 2857 2205 ἀληθινῇ
2882 2133 3039 2188 ὲνανθ
3049 2134 3310 2204 ρωπήσει,
3331 2135 3453 2196 ταῖς
3476 2131 3688 2204 χρείαις⁸

2147 2229 2268 2292 ταῖς
2297 2227 2575 2296 εὐλογίαις
2602 2226 2746 2280 κατά
2780 2227 2881 2290 τὰς
2909 2225 3227 2297 σωματικάς
3258 2242 3318 2279 τε
3349 2225 3444 2279 καὶ
3465 2223 3689 2294 ψυχικὰς,

2148 2321 2243 2374 καὶ
2262 2321 2328 2374 ὲκ
2351 2320 2445 2374 νοῦ
2469 2319 2812 2391 ἀνθρωπίνου
2835 2319 3179 2389 κεκτημένας
3201 2317 3302 2389 τὴν
3326 2315 3687 2389 πληροφορίαν,

2145 2415 2217 2468 τὰ
2237 2416 2306 2486 τῇ
2337 2413 2498 2486 πείνῃ
2523 2413 2618 2466 καὶ
2645 2412 2796 2484 δίψῃ,
2841 2411 2935 2464 καὶ
2978 2409 3241 2480 κλαυθμῷ
3268 2427 3328 2464 τε
3370 2409 3465 2464 καὶ
3493 2405 3692 2477 ἀθυμίᾳ,

2146 2504 2375 2575 δάκρυσί
2394 2521 2455 2558 τε
2485 2503 2583 2559 καὶ
2609 2503 2782 2574 ὕπνῳ,
2808 2501 3038 2573 καμάτῳ
3068 2503 3162 2555 καὶ
3190 2501 3471 2564 ἀναπαύσε
3481 2518 3515 2553 ι.
3537 2497 3694 2551 Ταῦτα

2146 2596 2258 2668 γὰρ
2304 2595 2403 2666 οὐχ
2446 2593 2720 2667 ἁμαρτίας
2763 2593 3056 2668 εἷδος,όλλ’
3100 2593 3495 2665 ἀνθρωπισμοῦ
3532 2589 3699 2660 ἀληθε-

2149 2691 2370 2750 στάτου,
2395 2682 2624 2759 ἀληθείᾳ
2644 2688 2744 2757 τῆς
2767 2687 3019 2758 θεότητος
3043 2687 3328 2756 συνούσης,
3348 2688 3411 2740 οὐ
3435 2685 3500 2738 τὰ
3519 2681 3698 2753 ἀνθρώ-

2149 2801 2281 2836 πινα
2313 2781 2650 2852 πασχούσης,
2677 2779 2814 2834 ἀλλά
2852 2779 2952 2850 τῆς
2995 2779 3245 2849 θεότητος
3301 2775 3700 2844 συνευδοκούσης

2148 2874 2230 2936 εἰς
2249 2871 2318 2925 τὰ
2343 2869 2560 2938 εὔλογα,
2591 2869 2687 2923 καὶ
2716 2870 2873 2932 ἐκτὸς
2913 2868 3188 2939 ἁμαρτίας
3225 2867 3321 2922 καὶ
3354 2866 3560 2950 τροπῆς
3581 2866 3701 2931 ἀπη-

2148 2965 2485 3036 γορευμένης
2541 2961 2916 3034 ὑπαρχούσης.
2971 2960 3130 3014 Ἀλλά
3181 2961 3278 3014 καὶ
3334 2961 3568 3029 ἀνέστη,
3627 2955 3704 3020 καὶ

2149 3057 2331 3129 θυρῶν
2379 3055 2784 3126 κεκλεισμένων
2838 3053 3086 3123 εἰσῆλθεν
3111 3093 3126 3117 ,
3171 3053 3257 3107 ἵνα
3298 3052 3366 3106 τὸ
3416 3047 3702 3120 παχυμερὲς

2150 3147 2482 3220 λεπτομερὲς
2517 3145 2805 3218 ἀποδείξῃ,
2853 3145 2986 3199 αὐτὸ
3032 3144 3094 3197 τὸ
3147 3143 3206 3202 ὃν
3259 3145 3362 3198 σὺν
3426 3142 3586 3213 σαρκὶ
3627 3139 3708 3192 καὶ

463 3237 671 3304 sociata
736 3237 998 3292 divinitas
1052 3238 1350 3292 humanum
1400 3246 1582 3292 tamen
1632 3237 1839 3308 patitur
1885 3237 2042 3305 nihil,

2149 3239 2376 3303 ὀστέοις.
2422 3235 2578 3292 Μετά
2609 3234 2720 3307 γὰρ
2769 3233 2831 3286 τὸ
2880 3231 3142 3285 εἰσελθεῖν
3186 3229 3360 3304 ἔδειξε
3404 3232 3587 3302 χεῖρας
3626 3226 3704 3278 καὶ

464 3329 683 3397 tametsi
714 3345 837 3399 qua:
865 3329 1070 3384 rationi
1101 3339 1472 3385 consentanea
1497 3329 1699 3394 forent,
1735 3328 2041 3396 admiserit,

463 3433 627 3494 atque
657 3423 727 3477 ab
774 3423 921 3477 omni
949 3431 1172 3492 peccato
1200 3429 1254 3476 et
1288 3422 1340 3476 in
1371 3421 1527 3492 pejus
1570 3435 1635 3475 ac
1662 3420 1888 3475 vetitum
1923 3435 2044 3476 mu-

463 3516 670 3576 tatione
710 3513 898 3584 procul
926 3511 1182 3568 abfuerit.
1219 3511 1299 3566 Ad
1345 3512 1462 3567 lucc
1502 3514 1775 3568 excitatus
1805 3527 1837 3566 a
1865 3519 2046 3567 morte

462 3605 716 3664 Christus
757 3605 998 3661 occlusis
1037 3603 1225 3673 januis
1259 3603 1544 3674 ingressus
1581 3605 1734 3669 est”,
1776 3603 1854 3658 uti
1895 3603 2043 3672 quod

466 3700 735 3767 hactenus
784 3711 1036 3752 crassum
1085 3701 1517 3764 concretumque
1570 3693 1750 3749 fuerat
1802 3708 2043 3764 corpus,

475 3789 668 3846 eadem
695 3803 818 3842 cum
851 3803 1015 3842 carne
1045 3787 1374 3856 ossibusque
1401 3796 1561 3842 tenue
1590 3802 1652 3842 ac
1695 3787 1894 3843 subtile
1921 3801 2045 3844 esse

466 3890 816 3941 monstraret.
870 3878 1067 3935 Statim
1119 3879 1266 3936 enim
1312 3888 1476 3950 atque
1528 3880 1900 3952 introgressus
1937 3891 2043 3950 est,

387 4028 395 4031 ..
465 3993 663 4033 manus
691 3991 755 4032 ac
799 3974 966 4047 pedes
1011 3983 1066 4029 et
1110 3971 1431 4034 confossum
1473 3973 1620 4038 latus
1649 3992 1774 4030 cum
1825 3978 2045 4034 ossibus

467 4084 532 4140 ac
582 4069 768 4124 nervis
817 4066 1099 4123 ostendit:
1153 4064 1312 4130 adeo,
1361 4079 1484 4136 quae
1518 4073 1631 4120 tum
1680 4067 2042 4134 videbantur,

467 4159 645 4216 solida
674 4168 855 4222 erant,
887 4173 988 4212 nec
1037 4156 1221 4227 specie
1272 4163 1437 4212 tenus
1473 4158 1786 4213 exstabant.
1831 4159 2044 4226 Quibus

465 4251 633 4308 rebus
679 4265 873 4305 eorum
918 4248 1162 4302 omnium
1215 4263 1336 4318 qua:
1407 4249 1527 4303 fidei
1574 4257 1630 4304 et
1675 4251 1791 4320 spei
1843 4262 2045 4308 nostrae

467 4344 748 4414 proposita
804 4350 956 4405 sunt,
991 4342 1391 4412 promissorum
1445 4356 1543 4411 per
1593 4358 1713 4398 sese
1758 4344 2043 4400 veritatem

2146 3333 2316 3396 πόδας
2352 3329 2447 3384 καὶ
2484 3327 2726 3398 πλευρὰν
2755 3325 3112 3395 νενυγμένην,
3142 3323 3307 3376 ὀστέα
3347 3340 3411 3377 τε
3443 3323 3536 3375 καὶ
3563 3317 3709 3387 νεῦρα

2147 3424 2340 3480 καὶτὰ
2375 3422 2532 3487 ἀλλα,
2563 3420 2638 3482 ὡς
2678 3419 2753 3490 μὴ
2785 3414 2928 3470 εἶναι
2964 3415 3265 3486 φαντασίαν
3310 3416 3378 3468 τὸ
3415 3413 3705 3486 ὁρώμενονο

2146 3513 2382 3577 πίστεώς
2399 3530 2461 3565 τε
2492 3511 2586 3564 καὶ
2613 3508 2827 3570 ἐλπίδος
2859 3507 2960 3578 τῆς
2995 3505 3270 3577 ἡμετέρας
3301 3508 3407 3577 τὴν
3442 3503 3709 3571 ὑπόσχεσιν

2147 3609 2380 3663 ἐποιεῖτο
2403 3605 2470 3660 δι’
2500 3601 2716 3668 ἑαυτοῦ,
2745 3599 2816 3654 τὰ
2851 3599 2947 3652 ὅλα
2971 3596 3264 3661 τελειώσας
3311 3598 3413 3652 καὶ
3442 3591 3710 3648 συνεσθίων

2147 3703 2243 3757 καὶ
2285 3696 2734 3767 συναυλιζόμενος
2772 3695 2833 3747 οὐ
2867 3694 3086 3765 δοκήσει
3132 3691 3248 3745 ἀλλ’
3287 3689 3524 3761 ἀληθείᾳ.
3545 3704 3560 3718 ·
3605 3701 3712 3750 παι·

2144 3791 2315 3846 δεύων
2349 3808 2408 3844 τε
2442 3788 2649 3854 ἐδίδαξε
2689 3785 2967 3856 βασιλείαν
2991 3782 3238 3855 οὐρανῶν
3258 3821 3272 3845 ,
3318 3781 3625 3852 ἐκήρυσσεν
3663 3775 3711 3825 ἐν

2145 3882 2375 3954 ἀληθείᾳ
2391 3881 2452 3934 τὸ
2475 3880 2617 3952 μέγα
2634 3879 2728 3932 καὶ
2747 3874 3174 3950 κορυφαιότατον
3192 3871 3478 3942 σημαίνων
3500 3870 3607 3931 τοῖς
3634 3881 3714 3929 μα·

2147 3975 2358 4044 θηταῖς,
2381 3971 2476 4025 καὶ
2499 3971 2673 4040 λέγων
2695 3988 2705 3998 ·
2739 3967 3169 4035 Μαθητεύσατε
3201 3962 3273 4018 τὰ
3297 3957 3717 4028 ἕθνη,τουτὲοτι.

2149 4062 2511 4136 μεταϐάλλετε
2541 4060 2611 4114 τὰ
2641 4058 2769 4130 ἔθνη
2797 4056 2907 4112 ἀπὺ
2943 4055 3140 4118 κακίας
3178 4052 3257 4115 είς
3301 4051 3408 4121 τὴν
3453 4046 3712 4136 ἀλήθεια-ν.

2146 4133 2254 4212 ἀπὸ
2268 4154 2531 4224 αἱρέσεων
2547 4153 2626 4216 είς
2650 4150 2780 4222 μίαν
2797 4147 3078 4219 θεότηταθ·
3098 4141 3499 4212 βαπτίζοντες
3515 4133 3715 4197 αὐτοὺς

2146 4251 2234 4316 εις
2261 4247 2450 4317 ὄνομα
2468 4242 2700 4314 Πατρός
2724 4241 2824 4296 καὶ
2854 4241 2990 4294 Υὶοῦ
3019 4237 3118 4292 και
3149 4236 3338 4306 ἁγίου.
3360 4233 3714 4317 Πνεύματος,

2146 4314 2227 4406 εἰς
2260 4314 2674 4410 τὴννκυριακὴν
2698 4331 2996 4403 ὀνομασίαν
3021 4328 3121 4398 τῆς
3160 4325 3416 4396 Τριάδος,
3448 4321 3610 4389 ἁγίαν
3636 4314 3716 4368 καὶ

468 4435 835 4500 confirmavit,
874 4433 1166 4504 periiciens
1221 4433 1443 4500 omnia;
1497 4449 1674 4503 neque
1730 4434 1853 4489 ﬁcta
1902 4436 2045 4491 dun-

2151 4431 2436 4504 βασιλικὴν
2491 4425 2799 4498 σφραγῖδαο
2851 4422 2939 4474 ἵνα
2992 4418 3142 4490 δείξῃ
3193 4418 3258 4470 ὲκ
3315 4415 3420 4469 τοῦ

469 4532 618 4577 taxat
646 4502 906 4593 imagine,
939 4522 1035 4578 sed
1076 4521 1258 4590 reipsa
1287 4535 1411 4575 cum
1461 4502 1600 4579 suis,
1620 4538 1958 4581 convescens
1991 4534 2045 4580 et

2153 4502 2422 4596 μηδεμίαν
2459 4520 2747 4576 ἀλλοίωσιν
2775 4512 2918 4570 εἶναι
2947 4512 3045 4583 τῆς
3085 4511 3216 4582 μιᾶς
3246 4508 3529 4578 ὲνότητος.
3560 4502 3715 4596 Ὅπου

467 4613 746 4669 habitans.
762 4588 909 4679 Quin
937 4588 1175 4668 eosdem—
1193 4613 1462 4678 instituit,
1475 4627 1540 4668 ac
1567 4614 1792 4671 caeleste
1815 4631 2041 4686 regnum

2149 4588 2260 4688 γὰρ
2285 4588 2336 4669 οἱ
2368 4611 2759 4685 βαπτιζόμενοι
2795 4605 3109 4661 κελεύονται
3138 4603 3226 4666 εὶς
3256 4600 3453 4670 ὄνομα
3483 4590 3714 4695 Πατρὸςν

467 4718 593 4758 cum
624 4702 858 4759 veritate
889 4703 1145 4756 nuntiare
1175 4703 1366 4758 docuit
1397 4721 1410 4759 :
1444 4713 1558 4758 tum
1593 4720 1718 4760 cum
1750 4707 2044 4761 maximum

2149 4710 2240 4764 καί¹
2291 4704 2588 4774 ἀσφαλῶςτ
2633 4704 2666 4772 ἡ
2701 4697 3010 4766 δοξολογίαο
3045 4697 3133 4761 εὶς
3175 4693 3368 4761 ὄνομα
3427 4688 3599 4787 Υἱοῦζ
3633 4688 3718 4787 οὐκ

468 4793 602 4850 illud
634 4796 902 4866 longeque
926 4796 1264 4863 praicipuum
1297 4809 1562 4849 arcanum
1592 4794 1885 4866 discipulis
1913 4812 2045 4868 ape-

2149 4798 2463 4860 ἀποδὲοντος
2492 4796 2513 4827 ⁸
2548 4796 2582 4866 ἠ
2613 4792 2930 4863 ἐπίκλησις·
2967 4790 3054 4855 είς
3093 4787 3284 4854 ὄνομα
3325 4782 3509 4852 ἁγίου
3549 4779 3714 4868 Πνεῦ-

465 4886 620 4942 ruit:
661 4865 871 4954 Docete,
908 4887 1088 4956 inquit
1109 4886 1149 4948 ³,
1188 4903 1365 4941 omnes
1404 4895 1579 4957 gentes
1607 4901 1628 4939 :
1673 4865 1777 4943 hoc
1821 4895 1927 4956 est,
1952 4865 2045 4947 —ab

2149 4907 2350 4961 ματος,
2377 4888 2439 4940 οὐ
2460 4865 2766 4958 διῃρημένη
2791 4883 2826 4950 ἡ
2851 4881 3068 4946 ἓνωσις,
3089 4876 3212 4931 οὐδὲ
3235 4865 3719 4944 ἀπηλλοτριωμένη

467 4975 823 5046 improbitate
857 4979 981 5034 illas
1024 4979 1089 5033 ad
1127 4979 1438 5040 veritatem,
1471 4980 1538 5032 ab
1575 4979 1744 5034 sectis
1777 4982 1943 5036 variis
1975 4985 2044 5038 ad

2149 4971 2249 5042 τῆς
2277 4970 2407 5040 μιᾶς
2433 4976 2706 5046 θεότητος.

462 5064 711 5140 eamdem
741 5065 1080 5123 divinitatem
1103 5071 1124 5100 ³
1163 5068 1456 5134 traducite,
1493 5069 1824 5136 baptizantes
1855 5088 1946 5126 eas
1983 5076 2039 5130 in
2070 5075 2287 5130 nomine
2321 5069 2504 5124 Patris
2544 5075 2594 5120 et
2621 5063 2752 5118 Filii
2779 5074 2828 5118 et
2873 5060 3102 5129 Spiritus
3126 5056 3339 5111 sancti:
3401 5052 3672 5108 nimirum

464 5161 527 5222 in.
553 5160 836 5234 Dominica
886 5161 1171 5240 Trinitatis
1217 5166 1601 5237 appellatione,
1653 5167 1798 5236 quod
1851 5169 2030 5239 ipsum
2067 5173 2481 5228 sacrosanctum
2511 5171 2596 5218 est
2635 5176 2702 5215 ac
2739 5159 2947 5229 regium
2979 5155 3240 5222 signum;
3271 5165 3387 5220 quo
3424 5147 3511 5202 vel
3548 5146 3660 5213 ipsit

462 5254 686 5311 nomine
710 5239 1065 5331 significaret.
1096 5239 1376 5314 nihilesse
1398 5259 1470 5314 ab
1491 5258 1707 5314 unitate
1731 5259 2032 5317 diversum.
2066 5265 2204 5319 Cum
2234 5261 2384 5315 enim
2424 5254 2690 5325 baptizari
2726 5251 2976 5306 homines
3007 5249 3165 5319 jubet
3202 5245 3277 5298 in-
3296 5244 3518 5296 nomine
3562 5241 3664 5293 Pa-

464 5350 583 5426 tris,
616 5347 773 5423 ﬁrma
806 5361 872 5401 ac
899 5346 1122 5417 stabilis,
1145 5356 1230 5412 est
1265 5351 1453 5419 gloriae
1495 5351 1852 5420 praedicatio;
1889 5357 2036 5425 quod
2067 5372 2201 5412 vero
2223 5353 2445 5408 additur
2481 5350 2536 5403 in
2591 5347 2801 5401 nomine
2834 5343 2985 5409 Filii,
3039 5342 3187 5396 nulla
3217 5353 3276 5393 re
3318 5338 3478 5391 hunc
3514 5352 3543 5388 a
3583 5349 3668 5426 pa-

464 5450 628 5520 terna
658 5439 930 5510 dignitate
975 5438 1218 5514 deficere,
1243 5441 1536 5510 appellatio
1585 5444 1704 5517 ipsa
1751 5444 2037 5512 declarat;
2075 5454 2356 5517 postremo
2397 5443 2462 5496 iis
2502 5442 2556 5495 in
2591 5439 2797 5499 verbis,
2839 5439 2892 5491 in
2929 5436 3136 5496 nomine
3179 5431 3419 5501 Spiritus
3470 5425 3661 5485 sancti,

465 5536 614 5610 nulla
645 5543 730 5589 est
765 5533 991 5609 unitatis
1021 5531 1241 5609 divisio,
1273 5551 1452 5604 neque
1496 5538 1564 5604 ab
1607 5554 1716 5592 una
1765 5541 2050 5596 divinitate
2075 5539 2385 5597 diversitas.

536 5627 745 5696 1121
788 5626 1032 5696 Denique
1073 5625 1264 5679 eodem
1304 5640 1429 5680 cum
1479 5642 1710 5697 corpore
1763 5639 1818 5684 ct
1850 5633 2033 5686 anima

2227 5630 2525 5700 Ἀνελὴφθη
2565 5630 2643 5691 είς
2673 5627 2936 5698 οὐρανοὺς
2968 5627 3025 5676 ὲν
3067 5621 3215 5691 αὐτῷ
3254 5619 3332 5689 τῷ
3377 5618 3596 5688 σώματι
3638 5615 3718 5666 καὶ

473 5711 758 5794 menteque
808 5720 874 5793 ad
909 5719 1081 5782 cwlos
1132 5727 1352 5773 evectus
1384 5727 1488 5783 est,
1535 5721 1790 5780 omnibus
1836 5723 1945 5778 illis
1981 5723 2037 5776 in

2149 5727 2212 5794 τῇ
2241 5724 2388 5792 ψυχῇ
2417 5723 2510 5775 καὶ
2535 5721 2614 5791 τῷ
2638 5720 2734 5791 νῷ,
2772 5718 3078 5780 συνενώσας
3105 5718 3185 5779 εἰς
3219 5715 3345 5784 μίαν
3374 5713 3602 5780 ἑνότητα
3636 5703 3714 5757 καὶ

536 5831 552 5862 ¹
586 5831 739 5882 Rout.
774 5847 843 5889 vt.
876 5835 928 5884 υ.
1010 5835 1028 5863 ²
1055 5830 1310 5891 Joan.xx.
1351 5832 1430 5897 l9,
1464 5833 1552 5886 26.
1651 5835 1670 5864 ³
1705 5833 1889 5889 Matth.
1916 5851 2106 5898 xxvm,
2153 5837 2236 5891 i9.
2319 5836 2338 5867 ‘
2370 5834 2426 5888 In
2469 5833 2726 5896 Pauart‘o,
2760 5836 3041 5888 unitatem.
3159 5833 3180 5863 ⁸
3215 5829 3442 5886 Rectius
3472 5829 3526 5882 in
3569 5825 3656 5878 lib.
3681 5837 3712 5884 ι,

467 5899 715 5978 εὐλόγους
748 5902 932 5970 χρείας
975 5903 1216 5970 scripsit.
1293 5904 1311 5935 δ
1341 5902 1459 5978 Lib.
1493 5919 1532 5981 ty,
1562 5904 1789 5972 ἑνότητα
1817 5905 1920 5976 leg.
1993 5907 2010 5939 ⁷

2149 5906 2183 5960 Ι.
2219 5906 2467 5974 ἀσφαλής
2507 5906 2608 5976 leg.
2689 5908 2709 5938 ⁸
2739 5924 2825 5975 rp.
2853 5904 3205 5965 ἀποδεόντως.
