3958 6448
306 457 411 514 85⁸1

1629 451 2284 509 ΔΝΑΟΕΡΙΙᾹΙΑΕΟΞΙΞ.

3451 447 3562 506 858

309 567 503 637 μανῶς
551 566 942 639 ἐργαζόμενοι·
992 566 1049 618 ὲν
1092 561 1354 634 Αἰγύπτῳ
1400 563 1457 617 δὲ
1494 563 1885 635 Στρατιωτικοὶ

2005 562 2060 617 .is
2088 562 2308 618 vesania
2338 571 2689 632 superarunt.
2720 562 3049 628 Stratiotiei,
3078 562 3133 618 id
3161 570 3270 625 est,
3298 560 3566 616 Militares

307 658 638 728 καλούμενοι
670 658 762 709 καὶ
793 656 1136 710 Φιὸιωνῖται·
1179 658 1237 709 ὲν
1280 655 1337 709 δὲ
1383 657 1498 720 τοῖς
1539 656 1887 726 ἀνωτερικοῖς

307 749 528 818 μέρεσι,
571 745 974 801 Σεκουνδιανοί·
1007 748 1065 800 ἐν
1106 746 1284 809 ἄλλοις
1322 745 1380 799 δὲ
1411 745 1627 816 μέρεσι.
1660 746 1885 815 Σωκρα-

304 841 487 892 τῑται·
523 838 674 908 mp}:
701 837 756 891 δὲ
790 837 1017 908 ἑτέροις,
1067 839 1360 909 Ζακχαῖοι⁶
1396 835 1546 890 ἄλλοι
1588 835 1645 889 δὲ
1690 834 1887 890 Κοδια-

303 931 435 992 νοῦς
476 929 673 993 αὐτοὺς
709 928 960 997 λέγουσι’
1007 928 1156 982 ἄλλοι
1206 927 1265 980 δὲ
1314 928 1646 999 ὼρόορίτας
1690 926 1886 990 αὐτοὺς

305 1018 561 1073 καλοῦσι.

383 1108 457 1162 Z’.
514 1105 1028 1178 Καρποκρατιανοὶ,
1093 1106 1200 1159 ἀπὸ
1259 1106 1693 1175 Καρποκράτους
1739 1101 1886 1165 τινὸς

303 1196 420 1248 τῶν
442 1197 499 1248 ἐν
520 1199 586 1268 τῇ
613 1196 764 1267 Ἀσίᾳ.
780 1196 912 1267 (‘25),
937 1195 993 1260 ὃς
1025 1194 1269 1248 ἐδίδασκε
1297 1196 1474 1250 πᾶσαν
1496 1195 1885 1265 αἰσχρουργίαν

305 1287 556 1342 ἐκτελεῖν
585 1288 678 1342 καὶ
709 1290 817 1342 πᾶν
847 1287 1183 1355 ἐπιτήδευμα
1220 1286 1513 1357 ἁμαρτίας.
1542 1286 1653 1341 Καὶ
1699 1287 1749 1337 εί
1808 1286 1883 1357 μή

305 1398 398 1443 τις
421 1379 509 1434 διὰ
538 1380 773 1444 πάντων,
791 1379 948 1451 φησὶ,
966 1378 1232 1451 παρέλθῃ,
1250 1379 1342 1432 καὶ
1366 1378 1426 1431 τὸ
1443 1377 1655 1448 θέλημα
1668 1377 1885 1430 πάντων

302 1472 579 1544 δαιμόνων
615 1473 709 1525 καὶ
746 1472 992 1541 ἀγγέλων
1023 1473 1297 1526 ὲκτελέσει
1322 1512 1337 1537 ,
1375 1472 1437 1524 οὐ
1467 1470 1685 1525 δύναται
1718 1470 1886 1541 ὑπερ-

306 1563 475 1631 δῆναι
498 1563 579 1626 εις
602 1562 693 1616 τὸν
715 1563 943 1635 οὐρανὸν
961 1604 978 1629 ,
1006 1563 1127 1616 οὐδὲ
1159 1562 1258 1627 τὰς
1283 1562 1460 1635 ἀρχὰς
1484 1564 1579 1616 καὶ
1609 1562 1707 1627 τὰς
1729 1562 1884 1627 ἐξου-

307 1652 436 1715 σίας
467 1650 776 1722 παρελθεῖν.
815 1651 1009 1719 Ἔλεγε
1032 1651 1089 1704 δὲ
1114 1650 1207 1704 τὸν
1254 1650 1464 1721 Ἰησοῦν
1490 1649 1668 1721 ψυχὴν
1694 1647 1885 1719 γοερὰν

304 1739 628 1810 εἰληφέναι,
661 1739 840 1792 εἰδότα
863 1738 919 1803 δὲ
956 1737 1024 1791 τὰ
1051 1738 1184 1803 ἀνω,
1215 1737 1310 1790 καὶ
1329 1736 1398 1791 τὰ
1421 1733 1657 1789 ἐνταῦθα
1681 1749 1887 1801 καταγ-

304 1831 555 1900 γέλλειν⁸
605 1830 701 1884 καὶ
741 1829 817 1894 ὡς
842 1829 896 1883 εί
923 1847 1009 1892 τις
1063 1828 1322 1901 πράξειεν
1362 1827 1525 1899 ὃμοια
1566 1823 1644 1896 τῷ
1686 1824 1883 1896 Ἰησοῦ,

1988 655 2045 708 in
2074 652 2308 725 :Egypto
2356 654 2617 708 dicuntur
2665 662 2722 709 et
2764 653 3109 716 Phibionitae.
3162 652 3217 708 in
3275 652 3563 723 superiore

1988 752 2163 798 tractu
2219 744 2569 807 Secundiani,
2598 745 2725 799 alihi
2778 744 3084 811 Socratitaa,
3124 745 3192 799 ab
3249 744 3372 799 aliis
3422 742 3563 798 Zac-

1986 832 2144 887 chaei.
2195 831 2336 887 Sunt
2379 832 2473 904 qui
2526 849 2623 889 eos
2655 834 2928 890 Codianos
2977 834 3292 896 nominent,
3337 831 3559 903 quidam

1988 922 2322 987 Borboritas.
2354 923 2471 979 sive
2503 921 2846 979 Lutulentos.

2056 1093 2167 1150 VII.
2198 1094 2611 1167 Carpocratiani
2641 1114 2672 1153 a
2699 1096 3034 1168 Carpocrate
3057 1098 3294 1170 quodam
3318 1099 3564 1155 Asiatico

1985 1188 2139 1253 dicti,
2172 1188 2262 1258 qui
2294 1187 2362 1241 ad
2388 1204 2548 1243 omne
2573 1189 2975 1260 turpitudinum
3005 1205 3071 1244 ac
3112 1189 3445 1261 ﬂagitiorum
3471 1207 3563 1261 ge-

1987 1294 2090 1333 nus
2134 1279 2434 1348 discipulos
2486 1278 2836 1335 iuformabat.
2884 1280 3041 1346 Quod
3078 1282 3125 1337 si
3164 1281 3317 1351 quis,
3362 1281 3563 1341 aiebat,

1986 1383 2093 1422 non
2122 1368 2304 1421 omnia
2333 1371 2686 1438 percurrerit,
2712 1386 2891 1439 neque
2919 1371 3227 1425 daemonum
3259 1380 3314 1425 et
3346 1372 3567 1442 angelo-

1986 1474 2105 1512 rum
2132 1460 2374 1512 omnium
2410 1459 2676 1514 voluntati
2712 1460 3068 1527 satisfecerit,
3101 1461 3155 1514 iu
3180 1463 3383 1515 caelum
3408 1460 3565 1517 evehi

1985 1549 2206 1604 minime
2233 1558 2431 1620 potest,
2455 1566 2630 1621 neque
2652 1552 2993 1622 principatus
3019 1559 3074 1606 et
3099 1560 3400 1622 potestates
3425 1564 3569 1608 tran-

1986 1640 2264 1695 scendere.
2320 1642 2614 1697 Asserebat
2650 1643 2791 1697 idem
2830 1641 3018 1697 Jesum
3055 1654 3237 1697 mente
3276 1642 3558 1712 praeditam

1987 1732 2226 1786 animam
2268 1734 2603 1802 sumpsisse.
2643 1741 2699 1789 et
2743 1735 3055 1790 caelestium
3101 1750 3166 1790 ac
3215 1743 3564 1790 terrenorum

1987 1824 2301 1895 cognitione
2341 1825 2630 1895 praeditum
2670 1826 2984 1881 hominibus
3025 1841 3088 1882 ea
3123 1826 3445 1881 nuntiasse:
3498 1840 3565 1880 ac

305 1922 433 1975 κατ’
462 1920 623 1974 αὐτὸν
659 1917 818 1975 εἶναι.
864 1920 968 1973 Τὸν
1015 1919 1073 1973 δὲ
1113 1919 1276 1990 νόμον
1305 1919 1402 1971 σὺν
1433 1918 1500 1988 τῇ
1545 1915 1653 1969 τῶν
1677 1912 1886 1985 νεκρῶν

2005 1914 2183 1984 siquis
2215 1915 2406 1971 eadem
2440 1932 2561 1987 quae
2602 1915 2764 1973 Jesus
2796 1917 2947 1982 olim,
2993 1925 3289 1988 perpetrct,
3326 1917 3469 1973 haud
3501 1932 3569 1972 eo

302 2011 605 2065 ἀναστάσει
629 2012 964 2084 ἀπαγορεύει
981 2054 997 2075 ,
1030 2012 1105 2076 ὡς
1130 2012 1187 2064 αἱ
1218 2010 1329 2064 ἀπὸ
1352 2009 1595 2079 Σίμωνος
1620 2007 1883 2078 αἱρέσεις.

303 2099 515 2156 Τούτου
543 2102 766 2170 γέγονεν
796 2102 829 2171 ἡ
862 2102 920 2153 ὲν
949 2099 1137 2174 Ῥώμῃ
1172 2097 1543 2170 Μαρκελλίνα.
1574 2098 1801 2159 Εἰκόνας
1829 2095 1885 2148 δὲ

304 2193 546 2261 ποιήσας
587 2193 645 2243 ἐν
676 2193 857 2264 κρυφῇ
897 2188 1070 2262 Ἰησοῦ
1101 2190 1196 2243 καὶ
1238 2187 1475 2250 Παύλου,
1516 2189 1609 2240 καὶ
1644 2187 1883 2256 Ὀμήρου

303 2283 408 2337 καὶ
440 2282 777 2352 Πυθαγόρου,
802 2281 1003 2343 ταύτας
1026 2278 1226 2349 ὲθυμία
1254 2279 1348 2333 καὶ
1379 2275 1722 2348 προσεκύνει.

302 2378 490 2444 Atque
544 2375 686 2430 idem
716 2373 843 2431 Jesu
881 2372 1145 2443 Paulique
1207 2386 1417 2427 necnon
1472 2378 1528 2427 et
1580 2367 1798 2423 Homeri
1857 2384 1921 2424 ac

299 2483 408 2523 eas
445 2475 500 2521 ct
524 2466 845 2521 adorationc
879 2471 1203 2535 prosecutus
1232 2469 1336 2518 est.

384 2564 467 2617 η’.
490 2560 845 2633 Κηρινθιανοὶ
872 2560 966 2613 καὶ
994 2558 1373 2631 Μηρινθιανοὶ.
1398 2557 1449 2609 oi
1472 2556 1583 2611 ἀπὸ
1611 2553 1889 2626 Κηρίνθου

303 2653 408 2709 καὶ
444 2651 723 2724 Μηρίνθου
767 2649 880 2721 (26)
918 2648 1194 2712 Ἰουδαῖοι,
1225 2646 1420 2709 οἵτινες
1460 2643 1764 2716 περιτομὴν
1793 2644 1890 2699 αύ-

302 2742 491 2815 χοῦσι,
520 2744 613 2797 καὶ
646 2742 847 2813 κόσμον
876 2740 981 2794 ὑπὸ
1016 2737 1264 2809 ἀγγέλων
1292 2735 1680 2806 γεγεννῆσθαι’
1709 2735 1799 2790 τὸν
1832 2735 1891 2789 δὲ

319 2836 538 2907 Ἰησοῦν
571 2835 712 2889 κατὰ
746 2832 1026 2904 προκοπὴν
1053 2830 1288 2902 Χριστὸν
1313 2825 1619 2882 καλεῖσθαι.

387 3012 465 3067 8'.
523 3009 832 3081 Ναζωραῖοι
884 3007 1033 3079 (27),
1077 3003 1286 3076 Ἰησοῦν
1344 3002 1443 3075 μὲν
1499 3001 1891 3074 ὁμολογοῦντες

305 3105 447 3164 Υἰὺν
476 3102 632 3168 Θεοῦ,
664 3102 841 3157 πάντα
866 3098 923 3152 δὲ
948 3097 1090 3152 κατὰ
1122 3099 1285 3167 νόμον
1319 3095 1748 3165 πολιτευόμενοι.

389 3277 445 3331 ι’.
495 3274 828 3339 Ἐὄιωναῖοι,
877 3270 1276 3343 παραπλησίως
1316 3269 1427 3324 τῶν
1472 3269 1892 3342 προειρημένων

309 3365 695 3439 Κηρινθιανῶν
729 3365 824 3419 καὶ
852 3362 1188 3435 Ναζωραίων
1209 3401 1224 3426 ,
1252 3356 1333 3425 οἷς
1374 3361 1621 3432 συνήφθη
1654 3360 1799 3414 κατά
1841 3377 1893 3412 τι

306 3464 347 3534 ἡ
392 3459 500 3513 τῶν
542 3458 839 3529 Σαμψαίων
862 3473 924 3510 τε
958 3456 1053 3509 καὶ⁹
1091 3454 1415 3508 Ἐλκεσαίων
1447 3452 1659 3524 αἵρεσις
1679 3470 1691 3482 ·
1720 3453 1771 3505 οἳ
1802 3451 1894 3505 τὸν

309 3551 553 3623 Χριστόν
587 3566 752 3620 φασιν
778 3547 1027 3601 ἐκτίσθαι
1072 3547 1129 3599 ὲν
1164 3545 1242 3617 τῷ
1283 3543 1499 3617 οὐρανῷ
1525 3545 1619 3599 καὶ
1649 3544 1711 3597 τὸ
1738 3542 1894 3612 ἅγιον

311 3642 564 3712 Πνεῦμα,
608 3641 990 3712 ἐνδημῆσαντα
1015 3638 1075 3691 δὲ
1109 3638 1169 3691 ὲν
1199 3637 1278 3709 τῷ
1320 3637 1491 3708 Ἀδὰμ
1524 3635 1759 3708 πρῶτον,
1800 3636 1895 3689 καὶ

312 3734 463 3788 κατὰ
489 3733 677 3804 καιρὸν
707 3731 1024 3801 ἐνδυόμενον
1055 3731 1217 3784 αὐτὸν
1250 3730 1339 3783 τὸν
1381 3728 1573 3799 Ἀδὰμ,
1605 3729 1701 3781 καὶ
1733 3727 1895 3782 πάλιν

310 3823 639 3896 ικδυόμενον
661 3839 675 3854 ⁸
707 3821 864 3878 τοῦτο
918 3819 1072 3895 (γὰρ)
1110 3820 1276 3890 φασὶν
1327 3818 1762 3873 ὲπιτετελεκέναι
1799 3819 1897 3871 αύ-

308 3913 414 3969 τὸν
443 3915 501 3968 έν
522 3916 588 3985 τῇ
614 3913 865 3984 ένσὰρκῳ
890 3910 1057 3966 αὐτοῦ
1085 3909 1380 3982 παρουσίᾳ.
1399 3908 1637 3963 Ἰουδαῖοι
1664 3909 1722 3963 δὲ
1743 3908 1896 3972 ὄντες

311 4005 675 4074 [εὐαγγελίοις
707 4005 1003 4075 κέχρηνται
1022 4020 1036 4035 ’
1067 4000 1444 4074 σαρκοφαγίαν
1483 3999 1855 4071 βδελύττονται
1875 4014 1892 4030 ⁸

308 4096 386 4152 τὸ
413 4095 555 4167 ὕδωρ
582 4096 640 4148 δὲ
669 4095 788 4148 ἀντὶ
815 4092 951 4147 Θεοῦ
984 4093 1197 4164 ἔχουσι·
1228 4093 1319 4146 τὸν
1345 4093 1402 4146 δὲ
1425 4087 1660 4164 Χριστὸν
1686 4091 1898 4162 ἄνθρω-

306 4204 426 4241 πον
453 4188 512 4239 ὲν
543 4187 611 4256 τῇ
637 4184 887 4256 ὲνσάρκῳ
925 4183 1199 4255 παρουσίᾳ
1229 4181 1539 4237 ἐνδεδύσθαι
1560 4222 1575 4247 ,
1610 4182 1687 4247 ὡς
1733 4182 1893 4254 ἔφην.

306 4277 573 4350 Συνεχῶς
597 4277 654 4332 δὲ
680 4276 1028 4347 βαπτίζονται
1055 4277 1114 4329 ὲν
1140 4276 1252 4338 τοῖς
1293 4273 1448 4327 ὕδασι
1492 4273 1686 4344 θέρους
1708 4290 1769 4326 τε
1804 4274 1897 4326 καὶ

307 4369 591 4444 χειμῶνος
615 4371 697 4433 εἰς
721 4367 990 4439 ἀγιασμὸν
1015 4366 1196 4436 δῆθεν,
1234 4364 1422 4435 ὥσπερ
1454 4366 1504 4418 oi
1536 4366 1894 4435 Σαμαρεῖται.

395 4541 500 4596 IA'.
541 4540 995 4605 Οὑαλεντινιανοὶ,
1041 4539 1091 4594 οἳ
1126 4539 1305 4609 σάρκα
1330 4537 1430 4609 μὲν
1459 4536 1897 4608 ἀπαγορεύουσιν

311 4633 407 4697 εἰς
453 4633 765 4698 ἀνάστασιν,
812 4631 1054 4685 Παλαιὰν
1094 4630 1150 4685 δὲ
1191 4629 1446 4685 ἀθετοῦσι
1484 4629 1761 4701 Διαθήκην
1808 4628 1902 4683 καὶ

312 4726 629 4795 προφήτας,
646 4722 1111 4793 ἀναγινώσκοντες
1142 4723 1261 4794 μὲν,
1299 4723 1392 4777 καὶ
1417 4723 1518 4777 ὅσα
1538 4724 1618 4786 εἰς
1645 4721 1902 4792 ὁμοίωσιν

312 4816 578 4870 δύνανται
618 4817 1059 4887 τροπολογεῖσθαι
1077 4819 1175 4889 τῆς
1201 4817 1381 4871 αὐτῶν
1422 4816 1689 4888 αἱρέσεως
1711 4857 1726 4880 ,
1752 4815 1906 4886 δεχό-

320 4924 516 4980 μενοι·
542 4908 736 4978 ἑτέρας
776 4907 834 4961 δέ
870 4925 1023 4973 τινας
1057 4908 1384 4979 μυθολογίας
1410 4907 1869 4979 παρεισφέροντες
1888 4950 1903 4976 ,

317 4998 620 5072 τριάκοντα
655 4998 951 5053 ὲνιαυτῶν¹
981 5000 1277 5070 ὀνομασίας
1306 4998 1565 5071 φέροντες
1597 5000 1903 5072 ἁρρενοθη-

316 5090 490 5146 λειῶν
515 5090 651 5163 ὁμοῦ
686 5109 767 5155 τε,
820 5092 886 5145 ἐκ
910 5090 1004 5145 τοῦ
1035 5092 1240 5164 πατρὸς
1262 5092 1372 5146 τῶν
1412 5092 1549 5146 ὅλων
1574 5093 1904 5164 γεγεννημέ-

320 5199 488 5248 νους,
531 5182 626 5247 οὓς
665 5184 760 5237 καὶ
798 5183 955 5246 θεοὺς
986 5181 1245 5253 ἡγοῦνται
1290 5185 1385 5237 καὶ
1432 5182 1658 5247 αἰῶνας.
1703 5182 1809 5239 Τὸν
1846 5184 1902 5238 δὲ

427 5345 445 5376 ¹
472 5344 600 5401 Cor.
636 5360 700 5401 ex
736 5344 774 5400 l.
810 5360 852 5410 ι,
875 5344 1106 5401 αἰώνων.

402 5501 517 5571 (25)
561 5502 683 5556 Τῶν
718 5502 789 5556 ἐν
840 5499 917 5569 τῇ
975 5500 1475 5571 'A_Q'£a._C.'emens
1501 5500 1907 5557 Alexandrinus

327 5568 661 5628 Stromalum
688 5571 782 5626 lib.
812 5568 979 5631 ιιιζει
1005 5568 1382 5625 Theodorettts
1429 5570 1679 5625 llwretic.
1733 5571 1905 5639 fabul.

330 5644 430 5697 lih.
493 5657 541 5701 ι,
594 5643 979 5711 Carpocratem
1031 5655 1138 5711 non
1200 5640 1460 5711 Asianum
1520 5641 1761 5706 faciunt,
1811 5643 1905 5697 sed

330 5711 676 5779 Egyptimu,
706 5710 905 5777 genere
933 5710 1188 5763 nimirum
1219 5710 1665 5765 Alexandrinum.

406 5781 520 5847 (illi)
556 5784 620 5833 οἱ
652 5780 1077 5847 ἀπὸΚηρίνθοιι
1109 5780 1543 5847 καὶΜηρίνθου.
1569 5780 1907 5835 Cerintltiani

331 5864 388 5909 ct
419 5848 762 5907 Murinthiani
794 5859 920 5906 sunt
953 5849 1239 5917 appellati;
1270 5866 1336 5902 an
1364 5865 1391 5903 a
1424 5851 1703 5915 Cerintho,
1734 5850 1824 5917 qui
1850 5858 1905 5903 ct

1991 2005 2309 2062 inferiorem
2342 2007 2607 2063 futurum.
2656 2008 2885 2065 Detnum
2921 2009 3089 2080 legem
3119 2024 3227 2063 una
3264 2024 3388 2062 cttm
3421 2024 3569 2063 mor-

1991 2106 2212 2153 tuorum
2242 2101 2646 2156 resurrectione
2672 2100 2988 2165 danmahat,
3026 2100 3487 2171 quemadmodum
3516 2109 3570 2153 et

1993 2187 2300 2244 Simoniani
2350 2191 2643 2260 czeterique
2684 2206 2897 2255 omnes,
2950 2205 3090 2261 quos
3136 2190 3419 2258 hucusque
3451 2204 3572 2259 pcr-

1991 2283 2204 2335 t-eusui.
2264 2282 2342 2335 Ex
2375 2281 2539 2350 hujus
2567 2297 2729 2353 grege
2759 2280 3074 2337 Marcellina
3105 2281 3197 2335 illa
3231 2283 3415 2335 Itonia:
3446 2281 3567 2333 fuit.

1990 2370 2311 2444 Pythagorae
2346 2374 2655 2429 clanculum
2699 2374 2961 2446 imagines
3001 2374 3246 2444 ﬁngens,
3298 2371 3569 2428 sullitihus

2068 2546 2202 2604 Vlll.
2251 2549 2613 2615 Cerinthiani,
2643 2550 2760 2607 sive
2789 2548 3141 2607 Merinthiani
3170 2567 3199 2606 a
3227 2553 3491 2610 Cerintho
3514 2564 3572 2612 et

1994 2640 2287 2708 Merintho,
2327 2641 2540 2697 Judaici
2570 2643 2786 2713 generis
2814 2643 3172 2711 exstiterunt,
3203 2646 3296 2717 qui
3330 2647 3571 2700 cireum-

1993 2732 2259 2788 cisiouem
2311 2749 2422 2804 pra:
2459 2748 2519 2788 se
2559 2732 2827 2791 ferebant.
2878 2731 3134 2787 Mundam
3160 2734 3229 2788 ah
3252 2734 3460 2805 angelis
3488 2733 3570 2787 fa-

1993 2822 2283 2888 bricatum,
2308 2820 2494 2878 Jesum
2516 2821 2585 2877 ad
2612 2821 2817 2878 Christi
2841 2822 3162 2894 dignitatem
3191 2839 3285 2893 per
3306 2824 3570 2879 virtutum

2000 2915 2336 2968 incrementa
2364 2915 2680 2984 pervenisse
2708 2915 2983 2970 dixerunt.

2071 3004 2163 3061 lX.
2206 3004 2448 3060 Nazoraai
2490 3004 2564 3060 ita
2592 3003 2776 3061 Jcsum
2816 3021 2939 3062 esse
2969 3003 3060 3060 Dei
3097 3004 3292 3062 Filium
3323 3021 3575 3063 asseruec

2000 3106 2159 3161 runt,
2204 3103 2265 3150 ut
2308 3094 2477 3153 Mosis
2520 3097 2694 3168 legem
2720 3094 2945 3151 omnino
2979 3098 3106 3153 vitae
3149 3096 3216 3152 ad
3262 3098 3572 3155 institutum

1922 3169 1966 3228 (ἶ
2000 3187 2315 3243 asciverint.

2063 3279 2132 3335 Χ.
2165 3278 2536 3337 Cerinthianis
2561 3294 2626 3335 ac
2657 3278 2935 3336 Nazorzeis
2963 3278 3226 3336 simillimi
3260 3292 3387 3335 sunt
3410 3280 3574 3335 Ehio-

1994 3370 2143 3434 niue,
2187 3370 2388 3440 quibus
2414 3385 2541 3425 cum
2574 3367 2870 3439 Sampsaeis
2908 3376 2964 3425 et
2994 3367 3252 3425 Elceszeis
3287 3370 3470 3440 aliqua
3501 3386 3568 3423 ex

1995 3470 2147 3531 parte
2200 3460 2472 3515 convenit.
2542 3459 2605 3515 lli
2656 3460 2938 3516 Christum
2992 3459 3050 3515 in
3103 3461 3245 3515 coelo
3303 3469 3572 3525 creatum,

1993 3553 2222 3621 ejusque
2242 3560 2493 3606 sanctum
2518 3550 2780 3623 Spiritum
2809 3551 3101 3605 allirmant.
3135 3553 3288 3605 Illum
3313 3552 3489 3621 ipsmu
3519 3553 3574 3607 in

1996 3646 2262 3701 Adamum
2299 3659 2421 3699 sese
2467 3643 2737 3700 infudisse
2777 3643 2989 3715 primo;
3041 3654 3097 3700 et
3140 3651 3292 3700 certo
3332 3653 3577 3713 tempore

1996 3736 2239 3791 induisse
2276 3735 2453 3806 ipsum
2485 3736 2751 3789 Adamum
2816 3751 3147 3806 rursumque
3194 3735 3445 3800 exuisse,
3494 3735 3576 3789 id-

1995 3844 2101 3898 que
2132 3826 2330 3882 l'ecisse
2360 3841 2482 3880 cum
2520 3827 2574 3881 in
2604 3833 2781 3882 terras
2804 3841 3038 3897 corpore
3068 3826 3297 3882 indutus
3337 3824 3574 3880 advenit.

1996 3921 2075 3975 Ac
2105 3920 2231 3974 licet
2256 3916 2426 3975 Judaei
2457 3919 2590 3986 sint,
2642 3918 2999 3989 Evangelium
3032 3918 3392 3973 nihilominus
3421 3917 3578 3971 adhi-

1996 4015 2150 4069 bent.
2207 4011 2467 4069 Caruium
2521 4027 2676 4069 esum
2712 4012 3078 4078 detestantur,
3111 4027 3307 4081 aquam
3342 4025 3438 4080 pro
3469 4008 3580 4064 Deo

2002 4105 2220 4160 habent.
2245 4105 2531 4160 Christum
2564 4104 2617 4158 in
2649 4119 2751 4160 suo
2786 4104 2902 4171 illo,
2939 4104 3020 4159 uti
3053 4103 3316 4166 diximus,
3343 4102 3580 4157 adventu

2001 4196 2276 4250 hominem
2308 4196 2557 4251 induisse
2588 4194 2803 4250 dicunt.
2863 4195 3108 4265 Denique
3141 4196 3301 4265 aquis
3340 4211 3399 4250 se
3429 4195 3583 4252 iden-

2000 4285 2165 4339 tidem
2218 4293 2328 4338 tam
2364 4285 2542 4340 hieme
2584 4301 2749 4354 quam
2796 4295 2986 4341 aestate
3012 4285 3218 4350 lavant,
3256 4284 3470 4358 1124
3496 4287 3583 4341 ni-

2000 4374 2197 4428 mirum
2222 4373 2534 4429 sanctitatis
2558 4375 2922 4431 coueilianda:
2956 4375 3059 4431 sibi
3088 4376 3286 4447 gratia.
3320 4378 3583 4445 quemad-

2004 4464 2222 4517 modum
2261 4462 2565 4519 Samaritae.

2072 4550 2161 4605 XI.
2212 4550 2575 4607 Valentiniani
2622 4566 2917 4622 corporum
2968 4554 3435 4610 resurrectionem
3483 4570 3583 4610 ne-

2003 4654 2155 4714 gant,
2185 4641 2355 4699 Vetus
2384 4643 2798 4699 Testamentum
2841 4660 2906 4700 ac
2950 4645 3250 4717 prophetas
3283 4654 3580 4717 respuunt:

2006 4750 2128 4804 qua:
2158 4734 2516 4790 nihilominus
2545 4735 2732 4806 legunt
2781 4736 2906 4807 ipsi,
2953 4746 3007 4791 et
3047 4736 3093 4791 si
3148 4735 3280 4806 quid
3307 4746 3411 4804 est,
3439 4737 3584 4807 quod

2006 4825 2072 4878 ad
2112 4825 2328 4878 illormn
2363 4825 2599 4880 haeresin
2632 4841 2726 4896 per
2771 4826 2995 4898 ﬁguram
3027 4842 3092 4882 ac
3125 4836 3341 4898 tropum
3372 4843 3590 4882 accom-

2008 4916 2218 4971 modari
2254 4918 2449 4987 possit,
2486 4918 2539 4973 id
2576 4919 2900 4973 admittunt.
2956 4916 3064 4973 Sed
3109 4931 3287 4974 certas
3320 4921 3586 4990 quasdam

2010 5002 2227 5060 fabulas
2260 5005 2611 5071 addiderunt,
2658 5016 2714 5061 et
2769 5007 2991 5077 triginta
3037 5024 3253 5064 :eonum
3304 5011 3590 5075 utriusque

2009 5111 2176 5152 sexus
2215 5097 2481 5152 vocabula
2515 5099 2810 5154 commenti
2843 5113 3007 5170 sunt;
3044 5117 3185 5172 quos
3206 5101 3425 5172 quidem
3476 5117 3587 5156 {P.0-

2009 5201 2112 5242 nas
2136 5186 2205 5242 ab
2232 5186 2615 5244 universorum
2641 5200 2868 5265 parente
2899 5208 2964 5248 ac
2989 5193 3273 5251 conditore
3298 5193 3590 5263 productos

2012 5501 2315 5557 Meriuthus
2349 5501 2456 5555 alio
2487 5500 2705 5557 nomine
2737 5512 3041 5564 vocaretur.
3068 5517 3136 5555 an
3175 5501 3244 5555 ab
3275 5500 3403 5563 alio,
3440 5501 3530 5569 qui
3560 5514 3591 5553 a

2010 5572 2271 5626 Cerintho
2296 5572 2548 5626 diversus
2585 5571 2886 5626 Merinthus
2918 5572 3078 5627 luerit
3111 5573 3592 5640 dictustiguorare

2010 5657 2070 5696 se
2096 5641 2296 5695 fatetur
2333 5641 2664 5709 Epiphanius
2696 5658 2845 5695 num.
2881 5646 2911 5694 8
2968 5644 3232 5695 Iucreseos
3263 5638 3354 5693 27.

2082 5711 2193 5779 (27)
2232 5709 2568 5777 Ναζωραῖοι.
2621 5710 2694 5763 De
2742 5712 2844 5764 hac
2886 5710 3262 5779 haereticorum
3295 5720 3441 5764 secta
3475 5710 3589 5775 lege

2011 5778 2211 5833 Petavii
2246 5780 2817 5844 Animadversionem,
2847 5796 2968 5850 qua:
2998 5788 3081 5835 cst
3111 5780 3176 5832 ad
3225 5778 3445 5833 Pauarit’
3477 5779 3589 5832 lux-

2010 5852 2174 5905 resim
2212 5853 2300 5905 “29.
