3958 6454
433 439 537 495 θεῖ]

1825 445 1881 501 s.
1921 444 2259 500 evneum:
3586 457 3675 519 πω

433 566 715 626 asserunt,
754 576 897 632 quos
925 569 980 618 et
1010 560 1145 619 deos
1189 570 1246 619 et
1290 577 1476 621 zonas
1504 563 1736 621 faciunt.
1792 565 2020 621 Domum

2157 566 2363 639 [pw’rbv
2408 568 2504 621 ἀπ’
2544 565 2778 641 ούρανοῦ
2806 566 2968 640 σῶμα
3007 569 3321 642 ἐνηνοχέναι
3341 616 3356 636 ,
3388 575 3479 628 καὶ
3500 576 3570 640 ὼς
3601 575 3676 631 διὰ

432 653 715 709 Christum
757 670 789 708 e
827 655 970 710 emlo
997 670 1200 725 corpus
1238 657 1529 726 extulisse,
1550 673 1615 713 ac
1661 673 1758 729 per
1797 655 2023 715 Mariam

434 746 746 800 traductum
778 761 902 803 esse
934 748 1082 802 velut
1114 762 1214 818 per
1244 748 1499 804 tubulum
1545 750 1883 806 existimant.

504 836 620 891 Xll.
651 837 1014 903 Secundiani,
1050 853 1356 909 eorumque
1403 841 1542 896 socii
1582 839 1900 911 Epiphanes
1944 846 2029 893 at-

436 946 543 999 que
572 931 818 988 Isidorus
837 930 1028 987 eadem
1056 930 1201 987 inter
1223 947 1284 988 se
1307 932 1459 1002 paria
1484 938 1876 1003 componentes
1900 946 2028 986 cum

441 1022 738 1079 Valentino
770 1023 1164 1087 consentiunt;
1215 1025 1481 1079 nonnulla
1512 1033 1694 1080 tamen
1727 1024 1799 1080 ab
1829 1024 1896 1078 iis
1946 1022 2032 1076 di-

439 1130 600 1173 versa
633 1124 842 1187 ponunt
862 1156 880 1182 ,
913 1123 968 1171 et
1002 1115 1071 1171 ad
1098 1114 1302 1171 fmdam
1332 1115 1560 1187 in‘super
1587 1114 1871 1171 libidinem
1900 1129 2032 1171 suos

441 1205 762 1262 instituunt.
805 1206 973 1263 Iidem
1000 1214 1057 1264 et
1084 1205 1520 1262 incarnationem
1561 1213 1783 1277 negant.

509 1382 650 1441 Xlll.
682 1383 981 1450 Ptolemaei,
1013 1383 1287 1442 Valentini
1328 1384 1586 1457 discipuli
1626 1383 1869 1450 fuerunt,
1907 1398 2032 1440 cum

442 1477 645 1547 quibus
673 1477 830 1533 Flora
861 1478 1235 1549 eonjungitur.
1271 1477 1378 1533 Par
1427 1477 1683 1547 idemque
1731 1477 1928 1548 dogma
1968 1477 2037 1533 de

444 1569 929 1641 conjugationibus
959 1571 1066 1626 illis
1097 1586 1223 1626 cum
1257 1569 1548 1626 Valentino
1577 1585 1643 1625 ac
1672 1568 2036 1626 Secundianis

445 1668 722 1728 astrnunt,
755 1661 851 1717 sed
877 1662 932 1716 in
967 1661 1302 1733 quibusdam
1331 1669 1516 1716 tamen
1542 1659 1882 1731 discrepant.

515 1750 640 1809 llaec
665 1763 752 1810 est
774 1756 1001 1811 secundi
1027 1757 1163 1812 tomi
1191 1755 1319 1812 libri
1344 1752 1505 1826 primi
1526 1768 1763 1820 summa,
1792 1769 1915 1825 quze
1943 1770 2035 1810 xm

443 1845 682 1902 haereses
709 1847 1116 1919 complectitur.

2129 658 2368 731 σωλῆνος
2390 658 2493 732 τὴν
2520 659 2745 733 Μαρίαν
2776 662 3182 733 πεπερακέναι.

2201 839 2301 894 IB'.
2341 839 2749 905 Σεκουνδιανοὶ,
2800 834 2884 903 οἷς
2933 838 3296 894 συνάπτονται
3344 838 3634 907 Ἑπιφάνιος
3663 840 3680 873 ί

2131 931 2228 985 καὶ
2264 930 2555 1002 Ἰσίδωρος,
2584 933 2709 994 ταῖς
2736 930 2928 996 αὐταῖς
2955 931 3286 1003 κεχρημένοι
3316 932 3412 985 καὶ
3437 925 3574 986 οὗτοι
3607 950 3683 987 συ-

2132 1020 2375 1091 ζυγίαις,
2409 1023 2575 1093 ὃμοια
2606 1022 2946 1094 Οὐαλεντίνῳ
2988 1024 3393 1095 πεφρονηκότες
3412 1065 3427 1088 ,
3458 1024 3609 1098 ἕτερα
3635 1025 3682 1080 δὲ

2132 1113 2265 1185 παρ’
2291 1113 2506 1168 αύτῶν¹
2543 1114 2727 1179 ποσῶς
2760 1114 3091 1186 διηγοῦνται.
3143 1115 3502 1187 Προστιθὲασι
3530 1117 3582 1171 δὲ
3618 1118 3684 1171 a1-

2135 1205 2471 1278 σχρουργίαν
2501 1206 2867 1272 διδάσκοντες.
2909 1208 3340 1280 ’Λπαγορεύουσι
3363 1208 3423 1263 δὲ
3449 1210 3540 1264 καὶ
3567 1202 3686 1266 οὗτοι

2133 1298 2235 1369 τὴν
2267 1298 2468 1369 σάρκα.
2952 1348 2961 1359 ,

2206 1390 2305 1444 lI“.
2346 1390 2694 1461 Πτολεμαῖοι,
2721 1392 2771 1446 οἱ
2801 1392 3047 1464 μαθηταὶ
3076 1393 3232 1458 ὄντες
3275 1392 3370 1447 καὶ
3393 1392 3544 1447 αὐτοὶ
3570 1392 3687 1447 Οὔα-

2135 1484 2399 1549 λεντίνου,
2451 1478 2532 1550 οἶς
2567 1487 2900 1540 συνάπτεται
2931 1487 2967 1559 ἡ
3018 1486 3232 1559 Φλώρα.
3265 1486 3351 1540 Τά
3382 1484 3556 1538 αὐτὰ³
3600 1484 3688 1537 τῶν

2138 1573 2409 1644 συζυγῶν
2456 1576 2551 1630 καὶ
2575 1570 2726 1631 οὗτοι
2773 1576 3028 1646 λέγουσι,
3075 1578 3221 1633 καθὰ
3247 1576 3344 1632 καὶ
3377 1577 3691 1637 Οὐαλεντῖνος

2138 1666 2235 1720 καὶ
2275 1665 2671 1730 Σεκουνδιανοὶ,
2696 1668 2842 1722 κατά
2867 1687 2920 1724 τι
2946 1668 3004 1722 δὲ
3025 1669 3121 1724 καὶ
3161 1664 3310 1724 οὗτοι
3352 1668 3689 1740 διαφέρονται.

2208 1756 2359 1830 Αὕτη
2392 1758 2488 1813 καὶ⁹
2521 1759 2557 1831 ἡ
2586 1757 2682 1814 τοῦ
2728 1759 2985 1834 δευτέρου
3017 1760 3187 1834 τόμον
3230 1762 3329 1817 τοῦ
3382 1760 3591 1834 πρώτου
3626 1761 3687 1832 βι-

2139 1849 2290 1905 6λίου
2316 1851 2426 1906 τῶν
2452 1851 2757 1925 δεκατριῶν
2781 1852 3048 1927 αἱρέσεων
3073 1853 3564 1924 άνακεφαλαίωσις.

1531 1961 1918 2024 ΗᾸΞΒΕΞΕΒ
1958 1962 2161 2026 TOMI
2211 1968 2296 2029 Ill
2341 1970 2551 2031 LIBRI
2590 1970 2644 2033 Ι.

518 2111 587 2165 At
624 2109 681 2165 in
733 2107 800 2163 lll
847 2117 996 2165 tomo
1047 2106 1294 2180 ejusdem
1348 2109 1473 2166 libri
1514 2124 1532 2165 ι
1577 2108 1699 2166 alia:
1736 2108 1821 2166 ha:
1859 2106 2046 2165 conti-

2216 2116 2310 2173 Ἐν
2354 2117 2414 2175 δὲ
2456 2114 2536 2187 τῷ
2553 2112 2720 2186 τρίτῳ
2737 2112 2831 2168 τοῦ
2874 2115 3042 2171 αύτοῦ
3085 2114 3305 2187 πρώτου
3349 2115 3551 2184 βιϐλίου
3586 2117 3703 2173 eleb

447 2211 648 2259 nentur
672 2202 911 2258 haereses
933 2217 1055 2257 xm:

518 2294 562 2349 l.
613 2292 889 2350 Mareosii.
947 2291 1167 2350 Marcus
1210 2291 1434 2365 quidam
1478 2292 1694 2350 exstitit
1743 2291 2032 2349 Colorbasl

450 2384 887 2455 condiscipulus.
923 2383 972 2439 ls
1001 2383 1113 2439 duo
1142 2382 1398 2440 similiter
1425 2383 1695 2455 principia
1725 2382 2037 2441 constituit.

449 2476 787 2533 Mortuorum
817 2476 1277 2531 resurrectionem
1315 2474 1569 2546 negabat.
1605 2472 1872 2530 Utcbalur
1898 2486 2040 2543 prae-

449 2569 626 2639 stigiis
662 2567 956 2638 ejusmodi,
1009 2577 1068 2621 ut
1113 2566 1282 2623 certis
1337 2567 1679 2624 carminibus
1715 2567 2040 2638 poculorum

451 2663 719 2733 liquorem
750 2661 806 2715 in
840 2660 1135 2716 caaruleum
1177 2674 1627 2730 purpureumque
1649 2660 1892 2716 colorem
1919 2674 2043 2715 ver-

2143 2203 2599 2294 ἒτεραι-αίρέσεις
2624 2206 2908 2294 δεκαξρεῖς
2931 2199 3092 2262 αὗται
3113 2225 3128 2240 '

2214 2276 2299 2329 A'.
2338 2276 2679 2349 Μαρκώσιοι.
2728 2276 2957 2351 Μάρκος
2990 2296 3077 2343 τις
3115 2278 3414 2351 γεγένηται
3455 2280 3703 2351 Κολορϐά-

2147 2383 2241 2420 σου
2273 2386 2337 2423 συ
2344 2369 2671 2458 μφοιτητὴς,
2698 2369 2792 2425 δύο
2814 2370 2989 2443 ἀρχάς
3022 2371 3117 2425 καὶ
3139 2370 3305 2437 αὐτὸς
3361 2374 3701 2446 παρεισάγων.

2158 2459 2371 2515 Ἀθετεῖ
2413 2462 2470 2515 δὲ
2511 2463 2722 2535 νεκρῶν
2767 2464 3087 2519 ἀνάστασιν.
3132 2465 3447 2530 Φαντασίας
3475 2466 3531 2520 δέ
3575 2482 3705 2531 τινας

2146 2550 2214 2605 δι’
2251 2553 2598 2623 ἐκπωμάτων
2637 2555 2698 2620 ἐξ
2736 2556 2999 2627 ὲπαοιδῆς
3026 2558 3108 2621 είς
3140 2556 3372 2612 κυάνεον
3408 2558 3597 2631 χρῶμα
3628 2557 3706 2613 καὶ

2148 2644 2457 2718 πορφύρεον
2492 2647 2847 2717 μεταϐάλλων
2868 2688 2885 2715 ,
2922 2651 3278 2721 μυσταγωγεῖ
3304 2650 3407 2716 τὰς
3438 2651 3704 2722 ἀπατωμέ-

450 2759 616 2813 teret,
664 2749 868 2820 quibus
907 2750 1085 2804 sacris
1129 2747 1377 2804 infelices
1426 2748 1781 2806 mulierculas
1826 2749 2046 2805 initiare

2157 2750 2240 2800 ρας
2284 2738 2574 2805 γυναῖκας.
2625 2737 2738 2794 Καὶ
2780 2739 2944 2804 αὐτὸς
3001 2738 3061 2794 δὲ
3117 2739 3229 2793 τῶν
3277 2740 3706 2811 εἰκοσιτεσσάρων

453 2843 692 2897 solebat.
745 2840 888 2895 idem
922 2839 991 2894 ad
1022 2853 1150 2893 mv
1184 2840 1455 2895 elementa
1492 2839 1722 2911 perinde
1751 2855 1813 2896 ac
1844 2839 2045 2896 Valen-

453 2933 608 2989 tinus
633 2933 895 2987 universa
923 2945 1184 2987 revocare
1219 2930 1438 2985 nititur.

524 3021 587 3077 ll.
623 3022 950 3078 Cotorbasii.
997 3021 1335 3080 Colorbasus
1381 3020 1488 3079 iste
1523 3021 1746 3079 easdem
1773 3019 1886 3079 fere
1919 3021 2043 3093 opi-

2143 2827 2423 2899 στοιχείων
2451 2828 2702 2900 βούλεται
2734 2830 2804 2885 τά
2828 2831 3007 2887 πάντα
3039 2831 3318 2905 ⁴ἡγεῖσθαι,
3367 2832 3567 2903 ὁμοίως
3589 2833 3707 2886 Οὐα-

2142 2917 2396 2993 λεντίνῳ.

2214 3012 2291 3070 B'.
2316 3012 2697 3086 Κολορὸάσιοι.
2721 3015 2832 3071 Καὶ
2855 3006 3011 3082 οὗτος
3034 3017 3063 3071 ό
3086 3015 3438 3089 Κολόρδασος
3474 3015 3707 3076 ὡσαύτως

454 3116 648 3174 niones
697 3116 981 3186 amplexus
1029 3121 1134 3171 est.
1199 3111 1306 3171 Sed
1356 3114 1622 3171 nonnulla
1674 3122 1857 3169 tamen
1889 3123 2040 3179 sunt,

2157 3105 2218 3161 τά
2243 3106 2385 3163 αὐτὰ
2417 3106 2773 3181 διηγούμενος
2793 3148 2810 3174 ,
2848 3109 2994 3164 κατά
3039 3126 3093 3164 τι
3137 3110 3531 3183 διαφερόμενος
3549 3150 3564 3173 ,
3595 3106 3709 3178 πρὸς

456 3207 511 3260 in
557 3206 761 3277 quibus
803 3204 873 3261 ab
916 3206 1042 3261 aliis
1078 3204 1386 3262 liaaresibus
1433 3203 1734 3276 discrepat,
1764 3202 1931 3260 Marci
1986 3218 2046 3259 ac

2157 3197 2250 3265 τὰς
2277 3199 2444 3265 ἄλλας
2472 3201 2740 3273 αἱρέσεις,
2769 3203 2917 3275 φημὶ
2952 3202 3010 3257 δὲ
3038 3202 3177 3275 πρὸς
3207 3203 3338 3266 τοὺς
3363 3202 3494 3274 περὶ
3510 3201 3706 3272 Μάρκον

457 3297 734 3353 Valentini
800 3298 1150 3368 potissimum
1193 3316 1207 3354 :

454 3406 668 3453 geonum
699 3398 754 3444 rt
781 3389 1061 3459 ogdoadas
1103 3390 1212 3446 alio
1245 3388 1409 3445 modo
1431 3388 1679 3446 tradidit.

533 3480 749 3551 1125
780 3480 868 3534 lll.
904 3479 1320 3537 lleracleonitac.
1350 3479 1528 3536 Etiam
1560 3480 1861 3538 Heracleon
1892 3495 2049 3537 com-

463 3575 750 3629 mentitias
781 3572 1061 3644 ogdoadas
1094 3573 1358 3631 retinuit:
1391 3574 1445 3630 in
1474 3573 1676 3646 quibus
1710 3572 2053 3646 explicandis

1283 3296 1556 3368 siquidem
1625 3298 2046 3370 propagationes

2157 3290 2246 3344 καὶ
2270 3289 2644 3360 οὑαλεντῖνον,
2672 3291 2772 3357 τάς
2807 3291 3080 3364 προϐολάς
3110 3291 3168 3347 δὲ
3199 3292 3289 3347 καὶ
3317 3291 3573 3362 ὀγδοάδας
3597 3288 3696 3344 ὲτέα

2154 3399 2264 3454 ρως
2292 3382 2554 3450 ἐδίδαξεν.

2223 3477 2296 3534 l".
2349 3477 2779 3552 Ἡρακλεωνῖται
2798 3517 2815 3544 ,
2867 3479 2962 3535 καὶ
3007 3478 3164 3534 αὐτοὶ
3206 3480 3274 3552 τῇ
3324 3478 3438 3533 τῶν
3477 3474 3709 3548 ὄγδοάδων

2151 3570 2408 3642 φέρονται
2435 3569 2753 3643 μυθολογίᾳ,
2786 3569 2989 3642 ἑτέρως
3013 3568 3071 3625 δὲ
3100 3569 3254 3642 παρὰ
3278 3568 3375 3624 τὸν
3398 3570 3613 3641 Μάρκον
3636 3566 3709 3619 καὶ

468 3681 498 3719 a
532 3664 697 3720 Marci
736 3675 791 3722 et
847 3664 1125 3727 Ptolemaei
1181 3681 1247 3723 ac
1295 3663 1574 3722 Valentini
1619 3675 2055 3739 cmterorumque

459 3758 727 3827 opinione
774 3759 1053 3814 discessit.
1113 3756 1259 3815 Suos
1321 3774 1488 3830 porro
1540 3759 1645 3815 sub
1693 3760 1874 3831 ipsum
1931 3758 2056 3814 vita:

459 3855 669 3908 exitum
708 3850 937 3922 perinde
979 3864 1045 3906 ac
1092 3849 1314 3906 Marcus
1360 3850 1620 3914 instituit,
1660 3851 1784 3905 oleo
1828 3849 2057 3921 opobal-

462 3956 621 3997 samo
660 3947 716 3995 et
749 3954 892 4010 aqua
942 3941 997 3995 in
1046 3948 1215 4012 caput
1270 3940 1473 3997 inlusis
1523 3943 1578 3997 in
1615 3942 1848 3999 salutem
1904 3954 2058 3998 asse-

2152 3663 2488 3732 Πτολεμαῖον
2524 3663 2621 3718 καὶ
2647 3662 2997 3718 Ούαλεντῖνον
3033 3662 3130 3716 καὶ
3160 3661 3286 3726 τοὺς
3319 3660 3535 3726 ἄλλους.
3578 3657 3710 3712 Ἀλλὰ

2153 3752 2249 3811 καὶ
2282 3754 2377 3809 ἐπὶ
2412 3756 2478 3828 τῇ
2528 3754 2739 3826 κεφαλῇ
2760 3754 2783 3786 ⁸
2826 3753 2937 3811 τῶν
2983 3753 3115 3826 παρ’
3151 3754 3338 3818 αὐτοῖς
3373 3752 3711 3808 τελευτώντων

2152 3847 2354 3919 ὁμοίως
2380 3845 2460 3919 τῷ
2491 3847 2703 3920 Μάρκῳ
2735 3844 3056 3919 λυτροῦνται
3084 3846 3151 3901 δι’
3190 3844 3375 3901 ἐλαίου
3412 3846 3521 3901 ἀπὸ
3548 3843 3712 3916 βαλσά-

2159 3957 2260 4013 μου
2290 3940 2387 3996 καὶ
2418 3936 2953 4011 ὓδατος,ὲπικλήσεις
2989 3940 3142 4005 τινὰς
3181 3938 3500 4012 Ἑϐραϊκαῖς
3536 3938 3712 4004 λέξεσιν

465 4040 632 4098 runt;
660 4046 879 4102 unaque
908 4047 1072 4087 voces
1102 4031 1368 4103 quasdam
1401 4031 1698 4090 llebralcas
1729 4034 1784 4089 in
1817 4033 1938 4105 ejus
1961 4032 2046 4105 qui

2157 4032 2500 4103 ἐπιλέγοντες
2528 4033 2623 4086 ἐπὶ
2646 4033 2712 4104 τῇ
2746 4031 2953 4104 κεφαλῇ
2977 4028 3072 4087 τοῦ
3099 4031 3260 4104 δῆθεν
3286 4030 3654 4104 λυτρουμένου.

463 4125 717 4195 expiatur
742 4132 910 4195 caput
937 4125 1315 4180 insusurrant.

539 4214 628 4271 lV.
669 4215 909 4288 Ophitaa.
945 4212 1008 4271 lli
1042 4225 1351 4286 serpentem
1384 4225 1720 4271 venerantur
1764 4231 1829 4271 ac
1856 4215 2046 4287 prmdi-

2228 4220 2302 4271 A'.
2354 4217 2601 4287 Ὀφῖται,
2637 4214 2688 4270 οἱ
2738 4217 2829 4272 τὸν
2878 4217 3001 4286 ὅφιν
3045 4215 3363 4285 δοξάζοντες
3423 4217 3515 4271 καὶ
3554 4213 3711 4270 τοῦτον

466 4292 598 4365 eant
624 4329 648 4367 -:
680 4325 918 4381 eumque
958 4325 1084 4367 esse
1136 4310 1416 4365 Christum
1457 4317 1735 4367 asserunt.
1777 4309 1862 4366 Ob
1906 4310 1957 4365 id
1999 4311 2046 4366 iu

2158 4311 2393 4384 Χριστὸν
2420 4311 2734 4384 ἡγούμενοι,
2772 4310 2988 4383 ἔχοντες
3014 4309 3070 4365 δὲ
3105 4311 3168 4365 τὸ
3208 4310 3442 4384 ἑρπετὸν
3484 4307 3629 4365 τοῦτο
3665 4309 3712 4360 ἑν

464 4401 699 4473 quadam
735 4402 874 4458 cista
899 4411 1206 4473 serpentem
1238 4410 1546 4457 asservant.

529 4491 568 4513 ιγ
624 4493 808 4513 ..-ρης
1624 4502 1856 4513 ---μημ

2159 4404 2322 4476 κίστῃ
2348 4403 2473 4458 τινί.

529 4491 587 4546 V.
623 4493 811 4552 Caiani
828 4494 1189 4550 consimiliter
1205 4508 1269 4549 ac
1295 4494 1607 4566 superiores
1624 4502 1861 4550 veterem
1875 4499 2043 4565 [egeni

2233 4496 2310 4551 E'.
2356 4496 2608 4557 Καῖανοὶ.
2645 4495 2908 4559 ὡσαύτως
2944 4495 3061 4568 ἅμα
3100 4497 3214 4559 τοῖς
3245 4495 3512 4569 πρότερον
3542 4493 3624 4547 τὸν
3643 4489 3710 4564 νό-

466 4592 522 4639 et
542 4598 665 4641 eum
685 4586 778 4654 qui
803 4585 857 4641 in
887 4600 951 4642 ea
985 4586 1201 4641 locutus
1234 4594 1336 4647 est,
1363 4586 1675 4658 repmliant,
1699 4588 2046 4642 resurrectio

2166 4603 2267 4658 μον
2300 4587 2396 4641 καὶ
2432 4585 2525 4640 τὸν
2564 4585 2877 4658 λαλήσαντα
2911 4586 2969 4642 ὲν
2992 4585 3144 4658 νόμῳ
3174 4584 3514 4650 ἀθετοῦντες,
3542 4579 3709 4652 σαρκός

467 4692 593 4732 nem
639 4676 826 4732 carnis
856 4677 1153 4748 abnegant,
1186 4677 1416 4734 Cainnm
1450 4678 1859 4739 commendant,
1893 4692 2055 4747 quem

468 4770 867 4840 praastantioris
911 4768 1202 4840 cujusdam
1233 4769 1457 4825 virtutis
1508 4769 1682 4826 fuisse
1734 4767 2055 4841 przedieant.

470 4861 577 4918 Sed
617 4871 671 4916 et
701 4860 897 4917 Judam
926 4862 1130 4919 divinis
1179 4862 1486 4918 honoribus
1544 4862 1808 4926 alliciunt,
1842 4876 2055 4917 necnon

468 4963 524 5021 et
550 4953 691 5010 Core
726 4963 782 5010 et
813 4953 1024 5010 Datban
1058 4967 1112 5011 et
1139 4953 1346 5009 Abiron
1382 4970 1447 5009 ac
1482 4952 1814 5010 Sodomitas.

543 5044 633 5100 Vl.
676 5044 943 5102 Sethiani.
981 5044 1045 5101 lii
1080 5045 1307 5103 Sethum
1341 5045 1595 5103 laudibus
1617 5045 1872 5104 ellernnt.
1895 5061 2056 5117 quem

467 5155 533 5200 ex
568 5154 839 5208 suprema:
876 5137 1066 5195 Matris
1097 5138 1422 5210 poenitentia
1461 5147 1807 5210 procreatum
1844 5146 2057 5208 putant,

469 5247 620 5292 cum,
646 5229 818 5285 Caino
860 5239 915 5286 et
962 5231 1135 5287 Abclo
1166 5231 1496 5295 interfectis,
1530 5246 1834 5301 congressa
1871 5231 2057 5286 since-

470 5340 590 5391 ram
626 5323 857 5394 stirpem
888 5323 1142 5380 videlicet
1172 5324 1401 5380 Sethum
1434 5324 1694 5394 protulit;
1727 5338 1757 5378 a
1796 5338 1907 5394 quo
1934 5323 2060 5377 uni-

471 5434 695 5477 versum
734 5434 908 5487 genus
957 5417 1238 5472 hominum
1286 5416 1548 5471 manavit.
1585 5413 1873 5470 Postremo
1912 5414 2066 5486 prin-

469 5512 611 5582 cipia
652 5519 707 5567 et
743 5517 1044 5580 potestates
1094 5516 1422 5577 cant-raque.
1477 5515 1536 5561 ut
1578 5507 1691 5573 alii,
1728 5508 1913 5561 omnia
1952 5516 2065 5562 sta-

474 5607 657 5656 tuunt.

548 5693 658 5751 Vll.
713 5693 1055 5750 Arebontici.
1111 5694 1206 5749 isti
1258 5700 1386 5748 Item
1436 5690 1503 5743 ad
1546 5693 1732 5762 plures
1783 5692 2060 5763 principes

2162 4696 2223 4734 τε
2244 4678 2540 4734 ἀνάστασιν
2569 4679 2916 4752 ἀρνούμενοι,
2944 4679 3037 4733 τὸν
3067 4678 3207 4733 Κάῑν
3231 4677 3532 4745 δοξάζουσι,
3555 4674 3708 4742 λέγον-

2161 4788 2254 4835 τες
2278 4770 2439 4824 αὐτον
2480 4773 2579 4840 τῆς
2619 4771 2973 4843 ἰσχυροτέρας
3012 4770 3313 4843 δυνάμεως.
3340 4770 3494 4840 ’Ἅμα
3543 4766 3595 4820 δὲ
3636 4759 3711 4816 καὶ

2161 4862 2252 4917 τὸν
2274 4862 2472 4917 Ἰούδαν
2504 4861 2895 4928 ἐκθειάζουσιν,
2922 4862 3058 4935 ὁμοῦ
3084 4880 3142 4916 τε
3174 4863 3268 4916 καὶ
3296 4862 3423 4926 τοὺς
3452 4859 3572 4932 περὶ
3592 4852 3707 4923 Κορὲ

2163 4956 2259 5010 καὶ¹
2286 4955 2463 5010 Δαθὰν
2493 4955 2588 5010 καὶ
2624 4954 2904 5027 Ἀϐειρὼν,
2934 4954 3071 5009 ἀλλὰ
3107 4955 3201 5010 καὶ
3225 4955 3350 5019 τοὺς
3382 4949 3669 5022 Σοδομίτας-

2236 5048 2327 5118 ς’.
2357 5049 2627 5121 Σηθιανοί.
2656 5042 2816 5103 Οὗτοι
2859 5050 3024 5105 πάλιν
3061 5048 3149 5102 τὸν
3190 5047 3296 5119 Σὴθ
3324 5045 3611 5113 δοξάζουσι,
3634 5038 3708 5108 φά*

2166 5159 2387 5206 σκοντες
2410 5141 2572 5196 αὑτὸν
2602 5136 2741 5195 εἶναι
2783 5143 2848 5195 ὲκ
2899 5140 3256 5212 μεταμελείας
3284 5141 3382 5210 τῆς
3405 5136 3600 5191 ἄνωθεν
3624 5146 3702 5201 μη·

2164 5234 2311 5303 τρὶς,
2357 5234 2717 5306 συνελθούσης
2766 5232 3054 5304 μετὰ⁸τὸν
3100 5231 3239 5285 Κάῖν
3267 5231 3361 5285 καὶ
3388 5227 3549 5283 ’Ἂῦελ
3595 5224 3704 5276 ἀπο-

2165 5325 2483 5397 κτανθῆναι,
2533 5325 2628 5379 καὶ
2671 5323 2913 5394 καθαρὸν
2941 5323 3161 5395 σπέρμα
3189 5322 3282 5376 τὸν
3310 5319 3417 5392 Σὴθ
3446 5317 3704 5386 ποιήσασαν

2162 5419 2224 5485 ἐξ
2261 5414 2431 5491 οὗπερ
2460 5418 2647 5473 λοιπὸν
2685 5416 2935 5490 κατήχθη
2968 5417 3030 5471 τὸ
3062 5417 3279 5471 πάντων
3307 5412 3595 5483 ἀνθρώπων
3624 5402 3700 5472 τέ’

2160 5528 2270 5574 νος.
2305 5511 2416 5564 Καὶ
2446 5510 2601 5565 αὐτοὶ
2636 5508 2693 5563 δὲ
2734 5510 2933 5581 Ἀρχὰς
2965 5508 3061 5563 καὶ
3101 5506 3375 5575 Ἐξουσίας
3418 5503 3512 5558 καὶ
3545 5501 3634 5554 ὅσα
3662 5493 3700 5548 oi

2162 5601 2310 5656 ἄλλοι
2347 5601 2752 5673 δογματίζουσι,
2779 5601 2874 5655 καὶ
2900 5599 3055 5655 αὐτοὶ
3082 5597 3457 5668 ὲδογμάτισαν.

2234 5694 2307 5749 Z'.
2343 5691 2703 5762 Ἀρχοντικοί.
2733 5685 2891 5747 Οὗτοι
2929 5690 3090 5745 πάλιν
3129 5688 3210 5752 είς
3251 5685 3446 5746 πολλάς
3472 5679 3625 5755 ἀρχὰς
3652 5674 3700 5728 τδ

550 5807 670 5884 ξᾹΙ.
706 5807 1031 5884 ίΕῖειφάνῃς.
1109 5805 1297 5884 '_Fp_r.__
1314 5805 1500 5884 αύτόν.
1579 5805 1598 5837 ³
1629 5804 1789 5863 Deest
1842 5806 1991 5878 περί.
2069 5808 2089 5839 ⁸
2122 5806 2241 5863 Lib.
2263 5825 2300 5877 ι,
2334 5807 2470 5884 πρὸς
2501 5810 2568 5879 τῇ
2599 5806 2820 5877 τελευτῇ
2844 5805 2968 5870 τοὺς
2997 5802 3124 5875 παρ’
3153 5802 3329 5866 αὐτοῖς
3357 5794 3695 5854 τελευτῶντας

479 5871 652 5929 ’-1"or.
676 5877 734 5932 τὸ
764 5871 876 5932 ὑπὸ
917 5871 1056 5929 Κάῖν
1087 5878 1178 5932 τὸν
1200 5876 1381 5933 Ἅϐελ.
