3958 6396
187 392 272 457 BGI

1445 396 2098 457 ANACEFHALiO'FIS.
2702 406 2716 439 ⁸

3312 400 3423 460 862

187 511 285 578 πᾷν
317 508 655 585 ἀναφέρουσι,
687 512 780 565 καὶ
808 511 879 573 τά
917 513 1182 585 γενόμενα
1211 516 1275 570 ὲκ
1298 515 1503 572 τούτων
1530 519 1744 589 γεγενῆ.

1868 517 2101 575 miversa
2130 516 2452 578 referentes,
2483 528 2822 588 (fumumque
2874 518 3016 571 facta
3055 517 3282 583 sunt,ab
3313 516 3423 571 illis

185 602 325 665 σθαι·
357 602 659 657 ἁλίσκονται
691 605 705 635 ¹
737 603 795 656 δὲ
830 606 923 658 καὶ
956 607 1051 659 ἐπὶ
1086 609 1403 681 αἰσχρότητί
1436 627 1562 666 τινι.
1601 612 1743 681 Σαρ-

184 695 271 754 κὺς
300 692 353 745 δὲ
396 692 687 748 ἀνάστασιν
735 694 1005 763 ἀθετοῦσι,
1047 700 1140 752 καὶ
1186 700 1425 759 Παλαιὰν
1469 702 1747 775 Διαθήκην

183 782 555 853 μπαὸάλλουσι
581 786 630 850 ²,
652 785 945 857 κέχρηνται
968 789 1025 843 δὲ
1047 791 1259 863 Πίαλαιᾷ
1284 793 1378 845 καὶ
1423 794 1599 865 Καινῇ
1616 795 1743 857 Δια-

182 875 334 957 θήκη,
356 875 589 957 ἑκάστην
621 876 766 953 λέξιν
794 879 875 944 είς
905 881 996 939 τὸν
1038 883 1245 945 έαυτῶν
1268 884 1392 944 νοῦν
1429 885 1742 957 μεθοδεύον-

182 983 287 1031 τθςε

242 1148 321 1203 H’.
343 1145 785 1219 Ke~p6nwtavo\,ol
808 1153 915 1207 απὸ
940 1153 1221 1225 Κέρδωνος
1239 1156 1332 1210 τοῦ
1347 1158 1743 1230 Ἡρακλέωνος,

184 1236 533 1309 διαδεξάμενοι
562 1240 585 1273 ³
626 1241 740 1311 (28)
774 1243 874 1314 τὴν
921 1247 1153 1317 μετοχὴν
1195 1246 1296 1317 τῆς
1340 1248 1581 1320 πλάνης,
1634 1250 1744 1304 ἀπὸ

182 1330 239 1382 δὲ
276 1329 368 1399 τῆς
401 1330 601 1402 Συρίας
624 1332 705 1396 είς
747 1332 967 1406 Ῥώμην
996 1336 1110 1405 (28)
1157 1338 1608 1408 μεταναστάντος,
1650 1341 1744 1394 καὶ

181 1422 427 1490 κήρυγμα
465 1420 665 1475 ἑαυτοῦ
712 1422 1010 1495 ἐκθεμένου
1053 1428 1110 1480 ὲν
1154 1428 1368 1500 χρόνοις
1417 1428 1670 1500 Ῥηγίνου
1721 1431 1745 1464 ⁸

181 1512 482 1564 ἐπισκόπου.
530 1512 637 1577 Δύο
677 1514 740 1568 δὲ’
772 1514 948 1587 ἀρχάς
973 1517 1230 1589 κηρύττει
1274 1514 1428 1585 οὗτος
1474 1522 1743 1589 ἐναντίας,

183 1603 250 1673 μὴ
277 1600 411 1658 εἶναι
440 1604 496 1658 δὲ
521 1606 614 1658 τὸν
642 1606 877 1678 Χριστὸν
904 1610 1181 1681 γεννητὸν,
1212 1612 1414 1683 ὁμοίως
1440 1631 1501 1667 τε
1533 1616 1744 1687 νεκρῶν

180 1696 460 1750 ἀνάστασιν
491 1697 723 1762 ἀθετῶν,
752 1700 847 1754 καὶ
876 1700 977 1771 τὴν
1014 1703 1258 1758 Παλαιὰν
1283 1696 1576 1777 Διαθῆκην.

240 1784 312 1839 8’.
337 1787 770 1859 Μαρκιωνισταί·.
808 1790 1073 1862 Μαρκίων
1117 1787 1274 1860 οὗτος
1306 1796 1369 1849 ὲκ
1408 1797 1611 1851 Πόντου
1650 1798 1745 1868 6p-

1846 618 1968 663 ιιι-ιιι
2001 609 2289 663 deliniant.
2343 607 2552 663 Habent
2585 618 2640 663 et
2671 610 2988 664 fmdissima:
3031 608 3307 678 quoddam
3356 608 3423 662 Ii-

1847 700 2050 759 bidiois
2115 715 2309 771 genus.
2361 698 2559 755 Carnis
2615 701 3074 754 resurrectionem
3130 707 3420 769 respuunt.

1847 791 2016 850 Vetus
2066 791 2478 849 Testamentum
2522 791 2859 845 calumniose
2905 791 3195 858 rejiciunt,
3251 805 3426 860 quan~

1843 899 2009 954 quam
2047 881 2233 961 ethoc
2268 892 2323 937 et
2369 880 2521 936 Novo
2574 883 2796 951 insuper
2831 897 3223 953 nonnunquam
3263 891 3424 937 utan-

1846 983 1936 1029 tur
1968 993 1981 1030 :
2008 988 2076 1033 ex
2098 972 2302 1043 quibus
2333 973 2580 1043 singulas
2610 972 2833 1027 voculas
2863 972 3059 1029 callide
3090 974 3158 1029 ad
3189 982 3428 1029 mentem

1845 1079 2000 1120 suam
2031 1062 2468 1119 accommodant.

1928 1152 2068 1209 VIII.
2103 1153 2432 1210 Cerdoniani
2469 1168 2497 1207 a
2530 1151 2798 1218 Cerdone,
2832 1150 2928 1220 qui
2966 1167 3126 1222 quem
3164 1151 3233 1206 ab
3264 1149 3429 1207 ﬂera-

1844 1247 2033 1301 clcone
2075 1260 2316 1300 errorem
2367 1244 2648 1307 hauserat,
2693 1246 2853 1302 novis
2895 1245 3136 1299 inventis
3180 1243 3423 1298 adauxit.

1843 1334 1921 1387 Ac
1971 1349 2095 1388 cum
2146 1331 2373 1387 Romam
2406 1348 2438 1388 e
2473 1331 2643 1404 Syria
2695 1332 2976 1403 profectus
3011 1342 3179 1396 esset,
3236 1331 3435 1403 Hygini

1847 1423 2005 1495 Papa;
2041 1422 2377 1493 temporibus
2418 1436 2516 1477 sua
2563 1422 2818 1491 dogmata
2853 1421 3258 1477 disseminavit.
3312 1419 3431 1475 Duo

1845 1531 2011 1586 porro
2055 1514 2320 1585 principia
2368 1512 2647 1567 contraria
2694 1512 2926 1567 invicem
2956 1510 3206 1565 aﬂirmat.
3257 1510 3433 1581 Negat

1844 1607 2122 1662 Christum
2149 1622 2269 1661 esse
2298 1605 2567 1677 genitum.
2592 1603 2932 1660 Mor-tuorum
2966 1603 3432 1659 resurrectionem

1845 1710 1894 1750 et
1932 1695 2100 1752 Vetus
2140 1694 2553 1750 Testamentum
2592 1693 2793 1762 rejicit.

1920 1785 2009 1841 IX.
2070 1786 2457 1840 Marcionistaz.
2508 1783 2715 1839 Marcio
2763 1799 2832 1839 ex
2890 1782 3064 1838 Ponto
3124 1781 3428 1843 oriundus.

184 1874 438 1947 μώμενος,
468 1878 769 1934 ἐπισκόπου
804 1880 903 1952 μὲν
943 1877 1012 1955 ἦν
1042 1883 1176 1948 υἱὸς,
1209 1884 1432 1959 φθείρας
1459 1888 1515 1942 δὲ
1544 1888 1743 1960 παρθέ-

1868 1877 2109 1948 episcopo
2139 1884 2292 1945 patre
2335 1881 2497 1929 natus
2541 1881 2667 1930 est:
2698 1888 2730 1928 a
2757 1888 2869 1945 quo
2915 1873 3130 1947 1126
3160 1873 3232 1927 ob
3268 1872 3431 1944 virgi-

180 1982 261 2020 νον
290 1967 520 2039 ἀπέδρα,
554 1969 642 2024 διὰ
665 1970 727 2024 τὸ
773 1969 1036 2037 ὲξεῶσθαι
1085 1975 1192 2028 ὑπὸ
1233 1977 1328 2030 τοῦ
1368 1977 1499 2031 ἰδίου
1541 1977 1751 2050 πατρὸς

181 2055 278 2109 ἀπὸ
304 2060 401 2131 τῆς
442 2058 789 2131 Ἐκκλησίας.
835 2061 1097 2117 Ἀνελθὼν
1126 2064 1185 2117 δὲ
1226 2066 1286 2118 ὲν
1310 2068 1375 2137 τῇ
1418 2066 1623 2140 Ῥώμῃ,
1652 2070 1748 2123 καὶ

183 2148 397 2216 αἰτήσας
424 2148 716 2219 μετάνοιαν
752 2151 877 2215 τοὺς
916 2153 1036 2207 κατ’
1064 2155 1243 2209 ἐκεῖνο
1290 2156 1508 2228 καιροῦ,
1544 2159 1640 2213 καὶ
1676 2159 1751 2231 μὴ

181 2238 360 2307 τυχὼν,
384 2241 646 2327 ἐπαρθεὶς
668 2242 809 2297 κατά
837 2242 936 2314 τῆς
958 2243 1213 2312 πίστεως,
1242 2246 1358 2317 ὲδογ
1369 2246 1585 2318 μάτισε,
1606 2251 1754 2324 τρεῖς

182 2328 340 2397 ἀρχὰς
393 2330 853 2402 εἰσηγησάμενος,
891 2334 1094 2402 ἀγαθόν
1136 2352 1199 2389 τε
1235 2337 1352 2390 καὶ
1401 2337 1609 2393 δίκαιον
1660 2340 1755 2394 καὶ

180 2417 390 2483 φαῦλον·
443 2414 593 2473 εἶναι
641 2438 702 2474 τε
756 2422 855 2492 τὴν
900 2424 1110 2496 Καινὴν
1152 2426 1428 2498 Διαθήκην
1468 2427 1754 2502 ἀλλοτρίαν

176 2505 270 2574 τῆς,
296 2508 548 2573 Παλαεᾶς
581 2510 677 2567 καὶ
699 2511 796 2565 τοῦ
834 2513 894 2566 ὲν
930 2514 1067 2586 αὐτῇ
1106 2514 1455 2588 λαλήσαντος.
1505 2519 1757 2574 Ἀνάστα-

176 2614 254 2650 σιν
295 2600 505 2672 σαρκὸς
555 2601 753 2656 ἀθετεῖ.
797 2602 1088 2675 Βάπτισμα
1131 2605 1346 2660 δίδωσιν
1382 2609 1445 2663 οὐ
1478 2596 1641 2680 μόνον
1669 2610 1754 2680 ἓν,

177 2689 297 2748 ἀ).λά
325 2693 417 2746 καὶ
456 2692 566 2747 δύο
601 2695 698 2749 καὶ
734 2695 862 2768 τρία
904 2698 1043 2767 μετὰ
1080 2699 1142 2752 τὸ
1186 2705 1548 2773 παραπεσεῖν.
1586 2704 1755 2778 ’Υπὲρ

177 2778 225 2831 δὲ
251 2780 354 2834 τῶν
397 2781 725 2838 τεθνεώτων
764 2787 1189 2857 κατηχουμένων
1234 2788 1456 2861 ἑτέρους
1484 2790 1754 2861 βαπτίζει,

179 2868 329 2934 ἀδεῶς
361 2873 456 2926 καὶ⁵
495 2873 740 2940 γυναιξὶν
777 2875 1062 2947 ἐπιτρέπει
1090 2875 1315 2949 λουτρὸν
1343 2879 1564 2937 διδόναι.

240 2962 290 3015 l'.
321 2964 737 3020 Δουιειανισταί.
764 2966 1063 3032 Λουκιανός
1086 2987 1171 3034 τις
1201 2972 1446 3042 ἀρχαῖος,
1476 2975 1575 3045 οὐχ
1603 2976 1633 3029 ὁ
1662 2974 1759 3030 νῦν

181 3052 232 3103 ὲν
277 3055 500 3124 χρόνοις
550 3056 956 3111 Κωνσταντίνου
1008 3060 1323 3132 γενόμενος,
1368 3063 1549 3121 πάντα
1617 3067 1759 3121 κατά

179 3141 258 3194 τὸν
287 3145 601 3215 Μαρκεωνα
627 3145 998 3217 ἐδογμάτισεν,
1030 3149 1193 3222 ἕτερα
1221 3153 1278 3206 δὲ
1309 3154 1462 3223 παρὰ
1488 3156 1579 3209 τὸν
1612 3158 1759 3230 Μαρ-

183 3230 338 3286 κίωνα
363 3235 459 3288 καὶ
503 3234 666 3301 αὐτὸς
688 3235 851 3307 δῆθεν
880 3240 1266 3313 περισσότερον
1287 3244 1624 3316 δογματίζει.

244 3326 339 3383 1Α’,
362 3325 773 3398 ’Δτεελληῖανοί.
815 3329 926 3382 Καὶ
953 3323 1108 3395 οὗτος
1136 3335 1166 3386 ὁ
1195 3333 1458 3405 Ἀπελλῆς
1495 3337 1562 3389 τὰ
1601 3338 1762 3408 ὃμοια

182 3414 450 3485 Matprva
519 3418 614 3470 καὶ
666 3418 952 3490 Δουκιανῷ
992 3420 1327 3491 δογματίζει,
1383 3424 1623 3489 κακίζων
1663 3427 1763 3498 τὴν

182 3506 350 3559 πᾶσαν
383 3504 617 3574 ποίησιν
654 3505 749 3559 καὶ
785 3505 877 3560 τὸν
917 3509 1277 3577 πεποιηκότα.
1312 3510 1425 3580 Οὐχ
1465 3511 1666 3582 ὁμοίως
1707 3512 1765 3566 δὲ

183 3595 376 3661 τούτοις
400 3595 733 3668 δογματίζει
754 3596 849 3650 καὶ
870 3600 1017 3669 τρεῖς
1056 3599 1250 3669 ἀρχὰς,
1274 3600 1411 3655 ἀλλά
1440 3602 1569 3672 μίαν
1591 3601 1765 3674 ἀρχὴν

183 3688 269 3740 καὶ
290 3687 384 3742 ἕνα
413 3686 561 3742 Θεὸν
587 3686 717 3740 ὄντα
741 3685 1014 3742 ἀνώτατον
1057 3689 1152 3742 καὶ
1181 3690 1645 3762 ἀκατονόμαστον,
1670 3692 1765 3744 αὐ-

182 3777 266 3829 τὸν
289 3778 345 3832 δὲ
370 3776 745 3850 πεποιηκέναι
770 3777 961 3834 ἄλλονο
996 3781 1088 3834 καὶ
1110 3781 1273 3845 αὐτὸς
1297 3781 1327 3834 ό
1355 3782 1644 3854 γενόμενος
1672 3799 1769 3836 πο-

181 3868 335 3940 νηρὸς
382 3868 665 3942 εὑρεθεὶς,
717 3869 937 3943 εποίησε
977 3873 1044 3943 τῇ
1097 3871 1294 3927 ἑαυτοῦ
1333 3872 1629 3946 φαυλότητι
1674 3874 1769 3928 τὸν

184 3959 398 4031 κόσμον.

250 4052 344 4108 IB’.
372 4050 725 4124 Σευηριανοί.
750 4048 986 4126 Σευῆρός
1014 4073 1097 4120 τις
1121 4056 1283 4112 πάλιν
1300 4056 1379 4130 τῷ
1397 4056 1630 4130 Ἀπελλῇ
1654 4075 1772 4113 συν⁹

1854 1970 1943 2024 nis
1972 1977 2222 2039 stuprum
2259 1967 2468 2035 ejectus
2497 1981 2561 2021 ex
2613 1963 2885 2032 Ecclesia,
2938 1965 3167 2020 Romam
3197 1965 3433 2036 aufugit.

1856 2056 1957 2113 Ubi
2000 2072 2125 2113 cum
2180 2057 2251 2112 ab
2284 2057 2352 2111 iis
2384 2057 2477 2127 qui
2532 2064 2645 2111 tum
2701 2055 2962 2113 Ecclesia:
2995 2064 3285 2127 praeerant,
3320 2072 3436 2127 pa:-

1854 2148 2143 2203 nitentiam
2196 2145 2403 2201 frustra
2459 2145 2830 2214 postulasset,
2884 2145 3214 2200 catholicam
3275 2144 3442 2200 ﬁdem

1855 2252 2170 2310 Oppugnarc
2195 2236 2448 2292 instituit.
2485 2235 2852 2303 Quamobrem
2883 2236 2988 2291 tria
3016 2251 3142 2292 esse
3164 2234 3443 2306 principia.

1854 2330 2015 2396 dixit,
2066 2331 2270 2385 bonum
2314 2338 2369 2384 et
2395 2328 2607 2403 justum
2640 2337 2697 2383 et
2740 2326 2964 2382 malum.
3011 2325 3220 2382 Novum
3247 2325 3439 2382 Testa.-

1855 2430 2098 2479 mentum
2125 2436 2156 2476 a
2188 2419 2385 2476 Vetere
2416 2429 2470 2476 et
2511 2419 2759 2491 ejusdem
2793 2426 3020 2474 auctore
3048 2418 3284 2472 alienum
3314 2431 3447 2473 esse

1854 2514 2063 2571 docuit.
2097 2514 2292 2568 Carnis
2322 2511 2785 2568 resurrectionem
2818 2509 3065 2567 sustulit.
3115 2508 3236 2564 Non
3268 2525 3435 2564 unum

1856 2602 2127 2672 baptisma
2163 2599 2455 2664 duntaxat,
2503 2600 2600 2656 sed
2637 2608 2694 2655 et
2741 2599 2853 2655 duo
2898 2608 2954 2655 et
2996 2598 3102 2653 tria
3144 2607 3266 2668 post
3300 2597 3435 2653 deli-

1855 2704 2004 2749 ctum
2060 2692 2323 2764 indulget.
2374 2691 2480 2746 Pro
2536 2692 2770 2748 mortuis
2840 2690 3251 2767 catechumenis
3304 2691 3442 2747 alios

1856 2784 2121 2855 baptizat,
2160 2798 2225 2837 ac
2270 2781 2591 2837 mulieribus
2627 2780 2879 2837 conferre
2930 2778 3267 2852 baptismum
3313 2780 3433 2836 sine

1863 2873 1977 2929 ullo
2009 2870 2332 2928 discriminc
2370 2871 2657 2941 permittit.

1928 2963 1995 3020 X.
2032 2962 2383 3019 Lucianistaz.
2419 2961 2697 3018 Lucianus
2743 2961 2832 3016 hic
2883 2960 3182 3031 antiquior,
3214 2976 3327 3016 non
3355 2960 3437 3014 al.-

1858 3062 1942 3109 ter
1974 3056 2063 3110 ille
2095 3055 2188 3126 qui
2229 3053 2591 3111 Constantino
2642 3053 2947 3125 imperante
2989 3052 3140 3116 vixit,
3175 3051 3231 3105 in
3263 3050 3445 3104 omni-

1862 3148 1968 3204 bus
2016 3144 2316 3202 Marcionis
2362 3143 2611 3214 vestigiis
2670 3142 2910 3210 inhaesit,
2963 3143 3066 3198 etsi
3117 3141 3444 3212 quibusdam

1789 3224 1832 3281 (ἒ
1876 3238 2107 3308 adjectis
2138 3233 2474 3293 cumulatius
2504 3233 2711 3304 aliquid
2737 3233 2934 3289 docere
2966 3232 3196 3288 studuit.

1938 3326 2033 3380 XI.
2072 3322 2393 3395 Apelleiani.
2438 3321 2653 3392 Apelles
2718 3320 2970 3377 similiter
3029 3328 3193 3391 atque
3241 3318 3446 3375 Marcio

1862 3427 1918 3475 et
1948 3416 2227 3471 Lucianus
2254 3412 2525 3485 quidquid
2557 3411 2839 3467 conditum
2877 3421 2964 3467 est
2992 3426 3116 3466 cum
3162 3412 3283 3482 ipso
3311 3425 3444 3465 con-

1864 3509 2042 3563 ditore
2067 3506 2361 3575 vituperat.
2400 3500 2517 3556 Non
2563 3507 2750 3556 tamen
2780 3501 2886 3556 tria
2935 3506 2995 3554 ut
3032 3500 3109 3554 illi
3145 3499 3440 3570 principia.

1866 3601 1961 3655 scd
1997 3614 2164 3652 unum
2211 3603 2423 3651 tantum
2455 3593 2684 3658 invexit,
2733 3592 3029 3663 itidemque
3076 3591 3242 3648 Deum
3277 3606 3446 3645 unmn

1867 3706 1931 3745 ac
1960 3701 2298 3759 supremum,
2340 3691 2396 3741 et
2435 3682 2677 3738 nominis
2721 3693 3025 3754 expertem,
3076 3681 3169 3753 qui
3202 3681 3448 3752 singula-

1872 3798 1988 3837 rem
2020 3781 2252 3836 aIterum
2293 3777 2665 3849 procreaverit
2693 3793 2706 3830 :
2735 3776 2829 3846 qui
2860 3791 2986 3831 cum
3021 3774 3199 3831 malus
3242 3775 3450 3831 evasis-

1869 3882 1976 3939 set,
2013 3869 2277 3927 mundum
2310 3883 2409 3925 sua
2434 3868 2526 3922 illa
2557 3868 2906 3939 improbitate
2940 3866 3207 3923 condidit.

1945 4046 2061 4103 XII.
2102 4044 2403 4103 Severiani.
2463 4044 2699 4102 Severus
2739 4044 2829 4099 hic
2889 4041 3097 4113 Apellis
3135 4040 3344 4097 assccla
3375 4041 3455 4095 vi-

188 4143 471 4211 επόμενος,
493 4144 588 4199 τὸν
607 4143 706 4215 μὲν
737 4138 878 4197 οἶνον
894 4146 1281 4216 ἀποϐάλλεται,
1303 4129 1398 4203 καὶ
1417 4149 1515 4221 τὴν
1531 4129 1755 4221 ἄμπελοι

1875 4153 2006 4192 num
2046 4151 2112 4192 ac
2140 4136 2302 4192 vitem
2334 4136 2555 4205 penitus
2585 4136 2839 4201 damnat;
2880 4148 3002 4203 qum
3035 4147 3102 4188 ex
3138 4129 3355 4187 Satanae
3398 4131 3455 4187 in

188 4234 250 4288 ἐκ
275 4235 331 4289 δὲ
356 4235 453 4290 τοῦ
481 4236 919 4307 δρακοντοειδοῦς
963 4239 1141 4294 Σατᾶν
1180 4220 1494 4310 μυθολογῶν
1537 4220 1755 4310 πεφυκὲ·

1880 4230 2056 4283 forma
2085 4227 2357 4298 serpentis
2390 4234 2444 4281 et
2474 4233 2635 4281 terra:
2663 4238 2966 4295 congressu
3013 4232 3308 4292 propagata
3355 4220 3455 4276 lin-

190 4327 399 4396 ναιοτὴν
433 4331 677 4396 γυναῖκα
704 4330 997 4402 ἀριστερᾶς
1028 4330 1309 4402 δυνάμεως
1337 4332 1603 4404 ὑπάρχειν
1635 4334 1750 4404 (29)

1878 4319 1976 4389 git.
2010 4314 2295 4372 Mulierem
2341 4329 2563 4386 quoque
2600 4313 2846 4370 sinistrae
2895 4310 3118 4366 virtutis
3147 4326 3269 4367 esse
3297 4311 3453 4365 dicit.

203 4413 528 4487 Ὀνομασίας
556 4419 613 4473 δέ
637 4401 791 4484 τινας
834 4421 1134 4493 ἀρχόντων,
1169 4423 1263 4477 καὶ
1288 4401 1468 4495 βιϐλία
1488 4401 1615 4480 τινὰ

1876 4409 2191 4480 Principum
2217 4406 2483 4463 voeabula
2545 4403 2816 4476 quaedam,
2843 4410 2900 4458 et
2935 4401 3199 4474 quosdam
3232 4416 3456 4479 apocry-

189 4518 369 4574 κρυφα
398 4509 755 4580 παρεισάγει,
783 4512 855 4562 τὰ
879 4510 1040 4580 ὅμοια
1085 4511 1143 4565 δὲ
1184 4493 1306 4577 ταῖς
1346 4513 1534 4580 ἄλλαις
1571 4515 1755 4588 σαρκὸς

1878 4503 2017 4573 phos
2078 4501 2247 4557 libros
2297 4498 2534 4554 inducit.
2577 4495 2633 4551 In
2675 4501 3015 4548 mortuorum
3058 4493 3457 4549 resurrectione

188 4572 498 4652 ἀνάστασιν.
515 4572 702 4655 ἀθετεῖ
728 4572 822 4654 καὶ
852 4572 1097 4655 Παλαιὰν
1122 4572 1417 4677 Διαθήνκην.
1513 4572 1529 4580 ⁷
1644 4572 1657 4588 Ι
1751 4572 1755 4581 Ι

1882 4572 2171 4665 Veteriquc
2208 4590 2559 4648 Testamento
2593 4586 2895 4644 refellendo
2944 4601 3071 4641 cum
3112 4584 3238 4641 aliis
3287 4585 3456 4640 hatre—

1881 4686 2038 4740 sibus
2072 4683 2368 4739 consentit.

259 4769 362 4826 ﬂ".
383 4774 671 4830 Τατιανοί.
701 4775 965 4841 Τατιανὺς
990 4769 1145 4842 οὗτος
1176 4779 1473 4834 συνεϐίωσε
1514 4780 1612 4851 μὲν
1638 4781 1755 4835 Ἴου·

1951 4773 2092 4829 XIII.
2154 4772 2391 4827 Tatiani.
2449 4769 2713 4825 Tatianus
2767 4769 3003 4839 primum
3057 4782 3180 4821 cnm
3239 4774 3435 4822 sancto

188 4862 354 4934 στίνφ
368 4863 450 4932 τῷ
470 4864 728 4937 Μάρτυρι
747 4865 826 4935 τῷ
837 4866 998 4937 ἀγίῳ,
1017 4867 1153 4937 μετά
1172 4866 1229 4920 δὲ
1252 4866 1351 4940 τὴν
1375 4868 1470 4922 τοῦ
1501 4868 1755 4941 μάρτυρα

1881 4865 2104 4943 Justino
2155 4871 2397 4934 martyre
2442 4877 2507 4916 ac
2552 4860 2882 4932 philosopho
2932 4860 3085 4913 vixit.
3124 4858 3257 4913 Post
3299 4858 3463 4927 cujus

187 4953 280 5005 καὶ
291 4952 886 5025 φιλοσόφου’ἰουστίνου
900 4956 1176 5029 τελευτὴν,
1193 4958 1546 5031 προσεφθάρη
1558 4961 1669 5025 τοῖς
1681 4960 1755 5013 τοί

1885 4958 2096 5014 obitmn
2150 4955 2477 5025 contagione
2526 4954 2820 5009 Marcionis
2860 4954 3174 5022 dogmatum
3225 4951 3465 5016 amatus,

183 5047 523 5119 Μαρκίωνος
557 5047 811 5120 δόγμασι,
845 5050 1203 5122 μαθητευθεὶς
1243 5050 1320 5122 τῷ
1362 5050 1511 5122 αὑτῷ
1547 5052 1755 5122 ἐδογμάη

1885 5049 2009 5120 ejus
2035 5048 2342 5120 discipulus
2372 5048 2507 5113 fuit;
2558 5045 2625 5100 ad
2657 5060 2831 5117 eaque
2877 5062 2997 5117 qua:
3042 5060 3166 5099 eum
3213 5060 3280 5099 eo
3310 5060 3462 5098 com-

183 5153 326 5198 τισε,
360 5140 460 5193 καὶ
494 5139 655 5194 πάλιν
687 5141 849 5213 ἕτερα
876 5144 1007 5213 παρ’
1035 5145 1260 5198 ἐκεῖνον.
1298 5143 1545 5213 Ἐλέγετο
1584 5144 1640 5198 δὲ
1671 5142 1755 5199 ἀπ)

1886 5140 2129 5196 muniter
2179 5141 2378 5203 tenuit,
2436 5154 2575 5193 nova
2628 5137 2856 5208 insuper
2906 5137 3137 5193 addidit.
3190 5134 3398 5193 Ferunt
3433 5153 3469 5194 ο

184 5229 627 5301 Μεσοποταμίας
648 5233 942 5304 ὁρμᾶσθαι.

260 5387 287 5421 "
308 5387 485 5459 Deest
511 5390 780 5461 λέγουσιν.
880 5390 902 5423 ²
935 5389 1055 5445 Lib.
1084 5407 1124 5454 I,
1152 5389 1518 5446 διαϐάλλουσι.

261 5541 385 5613 (28)
419 5542 570 5614 ξΛπὸ
587 5544 655 5598 δὲ
672 5542 785 5612 τῆς
810 5545 1030 5611 Συρίας
1051 5545 1142 5607 είς
1184 5543 1438 5614 Ῥώμην,
1471 5562 1525 5598 κ.
1544 5562 1596 5599 τ.
1618 5544 1668 5599 λ.
1703 5543 1779 5599 De

190 5610 295 5685 hac
328 5610 393 5667 re
418 5611 643 5682 legenda
668 5610 790 5685 quae
816 5610 1106 5685 exii-cnseo
1134 5610 1588 5669 habet'Eusebius
1612 5614 1682 5670 ll.
1708 5614 1775 5668 E.

191 5679 288 5744 lib.
327 5699 405 5743 ιν,
436 5679 708 5750 capitibus
738 5685 805 5738 10
831 5693 885 5739 et
917 5684 1002 5738 Η.

266 5750 387 5829 (29)
436 5750 557 5820 Τὴν
601 5756 854 5825 γεω-αἴκα
900 5751 1217 5824 ἀριστερᾶς
1258 5754 1562 5823 δυνάμεως
1590 5752 1760 5822 ὑπάρυ

1888 5232 2278 5307 Μοεοροιιιιιιίο
2308 5234 2600 5290 oriundum
2638 5233 2786 5288 hunc
2812 5232 3004 5290 fuisse.

1618 5390 1638 5420 ³
1666 5388 1795 5446 For.
1831 5389 2234 5461 διαδεξαμένου.
2319 5389 2340 5420 ⁵
2367 5388 2499 5443 Cor.
2541 5385 2779 5456 Ὑγίνου.

1925 5561 2035 5606 ειν,
2070 5543 2175 5598 hoc
2198 5551 2304 5606 est,
2336 5540 2553 5597 Satanai
2577 5555 2718 5606 opus
2746 5554 2890 5605 esse,
2911 5540 3178 5606 υιιίἰνευτιρ
3210 5536 3299 5606 ait;
3320 5536 3459 5589 idem

1907 5604 2222 5686 Epiphanius
2255 5604 2528 5686 haereseos
2562 5604 2633 5668 45
2691 5628 2840 5686 nunt.
2886 5605 3240 5686 ELG’ddxnuat
3281 5604 3338 5656 δι
3370 5608 3473 5681 καί

1885 5679 2244 5757 τῆν’γυναῖκα
2271 5679 2410 5738 εἶναι
2441 5682 2602 5753 ἔργον
2626 5681 2720 5736 τοῦ
2749 5681 2982 5733 Σατανᾶ.
