3958 6414
247 331 359 385 869

1581 322 2245 382 ANACEPIIALIEOSIS.

3424 335 3529 389 570

246 443 353 511 ¹*ἧς
382 442 662 511 Αἰγύπτου
690 441 958 514 ἐξηγητοῦ
982 457 1145 506 τινος.
1172 442 1373 513 σαρκὸς
1391 443 1688 498 ἀνάστασιν
1717 445 1843 499 ἀθε-

1966 453 2098 501 :tore
2117 449 2354 517 quodam
2377 445 2720 523 Leontopoli,
2739 464 2884 520 quod
2902 448 3118 520 Atigypti
3147 448 3405 518 oppidum
3421 459 3529 516 est,

249 533 501 597 τοῦντες,
536 533 809 605 χρώμενοι
830 533 888 586 δὲ
917 533 1131 604 Παλαιᾷ
1151 534 1246 587 καὶ
1273 534 1390 606 Νέᾳ
1417 535 1845 607 Διαθήκῃ,ἀπα-

251 622 572 695 τορεύοντες
623 623 680 676 δὲ
716 622 896 693 γάμον
940 621 1242 686 παντελῶς,
1291 622 1622 693 μονάζοντας
1665 623 1721 676 δὲ
1749 626 1844 677 καὶ

247 712 558 785 παρθένους
605 712 701 766 καὶ
743 711 1247 784 ἐγκρατευομένους
1294 711 1575 783 δεχόμενοι
1613 713 1709 767 καὶ
1742 714 1842 784 χή-

244 822 406 876 ρους,
436 803 687 874 λέγοντες
723 803 794 858 τὰ
819 803 1048 876 μηδέπω
1086 804 1145 856 ἐν
1175 802 1366 876 ἡλικίᾳ.
1397 803 1669 874 γενόμενα
1715 821 1839 858 παι·

246 893 340 948 δία
362 895 381 926 ί
419 895 697 967 βασιλείας
734 895 795 949 δὲ
824 895 903 967 μὴ
931 894 1179 967 μετέχειν
1203 893 1390 965 ἔλεγον
1422 895 1548 959 τοὺς
1580 895 1658 968 μὴ
1689 894 1847 965 ἀθλή-

248 1001 479 1050 σαντας.

325 1078 400 1132 Δ’.
435 1076 785 1148 Μελητιανοὶ,
812 1079 863 1130 οί
894 1079 955 1131 ὲν
982 1075 1248 1149 Αἰγύπτῳ
1281 1077 1491 1149 σχίσμα
1526 1077 1702 1140 ὄντες,
1729 1076 1846 1131 ἀλλ’

242 1164 355 1235 οὐχ
387 1167 619 1236 αἵρεσις,
649 1168 724 1239 μὴ
750 1166 1139 1240 συνευξάμενοι
1170 1168 1282 1240 (44)
1301 1171 1416 1233 τοῖς
1437 1171 1496 1223 ὲν
1522 1168 1600 1240 τῷ
1621 1166 1847 1240 διωγμῷ

248 1258 745 1328 παραπεπτωκόσι,
769 1258 866 1312 νῦν
889 1259 947 1313 δὲ
994 1260 1292 1330 Ἀρειανοίς
1317 1259 1703 1331 συναφθέντες.

324 1430 402 1483 E'.
446 1429 789 1502 'Apetavoiml
810 1432 903 1484 καὶ
933 1430 1360 1502 ’Δρειομανῖται,
1387 1431 1437 1484 oi
1461 1432 1553 1484 τὸν
1584 1429 1715 1484 Υίὸν
1747 1427 1845 1485 τοῦ

242 1520 391 1574 Θεοῦ
422 1521 630 1591 κτίσμα
660 1522 933 1590 λέγοντες,
970 1523 1065 1576 καὶ
1096 1523 1159 1577 τὸ
1187 1521 1414 1593 Πνεῦμα
1442 1522 1504 1576 τὸ
1535 1522 1691 1591 ἅγιον
1724 1520 1845 1576 κτί-

246 1629 371 1682 σμα
422 1613 744 1683 κτίσματος.
793 1614 986 1686 Σὰρκα
1033 1614 1196 1685 μόνον
1228 1613 1321 1667 τὸν
1350 1613 1581 1685 Σωτῆρα
1612 1611 1849 1683 Χριστὸν

245 1704 367 1758 ἀπὸ
383 1705 604 1777 Μαρίας
625 1707 906 1779 εἰληφέναι
934 1706 1408 1778 διαϐεϐαιούμενοι
1441 1707 1536 1760 καὶ
1563 1706 1626 1759 οὐ
1641 1704 1843 1776 ψυχήν.

1945 538 2198 592 oriundo.
2234 537 2339 605 Qui
2372 541 2831 597 resurrectionem
2867 541 3052 598 carnis
3084 543 3315 611 respuit.
3353 538 3530 595 Utun-

1957 636 2046 682 tur
2076 629 2151 683 illi
2179 625 2362 685 Veteri
2394 642 2459 683 ac
2489 627 2640 683 Novo
2665 629 3036 687 Testamento.
3070 629 3288 701 Nuptiis
3312 629 3530 700 penitus

1945 718 2304 776 interdicunt.
2337 719 2633 775 Monachus
2654 728 2709 776 et
2734 722 2976 795 virgines
2999 728 3054 778 et
3086 721 3433 778 continentes
3465 733 3530 774 ac

1948 809 2144 867 viduos
2193 811 2527 875 admittunt;
2576 827 2778 882 pueros
2827 821 3040 867 matura
3081 813 3323 868 nondum
3371 819 3533 867 aetate

1946 901 2099 972 regni
2125 902 2368 957 celestis
2392 902 2685 973 participes
2709 918 2832 959 esse
2858 912 3077 974 negant,
3102 903 3251 975 quod
3284 904 3529 957 nondum

1945 991 2247 1048 certamine
2280 992 2551 1063 perfuncti
2587 1002 2740 1050 sunt.

2016 1081 2110 1138 1V.
2149 1083 2442 1151 Meletiani,
2471 1083 2784 1140 schismatis
2808 1084 2863 1138 in
2897 1082 3135 1156 Egypto
3164 1099 3271 1139 non
3308 1085 3534 1141 haeresis

1947 1174 2129 1229 locum
2160 1165 2432 1229 obtinent.
2469 1175 2571 1241 Qui
2599 1190 2724 1230 cum
2757 1176 2866 1230 illis
2895 1191 3119 1246 precum
3143 1175 3533 1231 communione

1958 1266 2218 1336 conjungi
2253 1266 2567 1327 noluerunt,
2595 1267 2687 1336 qui
2725 1267 2777 1320 in
2812 1267 3196 1336 persecutione
3218 1265 3356 1335 lapsi
3383 1273 3533 1329 sunt,

1949 1371 2099 1411 nunc
2121 1372 2181 1412 se
2210 1355 2276 1410 ad
2304 1358 2535 1411 Arianos
2554 1364 2939 1428 aggregarunt.

2014 1446 2103 1511 ν.
2143 1447 2477 1513 Ariani,sive
2505 1447 2859 1502 Ariomanitte
2885 1446 2978 1501 Dei
3002 1445 3199 1502 Filium
3227 1455 3535 1501 creaturam

1950 1554 2076 1595 esse
2108 1539 2322 1603 dicunt,
2366 1537 2631 1608 Spiritum
2668 1554 2800 1594 vero
2837 1546 3087 1595 sanctum
3118 1548 3385 1594 creatum
3413 1553 3537 1594 esse

1954 1636 2287 1695 creaturam,
2320 1627 2657 1685 Salvatorem
2684 1639 2933 1686 nostrum
2961 1645 3182 1684 carnem
3212 1630 3479 1684 duntaxat
3502 1643 3536 1683 a

1954 1718 2146 1788 Maria,
2169 1733 2278 1774 non
2314 1720 2549 1774 animam
2586 1722 2864 1791 accepisse
2893 1720 3242 1775 confirmant.
3275 1718 3401 1776 Fuit
3447 1719 3538 1775 hic

246 1790 364 1849 Ἦν
409 1796 468 1850 δὲ
520 1787 675 1861 οὗτος
714 1800 744 1852 ὁ
776 1798 996 1869 ΙἌρειος
1027 1797 1399 1869 πρεσϐύτερος
1441 1798 1543 1869 τῆς
1593 1797 1845 1864 Ἀλεξαν-

1966 1811 2117 1866 Arius
2134 1787 2397 1867 Ecclesia:
2428 1787 2810 1866 Alexandri-nae
2838 1813 3148 1883 presbyter.

243 1887 426 1959 δρέων
463 1888 663 1961 Ἐκκλη
671 1891 814 1954 σίας.

320 1978 475 2050 Αὕτη
508 1982 544 2052 ἡ
589 1981 684 2035 τοῦ
733 1982 992 2056 δευτέρου
1017 1982 1226 2054 βιϐλίου
1270 1981 1364 2035 τοῦ
1395 1980 1649 2054 δευτέρου
1677 1980 1844 2052 τόμου

246 2071 509 2143 πέμπτου
538 2073 596 2131 δὲ
637 2076 899 2147 ἀπαρχῆς
941 2077 1044 2147 τῆς
1079 2075 1406 2139 ἀκολουθίας
1442 2076 1620 2139 ὄντος,
1656 2074 1848 2128 ἀνακε-

244 2164 558 2233 φαλαίωσις
575 2166 844 2236 αἱρέσεων
879 2168 1065 2223 πέντε.

2016 1980 2146 2036 llaec
2181 1988 2266 2036 est
2311 1981 2555 2052 quinque
2584 1981 2868 2037 haereseon
2903 1997 3140 2047 suinina,
3179 1997 3302 2053 quae
3340 1982 3394 2037 in
3431 1983 3536 2037 hoc

1948 2087 1986 2128 ιι
2022 2081 2175 2127 tonio
2213 2072 2339 2127 libri
2372 2088 2433 2137 ιι,
2470 2075 2587 2129 sive
2614 2074 2811 2130 ordine
2838 2091 2871 2127 ν
2908 2075 3287 2130 continentur.

1373 2261 1761 2323 HZERESES
1796 2253 2002 2320 TOMI
2036 2252 2061 2313 Ι
2094 2250 2309 2313 LIBRI
2340 2250 2453 2313 Ill.

337 2384 428 2439 Ἐν
451 2384 509 2439 δὲ
542 2385 622 2456 τῷ
659 2384 862 2456 πρώτῳ
897 2385 1050 2458 τόμιρ
1085 2383 1181 2440 τοῦ
1210 2385 1394 2457 τρίτου
1434 2383 1664 2455 βιϐλίου,
1698 2380 1844 2452 ἕκτῳ

247 2476 311 2531 δὲ
341 2475 456 2529 όντι
479 2476 600 2530 καθ’
621 2476 679 2529 ὃν
703 2477 1042 2549 προείπομεν
1072 2477 1330 2550 ἀριθμὸν,
1364 2476 1510 2531 ὲπτὰ
1535 2477 1671 2530 εἰσιν
1700 2472 1847 2546 αἱρέ-

249 2582 373 2631 σεις
406 2566 504 2619 σὺν
534 2568 650 2630 τοῖς
686 2566 1001 2638 σχίσμασιν,
1033 2566 1204 2632 οὓτως
1230 2584 1245 2599 ⁸

317 2659 401 2712 A'.
428 2658 702 2722 Αὑδιανοὶ,
750 2658 1098 2729 ἀφηνιασμὸς
1144 2659 1241 2713 καὶ
1278 2659 1506 2731 σχίσμα,
1536 2658 1599 2712 οὐ
1626 2657 1728 2729 μέν
1760 2673 1844 2710 τοι

246 2748 487 2820 αἵρεσις.
520 2742 680 2803 Οὗτοι
720 2750 819 2821 μὲν
846 2750 1123 2822 διαγωγὴν
1151 2750 1245 2804 καὶ
1278 2750 1390 2821 βίον
1418 2745 1478 2804 εὖ
1510 2748 1846 2820 τεταγμένον

250 2842 572 2912 κέκτηνται.
635 2841 758 2894 Elui.
794 2840 854 2895 δὲ
900 2841 1044 2895 κατὰ
1084 2840 1262 2895 πάντα
1290 2842 1389 2913 τὴν
1417 2840 1601 2895 πίστιν
1629 2838 1847 2910 ἔχοντες

248 2936 332 2999 ὡς
375 2937 411 3007 ἡ
467 2934 729 3005 καθολικὴ
782 2934 1115 3005 Ἐκκλησία,
1171 2935 1559 3006 μοναστηρίοις
1599 2934 1623 2965 ¹
1670 2933 1729 2987 δὲ
1793 2933 1844 2987 οί

251 3026 474 3090 πλείους
530 3025 868 3081 κατοικοῦσι.
914 3026 1229 3097 Κέχρηνται
1265 3026 1322 3081 δὲ
1356 3027 1451 3080 καὶ
1502 3023 1846 3098 ἀποκρύφοις
1873 3038 1919 3101 c

251 3117 474 3180 πολλοῖς
497 3115 839 3188 κατακόρως.
882 3116 956 3170 (hi
995 3116 1346 3187 συνεύχονται
1375 3115 1432 3169 δὲ
1469 3116 1621 3187 ἡμῖν,
1653 3115 1848 3185 ψέγον-

248 3226 351 3272 τες
373 3208 499 3272 τοὺς
529 3208 660 3279 παρ’
685 3209 818 3279 ἡμῖν
841 3207 1201 3276 ἐπισκόπους,
1217 3206 1503 3272 πλουσίους
1530 3206 1847 3271 καλοῦντες,

249 3296 354 3349 καὶ
373 3295 585 3358 ἄλλους.
622 3294 917 3349 Ποιοῦσιδὲ
946 3295 1042 3350 καὶ
1083 3295 1146 3350 τὸ
1167 3296 1361 3367 Πάσχα
1392 3295 1722 3361 ἰδιαζόντως,
1758 3296 1847 3350 ὅτε

263 3384 510 3439 Ἰουδαῖοι
534 3384 804 3442 ποιοῦσιν.
837 3385 1063 3456 Ἔχουσι
1095 3385 1152 3440 δὲ
1195 3385 1463 3440 ἰδιωτικόν
1488 3403 1541 3439 τι
1575 3386 1670 3439 καὶ
1698 3385 1848 3455 φιλό-

248 3492 458 3543 νεικον,
493 3474 768 3549 ξηρότατα
797 3475 860 3529 τὸ
894 3477 1023 3531 κατ’
1050 3478 1255 3531 εἰκόνα
1286 3476 1681 3549 ἑρμηνεύοντες
1708 3477 1844 3547 (45).

328 3743 409 3800 B'.
457 3744 861 3798 Φωτεινιανοί³.
886 3737 1056 3809 Οὗτος
1101 3744 1133 3797 ὁ
1165 3745 1430 3809 Φωτεινὸς
1464 3744 1573 3799 ἀπὸ
1617 3744 1847 3818 Σιρμίου

253 3835 547 3908 ὑπάρχων,
568 3836 650 3891 ἔτι
686 3836 784 3890 καὶ
814 3835 972 3909 δεῦρο
1009 3835 1235 3908 περιὼν,
1268 3835 1338 3890 τὰ
1362 3837 1524 3907 ὃμοια
1550 3837 1746 3909 Παύλῳ
1771 3837 1851 3908 τῷ

253 3928 572 3998 Σαμοσατεῖ
607 3927 898 3998 ἐφρόνησε.
934 3928 1047 3981 Καὶ
1073 3927 1234 3991 αὐτὸς
1258 3925 1314 3981 δὲ
1355 3928 1465 3981 ἀπὸ
1501 3928 1721 4000 Μαρίας
1756 3928 1848 3982 καὶ

250 4018 422 4091 δεῦρο
440 4019 532 4071 τὸν
551 4018 786 4090 Χριστὸν
809 4016 1243 4074 διαϐεϐαιοῦται.

334 4194 410 4248 I".
454 4195 883 4266 Μαρκελλιανοὶ,
935 4195 1045 4249 ἀπὸ
1097 4196 1425 4269 Μαρκέλλου
1454 4197 1567 4268 (46)
1606 4197 1702 4251 τοῦ
1741 4199 1852 4253 ἀπὸ

266 4287 550 4357 Ἀγκύρας
571 4287 673 4359 τῆς
698 4287 986 4352 Γαλατίας.
1011 4279 1182 4350 Οὗτος
1214 4290 1273 4341 ὲν
1306 4289 1449 4360 ἀρχῇ
1491 4290 1850 4361 παραπλήσια

2015 2373 2084 2426 At
2112 2372 2167 2426 in
2203 2370 2386 2442 priore
2419 2377 2568 2425 tonio
2595 2369 2719 2424 libri
2759 2370 2925 2435 tertii,
2962 2369 3079 2424 sive
3107 2370 3299 2425 ordine
3336 2379 3515 2438 sexto,

1953 2462 2255 2517 secundum
2288 2460 2600 2514 institutum
2633 2475 2663 2512 a
2695 2460 2851 2514 nobis
2881 2461 3152 2522 ordinem,
3179 2469 3387 2530 septem
3415 2462 3533 2515 lia:-

1954 2568 2107 2609 reses
2136 2552 2490 2608 continentur
2516 2567 2640 2607 cum
2670 2552 3065 2607 schismatibus
3091 2571 3105 2607 :

2018 2644 2060 2702 l.
2103 2644 2473 2699 Audianorum
2517 2642 2735 2714 proprie
2776 2643 3016 2699 schisma
3052 2657 3114 2697 ac
3138 2645 3393 2713 defectio,
3424 2658 3534 2697 non

1948 2734 2194 2792 haeresis.
2247 2732 2454 2788 Horum
2506 2732 2643 2787 bene
2664 2734 2915 2787 instituta
2950 2733 3164 2789 vivendi
3207 2734 3351 2787 ratio
3399 2740 3525 2789 est:

1946 2823 2043 2880 sed
2087 2840 2261 2896 neque
2300 2824 2447 2895 quod
2492 2822 2561 2878 ad
2601 2822 2762 2878 fidem
2792 2823 3017 2888 attinet,
3054 2824 3122 2878 ab
3161 2821 3408 2878 Ecclesia
3437 2837 3531 2877 ca-

1946 2916 2150 2971 tholica
2199 2915 2555 2972 dissentiunt.
2613 2915 2872 2971 Habitant
2919 2914 3113 2985 majori
3167 2929 3234 2969 ex
3271 2921 3424 2984 parte
3480 2913 3538 2967 in

1947 3008 2317 3065 monasteriis.
2368 3007 2561 3080 Magna
2598 3015 2684 3064 est
2731 3006 2874 3077 apud
2922 3008 3045 3063 illos
3095 3008 3532 3078 apocrypliorum

1950 3099 2214 3154 librorum
2239 3100 2415 3170 cepia.
2443 3099 2776 3156 Communes
2798 3099 3085 3155 nobiscum
3114 3098 3394 3153 orationes
3418 3111 3531 3153 non

1949 3190 2174 3256 habent,
2212 3192 2589 3262 vituperantes
2635 3191 2927 3261 episcopos
2972 3201 3191 3244 nostros
3221 3189 3536 3259 divitesque

1949 3282 2309 3353 appellantes,
2345 3291 2399 3338 et
2428 3283 2585 3337 alios.
2617 3281 2760 3348 Quin
2819 3282 2983 3336 etiam
3022 3279 3231 3335 Pascha
3280 3280 3539 3350 privatim

1948 3375 2142 3430 eodem
2183 3390 2293 3446 quo
2330 3373 2502 3430 Judaei
2540 3382 2787 3444 tempore
2821 3373 3119 3427 celebrant.
3158 3371 3256 3426 Est
3291 3379 3348 3426 et
3374 3370 3538 3440 quid-

1949 3462 2075 3517 dam
2117 3465 2396 3534 peculiare
2429 3464 2586 3534 ipsis,
2618 3462 2766 3534 quod
2810 3461 3112 3518 defendunt
3151 3476 3364 3516 summa
3395 3475 3536 3515 con-

1949 3557 2194 3612 tentione
2217 3575 2233 3612 :
2259 3558 2464 3628 quippe
2491 3555 2624 3611 illud
2666 3553 2813 3624 quod
2847 3555 3111 3627 scriptum
3141 3564 3227 3609 est
3253 3553 3323 3605 ad
3350 3554 3537 3624 imagi-

1949 3664 2089 3714 nem,
2117 3649 2313 3706 durius
2340 3650 2795 3720 interpretantur.

2021 3739 2085 3795 ll.
2128 3740 2461 3797 Photiniani.
2495 3741 2765 3797 Photinus
2795 3741 2899 3797 iste
2939 3737 3144 3795 Sirmio
3172 3737 3443 3793 oriundus
3472 3737 3541 3791 ad

1949 3832 2281 3889 hodiernum
2325 3850 2500 3906 usque
2539 3843 2757 3906 tempus
2807 3841 3116 3906 supererat.
3166 3833 3271 3901 Qui
3317 3833 3540 3904 quidem

1950 3925 2263 3980 consimilia
2296 3924 2467 3981 Paulo
2494 3925 2856 3985 Samosateno
2877 3928 3045 3984 sentit
3073 3947 3087 3984 :
3113 3928 3380 3985 nonnulla
3411 3938 3542 3984 sunt

1950 4023 2136 4072 tamen
2175 4017 2230 4072 in
2274 4018 2476 4088 quibus
2502 4018 2573 4074 ab
2602 4019 2792 4075 eodem
2827 4020 3080 4076 dissidet.
3114 4020 3259 4075 ldem
3305 4036 3336 4077 e
3374 4020 3541 4076 Maria

1950 4106 2232 4161 Christum
2264 4107 2482 4163 initium
2510 4108 2733 4178 penitus
2761 4109 3043 4180 accepisse
3072 4117 3242 4179 putat.

2025 4197 2069 4265 ι
2081 4196 2234 4266 131
2255 4195 2342 4250 lll.
2358 4197 2712 4253 Marcelliani.
2733 4197 2937 4253 Horum
2952 4198 3238 4253 Marcellus
3252 4204 3543 4253 auctore!-

1952 4288 2110 4347 stitit,
2127 4288 2356 4360 Ancyra:
2372 4289 2427 4343 in
2446 4285 2656 4343 Galatia
2673 4290 2981 4363 episcopus.
2999 4288 3101 4357 Qui
3124 4305 3246 4343 cum
3266 4290 3423 4344 initio
3442 4305 3543 4360 pro

253 4377 541 4448 Σαϐελλίῳ
585 4378 883 4451 φρονήσας,
919 4376 1274 4449 διεφημίσθη.
1319 4378 1415 4441 Ei;
1462 4378 1760 4447 ἀπολογίας
1797 4379 1849 4434 δὲ

1966 4380 2272 4437 Sabelliano
2298 4380 2576 4446 communi
2609 4381 2752 4437 fama
2781 4382 3072 4441 traductus
3096 4391 3267 4448 esset,
3291 4376 3551 4447 sedseip-

333 4537 352 4566 ¹
382 4536 690 4607 Corruptus
718 4536 895 4591 locus.
969 4536 991 4567 ⁸
1015 4534 1144 4589 Cor.
1175 4534 1531 4607 μοναστήρια.
1600 4534 1622 4567 ³
1648 4537 1849 4606 multm

1966 4537 2022 4591 Ιοί
2056 4547 2112 4594 et
2135 4536 2358 4603 Φώτιος.

339 4649 454 4720 (44)
481 4649 578 4719 Μὴ
600 4648 1062 4723 συνευξάμενοι.
1087 4659 1195 4705 etc.
1226 4650 1496 4723 Meletium
1528 4649 1582 4704 in
1616 4648 1854 4723 {Egypto

259 4724 586 4793 episcopum
617 4736 647 4773 a
679 4720 840 4793 Petro
874 4722 1245 4793 Alexandrino
1286 4722 1581 4793 schismate
1614 4720 1849 4778 factost:

262 4791 598 4862 sejunxisse,
623 4792 966 4862 quodlapsos
982 4792 1035 4845 in
1062 4793 1438 4862 persecutione
1467 4791 1708 4862 recipere
1727 4806 1851 4846 cum

265 4859 690 4932 illoirenuisset,
726 4860 813 4932 hic
837 4859 1075 4926 indicat,
1102 4863 1350 4932 pluribus
1378 4864 1429 4914 in
1462 4859 1700 4915 Penuria
1728 4878 1855 4916 nar-

266 4942 358 4988 rat
382 4931 738 5001 Epiphanius.
765 4929 921 4997 Quod
947 4939 1006 4984 ut
1031 4929 1216 4987 minus
1243 4947 1428 4987 verum
1455 4945 1485 4984 a
1513 4932 1646 4985 viris
1675 4933 1853 4987 doctis

266 5003 543 5069 rejicitur,
573 5012 689 5056 tum
715 5002 787 5055 ob
804 5001 872 5072 ,S.
903 5003 1187 5056 Athanasii
1216 5004 1268 5056 in
1298 5002 1556 5072 Apologia
1590 5016 1627 5055 ιι
1658 5011 1853 5072 aucto-

266 5073 647 5142 riiatem,iubi
696 5071 1013 5142 schismatis
1066 5072 1214 5128 illius
1272 5071 1542 5142 originem
1583 5071 1749 5127 refert
1783 5073 1851 5127 ad

265 5141 687 5212 odiumhielctii
715 5142 768 5212 i_n
798 5140 1023 5212 Petrum
1054 5140 1506 5206 Alexamlrinum,
1545 5159 1573 5194 a
1607 5158 1715 5212 quo
1744 5144 1855 5212 epi-

261 5211 479 5281 scopali
512 5212 681 5284 gradu
724 5210 902 5266 fuerat
932 5211 1179 5282 deiectus
1220 5215 1290 5269 ob
1325 5210 1667 5269 intolerabile
1717 5210 1851 5268 faci-

268 5299 381 5339 nus
412 5296 442 5334 a
481 5299 541 5338 se
573 5284 874 5337 admissum
902 5301 919 5348 ;
957 5284 1339 5354 persecutione
1366 5284 1509 5339 enim
1540 5296 1854 5352 superatus.

264 5355 566 5424 cpiscopus
597 5354 740 5424 licet,
774 5354 934 5409 idolis
960 5355 1365 5410 sacrificaverat
1392 5373 1407 5409 :
1439 5362 1552 5407 tum
1590 5354 1754 5424 etiam
1787 5356 1858 5408 ob

267 5422 566 5479 nianil’ésta
601 5423 857 5479 falsitatis
890 5424 1092 5478 indicia
1125 5440 1248 5493 quae
1273 5432 1574 5480 occurrunt
1607 5423 1662 5477 in
1692 5422 1857 5480 Mele-

269 5494 410 5548 tlani
451 5494 767 5549 schismatis
783 5495 953 5557 Actis,
981 5509 1045 5548 ex
1077 5494 1277 5564 quibus
1297 5510 1452 5550 suam
1485 5493 1633 5548 illam
1666 5510 1858 5549 narra-

267 5566 481 5619 tionem
520 5565 899 5633 desumpserat
949 5563 1304 5634 Epiphanius.
1340 5565 1510 5619 Porro
1544 5565 1644 5618 hac
1697 5567 1748 5619 in
1802 5582 1858 5621 re

265 5648 493 5688 omnem
542 5650 665 5690 esse
695 5636 996 5689 Athanasio
1030 5636 1392 5690 adhibendam
1432 5635 1590 5689 fidem
1622 5637 1859 5690 clamant

271 5711 442 5758 rectae
482 5706 710 5759 rationis
739 5705 886 5774 leges
922 5721 1131 5761 omnes.
1171 5704 1303 5761 Vide
1332 5706 1623 5763 Baronium
1665 5709 1733 5759 ad
1762 5722 1858 5761 an-

273 5790 415 5829 num
446 5775 570 5839 506,
606 5786 657 5830 et
684 5791 836 5830 num.
868 5776 957 5841 44,
983 5785 1034 5830 et
1066 5777 1186 5832 aliis
1218 5777 1344 5832 inde
1370 5775 1747 5847 sequentibus.

2033 4652 2145 4723 (45)
2175 4652 2482 4720 Ξηρότατα
2532 4653 2600 4708 τὸ
2652 4654 2780 4709 κατ’
2821 4655 3026 4709 εἰκόνα
3087 4653 3541 4723 ἑρμηνεύοντες,

1959 4721 2251 4794 referendo
2280 4723 2536 4777 nimirum
2580 4723 2647 4778 ad
2678 4724 2917 4780 hominis
2954 4721 3159 4794 corpus
3201 4721 3333 4776 illud
3364 4721 3543 4794 Gene—

1962 4808 2110 4864 seos,
2140 4791 2431 4846 Faciamus
2474 4793 2735 4864 hominem
2764 4796 2834 4849 ad
2864 4791 3150 4864 imaginem
3206 4804 3256 4864 et
3285 4792 3541 4846 similitu-

1959 4862 2134 4916 dinem
2182 4873 2419 4917 noxtram
2451 4863 2604 4933 (Gen.
2645 4881 2686 4932 ι,
2718 4865 2833 4936 26).
2876 4862 3151 4921 νίιιυιιιιιιε
3204 4862 3541 4935 Epiphanius

1962 4931 2016 4986 iu
2044 4932 2304 4986 Panario.

1962 4947 2016 4987 Ill
2044 4947 2304 4988 Panarw.

2034 5004 2148 5075 (46)
2195 5003 2338 5075 Ἀπῤ
2367 5003 2748 5075 Μαρκέλλου.
2784 5003 3075 5063 Marcellus
3108 5004 3202 5075 ille
3227 5002 3280 5060 in
3311 5002 3545 5075 historia

1961 5071 2222 5146 Ecclesiae
2253 5071 2508 5146 celebris,
2557 5076 2626 5146 de
2659 5075 2820 5145 cujus
2860 5082 3009 5131 recta
3044 5074 3308 5146 religione
3344 5074 3547 5131 dubius

1962 5144 2051 5214 hic
2090 5145 2259 5201 haeret
2302 5142 2661 5213 Epiphanius,
2691 5142 2977 5214 postquam
3010 5160 3118 5200 non
3152 5142 3311 5201 'satis
3358 5152 3545 5200 cei-tus

1959 5213 2028 5267 de
2049 5216 2237 5271 eadem
2266 5229 2326 5268 se
2357 5213 2767 5271 exliibuerat’in
2814 5213 3052 5271 Panario
3076 5231 3095 5270 :
3124 5215 3433 5280 Marcellus,
3461 5216 3548 5271 ἰιιι

1961 5301 2150 5354 quam,
2196 5284 2286 5340 ille
2328 5284 2543 5356 violata:
2575 5302 2748 5342 sacra:
2770 5286 3038 5343 doctrina:
3082 5288 3136 5341 in
3178 5285 3543 5356 suspicionem

1960 5358 2209 5425 pluribus
2245 5355 2392 5425 venit
2439 5355 2511 5411 ob
2539 5371 2601 5410 ea
2646 5372 2769 5425 qua:
2816 5356 3039 5425 scripsit
3074 5354 3353 5425 adversus
3389 5354 3545 5408 make

1958 5424 2159 5482 indolis
2216 5424 2510 5489 hominem,
2565 5424 2842 5483 Asterium
2909 5424 3084 5494 patria
3142 5424 3542 5494 Cappadocem,

1960 5496 2667 5576 prolessione.Sophistam,
2715 5514 2780 5552 cx
2822 5494 3109 5576 idoiolatra
3144 5494 3539 5576 Silii-istianuiu,

1961 5563 2014 5619 in
2049 5563 2431 5637 persecutione
2461 5565 2672 5636 lapsum
2696 5578 2750 5624 et
2776 5565 3360 5637 apostatam,de_nique
3387 5563 3514 5637 Aria

1965 5633 2130 5702 uuin;
2163 5636 2257 5707 qui
2292 5633 2668 5707 adversarium
2697 5633 2855 5695 suum
2891 5651 2986 5693 seu
3025 5634 3245 5691 Sabellii
3276 5633 3544 5690 asseclam

1966 5704 2536 5776 scripto—traduxerat.
