3958 6400
547 291 642 348 871

546 438 668 477 sum
686 424 848 478 etiam
864 423 1450 496 scriptosa-penumero
1465 423 1767 490 nitrgasset.
1783 429 1808 466 a
1844 414 2117 482 plerisque

540 523 726 568 tamen
773 512 1040 566 creditura
1087 519 1174 564 est
1220 510 1287 562 ad
1336 507 1556 562 easdem
1604 506 1781 576 ipsum
1828 504 2112 572 opiniones

533 605 927 658 adhaerescere.
959 599 1100 656 Fieri
1131 608 1312 669 potest
1345 606 1405 652 ut
1448 597 1528 652 vel
1579 597 1697 666 ipse
1736 603 1943 649 mutata
1987 610 2116 650 sen-

533 699 701 748 tentia
743 693 1025 748 meliorem
1057 692 1126 746 ad
1170 699 1409 747 mentem
1461 704 1584 746 sese
1627 690 1988 750 revocaverit,
2031 687 2115 742 vei

529 787 649 852 ejus
677 784 931 854 discipuli
960 801 974 838 :
1004 799 1128 837 nam
1161 797 1260 852 pro
1292 782 1386 836 illo
1429 781 1661 851 ejusque
1712 779 2001 849 discipulis
2031 793 2116 832 oro

530 875 753 929 tbodoxi
793 873 1020 944 quidam
1057 888 1179 927 sese
1211 871 1531 926 defensores
1568 871 2040 939 interposuerunt.

601 964 691 1019 IV.
735 962 1378 1026 Semiariani,Christum
1408 961 1485 1015 illi
1517 971 1825 1016 creaturam
1885 976 2008 1016 esse
2036 959 2118 1014 di-

528 1063 682 1118 cunt,
715 1055 810 1110 sed
835 1051 1146 1110 cavillando
1177 1062 1357 1108 tamen
1387 1063 1586 1123 negant
1608 1064 1929 1107 eaatcrarnm
1957 1067 2117 1106 crea-

532 1157 782 1200 turarum
823 1160 948 1201 esse
969 1144 1201 1199 similem
1231 1162 1244 1196 :
1269 1144 1364 1198 sed
1391 1142 1611 1206 Filium,
1647 1143 1920 1213 inquiunt,
1962 1143 2116 1197 illum

527 1236 798 1295 dicimus;
839 1249 1026 1288 verum
1061 1249 1128 1287 ne
1157 1249 1222 1286 ex
1253 1235 1605 1304 generatione
1633 1233 1750 1303 ipsa
1783 1233 1891 1287 ulla
1926 1233 1979 1287 in
2014 1231 2117 1286 Pa-

529 1335 668 1382 trem
711 1327 925 1381 aﬂ'ectio
966 1327 1276 1387 derivetur.
1313 1325 1565 1380 eumdem
1611 1334 1860 1379 creatum
1891 1325 2119 1379 confite-

531 1433 674 1473 mur.
707 1417 872 1471 lidem
899 1428 954 1471 et
979 1415 1243 1487 Spiritum
1270 1425 1522 1473 sanctum
1549 1431 1778 1470 onmmo
1809 1424 2117 1470 creaturam

527 1525 652 1564 esse
683 1509 972 1562 definiunt.
1015 1509 1262 1580 Cumque
1306 1509 1618 1580 ὁμοούσιον,
1670 1509 1722 1562 id
1768 1519 1851 1564 cst
1886 1509 2114 1562 consub-

527 1598 835 1653 stantialem
893 1613 924 1650 a
967 1597 1109 1652 Filio
1163 1599 1476 1669 repudient,
1521 1597 1853 1668 όμοιούσιον,
1901 1597 2006 1652 hoc
2035 1607 2119 1653 est

527 1689 826 1743 substantia
863 1689 1089 1742 similem
1129 1690 1444 1744 admittunt.
1481 1689 1640 1756 Quod
1697 1691 1878 1759 ipsum
1935 1697 2117 1744 tamen

527 1779 840 1850 ὁμοιούσιον
875 1779 1100 1848 quidam
1138 1796 1202 1841 ex
1239 1780 1346 1836 illis
1378 1789 1668 1851 respuunt.

599 1870 666 1925 γ.
709 1869 1214 1926 Pneumatomaebi.
1273 1871 1348 1926 De
1395 1871 1615 1926 Christo
1670 1871 1760 1926 isti
1823 1885 1933 1925 non
1981 1870 2123 1925 male

531 1965 800 2027 sentiunt,
836 1963 932 2019 sed
969 1965 1024 2018 in
1055 1962 1318 2034 Spiritum
1359 1971 1612 2019 sanctum
1657 1964 2020 2019 contumelias
2045 1963 2126 2033 ja-

530 2054 708 2116 ciunt,
745 2069 870 2108 cum
913 2062 968 2109 et
995 2062 1243 2108 creatum
1284 2061 1623 2116 asseverent,
1659 2061 1714 2109 et
1759 2068 1788 2107 a
1831 2052 2124 2109 divinitate

531 2147 786 2217 rejieiant
820 2167 833 2202 :
865 2149 972 2201 imo
1000 2163 1131 2200 vero
1163 2147 1430 2200 abusione
1463 2145 1698 2216 quadam
1723 2147 1874 2201 vocis
1902 2153 2125 2217 propter

531 2241 808 2294 actionem
861 2240 1032 2308 ipsam
1083 2247 1330 2293 creatum
1377 2254 1500 2293 esse
1547 2237 1766 2303 dicant,
1818 2253 1920 2292 nec
1971 2235 2123 2292 aliud

529 2347 655 2386 esse
685 2330 985 2400 quidquam
1027 2338 1224 2400 praeter
1257 2330 1364 2383 vim
1403 2329 1806 2384 sanetilicandi.

605 2421 696 2476 Vl.
735 2423 978 2477 Aeriani.
1023 2422 1216 2476 Acrius
1251 2437 1282 2476 e
1318 2420 1493 2476 Ponto
1531 2421 1824 2485 oriundus,
1857 2419 2126 2490 hodieque

530 2529 728 2584 magna
763 2514 987 2568 humani
1014 2514 1232 2584 generis
1262 2513 1575 2568 calamitate
1602 2520 1877 2582 superest.
1914 2509 2121 2566 Fuerat

530 2606 662 2660 olim
702 2604 970 2660 Eustathii
1002 2605 1245 2675 episcopi
1289 2605 1382 2674 qui
1415 2604 1608 2658 Ariani
1639 2603 1846 2659 erroris
1889 2602 2126 2658 insimu-

534 2699 679 2754 latus
713 2713 778 2752 ac
806 2698 1092 2768 depositus
1116 2705 1222 2762 est,
1253 2697 1540 2767 presbyter
1567 2713 1580 2750 :
1608 2692 1884 2766 qui,quod
1917 2693 2127 2763 episco-

532 2807 637 2860 pus
661 2806 758 2860 pro
779 2789 1069 2844 Eustathio
1092 2797 1310 2843 creatus
1338 2803 1446 2842 non
1473 2797 1644 2850 esset,
1670 2787 1838 2841 multa
1862 2785 2128 2841 adversus

531 2881 862 2934 catholicam
904 2879 1207 2935 Ecelesiam
1237 2878 1489 2950 dogmata
1525 2887 1873 2934 commentus
1912 2887 1996 2933 est
2021 2893 2035 2931 :
2062 2891 2128 2931 ac

532 2972 679 3044 quod
717 2971 785 3026 ad
819 2971 976 3027 (idem
1008 2972 1224 3035 attinet,
1265 2985 1564 3042 germanus
1600 2971 1712 3024 Arii
1748 2977 1988 3024 sectator
2015 2977 2123 3036 est;

533 3062 628 3118 sed
680 3062 918 3132 amplius
973 3061 1235 3132 quiddam
1302 3060 1616 3132 profitetur,
1665 3060 1971 3116 oblationes
2028 3074 2127 3130 pro

531 3153 770 3208 mortuis
819 3167 928 3208 non
960 3167 1086 3209 esse
1133 3151 1435 3217 faciendas,
1469 3151 1681 3224 jejunia
1721 3159 1934 3222 quarta:
1977 3151 2128 3207 feriae

1943 295 2000 377 sq.
2047 291 2388 347 EPIPIIANII

3632 298 3708 355 87-2

2147 426 2190 476 Λ
2221 411 2478 473 πολλάκις
2514 410 2683 463 ἐλθὼν
2705 409 2840 481 (47),
2871 410 2964 464 καὶ
2988 409 3276 481 ἐγγράφως
3305 412 3713 482 ἀπολογιεάμειης,

2214 503 2368 574 παρὰ
2428 502 2641 555 πολλῶν
2692 504 2805 564 τοῖς
2857 501 3042 564 αὐτοῖς
3100 501 3356 571 ἐμμένειν
3409 505 3714 574 κατηγορήθη.

2219 597 2378 658 Ἴσως
2426 594 2482 648 δὲ
2519 593 2819 665 μεταγνοὺς
2871 592 3010 662 τάχα
3047 591 3236 644 ἑαυτὸν
3264 591 3596 661 διωρθώσατο,
3623 594 3651 664 ῆ
3682 596 3719 646 οἱ

2214 685 2382 743 αὑτοῦ
2409 686 2668 758 μαθηταί.
2701 685 2876 754 ’Υπὲρ
2903 683 3068 737 αὐτοῦ
3108 682 3218 754 γὰρ
3253 684 3346 736 καὶ
3384 683 3512 754 ὑπὲρ
3539 685 3628 735 τῶν
3650 687 3721 736 αὺ-

2215 779 2311 833 τοῦ
2357 778 2616 851 μαθητῶν
2670 775 2941 848 ὀρθόδοξοί
2969 793 3113 838 τινες
3145 775 3256 845 (48)
3299 773 3470 844 μέσως
3507 775 3723 845 ὑπεραπο-

2217 872 2498 942 λογοῦνται
2509 910 2522 925 .

2288 963 2362 1018 Δ’.
2416 963 2743 1033 Ἢμιάιρειοι,
2775 961 2825 1014 οἱ
2864 959 3100 1031 Χριστὸν
3131 959 3228 1030 μὲν
3269 957 3648 1030 ὁμολογοῦντες,
3672 960 3725 1012 εἰ·

2221 1053 2420 1124 ρωνείᾳ
2466 1051 2520 1105 δὲ
2565 1050 2776 1120 κτίσμα
2802 1049 2967 1102 αὑτὸν
3003 1048 3302 1118 φάσκοντες
3323 1049 3454 1117 (49),
3482 1049 3570 1117 οὑχ
3603 1048 3662 1111 ὡς
3685 1049 3726 1100 ἓν

2217 1146 2326 1199 τῶν
2361 1144 2675 1214 κτισμάτων
2695 1159 2710 1174 ο
2745 1142 2906 1209 ἀλλὰ,
2947 1143 3131 1212 φασὶν,
3173 1141 3302 1194 Υίδν
3333 1140 3489 1194 αὐτὸν
3527 1141 3724 1210 λέγομεν,

2217 1224 2394 1292 διίδὲ
2427 1235 2488 1289 τὺ
2525 1237 2600 1306 μὴ
2629 1235 2806 1300 πάθος
2840 1235 3119 1304 προσάψαι
3153 1233 3328 1304 Πατρὶ
3356 1233 3442 1285 διὰ
3473 1231 3557 1284 τοῦ
3588 1249 3722 1299 751a-

2219 1329 2467 1400 νηκέναι.
2515 1326 2735 1380 κτιστὸν
2783 1325 2946 1380 αὑτὸν
2986 1324 3238 1394 λέγομεν.
3283 1323 3390 1377 Καὶ
3426 1323 3544 1393 περὶ
3584 1322 3632 1374 δὲ
3664 1320 3723 1372 τοὶ

2221 1421 2538 1490 Πνεύματος
2563 1417 2656 1471 τοῦ
2691 1418 2845 1486 ἁγίου
2865 1417 3127 1478 ὡσαύτως
3154 1415 3360 1484 κτίσμα
3387 1412 3637 1475 παντελῶς
3655 1412 3730 1482 ὁρί-

2221 1511 2426 1577 ζονται,
2461 1509 2929 1583 παρεκῦάλλοντες
2945 1505 3077 1561 Υἱοῦ
3096 1507 3158 1559 τὸ
3183 1507 3524 1578 όμοούσιον,
3553 1503 3731 1572 dimoti-

2220 1618 2362 1656 σιον
2399 1600 2458 1654 δὲ
2497 1600 2712 1654 θέλουσι
2753 1599 2954 1668 λέγειν.
2997 1597 3184 1651 "suo.
3213 1597 3270 1649 δὲ
3301 1595 3360 1662 ἐξ
3399 1595 3565 1648 αὐτῶν
3589 1595 3666 1648 καὶ
3693 1593 3736 1647 τδ

2222 1695 2571 1766 ὁμοιούσιον
2603 1691 2990 1762 παρεξέᾶαλον.

2151 1800 2196 1858 Β
2293 1874 2371 1926 E'.
2409 1867 2887 1940 Πνευματομάχοι.
2926 1858 3089 1919 Οὗτοι
3125 1864 3253 1934 περὶ
3287 1863 3390 1932 μὲν
3419 1859 3632 1934 Χριστοῦ
3658 1859 3742 1928 (ω)

2223 1964 2406 2027 καλῶς
2437 1962 2641 2033 ἔχουσι,
2670 1960 2733 2013 τὸ
2761 1959 2820 2012 δὲ
2852 1958 3079 2029 Πνεῦμα
3107 1956 3171 2009 τὸ
3210 1957 3370 2024 ἆγιον
3404 1952 3743 2025 βλασφημοῦσι,

2223 2057 2443 2113 κτιστὸν
2470 2055 2604 2110 αὐτὸ
2634 2054 2968 2130 ὁριζόμενοι,
2997 2051 3091 2105 καὶ
3111 2050 3213 2103 ούκ
3241 2048 3300 2102 ὂν
3321 2049 3388 2101 ὲκ
3412 2049 3505 2118 τῆς
3525 2047 3746 2118 θεὰτητος,

2227 2150 2428 2222 μᾶλλον
2477 2146 2536 2202 δὲ
2603 2143 3058 2216 καταχρηστικῶς
3115 2141 3258 2194 κατὰ
3329 2139 3468 2192 ιδίαν
3515 2137 3747 2222 ἐνέργειαν

2225 2221 2473 2308 ἐκτίσθη,
2500 2235 2825 2306 ἀγιαστικὴν
2842 2233 3006 2288 αὑτοῦ
3031 2233 3047 2264 ¹
3082 2232 3310 2302 δύναμιν
3334 2230 3618 2300 φάσκοντες
3643 2221 3748 2280 εἶναι

2227 2333 2413 2404 μόνον.

2296 2429 2387 2493 ς’.
2426 2420 2714 2494 Ἀεριανοί.
2734 2413 2901 2482 Οὗτος
2921 2419 2950 2472 ὁ
2978 2416 3183 2488 ’Λέριος
3205 2414 3313 2469 ἀπὸ
3334 2413 3534 2468 Πόντου
3553 2411 3749 2482 ὡρμᾶτο,

2225 2519 2306 2572 ἔτι
2333 2517 2389 2571 δὲ
2414 2513 2573 2586 δεῦρο
2593 2513 2837 2584 περίεστι
2863 2509 3168 2580 πειρασμὸς
3192 2507 3268 2578 τῷ
3289 2507 3414 2578 βίῳ.
3434 2503 3752 2578 Πρεσϐύτερος

2224 2605 2378 2674 οὗτος
2412 2606 2507 2660 τοῦ
2537 2605 2837 2660 ἐπισκόπου
2869 2601 3167 2655 Εὑσταθίου
3187 2639 3202 2665 ,
3248 2601 3305 2652 ὲν
3354 2599 3634 2671 Ἀρειανοῖς
3671 2596 3754 2648 δια·

2226 2700 2537 2773 ϐληθέντος,
2585 2697 2678 2752 καὶ
2714 2695 2810 2750 τοῦ
2851 2695 3170 2747 ἐπισκοπεῖν
3203 2693 3548 2755 ἐκπεσόντος.
3583 2687 3755 2756 Ἐπειδὴ

2225 2795 2284 2850 δὲ
2312 2793 2475 2856 αὐτὸς
2513 2791 2722 2861 ’Λέριος
2749 2789 2812 2841 ού
2853 2785 3091 2855 κατέστη
3119 2784 3422 2848 ἐπίσκοπος
3448 2783 3566 2838 ἀντὶ
3591 2781 3755 2834 Etim-

2227 2888 2367 2952 θίου,
2392 2884 2562 2942 πολλὰ
2583 2882 2726 2938 κατὰ
2747 2881 2846 2953 τῆς
2883 2879 3213 2949 Ἐκκλησίας
3242 2877 3584 2949 ἐδογμάτισε,
3606 2876 3663 2946 τῇ
3686 2873 3757 2942 μὲν

2228 2981 2412 3036 πίστει
2460 2977 2538 3032 ῶν
2576 2975 2857 3048 Ἀρειανὸς
2906 2971 3276 3034 τελειότατος,
3326 2969 3682 3040 περιττότερον
3717 2963 3758 3015 δὲ

2226 3071 2570 3145 δογματίζει.
2619 3068 2713 3140 Μὴ
2765 3067 2876 3122 δεῖν
2952 3081 3105 3135 φησι·
3160 3063 3498 3134 προσφέρειν
3545 3056 3760 3130 περὶτῶν

2223 3161 2667 3236 κεκοιμημένων,
2700 3157 2984 3231 νηστεύειν
3009 3156 3067 3210 δὲ
3094 3153 3328 3224 τετράδα
3371 3152 3469 3207 καὶ
3497 3147 3761 3222 προσάϐϐα-

532 3255 585 3300 et
616 3246 765 3300 feriae
793 3255 962 3300 sexta:
988 3260 1054 3301 ac
1086 3245 1556 3318 Quadragesima',
1582 3261 1791 3300 necnon
1813 3253 1868 3301 et
1890 3245 2120 3302 Pascha-

2225 3275 2320 3312 τον
2370 3224 2480 3310 ἑαῖ
2504 3224 2964 3326 Τεσσαρακοστὴν
3019 3249 3115 3304 καὶ
3154 3247 3350 3316 Πάσχα
3397 3244 3609 3300 κωλύει.
3641 3242 3762 3295 Ἀπο-

534 3335 607 3391 tis
651 3337 925 3407 prohibet,
975 3352 1159 3391 rerum
1202 3339 1452 3392 omnium
1495 3338 1956 3392 renuntiationem
1987 3351 2128 3408 prm-

534 3428 707 3491 dicat,
745 3429 996 3483 carniqu
1025 3444 1088 3484 ac
1111 3429 1434 3484 deliciarum
1470 3429 1538 3483 ad
1567 3429 1731 3483 vitam
1763 3445 1927 3485 omne
1955 3445 2128 3499 genus

535 3521 779 3576 adhibet.
811 3519 970 3587 Quod
1018 3521 1063 3574 si
1088 3522 1213 3591 quis
1247 3529 1582 3577 sectatorum
1624 3536 1851 3577 suorum
1876 3521 2131 3592 jejunare

536 3618 699 3682 velit,
753 3618 996 3673 definitis
1043 3617 1150 3672 hoe
1200 3619 1395 3675 diebus
1447 3618 1630 3674 facere
1679 3619 1970 3690 prohibet,
2031 3617 2128 3674 sed

533 3710 757 3780 quando
801 3710 1043 3766 libuerit.
1080 3711 1409 3782 Episc0pnm
1451 3712 1612 3766 docet
1641 3711 1816 3767 nihilo
1856 3719 2124 3782 praestan-

535 3801 732 3856 tiorem
754 3817 878 3856 esse
909 3803 1252 3872 presbytero.

605 3931 627 3966 ⁸
651 3952 745 4002 π).
779 3934 930 3989 αὐτό.

608 4043 722 4115 (47)
753 4045 856 4109 Εἰς
881 4041 1214 4108 ἀπολογίας
1232 4039 1624 4115 (δὲ-,πολλάκις
1647 4042 1858 4115 ἐλθών,
1899 4042 2128 4098 Damna-

537 4112 628 4170 tus
659 4115 827 4176 enim,
859 4124 914 4169 et
945 4122 1262 4184 episcopatu
1292 4112 1538 4182 deiectus
1573 4129 1718 4168 anno
1755 4113 1882 4174 356.
1908 4130 1937 4168 a
1971 4116 2119 4169 Con-

536 4186 1030 4254 stantinopolitano
1063 4187 1392 4254 Arianorum
1423 4184 1684 4254 concilio,
1719 4186 2007 4254 epistolam
2038 4185 2120 4238 in-

534 4265 621 4311 ter
662 4252 859 4310 caetera
903 4255 1054 4310 dedit
1083 4254 1152 4307 ad
1201 4253 1410 4308 Iulium
1452 4252 1771 4308 Romanunf
1797 4256 2120 4324 pontiﬁcem,

533 4334 589 4381 et
631 4335 793 4380 rectae
832 4341 944 4380 sum
991 4323 1114 4378 fidei
1147 4325 1566 4395 professionem,
1598 4341 1760 4395 quam
1795 4323 1989 4380 haeresi
2029 4324 2120 4387 72,

535 4399 591 4451 in
618 4397 856 4450 Panario
885 4395 1052 4450 refert
1067 4393 1254 4449 noster
1274 4393 1631 4464 Epiphanius.
1653 4393 1880 4449 Romam
1903 4395 2124 4457 deinde,

537 4477 597 4520 ut
641 4468 856 4536 plenius
889 4482 948 4520 se
993 4474 1270 4535 purgaret.
1310 4467 1458 4519 venit
1489 4481 1635 4520 anno
1679 4467 1806 4530 5w,
1835 4476 1888 4520 et
1933 4467 2034 4518 hac
2068 4467 2123 4519 in

535 4537 672 4591 urbe
713 4553 808 4605 per
835 4551 1039 4590 anomn
1071 4544 1317 4588 moratus
1349 4543 1433 4589 est
1465 4543 1518 4589 et
1545 4551 1763 4591 menses
1794 4537 2023 4605 aliquot.

606 4607 717 4677 (48)
766 4605 1105 4673 Ὀρθόδοξοι
1149 4622 1327 4677 τινες.
1360 4606 1675 4677 Constatet
1705 4607 2039 4667 absolutum,
2069 4615 2125 4660 et

535 4675 874 4746 episcopatui
923 4676 1246 4729 innocentia:
1296 4683 1368 4746 iet
1412 4675 1755 4731 orthodoxite
1804 4691 1997 4746 causa?
2035 4692 2124 4730 re-

537 4745 788 4801 stitutum
823 4747 992 4801 fuisse
1027 4755 1140 4816 tum
1189 4747 1258 4816 ab
1283 4745 1734 4816 Juliopoutifice,
1770 4745 2126 4816 quemadmo-

536 4819 666 4870 dum
707 4818 822 4883 ipse
852 4822 926 4870 ait
952 4821 1004 4870 in
1035 4815 1279 4883 Epistula
1311 4817 1378 4868 ad
1406 4814 1707 4870 Orientales
1726 4814 1873 4878 data,
1897 4831 2126 4870 numero

532 4887 689 4955 juxta
715 4886 860 4941 Petri
886 4887 1197 4942 Constantii
1222 4886 1451 4941 edition.
1480 4888 1578 4951 l6;
1603 4894 1716 4940 tum
1749 4902 1776 4940 a
1811 4886 2124 4942 Sardicensi

538 4958 898 5028 celeberrimo
917 4958 1175 5028 concilio,
1217 4958 1296 5012 uti
1339 4965 1542 5028 aperte
1567 4957 2128 5028 declarantAepistolaa

538 5027 687 5082 illius
717 5029 1010 5096 synodicae.
1047 5027 1104 5081 Si
1135 5036 1318 5082 autem
1345 5026 1608 5090 Sabellio,
1643 5026 1813 5081 Paulo
1861 5026 2126 5080 Samosa-

540 5105 688 5168 teno,
718 5095 951 5168 Photino
970 5099 1041 5152 ob
1065 5113 1317 5152 errorum
1347 5097 1804 5154 necessitudinem
1829 5097 2125 5168 quamdam

542 5165 788 5236 iungitur
827 5166 1115 5223 Marcellus
1147 5169 1216 5223 ab
1247 5169 1484 5224 Eusebio
1512 5165 1863 5231 Caesariensi,
1895 5165 2124 5236 l-lilario,

584 5235 741 5292 asilio
773 5236 989 5306 Magno,
1016 5237 1260 5306 Sulpicio
1291 5239 1512 5303 Severo,
1535 5238 1890 5306 Hieronymo,
1914 5235 2127 5291 Joanne

537 5307 955 5379 Chrysostomo,
989 5316 1044 5361 et
1062 5309 1212 5379 aliis,
1236 5309 1330 5378 qui
1354 5317 1485 5364 sunt
1514 5310 1658 5363 inter
1683 5307 1891 5372 Patres,
1922 5309 2126 5377 quique

539 5378 730 5432 hacin
764 5393 822 5432 re
853 5378 1075 5449 allegan
1125 5380 1358 5443 soleant,
1391 5394 1642 5449 quorum
1670 5394 1920 5444 numero,
1951 5386 2006 5432 et
2034 5393 2128 5449 au-

539 5451 796 5503 ctoritate
829 5457 1011 5502 motus
1041 5447 1308 5502 Baronius
1333 5447 1567 5504 credidit
1595 5447 1908 5503 Marcellum
1941 5456 1994 5503 et
2025 5447 2127 5501 Ju-

540 5518 633 5582 lio,
655 5529 708 5573 et
725 5518 1149 5573 Sardicensibus
1177 5517 1430 5574 Patribus
1460 5521 1809 5588 imposuisse,
1830 5519 2125 5573 admodum

539 5589 835 5643 verisimile
863 5597 948 5644 est
1004 5603 1100 5643 eos
1135 5603 1328 5643 omnes
1379 5591 1636 5659 abreptos
1690 5589 1864 5645 fuisse
1915 5589 2127 5658 judicio

544 5659 703 5710 ιιιιίιιε
729 5659 958 5730 Eusebii
989 5659 1367 5726 Ctesariensis,
1407 5659 1501 5730 qui
1535 5661 1820 5730 memorati
1868 5660 2126 5728 superius

543 5729 758 5780 concilii
785 5728 1378 5800 Constantinopolitani
1404 5728 1661 5784 litandato
1685 5729 1825 5785 duos
1853 5730 2126 5801 principio

2226 3349 2420 3416 ταξίαν
2458 3347 2516 3401 δὲ
2550 3344 2842 3418 κηρύσσει,
2878 3340 3275 3414 σαρκοφαγίαις
3298 3339 3360 3393 δὲ
3397 3337 3662 3399 παντοίαις
3697 3333 3763 3386 κέ-

2229 3458 2430 3514 χρηται
2485 3439 2580 3493 καὶ
2635 3437 2871 3508 τρυφαῖς
2925 3433 3118 3497 ἀδεῶς.
3151 3433 3215 3486 El
3255 3431 3325 3516 ξδέ
3365 3449 3452 3495 τις
3493 3429 3594 3484 τῶν
3633 3421 3762 3480 αὑτοῦ

2232 3532 2493 3607 μαθητῶν
2523 3529 2768 3603 βούλοιτο
2813 3525 3118 3600 νηστεύειν,
3154 3525 3229 3596 μὴ
3268 3526 3329 3577 ἐν
3378 3521 3606 3594 ἡμέραις
3640 3533 3762 3570 τετα-

2229 3627 2483 3697 γμέναις,
2514 3621 2704 3694 φησὶν,
2751 3618 2869 3674 ἀλλ’
2898 3619 2989 3672 ὅτε
3039 3616 3236 3687 βούλει.
3279 3616 3488 3669 Φάσκει
3533 3612 3586 3666 δὲ
3638 3607 3764 3680 μηδὲν

2230 3711 2804 3784 εἷναι“διαφορώτερον
2830 3710 3129 3764 ἐπίσκοπον
3158 3705 3560 3778 πρεσϐυτέρου.

2235 4047 2502 4102 adversus
2533 4045 2846 4101 Marcellum
2883 4045 3106 4116 scripsit
3133 4045 3324 4105 libros,
3353 4053 3414 4098 ut
3448 4061 3511 4100 ea
3537 4045 3766 4116 impeteret

2229 4133 2350 4187 qua:
2379 4118 2468 4171 ille
2499 4129 2756 4186 posuerat
2785 4117 2838 4169 in
2871 4113 3151 4187 Asterium
3177 4116 3579 4187 Cappadocem.
3608 4113 3768 4187 Deinde

2229 4185 2421 4241 contra
2448 4185 2759 4242 Marcellum
2788 4187 3038 4242 eumdem
3068 4186 3305 4255 vulgavit
3338 4195 3453 4240 tres
3485 4186 3644 4239 libros
3666 4185 3770 4236 alios

2234 4257 2372 4325 Περὶ
2395 4257 2508 4326 τῆς
2544 4255 3068 4324 ἐκκλησιαστικαῖς
3093 4257 3439 4324 Θεολογιας,
3469 4256 3622 4310 llisce
3646 4269 3771 4326 porro

2234 4328 2288 4380 in
2315 4324 2568 4398 'quin'quc
2601 4329 2757 4398 libris
2799 4337 2856 4381 ut
2876 4326 3306 4398 Sabellianismo
3347 4329 3587 4396 pollutus
3622 4324 3770 4398 θετιςί-

2233 4394 2381 4450 tatur
2429 4394 2616 4452 infelix
2667 4397 2978 4451 Marcellus.
3017 4397 3083 4448 At
3132 4394 3433 4450 multorum
3490 4404 3543 4451 et
3593 4394 3771 4464 quidem

2230 4468 2681 4537 gravissimorum
2709 4469 2952 4521 virorum
2983 4466 3516 4537 opinione1injuria,
3553 4462 3628 4519 vel
3657 4462 3770 4537 quod

2227 4534 2381 4592 falsis
2407 4539 2555 4607 vulgi
2580 4539 2894 4593 rumoribus
2921 4534 3211 4590 adhaeserit
3236 4534 3531 4601 Eusebius,
3554 4537 3630 4590 vel
3655 4534 3770 4585 Aria-

2224 4624 2421 4662 norum
2462 4609 2768 4672 frandibus,
2797 4618 2852 4662 et
2909 4608 3166 4661 factionis
3220 4608 3410 4662 studio
3452 4608 3610 4661 fuerit
3648 4607 3770 4658 dece-

2224 4688 2385 4748 ptus;
2421 4677 2504 4732 vel
2535 4680 2638 4732 alia
2664 4680 2879 4746 quavis,
2913 4693 3034 4747 qua:
3064 4693 3164 4731 nos
3190 4678 3374 4742 lateat,
3412 4693 3575 4731 causa
3604 4691 3628 4729 a
3654 4673 3770 4748 iveri-

2225 4747 2355 4803 tatis
2382 4749 2558 4803 nitore
2588 4753 2879 4809 abductus.
2907 4765 3003 4802 eos
3033 4750 3274 4818 quinque
3303 4750 3590 4817 scripserit
3615 4747 3767 4818 libros.

2296 4818 2407 4888 (49)
2442 4821 2675 4888 κτίσμα
2719 4819 2905 4872 αὐτὸν
2936 4815 3294 4888 φίὶοῖκοντες.
3340 4815 3477 4885 Qui!)
3525 4821 3586 4871 de
3634 4815 3771 4870 Semi-

2224 4890 2431 4944 arianis
2457 4891 2626 4944 hocin
2651 4891 2771 4944 loco
2795 4891 2957 4943 habet
2981 4889 3335 4957 Epiphanius,
3363 4889 3616 4943 omnibus
3636 4893 3769 4942 certe.

2223 4960 2316 5029 qui
2353 4959 2680 5014 Semiariani
2705 4961 2872 5013 habiti
2901 4970 3052 5021 sunt,
3083 4960 3378 5013 convenire
3411 4975 3522 5012 non
3559 4963 3768 5029 possunt.

2224 5027 2358 5096 Quae
2404 5031 2622 5084 illorum
2669 5031 2836 5086 fuerit
2883 5029 3158 5086 sententia
3197 5045 3306 5082 non
3349 5027 3582 5083 aliunde
3614 5027 3770 5099 melius

2225 5100 2489 5171 dignosci
2523 5108 2723 5170 potest,
2771 5116 2936 5170 quam
2969 5116 3036 5154 ex
3075 5100 3228 5154 Actis
3267 5100 3572 5171 Ancyranaa
3616 5096 3769 5167 synodi

2226 5170 2354 5224 anni
2395 5170 2891 5240 358.1iejiciebant
2925 5171 3002 5224 illi
3035 5185 3218 5240 vocem
3266 5170 3578 5238 όμοούσιον,
3622 5172 3771 5236 utpote

2225 5258 2346 5312 qtne
2376 5241 2429 5294 in
2460 5238 2664 5296 divinis
2692 5257 2800 5296 non
2828 5243 3095 5310 reperitur
3120 5238 3454 5309 Seripturis;
3486 5241 3668 5312 Filium
3691 5239 3772 5312 beo

2227 5306 2376 5365 Patri
2412 5327 2507 5380 per
2557 5313 2764 5374 omnia,
2799 5321 2855 5366 et
2888 5306 3116 5366 'ratione
3162 5306 3392 5375 naturas,
3444 5311 3566 5364 κατ’
3599 5306 3772 5363 οὐσίαν,

2227 5383 2460 5437 similem
2494 5382 2774 5452 dicebant,
2801 5389 2854 5436 et
2878 5382 3204 5452 ὁμοιούσιον.

2300 5452 2410 5523 (50)
2449 5448 2625 5507 Οὗτοι
2659 5447 2793 5520 περὶ
2840 5447 3269 5522 μέηΧριστοῦ,
3300 5471 3352 5506 κ.
3387 5468 3441 5506 τ.
3476 5451 3523 5504 λ.
3578 5447 3774 5523 omnino

2228 5519 2417 5576 verum
2448 5538 2556 5575 non
2591 5533 2673 5578 est
2703 5519 2770 5578 tle
2801 5519 3160 5578 Christo‘non
3195 5527 3329 5577 male
3353 5526 3599 5576 sensisse
3627 5519 3773 5572 Plit'll-

2229 5595 2628 5656 matomachos,
2671 5595 2786 5648 sive
2833 5593 3476 5659 Macedonianos;erant
3516 5593 3652 5646 enim
3682 5593 3762 5659 ple

2230 5678 2462 5732 rtnnque
2506 5664 2851 5718 Sentiat-iani.
2898 5665 3135 5720 Consule
3176 5657 3454 5719 Socratem
3507 5662 3642 5715 llist.
3671 5657 3771 5712 cccl-

2232 5735 2267 5788 Ι.
2307 5751 2365 5799 ιι,
2401 5749 2522 5806 cap.
2557 5734 2642 5798 45,
2675 5744 2728 5790 et
2757 5735 3122 5790 Soztnuenum
3155 5739 3244 5793 lib.
3282 5753 3351 5798 tv,
3383 5750 3507 5802 cap.
3541 5734 3626 5787 27.
