3958 6406
165 361 272 420 875

1477 352 2137 411 ANACEPIIAL/EOSIS.

3349 355 3452 415 876

235 477 312 531 Z'.
359 476 640 531 Ἀετιανοί.
687 477 750 529 Οἱ
790 475 898 529 ἀπὸ
947 475 1156 528 Ἀετίου
1203 474 1298 528 τοῦ
1352 474 1577 531 Κίλικος
1625 475 1756 527 δια-

1936 475 2048 529 Vll.
2092 475 2328 528 Aetiaui.
2384 473 2558 542 llujus
2608 475 2832 530 litercsis
2863 477 3054 532 Actius
3097 479 3318 550 quidam
3369 484 3451 536 izio

165 568 328 622 κόνου
355 569 654 639 γενομένου
699 567 806 620 ὑπὸ
850 568 1125 641 Γεωργίου
1164 567 1258 620 τοῦ
1303 565 1411 620 τῶν
1459 567 1756 636 Ἀρειανὼν

165 661 475 714 ἐπισκόπου
517 661 618 731 τῆς
663 659 1088 731 Ἀλεξανδρείας,
1125 663 1174 714 oi
1216 661 1310 714 καὶ
1348 660 1617 731 Ἀνόμοιοι
1660 677 1760 713 κα-

163 751 445 820 λούμενοι,
488 753 642 824 παρά
686 771 827 806 τισιν
857 753 1185 822 Εὐνομιανοὶ
1221 752 1288 805 δι’
1319 752 1585 822 Εὑνόμιόν
1633 769 1757 805 τινα

167 846 426 918 μαθητὴν
470 847 676 899 Ἀετίου
719 847 1031 917 γενόμενον,
1066 846 1161 898 καὶ
1209 846 1289 898 ἔτι
1335 847 1616 918 περιόντα.
1655 848 1760 900 Σὺν

166 939 359 1002 αὐτοῖς
389 939 448 991 δὲ
488 933 557 1008 ἦν
592 939 686 993 καὶ
716 937 965 1004 Εὑδόξιος
1005 938 1380 1010 Ἀρειανίζων,
1413 938 1548 992 ἀλλὰ
1599 939 1760 1009 δῆθεν

162 1029 258 1082 διὰ
286 1029 375 1082 τὸν
406 1029 546 1101 πρὸς
609 1029 709 1082 τὸν
742 1029 966 1100 βασιλέα
994 1031 1405 1084 Κωνσταντῖνον
1435 1029 1621 1100 φόϐον,
1656 1032 1762 1098 ἀφ-

161 1120 368 1194 ώρισεν
395 1120 605 1184 ἑαυτὸν,
634 1121 725 1174 καὶ
765 1121 924 1193 μόνος
960 1121 1163 1184 ’Λέτιος
1199 1121 1487 1192 ἐξωρίσθη.
1535 1120 1761 1192 Ἔμεινε

166 1213 413 1286 μέντοιὸ
456 1213 708 1278 Εὑδόξιος
740 1214 1114 1286 ’Λρειανίζων,
1148 1214 1210 1268 οὐ
1269 1215 1454 1285 μέντοι
1491 1231 1554 1282 γε
1619 1214 1764 1268 κατὰ

159 1305 259 1358 τὸν
297 1305 526 1360 Ἀέτιον.
576 1299 737 1360 Οὗτοι
767 1307 816 1358 οί
875 1306 1143 1376 Ἀνόμοιοι
1169 1306 1264 1359 καὶ
1324 1307 1590 1360 Ἀετιανοὶ
1620 1322 1762 1358 παν-

160 1394 376 1446 τάπασι
407 1393 643 1464 Χριστὸν
675 1395 770 1447 καὶ
799 1394 861 1448 τὸ
890 1396 1045 1464 ἆγιον
1077 1393 1304 1466 Πνεῦμα
1334 1393 1761 1465 ἀπαλλοτριοῦσι

161 1484 328 1551 Θεοῦ,
353 1485 573 1538 κτιστὸν
595 1485 758 1538 αὐτὸν
785 1484 1279 1557 διαϐεϐαιούμενοι,
1303 1487 1398 1539 καὶ
1426 1485 1550 1540 οὐδὲ
1574 1486 1759 1557 ὁμοιό-

159 1577 310 1648 τητά
361 1595 480 1630 τινα
541 1578 685 1648 ἔχειν
736 1577 1007 1645 λέγουσιν.
1071 1579 1166 1631 Ἐκ
1220 1577 1598 1648 συλλογισμῶν
1650 1577 1762 1650 γὰρ

175 1670 632 1741 Ἀριστοτελικῶν
678 1671 772 1723 καὶ
819 1670 1212 1741 γεωμετρικῶν
1241 1670 1332 1724 τὸν
1365 1670 1498 1722 Θεὸν
1533 1671 1756 1742 Πατέρα

161 1764 443 1833 παριστᾷν
477 1761 778 1833 βούλονται,
813 1764 910 1815 καὶ
948 1762 1184 1834 Χριστρν
1217 1760 1580 1833 μὴδύνασθαι
1616 1755 1760 1814 εἶναι

1862 577 2055 620 \entor
2091 565 2325 628 exstitit,
2363 581 2563 634 genere
2603 565 2739 619 Cilix
2763 607 2776 628 ,
2827 569 2918 636 qui
2959 583 2990 620 a
3028 566 3262 639 Georgio
3297 570 3452 623 Aritp

1861 673 2059 712 norum
2085 659 2427 713 Alexandriae
2449 658 2708 728 episcopo
2731 660 2997 715 diaconus
3027 662 3317 717 ordinatus
3345 674 3449 718 est.

1861 753 2162 805 Anomteos
2197 750 2318 804 illos
2362 750 2658 819 appellant,
2701 751 2791 805 alii
2821 751 3194 809 Eunomianos
3239 756 3452 826 1132

1863 842 1933 897 ab
1968 841 2235 895 Eunomio
2274 841 2515 911 quodam
2549 840 2691 895 Aetii
2732 841 3024 912 discipulo,
3059 845 3152 914 qui
3185 845 3290 899 hoc
3319 857 3452 900 tem‘

1865 948 1996 1003 pore
2044 939 2313 1002 superest.
2364 933 2502 986 Cum
2542 934 2624 987 eis
2662 943 2782 988 eral.
2821 943 2876 989 ct
2927 934 3207 991 Eudoxius
3259 939 3452 992 Ariani

1864 1027 2139 1098 dogmatis
2167 1044 2180 1080 :
2212 1025 2309 1081 scd
2339 1025 2647 1081 Constantii
2682 1027 3033 1097 imperatoris
3074 1037 3228 1085 metu.
3253 1031 3322 1084 ab
3348 1031 3454 1085 illis

1863 1135 1926 1176 se
1951 1121 2276 1191 segregavit,
2305 1135 2370 1173 ac
2404 1121 2558 1176 solus
2593 1121 2784 1177 Aetius
2832 1122 3108 1192 relegatus
3137 1133 3240 1189 est,
3276 1139 3455 1194 quan-

1863 1225 2028 1280 quam
2079 1210 2135 1264 in
2176 1210 2381 1265 Ariano
2427 1211 2683 1281 dogmate
2721 1211 3002 1269 Eudoxius
3042 1217 3454 1283 perseveravit,

1866 1304 1963 1358 sed
1984 1304 2201 1358 Aetium
2234 1304 2460 1358 minime
2488 1311 2714 1360 secutus
2737 1313 2842 1360 est.
2868 1305 3042 1361 Porro
3062 1308 3316 1363 Anomtni
3341 1310 3458 1363 sive

1863 1396 2082 1451 Actiani
2129 1396 2407 1450 Christum
2442 1404 2496 1451 et
2525 1395 2790 1467 Spiritum
2840 1408 3093 1453 sanctum
3123 1414 3153 1454 a
3190 1399 3301 1456 Deo
3334 1401 3459 1456 fun~

1863 1490 2012 1545 ditus
2061 1489 2300 1544 alienum
2338 1504 2462 1544 esse
2497 1490 2828 1559 praedicant,
2878 1506 3016 1561 quos
3046 1500 3265 1546 creatos
3295 1509 3454 1558 esse,

1865 1598 2046 1652 neque
2112 1581 2416 1652 quidquam
2480 1582 2681 1637 habere
2742 1583 3122 1639 similitudinis
3175 1595 3452 1641 asserunt.

1864 1675 2078 1746 Quippe
2109 1674 2446 1746 syllogismis
2479 1676 2808 1744 quibusdam
2842 1675 3209 1732 Aristotclicis
3235 1692 3299 1732 ac
3327 1693 3458 1747 geo-

1864 1768 2113 1822 metricis
2160 1768 2327 1821 Deum
2364 1765 2582 1821 Patrem
2629 1767 3008 1824 demonstrare
3053 1769 3311 1834 student;
3353 1770 3456 1824 iis.

159 1855 232 1906 ἐκ
300 1853 436 1907 Θεοῦ
497 1853 587 1907 διὰ
640 1852 882 1906 τοιοῦτον
937 1853 1160 1924 τρόπον.
1235 1853 1299 1906 Οἱ
1347 1852 1405 1905 δὲ
1444 1852 1542 1906 ἀπ’
1594 1851 1760 1906 αὑτοῦ

1874 1858 2105 1928 denique
2143 1859 2378 1928 probare
2411 1858 2690 1914 Christum
2725 1873 2756 1912 a
2789 1857 2902 1914 Deo
2935 1860 3068 1914 oriri
3110 1877 3218 1914 non
3269 1876 3452 1931 posse.

159 1946 495 2016 Εὐνομιανοὶ
539 1945 885 2017 καλούμενοι,
920 1944 1350 2009 ἀναϐαπτίζουσι
1395 1945 1606 2008 πάντας
1633 1947 1762 2010 τοὺς

158 2035 308 2106 πρὸς
345 2035 545 2099 αὐτοὺς
589 2036 942 2106 ἐρχομένους,
987 2036 1051 2088 οὐ
1108 2035 1269 2105 μόνον
1306 2035 1443 2088 ἀλλά
1496 2036 1592 2088 καὶ
1634 2036 1762 2099 τοὺς

172 2127 498 2198 ’Λρειανῶν.
547 2127 1006 2192 Ἀναϐαπτίζουσι
1032 2128 1089 2181 δὲ
1139 2127 1282 2180 κατὰ
1334 2127 1612 2197 κεφαλῆς,
1649 2127 1763 2181 ἄνω

156 2221 295 2281 τοὺς
326 2219 497 2282 πόδας
533 2220 860 2290 στρέφοντες
884 2220 996 2274 τῶν
1028 2219 1460 2290 βαπτιζομένων,
1488 2217 1564 2281 ὡς
1593 2217 1762 2282 πολὺς

157 2312 350 2383 ᾄδεται
391 2311 570 2380 λόγος.
604 2313 678 2366 Τὸ
732 2313 788 2366 δὲ
827 2313 1098 2384 σφαλῆναι
1145 2330 1269 2366 τινα
1324 2314 1384 2367 ὲν
1444 2313 1675 2382 πορνείᾳ
1722 2312 1756 2385 ἢ

157 2407 335 2477 ἑτέρᾳ
364 2406 632 2478 ἁμαρτίᾳ,
678 2406 832 2460 οὐδὲν
864 2401 1006 2460 εἶναί
1038 2423 1204 2476 φασιν
1225 2422 1238 2436 ⁸
1272 2405 1428 2458 οὐδὲν
1454 2404 1564 2476 γὰρ
1606 2404 1763 2477 ζητεῖ

153 2503 187 2555 ὁ
224 2500 382 2563 Θεὸς,
409 2499 545 2554 ἀλλὰ
573 2500 634 2554 τὸ
661 2496 803 2554 εἷναί
825 2517 948 2554 τινα
982 2502 1041 2555 ὲν
1071 2503 1138 2573 τῇ
1169 2501 1351 2556 αὐτῶν
1381 2501 1564 2554 πίστει
1597 2501 1757 2573 μόνον

154 2592 443 2660 λέγουσιν.

233 2677 412 2736 Λῦταί
439 2686 578 2737 εἰσιν
609 2683 815 2753 ὁμοίως
844 2683 941 2737 καὶ
970 2684 1028 2736 αἱ
1065 2681 1162 2736 τοῦ
1205 2683 1393 2754 τρίτου
1424 2683 1635 2754 βιϐλίου
1664 2680 1761 2736 τοῦ

156 2774 391 2844 πρώτου
421 2775 614 2846 τόμου,
652 2776 816 2828 ἓκτου
853 2774 910 2828 δὲ
939 2775 1093 2840 ὄντος
1114 2775 1258 2830 κατὰ
1289 2775 1390 2847 τὴν
1415 2773 1760 2841 ἀκολουθίαν,

155 2868 431 2937 αἱρέσεις.

1868 1950 2198 2005 Eunomiani
2227 1966 2356 2006 vero
2385 1953 2454 2007 ab
2488 1953 2608 2025 ipso
2637 1954 2890 2023 profecti,
2923 1971 3117 2010 omnes
3158 1955 3254 2026 qui
3295 1955 3363 2010 ad
3397 1972 3457 2011 se

1869 2043 2132 2106 veniunt,
2185 2043 2383 2098 iterato
2434 2045 2736 2114 baptizant,
2774 2061 2884 2100 non
2918 2047 3226 2104 catholicos
3276 2050 3457 2105 solum

1870 2132 1967 2188 sed
1994 2135 2080 2189 vel
2125 2133 2362 2189 Arianos
2393 2135 2566 2206 ipsos,
2604 2136 2772 2206 idque
2797 2153 2864 2192 eo
2898 2138 3094 2203 modo,
3139 2149 3195 2194 ut
3225 2140 3458 2212 pedibus

1871 2238 2093 2279 sursum
2124 2226 2409 2281 conversis
2438 2225 2494 2279 in
2518 2227 2697 2296 capite
2724 2227 2847 2282 illos
2877 2228 3184 2298 baptizent;
3217 2231 3362 2300 quod
3389 2232 3459 2288 de

1868 2313 1981 2368 illis
2011 2315 2350 2384 percrebuit.
2392 2314 2836 2373 Fornicationem
2873 2329 2967 2373 aut
2992 2321 3138 2376 aliud
3172 2322 3458 2392 quodlibet

1867 2415 2154 2478 peccatum
2201 2409 2338 2463 nihil
2379 2425 2504 2466 esse
2536 2411 2793 2466 dictitant
2827 2428 3049 2484 :neque
3089 2415 3234 2470 enim
3286 2415 3457 2470 Deum

1867 2500 2015 2554 aliud
2068 2515 2334 2570 quaerere,
2365 2517 2531 2572 quam
2574 2511 2632 2558 ut
2664 2504 2722 2558 in
2751 2519 2814 2558 ea
2846 2506 2961 2558 sola
2995 2521 3160 2576 quam
3191 2508 3292 2578 ipsi
3327 2523 3460 2578 pra:-

1868 2589 2076 2656 dicant,
2119 2592 2222 2647 lide
2249 2604 2649 2663 perseverctur.

1941 2685 2036 2741 lla:
2076 2697 2206 2742 sunt
2233 2687 2472 2745 haereses
2513 2691 2648 2745 tomi
2680 2688 2697 2743 l
2730 2690 2855 2746 libri
2889 2692 3036 2748 tertii
3067 2693 3159 2763 qui
3197 2693 3456 2748 instituto

1868 2779 2065 2835 ordine
2092 2790 2286 2838 sextus
2318 2789 2428 2837 est.

1242 3007 1629 3076 ILEBESES
1671 3008 1879 3075 TOMI
1924 3008 1981 3072 ll
2039 3006 2250 3071 LIBRI
2288 3006 2401 3074 Ill.

247 3155 342 3208 Ἐν
368 3154 426 3208 δὲ
467 3153 546 3226 τῷ
579 3153 818 3224 δευτέρῳ
877 3153 1030 3225 τόμῳ
1075 3153 1170 3207 τοῦ
1226 3155 1391 3208 αὑτοῦ
1444 3156 1628 3228 τρίτου
1684 3155 1760 3226 βι-

1944 3154 2190 3225 Denique
2220 3155 2342 3209 libri
2377 3169 2436 3208 tu
2469 3164 2650 3212 tomus
2679 3155 2744 3222 ll,
2778 3158 2872 3227 qui
2923 3164 3008 3212 est
3044 3167 3318 3218 tomorum
3369 3179 3458 3222 or-

155 3249 346 3311 ϐλίου,
377 3246 592 3316 ἑϐδόμῳ
628 3245 685 3298 δὲ
710 3245 827 3298 ὄντι
869 3246 993 3299 καθ’
1015 3250 1083 3317 ἢν
1121 3247 1349 3318 εἴπομεν
1377 3248 1665 3321 διαίρεσιν,
1702 3252 1762 3303 ὲν

153 3335 205 3409 ᾧ
242 3340 342 3394 καὶ
366 3340 429 3391 τὸ
455 3339 606 3401 τέλος
640 3337 823 3407 πάσης
870 3337 992 3391 ἐστὶ
1022 3339 1122 3410 τῆς
1159 3340 1567 3412 πραγματείας,
1611 3341 1764 3412 αἱρέ-

156 3451 283 3496 σεις
310 3433 420 3484 εἰσ)⁸
452 3431 738 3500 τέσσαρες,
771 3427 972 3493 οὕτως·

234 3527 318 3579 Α’.
353 3525 662 3594 Διμοιρῖται
689 3523 738 3576 οἱ
777 3523 872 3574 καὶ
899 3522 1356 3592 Ἀπολλιναρῖται,
1377 3526 1431 3578 οἱ
1455 3525 1530 3595 μὴ
1551 3524 1763 3578 τελείαν

153 3620 265 3690 τὴν
304 3615 402 3668 τοῦ
453 3613 691 3686 Χριστοῦ
737 3613 1153 3685 ὲνανθρώπησιν
1204 3616 1630 3686 ὁμολογοῦντεςο
1686 3611 1764 3670 ὧν

153 3727 314 3772 τινες
335 3707 623 3778 ὀμοούσιον
656 3709 723 3777 τῇ
756 3707 971 3777 θεότητι
997 3709 1060 3760 τὸ
1087 3707 1247 3777 σῶμα
1269 3707 1538 3776 λέγουσιν.
1579 3709 1760 3762 Ἐτόλ-

158 3817 356 3872 μησαν
393 3798 449 3852 δέ
486 3797 617 3851 ποτέ
659 3813 806 3860 τινες
839 3797 899 3861 ἐξ
930 3797 1109 3852 αὐτῶν
1139 3799 1232 3852 καὶ
1263 3798 1422 3851 τοῦτο
1456 3801 1651 3863 εἰπεῖν,
1681 3800 1765 3853 δτι

152 3891 350 3961 ψυχὴν
377 3891 478 3941 οὐκ
523 3887 747 3956 εἴληφεν
775 3888 803 3939 ό
844 3886 1101 3958 Χριστὸς,
1150 3889 1425 3942 καὶτοῦτο
1466 3889 1763 3960 ἠρνοῦντο.

153 3982 326 4043 Τινὲς
351 3981 407 4033 δὲ
432 3978 519 4034 διὰ
549 3977 642 4032 τοῦ
672 3978 842 4049 ῥητοῦ
871 3979 953 4043 τὸ,
999 3980 1052 4030 '0
1088 3982 1280 4049 Λόγος
1317 3981 1476 4049 σὰρξ
1505 3981 1762 4051 ἐγένετο,

150 4073 602 4145 ἐπερειδόμενοι,
637 4073 653 4102 ¹
698 4073 762 4124 τὸ
817 4071 926 4124 ἀπὸ
985 4073 1210 4142 κτιστῆς
1258 4070 1484 4145 σαρκὸς,
1517 4075 1765 4128 τουτέστι

149 4166 410 4236 Μαρίας,
438 4165 541 4235 (τὸ)
604 4164 784 4235 σάρκα
829 4164 992 4217 αὐτὸν
1044 4166 1357 4236 εἰληφέναι·
1402 4167 1564 4238 μόνον
1614 4168 1764 4235 φιλο-

150 4260 366 4319 νείκως
389 4260 409 4288 ²
439 4256 625 4324 ἔλεγον
649 4256 740 4308 τὸν
761 4257 933 4325 Λόγον
951 4257 1130 4327 σάρκα
1147 4259 1496 4328 γεγενῆσθαιο
1529 4259 1760 4332 ὕστερον

150 4347 577 4418 διανοούμενοι,
616 4347 718 4400 οὐκ
771 4343 887 4399 οἶδα
931 4347 1025 4400 δ’ὄ
1049 4365 1122 4413 τι,
1153 4348 1278 4401 νοῦν
1324 4349 1486 4402 αὐτόν
1514 4365 1646 4418 φασι
1689 4349 1765 4420 μὴ

155 4441 481 4511 εἰληφέναι.

237 4621 314 4674 B’.
364 4617 968 4690 Ἀντιδικομαριανῖται,
1004 4619 1055 4671 οἱ
1092 4619 1191 4689 τὴν
1226 4618 1388 4688 ἁγίαν
1413 4617 1636 4688 Μαρίαν
1657 4617 1760 4688 τὴν

101 4761 106 4764 .
151 4713 533 4782 ἀειπάρθενον
569 4708 706 4780 μετὰ
755 4708 816 4761 τὸ
845 4709 938 4762 τὸν
976 4709 1209 4782 Σωτῆρα
1255 4710 1644 4779 γεγεννηκέναι
1681 4707 1761 4779 τῷ

166 4805 384 4874 Ἰωσὴφ
413 4801 682 4871 συνῆφθαι
715 4800 986 4870 λέγοντες.

238 4897 317 4949 Γ¹.
360 4892 792 4964 Κολλυριδιανοὶ,
839 4893 889 4945 οἱ
945 4894 1025 4955 εἰς
1058 4891 1228 4962 ὅνομα
1271 4892 1370 4962 τῆς
1417 4891 1592 4961 αὐτῆς
1639 4892 1760 4944 Ma.

154 4990 293 5063 ρίας
324 4987 383 5038 ἐν
418 4983 603 5054 ἡμέρᾳ
625 4982 722 5036 τοῦ
757 4982 911 5045 ἔτους
953 4982 1059 5035 τινὶ
1102 4981 1522 5053 ἀποτεταγμένη
1567 4981 1758 5034 κολλυ-

156 5079 324 5152 ρίδας
363 5075 514 5138 τινὰς
541 5073 966 5145 προσφέροντες.
1009 5068 1103 5135 Οἷς
1137 5072 1447 5143 ἐπεθέμεθα
1478 5073 1651 5142 ὄνομα
1692 5075 1759 5144 τῇ

155 5169 372 5243 πράξει
400 5166 578 5220 αὐτῶν
608 5165 925 5231 ἀκόλουθον,
949 5165 1398 5236 Κολλυριδιανοὺς
1421 5166 1620 5229 αὐτοὺς
1645 5167 1760 5218 ὀνο-

159 5263 471 5336 μάσαντες.

239 5357 318 5404 Δ’.
361 5347 770 5410 Μασσαλιανοὶ,
819 5344 994 5408 οὕτως
1016 5346 1446 5417 ἑρμηνευόμενοι
1489 5349 1536 5399 οἱ
1568 5348 1757 5416 Εὐκό-

153 5441 749 5515 μενοι.Συνάπτονται
779 5439 834 5490 δὲ
855 5437 1065 5499 τούτοις
1089 5439 1182 5490 καὶ
1213 5437 1321 5489 τῶν
1347 5438 1456 5490 ἀπὸ
1487 5438 1760 5508 Ἐλλήνων

159 5531 676 5602 ἑπιτετηδευμένων
717 5529 985 5600 αἱρέσεων
1023 5530 1073 5580 οἱ
1125 5528 1409 5599 λεγόμενοι
1445 5530 1756 5600 Εὐφημῖται

161 5623 677 5694 καΥΜαρτυριανοὶ
705 5622 798 5674 καὶ
832 5619 1170 5674 Σατανιανοί.

248 5851 267 5882 ⁸
293 5848 608 5918 Supplenda
637 5862 737 5900 vox
771 5845 1049 5917 ἠρνοῦντο.

505 5942 774 6000 ΡΑτιιοι..
826 5943 940 6002 Ga.
1005 5942 1199 6002 XLll.

1866 3247 1993 3301 dine
2024 3244 2138 3308 VII.
2190 3246 2246 3300 in
2279 3261 2391 3316 quo
2431 3248 2602 3303 totius
2645 3252 2830 3319 operis
2880 3251 3008 3306 ﬁnis
3060 3262 3165 3319 est,
3217 3255 3458 3315 haereses

1866 3339 2114 3393 continet
2145 3337 2232 3391 IV.

1940 3516 1981 3572 1.
2024 3516 2322 3571 Dimaarita:
2347 3517 2440 3583 qui
2467 3525 2523 3572 et
2551 3519 2983 3590 Apollinaristaa,
3021 3523 3114 3592 qui
3150 3523 3453 3596 perlectam

1865 3611 2070 3666 Christi
2096 3610 2536 3666 incarnationem
2562 3613 2785 3667 minime
2816 3615 3151 3671 conﬁtentur
3177 3637 3190 3673 :
3213 3633 3452 3689 quorum

1865 3704 1956 3758 alii
2011 3703 2486 3759 consubstantiale
2541 3704 2817 3758 divinitati
2875 3722 2998 3763 esse
3054 3724 3258 3780 corpus
3311 3693 3456 3765 amr?-

1868 3806 2041 3860 mant,
2091 3797 2183 3849 alii
2221 3812 2348 3851 vero
2381 3797 2677 3852 defendere
2727 3798 2873 3852 istud
2925 3800 3090 3855 etiam
3131 3803 3252 3857 ausi
3300 3814 3452 3870 sunt.

1867 3885 2148 3942 Christum
2191 3902 2537 3958 nequaquam
2571 3887 2813 3942 animam
2847 3891 3254 3962 assumpsisse;
3292 3894 3458 3965 idque

1866 3992 2069 4048 negare
2118 3979 2497 4033 instituerunt.
2544 3977 2779 4045 Quidam
2827 3982 2913 4038 bis
2957 3982 3239 4056 Evangelii
3273 3989 3456 4045 verbis

1867 4072 2069 4135 innixi,
2118 4070 2340 4126 Verbum
2372 4088 2499 4125 caro
2526 4072 2731 4140 factum
2755 4084 2834 4127 est
2857 4075 2878 4105 ³
2908 4094 2920 4129 :
2951 4091 3019 4130 ex
3052 4085 3235 4133 creata
3263 4095 3452 4148 carne,

1867 4163 1974 4218 hoc
2027 4171 2112 4218 est
2160 4163 2365 4227 Maria,
2423 4178 2645 4219 carnem
2693 4165 2763 4220 ab
2813 4167 2908 4220 illo
2962 4180 3277 4239 susceptam
3329 4190 3457 4231 esse

1867 4263 2175 4326 negarunt;
2205 4255 2303 4310 sed
2340 4257 2518 4310 solum
2550 4253 2791 4310 Verbum
2823 4271 3048 4312 carnem
3089 4276 3213 4316 esse
3249 4263 3454 4320 factum

1867 4347 2227 4418 pertinaciter
2284 4355 2692 4402 asseverarunt.
2740 4346 2937 4404 Postea
2989 4364 3120 4406 vero
3162 4368 3328 4422 quam
3382 4357 3454 4411 ob

1867 4452 2091 4491 causam
2149 4437 2362 4502 nescio,
2422 4445 2660 4492 mentem
2707 4438 2861 4493 illum
2921 4454 3031 4495 non
3080 4445 3454 4515 assumpsisse

1793 4518 1839 4572 Β
1866 4528 2144 4583 dixerunt.

1942 4620 2007 4672 ll.
2047 4620 2622 4676 Autidicomarianita:
2657 4622 2873 4677 beatam
2912 4639 3242 4696 semperque
3282 4628 3454 4699 virgi-

1869 4727 1995 4766 nem
2027 4710 2254 4765 Mariam
2290 4721 2415 4780 post
2437 4712 2648 4768 editum
2687 4713 3029 4771 Salvatorem
3060 4733 3184 4773 cum
3210 4719 3454 4792 Josepho

1865 4806 2229 4861 consuevisse
2261 4812 2478 4875 putant.

1943 4896 2156 4967 1133
2185 4895 2272 4951 lll.
2325 4897 2704 4968 Collyridianl,
2746 4900 2840 4970 qui
2888 4901 2944 4954 in
2987 4900 3233 4971 ejusdem
3269 4905 3452 4962 Mariae

1867 5006 2067 5044 nomen
2104 4998 2248 5045 stato
2281 4990 2409 5044 anni
2437 4990 2524 5044 die
2555 4993 2854 5062 collyridas
2883 4996 3148 5063 quasdam
3180 4997 3450 5068 oﬂerunt;

1867 5083 2072 5154 quibus
2114 5091 2546 5135 consentaneum
2587 5098 2652 5136 ex
2687 5098 2750 5136 ea
2794 5099 2853 5137 re
2889 5100 3088 5143 nomen
3125 5089 3451 5153 indidimus.

1867 5175 1996 5230 dum
2030 5172 2436 5244 Collyridiauos
2469 5173 2593 5228 illos
2625 5177 3046 5245 appellavimus.

1938 5345 2024 5400 IV.
2092 5347 2446 5410 Massaliani,
2511 5368 2651 5421 quos
2718 5353 3068 5427 interpretari
3154 5376 3449 5429 possumus

1870 5437 2176 5491 I’recantes.
2209 5438 2302 5491 llis
2330 5441 2706 5511 :uljuuguntur
2733 5459 2763 5498 ο
2790 5449 3072 5514 gentilium
3098 5450 3286 5513 sectis,
3310 5464 3450 5526 quos

1867 5529 2222 5598 Euphemitas
2282 5541 2337 5586 et
2407 5531 2771 5604 Martyrianos
2829 5545 2884 5592 et
2951 5537 3279 5595 Satanianos
3345 5555 3448 5594 no-

1865 5621 2093 5676 tuiuant.

1145 5846 1164 5880 ¹
1192 5848 1316 5920 Leg.
1372 5844 1530 5920 μόνον
1563 5850 1618 5903 δὲ
1656 5849 1760 5917 φιλ.

1874 5848 1975 5906 ,ιιιυ
2014 5851 2177 5904 etiam
2210 5856 2336 5905 ante
2357 5849 2418 5903 τὸ
2455 5851 2596 5906 κατὰ
2626 5851 2822 5920 σάρκα.
2901 5853 2922 5884 ³
2957 5851 3113 5908 Joan.
3147 5868 3187 5917 l,
3217 5850 3305 5909 ﬂ.

3117 5947 3199 6009 28
