3958 6408
241 402 351 467 8⁵17
1533 405 2202 463 ΑΝΑΟΕΡΗΑΙΑΕΟΞΙΞ.
3412 399 3519 457 878

240 526 446 588 κλοιοῖς
476 525 587 599 (55)
612 525 761 596 παρὰ
786 525 873 579 τὸν
905 525 1104 598 θεσμὸν
1136 527 1236 597 τῆς
1264 526 1605 597 Ἐκκλησίας.
1640 528 1832 598 Διόπερ

1945 543 2044 582 nec
2086 524 2424 581 exsecranda
2472 525 2564 580 illa
2610 530 2762 580 secta
2810 524 2882 581 ab
2935 521 3195 579 Ecclesia!
3237 520 3520 577 consortio

237 615 337 669 ἐπὶ
364 616 507 669 τέλει
545 618 747 681 παντὸς
788 620 881 672 τοῦ
927 618 1088 687 λόγου
1126 619 1371 683 νεάνιδας
1396 619 1555 690 ἔφην,
1578 618 1653 690 μὴ
1680 618 1832 690 ἐχού-

1943 628 2279 690 segregetnr,
2332 625 2390 671 ut
2426 625 2555 671 tunc
2598 617 2803 688 aliquid
2842 617 2912 672 de
2943 616 3035 677 illa
3086 620 3387 671 statuatur.
3440 609 3516 664 Ex

241 721 349 768 σας
405 706 659 779 ἀριθμὸν,
684 710 782 774 τάς
834 728 894 763 τε
937 711 1080 766 κατὰ
1103 711 1205 781 τὴν
1236 711 1375 765 ίδίαν
1404 710 1616 765 ἔννοιαν
1648 710 1832 774 αὐταῖς

1942 711 2013 765 iis
2042 710 2133 780 qui
2164 719 2358 780 suapte
2397 710 2722 765 auctoritate
2766 708 2961 763 iterum
2991 708 3098 762 hoc
3137 704 3302 763 modo
3343 706 3521 775 bapti-

238 797 623 864 νεανιζούσας,
648 801 709 855 οὐ
738 802 846 872 μὴν
899 803 979 867 εἰς
1027 804 1088 856 τὸ
1141 803 1372 872 ἀγαθὸν,
1396 805 1477 868 εἰς
1502 803 1564 857 τὸ
1595 803 1832 859 τελειοῦν

1942 813 2088 867 zant,
2126 804 2292 856 audio
2313 802 2608 873 quemdam
2657 802 2714 857 in
2747 799 2916 872 Lycia
2947 800 3326 871 presbyterum
3373 812 3518 852 esse.

238 887 345 958 τῆς
384 890 579 959 σοφίας
620 889 688 944 τὰ
729 891 870 965 εἴδη,
907 892 1223 964 φρονήσεώς
1258 911 1317 948 τε
1348 895 1443 949 καὶ
1469 895 1722 966 ἀνδρείας
1742 894 1832 949 καὶ

1940 893 2047 949 Sed
2078 902 2136 950 et
2168 894 2295 950 aliis
2339 893 2395 948 in
2427 893 2571 950 locis
2613 894 2971 965 reperiuntur
2997 892 3118 958 alii,
3145 889 3238 959 qui
3273 889 3523 959 singilla-

242 977 607 1050 σωφροσύνης
626 981 720 1034 καὶ
745 979 1116 1055 δικαιοσύνης.
1152 981 1243 1049 Ἐξ
1272 978 1347 1038 ὧν
1369 983 1525 1039 ἄλλαι
1558 984 1832 1051 νεανίζου-

1939 984 2035 1041 tim
2093 999 2161 1039 ac
2217 985 2456 1056 separati
2517 999 2709 1056 preces
2766 984 3009 1049 obeunt,
3064 991 3122 1041 et
3179 983 3516 1054 reliquorum

242 1084 343 1121 σαι
384 1070 478 1123 ἐπὶ
523 1071 585 1125 τὸ
627 1074 1117 1148 τυραννικώτερον,
1163 1077 1260 1130 καὶ
1286 1077 1396 1132 ἀπὸ
1427 1077 1531 1148 τῆς
1572 1076 1832 1148 ἀληθείας

1938 1074 2384 1131 communionem
2410 1089 2631 1131 omnem
2667 1084 2955 1146 respuunt.
2992 1074 3101 1130 Alii
3144 1073 3369 1130 cellaria
3412 1072 3520 1130 sibi

238 1161 449 1227 ἑαυτὰς
475 1165 823 1236 ἐκτρέπουσι,
850 1167 991 1222 ὥστε
1021 1169 1096 1240 μὴ
1123 1166 1262 1224 εἶναι
1315 1169 1550 1241 ἀριθμὸν
1600 1168 1827 1225 τούτων.

1936 1177 2136 1239 praeter
2169 1166 2432 1223 Ecclesia:
2458 1168 2606 1240 leges
2640 1171 2947 1225 innectunt.
2981 1161 3160 1235 Quam
3184 1166 3260 1223 ob
3292 1180 3518 1221 causam

239 1256 677 1329 disputationem
704 1278 923 1318 omnem
945 1264 1049 1319 hac
1108 1267 1381 1321 sententia
1439 1265 1707 1330 conclusi,
1768 1264 2207 1320 adolescentulus
2267 1278 2392 1319 esse
2450 1264 2605 1318 nullo
2638 1279 2871 1319 numero
2895 1261 3326 1334 comprehensas
3358 1279 3369 1314 :
3399 1274 3524 1328 qua:

243 1349 466 1419 privato
496 1355 729 1410 consilio
763 1357 1028 1413 audacter
1057 1359 1466 1430 insolenterque
1497 1375 1556 1416 se
1606 1366 1833 1430 gerunt;
1877 1375 1985 1414 non
2019 1369 2081 1414 ut
2107 1359 2238 1414 boni
2266 1359 2470 1429 aliquid
2501 1369 2932 1431 consequantur,
2990 1369 3087 1413 aut
3119 1357 3407 1428 sapientiae
3462 1355 3520 1410 in

241 1462 372 1504 sese
424 1465 597 1519 genus
661 1454 885 1524 aliquod
942 1459 1266 1528 expoliunt,
1334 1466 1463 1530 puta
1498 1461 1825 1531 prudentiae.
1862 1458 2221 1521 fortitudinis,
2272 1455 2669 1527 temperantiae,
2697 1453 2947 1521 iustitiae.
2980 1450 3104 1518 Quo
3155 1467 3223 1507 ex
3288 1465 3522 1506 numero

244 1542 539 1613 tyrannico
574 1558 731 1598 more
775 1547 1025 1616 quadam
1067 1548 1395 1615 efferuntur,
1443 1561 1608 1623 atque
1650 1569 1680 1606 a
1711 1553 1938 1607 veritate
1976 1549 2290 1613 deﬂectunt,
2319 1547 2472 1602 nullo
2499 1551 2559 1599 ut
2600 1558 2830 1599 numero
2862 1541 3127 1597 contineri
3172 1540 3409 1610 possint.

316 1633 463 1705 Αὕτη
513 1635 569 1689 δὲ
610 1638 650 1705 ἡ
692 1640 803 1707 μία
841 1646 1164 1711 περιστερὰ
1206 1646 1300 1699 καὶ
1356 1646 1489 1715 ἁγία
1562 1647 1831 1719 παρθένος

2011 1645 2136 1699 Haec
2185 1653 2368 1698 autem
2419 1658 2525 1699 una
2576 1640 2674 1694 illa
2724 1639 2970 1692 columba
3025 1645 3325 1707 sanctaque
3368 1638 3521 1708 virgo

236 1727 378 1781 Θεὸν
400 1729 669 1799 ὁμολογεῖ,
697 1731 915 1804 Πατέρα
941 1733 1037 1787 καὶ
1064 1734 1194 1789 Υἱὸν
1233 1737 1330 1791 καὶ
1371 1737 1526 1806 ἆγιον
1560 1739 1788 1810 Πνεῦμα
1813 1755 1828 1768 ’

1936 1737 2106 1791 Deum
2136 1736 2430 1790 confitetur
2450 1732 2665 1787 Patrem
2706 1742 2761 1786 et
2790 1729 2986 1787 Filium
3017 1740 3071 1784 et
3099 1730 3362 1801 Spiritum
3390 1747 3523 1787 sun-

238 1819 466 1891 Πατέρα
496 1820 721 1888 τέλειον,
754 1822 883 1877 Υἰὸν
907 1823 1134 1891 τέλειον,
1166 1826 1393 1899 Πνεῦμα
1417 1828 1574 1898 ἅγιον
1602 1830 1826 1884 τέλειον*

1936 1838 2083 1884 ctum
2128 1846 2141 1882 :
2178 1827 2397 1882 Patrem
2442 1823 2763 1896 perfectum,
2806 1820 3008 1877 Filium
3042 1821 3364 1893 perfectum,
3396 1839 3521 1894 pcr-

235 1911 528 1981 ὁμοούσιον
549 1913 649 1985 τὴν
672 1914 898 1987 Τριάδα.
918 1916 1078 1970 Ἀλλὰ
1095 1917 1191 1972 τὸν
1213 1919 1341 1973 Υίὸν
1364 1922 1430 1974 ἐκ
1455 1923 1670 1995 Πατρὸς
1690 1924 1826 1996 ἀλη-

1936 1922 2137 1978 fcctum
2167 1920 2432 1990 Spiritum
2461 1925 2735 1981 sanctum,
2771 1915 3295 1971 consubstantialem
3337 1913 3520 1968 Trini—

237 2002 408 2067 θινῶς
439 2006 858 2077 γεγεννημένον,
894 2008 990 2062 καὶ
1009 2008 1072 2061 τὸ
1097 2009 1254 2078 ἆγιον
1287 2011 1513 2084 Πνεῦμα
1542 2014 1643 2066 οὐκ
1672 2015 1829 2069 ἀλλό-

1934 2021 2120 2068 tatem.
2152 2011 2259 2066 Sed
2283 2009 2479 2065 Filium
2502 2022 2631 2064 vere
2661 2023 2690 2062 a
2715 2007 2875 2064 Patre
2893 2007 3155 2079 genitum,
3178 2016 3232 2061 et
3257 2004 3520 2077 Spiritum

235 2112 393 2165 τριον
420 2096 635 2168 Πατρὸς
666 2097 759 2151 καὶ
779 2096 911 2152 Υίοῦ
928 2114 941 2130 '
969 2094 1136 2155 οὖσαν
1157 2101 1215 2155 δὲ
1247 2103 1334 2156 ἀεὶ
1360 2104 1461 2175 τὴν
1487 2106 1713 2176 Τριάδα,
1734 2108 1829 2161 καὶ

1935 2118 2188 2162 sanctum
2222 2120 2252 2158 a
2286 2103 2447 2158 Patre
2503 2100 2754 2170 Filioque
2799 2115 2906 2155 non
2946 2101 3188 2155 alienum
3222 2119 3237 2153 :
3277 2098 3519 2153 Trinita-

240 2185 513 2255 μηδέποτε
559 2188 880 2262 προσθήκην
929 2191 1352 2265 ὲπιδεχομένην·
1390 2195 1465 2267 μὴ
1513 2197 1739 2267 ἔχουσαν
1768 2198 1827 2252 δέ

234 2294 294 2330 τι
320 2277 376 2329 ὲν
398 2277 535 2350 αὐτῇ
564 2279 921 2353 ὓποϐεϐηκὸς,
947 2285 1028 2348 είς
1053 2284 1182 2355 μίαν
1206 2284 1262 2338 δὲ
1286 2286 1514 2358 ἑνότητα
1554 2289 1649 2341 καὶ
1697 2290 1828 2359 μίαν

236 2369 417 2441 ἀρχὴν
442 2370 536 2424 τοῦ
564 2371 701 2426 Θεοῦ
728 2376 822 2429 καὶ
840 2376 1067 2450 Πατρὸς
1096 2376 1460 2449 ἀναγομένην.
1486 2382 1593 2435 Καὶ
1620 2382 1829 2436 ὲκταύ-

234 2476 343 2529 της
370 2462 471 2531 τῆς
501 2461 731 2533 Τριάδος
780 2465 995 2536 Πατρὸς
1043 2468 1139 2522 καὶ
1171 2467 1302 2522 Υἱοῦ
1335 2471 1431 2524 καὶ
1466 2470 1623 2539 ἁγίου
1656 2473 1829 2529 Πνεῦ-

240 2569 415 2621 ματος
436 2552 508 2606 τὰ
536 2554 716 2609 πάντα
744 2557 1051 2623 ἐκτίσθαι¹,
1090 2560 1191 2615 οὐκ
1222 2561 1353 2617 ὄντα
1383 2564 1534 2627 ποτὲ,
1552 2562 1675 2618 οὔτε
1698 2581 1828 2619 συν-

234 2643 370 2696 όντα
404 2643 484 2715 τῷ
532 2644 672 2717 Θεῷ,
705 2646 829 2702 οὔτε
879 2652 1332 2724 προῦπάρξαντα,
1360 2656 1622 2727 γινόμενα
1662 2658 1722 2712 δὲ
1763 2658 1830 2712 ὲκ

233 2735 337 2789 τοῦ
368 2736 443 2807 μὴ
473 2736 627 2802 ὄντος
655 2741 736 2805 είς
765 2741 827 2795 τὸ
854 2737 996 2797 εἶναι
1044 2744 1155 2799 ἀπὸ
1194 2747 1407 2819 Πατρὸς
1447 2750 1541 2803 καὶ
1568 2750 1701 2804 Υίοῦ
1735 2753 1831 2806 xal.

235 2831 400 2898 ἁγίου
434 2829 573 2883 Πνεύ
582 2848 770 2903 ματος.
815 2835 927 2889 Καὶ
969 2835 1159 2891 τοῦτον
1190 2837 1281 2891 τὸν
1314 2839 1537 2912 Πατέρα
1573 2842 1669 2895 καὶ
1701 2842 1829 2896 Υίδν

234 2923 337 2975 καὶ
357 2923 511 2990 ἅγιον
536 2922 758 2995 Πνεῦμα
786 2930 899 2991 τοῖς
924 2927 1092 2983 αὐτοῦ
1122 2930 1299 2999 ἁγίοις
1326 2931 1741 2997 καταξιώσαντα
1769 2936 1829 2990 ὲν

234 3014 528 3079 ὀπτασίαις
573 3020 828 3089 φανῆναι,
872 3019 1125 3095 καθάπερ
1170 3022 1401 3093 ἠδύνατο
1438 3024 1669 3091 ἕκαστος
1719 3045 1829 3097 χω-

240 3109 380 3177 ρεῖν.
410 3105 552 3161 κατὰ
582 3107 644 3162 τὸ
670 3111 912 3182 χάρισμα
936 3114 1036 3184 τῆς
1060 3113 1225 3169 αὐτοῦ
1250 3115 1484 3189 δυνατῆς
1519 3116 1827 3190 θεότητος²,

1935 2207 2067 2263 tem,
2115 2198 2359 2267 inquam,
2389 2208 2513 2265 quae
2540 2206 2758 2262 semper
2781 2193 2875 2256 sit,
2905 2207 3083 2260 neque
3131 2192 3298 2246 ullam
3327 2204 3520 2246 aecus-

1935 2292 2146 2347 sionem
2208 2288 2411 2358 capiat,
2462 2300 2641 2356 nequo
2683 2284 2981 2354 quidquam
3036 2284 3091 2338 in
3127 2298 3250 2339 sese
3289 2282 3521 2339 inferius

1936 2384 2162 2447 habeat;
2193 2393 2422 2451 qumque
2457 2378 2524 2430 ad
2570 2377 2902 2446 singularem
2934 2374 3221 2441 unitatem,
3266 2375 3520 2429 unicum--

1933 2489 2040 2543 que
2076 2471 2170 2525 Dei
2211 2487 2274 2524 ac
2304 2468 2486 2522 Patris
2517 2466 2848 2537 principium
2880 2464 3172 2519 referatur.
3216 2464 3300 2519 Ab
3329 2465 3519 2519 eadem

1935 2563 2205 2619 Trinitate
2258 2560 2417 2614 Patre
2461 2566 2517 2613 et
2568 2555 2708 2611 Filio
2749 2564 2805 2609 et
2857 2554 3066 2626 Spiritu
3106 2565 3301 2611 sancto
3336 2562 3519 2610 creata

1934 2669 2059 2710 esse
2089 2660 2306 2716 cuncta,
2348 2665 2471 2720 qua:
2519 2647 2814 2718 aliquando
2852 2663 2962 2702 non
2990 2648 3302 2711 exstabant,
3344 2663 3522 2717 neque

1934 2761 2061 2801 cum
2098 2745 2209 2799 Deo
2236 2752 2418 2806 erant,
2456 2756 2558 2796 nec
2602 2749 2732 2795 ante
2754 2738 3113 2804 exsistebant,
3152 2741 3245 2794 scd
3286 2755 3319 2794 e
3350 2738 3522 2794 nihilo

1936 2838 2142 2910 aliquid
2193 2852 2319 2892 esse
2385 2842 2695 2906 coeperunt,
2739 2848 2771 2887 a
2813 2833 2976 2888 Patre
2999 2841 3054 2889 et
3086 2830 3222 2887 Filio
3247 2842 3303 2889 et
3331 2840 3524 2889 sancto

1938 2930 2149 3002 Spiritu
2189 2929 2568 3001 producta;et
2596 2926 2745 2981 hunc
2782 2924 2995 2995 1135
3022 2926 3200 2995 ipsum
3226 2924 3440 2981 Patrem
3465 2933 3525 2980 et

1935 3022 2135 3077 Filium
2180 3030 2238 3074 et
2277 3019 2542 3090 Spiritum
2569 3026 2818 3074 sanctum
2863 3017 3071 3074 sanctis
3109 3019 3226 3075 suis
3258 3019 3315 3073 in
3357 3018 3525 3074 visio-

1935 3115 2101 3170 nibus
2159 3126 2426 3182 apparere
2481 3110 2762 3183 dignatqu
2819 3126 2964 3175 esse,
3012 3119 3281 3182 quantum
3325 3125 3523 3183 capere

235 3200 379 3271 ὅπερ
412 3197 694 3272 ἐχαρίζετο
718 3202 935 3274 ἑκάστῳ
964 3204 1075 3258 τῶν
1104 3206 1572 3278 καταξιουμένων.
1614 3211 1699 3281 Ili;
1729 3212 1827 3282 μὲν

1937 3205 2171 3276 quisque
2210 3212 2443 3272 poterat,
2476 3202 2779 3258 secundum
2814 3202 3017 3257 donum
3048 3206 3287 3274 potentis
3325 3205 3523 3260 divini-

236 3292 463 3363 Πατέρα
489 3292 787 3348 θεάσασθαι
820 3294 1004 3360 καθὼς
1030 3297 1291 3366 ἠδύνατο,
1317 3296 1548 3353 ἀκοῦσαι
1576 3299 1678 3369 τῆς
1710 3318 1824 3369 φυς-

235 3385 345 3454 νῆς
392 3385 557 3438 αὐτοῦ
602 3385 679 3450 ὼς
723 3386 957 3458 ὲχιῖιρειυ
992 3388 1069 3452 ὡς
1097 3391 1154 3442 ὲν
1185 3389 1417 3460 στόματι
1464 3389 1559 3444 τοῦ
1601 3391 1826 3446 Ἡσαΐου

237 3478 457 3545 ελεγεν·
500 3477 651 3532 Ἰδοὺ
696 3478 958 3545 amicei
1006 3484 1040 3535 ὀ
1091 3480 1234 3548 παῖς
1277 3499 1397 3551 μου
1424 3482 1458 3536 ό
1486 3483 1824 3552 ἀγαπητός·

237 3567 409 3625 τοῦτο,
450 3569 601 3641 φωνὴ
661 3570 895 3642 Πατρός.
948 3572 1059 3625 Καὶ
1092 3572 1168 3637 ὡς
1200 3575 1229 3627 ὁ
1250 3572 1477 3645 Δανιὴλ,
1505 3570 1685 3627 Εἷὸεν
1720 3575 1830 3628 τὸν

237 3661 512 3716 Παλαιὸν
534 3661 656 3715 τῶν
686 3661 953 3732 ὴμερῶνθ
985 3664 1141 3718 τοῦτο
1171 3665 1407 3721 ὀπτασία
1455 3666 1549 3720 τοῦ
1592 3666 1826 3739 Πατρός.

250 3755 347 3817 Ὠς
376 3755 434 3807 δὲ
463 3758 521 3808 ἐν
556 3753 635 3825 τῷ
662 3757 917 3829 προφήτῃ
951 3756 1116 3810 πάλιν
1135 3773 1150 3787 ο
1191 3756 1334 3828 Ἐγὼ
1361 3758 1606 3827 ὁράσεις
1633 3757 1825 3829 ἐπλή-

238 3849 419 3909 θυνα,
460 3844 560 3899 καὶ
597 3846 667 3899 ἐν
706 3846 878 3914 χερσὶ
922 3848 1247 3917 προφητῶν
1284 3849 1626 3918 ὠμοιώθην·
1670 3849 1829 3903 τοῦτο

237 3937 399 4008 φωνὴ
425 3937 686 4001 Υἱοῦ.Ὠς
716 3939 770 3992 δὲ
795 3940 853 3992 ἐν
882 3939 1171 4012 Ἱεζεκιήλ·
1206 3942 1316 3997 Καὶ
1337 3943 1518 3998 ἔλαϐέ
1540 3960 1618 4013 με
1639 3944 1830 3998 Πνεῦ-

234 4047 328 4102 μα
359 4032 528 4093 Θεοῦ.
551 4033 649 4086 καὶ
674 4033 927 4098 ἐξέϐαλέ
949 4052 1028 4105 με
1053 4036 1141 4102 είς
1158 4036 1225 4091 τὸ
1255 4037 1491 4092 πεδίον-⁸
1522 4036 1681 4091 τοῦτο
1702 4039 1830 4110 περὶ

236 4120 341 4176 τοῦ
376 4123 531 4190 ἁγίου
565 4124 902 4196 Πνεύματος.
933 4126 1045 4180 Καὶ
1093 4128 1266 4182 πολλὰ
1313 4128 1428 4183 ἐστι
1481 4128 1706 4183 τοιαῦτα
1736 4129 1827 4182 λέ-

237 4230 385 4281 γειν,
408 4206 482 4267 ὧν
503 4213 700 4283 ὀλίγων
728 4213 838 4269 ἀπὺ
868 4216 1070 4287 μέρους
1090 4218 1533 4290 ὑπομνησθέντες
1556 4221 1617 4273 ὲν
1645 4236 1829 4293 παρα-

235 4305 417 4376 δρομῇ
447 4306 528 4368 είς
549 4306 611 4359 τὸ
639 4305 808 4371 δείξαι
837 4306 927 4361 τὸν
961 4309 1290 4381 χαρακτῆρα
1333 4310 1434 4381 τῆς
1478 4311 1827 4383 Ἐκκλησίας,

236 4397 312 4450 τὰ
340 4396 431 4450 δύο
463 4398 683 4469 ῥήματα
709 4400 1086 4472 παρεθέμεθα,
1126 4401 1336 4472 μυρίων
1366 4403 1538 4457 ὄντων
1587 4404 1683 4457 καὶ
1731 4404 1831 4457 ὲπ-

239 4488 431 4542 έκεινα
471 4490 578 4544 τῶν
618 4491 821 4562 ὁμοίων
864 4491 1073 4556 τούτοις
1113 4494 1173 4546 ὲν
1208 4496 1332 4557 ταῖς
1370 4494 1543 4560 θείαις
1585 4495 1833 4567 Γραφαῖς

1930 3296 2060 3351 tatis
2112 3293 2307 3364 ipsius,
2341 3295 2488 3364 quod
2524 3295 2817 3365 unicuique
2858 3311 3050 3349 eorum
3093 3297 3187 3366 qui
3216 3297 3366 3367 digni
3395 3297 3519 3352 faeti

1931 3385 2169 3449 fuerant,
2188 3387 2471 3457 impertiit.
2503 3386 2579 3440 ita
2597 3385 2777 3441 Patris
2798 3396 3053 3456 aspectus
3079 3390 3374 3459 unicuique
3398 3405 3524 3459 pcr-

1930 3478 2135 3534 missns
2160 3486 2266 3542 est,
2298 3488 2562 3548 quantum
2618 3492 2807 3533 vocem
2842 3480 2987 3534 illius
3023 3479 3215 3534 audire
3261 3495 3325 3534 ac
3357 3488 3522 3551 prout

1935 3584 2133 3641 capere
2172 3577 2428 3640 poterat;
2484 3578 2543 3624 ut
2592 3584 2718 3624 cum
2759 3585 2854 3640 per
2880 3568 3077 3625 Isaiam
3122 3572 3196 3625 ita
3232 3572 3516 3643 loquitur:

1931 3666 2068 3717 Ecce
2119 3646 2377 3732 intelliget
2434 3677 2563 3732 puer
2601 3678 2750 3716 nicas
2795 3662 3018 3717 dilectus
3052 3665 3074 3696 ³
3117 3679 3130 3717 :
3174 3680 3295 3734 quae
3339 3665 3521 3722 Patris

1933 3756 2106 3826 ipsius
2131 3756 2294 3809 verba
2331 3764 2478 3811 sunt.
2506 3755 2599 3809 Sic
2638 3752 2866 3810 Daniel:
2906 3756 3028 3810 Vidi
3079 3757 3370 3829 Antiquam
3408 3759 3522 3814 die—

1931 3863 2047 3901 rum
2076 3847 2099 3879 ⁸
2127 3864 2141 3900 :
2173 3846 2318 3917 quod
2375 3850 2565 3903 visunt
2603 3850 2784 3905 Patris
2841 3850 3120 3921 propriunt
3195 3851 3316 3904 fuit.
3374 3852 3521 3918 Quin

1932 3942 2095 3995 etiam
2125 3940 2268 4009 apud
2303 3941 2819 4012 aliumpmplietam
2852 3962 2866 3997 :
2900 3941 3032 4012 Ego,
3068 3943 3270 4014 inquit,
3298 3945 3522 3999 visiones

1932 4032 2380 4108 multiplicavi,i'e1
2406 4035 2460 4086 in
2496 4034 2740 4089 manibus
2780 4036 3154 4103 prophetarum
3187 4038 3521 4093 assimilatas

1933 4140 2052 4177 sum
2080 4125 2121 4176 ⁵.
2158 4122 2231 4177 Ea
2284 4140 2385 4179 vox
2437 4137 2521 4180 est
2556 4125 2676 4179 Filii
2714 4129 2956 4197 propria.
2987 4129 3144 4198 Apud
3178 4129 3519 4186 Ezecliielem

1932 4231 2063 4270 vero
2096 4229 2111 4265 :
2154 4213 2661 4285 Etassumpsit'me,
2692 4219 2889 4288 inquit,
2918 4217 3150 4287 Spiritus
3181 4220 3298 4285 Det,
3342 4231 3392 4275 et
3420 4221 3523 4285 sic.

1936 4306 2005 4360 cit
2030 4321 2110 4359 me
2133 4306 2187 4359 in
2204 4322 2451 4376 campum
2476 4308 2497 4338 ⁸
2518 4309 2692 4378 :qnod
2722 4310 2789 4363 ad
2822 4308 3087 4379 Spiritum
3118 4318 3370 4367 sanctum
3404 4326 3523 4382 por-

1936 4400 2093 4453 tinet.
2130 4398 2410 4468 Ejusmodi
2445 4401 2548 4453 alia
2575 4401 2808 4469 proferri
2838 4403 3242 4473 quamplurima
3262 4414 3518 4475 possunt;

1934 4507 1968 4547 e
1991 4492 2191 4563 quibus
2224 4506 2395 4563 pauca
2420 4495 2669 4563 quaedam
2700 4494 2881 4550 obiter
2911 4496 3319 4567 proposuimus.
3345 4500 3523 4569 Atque

239 4574 487 4642 Παλαιᾶς
526 4597 587 4633 τε
614 4580 707 4634 καὶ
734 4583 941 4653 Καινῆς
975 4582 1253 4656 Διαθήκης
1283 4586 1691 4656 ἐμφερομένων.
1724 4588 1832 4642 Καὶ

1941 4593 2004 4639 ιιι
2041 4585 2318 4655 prepriam
2364 4584 2624 4643 Ecclesiae
2658 4587 2888 4644 formam
2935 4603 3001 4643 ac
3027 4597 3189 4645 notas
3211 4592 3524 4646 ostendere-

236 4670 329 4724 δτι
357 4670 515 4735 αὐτὸς
546 4671 751 4742 Κύριος
779 4672 979 4727 ἔπλασε
1001 4674 1063 4728 τὸ
1093 4674 1254 4746 σῶμα
1280 4674 1359 4747 τῷ
1397 4677 1590 4748 Ἀδὰμ,
1617 4678 1710 4732 καὶ
1728 4678 1831 4733 ἐν·

232 4761 544 4816 ἐπνευσεν
567 4763 637 4816 ἐν
659 4763 818 4831 αὐτῷ
850 4766 1052 4835 πνοὴν
1081 4765 1245 4837 ζωῆς,
1266 4767 1458 4833 κτίσας
1481 4768 1629 4841 αὐτῷ
1653 4770 1833 4842 ψυχὴν

236 4852 448 4917 ζῶσαν.
474 4855 583 4908 Καὶ
617 4856 702 4909 ὅτι
740 4857 905 4921 αὐτὸς
937 4857 1137 4912 δέδωκε
1173 4858 1266 4913 τὸν
1297 4860 1462 4931 νόμον
1498 4861 1578 4933 τῷ
1621 4864 1830 4935 Μωῦσῇ

230 4945 269 4996 ὁ
300 4943 456 5007 Θεὸς,
498 4945 688 5017 Πατὴρ
708 4947 803 5001 καὶ
837 4948 967 5012 Υἱὸς
994 4950 1090 5002 καὶ
1114 4948 1270 5019 ἅγιον
1300 4950 1548 5022 Πνεῦμα,
1579 4952 1678 5022 μία
1716 4952 1835 5006 θεό-

230 5052 364 5105 ιτης.
393 5036 500 5089 Καὶ
538 5038 620 5091 ὃτι
667 5039 717 5091 oi
751 5040 1031 5110 προφῆται
1077 5040 1183 5095 ὑπὸ
1222 5041 1325 5113 τῆς
1377 5042 1548 5113 αὐτῆς
1576 5042 1834 5117 θεότητος

236 5129 651 5200 ἀπεστάλησαν.
681 5133 793 5185 Καὶ
813 5133 896 5185 ὅτι
923 5133 1085 5197 αὐτὸς
1109 5136 1240 5205 ἡμῖν
1273 5136 1302 5188 ὁ
1330 5135 1482 5200 Θεὸς,
1509 5137 1537 5188 ὁ
1566 5136 1833 5191 Ἰουδαίων

232 5237 304 5273 τε
359 5221 451 5273 καὶ⁵
498 5222 838 5292 Χριστιανῶν
868 5223 946 5279 ὣν
990 5224 1144 5291 Θεὸς,
1163 5218 1452 5292 Ἰουδαίους
1494 5245 1556 5281 τε
1597 5229 1834 5294 καλέσας

231 5314 324 5376 είς
353 5312 699 5384 δικαιοσύνην
724 5317 853 5378 τοὺς
880 5316 956 5388 μὴ
983 5318 1357 5389 ἀρνουμένους
1384 5321 1483 5389 τὴν
1506 5320 1602 5375 τοῦ
1624 5322 1831 5393 Κυρίου

228 5402 409 5477 ἡμῶν
451 5405 624 5477 Ἰησοῦ
652 5405 889 5479 Χριστοῦ
917 5410 1239 5481 παρουσίαν.
1268 5412 1380 5465 Καὶ
1403 5413 1612 5476 πάντας
1642 5413 1833 5478 σώζων

312 5561 338 5644 Ῐ,
366 5579 454 5644 7Ῥ;
481 5563 836 5644 κεκτῆρραἎ
879 5562 901 5589 ⁹
922 5581 1023 5644 rp;
1048 5564 1297 5644 χάρισμα
1334 5567 1502 5623 αὐτοῦ
1542 5570 1635 5626 διὰ
1671 5571 1773 5644 τῆς
1807 5570 1951 5627 θεότ.

222 5626 252 5659 ⁸
292 5626 494 5687 Εῖὲεῐι.
530 5649 611 5696 ιιι,
641 5626 731 5699 ιε,
768 5635 858 5688 22.
930 5626 1233 5701 ῖϐιὲῖιίιιξ
1251 5637 1304 5690 7.

1934 4693 2078 4743 mus,
2114 4679 2224 4736 duo
2252 4679 2421 4735 triave
2448 4680 2612 4735 verba
2642 4680 2698 4737 in
2729 4681 2967 4737 medium
2982 4681 3266 4738 attulimus
3294 4697 3361 4737 ex
3392 4682 3520 4737 inli-

1934 4774 2068 4828 nitis
2091 4773 2248 4837 locis,
2276 4788 2398 4845 qua
2436 4773 2653 4830 illorum
2683 4775 2879 4830 similia
2903 4775 2959 4830 in
2989 4774 3290 4845 Scripturis
3315 4790 3381 4830 ac
3406 4784 3518 4830 tam

1938 4865 2132 4921 Vetere
2151 4883 2315 4936 quam
2348 4867 2501 4923 Novo
2526 4866 2882 4924 Testamento
2920 4868 3195 4939 leguntur.
3222 4866 3356 4922 Illud
3390 4885 3520 4926 vero

1935 4958 2161 5028 insuper
2186 4957 2428 5015 Ecclesia
2462 4959 3073 5029 proliteturdlomimtm
3107 4960 3287 5030 ipsum
3317 4976 3522 5032 corpus

1935 5052 2146 5106 Adamn
2169 5051 2492 5117 fabricasse,
2530 5064 2582 5108 et
2605 5054 2897 5121 inspirasse
2925 5054 3007 5107 illi
3035 5055 3285 5121 spiritum
3322 5057 3443 5111 vita:
3474 5059 3520 5119 ⁷,

1935 5158 2061 5197 cum
2113 5145 2385 5198 viventem
2421 5145 2469 5199 ei
2504 5154 2816 5214 procrearet
2850 5146 3109 5201 animam.
3162 5146 3301 5201 Tum
3350 5148 3521 5220 Moysi

1938 5236 2108 5305 legem
2152 5236 2445 5292 tradidisse
2479 5236 2643 5292 Deum
2677 5240 2853 5308 ipsum
2889 5238 3124 5305 Patrem,
3172 5250 3226 5296 et
3250 5240 3445 5295 Filium
3470 5250 3524 5295 et

1937 5325 2205 5396 Spiritum
2233 5339 2504 5395 sanctum,
2523 5347 2645 5399 quae
2665 5340 2749 5386 est
2776 5347 2883 5386 una
2913 5331 3195 5388 divinitas.
3233 5333 3434 5386 Deinde
3452 5333 3523 5386 ab

1935 5417 2126 5474 eadem
2177 5418 2466 5476 divinitate
2526 5423 2820 5493 prophetas
2867 5440 2991 5480 esse
3031 5426 3251 5479 missos.
3292 5423 3371 5477 Ad
3409 5425 3523 5478 haec

2068 5577 2090 5609 ³
2117 5576 2223 5636 lsa.
2251 5594 2350 5646 ur,
2391 5581 2479 5636 l5.
2588 5583 2609 5614 ⁴
2638 5581 2778 5640 Dan.
2805 5600 2906 5653 vn,
2946 5584 3002 5640 9.
3106 5585 3127 5619 '
3159 5583 3283 5642 Ose.
3307 5599 3406 5649 xu,
3436 5584 3518 5637 lu.

332 5744 426 5803 55;
464 5746 561 5829 Ἐν
592 5746 840 5829 κλοιοῖς,
873 5755 978 5829 etc.
1017 5748 1081 5829 ln_
1115 5747 1454 5815 Expositione
1497 5753 1645 5823 ριιυξ,
1678 5756 1843 5810 citato
1875 5771 2026 5812 num.
2068 5757 2153 5826 l3,
2191 5752 2347 5817 locus
2390 5761 2491 5818 iste
2518 5760 2705 5818 Latine
2744 5761 3013 5829 redditur,
3055 5761 3166 5816 Alii
3214 5758 3355 5817 collo
3405 5759 3519 5814 oin-

301 5751 426 5871 $55)
465 5751 561 5799 Ἐν
592 5751 840 5813 κλοιοῖς,
873 5755 978 5801 etc.
1017 5751 1073 5802 In
1115 5751 1356 5815 Expositi

218 5833 297 5874 cu
326 5834 363 5869 a
398 5827 591 5885 prwler
621 5816 872 5873 Ecclesia:
908 5818 1041 5888 leges
1065 5822 1356 5876 innectunt.
