3958 6408
514 402 620 458 879
1929 395 1988 450 S.
2033 393 2375 449 EPIPHANII
3609 403 3690 460 880

511 516 671 572 nobis
702 514 868 570 Deum
919 529 1041 571 esse
1078 515 1230 570 illum
1269 515 1363 586 qui
1395 513 1709 570 Judaeorum
1739 527 1801 567 ac
1831 511 2074 567 Christia

2130 521 2172 574 Α
2200 515 2326 578 τοὺς
2359 514 2500 568 κατά
2548 515 2645 586 τὴν
2689 515 2947 588 ἀληθινὴν
2974 516 3138 570 αὑτοῦ
3170 517 3349 570 πίστιν
3385 515 3604 587 βιοῦντας,
3625 527 3693 576 καὶ

514 621 707 661 norum
729 615 814 661 est
848 605 1021 667 Deus;
1057 605 1390 677 quiJudteos
1419 605 1484 660 ad
1506 605 1779 676 justitiam
1809 619 1904 659 eos
1936 620 2068 658 voca

2205 605 2280 676 μὴ
2314 607 2681 678 ἀρνουμένους
2725 609 2824 680 τὴν
2875 609 3133 682 ἀλήθειαν
3164 609 3258 663 τοῦ
3292 610 3595 682 κηρύγματος
3626 618 3698 685 τῆς

510 699 608 761 vit,
651 699 743 768 qui
799 697 1235 753 incarnationem
1284 698 1460 768 ipsam
1503 696 1717 751 Domini
1759 695 1932 749 nostri
1969 693 2073 750 Jesr

2201 697 2460 766 ἀληθείας
2505 701 2600 753 καὶ
2640 701 3003 772 εύαγγελικῆς
3047 701 3211 758 αὐτοῦ
3238 701 3699 766 διδασγπλίαςῖῐίλθε

508 790 712 845 Christi
744 805 1091 861 nequaquam
1121 791 1456 860 abnegarent
1489 809 1501 845 :
1533 790 1735 860 quique
1769 802 1960 842 omnes
1987 787 2066 841 sal

2203 789 2332 859 γὰρ,
2366 786 2531 860 ἦλθεν
2578 794 2607 845 ὁ
2648 794 2964 865 Μονογενὴς
2985 811 2998 822 ·
3045 795 3140 847 καὶ
3190 791 3362 856 οὕτως
3382 794 3481 863 ἔχει
3509 798 3537 864 ὴ
3565 797 3701 867 μήτηρ

511 889 616 944 vat,
654 882 747 950 qui
775 897 844 935 ex
868 896 1010 936 verae
1038 881 1214 952 ipsius
1248 881 1369 936 ﬁdei
1404 882 1726 952 praescripto
1743 879 1911 933 vitam
1940 877 2069 932 insti

2203 881 2359 950 ἡμῶν
2399 881 2767 953 Ἐκκλησία.ὁ
2816 885 2980 956 λιμὴν
3027 886 3058 937 ὁ
3102 883 3276 948 εῦδιος
3327 884 3421 953 τῆς
3466 885 3703 955 εἱρήνης,ή

509 981 688 1034 tuunt,
749 983 938 1044 neque
967 987 1109 1028 vera:
1153 983 1208 1028 et
1260 975 1588 1044 evangelicae
1633 973 1780 1027 illius
1833 971 2072 1025 doctrina

2202 973 2475 1042 εὑφρασία
2524 977 2556 1044 ἡ
2611 976 2849 1031 πνέουσα
2891 977 2982 1030 τὸν
3028 975 3238 1046 κύπρον
3267 975 3366 1046 τῆς
3391 974 3618 1044 ἀμπέλου,
3638 973 3704 1028 καὶ

509 1063 862 1131 praedicatum
919 1063 1120 1133 ubique
1159 1063 1358 1134 dogma
1402 1071 1690 1133 respuunt.
1733 1060 1892 1117 Venit
1925 1059 2069 1115 enim

2204 1063 2401 1136 βότρυν
2430 1066 2672 1138 φέρουσα
2703 1071 2836 1139 ἡμῖν
2864 1068 2964 1138 τῆς
2991 1068 3264 1136 εὐλογίας,
3295 1067 3462 1121 καὶτὸ
3486 1066 3706 1121 λυσίπονον

508 1155 657 1208 venit
689 1153 1239 1226 Unigenitus,itaque
1267 1164 1440 1210 mater
1472 1164 1662 1210 nostra
1695 1152 1940 1208 Ecclesia
1974 1168 2071 1222 pro

2201 1157 2333 1226 ἡμῖν
2381 1159 2534 1230 πόμα
2567 1161 2689 1215 καθ’
2715 1163 2952 1232 ἑκάστην
2981 1161 3216 1233 ἡμέραν,
3249 1155 3385 1231 αἷμα
3413 1159 3614 1231 Χριστοῦ
3637 1178 3703 1230 γε·

509 1247 713 1300 litetur.
732 1245 864 1312 Quae
885 1247 1213 1319 tranquillus
1237 1247 1388 1316 pacis
1412 1253 1602 1316 portus
1622 1253 1707 1301 est
1736 1263 1749 1299 :
1775 1252 1830 1301 et
1851 1244 2072 1299 suavita:

1419 1253 1602 1316 portus
1622 1253 1707 1301 est
1736 1263 1749 1299 :
1775 1252 1830 1301 et
1851 1244 2098 1299 suavitas
2202 1243 2458 1318 ριζομένη
2493 1249 2982 1321 ἄκρατον,ἀληθές.

421 1371 423 1374 ‹
508 1337 756 1406 quaedam
824 1354 1050 1409 cyprum
1095 1339 1223 1394 vitis
1288 1339 1562 1404 redolens,
1599 1347 1655 1394 et
1705 1338 1924 1392 botrum
1995 1335 2158 1390 nobis
2200 1337 2605 1398 benedictionis
2663 1343 2953 1412 proferens
2985 1345 3034 1410 1;
3063 1358 3274 1398 necnon
3320 1352 3375 1399 et
3417 1342 3704 1413 prasentissi-

510 1450 655 1487 mum
691 1435 822 1488 illud
847 1434 1219 1504 abstergendo
1259 1434 1482 1489 πλωτοτί
1537 1443 1748 1504 potum,
1813 1447 2026 1488 merum
2093 1432 2296 1489 scilicet
2356 1449 2421 1490 ac
2475 1451 2664 1492 verum
2728 1435 2933 1493 Christi
2991 1439 3312 1509 sanguinem
3376 1437 3594 1508 quotidie
3637 1436 3708 1490 lar-

508 1543 688 1595 glens.

573 1617 840 1674 Praeterea
870 1617 1148 1691 Christum
1166 1634 1197 1675 e
1215 1617 1385 1674 Maria
1417 1633 1634 1690 semper
1672 1619 1882 1691 virgine
1905 1632 2098 1674 revera

2277 1615 2399 1670 Ὅτι
2449 1615 2705 1688 ἀληθινὸς
2739 1620 2760 1650 ⁵
2827 1617 3090 1690 ἐγεννήθη
3139 1618 3374 1687 Χριστὸς
3405 1619 3506 1673 ἀπὸ
3550 1617 3712 1688 Μαρίας

505 1719 691 1766 natum
719 1727 840 1768 esse
855 1690 1320 1782 credit,eSpiritu
1348 1719 1683 1778 sancto,non
1711 1690 1778 1768 er
1808 1711 1960 1766 virili
2006 1725 2066 1766 se

2204 1708 2304 1778 τῆς
2360 1709 2724 1782 ἀειπαρθένου
2780 1711 2870 1768 διὰ
2922 1715 3241 1786 Πνεύματος
3301 1713 3476 1783 ἁγίου,
3515 1713 3601 1766 οὐκ
3638 1711 3715 1764 ἀπὸ

507 1805 670 1870 mine,
695 1803 790 1859 sed
819 1819 883 1859 ex
901 1803 1134 1874 ipsamet
1162 1812 1518 1861 sacrosancta
1539 1800 1795 1875 Virgine;
1821 1817 1886 1858 ac
1911 1803 2070 1874 reips:

2153 1836 2173 1889 δ
2205 1801 2525 1873 σπέρματος
2553 1803 2768 1876 ἀνδρὸς,
2795 1804 2912 1861 ἀλλ’
2943 1807 3037 1860 ἀπ’
3060 1807 3232 1879 αὐτῆς
3259 1806 3363 1878 τῆς
3387 1806 3536 1874 ἁγίας
3559 1803 3716 1876 Παρθέ·

503 1911 727 1968 corpus,
755 1911 866 1951 non
907 1899 1090 1967 specie
1113 1896 1380 1951 duntaxat
1395 1896 1694 1967 accepisse,
1729 1895 1944 1968 1136
1968 1911 2065 1951 car

2204 1911 2296 1947 vou
2323 1893 2507 1949 λασὼν
2535 1894 2595 1949 τὺ
2625 1896 2785 1968 σῶμα
2824 1899 2882 1951 ἐν
2919 1898 3168 1970 ἀληθείᾳ,
3200 1899 3296 1954 καὶ
3325 1899 3424 1952 οὐκ
3453 1899 3506 1952 ἐν
3533 1898 3717 1967 δοκήσει,

505 2004 658 2054 nem,
687 1989 934 2059 inquam,
962 2003 1172 2053 veram,
1205 2004 1407 2058 corpus
1423 2004 1611 2045 vermn
1641 2004 1765 2044 cum
1795 1990 2015 2046 ossibus
2037 2005 2066 2043 a

2206 1976 2385 2056 σάρκα
2416 1985 2710 2057 ἀληθινῶς,
2763 1987 2922 2059 σῶμα
2966 1988 3258 2060 ἀληθινῶς,
3312 1990 3410 2044 σὺν
3452 1988 3632 2051 ὀστέοις
3655 1987 3723 2041 καὶ

507 2082 722 2146 nervis,
781 2083 1120 2153 reliquisque
1169 2098 1292 2154 qute
1362 2082 1523 2138 nobis
1581 2083 1772 2139 insunt
1818 2083 2070 2138 omnibus

2203 2079 2416 2150 νεύροις
2450 2080 2544 2134 καὶ
2594 2081 2730 2134 πᾶσι
2777 2085 2890 2146 τοῖς
2924 2082 3235 2154 ἡμετέροις,
3288 2081 3456 2154 μηδὲν
3493 2081 3573 2149 ἀφ’
3605 2079 3723 2150 ἡμῶν

505 2173 638 2227 nihil
671 2183 730 2228 ut
760 2189 790 2228 a
819 2175 980 2230 nobis
1039 2174 1196 2246 ipsis,
1235 2183 1607 2247 praeterquam
1645 2176 1934 2231 excellenti
1966 2191 2068 2246 qua

2203 2162 2613 2244 διηλλαγμένος,
2648 2173 2680 2244 ἢ
2719 2174 2880 2244 μόνον
2909 2175 2970 2228 τὸ
2996 2173 3206 2240 ἔνδοξον
3229 2174 3330 2246 τῆς
3358 2173 3514 2228 αὑτοῦ
3549 2173 3719 2241 ἁγιότηο

503 2266 628 2320 dum
663 2267 978 2325 sanctitatis
1004 2283 1069 2323 ac
1099 2267 1408 2325 divinitatis
1432 2268 1610 2340 gloria
1643 2268 1941 2339 discrepet,
1984 2275 2062 2322 tut

2203 2281 2295 2328 τος
2328 2265 2422 2318 καὶ
2454 2264 2724 2335 θεότητος,
2762 2266 2859 2320 καὶ
2894 2265 3122 2330 σκεύους
3159 2266 3486 2336 ἁγιωσύνης,
3523 2266 3604 2318 καὶ
3629 2265 3725 2316 ἀνσ-

503 2359 649 2427 ιμιυᾶ
686 2361 1000 2416 sanctitatis
1034 2377 1132 2418 vas
1170 2362 1262 2417 sit.
1295 2361 1472 2418 Habet
1505 2369 1688 2418 autem
1716 2361 1900 2416 omnia
1925 2361 2066 2432 perl'e

2207 2357 2501 2429 μαρτήτως
2558 2357 2629 2410 τὰ
2680 2357 2859 2412 πάντα
2911 2359 3135 2423 τελείως
3191 2359 3358 2430 ἔχων,
3406 2357 3496 2412 καὶ
3531 2353 3728 2427 ἐσχηκὼς

502 2453 750 2509 ctissime
772 2454 912 2508 citra
943 2462 1254 2524 peccatum.
1299 2453 1481 2521 Quare
1515 2454 1757 2509 humana
1787 2467 1979 2508 revera
2016 2467 2065 2507 es

2203 2449 2381 2521 ψυχὴν
2410 2450 2757 2522 ἀνθρωπίνην
2785 2452 2844 2504 ἐν
2877 2451 3126 2523 ἀληθείᾳ,
3161 2451 3286 2505 νοῦν
3316 2451 3409 2506 τὸν
3450 2449 3730 2521 ἀνθρώπινον

502 2546 684 2600 anima
709 2546 995 2614 prrcditus,
1025 2531 1374 2617 humanaque
1395 2553 1577 2601 mente
1600 2547 1653 2600 in
1685 2546 1918 2601 veritate
1943 2564 1956 2600 :
1991 2560 2063 2599 no

2205 2544 2264 2594 ἐν
2297 2541 2528 2614 ἀληθείᾳ
2547 2561 2560 2574 ·
2590 2544 2691 2614 οὐχ
2717 2543 2793 2609 ὡς
2826 2543 2984 2614 ἡμῶν
3012 2543 3505 2616 διαϐεϐαιουμένων
3539 2541 3618 2596 τὸν
3639 2537 3732 2592 νοῦν

503 2637 647 2707 quod
669 2648 916 2693 mentem
954 2637 1278 2708 hypostasin
1308 2653 1432 2693 esse
1453 2636 1723 2702 dicamus,
1742 2648 1804 2693 ut
1832 2636 2066 2691 alIirman

2205 2629 2343 2687 εἶναι
2377 2635 2697 2701 ὑπόστασιν,
2746 2635 2927 2700 καθὼς
2953 2636 3104 2691 ἄλλοι
3136 2636 3376 2705 λέγουσι.
3413 2635 3562 2690 Κατὰ
3596 2633 3731 2687 πάντα

503 2731 619 2786 alii.
673 2731 947 2786 Czeterum
1012 2731 1166 2786 nulla
1232 2731 1442 2801 peccati
1484 2731 1812 2801 contagione
1865 2727 2066 2785 foedatu

2203 2725 2262 2778 δὲ
2289 2726 2365 2797 μὴ
2391 2727 2691 2798 χρανθέντα
2722 2729 2782 2782 ἐν
2804 2729 3069 2800 ἁμαρτίᾳ,
3105 2729 3281 2799 στόμα
3325 2729 3402 2801 μὴ
3427 2728 3733 2800 ψευσάμενον.

506 2831 612 2885 cst,
667 2837 952 2893 nunquam
994 2837 1063 2877 ros
1101 2821 1251 2876 illius
1285 2822 1578 2876 mentitum
1603 2829 1710 2884 est,
1746 2835 1926 2891 neque
1960 2819 2068 2874 labi

2205 2815 2359 2887 χείλη
2411 2817 2486 2889 μὴ
2517 2817 2829 2889 λαλήσαντα
2877 2819 3048 2888 δόλον,
3092 2820 3324 2895 καρδίαν
3356 2821 3430 2893 μὴ
3464 2819 3733 2874 ἐκκλίνασαν

511 2915 698 2969 dolum
752 2913 934 2968 locuta
964 2921 1094 2968 sunt
1123 2914 1166 2977 ³,
1203 2927 1300 2967 cor
1327 2913 1394 2967 ad
1431 2913 1758 2968 irritandum
1803 2927 1912 2966 non
1939 2911 2074 2966 decli

2207 2909 2286 2971 είς
2317 2907 2625 2979 ἐρεθισμὺν,
2662 2907 2788 2962 νοῦν
2829 2907 2905 2980 μὴ
2948 2909 3295 2981 ἐκτραπέντα
3345 2911 3424 2974 είς
3452 2909 3488 2964 ὃ.
3535 2908 3600 2980 μὴ
3639 2904 3734 2978 χρὴ.

511 3009 682 3072 navit,
710 3023 867 3063 mens
892 3005 958 3061 ad
979 3022 1041 3062 ea
1065 3021 1188 3077 qua:
1215 3005 1372 3062 nefas
1406 3015 1512 3070 est,
1544 3021 1654 3061 non
1686 3005 1938 3072 deﬂexit;
1975 3020 2072 3059 car

2210 2999 2390 3069 σάρκα
2423 2996 2498 3070 μὴ
2531 2998 2629 3071 τὴν
2670 3000 2873 3071 σαρκὸς
2903 2999 3094 3071 ἡδονὴν
3141 3001 3550 3072 ἐργασαμένην·
3578 2997 3735 3057 τέλειος

506 3100 653 3156 nihil
691 3115 880 3154 eorum
930 3115 1053 3169 quae
1089 3099 1157 3154 ad
1211 3098 1397 3153 carnis
1430 3098 1767 3167 voluptatem
1809 3097 2069 3168 pertinenl

2208 3089 2415 3143 ἀνωθεν
2472 3089 2627 3153 Θεὸς,
2667 3091 2769 3145 οὐκ
2814 3089 2984 3144 ἐλθὼν
3029 3091 3358 3162 κατοικῆσαι
3407 3095 3463 3146 ἐν
3495 3087 3737 3160 ἀνθρώπῳ,

510 3192 757 3248 admisit.
794 3191 941 3248 Deus
993 3193 1062 3247 ab
1110 3201 1319 3250 αξιοι-[ιο
1362 3191 1663 3262 perfecrus,
1700 3193 1793 3262 qui
1824 3205 1933 3246 non
1961 3201 2021 3245 ut
2049 3191 2073 3245 il

2176 3181 2324 3250 ,an’
2371 3181 2534 3246 αὐτὸς
2581 3181 2702 3245 ὅλος
2739 3182 2759 3212 ⁶
2811 3183 3261 3255 ὲνανθρωπήσας,
3310 3183 3377 3236 οὐ
3421 3180 3632 3253 τραπεὶς
3667 3179 3739 3245 τὴν

503 3286 726 3342 homine
763 3286 1034 3340 habitaret
1065 3285 1329 3350 advenit;
1370 3283 1468 3340 sed
1505 3281 1747 3339 Verbum
1782 3283 1961 3354 ipsum
1994 3282 2064 3336 ho

2200 3274 2383 3342 φύσιν,
2418 3273 2904 3345 συμπεριειληφὼς
2937 3274 2996 3327 δὲ
3026 3275 3142 3345 ἅμα
3171 3276 3237 3345 τῇ
3273 3273 3490 3345 θεότητι
3515 3273 3606 3342 τὴν
3639 3268 3740 3323 ἰδίαν

504 3379 707 3433 minem
754 3377 952 3443 induit,
985 3392 1094 3432 non
1144 3384 1342 3432 natura
1374 3384 1668 3442 mutatum,
1700 3373 1799 3430 sed
1833 3390 1954 3430 eam
1977 3392 2067 3445 qu:

2201 3363 2637 3434 ἐνανθρώπησιν.
2702 3365 2792 3419 Ἐν
2852 3367 3038 3438 μήτρᾳ
3102 3365 3392 3437 Παρθένου
3449 3362 3665 3435 γεγονὼς
3699 3363 3741 3413 ὲν

507 3470 747 3526 hominis
767 3471 988 3541 propria
1023 3477 1129 3537 est,
1155 3485 1281 3524 cum
1312 3469 1600 3524 divinitate
1632 3469 1999 3539 complexum.
2040 3468 2070 3521 Ιι

2199 3456 2445 3528 ἀληθείᾳ,
2472 3459 2828 3530 κυοφορηθεὶς
2847 3459 2938 3512 τὸν
2959 3458 3169 3530 χρόνον,
3193 3459 3477 3532 γεννηθεὶς
3495 3458 3576 3513 διὰ
3595 3471 3739 3525 γεννη-

506 3559 746 3632 Virginis
801 3571 956 3616 utero
993 3575 1184 3616 revera
1215 3559 1458 3631 genitus,
1501 3573 1716 3630 suoque
1745 3565 1994 3628 tempore
2043 3557 2069 3610 i:

2199 3545 2370 3600 τικῶν
2405 3547 2591 3618 πόρων
2614 3548 3085 3619 ἀνεπαισχύντως,
3110 3550 3419 3622 ἀχράντως,
3449 3548 3720 3621 ἀμολύντως
3729 3558 3739 3572 ⁸

507 3661 663 3706 utero
695 3659 967 3723 portatus,
983 3666 1047 3706 ac
1059 3667 1156 3722 per
1177 3651 1441 3721 genitales
1464 3659 1677 3706 meatus
1693 3650 1749 3704 in
1782 3649 1957 3704 lucem
1983 3648 2068 3703 edi

2200 3643 2556 3714 ἀνατραφεὶς,
2591 3644 2684 3697 καὶ
2712 3643 3125 3712 ἐναγκαλισθεὶς
3156 3645 3259 3698 ὑπό
3281 3661 3347 3698 τε
3373 3641 3640 3714 Συμεῶνος
3673 3636 3744 3691 καὶ

508 3750 596 3795 tus
620 3741 739 3795 sine
769 3741 879 3795 ulla
897 3739 1258 3812 turpitudine,
1280 3741 1530 3796 foeditate
1549 3741 1630 3796 vel
1647 3741 1800 3796 labe:
1833 3748 1958 3810 post
1985 3741 2071 3795 hat

2206 3735 2424 3805 Ἀννης,
2469 3733 2798 3806 βασταχθεὶς
2826 3733 2932 3788 ὑπὸ
2963 3734 3203 3806 Μαρίας,
3243 3734 3538 3799 πεζεύσας,
3579 3730 3743 3784 ὁδοιπο-

505 3831 770 3885 educatus
804 3840 968 3901 atque
1007 3845 1038 3884 a
1065 3830 1340 3902 Symeone
1367 3838 1423 3886 et
1462 3830 1620 3884 Anna
1655 3829 1710 3884 in
1739 3829 1885 3885 ulnis
1916 3839 2068 3901 gesta

2207 3828 2400 3897 ρήσας,
2450 3827 2663 3881 παιδίον
2706 3826 2966 3896 γεγονὼς,
3021 3826 3321 3898 ἀνδρωθεὶς
3375 3830 3442 3899 τῇ
3487 3822 3672 3897 ἡλικίᾳ,
3694 3816 3743 3870 τὰ

508 3933 594 3978 tus
631 3942 645 3976 :
683 3938 714 3976 ι
737 3921 908 3977 Maria
951 3932 1224 3994 portatus,
1266 3924 1368 3979 iter
1401 3933 1591 3994 postea
1639 3923 1874 3994 pedibus
1913 3925 2071 3980 confe

2205 3921 2382 3974 πάντα
2414 3919 2553 3990 ἔχων
2581 3922 2637 3973 ἐν
2665 3918 2845 3990 ἐαυτῷ
2880 3921 2937 3972 ἐν
2961 3919 3280 3991 τελειότητι,
3321 3923 3382 3973 ἐν
3415 3915 3622 3990 ἀριθμῷ
3643 3912 3745 3966 ἑτῶν

505 4015 602 4081 cit,
636 4013 1018 4084 peregrinatus
1052 4022 1159 4078 est,
1199 4015 1266 4070 ad
1299 4014 1592 4085 pueritiam
1630 4015 1900 4084 pervenit,
1943 4021 2068 4070 aetat

2203 4012 2494 4082 λογισθεὶς,
2522 4001 2585 4066 ’ἐν
2633 4012 2852 4084 ἀριθμῷ
2883 4013 3067 4083 μηνῶν
3096 4014 3156 4066 ἐν
3197 4011 3383 4084 κοιλία
3412 4005 3742 4081 κυοφορηθεὶς.

507 4109 898 4164 corroboratus
923 4116 1029 4173 est,
1067 4109 1307 4163 humana
1337 4108 1394 4162 in
1428 4123 1489 4164 se
1518 4107 1702 4162 omnia
1733 4106 1973 4178 perfecte
2007 4107 2070 4161 ha

2203 4107 2527 4175 γενόμενος
2562 4107 2631 4160 ἐκ
2681 4108 2986 4176 γυναικὸς,
3038 4109 3368 4177 monet-oc;
3418 4104 3534 4162 ὑπὸ
3568 4102 3744 4170 νόμον·

509 4200 647 4265 buit,
705 4215 975 4257 annorum
1013 4215 1244 4256 nmnero
1295 4215 1522 4268 census,
1565 4202 1835 4256 mensium
1871 4215 2072 4256 nunten

2203 4197 2374 4251 ἐλθὼν
2404 4199 2498 4253 ἐπὶ
2542 4199 2634 4253 τὸν
2681 4199 2973 4271 Ἰορδάνην,
3013 4199 3332 4272 βαπτισθεὶς
3383 4199 3487 4253 ὑπὸ
3527 4196 3748 4253 Ἰωάννουν

507 4295 562 4349 in
592 4294 930 4366 praegnantis
953 4303 1113 4350 utero
1142 4301 1410 4362 gestatus,
1443 4292 1621 4361 factus
1646 4309 1713 4348 ea:
1748 4292 1984 4360 muliere,
2026 4293 2070 4362 fa

2204 4293 2305 4345 οὐκ
2333 4291 2680 4362 ἐπιδεόμενος
2714 4291 2940 4363 λουτροῦ
2961 4310 2974 4324 '
3007 4292 3094 4348 διά
3117 4293 3176 4346 δὲ
3203 4294 3263 4346 τὸ
3290 4291 3582 4348 ἀκόλουθον
3607 4288 3690 4356 τῆς
3709 4287 3751 4335 ἐν

505 4396 624 4438 ctus
663 4385 758 4438 sub
784 4386 891 4454 lege
919 4384 957 4441 ³.
998 4383 1204 4438 Deinde
1257 4382 1326 4437 ad
1362 4381 1658 4438 Jordanem
1688 4382 1967 4452 profectus
1995 4391 2068 4438 est

2204 4382 2354 4455 νόμῳ
2389 4383 2852 4456 ἐνανθρωπήσεως
2869 4385 2955 4456 ’μὴ
2983 4385 3272 4457 ταράσσων
3305 4385 3370 4438 τὸ
3395 4385 3614 4444 δίκαιον,
3636 4380 3750 4436 ὅπως

507 4475 820 4546 ibidemque
878 4490 908 4530 a
956 4473 1170 4531 Joanne
1199 4475 1535 4545 baptizatus,
1564 4489 1690 4529 cum
1731 4473 1936 4528 lotione
1963 4473 2070 4527 nihi

2207 4475 2492 4547 πληρωθῇ,
2524 4476 2600 4540 ὡς
2625 4477 2785 4541 αὐτὸς
2815 4477 2942 4548 ἔφη,
2975 4478 3124 4530 πᾶσα.
3156 4476 3502 4548 δικαιοσύνη,
3530 4475 3610 4528 ἶνα
3633 4467 3752 4536 δείξῃ

507 4585 644 4637 opus
665 4569 910 4632 haberet,
942 4569 1038 4624 sed
1075 4579 1131 4622 ut
1155 4583 1241 4634 ea,
1275 4582 1398 4637 quae
1429 4574 1697 4637 susceptae
1724 4565 1966 4622 hominis
2003 4581 2070 4619 na

2204 4533 2598 4638 ὅτιηάληθινὴν
2639 4533 2823 4640 σάρκα
2857 4533 3174 4636 ἐνεδύσατο,
3221 4533 3750 4640 ἀληθινὴζένανθρῶ

509 4671 646 4717 turae
690 4672 1060 4717 consentanea
1123 4667 1272 4721 sunt,
1316 4668 1581 4722 servaret,
1642 4658 1872 4728 justitia:
1917 4658 2072 4729 legen

2207 4677 2394 4730 πησιν.
2449 4661 2864 4732 Κατερχόμενος
2913 4663 2995 4725 είς
3048 4661 3119 4715 τά
3168 4661 3373 4728 ὕδατα,
3422 4660 3591 4723 διδοὺς
3643 4656 3752 4726 ἤπερ

511 4755 834 4826 perturbare
877 4754 1074 4820 noluit,
1131 4761 1189 4806 ut
1239 4751 1594 4821 impleretur,
1634 4750 2074 4820 quemadmodun

2206 4751 2518 4822 λαμϐάνων,
2550 4753 2924 4824 παρεχόμενος
2954 4753 3098 4824 ἤπερ
3133 4753 3506 4824 ἐπιδεόμενος,
3545 4745 3752 4819 φωτίζων

511 4853 628 4918 ipse
666 4847 817 4914 dicit,
849 4847 1031 4902 cumis
1065 4845 1284 4916 justitia
1308 4844 1350 4909 ⁸,
1385 4853 1550 4915 atque
1574 4858 1758 4898 veram
1799 4858 1829 4896 a
1884 4859 1943 4899 se
1978 4858 2074 4900 ear

2206 4842 2365 4905 αὐτὰ,
2398 4843 2715 4914 ἐνδυναμῶν
2752 4844 2893 4898 αὐτά
2931 4845 3012 4908 είς
3055 4843 3224 4897 τύπον
3269 4843 3384 4896 τῶν
3411 4841 3692 4915 μελλόντων
3711 4836 3753 4886 ἐν

512 4957 634 4994 nent
694 4954 986 5009 veramque
1036 4939 1275 4993 hominis
1307 4945 1564 4991 naturam
1624 4941 1940 5004 susceptam
1975 4949 2075 4989 ess.

2207 4936 2355 5005 αὐτῷ
2393 4936 2765 4992 τελειοῦσθαι·
2817 4938 2967 5001 ὅπως
3013 4938 3062 4991 οἱ
3092 4937 3240 5008 αὑτῷ
3281 4933 3691 4992 πεπιστευκότες
3709 4927 3753 4977 έν

510 5038 854 5085 monstraret.
911 5028 1078 5099 Igitur
1109 5031 1175 5084 ad
1219 5043 1392 5099 aquas
1424 5024 1730 5089 descendit,
1789 5025 1864 5079 ita
1915 5033 2073 5079 tamen

2204 5029 2452 5102 ἀληθείᾳ,
2500 5031 2593 5084 καὶ
2632 5031 2845 5101 ἔχοντες
2889 5030 2987 5102 τὴν
3023 5031 3204 5084 πίστιν
3236 5029 3336 5099 τῆς
3376 5027 3647 5098 ἀληθείας.
3681 5018 3754 5090 μά-

511 5130 568 5173 ut
597 5119 872 5174 conferret
892 5120 1095 5188 aliquid
1125 5121 1307 5190 potius
1333 5134 1496 5190 quam
1529 5119 1834 5188 acciperet;
1869 5116 2074 5187 largire

2206 5122 2371 5176 θωσιν
2421 5125 2502 5176 ὅτι
2538 5123 2808 5194 ἀληθινῶς
2858 5123 3301 5195 ἐνηνθρώπησεν,
3355 5117 3625 5190 ἀληθινῶς
3652 5111 3750 5166 ἐδα-

510 5220 598 5264 tur
662 5209 831 5278 magis
881 5224 1044 5277 quam
1086 5212 1161 5265 rei
1188 5211 1496 5281 cujuspiam
1552 5209 1858 5279 indigeret:
1893 5211 2073 5280 quipp.

2206 5215 2406 5285 πτίσθη
2429 5233 2440 5244 °
2473 5217 2566 5268 καὶ
2593 5215 2766 5278 οὕτως
2786 5215 2874 5269 διὰ
2899 5215 2998 5285 τῆς
3017 5213 3182 5267 αὑτοῦ
3216 5211 3660 5280 συγκαταθέσεως
3684 5201 3754 5255 καὶ

509 5303 728 5358 easdem
766 5301 890 5354 illas
941 5315 1110 5368 aquas
1147 5317 1245 5356 sua
1275 5303 1396 5358 luce
1419 5301 1786 5364 collustravit,
1830 5309 1886 5356 ct
1910 5301 1976 5354 ad
2003 5317 2068 5356 co

2204 5307 2357 5359 αὐτοὶ
2394 5307 2700 5378 ἐρχόμενοι,
2741 5307 2946 5361 λάϐωσι
2971 5307 3068 5377 τῆς
3100 5305 3263 5360 αὐτοῦ
3291 5304 3648 5362 καταϐάσεως
3679 5292 3753 5361 τὴν

509 5408 628 5446 rum
671 5407 792 5462 qua:
840 5391 894 5445 in
927 5407 1048 5446 sese
1082 5392 1412 5462 pcrlicienda
1442 5401 1620 5460 erant,
1663 5393 2072 5448 adumbrandan

2204 5398 2452 5468 δύναμιν,
2486 5400 2579 5452 καὶ
2631 5399 2976 5468 φωτισθῶσιν
3030 5400 3140 5452 ἀπὸ
3185 5399 3282 5468 τῆς
3314 5396 3490 5449 αὐτοῦ
3526 5404 3753 5463 φωταγω-

512 5486 823 5555 imaginem,
855 5482 1149 5554 quamdam
1179 5485 1286 5537 vim
1322 5483 1428 5540 illis
1456 5487 1740 5556 impertiit,
1771 5496 1825 5541 ut
1864 5487 1955 5557 qui
1993 5488 2075 5557 ips

2206 5491 2363 5557 γίαςι·
2407 5490 2915 5562 πληροφορούμενοι
2962 5490 3037 5561 τῷ
3066 5491 3123 5543 ἐν
3151 5488 3228 5559 τῷ
3258 5489 3530 5559 Προφήτῃ
3565 5479 3696 5554 ῥητῷ
3717 5477 3748 5504 ”

511 5589 700 5631 revera
758 5576 1064 5644 crederent,
1107 5590 1172 5631 ac
1198 5576 1450 5632 veritatis
1492 5588 1678 5633 essent
1721 5579 1826 5633 lide
1862 5579 2070 5649 prmditi

2207 5584 2312 5648 Εἰς
2361 5583 2758 5654 μεταλλαγὴν
2805 5583 3133 5654 δυνάμεως,
3196 5584 3278 5647 εὶς
3346 5579 3623 5649 παροχὴν
3663 5587 3754 5626 σω-

585 5729 603 5759 ¹
634 5729 792 5812 Cant.
825 5748 863 5794 ι,
901 5734 1012 5812 15.-
1063 5735 1083 5763 ²
1113 5731 1133 5784 l
1161 5730 1310 5812 Petr.
1333 5746 1391 5797 tt,
1421 5731 1513 5784 22.
1591 5732 1612 5764 ³
1648 5733 1824 5788 (.ialat.
1851 5751 1922 5799 tv,
1948 5736 2000 5788 4.
2078 5739 2100 5767 δ
2133 5735 2148 5790 ί

2189 5739 2322 5793 atth.
2352 5753 2409 5812 ut
2466 5741 2553 5800 15.
2618 5744 2743 5811 “rp.
2770 5741 3060 5810 ἀληθινῶς.
3128 5743 3148 5774 ⁸
3175 5757 3263 5810 πο.
3303 5742 3334 5793 ὁ
3374 5739 3568 5807 Λόγος.
3636 5731 3655 5765 ’
3683 5743 3752 5799 21"

513 5795 886 5867 πληρουμένου
923 5802 1278 5874 τοῦ...ρητοῦ.
