3958 6402
269 375 385 431 881
1605 369 2268 428 ANACEPIIALAEOSIS.
3471 365 3583 422 88').

268 493 494 560 τηρίας
537 489 649 559 τῆς
697 489 1008 556 δυνάμεως
1065 490 1172 545 τοῦ
1213 492 1396 558 ἄρτου
1435 492 1554 545 ἀπὸ
1604 491 1711 560 τῆς
1777 493 1878 546 Ἰε-

1986 491 2352 562 intelligerent
2376 503 2484 544 non
2513 489 2664 544 illum
2699 487 2822 544 ﬁcte
2850 487 3147 542 humanam
3193 485 3439 541 induisse
3471 499 3574 539 na-

270 582 607 652 ρουσαλὴμ
661 581 1143 652 λαμϐανομένης,
1194 583 1290 638 καί
1339 582 1448 652 τῆς
1495 585 1712 654 ἰσχύος
1766 585 1874 638 τοῦ

1986 589 2189 645 turam,
2222 596 2402 652 neque
2431 580 2558 636 ﬁcte
2586 595 2709 636 esse
2740 579 2898 650 aquis
2922 579 3212 634 intinctum
3242 577 3576 646 :eademque

273 673 529 740 ὕδατος.
1981 682 2036 728 ct
2071 675 2175 744 ipsi
2215 673 2428 729 ratione
2459 689 2555 743 per
2581 687 2700 728 eam
2742 687 2901 742 quam
2936 671 3024 725 ille
3057 685 3168 740 prze
3201 685 3324 724 sese
3353 670 3573 731 tulerat,

273 766 848 821 accommodationem
916 768 1262 836 accedentes,
1307 771 1533 826 inditam
1574 771 1723 827 illius
1749 769 2115 826 descensione
2154 771 2264 825 vim
2319 769 2375 824 in
2439 784 2561 825 sese
2627 767 2985 832 transferant,
3043 766 3402 835 ejusdemque
3454 765 3574 820 luce

275 862 687 934 perfundantur
721 883 733 917 :
776 863 988 934 1137
1003 881 1112 935 quo
1137 867 1515 938 propheticum
1545 868 1837 938 impleatur
1871 868 2154 922 oraculum
2181 866 2314 945 :Ad
2359 865 2750 922 immutandum
2779 867 3026 920 virtutem
3074 863 3574 934 conciliandamque

276 960 514 1014 salutem
543 976 607 1013 ea:
641 959 739 1013 illa
771 963 926 1029 panis
952 963 1164 1026 virtute,
1191 981 1309 1034 qua:
1365 965 1430 1017 ab
1463 963 1766 1020 Jerusalem
1801 964 2082 1033 accipitur,
2111 979 2477 1034 aquarumque
2521 979 2590 1018 vt.

371 1049 636 1104 Ἐνταῦθα
685 1051 742 1104 δὲ
805 1051 863 1103 ὲν
911 1053 1134 1124 Χριστῷ
1188 1055 1724 1127 ἰσχυροποιουμένων
1779 1055 1882 1125 τῆς

276 1141 569 1213 δυνάμεως
593 1143 690 1198 τοῦ
717 1145 907 1216 ἄρτου,
942 1146 1038 1200 καὶ
1066 1147 1164 1218 τῆς
1189 1147 1282 1201 τοῦ
1316 1147 1510 1213 ῦδατος
1540 1150 1724 1220 ἰσχύος
1744 1166 1758 1180 ⁸
1793 1149 1881 1203 ἵνα

276 1234 388 1287 οὐκ
419 1233 582 1305 ἄρτος
611 1236 743 1306 ἡμῖν
775 1235 1000 1307 γένηται
1041 1237 1292 1310 δύναμις,
1340 1239 1477 1293 ἀλλὰ
1518 1240 1750 1312 δύναμις
1778 1239 1879 1311 ἆρ-

276 1341 382 1378 του
406 1341 419 1354 ·
451 1327 545 1380 καὶ
575 1326 782 1398 βρῶσις
819 1329 917 1400 μὲν
941 1332 970 1382 ό
1007 1329 1192 1403 ἄρτος,
1237 1333 1270 1403 ὴ
1304 1332 1360 1386 δὲ
1384 1332 1614 1404 δύναμις
1648 1335 1706 1386 ἐν
1732 1332 1880 1403 αὐτῷ

278 1418 369 1481 εἰς
394 1417 741 1490 ζωογόνησιν.
767 1417 872 1474 Καὶ
905 1421 1003 1492 οὐχ
1033 1421 1120 1475 ἵνα
1159 1421 1222 1475 τὸ
1251 1421 1396 1496 ὕδωρ
1422 1426 1572 1494 ἡμᾶς
1604 1423 1877 1495 καθαρίσῃ

282 1509 474 1579 μόνον,
506 1509 622 1563 ἀλλ’
659 1510 746 1564 ἴνα
786 1512 844 1566 ὲν
873 1515 940 1584 τῇ
990 1513 1135 1583 ἰσχύϊ
1167 1513 1262 1568 τοῦ
1293 1514 1484 1579 ὓδατος
1525 1515 1612 1570 διὰ
1651 1515 1751 1586 τῆς
1789 1515 1880 1569 πί-

279 1619 462 1665 στεως
503 1602 599 1656 καὶ
657 1604 973 1674 ἐνεργείας,
1020 1608 1114 1662 καὶ
1161 1607 1512 1679 ὲλπίδος,καὶ
1566 1607 1882 1680 μυστηρίων

276 1692 642 1757 τελειώσεως,
682 1695 776 1747 καὶ
821 1697 1120 1768 ὀνομασίας
1151 1699 1251 1770 τῆς
1290 1700 1628 1768 ἀγιαστείας,
1655 1700 1881 1770 γένηται

279 1785 422 1854 ἡμῖν
470 1785 550 1848 εἰς
598 1785 878 1841 τελείωσιν
937 1791 1233 1861 σωτηρίας.
1304 1790 1570 1845 Ἀνελθὼν
1628 1791 1736 1845 ἀπὸ
1784 1789 1876 1843 τοῦ

2051 1053 2152 1109 Hic
2183 1056 2330 1109 enim
2391 1055 2446 1108 in
2499 1053 2720 1109 Christo
2781 1052 2938 1123 panis
2985 1051 3159 1106 virtus
3200 1065 3263 1104 ac
3299 1050 3380 1104 vis
3418 1065 3573 1118 aqua-

1982 1146 2399 1209 corroboratur,
2448 1152 2510 1199 ut
2562 1159 2670 1199 non
2708 1143 2869 1214 panis
2900 1142 3017 1213 ipse
3068 1141 3140 1196 sit
3184 1140 3343 1194 nobis
3374 1140 3570 1204 virtus,

1979 1238 2075 1293 sed
2111 1239 2289 1293 virtus
2316 1251 2347 1290 a
2377 1253 2518 1308 pane
2541 1235 2820 1307 profecta;
2856 1250 2920 1290 ac
2943 1234 3103 1290 cibus
3128 1234 3348 1305 quidem
3385 1241 3574 1287 noster

1977 1329 2134 1400 panis
2161 1339 2263 1394 est,
2292 1328 2384 1384 sed
2417 1329 2472 1382 in
2513 1329 2633 1397 ipso
2673 1327 2856 1381 vitalis
2891 1325 3139 1396 quaedam
3174 1326 3350 1380 virtus
3385 1325 3567 1378 conti-
3609 1309 3614 1314 ’

1979 1428 2159 1475 netur.
2193 1419 2380 1491 Neque
2399 1420 2452 1475 id
2486 1421 2666 1474 solum
2697 1425 2878 1472 aetum
2901 1425 3195 1482 est,utnos
3226 1431 3366 1485 aqua
3384 1430 3576 1485 repur-

1981 1521 2156 1582 garet,
2191 1511 2285 1568 sed
2321 1518 2380 1566 ut
2429 1525 2585 1581 aquae
2624 1510 2694 1573 vi,
2731 1523 2828 1579 per
2881 1507 3042 1563 ﬁdem
3089 1515 3143 1562 et
3185 1507 3457 1561 actionem
3520 1514 3576 1560 et

1979 1620 2154 1675 spem,
2179 1620 2243 1659 ac
2263 1605 2651 1674 mysteriorum
2679 1600 3040 1655 initiationem
3059 1607 3114 1654 et
3135 1598 3574 1654 consecrationis

1981 1697 2430 1767 appellationem,
2491 1693 2790 1765 perfectam
2863 1692 3285 1761 absolutamque
3338 1691 3573 1746 salutem

1983 1789 2144 1844 nobis
2179 1789 2314 1860 ipsis
2339 1787 2635 1843 conferret.
2663 1785 2806 1856 Ergo
2835 1784 3092 1840 Christus
3117 1785 3365 1841 ascendit
3392 1800 3421 1838 e
3445 1782 3572 1838 Jor-

294 1873 566 1947 Ἰορδάνου
586 1876 820 1937 ,ἀκούων
851 1881 1033 1952 φωνὴν
1051 1857 1264 1947 ΙΪατρὸς
1294 1883 1373 1945 εἰς
1398 1881 1568 1952 ἀκοὴν
1594 1881 1878 1952 παρόντων

1986 1883 2143 1946 dane,
2171 1857 2358 1936 vocem
2411 1878 2592 1935 Patris
2641 1876 2833 1943 audiit,
2876 1892 3040 1947 quam
3077 1885 3132 1932 et
3173 1875 3430 1946 discipuli
3480 1875 3572 1945 qui

278 1965 398 2019 τῶν
439 1965 698 2037 μαθητῶν
739 1970 819 2032 εἰς
842 1969 904 2022 τὸ
937 1971 1320 2036 ὑποδεῖξαι-τίς
1347 1973 1375 2024 ὁ
1411 1970 1880 2042 μαρτυρούμενος,

281 2057 388 2110 καὶ
414 2056 507 2110 τοῦ
531 2059 688 2128 ἁγίου
718 2061 1034 2133 Πνεύματος
1072 2064 1130 2116 ὲν
1173 2065 1304 2118 εῐδει
1336 2064 1665 2135 περιστερᾶς
1691 2080 1884 2133 κατερ-

281 2148 544 2220 χομένου,
591 2151 845 2224 καθάπερ
874 2155 932 2208 ὲν
967 2155 1190 2217 πολλαῖς
1217 2155 1494 2225 αἱρέσεσιν
1543 2156 1877 2225 εἰρήκαμεν·

280 2241 380 2292 ἵνα
412 2238 487 2310 μὴ
519 2241 816 2314 συναλοιφὴ
857 2246 891 2314 ἠ
923 2243 1093 2315 Τριὰς
1120 2243 1374 2314 νομισθῇ,
1407 2243 1882 2314 σχηματιζομένου

280 2330 386 2383 τοῦ
415 2331 734 2401 Πνεύματος
768 2336 826 2387 ὲν
876 2334 982 2406 ἰδία
1036 2334 1368 2387 ὑποστάσεν
1417 2333 1880 2404 ὲπικαθεζομένου

279 2425 349 2477 δὲ
392 2425 486 2478 τοῦ
539 2425 880 2497 Πνεύματος,
930 2429 1026 2481 καὶ
1069 2428 1368 2499 ἐρχομένου
1422 2429 1510 2480 ἐπ’
1561 2427 1746 2492 αὑτὸν,
1794 2429 1883 2480 ἵνα

278 2513 429 2586 ὀφθῇ
470 2517 500 2570 ό
545 2519 1024 2588 μαρτυρούμενος⁸
1060 2520 1146 2572 ἵνα
1179 2518 1318 2590 σάρξ
1352 2521 1384 2590 ἡ
1418 2519 1548 2588 ἁγία
1585 2518 1714 2590 φίλη
1747 2514 1884 2573 οῦσα

281 2607 385 2660 καί
418 2607 804 2680 εὐδοκουμένη,
836 2610 941 2664 ὑπὸ
984 2611 1078 2664 τοῦ
1121 2611 1334 2683 Πατρὸς
1379 2612 1474 2665 καὶ
1502 2609 1596 2664 τοῦ
1632 2611 1884 2681 Πνεῦμα-

279 2717 382 2764 τος
431 2701 842 2773 μαρτυρηθείη·
893 2705 980 2758 ἵνα
1016 2706 1045 2758 ό
1092 2705 1281 2776 Πατὴρ
1335 2704 1634 2776 εὐδοκητὴς
1679 2699 1737 2779 ᾗ,
1787 2705 1882 2758 καὶ

280 2794 470 2865 κῆρυξ
496 2794 597 2865 τῆς
628 2794 734 2849 τοῦ·
753 2796 881 2850 Υἱοῦ
911 2798 1177 2870 ὲνσάρκου
1207 2799 1512 2870 παρουσίας
1531 2816 1544 2829 ·
1579 2799 1664 2852 ἵνα
1689 2799 1717 2850 ὁ
1756 2798 1882 2862 Υἱὸς

281 2883 546 2954 ἀληθινὸς
589 2884 766 2957 ὀφθῇ,
815 2887 910 2940 καὶ
961 2887 1231 2961 πληρώσῃ
1287 2888 1347 2941 τὸ
1395 2888 1719 2959 εἰρημένον·
1770 2887 1882 2941 Καὶ

275 2975 438 3046 μετὰ
474 2977 661 3032 ταῦτα
689 2978 790 3031 ἐπὶ
822 2978 933 3048 τῆς
963 2979 1074 3050 γῆς
1109 2979 1300 3050 ὤφθη,
1333 2981 1430 3034 καὶ
1448 2980 1599 3050 μετά
1627 2981 1748 3034 τῶν
1772 2982 1881 3036 ἀν-

281 3067 537 3136 θρώπων
564 3070 1062 3140 συνανεστράφη.
1108 3071 1371 3126 Ἀνελθὼν
1405 3073 1512 3126 άπὸ
1541 3073 1633 3126 τοῦ
1681 3074 1880 3144 Ἰορδὰν

280 3177 404 3224 νου,
438 3159 626 3230 σαφῶς
669 3162 761 3215 καὶ
810 3162 1082 3234 ἀληθινῶς
1110 3164 1219 3218 ἀπὸ
1259 3163 1354 3218 τοῦ
1396 3163 1641 3217 διαϐόλου
1690 3182 1877 3237 πειραο

281 3250 440 3314 σθεὶς
477 3253 535 3305 ἐν
565 3254 632 3324 τῇ
682 3254 897 3325 ἐρήμῳ,
949 3255 1046 3309 καὶ
1095 3256 1356 3319 πεινάσας
1391 3255 1618 3327 ὕστερον
1647 3256 1735 3310 διὰ
1778 3258 1878 3330 τὴν

277 3343 614 3398 ἀκολουθίαν
661 3345 754 3400 καὶ
796 3346 1058 3417 ἀλήθειαν
1086 3347 1190 3419 τῆς
1236 3348 1504 3419 ὲνσάρκου
1536 3349 1839 3421 παρουσίας
1861 3366 1875 3380 ·

279 3440 388 3494 καὶ
419 3441 810 3513 ἐπιλεξάμενος
853 3442 1122 3513 μαθητὰς,
1171 3444 1266 3498 καὶ
1305 3443 1548 3516 κηρύξας
1595 3444 1875 3515 ἀλήθειαν,

280 3530 386 3587 καὶ
415 3533 706 3603 ἰασάμενος
731 3533 800 3586 τὰ
829 3533 1004 3605 πάθη,
1036 3533 1400 3606 καθευδήσας,
1436 3533 1720 3602 πεινάσας,
1750 3535 1879 3588 ὁδοι-

279 3624 556 3695 πορήσας,
593 3623 920 3696 θεοσημείας
965 3628 980 3657 ί
1024 3625 1425 3696 ἐργασάμενος,
1463 3629 1690 3698 νεκροὺς
1733 3627 1878 3693 ἐγεί-

283 3733 412 3788 ρας,
461 3716 683 3784 τυφλοῖς
715 3718 776 3771 τὸ
814 3718 1036 3788 βλέπειν
1065 3717 1388 3789 παρασχὼν,
1417 3719 1624 3788 χωλοὺς
1651 3719 1745 3772 καὶ
1773 3736 1880 3774 πα-

284 3807 618 3878 ραλυτικοὺς
661 3811 1118 3880 ἰσχυροποιήσας·
1183 3810 1242 3874 ὃς
1299 3812 1535 3882 ἐκήρυξε
1583 3811 1645 3864 τὸ
1697 3812 1880 3881 Εὐαγ-

279 3898 491 3969 γὲλιον,
536 3899 636 3972 τὴν
679 3900 960 3970 ἀλήθειαν,
993 3901 1090 3972 τὴν
1135 3901 1414 3972 βασιλείαν
1450 3902 1560 3955 τῶν
1607 3904 1876 3974 οὐρανῶν,

278 3990 390 4061 τὴν
423 3991 588 4044 αὐτοῦ
637 3991 1052 4063 φιλανθρωπίαν
1087 3997 1182 4048 καὶ
1229 3995 1324 4050 τοῦ
1375 3995 1592 4069 Πατρδς
1639 3998 1734 4051 καὶ
1782 3995 1879 4052 τοῦ

277 4083 446 4153 ἁγίου
475 4083 616 4138 Πνεύ
624 4101 816 4155 ματος.

374 4351 432 4405 '0
469 4353 610 4424 ὑπὲρ
663 4353 822 4425 ἡμῶν
853 4353 916 4407 τὸ
965 4354 1139 4419 πάθος
1179 4355 1482 4427 ὑπομείνας
1519 4358 1578 4410 ὲν
1622 4357 1877 4430 ἀληθείᾳ,

279 4447 347 4499 ὲν
385 4446 453 4515 τῇ
487 4445 652 4516 σαρκὶ
680 4446 775 4499 καὶ
807 4447 864 4499 ὲν
886 4449 954 4518 τῇ
988 4447 1170 4519 τελείᾳ
1195 4447 1611 4519 ὲνανθρωπήσει
1638 4489 1652 4514 ,
1687 4450 1877 4505 παθὼν

1982 1977 2231 2040 aderant,
2265 1974 2560 2033 audierunt
2585 1973 2626 2038 ³,
2669 1979 2729 2027 ιιι
2758 1971 2884 2042 quis
2908 1971 2999 2026 ille
3027 1969 3165 2025 foret
3201 1970 3299 2024 eui
3329 1967 3578 2024 testimo-

1981 2065 2132 2120 nium
2177 2063 2310 2119 illud
2366 2063 2725 2135 praeberetur,
2787 2067 3169 2133 agnoscerent.
3222 2057 3360 2113 Tum
3410 2058 3575 2114 etiam

1985 2157 2224 2227 Spiritus
2282 2167 2508 2212 sanctus
2563 2153 2833 2210 columbae
2900 2153 3083 2222 specie
3128 2151 3387 2222 delapsus
3449 2157 3574 2212 est,

1982 2248 2443 2319 quemadmodum
2476 2252 2531 2304 in
2562 2249 2858 2303 multarum
2894 2248 3173 2302 luereseon
3201 2244 3578 2299 eonfutatione

1983 2339 2246 2394 diximus.
2311 2339 2389 2393 Ac
2446 2354 2516 2393 ne
2571 2337 2818 2393 Trinitas
2865 2338 2983 2406 ipsa
3025 2337 3080 2390 in
3123 2351 3292 2390 unum
3353 2335 3576 2390 redacta

1983 2433 2326 2504 confusaque
2352 2433 2692 2498 crederetur,
2722 2431 2962 2502 Spiritus
2998 2431 3221 2501 propria
3252 2431 3305 2484 in
3339 2445 3576 2499 persona

1987 2524 2216 2596 ﬁguram
2269 2526 2415 2580 illam
2461 2523 2660 2588 induit,
2689 2535 2742 2578 et
2763 2539 2928 2593 super
2963 2523 3115 2576 illum
3150 2522 3376 2586 resedit,
3409 2537 3578 2590 seque

1985 2615 2040 2669 in
2075 2619 2252 2686 ipsum
2310 2615 2631 2676 insinuavit,
2690 2626 2746 2668 ut
2797 2615 2846 2669 is
2889 2612 2976 2667 cui
3023 2612 3397 2668 testimonium
3443 2612 3575 2664 illud

1986 2710 2411 2778 sutl'ragabatur,
2474 2708 2812 2778 conspicuus
2876 2713 3052 2768 esset;
3085 2711 3252 2773 utque
3287 2719 3578 2758 sacrosan-

1985 2811 2130 2856 ctam
2167 2801 2313 2855 illam
2360 2817 2584 2855 carnetn
2628 2799 2859 2853 amicam
2895 2812 3018 2853 esse
3057 2805 3112 2852 et
3164 2797 3382 2867 placere
3444 2795 3576 2861 Deo,

1985 2894 2164 2950 Patris
2218 2908 2285 2947 ac
2326 2892 2568 2964 Spiritus
2621 2891 2953 2945 auctoritate
3001 2897 3303 2951 constaret,
3331 2897 3391 2942 ut
3420 2887 3580 2942 Pater

1986 2985 2328 3056 complaceat
2385 2984 2492 3038 sibi
2559 2983 2612 3037 in
2655 2979 2826 3045 Filio,
2877 2990 2931 3036 et
2979 2981 3381 3035 lncarnationis
3430 2980 3580 3033 illius

1987 3090 2166 3146 praeco
2195 3089 2318 3129 esse
2357 3073 2642 3136 videatur;
2680 3086 2745 3126 ac
2775 3071 3014 3142 denique
3047 3086 3210 3126 verus
3252 3082 3309 3125 ut
3349 3085 3572 3140 appare-

1986 3175 2068 3222 ret
2111 3165 2305 3231 Filius,
2355 3173 2408 3220 ct
2444 3165 2576 3220 illud
2609 3165 2888 3236 prOphcta:
2931 3163 3254 3218 vaticinium
3287 3163 3534 3232 expleret
3564 3177 3575 3212 :

1989 3259 2055 3314 Et
2077 3268 2193 3330 post
2216 3260 2325 3312 [nec
2355 3259 2408 3312 in
2438 3268 2580 3312 terra
2604 3259 2746 3312 visus
2768 3266 2872 3322 est,
2909 3267 2956 3311 et
2997 3273 3112 3310 cum
3133 3255 3430 3309 hominibus
3462 3271 3581 3307 con-

1985 3359 2225 3405 versatus
2285 3358 2363 3402 est
2396 3348 2436 3398 ⁸.
2487 3347 2654 3417 Igitur
2709 3360 2739 3399 a
2785 3343 3022 3399 Jordane
3075 3343 3377 3411 digressus,
3427 3349 3579 3394 certo

1984 3456 2222 3508 vereque
2282 3454 2313 3492 a
2358 3438 2578 3494 diabolo
2610 3438 2664 3492 in
2691 3436 2911 3492 deserto
2939 3443 3184 3490 tentatus
3217 3442 3336 3500 est;
3368 3440 3422 3487 et
3456 3441 3580 3501 post

1981 3533 2250 3603 jejunium
2307 3531 2566 3594 esuriit“,
2613 3537 2673 3584 ut
2705 3529 2848 3599 quod
2899 3543 3041 3582 vera:
3099 3525 3252 3581 carni
3309 3531 3580 3593 susceptae

1984 3632 2420 3678 consentaneum
2443 3629 2528 3675 est
2556 3620 2908 3690 exprimeret.
2950 3615 3265 3671 Secundum
3287 3616 3400 3668 haec
3421 3613 3581 3668 disci-

1984 3717 2144 3787 pulos
2175 3715 2356 3785 elegit,
2381 3713 2667 3769 veritatem
2701 3709 3042 3781 praedicavit,
3091 3707 3446 3778 :egritudines
3492 3721 3580 3760 sa-

1984 3808 2159 3872 navit,
2192 3806 2438 3869 dormiit,
2473 3804 2687 3867 esuriit,
2715 3803 2815 3858 iter
2856 3801 3003 3865 fecit,
3045 3799 3291 3872 prodigia
3321 3797 3578 3868 patravit,

1985 3909 2235 3956 mortuos
2265 3899 2542 3962 excitavit,
2567 3897 2729 3952 caecis
2753 3895 2931 3952 visum
2963 3891 3397 3964 repraesentavit,
3427 3891 3580 3944 clau-

1985 3995 2071 4050 dis
2103 4001 2157 4048 et
2203 3991 2523 4064 paralyticis
2570 3990 2717 4045 vires
2759 3989 3003 4045 restituit
3041 3987 3177 4057 :qui
3204 3984 3580 4054 Evangelium,

1983 4086 2294 4151 veritatem,
2318 4098 2548 4155 regnum
2583 4083 2874 4146 malorum,
2917 4094 3072 4135 suam
3110 4079 3284 4148 ipsius
3308 4083 3362 4129 et
3401 4073 3580 4129 Patris

1982 4189 2038 4234 et
2069 4178 2307 4248 Spiritus
2335 4176 2514 4231 sancti
2555 4174 2861 4230 bonitatem
2901 4171 3412 4238 humanitatemque
3443 4182 3582 4237 pra:-

1983 4267 2206 4322 dicavit.

2054 4357 2197 4413 ldem
2251 4358 2340 4412 ille
2379 4371 2545 4428 porro
2591 4369 2778 4412 revera
2819 4353 3130 4425 passionem
3181 4353 3234 4406 in
3276 4365 3374 4406 sua
3411 4365 3579 4404 carne

1981 4461 2034 4508 et
2065 4449 2304 4516 perfecta
2336 4448 2574 4504 hominis
2609 4457 2806 4503 natura
2843 4445 3131 4507 sustinuit,
3171 4459 3295 4499 vere
3326 4443 3380 4498 in
3412 4457 3580 4497 cruce

281 4541 349 4590 ὲν
378 4537 606 4610 ἀληθείᾳ
625 4539 716 4592 ἐπὶ
745 4538 842 4592 τοῦ
876 4537 1134 4610 σταυροῦ,
1155 4539 1420 4612 συνούσης
1450 4541 1599 4613 αὐτῷ
1632 4543 1732 4614 τῆς
1757 4544 1876 4598 θεό-

1986 4561 2180 4616 passus
2210 4551 2295 4600 est
2327 4562 2339 4598 :
2374 4543 2446 4597 ita
2490 4541 2712 4617 quidem
2752 4548 2812 4595 ut
2859 4541 2913 4594 in
2946 4553 3011 4594 eo
3053 4537 3316 4592 divinitas
3344 4537 3578 4592 exsiste-

279 4649 450 4702 τητος
475 4671 489 4696 ,
518 4632 633 4685 ἀλλ’
673 4633 734 4685 οῦ
764 4633 1071 4706 τραπείσης
1098 4633 1179 4697 εἰς
1221 4633 1281 4686 τὸ
1312 4634 1545 4704 πάσχειν
1565 4677 1580 4700 ,
1615 4635 1784 4707 οῦσης
1820 4637 1880 4691 δὲ

279 4723 535 4790 ἀπαθοῦς
572 4727 668 4779 καὶ
699 4726 993 4797 άτρέπτου.
1047 4726 1169 4779 Τῶν
1201 4725 1294 4778 δύο
1323 4726 1658 4782 ἀκολουθιῶν
1693 4729 1881 4798 σαφῶς

279 4815 761 4885 κατανοουμένων,
794 4814 1032 4888 Χριστοῦ
1061 4817 1362 4888 πάσχοντος
1392 4817 1533 4888 ὑπὲρ
1562 4819 1720 4889 ὴμῶν
1748 4838 1880 4893 σαρ-

277 4906 371 4973 κὶ,
400 4905 646 4968 ἀπαθοῦς
675 4906 734 4959 δὲ
767 4906 1019 4976 μένοντος
1064 4908 1121 4959 ὲν
1152 4907 1366 4978 θεότητι
1386 4927 1399 4940 ο
1434 4909 1496 4962 οὐ
1527 4909 1622 4963 τοῦ
1661 4912 1874 4983 ἀνθρὼ-

278 5011 394 5048 που
445 4996 562 5048 κατ’
599 4995 734 5049 ἰδίαν
762 4996 914 5060 ὄντος
933 4998 976 5063 ²,
1009 4997 1143 5052 ἀλλὰ
1174 4997 1440 5070 συνούσης
1470 5001 1570 5070 τῆς
1601 5001 1875 5072 θεότητος,

281 5088 368 5160 μὴ
412 5087 729 5160 πασχούσης
775 5088 830 5140 δὲ
874 5087 962 5141 διὰ
999 5089 1060 5142 τὸ
1087 5091 1388 5160 ἀκραιφνὲς
1423 5092 1517 5145 καὶ
1545 5093 1875 5166 ἀσύγκριτον

274 5181 387 5250 τῆς
424 5179 614 5243 οὐσίας
641 5195 655 5210 ⁸
689 5180 991 5250 πάσχοντος
1019 5181 1076 5234 δὲ
1106 5183 1166 5234 ὲν
1199 5184 1384 5254 σαρκὶ,
1420 5185 1514 5237 καὶ
1538 5184 1875 5256 θανατουμέ-

276 5286 381 5324 νου
415 5271 472 5324 ὲν
506 5271 706 5341 σαρκὶ,
749 5270 950 5335 ζῶντος
981 5271 1042 5325 δὲ
1078 5273 1167 5326 ἀεὶ
1199 5274 1258 5326 ὲν
1314 5273 1562 5345 θεότητι,
1600 5278 1693 5330 καὶ
1735 5278 1878 5346 ὲγεί-

279 5379 476 5436 ροντος
517 5364 641 5427 τοὺς
671 5363 900 5435 νεκρούς
922 5382 934 5394 ·
967 5364 1062 5417 τοῦ
1092 5365 1342 5436 σώματος
1379 5368 1643 5436 ταφέντος
1665 5370 1724 5422 ὲν
1753 5371 1876 5440 ἀλη-

277 5452 411 5524 θείᾳ
431 5494 446 5520 ,
481 5456 575 5507 καὶ
606 5454 815 5526 ἀψύχου
871 5455 1152 5526 μείναντος
1185 5456 1245 5509 τὸ
1275 5460 1575 5531 τριήμερω
1605 5461 1776 5515 ἄπνου
1814 5480 1875 5515 τε

277 5543 385 5598 καὶ
423 5545 706 5616 ἀκινήτου,
745 5546 1112 5618 ὲνειληθέντος
1147 5547 1203 5600 δὲ
1232 5548 1322 5602 διὰ
1343 5550 1444 5620 τῆς
1479 5551 1744 5622 σινδόνος,
1771 5572 1874 5608 κα-

386 5721 404 5795 _‘
439 5739 529 5795 π).
565 5722 701 5778 Θεοῦ
732 5727 956 5795 σημεῖα.

275 5807 304 5841 ι
339 5791 539 5850 Matth.
567 5807 642 5862 tv,
674 5795 700 5850 t
734 5791 857 5868 sqq.

1067 5723 1264 5783 'Adde
1299 5727 1392 5782 καὶ
1434 5707 1533 5799 τῆς
1583 5727 1837 5803 θεότητος
1889 5733 2008 5788 κατ’
2052 5733 2212 5789 ίδίαν.

1985 4645 2089 4700 ret,
2117 4637 2211 4692 sed
2241 4635 2306 4690 ad
2347 4612 2663 4706 patiendum
2695 4633 2920 4688 minimc
2955 4631 3175 4701 1138
3198 4645 3320 4685 sese
3351 4644 3579 4683 conver-

1985 4736 2144 4792 teret,
2179 4726 2273 4782 sed
2307 4726 2578 4796 passionis
2607 4740 2803 4795 expers
2827 4735 2874 4778 et
2919 4723 3276 4777 immutabilis
3311 4729 3573 4775 maneret.

1987 4818 2104 4884 Qua
2144 4819 2198 4872 in
2233 4834 2292 4872 re
2339 4817 2448 4872 duo
2495 4818 2584 4872 illa
2631 4827 3002 4872 consentanea
3040 4815 3347 4870 certissime
3376 4813 3579 4868 intelli-

1985 4919 2208 4982 guntur,
2241 4918 2300 4964 ut
2330 4921 2383 4966 et
2419 4910 2673 4966 Christus
2707 4925 2806 4980 pro
2841 4909 2999 4962 nobis
3037 4922 3204 4961 carne
3242 4907 3313 4960 sit
3355 4920 3576 4976 passus,

1986 5012 2038 5058 et
2075 5004 2348 5073 passionis
2394 5019 2590 5074 expers
2636 5004 2688 5057 in
2740 5002 3024 5056 divinitate
3063 5008 3429 5070 permaneat:
3470 5014 3577 5052 non

1983 5096 2128 5166 quod
2171 5095 2409 5150 hominis
2450 5101 2647 5149 natura
2703 5107 2766 5148 ac
2814 5092 3075 5146 divinitas
3129 5098 3395 5160 separatae
3444 5104 3474 5143 a
3521 5105 3580 5143 se

1983 5189 2214 5243 invicem
2255 5189 2544 5250 exsistant,
2580 5187 2672 5241 sed
2716 5185 2932 5239 tametsi
2976 5199 3082 5238 una
3133 5199 3259 5237 cum
3301 5183 3390 5236 illa
3433 5189 3578 5236 esset

1983 5278 2266 5343 divinitas,
2301 5280 2433 5333 nihil
2469 5279 2540 5334 ob
2575 5279 2846 5334 sinceram
2878 5287 2934 5331 et
2965 5274 3445 5345 incomparabilem
3481 5287 3576 5324 na-

1983 5381 2161 5426 turam
2194 5381 2280 5428 est
2311 5387 2591 5442 perpessa.
2627 5371 2698 5424 At
2738 5369 2990 5425 Christus
3038 5376 3092 5422 et
3132 5368 3186 5421 in
3231 5379 3396 5420 carne
3445 5379 3572 5431 pas~

1986 5483 2086 5522 sus
2119 5475 2225 5532 est,
2265 5476 2316 5520 et
2368 5468 2422 5520 in
2458 5481 2624 5520 carne
2655 5472 2829 5519 morte
2874 5470 2959 5519 est
2992 5461 3236 5520 alTectus,
3278 5469 3399 5510 cum
3433 5454 3571 5506 inte-

1984 5558 2094 5614 rim,
2122 5557 2409 5612 divinitate
2454 5558 2568 5627 ipsa
2627 5557 2835 5611 viveret
2876 5568 2940 5608 ac
2987 5556 3232 5606 mortuos
3271 5543 3567 5608 excitaret;

2319 5735 2339 5766 ³
2362 5733 2552 5790 Matth.
2593 5749 2675 5800 tn,
2703 5732 2768 5787 15
2803 5745 2924 5801 sqq.
3029 5727 3048 5759 ⁴
3080 5723 3288 5782 Baruch
3347 5738 3431 5785 tn,
3461 5716 3536 5775 38
