3958 6432
494 355 598 411 835
1900 356 1957 411 S.
2000 353 2339 410 EPII‘IIANII
3610 346 3693 401 εει

493 482 695 536 corpus
762 482 890 521 vero
947 483 1134 522 revera
1183 469 1492 539 sepultum,
1550 485 1614 525 ac
1660 470 1841 525 triduo
1894 469 2075 522 anima

2202 466 2488 529 ἀτεθέντος
2515 465 2575 518 ἐν
2621 462 2700 534 τῷ
2754 463 2993 534 μνήματι
3023 501 3038 527 ,
3070 459 3498 531 συγκλεισθέντος
3521 459 3598 512 διὰ
3618 460 3695 513 τοῦ

493 573 689 612 carens
723 566 776 612 et
811 559 1005 629 spiritu
1040 569 1296 631 motuque
1324 561 1554 630 jacerct,
1599 562 1915 617 obvolutum
1959 562 2074 615 sin-

2202 559 2322 613 .ίοου
2355 559 2450 613 καὶ
2476 557 2768 629 σφραγῖδος
2797 556 2904 610 τῶν
2927 555 3282 611 ὲπιτεθέντων
3300 570 3314 585 ⁸
3343 555 3460 624 οὐχὶ
3491 553 3697 622 τῆςΘεό-

495 652 670 713 done,
710 649 767 704 in
823 651 1221 706 monimentum
1270 652 1614 724 depositum,
1669 653 1949 707 occlusum
1999 652 2075 705 la-

2202 668 2336 722 τητος
2370 648 2818 720 συγκλεισθείσης
2861 649 3013 719 (56),
3048 649 3108 701 οὐ
3153 649 3251 717 τῆς
3286 647 3525 716 θεότητος
3546 646 3699 715 ταφεὶ-

496 741 620 810 pide
656 757 719 796 ac
754 742 948 813 sigillis
989 744 1361 816 obsignatum.
1414 744 1600 815 Neque
1646 761 1776 800 vero
1826 744 1941 816 ipsa
1992 751 2078 799 est

2202 760 2279 813 mc
2296 782 2313 807 ,
2347 739 2819 812 συγκατελθούσης
2843 740 2900 794 δὲ
2919 744 2985 812 τῇ
3012 740 3157 811 ψυχῇ
3192 742 3259 810 τῇ
3287 740 3417 810 ἀγίᾳ
3450 740 3523 801 είς
3545 740 3702 792 τάκτ-

496 833 756 888 conclusa
809 833 1070 890 divinitas
1113 846 1211 889 aut
1240 838 1471 906 sepulta,
1525 837 1618 891 sed
1668 851 1793 890 cum
1836 834 2075 890 sanctis-

2202 832 2435 903 ταχθόνια
2455 873 2470 898 ,
2506 830 2733 903 ἑλούσης
2764 830 2973 885 ἐκεῖθεν
3002 830 3102 903 τὴν
3126 830 3237 884 τῶν
3259 828 3441 900 ψυχῶν
3470 826 3704 897 αἰχμαλω-

495 923 633 978 sima
676 925 797 995 ejus
828 928 1011 980 anima
1048 927 1116 981 ad
1148 920 1354 982 inferos
1398 923 1697 993 descendit,
1732 926 2078 996 indidemque

2202 925 2301 978 τίαν
2322 968 2337 991 ,
2374 923 2652 993 κλασάσης
2694 922 2922 996 κέντρον
2971 922 3203 976 Θανάτου
3224 960 3240 985 ,
3286 916 3629 993 atumem;
3652 916 3706 970 τὰ

494 1014 739 1082 captivas
785 1015 1000 1071 animas
1048 1017 1290 1086 eripuit;
1343 1018 1620 1072 stimulum
1671 1017 1863 1071 mortis
1909 1014 2078 1070 infre-

2202 1015 2405 1087 ι).εῑθρα
2437 1014 2531 1069 καὶ
2559 1013 2686 1094 τοὺς
2745 1013 2978 1085 μοχλοὺς
3025 1014 3150 1075 τοὺς
3201 1008 3576 1082 ἀδαμαντίνους
3594 1048 3608 1073 ,
3634 1007 3708 1060 καὶ

494 1108 572 1178 git
604 1108 658 1173 ‘;
696 1108 937 1163 claustra
989 1116 1045 1164 et
1098 1108 1475 1163 adamantinos
1530 1116 1710 1164 vectes
1747 1108 1993 1181 perrupit
2031 1110 2075 1174 ’;

2202 1107 2422 1178 ,υσάσης
2447 1106 2639 1172 ὠδῖνας
2664 1105 2898 1161 θανάτου
2931 1105 2952 1136 ⁷
2981 1106 3040 1159 ὲν
3086 1104 3195 1176 ἰδίᾳ
3224 1101 3471 1172 ἐξουσίᾳ,
3499 1099 3708 1154 ἀνελθοὺ-

497 1199 694 1254 mortis
749 1199 969 1255 dolores
1012 1214 1111 1256 sua
1152 1207 1420 1275 potestate
1468 1200 1718 1255 dissolvit
1758 1221 1772 1256 :
1813 1210 1927 1257 tum
1970 1218 2078 1257 una

2202 1214 2282 1268 της
2313 1196 2410 1250 σὺν
2437 1198 2505 1269 τῇ
2547 1194 2729 1269 ψυχῇ,
2768 1193 2844 1267 μὴ
2872 1194 3126 1266 ὲαθείσης
3143 1193 3245 1264 τῆς
3270 1192 3449 1264 ψυχῆς
3478 1193 3551 1254 εἰς
3586 1189 3704 1260 ᾅδην,

497 1300 623 1342 cum
651 1286 830 1341 anima
860 1286 1079 1342 emersit
1110 1286 1176 1340 ad
1209 1303 1458 1357 superos.
1500 1286 1630 1354 Qua:
1655 1289 1870 1360 quidem
1898 1290 2079 1345 anima

2202 1290 2321 1362 ιηδὲ
2344 1290 2443 1360 τῆς
2469 1289 2672 1361 σαρκὸς
2698 1283 3351 1365 έωρακυίαςθδιαφθορὰν,
3375 1281 3702 1352 ἀναστησόσης

498 1378 725 1433 minimc
753 1376 896 1447 apud
924 1378 1128 1433 inferos
1156 1380 1345 1434 relicta
1376 1380 1497 1448 fuit,
1529 1397 1706 1452 neque
1736 1396 1867 1438 caro
1886 1397 2081 1437 corru-

2202 1381 2353 1455 ιὺτὴν
2381 1380 2483 1453 τῆς
2510 1381 2766 1452 θεότητος
2793 1378 2883 1432 ἀεὶ
2917 1377 3185 1448 συνούσης
3215 1377 3358 1447 αὐτῇ
3376 1391 3393 1407 ο
3429 1375 3708 1437 ἀναστάντος

502 1467 740 1536 ptioucm
777 1468 909 1522 vidit
943 1469 998 1536 ³;
1037 1484 1200 1540 quam
1231 1469 1490 1528 divinitas
1519 1488 1641 1543 quae
1681 1488 1805 1528 cum
1840 1473 1930 1529 illa
1957 1490 2083 1529 con-

2202 1477 2282 1528 πὺν
2311 1475 2449 1545 αὐτῇ
2474 1472 2569 1526 τοῦ
2608 1469 2815 1542 Κυρίου
2844 1467 2980 1523 Θεοῦ
3004 1468 3178 1537 Λόγου
3204 1470 3302 1522 καί⁵
3329 1465 3461 1521 Υίοῦ
3484 1464 3604 1520 Θεοῦ
3640 1466 3710 1517 σὺν

496 1558 685 1628 juncta
715 1575 928 1628 semper
970 1570 1111 1627 erat,
1142 1561 1439 1630 excitavit;
1491 1572 1606 1618 tum
1653 1580 1776 1619 cum
1817 1563 2081 1623 Dominus

2202 1564 2327 1637 μυχῇ
2367 1564 2463 1618 καὶ
2495 1563 2707 1634 σώματι
2737 1563 2832 1617 καὶ
2853 1562 3017 1616 παντὶ
3061 1558 3138 1631 τῷ
3167 1559 3354 1614 σκεύει
3373 1596 3389 1623 ,
3434 1554 3711 1612 συνενωθένο

502 1651 618 1719 ipse
648 1647 793 1706 Deus
821 1665 885 1703 ac
926 1648 1182 1719 Verbum,
1215 1651 1420 1724 Deique
1452 1652 1624 1710 Filius
1654 1670 1778 1709 cum
1814 1657 1995 1712 anima
2026 1668 2083 1715 et

2202 1674 2274 1722 ξος
2304 1655 2468 1711 αὐτοῦ
2501 1654 2594 1710 τοῦ
2648 1655 2877 1718 σκεύους
2928 1657 3008 1718 είς
3041 1653 3260 1723 πνεῦμα
3283 1692 3300 1715 ,
3331 1651 3465 1707 αὐτὸ
3502 1649 3559 1702 τὸ
3591 1648 3715 1716 σῶμα

500 1757 752 1813 corpore,
784 1751 1010 1814 totoque
1048 1745 1186 1818 adeo
1219 1746 1587 1802 instrumento
1621 1748 1860 1804 surrexit
1895 1767 1910 1805 :
1939 1753 2080 1822 quod

2202 1749 2553 1819 πνευματικὸν
2613 1748 2898 1821 ὑπάρξαν,
2933 1746 2996 1799 τὸ
3048 1745 3179 1799 ποτὲ
3231 1746 3347 1814 ἀφῇ
3383 1742 3714 1812 ὑποκείμενον,

460 1898 473 1909 ,
500 1836 758 1906 deinceps
801 1837 945 1892 velut
976 1839 1032 1893 in
1071 1836 1326 1908 spiritum
1377 1838 1696 1909 conﬂatum,
1734 1856 1958 1911 corpus,
1998 1844 2083 1899 in-

500 1943 687 1998 quam,
726 1930 971 1998 spiritale
1009 1929 1210 1985 factum
1254 1938 1359 1998 est,
1395 1933 1543 2002 quod
1587 1934 1715 1988 olim
1756 1937 2084 1991 contrectari

502 2027 736 2090 poterat,
782 2029 837 2075 et
878 2022 1160 2077 divinitate
1206 2023 1322 2093 ipsa
1356 2032 1550 2095 Sponte
1581 2026 1945 2095 permittente,
1983 2024 2084 2082 ﬂa-

501 2112 615 2182 gris
640 2113 948 2181 expositum
989 2112 1185 2181 fuerat,
1214 2124 1268 2172 et
1299 2115 1515 2171 Satanaa
1566 2119 1967 2176 tentationibus-
1995 2137 2089 2192 ap-

503 2204 749 2272 petitum,
786 2220 850 2259 ac
888 2206 1036 2271 fami,
1082 2223 1316 2293 somno,
1370 2210 1565 2274 labori,
1599 2212 1829 2268 tristitia:
1857 2228 1922 2267 ac.
1948 2229 2085 2270 mm-

2186 1841 2280 1896 καὶ
2311 1840 2531 1912 μάστιξι
2570 1840 2870 1912 παραδοθὲν
2901 1838 3131 1909 ἑκουσίῳ
3158 1838 3259 1906 τῆς
3311 1835 3553 1906 θεότητος
3596 1832 3719 1898 θελή-

2188 1951 2338 2004 ματι.
2367 1933 2461 1987 καὶ
2484 1932 2848 2005 πειρασθῆναι
2878 1931 2989 1985 ὑπὸ
3018 1930 3112 1985 τοῦ
3140 1930 3360 1984 Σατανᾶ
3393 1925 3719 1998 συγχωρηθὲν,

2184 2026 2278 2078 καὶ
2306 2025 2467 2096 πείνᾳ
2497 2023 2922 2097 προσπελάζειν,
2944 2024 3039 2077 καὶ
3063 2022 3218 2093 ὓπνῳ
3253 2020 3353 2075 καὶ
3390 2020 3629 2089 καμάτῳ.
3651 2015 3722 2069 λύ-

2186 2128 2265 2186 πῃ
2306 2131 2367 2166 τε
2401 2114 2494 2167 καὶ
2534 2112 2818 2185 ἀδημονίᾳ.
2879 2112 3018 2166 Αὐτὸ
3050 2113 3110 2167 τὸ
3143 2111 3308 2182 σῶμα
3338 2111 3400 2163 τὸ
3440 2111 3581 2177 ἅγιον
3624 2124 3723 2158 suv-

2185 2205 2385 2260 ενωθὲν
2429 2205 2615 2259 λοιπὸν
2661 2200 3363 2276 θεότητι,””ἁπαραλείπτιι›ς
3396 2204 3490 2272 τῆς
3515 2200 3725 2269 θεότητος

502 2296 614 2350 ruri
657 2297 952 2351 obnoxium
988 2316 1001 2352 :
1042 2299 1173 2354 illud
1219 2289 1396 2371 ipsum
1434 2314 1846 2359 sacrosanctum
1882 2320 2085 2378 corpus

2202 2296 2574 2367 ςυνηνωμένης
2601 2294 2679 2365 τῷ
2706 2293 2775 2348 τά
2795 2294 3018 2348 τοιαῦτα
3044 2292 3342 2347 πεπονθότι
3364 2291 3501 2363 ἁγίῳ
3529 2289 3721 2360 σώματι.

503 2390 761 2459 deinceps
793 2406 918 2445 cum
951 2390 1236 2447 divinitate
1261 2392 1612 2463 conjunctum
1649 2393 1785 2463 fuit;
1819 2412 1941 2468 quae
1964 2414 2088 2467 per-

2202 2388 2423 2458 ’Λνέστη
2457 2387 2601 2459 γὰρ,
2637 2387 2730 2440 καὶ
2774 2387 3082 2458 συνήνωσεν
3129 2384 3263 2438 αὐτὸ
3301 2384 3383 2447 εἰς
3429 2382 3639 2443 ἑαυτὸν,
3663 2382 3723 2442 εἰς

501 2490 667 2549 petuo
708 2496 831 2534 cum
858 2480 951 2535 illo
981 2480 1109 2535 dum
1158 2481 1262 2535 ista
1316 2490 1610 2553 pateretur,
1647 2484 1823 2540 fuerat
1854 2487 2087 2558 conjun-

2202 2472 2405 2549 πνεῦμα
2433 2478 2476 2543 ⁸,
2506 2480 2585 2542 είς
2616 2479 2744 2549 μίαν
2774 2478 3020 2547 ἑνότητα,
3052 2476 3132 2539 είς
3163 2475 3293 2545 μίαν
3328 2471 3645 2540 δοξολογίαν,
3664 2470 3723 2531 εἰς

505 2579 612 2626 cta.
650 2570 899 2626 Surrexit
940 2572 1107 2636 enim,
1141 2573 1428 2644 ipsumque
1471 2590 1674 2646 corpus
1710 2577 1763 2631 in
1793 2594 1960 2631 unum
2000 2594 2087 2634 se-

2202 2572 2319 2639 κίαν
2350 2570 2544 2624 ἑαυτοῦ
2573 2569 2822 2640 θεότητα.
2861 2568 3078 2639 Πέφηνε
3134 2569 3231 2638 μὲν
3266 2566 3399 2639 ’γὰρ
3426 2566 3484 2619 ὲν
3521 2560 3725 2634 ἀληθείᾳ,

503 2679 628 2717 cum
684 2662 974 2732 spiritum,
1030 2679 1307 2734 unamque
1362 2665 1795 2735 singularitatem
1846 2685 1911 2724 ac
1970 2671 2086 2742 glo-

2202 2664 2284 2719 ta't
2317 2663 2643 2736 ἐψηλαφήθη
2684 2663 2789 2718 ὑπὸ
2814 2662 2910 2718 τοῦ
2946 2664 3153 2733 Θωμᾶ,
3184 2660 3279 2715 καὶ
3316 2662 3427 2725 τοῖς
3456 2654 3726 2715 ἀποστόλοις

507 2757 643 2808 riam
670 2753 1120 2823 divinitatemque
1160 2754 1453 2824 copulavit.
1487 2753 1698 2811 Etenim
1743 2773 1930 2813 revera
1962 2767 2087 2830 post

2202 2756 2458 2828 ςυνέφαγε
2486 2758 2531 2823 ⁸,
2565 2756 2662 2809 καὶ
2697 2753 3029 2825 συναυλίσθη
3056 2754 3100 2785 ¹⁰
3126 2753 3239 2824 (57)
3277 2753 3399 2824 μετ’
3426 2750 3594 2805 αὐτῶν
3631 2763 3743 2800 τεο-η

507 2852 738 2901 mortem
778 2845 1050 2915 apparuit,
1095 2853 1151 2899 et
1199 2861 1227 2898 a
1275 2845 1485 2901 Thoma
1535 2854 1906 2904 contrectatus
1964 2859 2087 2919 est;

2202 2850 2502 2922 ταράκοντα
2553 2848 2769 2921 ἡμέρας
2804 2849 2900 2904 καὶ
2953 2845 3371 2917 τεσσαράκοντα
3401 2843 3618 2907 νύκτας·
3638 2837 3726 2893 ἀλλ’

506 2943 563 2990 et
618 2951 744 2991 cum
796 2936 1060 3006 apostolis
1125 2937 1473 2993 manducavit
1520 2939 1776 3005 Cl‘billil,
1830 2958 1894 2996 ac
1937 2943 2090 2999 deni-

2202 2943 2404 3014 είσῆλθε
2440 2942 2622 3013 θυρῶν
2651 2940 3055 3013 κεκλεισμένων
3079 2978 3094 3004 ,
3131 2938 3227 2992 καὶ
3262 2936 3411 3009 μετά
3425 2936 3487 2990 τὸ
3514 2932 3729 2988 εἰσελθεῖν

508 3044 616 3098 que
660 3027 1021 3099 quadraginta
1052 3028 1168 3084 dies
1203 3029 1538 3101 totidemque
1584 3044 1772 3089 noctes
1817 3050 1941 3090 cum
1981 3036 2089 3093 illis

2202 3037 2432 3092 ἐδείκνυε
2487 3036 2658 3108 νεῦρα
2693 3037 2789 3091 καὶ
2824 3038 2959 3090 ὀστᾶ
2987 3074 3003 3098 ,
3050 3034 3219 3088 τύπον
3262 3033 3415 3104 ἥλων
3466 3032 3555 3084 καὶ
3597 3026 3730 3080 τύπον

510 3127 870 3176 conversatus
911 3127 1017 3175 est.
1062 3119 1145 3176 Ad
1187 3120 1303 3176 haec
1353 3124 1590 3180 occlusis
1631 3124 1839 3182 foribus
1886 3126 2093 3199 ingres-

2202 3128 2395 3200 λόγχης
2417 3169 2431 3193 9
2458 3128 2540 3183 ὅτι
2582 3127 2717 3183 αὐτὸ
2751 3123 2821 3199 ἦν
2858 3126 3073 3199 ἀληθῶς
3094 3126 3154 3180 τὸ
3180 3124 3367 3196 σῶμα.
3415 3126 3534 3178 “Ott
3558 3122 3609 3175 δὲ
3631 3134 3731 3172 συν-

510 3229 630 3275 sus,
683 3227 883 3269 nervos
935 3222 990 3268 et
1039 3229 1189 3279 ossa,
1228 3215 1616 3286 clavorumque
1659 3232 1724 3272 ac
1757 3219 1958 3275 lanceae
1994 3238 2092 3276 veo

2202 3219 2343 3291 ήφθη
2378 3222 2459 3283 είς
2493 3219 2624 3290 μίαν
2655 3218 2907 3290 θεότητα,
2951 3217 3153 3290 μηκέτι
3189 3214 3507 3290 προσδοκῶν
3555 3212 3731 3271 παθεῖν,

509 3305 672 3377 stigia
712 3305 1058 3373 monstravit,
1101 3314 1155 3361 et
1201 3320 1390 3362 verum
1426 3321 1549 3364 esse
1594 3324 1794 3380 corpus
1849 3311 2091 3369 edocuit.

2202 3310 2393 3384 μηκέτι
2422 3311 2802 3384 ἀποθνήσκων,
2842 3311 2918 3375 ὥς
2947 3327 3113 3381 φησιν
3159 3309 3189 3362 ὁ
3228 3307 3389 3376 ἅγιος
3428 3302 3730 3362 Ἀπόστολοςι

426 3436 431 3443 «
510 3398 668 3466 Quod
695 3407 878 3452 autem
927 3398 980 3452 iu
1017 3412 1181 3453 unam
1225 3398 1565 3456 divinitatem
1591 3403 1944 3471 conjunctum
1979 3404 2096 3459 nul-

2206 3405 2448 3472 Ἀνέστη
2488 3406 2705 3473 Κύριος
2728 3406 2793 3469 ἰ,
2838 3402 3039 3459 οὐκέτι
3084 3399 3483 3467 ἀποθνήσκει,
3526 3395 3734 3456 θάνατος

511 3492 618 3545 lam
659 3490 894 3561 amplius
934 3490 1246 3561 passionem
1275 3489 1492 3564 1139
1517 3494 1604 3550 vel
1640 3507 1869 3551 mortem
1899 3513 2096 3568 exspev

2202 3493 2380 3547 αὐτοῦ
2423 3492 2627 3548 οὐκέτι
2677 3494 2956 3563 κυριεύει.
3008 3492 3082 3546 Τὸ
3110 3490 3356 3563 παθητὸν
3381 3490 3426 3521 ¹¹
3454 3486 3640 3548 ἀπαθὲς
3670 3484 3734 3537 ἀεὶ

511 3574 649 3651 etet,
676 3583 763 3640 bis
804 3583 986 3638 Verbis
1015 3583 1258 3638 declarat
1287 3586 1582 3654 Apostolus
1614 3607 1626 3641 :
1664 3585 1910 3642 Surrexit
1937 3586 2097 3644 Chri-

513 3686 666 3739 slus;
705 3693 809 3730 non
861 3676 971 3741 iant
1027 3677 1291 3738 moritur;
1342 3693 1485 3730 mors
1537 3676 1620 3730 illi
1666 3678 1813 3734 ultra
1866 3696 1971 3734 non
2008 3679 2099 3733 do-

514 3766 806 3819 minabitur
848 3767 891 3819 ⁸.
943 3765 1087 3820 Idem
1136 3768 1271 3835 ergo
1320 3768 1467 3835 quod
1523 3769 1633 3838 pati
1675 3777 1924 3840 poterat,
1968 3787 2099 3842 pas-

515 3859 687 3912 sionis
740 3873 938 3927 expers
982 3860 1202 3922 mansit,
1236 3858 1496 3915 divinitas
1554 3861 1765 3917 scilicet
1809 3878 1934 3916 cum
1975 3878 2099 3917 eor-

519 3965 648 4019 pore
675 3963 729 4005 et
762 3950 942 4004 anima
985 3965 1051 4004 ac
1090 3958 1203 4004 tota
1229 3950 1568 4007 humanitate
1598 3954 1928 4023 conjuncta;
1958 3956 2101 4009 Deus

519 4044 636 4110 ipse
671 4056 765 4111 per
799 4057 939 4097 sese.
981 4041 1081 4107 Qui
1129 4042 1433 4096 ascendens
1475 4044 1526 4096 in
1563 4045 1783 4111 etelum,
1823 4046 1889 4100 ad
1923 4048 2105 4102 dexte-

518 4147 632 4185 ram
672 4130 853 4185 Patris
890 4132 1141 4186 consedit
1179 4132 1232 4185 in
1262 4133 1433 4203 gloria
1461 4134 1505 4196 ⁸,
1533 4148 1642 4188 non
1681 4142 1738 4188 ut
1775 4150 1975 4205 corpus
2005 4135 2101 4191 dc-

519 4232 768 4294 ponerct,
810 4225 904 4279 sed
949 4231 1006 4278 ut
1050 4223 1103 4277 in
1136 4223 1300 4278 unius
1331 4225 1661 4294 perfectione
1706 4226 2008 4283 divinitatis
2049 4228 2103 4282 in

518 4317 764 4387 spiritale
812 4316 1093 4371 conﬂaret.
1146 4316 1616 4383 Quemadmodum
1668 4318 1782 4373 lucc
1829 4320 1944 4387 ipsa
1990 4335 2107 4372 cor-

518 4422 650 4478 pora
683 4410 891 4470 nostra,
934 4422 1055 4476 qua:
1109 4420 1256 4461 nunc
1299 4407 1553 4463 animalia
1600 4411 1959 4473 seminantur,
1995 4410 2107 4479 spi-

2199 3584 2390 3655 μένον,
2422 3585 2483 3638 τὸ
2511 3582 2691 3640 θεῖκὸν
2725 3588 2820 3640 σὺν
2857 3585 3071 3656 σώματι
3104 3584 3199 3638 καὶ
3226 3583 3380 3654 ψυχῇ
3414 3582 3505 3635 καὶ
3537 3579 3664 3648 πάσῃ
3684 3576 3733 3643 τῇ

2198 3679 2609 3750 ὲνανθρωπήσει
2640 3696 2653 3709 ’
2687 3679 2850 3742 αὐτὸς
2884 3679 3018 3742 Θεὸς
3054 3678 3099 3710 ¹³
3148 3674 3256 3740 ὣν,
3308 3673 3545 3730 ἀνελθὼν
3585 3671 3634 3724 δὲ
3676 3668 3735 3728 εἰς

2198 3772 2493 3844 οὐρανοὺς,
2547 3772 2802 3827 ἐκάθισεν
2854 3773 2912 3826 ἐν
2963 3771 3114 3843 δεξιᾷ
3146 3770 3239 3825 τοῦ
3279 3769 3497 3841 Πατρός
3529 3768 3579 3819 ἐν
3619 3761 3734 3831 δόξῶ

2199 3866 2301 3919 οὐκ
2342 3858 2679 3935 ἀποθέμενος
2708 3865 2770 3918 τὸ
2798 3863 2954 3933 ἅγιον
2991 3863 3175 3933 σῶμα,
3206 3861 3347 3916 ἀλλὰ
3380 3857 3660 3918 συνενὼσσς
3679 3853 3736 3914 εἰς

2202 3958 2572 4029 πνευματικὸν
2619 3960 2677 4013 ὲν
2724 3957 3025 4029 τελειότητι
3080 3957 3209 4027 μιᾶς
3239 3955 3495 4025 θεότητος
3517 3968 3531 3982 ο
3566 3949 3632 4011 ὡς
3668 3941 3736 3997 καὶ

2202 4050 2272 4104 τὰ
2302 4045 2459 4118 ἡμῶν
2471 4047 2757 4116 σωματικά
2772 4045 2930 4118 μέλη,
2963 4047 3031 4100 τὰ
3057 4046 3152 4099 νῦν
3193 4046 3528 4118 σπειρόμενα
3554 4034 3736 4111 ψυχαὶ.

2203 4140 2508 4211 ἐγείρονται
2555 4140 2936 4210 πνευματικά·
2976 4139 3047 4193 τά
3087 4137 3182 4192 νῦν
3218 4138 3550 4210 σπειρόμενα
3574 4135 3625 4185 ἐν
3647 4129 3739 4197 φθο-

2207 4234 2310 4304 ρᾷ,
2337 4231 2644 4304 ἐγείρονται
2678 4234 2736 4285 ὲν
2778 4231 3089 4302 ἀφθαρσίᾳ·
3124 4231 3194 4285 τά
3231 4229 3330 4285 νῦν
3373 4227 3676 4298 σπειρόμενα
3696 4220 3739 4269 ἐν

2206 4324 2421 4395 θανάτῳ
2440 4363 2456 4386 ,
2497 4324 2801 4395 ἐγείρονται
2838 4326 2896 4378 ὲν
2924 4323 3213 4396 ἀθανασίᾳ.
3245 4324 3311 4377 Ei
3337 4323 3514 4377 τοίνυν
3541 4318 3603 4372 τὰ
3636 4311 3739 4385 ἠμέ-

2207 4434 2341 4488 τερα
2372 4416 2579 4482 οὕτως,
2624 4417 2775 4487 πόσῳ
2823 4433 2889 4486 γε
2938 4416 3141 4486 μᾶλλον
3189 4418 3369 4469 έκεῖνο
3399 4413 3463 4467 τὸ
3508 4411 3643 4479 ἀγιον
3670 4402 3741 4456 καὶ

517 4502 659 4555 vitali
692 4500 926 4569 quadam
964 4501 1276 4555 conditione
1309 4511 1638 4571 resurgunt:
1680 4518 1822 4572 quae,
1857 4504 2099 4571 inquam.

2209 4508 2602 4581 ἀνεκδιήγητον
2629 4551 2644 4578 ,
2698 4510 2793 4563 καὶ
2830 4507 3162 4581 ἀσύγκριτον
3222 4507 3322 4561 καὶ
3372 4503 3646 4578 ἀκραιφνὲς
3681 4493 3741 4563 τῷ

516 4609 640 4647 cum
671 4594 1028 4664 corruplione
1075 4604 1353 4659 seruntur,
1382 4610 1505 4648 eum
1546 4595 1958 4666 incorruptione
1988 4611 2106 4650 sur-

515 4695 697 4755 gnnt:
736 4700 857 4754 quae
899 4685 955 4738 in
999 4693 1174 4739 morte
1223 4686 1586 4750 seminantur,
1622 4698 1745 4740 cum
1777 4687 2104 4741 immortali—

517 4786 629 4832 tate
675 4784 972 4848 resurgunt
1001 4777 1041 4831 ⁸.
1075 4775 1281 4843 Quodsi
1328 4777 1590 4847 ejusmodi
1635 4793 1872 4848 corpora
1918 4787 2106 4834 nostra

519 4869 703 4924 futura
741 4877 891 4932 sunt,
924 4878 1131 4939 quanto
1152 4870 1325 4940 magis
1354 4869 1762 4924 sanctissimum
1789 4867 1923 4923 illud
1950 4869 2109 4924 Cbri-

519 4962 589 5015 sti
620 4976 843 5030 corpus,
876 4961 1023 5032 quod
1055 4960 1220 5015 nullis
1248 4960 1427 5016 verbis
1455 4961 1736 5031 explicari,
1776 4978 1955 5033 neque
1981 4977 2106 5017 cum

519 5053 628 5107 ulla
662 5068 724 5108 re
750 5051 1056 5122 comparari
1098 5057 1277 5122 potest
1308 5070 1321 5105 :
1356 5051 1510 5115 illud,
1563 5051 1805 5122 inquam,
1857 5052 2114 5110 sinceris-

520 5147 723 5201 simum
757 5159 822 5200 ac
848 5142 966 5199 Deo
1003 5144 1384 5214 conjunctum,
1427 5143 1707 5217 singulare
1755 5145 2013 5215 deinceps
2056 5155 2112 5202 et

2210 4597 2330 4673 Θεῷ
2358 4602 2732 4673 συνηνωμένον
2757 4642 2772 4665 ,
2827 4602 2889 4655 τὸ
2940 4598 2998 4656 ἒν
3050 4597 3110 4654 ὃν
3137 4599 3323 4653 λοιπὸν
3366 4594 3642 4670 μονοειδές;
3676 4587 3740 4648 Ὧς

2213 4696 2308 4749 καὶ
2356 4696 2414 4748 ὲν
2446 4695 2622 4766 τούτῳ
2661 4696 3028 4767 ἐπιμαρτυρεῖ
3077 4698 3106 4748 ό
3161 4693 3479 4756 ’Δπόστολος
3505 4730 3521 4755 ,
3573 4685 3738 4753 λέγων·

2215 4785 2285 4837 El
2336 4784 2437 4837 καί
2465 4782 2813 4855 ἐγνώκαμεν
2862 4785 3015 4839 κατὰ
3044 4784 3245 4855 σάρκα
3293 4781 3580 4853 Χριστὸν,
3621 4768 3742 4831 ἀλλά

2214 4872 2334 4927 νῦν
2360 4875 2562 4929 οὐκέτι
2600 4872 2977 4945 γινώσκομεν
3003 4895 3017 4909 ·
3047 4876 3146 4947 οὐχ
3179 4876 3262 4929 ὅτι
3292 4874 3453 4928 διεῖλε
3490 4871 3582 4941 τὴν
3604 4865 3742 4933 σάρκα

2215 4964 2324 5017 ἀπὸ
2373 4964 2472 5037 τῆς
2520 4966 2776 5037 θεότητος
2811 5005 2828 5031 ,
2873 4966 3010 5020 ἀλλά
3056 4967 3229 5038 αὐτὴν
3288 4965 3547 5036 μένουσαν
3577 4960 3649 5023 ¹δν
3672 4949 3743 5006 καὶ

2215 5054 2336 5129 Θεῷ
2383 5059 2772 5131 συνηνωμένην
2797 5098 2813 5124 ,
2860 5059 3061 5130 μηκέτι
3106 5059 3164 5112 δὲ
3202 5055 3366 5112 οὖσαν
3408 5053 3544 5109 κατὰ
3587 5049 3741 5117 σάρκ’

2216 5146 2357 5204 ἀλλά
2379 5156 2530 5207 κατὰ
2557 5152 2797 5225 πνεῦμα
2833 5154 2876 5186 ³⁸
2902 5153 3246 5224 ἁγιωσύνης
3263 5191 3280 5220 ,
3308 5149 3377 5216 ἐξ
3409 5141 3740 5203 ἀναστάσεως

589 5305 604 5335 ⁸
642 5301 660 5356 l
690 5302 820 5357 Cor.
860 5318 952 5366 xv,
985 5301 1075 5359 55.
1116 5306 1120 5311 ’
1148 5305 1173 5335 ¹
1198 5302 1344 5361 Psa-t.
1372 5319 1483 5364 ενι.
1526 5301 1610 5364 16,
1687 5302 1877 5359 ‘Psai.
1902 5320 1993 5371 xv,
2028 5303 2096 5359 15

2202 5313 2290 5361 ιρι.
2328 5322 2390 5372 1:,
2422 5304 2513 5364 27.
2589 5307 2612 5340 ⁸
2638 5306 2800 5363 Rom.
2827 5325 2904 5373 vi,
2931 5309 2985 5363 9.
3044 5307 3066 5338 ⁸
3092 5302 3251 5361 Rom.
3285 5319 3402 5359 vnt.
3424 5301 3512 5357 34.
3568 5297 3590 5329 ⁸
3613 5289 3743 5373 [σρες

517 5374 951 5474 £33.12._2‘i.";.-...
967 5373 1294 5474 ⁷.,ἷίὲῑ..ἒδ⁰⁰’
1317 5446 1333 5474 ι

520 5444 951 5515 σρναλισθέντων
984 5444 1203 5515 legitur.

517 5508 700 5568 οὖσαν.
796 5516 839 5547 ³³
878 5532 967 5586 γρ.
1010 5508 1152 5568 κατὰ
1187 5508 1441 5586 πνεῦμα,⁷
1464 5514 1538 5579 ὥς
1569 5508 1898 5587 {magicas-dt
1920 5532 2076 5570 πνευ.

1409 5378 1541 5442 3“no.
1592 5375 1652 5428 ἓν
1686 5374 1925 5445 πνεῦμα.

594 5667 710 5739 (56)
738 5670 887 5737 Οὐχὶ
924 5667 1036 5739 τῆς
1072 5669 1365 5737 Θεότητος
1398 5671 1929 5738 συγκλεισθείσης.
1985 5666 2117 5723 Vide

2034 5374 2198 5429 'Alia
2235 5376 2398 5434 lectio
2456 5378 2630 5445 addit,
2698 5381 2793 5433 καὶ
2863 5377 3101 5433 συνέπιε.

1343 5446 1357 5476 ί
1394 5426 2000 5531 Χρίστόξ.”ἳξ“1ιε
2035 5426 2099 5501 ei

2204 5426 2393 5504 (nimio
2431 5426 2742 5506 correctum
2763 5458 2868 5506 est.
2945 5449 3095 5520 ³³η).
3147 5443 3421 5507 αὐτόθεος.
3490 5440 3533 5473 ³⁵
3568 5452 3643 5507 τρο
3671 5426 3742 5498 μὲν

3205 5352 3251 5408 ῖε
3278 5352 3401 5429 ia:
3562 5362 3645 5421 sed
3689 5352 3742 5433 ibi

2272 5670 2275 5674 ’
2302 5669 2412 5741 (5⁷)
2439 5665 2848 5734 Συναυνίσθη.
2890 5666 3152 5741 Eumdem
3172 5736 3185 5741 Α
3206 5664 3348 5741 lianc
3376 5661 3546 5741 locum
3568 5649 3670 5705 vide
3685 5642 3739 5695 fi-

525 5729 645 5801 quie
690 5729 756 5792 de
800 5729 889 5792 ﬁla
936 5729 1531 5809 Epiphanii'opinion'e
1572 5742 1811 5797 diximus
1839 5729 1906 5796 ad
1965 5740 2119 5796 Fidei
2229 5729 2342 5794 tato
2373 5729 2497 5793 mox
2540 5741 2593 5794 in
2630 5729 2862 5793 numero
2895 5739 2959 5792 i7
2990 5734 3341 5806 Expasitionis
3372 5729 3510 5801 ﬁdei.

527 5820 579 5856 ει
596 5809 905 5869 positionem
934 5825 1083 5861 num.
1124 5811 1210 5866 l7.
