3958 6402
188 363 283 421 885

1482 359 2156 417 ANACEPIIALJEOSIS.

3328 355 3435 415 886

186 471 398 544 νεκρῶν
433 470 537 528 τοῦ
568 472 792 541 Κυρίου
829 471 1000 544 ἡμῶν
1046 464 1251 542 Ἰησοῦ
1290 471 1571 540 Χριστοῦ.
1613 470 1750 526 Τοῦ-

1876 471 2180 527 mil'orme?
2214 469 2370 538 Quod
2419 470 2634 541 quidem
2669 471 2968 542 Apostolus
3020 471 3122 526 hac
3169 470 3441 526 sententia

187 583 270 620 τον
292 563 419 636 ὁμοῦ
457 564 589 618 Θεὸν
623 565 639 597 ⁸
673 563 871 635 ἔχουσα
893 603 911 631 ,
955 563 1139 636 ἀπαθῆ
1178 565 1274 619 καὶ
1314 563 1556 618 παθόντα
1575 604 1592 629 ,
1656 565 1752 617 καὶ

1877 571 2125 619 estatur:
2161 561 2231 617 Et
2265 563 2313 618 si
2350 563 2617 626 novimus,
2660 563 2858 634 inquit,
2903 562 3189 617 secundum
3232 576 3446 614 carnem

186 656 407 725 ταφέντα
437 656 531 710 καὶ
558 656 868 711 ἀναστάντα
906 657 1002 711 καὶ
1046 655 1341 712 ἀνελθόντα
1372 657 1431 710 ὲν
1461 654 1618 729 δόξῂ,
1660 656 1751 727 ὲρ-

1851 650 2145 718 Christum,
2174 668 2278 706 non
2297 651 2416 721 jam
2442 652 2801 722 cognoscimus
2829 653 2880 717 ¹;
2911 668 3018 707 non
3050 651 3196 723 quod
3224 666 3445 706 carnem

187 749 401 819 χόμενον
451 750 631 820 κρῖναι
678 747 888 813 ζῶντας
922 750 1014 803 καὶ
1045 749 1306 820 νεκροὺς,
1346 746 1424 814 ὣς
1455 764 1659 820 φησιν,
1690 748 1750 800 ὲν

1876 743 2201 799 ιάἰνίηἰιοιε
2238 743 2562 813 sejuaxerit,
2612 742 2705 798 sed
2734 744 2880 813 quod
2926 745 3158 799 exsistat
3196 743 3288 796 illa
3323 740 3450 811 qui-
3516 806 3525 815 ρ

185 837 398 909 ἀληθείᾳ
417 878 433 904 ,
470 833 553 893 Οὗ
581 837 695 908 τῆς
715 839 1043 906 ,Βασιλείας
1071 841 1184 894 οὐκ
1209 840 1385 893 ἔσται
1409 837 1611 904 τέλος.

1852 836 1998 901 dem,
2034 851 2102 890 ac
2138 851 2265 892 eum
2324 835 2435 890 Deo
2465 835 2762 906 jungatur;
2809 851 2997 891 verum
3054 850 3163 890 non
3213 833 3450 903 amplius

187 931 471 987 secundum
526 945 785 999 carnem,
841 934 937 991 sed
990 934 1291 991 secundum
1334 933 1588 1005 spiritum
1630 933 1721 998 sit,
1777 940 1836 985 ut
1893 932 2122 1002 ipsemet
2184 932 2400 998 asserit,
2456 930 2742 985 secundum
2773 933 3016 1001 spiritum
3061 928 3444 1001 sanctiﬁcatio-

182 1025 286 1088 nis,
313 1039 378 1079 ea:
405 1029 784 1083 resurrectione
816 1038 1146 1084 mortuorum
1174 1028 1392 1086 Domini
1415 1030 1587 1085 nostri
1651 1027 1783 1082 Jesu
1820 1026 2021 1083 Christi
2046 1027 2090 1081 ‘.
2156 1024 2314 1082 Hunc
2368 1025 2537 1099 igitur
2580 1027 2824 1083 Ecclesia
2882 1028 3044 1084 simul
3096 1027 3264 1083 Deum
3323 1038 3448 1080 esse

186 1115 476 1186 proﬁtetur,
516 1120 791 1189 passionis
837 1131 1115 1193 expertem
1158 1130 1213 1179 et
1253 1137 1501 1195 passum,
1545 1120 1641 1193 qui
1685 1120 1932 1191 sepultus
1961 1120 2053 1184 sit,
2087 1119 2471 1182 resurrexerit,
2501 1133 2626 1173 cum
2690 1118 2863 1189 gloria
2919 1118 3120 1173 coelum
3179 1130 3449 1172 conscen-

183 1211 335 1273 derit,
358 1221 647 1269 venturum
678 1215 919 1273 indidem
944 1217 1196 1289 judicare
1231 1221 1391 1276 vivos
1421 1227 1477 1275 et
1500 1225 1772 1284 mortuos,
1798 1216 1964 1289 idque
1996 1218 2135 1272 adeo
2176 1231 2305 1273 vere
2345 1216 2421 1271 uti
2467 1216 2677 1271 dictum
2720 1223 2806 1271 est
2858 1233 2872 1270 :

182 1309 277 1361 erit
301 1309 422 1378 ﬁnis
451 1308 493 1363 ⁸.

246 1404 356 1458 Καὶ
380 1407 489 1479 γὰρ
514 1409 609 1464 καὶ
641 1411 885 1465 πιστεύει
913 1414 946 1482 ἡ
973 1411 1130 1484 ἡμῶν
1153 1414 1177 1445 ⁸
1205 1412 1349 1486 αὕτη
1388 1416 1423 1485 ἡ
1450 1413 1583 1483 ἁγία
1631 1413 1756 1466 Έκ-

2936 1214 3104 1286 Cujus
3152 1214 3296 1284 regni
3347 1229 3467 1268 non

1934 1402 2069 1458 Nam
2113 1412 2168 1459 et
2218 1402 2325 1458 hoc
2368 1411 2561 1458 sancta
2608 1402 2726 1473 ipsa
2776 1409 2950 1456 mater
2998 1378 3277 1462 Ecclesia,
3307 1401 3455 1473 quod

184 1494 373 1566 κλησία
397 1535 413 1561 ,
446 1499 542 1552 καὶ
590 1499 667 1564 ὡς
696 1501 835 1573 αὐτῇ
882 1502 1098 1576 ἀληθῶς
1135 1506 1507 1578 κεκήρυκται,
1541 1502 1758 1576 ἀληθῶς

1876 1512 1990 1554 rere
2020 1496 2126 1551 sibi
2157 1494 2508 1567 praedicatum
2556 1510 2793 1566 vereque
2834 1495 3150 1548 mandatum
3191 1501 3297 1557 est,
3334 1509 3456 1548 cre-

181 1590 576 1659 προστέτακται
609 1611 623 1623 ο
691 1595 774 1650 ὃτι
836 1598 1287 1671 κοιμηθησόμεθα
1348 1599 1551 1664 πάντες
1574 1642 1589 1666 ,
1664 1600 1760 1654 καὶ

181 1681 597 1755 ἀναστησόμεθα
641 1686 738 1740 σὺν
771 1686 984 1759 σώματι
1027 1689 1231 1761 τούτῳ,
1266 1692 1362 1745 σὺν
1390 1690 1543 1761 ψυχῇ
1565 1690 1758 1763 ταύτῃ,

182 1773 274 1827 σὺν
308 1778 473 1830 παντὶ
502 1775 580 1848 τῷ
607 1779 861 1852 ἡμετέρῳ
895 1780 1112 1835 σκεύει·
1140 1782 1227 1837 ἴνα
1246 1782 1478 1846 ἕκαστος
1511 1782 1759 1854 ἀπολάϐῃ

180 1865 310 1938 πρὸς
351 1866 389 1922 ἆ
434 1866 697 1941 ἔπραξεν.
738 1872 862 1927 Ὀτι
892 1875 1003 1945 γὰρ
1044 1874 1337 1939 ἀνάστασις
1393 1874 1638 1946 νεκρῶν,
1668 1876 1762 1928 καὶ

177 1956 353 2027 κρίσις
377 1959 599 2025 αἰώνιος
651 1963 748 2018 καὶ
781 1962 1027 2035 βασιλεία
1072 1966 1321 2038 οὐρανῶν
1364 1967 1456 2019 καὶ
1517 1966 1765 2021 ἀνάπαυ-

179 2053 399 2143 σις-τοῖς
422 2052 661 2119 δικαίοις
694 2056 790 2110 καὶ
821 2056 1160 2129 κληρονομία
1183 2058 1392 2114 πιστῶν
1456 2058 1551 2113 καὶ
1604 2059 1765 2132 χορὸς

177 2140 604 2214 μετ’ἆγγέλων,
634 2146 744 2201 τῶν
777 2151 1161 2223 τετηρηκότων
1193 2151 1293 2223 τὴν
1326 2152 1508 2207 πίστιν
1540 2153 1637 2205 καὶ
1666 2151 1765 2223 τὴν

175 2234 396 2302 ἁγνείαν
432 2238 533 2291 καὶ
562 2238 661 2311 τὴν
689 2238 882 2295 ἐλπίδα
915 2242 1130 2306 καὶτὰς
1163 2242 1258 2296 τοῦ
1292 2243 1495 2315 Κυρίου
1522 2243 1766 2310 ἐντολὰς,

173 2326 386 2410 ἀληθῶς
435 2330 593 2398 ἐστι,
639 2333 736 2386 καὶ
764 2330 1101 2406 κεκήρυκται
1134 2337 1228 2390 καὶ
1260 2337 1593 2408 ἡσφάλισται
1617 2379 1633 2402 ,
1672 2337 1767 2391 καὶ

173 2419 493 2477 πιστεύεται
522 2423 609 2477 ὅτι
630 2414 779 2479 οὗτοι
804 2426 1201 2498 ᾴναστήσονται
1229 2430 1309 2494 είς
1343 2428 1489 2501 ζωὴν
1522 2428 1763 2495 αἰώνιον,

177 2510 266 2563 καὶ
295 2507 444 2567 οὗτοι
486 2516 571 2578 είς
615 2517 801 2587 κρίσιν
832 2518 1084 2586 αἰώνιον,
1113 2520 1253 2575 κατὰ
1280 2521 1344 2575 τὸ
1380 2521 1771 2593 γεγραμμένον

174 2604 232 2655 ὲν
266 2606 381 2669 τοῖς
428 2606 810 2677 Εὐαγγελίοις.
840 2611 986 2666 Ὅσα
1025 2611 1135 2684 γὰρ
1183 2612 1334 2682 λέγει
1372 2615 1401 2667 ὀ
1446 2613 1767 2677 Ἀπόστολος

174 2693 265 2746 καὶ
309 2695 491 2751 πᾶσαι
534 2699 591 2751 αἱ
624 2696 782 2768 ἅγιαι
816 2700 1033 2772 Γραφαὶ
1060 2740 1074 2767 ,
1133 2701 1309 2774 ἀληθῆ
1366 2702 1665 2774 τυγχάνει·
1719 2704 1770 2757 εί

172 2786 264 2838 καὶ
301 2788 462 2860 παρὰ
509 2790 626 2854 τοῖς
673 2791 1011 2864 ἀπιστήσασι
1061 2793 1159 2847 καὶ
1208 2771 1397 2859 κακῶς
1456 2794 1771 2867 νενοηκόσιν

171 2878 371 2951 ἑτέρως
403 2880 879 2954 ὑπολαμϐάνεται.
920 2885 1085 2957 Ἡμῖν
1108 2885 1170 2940 δὲ
1198 2885 1345 2958 αὕτη
1384 2888 1419 2959 ἡ
1447 2886 1632 2951 πίστις
1675 2888 1773 2943 καὶ

172 2969 306 3041 αὕτη
336 2974 368 3043 ὴ
399 2974 580 3045 τιμὴ,
605 2975 701 3028 καὶ
729 2975 868 3046 αὕτη
901 2979 933 3049 ἡ
965 2979 1148 3051 μήτηρ
1175 2978 1334 3051 ἡμῶν
1363 2981 1399 3050 ἡ
1451 2978 1768 3052 Ἐκκλησία,

172 3060 257 3114 διὰ
290 3064 544 3129 πίστεως
575 3065 823 3132 σώζουσα
855 3067 966 3140 (58)
990 3111 1005 3135 ,
1042 3070 1137 3124 καὶ
1165 3070 1234 3124 δι’
1262 3070 1477 3136 ἐλπίδος
1506 3089 1771 3143 κρατυνο-

173 3151 311 3225 μένη
366 3156 470 3209 καὶ
524 3156 717 3230 ἀγάπῃ
768 3160 1047 3231 Χριστοῦ,
1083 3162 1436 3236 τελειουμένη
1487 3163 1543 3217 ἐν
1590 3183 1651 3218 τε
1702 3168 1770 3237 τῇ

1866 1588 1982 1645 dit:
2020 1590 2348 1644 moriturum
2391 1603 2837 1658 unumquemque
2877 1594 3124 1642 nostrum
3161 1601 3226 1642 ac
3272 1603 3456 1642 resur-

1869 1691 2147 1739 recturum
2169 1697 2293 1737 cum
2322 1681 2426 1737 hoc
2453 1681 2572 1750 ipso
2602 1694 2852 1751 corpore,
2881 1694 3006 1734 cum
3029 1678 3219 1735 eadem
3250 1679 3454 1744 anima,

1869 1792 1995 1833 cum
2026 1785 2142 1832 toto
2169 1776 2275 1831 hoc
2297 1775 2686 1837 instrumento,
2715 1772 2951 1843 denique
2984 1783 3042 1826 ut
3079 1771 3308 1841 quilibet
3339 1786 3456 1826 tne-

1870 1870 1991 1926 ritis
2041 1869 2160 1926 suis
2203 1875 2574 1924 consentanea
2624 1865 2848 1937 praemia
2909 1863 3179 1935 percipiat
3226 1863 3269 1918 °.
3320 1861 3454 1916 Nam

1866 1962 2013 2035 quod
2041 1973 2385 2019 mortuorum
2414 1963 2602 2018 futura
2623 1959 2959 2017 resurrectio
2984 1959 3057 2014 sit
3078 1965 3240 2031 atque
3258 1963 3460 2012 aeterna

1866 2056 2174 2121 damnatio,
2199 2057 2537 2127 cmlesteque
2558 2070 2810 2127 regnum,
2841 2052 3186 2124 etjustorum
3219 2051 3376 2121 quies
3400 2065 3464 2105 ac

1868 2149 2107 2204 ﬁdelium
2140 2149 2453 2213 baereditas,
2489 2146 2905 2216 communisque
2930 2160 3056 2200 cum
3101 2143 3310 2215 angelis
3339 2142 3464 2197 clio-

1867 2258 1962 2301 rus
2023 2245 2091 2300 iis
2144 2244 2479 2298 constitutus
2525 2243 2619 2314 qui
2669 2240 2829 2296 ﬁdem
2877 2245 2932 2294 et
2979 2238 3361 2295 castimoniam
3409 2246 3463 2291 et

1866 2353 2018 2408 spem
2072 2351 2137 2391 ac
2189 2336 2407 2390 Domini
2453 2342 2718 2405 praecepta
2764 2332 3057 2395 servarint,
3108 2327 3461 2385 verissimum

1867 2436 1988 2492 est;
2020 2427 2186 2499 idque
2228 2435 2285 2483 et
2323 2427 2682 2498 praedicatum
2712 2431 2769 2479 et
2796 2422 3102 2478 certissime
3139 2421 3467 2490 catnproba-

1871 2528 2064 2575 tumet
2090 2520 2403 2576 creditum:
2450 2519 2708 2589 quoniam
2753 2517 2811 2572 hi
2869 2519 3155 2585 resurgent
3197 2513 3253 2566 in
3301 2511 3465 2566 vitam

1874 2611 2088 2684 1140
2115 2620 2396 2677 aeternam,
2425 2617 2480 2667 et
2523 2609 2612 2666 isti
2642 2609 2696 2664 in
2737 2606 3007 2678 judicium
3038 2614 3305 2660 aeternum
3326 2603 3373 2667 ⁷,
3407 2609 3468 2655 ιιι

1871 2701 1929 2756 in
1980 2700 2275 2772 Evangelio
2326 2701 2590 2770 scriptum
2641 2708 2741 2753 est.
2799 2696 2937 2752 Nam
2993 2708 3336 2765 quaecunque
3385 2691 3470 2747 vel

1870 2793 2163 2864 Apostolus
2201 2791 2284 2847 vel
2319 2806 2478 2847 sacra
2513 2791 2690 2845 omnis
2725 2787 3012 2859 Scriptura
3052 2792 3310 2849 testatur,
3343 2797 3472 2837 vera

1872 2892 2025 2950 sunt,
2052 2885 2178 2940 licet
2204 2883 2453 2939 inﬁdeles
2491 2897 2557 2937 ac
2589 2895 2877 2952 perperam
2908 2878 3274 2949 intelligentes
3315 2875 3474 2933 aliter

1871 2976 2210 3033 existiment.
2250 2973 2423 3031 Nobis
2454 2989 2582 3030 vero
2616 2989 2681 3030 ea
2710 2973 2932 3029 demum
2965 2970 3102 3027 ﬁdes
3132 2979 3237 3035 est,
3277 2968 3326 3024 is
3371 2968 3475 3023 ho-

1872 3085 1975 3125 nor
2016 3083 2080 3123 ac
2112 3068 2353 3140 dignitas
2392 3084 2405 3121 ;
2455 3067 2572 3122 haec
2613 3073 2700 3121 est
2749 3073 2940 3121 nostra
2987 3070 3164 3118 mater
3204 3060 3474 3127 Ecclesia,

1873 3176 1996 3231 quae
2027 3175 2123 3230 per
2173 3158 2331 3213 ﬁdem
2365 3164 2570 3220 servat,
2618 3172 2715 3227 spe
2762 3155 3160 3213 corroboratur
3187 3163 3242 3210 et
3267 3153 3475 3209 Christi

167 3243 541 3318 ὁμολογίᾳ,ἐν
587 3262 649 3301 τε
685 3251 799 3315 τοῖς
851 3252 1196 3326 μυστηρίοις,
1224 3252 1283 3306 ἐν
1334 3272 1394 3307 τε
1425 3258 1492 3328 τῇ
1522 3255 1618 3309 τοῦ
1645 3256 1769 3309 λου-

1876 3254 2165 3315 eharitate,
2205 3266 2419 3307 necnon
2461 3257 2517 3306 et
2554 3249 2827 3320 ejusmodi
2872 3248 3216 3319 professione
3250 3261 3316 3301 ac
3360 3261 3477 3317 my-

164 3338 296 3408 τροῦ
348 3339 650 3412 καθαρσίῳ
692 3341 949 3414 δυνάμει·
981 3346 1063 3398 ὅτι
1114 3346 1499 3415 Ἀπελθόντες
1548 3350 1770 3413 ,βαπτί-

166 3443 319 3486 ante
349 3434 441 3501 είς
470 3432 669 3503 ὄνομα
691 3435 921 3506 Πατρός
947 3438 1048 3492 καὶ
1070 3438 1203 3492 Υίοῦ
1232 3440 1329 3493 καὶ
1378 3440 1553 3510 ἁγίου
1595 3443 1777 3496 Πιθεύς-

160 3541 396 3593 ματος·
453 3527 543 3590 είς
591 3525 762 3596 ὄνομα
812 3527 869 3581 δὲ
923 3526 1113 3599 θεῖκῆς
1166 3529 1426 3601 Τριάδος,
1482 3532 1777 3603 ὀνομασίας

166 3614 452 3686 μηδεμίαν
488 3615 757 3687 διαφορὰν
784 3616 1038 3689 ἐχούσης.
1084 3619 1222 3672 Ἀλλ’
1252 3621 1335 3673 ὅτι
1367 3619 1501 3685 Θεὸς
1528 3616 1610 3684 εἷς
1644 3623 1779 3693 ἡμῖν

162 3704 222 3756 ἐν
251 3705 413 3776 νόμῳ
450 3705 559 3760 καὶ
606 3707 664 3760 ὲν
703 3707 1014 3778 προφήταις
1058 3709 1153 3762 καὶ
1186 3711 1244 3763 ὲν
1295 3710 1652 3779 Εὐαγγελίοις
1682 3712 1778 3765 καὶ¹

163 3796 223 3849 ὲν
260 3798 606 3862 ἀποστόλοις
653 3797 802 3871 (59),
837 3800 895 3853 ὲν
925 3798 1144 3872 Παλαιᾷ
1191 3800 1285 3855 καὶ⁴
1314 3802 1493 3873 Καινῇ
1531 3801 1776 3873 Διαοήκῃ

163 3892 529 3964 κεκήρυκται
561 3892 656 3946 καὶ
686 3891 1053 3963 κατήγγελται
1104 3895 1213 3969 καὶ-
1237 3893 1595 3948 πεπίστευται
1620 3935 1636 3961 ,
1666 3894 1782 3947 Πα-

161 3984 272 4058 τὴρ
305 3987 413 4041 καὶ
444 3987 586 4050 Υἱὸς
636 3987 732 4041 καὶ
785 3988 941 4058 ἆγιον
976 3987 1233 4058 Πνεῦμαο
1289 3986 1430 4057 μήτε
1482 3986 1778 4059 συναλοιφή

161 4094 249 4141 τις
300 4074 455 4133 οὖσαν
489 4081 526 4150 ἡ
550 4078 790 4151 Θεότης,
842 4079 980 4135 ἀλλὰ
1021 4079 1196 4152 Τριὰς
1239 4078 1409 4144 ὅντως
1437 4078 1619 4133 τελεία
1645 4094 1658 4109 ·
1692 4078 1781 4132 τέ-

161 4166 308 4233 λειος
337 4172 367 4223 ὁ
426 4168 659 4242 Πατὴρ,
691 4170 898 4235 τέλειος
931 4172 959 4225 ὁ
1006 4170 1165 4234 Υἱὸς,
1217 4170 1420 4223 τέλειον
1464 4169 1526 4222 τὸ
1554 4169 1780 4241 Πνεῦμα

156 4262 222 4315 τὸ
249 4263 445 4333 ἅγιον,
488 4263 593 4334 μία
637 4263 830 4335 θεότης
852 4305 867 4331 ,
897 4260 978 4328 εἷς
1000 4263 1133 4327 Θεός
1152 4281 1163 4295 ·
1189 4256 1235 4331 ᾧ
1260 4265 1293 4332 ὴ
1328 4262 1456 4327 δόξα
1475 4303 1489 4326 ,
1515 4261 1651 4333 τιμὴ
1686 4264 1781 4315 καὶ

159 4354 376 4426 κράτος
424 4352 533 4408 νῦν
568 4353 663 4407 καὶ
694 4354 781 4408 ἀεὶ
814 4354 909 4407 καὶ
954 4354 1036 4417 εἰς
1076 4354 1203 4416 τοὺς
1240 4353 1442 4417 αἰῶνας
1489 4353 1598 4406 τῶν
1651 4352 1781 4408 αἰώ-

158 4464 292 4503 νων.
346 4449 564 4518 Ἀμήν.

1881 3342 2087 3407 steriis,
2144 3338 2513 3412 baptismique
2561 3338 2619 3392 vi
2678 3353 2743 3393 ac
2802 3338 3126 3409 purgatione
3166 3334 3473 3406 perﬁcitur.

1886 3433 2106 3499 Euntes,
2136 3433 2335 3504 inquit,
2368 3431 2633 3499 baptizata
2670 3430 2724 3483 in
2755 3429 2964 3484 nomine
2996 3425 3204 3493 Patris,
3236 3435 3286 3482 et
3322 3424 3369 3479 F
3374 3426 3474 3493 itii,

1882 3538 1931 3581 et
1968 3525 2206 3595 Spiritus
2240 3525 2415 3580 sancti
2444 3524 2466 3555 ⁸
2502 3543 2516 3579 :
2550 3524 2603 3578 in
2654 3521 2877 3578 nomine
2921 3519 3123 3576 divina:
3165 3517 3474 3584 Trinitatis,

1882 3619 2044 3690 cujus
2073 3617 2367 3689 appellatio
2398 3616 2673 3671 diversum
2701 3614 2838 3669 nihil
2864 3611 3129 3668 continet.
3160 3611 3219 3667 Si
3253 3610 3474 3680 quidem

1888 3727 2030 3767 unus
2064 3725 2131 3765 ac
2163 3709 2460 3780 singularis
2494 3708 2639 3765 Deus
2668 3717 2724 3764 et
2758 3707 2815 3761 in
2842 3706 2963 3778 lege
2998 3715 3052 3762 et
3079 3704 3383 3776 prophetis,
3418 3703 3476 3758 in

1887 3802 2197 3873 Evangeliis
2234 3811 2291 3857 et
2325 3801 2617 3873 apostolis,
2653 3802 2709 3855 in
2747 3796 2944 3855 Vetere
2986 3806 3045 3875 et
3086 3797 3239 3854 Novo
3280 3794 3474 3853 Testa-

1885 3905 2069 3951 mento
2099 3894 2449 3965 praedicatus,
2479 3893 2765 3947 nuntiatus
2793 3900 2877 3948 est
2914 3904 2979 3945 ac
3004 3889 3268 3955 creditur,
3293 3887 3478 3956 Pater,

1884 3999 1939 4046 et
1977 3988 2171 4054 Filius,
2206 3999 2262 4043 et
2310 3986 2550 4058 Spiritus
2595 3993 2844 4043 sanctus.
2891 3984 3082 4057 Neque
3131 3997 3263 4040 vero
3290 3982 3482 4039 confu-

1886 4096 2009 4137 sum
2037 4080 2298 4152 quiddam
2330 4080 2449 4151 ipsa
2474 4079 2745 4136 Divinitas
2773 4085 2883 4144 est,
2909 4076 3006 4134 sed
3026 4075 3266 4148 perfecta
3289 4090 3483 4132 revera

1886 4173 2129 4229 Trinitas
2167 4182 2274 4238 est,
2305 4172 2583 4244 perfectus
2618 4170 2802 4234 Pater,
2836 4169 3112 4242 perfectus
3142 4166 3334 4230 Filius,
3367 4181 3485 4236 per-

1887 4264 2065 4319 fectus
2106 4261 2343 4335 Spiritus
2382 4272 2645 4331 sanctus;
2677 4277 2787 4317 una
2818 4260 3099 4328 divinitas,
3134 4272 3279 4314 unus
3313 4256 3480 4320 Deus,

1887 4357 1976 4411 cui
2016 4355 2212 4428 gloria,
2256 4354 2431 4410 honor
2473 4361 2529 4409 et
2559 4354 2849 4425 imperium
2884 4368 3030 4407 nunc
3069 4358 3122 4406 et
3170 4364 3392 4421 semper
3428 4356 3484 4405 ct

1818 4444 1862 4499 Ι)
1890 4449 1946 4502 in
1974 4447 2172 4502 saecula
2202 4445 2548 4501 saeculorum.
2584 4444 2776 4498 Amen.

229 4603 249 4634 ‘
282 4564 767 4677 [ιεεοᾼᾷνθρφτον
788 4600 926 4674 ὁμοῦ
947 4602 1049 4677 δρα
1076 4600 1229 4677 ρεργο
1282 4603 1327 4677 _’
1358 4616 1447 4673 uo-
1475 4600 1769 4677 μήτηρΑῆμ

1946 4596 1973 4632 ⁸
1995 4598 2040 4654 ll
2070 4596 2195 4656 Cor.
2224 4614 2280 4668 ν,
2306 4598 2395 4654 16.
2473 4599 2495 4627 ⁸
2524 4595 2684 4656 Rom.
2724 4614 2765 4665 ι,
2794 4597 2850 4651 4.
2926 4594 2947 4627 ⁵
2979 4594 3114 4650 Luc.
3151 4609 3192 4658 ι,
3226 4594 3314 4649 3‘5.
3396 4590 3485 4648 “li

154 4674 295 4732 Cor.
328 4671 400 4741 νζ
432 4674 539 4730 10.
587 4671 635 4705 ’⁷
666 4671 834 4729 ιοιιηζ
863 4690 918 4741 v,
942 4672 1035 4728 29.
1106 4672 1342 4730 l“Matth.
1366 4671 1577 4738 ‘xxvui,
1620 4671 1706 4727 19.

232 4835 360 4906 (58)
394 4832 519 4888 Διὰ
544 4829 1138 4906 πίστεως-σώζουσα.
1172 4831 1307 4887 Vide
1348 4830 1548 4906 locum
1573 4829 1719 4884 hunc
1749 4844 1781 4884 a

155 4902 497 4962 Tlt'omasio
536 4910 728 4959 nostro
774 4905 992 4958 diversa
1033 4902 1485 4973 interpretatione
1517 4902 1779 4973 donatum

154 4988 422 5033 numero
448 4974 528 5029 18
567 4982 883 5029 memorata;
906 4988 1016 5029 non
1045 4970 1215 5030 semel
1241 4971 1607 5039 Expositionia
1631 4970 1781 5040 ﬁdei.

236 5046 369 5120 (59)
416 5047 539 5102 Ἐν
562 5044 949 5113 ἀποστόλοις.
993 5043 1272 5122 Petavius,
1297 5042 1453 5115 Apud
1489 5040 1781 5111 apostolos.

1891 4829 2247 4887 Beneventur
2305 4834 2395 4888 hic
2444 4846 2568 4888 quae
2615 4830 2683 4886 ad
2737 4831 2973 4887 similem
3016 4829 3196 4883 locum
3227 4824 3491 4882 similem-

1891 4849 2247 4887 nenoventur
2306 4849 2395 4888 me
2485 4849 2568 4888 ua:
2615 4849 2683 4886 aa
2737 4849 2973 4887 Slmltcm
3016 4849 3196 4883 locum
3227 4849 3490 4882 aurumm-

1888 4917 1997 4972 que
2035 4903 2359 5030 obscausam
2409 4849 2794 4959 adnotavimus
2848 4902 2902 4957 in
2958 4897 3303 4968 Expositione
3343 4892 3490 4965 ﬁdei.

1888 4988 2044 5028 nun.
2151 5015 2164 5030 .
