  <div class='ocr_page' id='page_1' title='image "/cluster/home/n/w/nwhite01/storage/ocr_20150623/42:no.2/coo.31924054869403/450.png"; bbox 0 0 3958 6402; ppageno 0'>
   <div class='ocr_carea' id='block_1_1' title="bbox 227 359 318 416">
    <p class='ocr_par' dir='ltr' id='par_1_1' title="bbox 227 359 318 416">
     <span class='ocr_line' id='line_1_1' title="bbox 227 359 318 416; baseline -0.044 0"><span class='ocrx_word' id='word_1_1' title='bbox 227 359 318 416; x_wconf 83' lang='lat'><strong>889</strong></span> 
     </span>
    </p>
   </div>
   <div class='ocr_carea' id='block_1_2' title="bbox 704 477 1376 551">
    <p class='ocr_par' dir='ltr' id='par_1_2' title="bbox 704 477 1376 551">
     <span class='ocr_line' id='line_1_2' title="bbox 704 477 1376 551; baseline 0.01 -21"><span class='ocrx_word' id='word_1_2' title='bbox 704 477 788 531; x_wconf 80' lang='lat' dir='ltr'><strong>Ea:</strong></span> <span class='ocrx_word' id='word_1_3' title='bbox 825 477 1007 534; x_wconf 76' lang='lat' dir='ltr'><strong>Fastis</strong></span> <span class='ocrx_word' id='word_1_4' title='bbox 1038 480 1376 551; x_wconf 43' lang='lat' dir='ltr'><strong>Capitolinis.</strong></span> 
     </span>
    </p>
   </div>
   <div class='ocr_carea' id='block_1_3' title="bbox 865 609 1133 650">
    <p class='ocr_par' dir='ltr' id='par_1_3' title="bbox 865 609 1133 650">
     <span class='ocr_line' id='line_1_3' title="bbox 865 609 1133 650; baseline 0.011 -4"><span class='ocrx_word' id='word_1_5' title='bbox 865 609 1133 650; x_wconf 78' lang='lat' dir='ltr'><strong>SUFFECTI.</strong></span> 
     </span>
    </p>
   </div>
   <div class='ocr_carea' id='block_1_4' title="bbox 317 679 893 738">
    <p class='ocr_par' dir='ltr' id='par_1_4' title="bbox 317 679 893 738">
     <span class='ocr_line' id='line_1_4' title="bbox 317 679 893 738; baseline 0.002 -2"><span class='ocrx_word' id='word_1_6' title='bbox 317 680 375 736; x_wconf 93' lang='lat' dir='ltr'><strong>C.</strong></span> <span class='ocrx_word' id='word_1_7' title='bbox 411 679 660 736; x_wconf 78' lang='lat' dir='ltr'><strong>Visellius</strong></span> <span class='ocrx_word' id='word_1_8' title='bbox 704 680 893 738; x_wconf 88' lang='lat' dir='ltr'><strong>Varro.</strong></span> 
     </span>
    </p>
   </div>
   <div class='ocr_carea' id='block_1_5' title="bbox 222 750 1690 822">
    <p class='ocr_par' dir='ltr' id='par_1_5' title="bbox 222 750 1690 822">
     <span class='ocr_line' id='line_1_5' title="bbox 222 750 1690 822; baseline 0.007 -14"><span class='ocrx_word' id='word_1_9' title='bbox 222 750 302 808; x_wconf 79' lang='lat' dir='ltr'><strong>I9.</strong></span> <span class='ocrx_word' id='word_1_10' title='bbox 329 751 400 822; x_wconf 82' lang='lat' dir='ltr'><strong>_C.</strong></span> <span class='ocrx_word' id='word_1_11' title='bbox 439 751 605 808; x_wconf 81' lang='lat' dir='ltr'><strong>Silius</strong></span> <span class='ocrx_word' id='word_1_12' title='bbox 634 751 840 822; x_wconf 88' lang='lat' dir='ltr'><strong>Nepos.</strong></span> <span class='ocrx_word' id='word_1_13' title='bbox 1033 757 1092 812; x_wconf 90' lang='lat' dir='ltr'><strong>L.</strong></span> <span class='ocrx_word' id='word_1_14' title='bbox 1126 758 1402 815; x_wconf 73' lang='lat' dir='ltr'><strong>Munatius</strong></span> <span class='ocrx_word' id='word_1_15' title='bbox 1432 760 1690 818; x_wconf 89' lang='lat' dir='ltr'><strong>Plancus.</strong></span> 
     </span>
    </p>
   </div>
   <div class='ocr_carea' id='block_1_6' title="bbox 217 820 1711 903">
    <p class='ocr_par' dir='ltr' id='par_1_6' title="bbox 217 820 1711 903">
     <span class='ocr_line' id='line_1_6' title="bbox 217 820 1711 903; baseline 0.008 -29"><span class='ocrx_word' id='word_1_16' title='bbox 217 821 283 874; x_wconf 83' lang='lat'><strong>20</strong></span> <span class='ocrx_word' id='word_1_17' title='bbox 319 820 448 876; x_wconf 87' lang='lat' dir='ltr'><strong>Sex.</strong></span> <span class='ocrx_word' id='word_1_18' title='bbox 475 820 764 893; x_wconf 78' lang='lat' dir='ltr'><strong>Pompejiis</strong></span> <span class='ocrx_word' id='word_1_19' title='bbox 792 822 993 893; x_wconf 85' lang='lat' dir='ltr'><strong>Nepos.</strong></span> <span class='ocrx_word' id='word_1_20' title='bbox 1027 828 1176 884; x_wconf 82' lang='lat' dir='ltr'><strong>Sext.</strong></span> <span class='ocrx_word' id='word_1_21' title='bbox 1209 831 1484 900; x_wconf 24' lang='lat' dir='ltr'><strong>Apulejus‘</strong></span> <span class='ocrx_word' id='word_1_22' title='bbox 1512 830 1711 903; x_wconf 81' lang='lat' dir='ltr'><strong>Nepos.</strong></span> 
     </span>
    </p>
   </div>
   <div class='ocr_carea' id='block_1_7' title="bbox 215 947 1574 1026">
    <p class='ocr_par' dir='ltr' id='par_1_7' title="bbox 215 947 1574 1026">
     <span class='ocr_line' id='line_1_7' title="bbox 215 947 1574 1026; baseline 0.007 -10"><span class='ocrx_word' id='word_1_23' title='bbox 215 963 270 1018; x_wconf 92' lang='lat' dir='ltr'><strong>2l</strong></span> <span class='ocrx_word' id='word_1_24' title='bbox 317 963 513 1019; x_wconf 84' lang='lat' dir='ltr'><strong>Drusus</strong></span> <span class='ocrx_word' id='word_1_25' title='bbox 539 961 740 1019; x_wconf 69' lang='lat' dir='ltr'><strong>Caesar.</strong></span> <span class='ocrx_word' id='word_1_26' title='bbox 1021 967 1082 1022; x_wconf 91' lang='lat' dir='ltr'><strong>C.</strong></span> <span class='ocrx_word' id='word_1_27' title='bbox 1114 967 1282 1024; x_wconf 86' lang='lat' dir='ltr'><strong>Norb.</strong></span> <span class='ocrx_word' id='word_1_28' title='bbox 1323 947 1574 1026; x_wconf 89' lang='lat' dir='ltr'><strong>Flaccus.</strong></span> 
     </span>
    </p>
   </div>
   <div class='ocr_carea' id='block_1_8' title="bbox 213 1033 1568 1096">
    <p class='ocr_par' dir='ltr' id='par_1_8' title="bbox 213 1033 1568 1096">
     <span class='ocr_line' id='line_1_8' title="bbox 213 1033 1568 1096; baseline 0.007 -11"><span class='ocrx_word' id='word_1_29' title='bbox 213 1033 278 1086; x_wconf 94' lang='lat'><strong>22</strong></span> <span class='ocrx_word' id='word_1_30' title='bbox 311 1033 392 1086; x_wconf 88' lang='lat' dir='ltr'><strong>Ti.</strong></span> <span class='ocrx_word' id='word_1_31' title='bbox 425 1033 672 1089; x_wconf 88' lang='lat' dir='ltr'><strong>Statilius</strong></span> <span class='ocrx_word' id='word_1_32' title='bbox 697 1034 932 1090; x_wconf 87' lang='lat' dir='ltr'><strong>Taurus.</strong></span> <span class='ocrx_word' id='word_1_33' title='bbox 1025 1037 1082 1092; x_wconf 90' lang='lat' dir='ltr'><strong>L.</strong></span> <span class='ocrx_word' id='word_1_34' title='bbox 1119 1039 1372 1096; x_wconf 88' lang='lat' dir='ltr'><strong>Scribon.</strong></span> <span class='ocrx_word' id='word_1_35' title='bbox 1413 1041 1568 1095; x_wconf 90' lang='lat' dir='ltr'><strong>Libo.</strong></span> 
     </span>
    </p>
   </div>
   <div class='ocr_carea' id='block_1_9' title="bbox 212 1101 1742 1192">
    <p class='ocr_par' dir='ltr' id='par_1_9' title="bbox 212 1101 1742 1192">
     <span class='ocr_line' id='line_1_9' title="bbox 212 1101 1742 1192; baseline 0.009 -38"><span class='ocrx_word' id='word_1_36' title='bbox 212 1101 276 1192; x_wconf 60' lang='grc' dir='ltr'><strong>ἓξ</strong></span> <span class='ocrx_word' id='word_1_37' title='bbox 309 1102 598 1192; x_wconf 50' lang='grc' dir='ltr'>ξξιβῳξιιδ</span> <span class='ocrx_word' id='word_1_38' title='bbox 625 1104 821 1192; x_wconf 58' lang='lat' dir='ltr'><strong>.Rpfus.</strong></span> <span class='ocrx_word' id='word_1_39' title='bbox 1118 1108 1455 1192; x_wconf 74' lang='lat' dir='ltr'><strong>Pomponius</strong></span> <span class='ocrx_word' id='word_1_40' title='bbox 1491 1111 1742 1192; x_wconf 89' lang='lat' dir='ltr'><strong>Flac_c_us.</strong></span> 
     </span>
    </p>
   </div>
   <div class='ocr_carea' id='block_1_10' title="bbox 211 1168 1684 1246">
    <p class='ocr_par' dir='ltr' id='par_1_10' title="bbox 211 1168 1684 1246">
     <span class='ocr_line' id='line_1_10' title="bbox 211 1168 1684 1246; baseline 0.007 -17"><span class='ocrx_word' id='word_1_41' title='bbox 211 1168 274 1229; x_wconf 71' lang='grc'><strong>24</strong></span> <span class='ocrx_word' id='word_1_42' title='bbox 309 1172 426 1230; x_wconf 86' lang='lat' dir='ltr'><strong>Tib.</strong></span> <span class='ocrx_word' id='word_1_43' title='bbox 451 1173 588 1246; x_wconf 85' lang='lat' dir='ltr'><strong>Aug.</strong></span> <span class='ocrx_word' id='word_1_44' title='bbox 621 1174 713 1230; x_wconf 91' lang='lat' dir='ltr'><strong>III.</strong></span> <span class='ocrx_word' id='word_1_45' title='bbox 1021 1168 1378 1238; x_wconf 84' lang='lat' dir='ltr'><strong>Germanicus</strong></span> <span class='ocrx_word' id='word_1_46' title='bbox 1405 1181 1589 1238; x_wconf 67' lang='lat' dir='ltr'><strong>Caesar</strong></span> <span class='ocrx_word' id='word_1_47' title='bbox 1621 1183 1684 1240; x_wconf 91' lang='lat' dir='ltr'><strong>ll.</strong></span> 
     </span>
    </p>
   </div>
   <div class='ocr_carea' id='block_1_11' title="bbox 874 1355 1150 1398">
    <p class='ocr_par' dir='ltr' id='par_1_11' title="bbox 874 1355 1150 1398">
     <span class='ocr_line' id='line_1_11' title="bbox 874 1355 1150 1398; baseline 0.007 -2"><span class='ocrx_word' id='word_1_48' title='bbox 874 1355 1150 1398; x_wconf 76' lang='lat' dir='ltr'><strong>SUFFECTI.</strong></span> 
     </span>
    </p>
   </div>
   <div class='ocr_carea' id='block_1_12' title="bbox 1012 1440 1586 1499">
    <p class='ocr_par' dir='ltr' id='par_1_12' title="bbox 1012 1440 1586 1499">
     <span class='ocr_line' id='line_1_12' title="bbox 1012 1440 1586 1499; baseline 0.01 -6"><span class='ocrx_word' id='word_1_49' title='bbox 1012 1440 1296 1498; x_wconf 81' lang='lat' dir='ltr'><strong>Rubellius</strong></span> <span class='ocrx_word' id='word_1_50' title='bbox 1323 1443 1586 1499; x_wconf 89' lang='lat' dir='ltr'><strong>Blandus.</strong></span> 
     </span>
    </p>
   </div>
   <div class='ocr_carea' id='block_1_13' title="bbox 1013 1511 1668 1570">
    <p class='ocr_par' dir='ltr' id='par_1_13' title="bbox 1013 1511 1668 1570">
     <span class='ocr_line' id='line_1_13' title="bbox 1013 1511 1668 1570; baseline 0.003 -4"><span class='ocrx_word' id='word_1_51' title='bbox 1013 1511 1077 1566; x_wconf 89' lang='lat' dir='ltr'><strong>C.</strong></span> <span class='ocrx_word' id='word_1_52' title='bbox 1102 1511 1392 1569; x_wconf 86' lang='lat' dir='ltr'><strong>Norbanus</strong></span> <span class='ocrx_word' id='word_1_53' title='bbox 1419 1515 1668 1570; x_wconf 86' lang='lat' dir='ltr'><strong>Flaccus.</strong></span> 
     </span>
    </p>
   </div>
   <div class='ocr_carea' id='block_1_14' title="bbox 205 1572 1567 1640">
    <p class='ocr_par' dir='ltr' id='par_1_14' title="bbox 205 1572 1567 1640">
     <span class='ocr_line' id='line_1_14' title="bbox 205 1572 1567 1640; baseline 0.01 -15"><span class='ocrx_word' id='word_1_54' title='bbox 205 1574 270 1625; x_wconf 83' lang='lat'><strong>26</strong></span> <span class='ocrx_word' id='word_1_55' title='bbox 305 1573 372 1626; x_wconf 78' lang='grc' dir='ltr'><strong>Μ.</strong></span> <span class='ocrx_word' id='word_1_56' title='bbox 406 1572 656 1629; x_wconf 89' lang='lat' dir='ltr'><strong>Valerius</strong></span> <span class='ocrx_word' id='word_1_57' title='bbox 679 1577 928 1633; x_wconf 88' lang='lat' dir='ltr'><strong>Messala.</strong></span> <span class='ocrx_word' id='word_1_58' title='bbox 1015 1581 1085 1634; x_wconf 88' lang='grc' dir='ltr'><strong>Μ.</strong></span> <span class='ocrx_word' id='word_1_59' title='bbox 1110 1582 1365 1638; x_wconf 84' lang='lat' dir='ltr'><strong>Aurelius</strong></span> <span class='ocrx_word' id='word_1_60' title='bbox 1389 1587 1567 1640; x_wconf 91' lang='lat' dir='ltr'><strong>Cotta.</strong></span> 
     </span>
    </p>
   </div>
   <div class='ocr_carea' id='block_1_15' title="bbox 204 1642 1523 1710">
    <p class='ocr_par' dir='ltr' id='par_1_15' title="bbox 204 1642 1523 1710">
     <span class='ocr_line' id='line_1_15' title="bbox 204 1642 1523 1710; baseline 0.011 -15"><span class='ocrx_word' id='word_1_61' title='bbox 204 1642 268 1694; x_wconf 88' lang='lat'><strong>27</strong></span> <span class='ocrx_word' id='word_1_62' title='bbox 304 1642 552 1700; x_wconf 81' lang='lat' dir='ltr'><strong>Tiberius</strong></span> <span class='ocrx_word' id='word_1_63' title='bbox 580 1645 668 1701; x_wconf 88' lang='lat' dir='ltr'><strong>IV.</strong></span> <span class='ocrx_word' id='word_1_64' title='bbox 1013 1651 1223 1709; x_wconf 86' lang='lat' dir='ltr'><strong>Drusus</strong></span> <span class='ocrx_word' id='word_1_65' title='bbox 1247 1652 1428 1710; x_wconf 82' lang='lat' dir='ltr'><strong>Julius</strong></span> <span class='ocrx_word' id='word_1_66' title='bbox 1458 1655 1523 1710; x_wconf 95' lang='lat' dir='ltr'><strong>Il.</strong></span> 
     </span>
    </p>
   </div>
   <div class='ocr_carea' id='block_1_16' title="bbox 305 1431 817 1502">
    <p class='ocr_par' dir='ltr' id='par_1_16' title="bbox 305 1431 817 1502">
     <span class='ocr_line' id='line_1_16' title="bbox 305 1431 817 1502; baseline 0.012 -17"><span class='ocrx_word' id='word_1_67' title='bbox 305 1432 363 1486; x_wconf 91' lang='lat' dir='ltr'><strong>L.</strong></span> <span class='ocrx_word' id='word_1_68' title='bbox 391 1431 549 1502; x_wconf 85' lang='lat' dir='ltr'><strong>Sejus</strong></span> <span class='ocrx_word' id='word_1_69' title='bbox 587 1435 817 1491; x_wconf 90' lang='lat' dir='ltr'><strong>Tubero.</strong></span> 
     </span>
    </p>
   </div>
   <div class='ocr_carea' id='block_1_17' title="bbox 205 1502 839 1560">
    <p class='ocr_par' dir='ltr' id='par_1_17' title="bbox 205 1502 839 1560">
     <span class='ocr_line' id='line_1_17' title="bbox 205 1502 839 1560; baseline 0.005 -3"><span class='ocrx_word' id='word_1_70' title='bbox 205 1503 270 1557; x_wconf 79' lang='grc'>25</span> <span class='ocrx_word' id='word_1_71' title='bbox 306 1503 373 1556; x_wconf 87' lang='grc' dir='ltr'><strong>Μ.</strong></span> <span class='ocrx_word' id='word_1_72' title='bbox 400 1502 577 1560; x_wconf 84' lang='lat' dir='ltr'><strong>Julius</strong></span> <span class='ocrx_word' id='word_1_73' title='bbox 605 1506 839 1560; x_wconf 86' lang='lat' dir='ltr'><strong>Silanus.</strong></span> 
     </span>
    </p>
   </div>
   <div class='ocr_carea' id='block_1_18' title="bbox 202 1780 1585 1864">
    <p class='ocr_par' dir='ltr' id='par_1_18' title="bbox 202 1780 1585 1864">
     <span class='ocr_line' id='line_1_18' title="bbox 202 1780 1585 1864; baseline 0.01 -30"><span class='ocrx_word' id='word_1_74' title='bbox 202 1780 266 1835; x_wconf 87' lang='lat'><strong>28</strong></span> <span class='ocrx_word' id='word_1_75' title='bbox 303 1782 361 1836; x_wconf 94' lang='lat' dir='ltr'><strong>D.</strong></span> <span class='ocrx_word' id='word_1_76' title='bbox 394 1783 647 1845; x_wconf 88' lang='lat' dir='ltr'><strong>Ilaterius</strong></span> <span class='ocrx_word' id='word_1_77' title='bbox 668 1790 924 1863; x_wconf 83' lang='lat' dir='ltr'><strong>Agrippa.</strong></span> <span class='ocrx_word' id='word_1_78' title='bbox 1009 1791 1070 1846; x_wconf 91' lang='lat' dir='ltr'><strong>C.</strong></span> <span class='ocrx_word' id='word_1_79' title='bbox 1098 1791 1365 1864; x_wconf 90' lang='lat' dir='ltr'><strong>Sulpitius</strong></span> <span class='ocrx_word' id='word_1_80' title='bbox 1388 1794 1585 1850; x_wconf 84' lang='lat' dir='ltr'><strong>Galba.</strong></span> 
     </span>
    </p>
   </div>
   <div class='ocr_carea' id='block_1_19' title="bbox 859 1903 1133 1944">
    <p class='ocr_par' dir='ltr' id='par_1_19' title="bbox 859 1903 1133 1944">
     <span class='ocr_line' id='line_1_19' title="bbox 859 1903 1133 1944; baseline -0.007 0"><span class='ocrx_word' id='word_1_81' title='bbox 859 1903 1133 1944; x_wconf 79' lang='lat' dir='ltr'><strong>SllFFECTl.</strong></span> 
     </span>
    </p>
   </div>
   <div class='ocr_carea' id='block_1_20' title="bbox 295 1973 1598 2053">
    <p class='ocr_par' dir='ltr' id='par_1_20' title="bbox 295 1973 1598 2053">
     <span class='ocr_line' id='line_1_20' title="bbox 295 1973 1598 2053; baseline 0.012 -27"><span class='ocrx_word' id='word_1_82' title='bbox 386 1973 578 2053; x_wconf 77' lang='lat' dir='ltr'><strong>Vibius</strong></span> <span class='ocrx_word' id='word_1_83' title='bbox 608 1979 859 2053; x_wconf 73' lang='lat' dir='ltr'><strong>Rufinus.</strong></span> <span class='ocrx_word' id='word_1_84' title='bbox 1012 1984 1083 2038; x_wconf 91' lang='lat' dir='ltr'><strong>M.</strong></span> <span class='ocrx_word' id='word_1_85' title='bbox 1115 1984 1378 2053; x_wconf 85' lang='lat' dir='ltr'><strong>Coceejus</strong></span> <span class='ocrx_word' id='word_1_86' title='bbox 1403 1985 1598 2041; x_wconf 80' lang='lat' dir='ltr'><strong>Nerva.</strong></span> 
     </span>
    </p>
   </div>
   <div class='ocr_carea' id='block_1_21' title="bbox 199 2041 1603 2113">
    <p class='ocr_par' dir='ltr' id='par_1_21' title="bbox 199 2041 1603 2113">
     <span class='ocr_line' id='line_1_21' title="bbox 199 2041 1603 2113; baseline 0.012 -17"><span class='ocrx_word' id='word_1_87' title='bbox 199 2041 264 2096; x_wconf 82' lang='lat'><strong>29</strong></span> <span class='ocrx_word' id='word_1_88' title='bbox 297 2044 354 2113; x_wconf 89' lang='lat' dir='ltr'><strong>C.</strong></span> <span class='ocrx_word' id='word_1_89' title='bbox 381 2047 606 2102; x_wconf 88' lang='lat' dir='ltr'><strong>Asinius</strong></span> <span class='ocrx_word' id='word_1_90' title='bbox 643 2050 836 2107; x_wconf 90' lang='lat' dir='ltr'><strong>Pollio.</strong></span> <span class='ocrx_word' id='word_1_91' title='bbox 1012 2055 1074 2108; x_wconf 90' lang='lat' dir='ltr'><strong>C.</strong></span> <span class='ocrx_word' id='word_1_92' title='bbox 1107 2041 1377 2111; x_wconf 76' lang='lat' dir='ltr'><strong>Antistius</strong></span> <span class='ocrx_word' id='word_1_93' title='bbox 1411 2054 1603 2113; x_wconf 89' lang='lat' dir='ltr'><strong>Vetus.</strong></span> 
     </span>
    </p>
   </div>
   <div class='ocr_carea' id='block_1_22' title="bbox 199 2112 1583 2194">
    <p class='ocr_par' dir='ltr' id='par_1_22' title="bbox 199 2112 1583 2194">
     <span class='ocr_line' id='line_1_22' title="bbox 199 2112 1583 2194; baseline 0.012 -27"><span class='ocrx_word' id='word_1_94' title='bbox 299 2112 652 2194; x_wconf 80' lang='lat' dir='ltr'><strong>_S_er._Cornel.</strong></span> <span class='ocrx_word' id='word_1_95' title='bbox 682 2121 979 2194; x_wconf 81' lang='lat' dir='ltr'><strong>Cethegus.</strong></span> <span class='ocrx_word' id='word_1_96' title='bbox 1015 2123 1075 2179; x_wconf 91' lang='lat' dir='ltr'><strong>L.</strong></span> <span class='ocrx_word' id='word_1_97' title='bbox 1103 2124 1360 2181; x_wconf 86' lang='lat' dir='ltr'><strong>Visellius</strong></span> <span class='ocrx_word' id='word_1_98' title='bbox 1389 2125 1583 2183; x_wconf 87' lang='lat' dir='ltr'><strong>Varro.</strong></span> 
     </span>
    </p>
   </div>
   <div class='ocr_carea' id='block_1_23' title="bbox 199 2183 1723 2264">
    <p class='ocr_par' dir='ltr' id='par_1_23' title="bbox 199 2183 1723 2264">
     <span class='ocr_line' id='line_1_23' title="bbox 199 2183 1723 2264; baseline 0.013 -28"><span class='ocrx_word' id='word_1_99' title='bbox 199 2183 257 2237; x_wconf 79' lang='grc'>51</span> <span class='ocrx_word' id='word_1_100' title='bbox 297 2184 364 2238; x_wconf 79' lang='grc' dir='ltr'><strong>Μ.</strong></span> <span class='ocrx_word' id='word_1_101' title='bbox 406 2188 634 2244; x_wconf 83' lang='lat' dir='ltr'><strong>Asinius</strong></span> <span class='ocrx_word' id='word_1_102' title='bbox 663 2183 924 2264; x_wconf 75' lang='lat' dir='ltr'><strong>Agrippa.</strong></span> <span class='ocrx_word' id='word_1_103' title='bbox 1013 2195 1221 2252; x_wconf 82' lang='lat' dir='ltr'><strong>Cossus</strong></span> <span class='ocrx_word' id='word_1_104' title='bbox 1241 2195 1406 2252; x_wconf 90' lang='lat' dir='ltr'><strong>Corn.</strong></span> <span class='ocrx_word' id='word_1_105' title='bbox 1439 2196 1723 2256; x_wconf 88' lang='lat' dir='ltr'><strong>Lentulus.</strong></span> 
     </span>
    </p>
   </div>
   <div class='ocr_carea' id='block_1_24' title="bbox 199 2320 1731 2395">
    <p class='ocr_par' dir='ltr' id='par_1_24' title="bbox 199 2320 1731 2395">
     <span class='ocr_line' id='line_1_24' title="bbox 199 2320 1731 2395; baseline 0.011 -19"><span class='ocrx_word' id='word_1_106' title='bbox 199 2320 261 2376; x_wconf 75' lang='lat'><strong>32</strong></span> <span class='ocrx_word' id='word_1_107' title='bbox 300 2323 358 2380; x_wconf 89' lang='lat' dir='ltr'><strong>C.</strong></span> <span class='ocrx_word' id='word_1_108' title='bbox 395 2325 696 2386; x_wconf 86' lang='lat' dir='ltr'><strong>Calvisius.</strong></span> <span class='ocrx_word' id='word_1_109' title='bbox 1008 2336 1111 2390; x_wconf 91' lang='lat' dir='ltr'><strong>Cn.</strong></span> <span class='ocrx_word' id='word_1_110' title='bbox 1152 2335 1434 2394; x_wconf 89' lang='lat' dir='ltr'><strong>Getulicus</strong></span> <span class='ocrx_word' id='word_1_111' title='bbox 1470 2337 1731 2395; x_wconf 89' lang='lat' dir='ltr'><strong>Sabinus.</strong></span> 
     </span>
    </p>
   </div>
   <div class='ocr_carea' id='block_1_25' title="bbox 851 2441 1131 2483">
    <p class='ocr_par' dir='ltr' id='par_1_25' title="bbox 851 2441 1131 2483">
     <span class='ocr_line' id='line_1_25' title="bbox 851 2441 1131 2483; baseline 0 -1"><span class='ocrx_word' id='word_1_112' title='bbox 851 2441 1131 2483; x_wconf 77' lang='lat' dir='ltr'><strong>SUFFECTI.</strong></span> 
     </span>
    </p>
   </div>
   <div class='ocr_carea' id='block_1_26' title="bbox 292 2510 1816 2582">
    <p class='ocr_par' dir='ltr' id='par_1_26' title="bbox 292 2510 1816 2582">
     <span class='ocr_line' id='line_1_26' title="bbox 292 2510 1816 2582; baseline 0.011 -19"><span class='ocrx_word' id='word_1_113' title='bbox 292 2510 355 2582; x_wconf 73' lang='grc' dir='ltr'><strong>ρ.</strong></span> <span class='ocrx_word' id='word_1_114' title='bbox 377 2511 621 2571; x_wconf 84' lang='lat' dir='ltr'><strong>Marcius</strong></span> <span class='ocrx_word' id='word_1_115' title='bbox 648 2518 838 2575; x_wconf 90' lang='lat' dir='ltr'><strong>Barea.</strong></span> <span class='ocrx_word' id='word_1_116' title='bbox 1014 2521 1078 2576; x_wconf 89' lang='lat' dir='ltr'><strong>T.</strong></span> <span class='ocrx_word' id='word_1_117' title='bbox 1110 2522 1336 2579; x_wconf 88' lang='lat' dir='ltr'><strong>Rustius</strong></span> <span class='ocrx_word' id='word_1_118' title='bbox 1352 2523 1586 2581; x_wconf 90' lang='lat' dir='ltr'><strong>Numius</strong></span> <span class='ocrx_word' id='word_1_119' title='bbox 1605 2525 1816 2582; x_wconf 85' lang='lat' dir='ltr'><strong>Gallus.</strong></span> 
     </span>
    </p>
   </div>
   <div class='ocr_carea' id='block_1_27' title="bbox 198 2578 1454 2663">
    <p class='ocr_par' dir='ltr' id='par_1_27' title="bbox 198 2578 1454 2663">
     <span class='ocr_line' id='line_1_27' title="bbox 198 2578 1454 2663; baseline 0.012 -28"><span class='ocrx_word' id='word_1_120' title='bbox 198 2578 262 2663; x_wconf 54' lang='lat' dir='ltr'><strong>{is</strong></span> <span class='ocrx_word' id='word_1_121' title='bbox 297 2580 355 2663; x_wconf 60' lang='grc' dir='ltr'><strong>ιλ.</strong></span> <span class='ocrx_word' id='word_1_122' title='bbox 386 2583 708 2663; x_wconf 42' lang='lat' dir='ltr'><strong>Licinius.”</strong></span> <span class='ocrx_word' id='word_1_123' title='bbox 1015 2591 1076 2663; x_wconf 53' lang='grc' dir='ltr'><strong>ιλ.</strong></span> <span class='ocrx_word' id='word_1_124' title='bbox 1103 2578 1454 2663; x_wconf 72' lang='lat' dir='ltr'><strong>Calpurnius.</strong></span> 
     </span>
    </p>
   </div>
   <div class='ocr_carea' id='block_1_28' title="bbox 197 2650 1502 2749">
    <p class='ocr_par' dir='ltr' id='par_1_28' title="bbox 197 2650 1502 2749">
     <span class='ocr_line' id='line_1_28' title="bbox 197 2650 1502 2749; baseline 0.001 0"><span class='ocrx_word' id='word_1_125' title='bbox 295 2653 876 2749; x_wconf 55' lang='lat' dir='ltr'><strong>ﬁlps‘lﬁlil&#39;.§__s_ili&#39;!“l§°</strong></span> <span class='ocrx_word' id='word_1_126' title='bbox 919 2748 950 2749; x_wconf 45' lang='grc' dir='ltr'>η</span> <span class='ocrx_word' id='word_1_127' title='bbox 1015 2661 1076 2749; x_wconf 67' lang='grc' dir='ltr'><strong>εἰ·</strong></span> <span class='ocrx_word' id='word_1_128' title='bbox 1109 2650 1502 2749; x_wconf 46' lang='lat' dir='ltr'><strong>aliamve-</strong></span> 
     </span>
    </p>
   </div>
   <div class='ocr_carea' id='block_1_29' title="bbox 196 2721 1694 2794">
    <p class='ocr_par' dir='ltr' id='par_1_29' title="bbox 196 2721 1694 2794">
     <span class='ocr_line' id='line_1_29' title="bbox 196 2721 1694 2794; baseline 0.011 -20"><span class='ocrx_word' id='word_1_129' title='bbox 196 2721 260 2794; x_wconf 63' lang='lat' dir='ltr'><strong>g5</strong></span> <span class='ocrx_word' id='word_1_130' title='bbox 295 2724 350 2794; x_wconf 65' lang='grc' dir='ltr'><strong>β.</strong></span> <span class='ocrx_word' id='word_1_131' title='bbox 382 2723 672 2782; x_wconf 89' lang='lat' dir='ltr'><strong>Rubellius</strong></span> <span class='ocrx_word' id='word_1_132' title='bbox 698 2729 981 2787; x_wconf 89' lang='lat' dir='ltr'><strong>Geminus.</strong></span> <span class='ocrx_word' id='word_1_133' title='bbox 1014 2731 1076 2787; x_wconf 90' lang='lat' dir='ltr'><strong>C.</strong></span> <span class='ocrx_word' id='word_1_134' title='bbox 1108 2732 1303 2786; x_wconf 86' lang='lat' dir='ltr'><strong>Fusius</strong></span> <span class='ocrx_word' id='word_1_135' title='bbox 1326 2747 1378 2789; x_wconf 88' lang='lat' dir='ltr'><strong>et</strong></span> <span class='ocrx_word' id='word_1_136' title='bbox 1405 2737 1694 2794; x_wconf 89' lang='lat' dir='ltr'><strong>Geminus.</strong></span> 
     </span>
    </p>
   </div>
   <div class='ocr_carea' id='block_1_30' title="bbox 195 2791 1673 2944">
    <p class='ocr_par' dir='ltr' id='par_1_30' title="bbox 195 2791 1673 2944">
     <span class='ocr_line' id='line_1_30' title="bbox 195 2791 1673 2879; baseline 0.014 -37"><span class='ocrx_word' id='word_1_137' title='bbox 195 2791 257 2843; x_wconf 76' lang='lat'><strong>36</strong></span> <span class='ocrx_word' id='word_1_138' title='bbox 293 2792 358 2875; x_wconf 37' lang='grc' dir='ltr'><strong>Μ..</strong></span> <span class='ocrx_word' id='word_1_139' title='bbox 390 2794 684 2853; x_wconf 90' lang='lat' dir='ltr'><strong>Vinucius.</strong></span> <span class='ocrx_word' id='word_1_140' title='bbox 1015 2803 1075 2856; x_wconf 92' lang='lat' dir='ltr'><strong>C.</strong></span> <span class='ocrx_word' id='word_1_141' title='bbox 1104 2804 1332 2861; x_wconf 79' lang='lat' dir='ltr'><strong>Cassius</strong></span> <span class='ocrx_word' id='word_1_142' title='bbox 1367 2791 1673 2879; x_wconf 75' lang='lat' dir='ltr'><strong>Longinus.</strong></span> 
     </span>
     <span class='ocr_line' id='line_1_31' title="bbox 195 2860 1274 2944; baseline 0.013 -30"><span class='ocrx_word' id='word_1_143' title='bbox 195 2860 255 2913; x_wconf 72' lang='lat'><strong>37</strong></span> <span class='ocrx_word' id='word_1_144' title='bbox 293 2862 407 2920; x_wconf 83' lang='lat' dir='ltr'><strong>Tib.</strong></span> <span class='ocrx_word' id='word_1_145' title='bbox 438 2865 509 2921; x_wconf 92' lang='lat' dir='ltr'><strong>V.</strong></span> <span class='ocrx_word' id='word_1_146' title='bbox 1016 2873 1274 2944; x_wconf 80' lang='lat' dir='ltr'><strong>Sejanus.</strong></span> 
     </span>
    </p>
   </div>
   <div class='ocr_carea' id='block_1_31' title="bbox 1380 363 2313 420">
    <p class='ocr_par' dir='ltr' id='par_1_31' title="bbox 1380 363 2313 420">
     <span class='ocr_line' id='line_1_32' title="bbox 1380 363 2313 420; baseline 0.004 -4"><span class='ocrx_word' id='word_1_147' title='bbox 1380 363 1466 417; x_wconf 83' lang='lat' dir='ltr'><strong>DE</strong></span> <span class='ocrx_word' id='word_1_148' title='bbox 1506 363 1692 419; x_wconf 85' lang='lat' dir='ltr'><strong>ANNO</strong></span> <span class='ocrx_word' id='word_1_149' title='bbox 1729 364 1982 419; x_wconf 82' lang='lat' dir='ltr'><strong>NATALI</strong></span> <span class='ocrx_word' id='word_1_150' title='bbox 2022 365 2313 420; x_wconf 78' lang='lat' dir='ltr'><strong>CHRISTI.</strong></span> 
     </span>
    </p>
   </div>
   <div class='ocr_carea' id='block_1_32' title="bbox 3381 369 3487 422">
    <p class='ocr_par' dir='ltr' id='par_1_32' title="bbox 3381 369 3487 422">
     <span class='ocr_line' id='line_1_33' title="bbox 3381 369 3487 422; baseline -0.009 0"><span class='ocrx_word' id='word_1_151' title='bbox 3381 369 3487 422; x_wconf 75' lang='lat'><strong>890</strong></span> 
     </span>
    </p>
   </div>
   <div class='ocr_carea' id='block_1_33' title="bbox 2112 473 3330 556">
    <p class='ocr_par' dir='ltr' id='par_1_33' title="bbox 2112 473 3330 556">
     <span class='ocr_line' id='line_1_34' title="bbox 2112 473 3330 556; baseline 0.003 -16"><span class='ocrx_word' id='word_1_152' title='bbox 2112 488 2194 542; x_wconf 73' lang='lat' dir='ltr'><strong>Ea:</strong></span> <span class='ocrx_word' id='word_1_153' title='bbox 2231 487 2555 556; x_wconf 80' lang='lat' dir='ltr'><strong>Epiphanio.</strong></span> <span class='ocrx_word' id='word_1_154' title='bbox 2785 489 2870 544; x_wconf 79' lang='lat' dir='ltr'><strong>Ea:</strong></span> <span class='ocrx_word' id='word_1_155' title='bbox 2897 473 3080 544; x_wconf 69' lang='lat' dir='ltr'><strong>Fastis</strong></span> <span class='ocrx_word' id='word_1_156' title='bbox 3113 487 3330 544; x_wconf 74' lang='lat' dir='ltr'><strong>Siculis.</strong></span> 
     </span>
    </p>
   </div>
   <div class='ocr_carea' id='block_1_34' title="bbox 1864 763 3280 821">
    <p class='ocr_par' dir='ltr' id='par_1_34' title="bbox 1864 763 3280 821">
     <span class='ocr_line' id='line_1_35' title="bbox 1864 763 3280 821; baseline 0.002 -3"><span class='ocrx_word' id='word_1_157' title='bbox 1864 763 2013 819; x_wconf 82' lang='lat' dir='ltr'><strong>Sexti</strong></span> <span class='ocrx_word' id='word_1_158' title='bbox 2047 765 2176 820; x_wconf 87' lang='lat' dir='ltr'><strong>duo.</strong></span> <span class='ocrx_word' id='word_1_159' title='bbox 2698 765 2927 820; x_wconf 84' lang='lat' dir='ltr'><strong>Flaccus</strong></span> <span class='ocrx_word' id='word_1_160' title='bbox 2957 777 3010 820; x_wconf 91' lang='lat' dir='ltr'><strong>et</strong></span> <span class='ocrx_word' id='word_1_161' title='bbox 3036 765 3280 821; x_wconf 88' lang='lat' dir='ltr'><strong>Silanus.</strong></span> 
     </span>
    </p>
   </div>
   <div class='ocr_carea' id='block_1_35' title="bbox 1859 834 3232 957">
    <p class='ocr_par' dir='ltr' id='par_1_35' title="bbox 1859 834 3232 957">
     <span class='ocr_line' id='line_1_36' title="bbox 1859 834 3232 957; baseline 0.001 -69"><span class='ocrx_word' id='word_1_162' title='bbox 1859 834 2155 957; x_wconf 69' lang='lat' dir='ltr'><strong>Polinpejus</strong></span> <span class='ocrx_word' id='word_1_163' title='bbox 2181 834 2412 906; x_wconf 79' lang='lat' dir='ltr'><strong>Magnus</strong></span> <span class='ocrx_word' id='word_1_164' title='bbox 2439 845 2493 890; x_wconf 91' lang='lat' dir='ltr'><strong>et</strong></span> <span class='ocrx_word' id='word_1_165' title='bbox 2513 835 2660 908; x_wconf 83' lang='lat' dir='ltr'><strong>Apu-</strong></span> <span class='ocrx_word' id='word_1_166' title='bbox 2698 834 2897 890; x_wconf 85' lang='lat' dir='ltr'><strong>Sextus</strong></span> <span class='ocrx_word' id='word_1_167' title='bbox 2928 847 2980 890; x_wconf 88' lang='lat' dir='ltr'><strong>et</strong></span> <span class='ocrx_word' id='word_1_168' title='bbox 3012 836 3232 890; x_wconf 78' lang='lat' dir='ltr'><strong>Sextus.</strong></span> 
     </span>
     <span class='ocr_line' id='line_1_37' title="bbox 1952 922 2090 957; baseline 0 0"><span class='ocrx_word' id='word_1_169' title='bbox 1952 922 2090 957; x_wconf 82' lang='lat' dir='ltr'><strong>eius.</strong></span> 
     </span>
    </p>
   </div>
   <div class='ocr_carea' id='block_1_36' title="bbox 1952 922 2090 960">
    <p class='ocr_par' dir='ltr' id='par_1_36' title="bbox 1952 922 2090 960">
     <span class='ocr_line' id='line_1_38' title="bbox 1952 922 2090 960; baseline 0.022 -3"><span class='ocrx_word' id='word_1_170' title='bbox 1952 922 2090 960; x_wconf 74' lang='lat' dir='ltr'><strong>PIUS.</strong></span> 
     </span>
    </p>
   </div>
   <div class='ocr_carea' id='block_1_37' title="bbox 1859 922 3334 1044">
    <p class='ocr_par' dir='ltr' id='par_1_37' title="bbox 1859 922 3334 1044">
     <span class='ocr_line' id='line_1_39' title="bbox 1859 922 3334 1044; baseline 0.001 -17"><span class='ocrx_word' id='word_1_171' title='bbox 1859 922 2141 1030; x_wconf 46' lang='lat' dir='ltr'><strong>Brﬂﬁ?et</strong></span> <span class='ocrx_word' id='word_1_172' title='bbox 2174 975 2419 1032; x_wconf 81' lang='lat' dir='ltr'><strong>Flaccus.</strong></span> <span class='ocrx_word' id='word_1_173' title='bbox 2693 974 2888 1044; x_wconf 88' lang='lat' dir='ltr'><strong>Pomp.</strong></span> <span class='ocrx_word' id='word_1_174' title='bbox 2918 975 3058 1038; x_wconf 73' lang='lat' dir='ltr'><strong>Mag.</strong></span> <span class='ocrx_word' id='word_1_175' title='bbox 3093 986 3146 1028; x_wconf 91' lang='lat' dir='ltr'><strong>et</strong></span> <span class='ocrx_word' id='word_1_176' title='bbox 3172 975 3334 1044; x_wconf 85' lang='lat' dir='ltr'><strong>Apul.</strong></span> 
     </span>
    </p>
   </div>
   <div class='ocr_carea' id='block_1_38' title="bbox 1859 1044 3318 1100">
    <p class='ocr_par' dir='ltr' id='par_1_38' title="bbox 1859 1044 3318 1100">
     <span class='ocr_line' id='line_1_40' title="bbox 1859 1044 3318 1100; baseline 0.001 -2"><span class='ocrx_word' id='word_1_177' title='bbox 1859 1045 2076 1100; x_wconf 87' lang='lat' dir='ltr'><strong>Taurus</strong></span> <span class='ocrx_word' id='word_1_178' title='bbox 2103 1055 2157 1100; x_wconf 89' lang='lat' dir='ltr'><strong>et</strong></span> <span class='ocrx_word' id='word_1_179' title='bbox 2188 1045 2344 1100; x_wconf 89' lang='lat' dir='ltr'><strong>Libo.</strong></span> <span class='ocrx_word' id='word_1_180' title='bbox 2696 1045 2896 1100; x_wconf 88' lang='lat' dir='ltr'><strong>Brutus</strong></span> <span class='ocrx_word' id='word_1_181' title='bbox 2923 1056 2977 1100; x_wconf 90' lang='lat' dir='ltr'><strong>et</strong></span> <span class='ocrx_word' id='word_1_182' title='bbox 3006 1046 3232 1100; x_wconf 77' lang='lat' dir='ltr'><strong>Flaccus</strong></span> <span class='ocrx_word' id='word_1_183' title='bbox 3256 1044 3318 1100; x_wconf 92' lang='lat' dir='ltr'><strong>II.</strong></span> 
     </span>
    </p>
   </div>
   <div class='ocr_carea' id='block_1_39' title="bbox 1855 1115 3184 1173">
    <p class='ocr_par' dir='ltr' id='par_1_39' title="bbox 1855 1115 3184 1173">
     <span class='ocr_line' id='line_1_41' title="bbox 1855 1115 3184 1173; baseline -0.001 -4"><span class='ocrx_word' id='word_1_184' title='bbox 1855 1116 2090 1171; x_wconf 87' lang='lat' dir='ltr'><strong>Crassus</strong></span> <span class='ocrx_word' id='word_1_185' title='bbox 2111 1125 2166 1169; x_wconf 89' lang='lat' dir='ltr'><strong>et</strong></span> <span class='ocrx_word' id='word_1_186' title='bbox 2196 1115 2392 1173; x_wconf 82' lang='lat' dir='ltr'><strong>Rufus.</strong></span> <span class='ocrx_word' id='word_1_187' title='bbox 2696 1115 2914 1170; x_wconf 88' lang='lat' dir='ltr'><strong>Taurus</strong></span> <span class='ocrx_word' id='word_1_188' title='bbox 2942 1126 2995 1170; x_wconf 89' lang='lat' dir='ltr'><strong>et</strong></span> <span class='ocrx_word' id='word_1_189' title='bbox 3028 1115 3184 1169; x_wconf 87' lang='lat' dir='ltr'><strong>Libo.</strong></span> 
     </span>
    </p>
   </div>
   <div class='ocr_carea' id='block_1_40' title="bbox 1855 1185 3234 1310">
    <p class='ocr_par' dir='ltr' id='par_1_40' title="bbox 1855 1185 3234 1310">
     <span class='ocr_line' id='line_1_42' title="bbox 1855 1185 3234 1310; baseline 0.002 -72"><span class='ocrx_word' id='word_1_190' title='bbox 1855 1185 2108 1267; x_wconf 80' lang='lat' dir='ltr'><strong>Tiberius</strong></span> <span class='ocrx_word' id='word_1_191' title='bbox 2129 1185 2171 1238; x_wconf 94' lang='lat' dir='ltr'><strong>Il</strong></span> <span class='ocrx_word' id='word_1_192' title='bbox 2192 1196 2246 1310; x_wconf 62' lang='grc' dir='ltr'><strong>(ἰὶ</strong></span> <span class='ocrx_word' id='word_1_193' title='bbox 2275 1185 2484 1244; x_wconf 90' lang='lat' dir='ltr'><strong>Drusus</strong></span> <span class='ocrx_word' id='word_1_194' title='bbox 2525 1186 2660 1242; x_wconf 84' lang='lat' dir='ltr'><strong>Ger-</strong></span> <span class='ocrx_word' id='word_1_195' title='bbox 2694 1187 2930 1242; x_wconf 89' lang='lat' dir='ltr'><strong>Crassus</strong></span> <span class='ocrx_word' id='word_1_196' title='bbox 2950 1196 3003 1240; x_wconf 89' lang='lat' dir='ltr'><strong>et</strong></span> <span class='ocrx_word' id='word_1_197' title='bbox 3034 1185 3234 1242; x_wconf 81' lang='lat' dir='ltr'><strong>Rufus.</strong></span> 
     </span>
     <span class='ocr_line' id='line_1_43' title="bbox 1923 1272 2264 1310; baseline 0 0"><span class='ocrx_word' id='word_1_198' title='bbox 1923 1272 2173 1310; x_wconf 76' lang='lat' dir='ltr'><strong>manicas</strong></span> <span class='ocrx_word' id='word_1_199' title='bbox 2251 1298 2264 1310; x_wconf 92' lang='lat'><strong>.</strong></span> 
     </span>
    </p>
   </div>
   <div class='ocr_carea' id='block_1_41' title="bbox 1923 1272 2264 1312">
    <p class='ocr_par' dir='ltr' id='par_1_41' title="bbox 1923 1272 2264 1312">
     <span class='ocr_line' id='line_1_44' title="bbox 1923 1272 2264 1312; baseline 0.003 -2"><span class='ocrx_word' id='word_1_200' title='bbox 1923 1272 2173 1312; x_wconf 76' lang='lat' dir='ltr'><strong>manicas</strong></span> <span class='ocrx_word' id='word_1_201' title='bbox 2202 1272 2264 1311; x_wconf 89' lang='lat' dir='ltr'><strong>ll.</strong></span> 
     </span>
    </p>
   </div>
   <div class='ocr_carea' id='block_1_42' title="bbox 1852 1513 3449 1572">
    <p class='ocr_par' dir='ltr' id='par_1_42' title="bbox 1852 1513 3449 1572">
     <span class='ocr_line' id='line_1_45' title="bbox 1852 1513 3449 1572; baseline 0.001 -2"><span class='ocrx_word' id='word_1_202' title='bbox 1852 1513 2076 1572; x_wconf 85' lang='lat' dir='ltr'><strong>Silanus</strong></span> <span class='ocrx_word' id='word_1_203' title='bbox 2109 1525 2166 1572; x_wconf 89' lang='lat' dir='ltr'><strong>et</strong></span> <span class='ocrx_word' id='word_1_204' title='bbox 2206 1516 2428 1572; x_wconf 88' lang='lat' dir='ltr'><strong>Balbus.</strong></span> <span class='ocrx_word' id='word_1_205' title='bbox 2691 1513 2814 1570; x_wconf 89' lang='lat' dir='ltr'><strong>Tib.</strong></span> <span class='ocrx_word' id='word_1_206' title='bbox 2834 1514 3020 1570; x_wconf 68' lang='lat' dir='ltr'><strong>Caesar</strong></span> <span class='ocrx_word' id='word_1_207' title='bbox 3073 1513 3139 1569; x_wconf 94' lang='lat' dir='ltr'><strong>llI</strong></span> <span class='ocrx_word' id='word_1_208' title='bbox 3163 1523 3216 1569; x_wconf 90' lang='lat' dir='ltr'><strong>et</strong></span> <span class='ocrx_word' id='word_1_209' title='bbox 3252 1513 3449 1572; x_wconf 82' lang='lat' dir='ltr'><strong>Rufus.</strong></span> 
     </span>
    </p>
   </div>
   <div class='ocr_carea' id='block_1_43' title="bbox 1848 1584 3244 1642">
    <p class='ocr_par' dir='ltr' id='par_1_43' title="bbox 1848 1584 3244 1642">
     <span class='ocr_line' id='line_1_46' title="bbox 1848 1584 3244 1642; baseline 0.001 -4"><span class='ocrx_word' id='word_1_210' title='bbox 1848 1585 2084 1642; x_wconf 86' lang='lat' dir='ltr'><strong>Messala</strong></span> <span class='ocrx_word' id='word_1_211' title='bbox 2117 1599 2171 1641; x_wconf 89' lang='lat' dir='ltr'><strong>et</strong></span> <span class='ocrx_word' id='word_1_212' title='bbox 2200 1587 2421 1642; x_wconf 88' lang='lat' dir='ltr'><strong>Gratus.</strong></span> <span class='ocrx_word' id='word_1_213' title='bbox 2692 1585 2915 1640; x_wconf 88' lang='lat' dir='ltr'><strong>Silanus</strong></span> <span class='ocrx_word' id='word_1_214' title='bbox 2941 1595 2995 1639; x_wconf 89' lang='lat' dir='ltr'><strong>et</strong></span> <span class='ocrx_word' id='word_1_215' title='bbox 3021 1584 3244 1640; x_wconf 86' lang='lat' dir='ltr'><strong>Balbus.</strong></span> 
     </span>
    </p>
   </div>
   <div class='ocr_carea' id='block_1_44' title="bbox 1847 1654 3234 1781">
    <p class='ocr_par' dir='ltr' id='par_1_44' title="bbox 1847 1654 3234 1781">
     <span class='ocr_line' id='line_1_47' title="bbox 1847 1654 3234 1780; baseline 0 -71"><span class='ocrx_word' id='word_1_216' title='bbox 1847 1654 2180 1738; x_wconf 81' lang='lat' dir='ltr'><strong>Tiberiuslll</strong></span> <span class='ocrx_word' id='word_1_217' title='bbox 2199 1657 2482 1780; x_wconf 62' lang='lat' dir='ltr'><strong>ﬁtlDrusus</strong></span> <span class='ocrx_word' id='word_1_218' title='bbox 2517 1657 2653 1712; x_wconf 84' lang='lat' dir='ltr'><strong>Ger-</strong></span> <span class='ocrx_word' id='word_1_219' title='bbox 2688 1656 2920 1711; x_wconf 87' lang='lat' dir='ltr'><strong>Messala</strong></span> <span class='ocrx_word' id='word_1_220' title='bbox 2940 1655 3234 1711; x_wconf 88' lang='lat' dir='ltr'><strong>etGratus.</strong></span> 
     </span>
     <span class='ocr_line' id='line_1_48' title="bbox 1922 1743 2289 1781; baseline 0.003 -1"><span class='ocrx_word' id='word_1_221' title='bbox 1922 1743 2173 1781; x_wconf 82' lang='lat' dir='ltr'><strong>manicus</strong></span> <span class='ocrx_word' id='word_1_222' title='bbox 2275 1766 2289 1780; x_wconf 94' lang='lat'><strong>.</strong></span> 
     </span>
    </p>
   </div>
   <div class='ocr_carea' id='block_1_45' title="bbox 1851 1793 3457 1867">
    <p class='ocr_par' dir='ltr' id='par_1_45' title="bbox 1851 1793 3457 1867">
     <span class='ocr_line' id='line_1_49' title="bbox 1851 1793 3457 1867; baseline 0.001 -18"><span class='ocrx_word' id='word_1_223' title='bbox 1851 1797 2089 1867; x_wconf 84' lang='lat' dir='ltr'><strong>Agrippa</strong></span> <span class='ocrx_word' id='word_1_224' title='bbox 2115 1807 2170 1852; x_wconf 90' lang='lat' dir='ltr'><strong>et</strong></span> <span class='ocrx_word' id='word_1_225' title='bbox 2192 1797 2416 1851; x_wconf 84' lang='lat' dir='ltr'><strong>Balbus.</strong></span> <span class='ocrx_word' id='word_1_226' title='bbox 2613 1857 2617 1866; x_wconf 39' lang='grc' dir='ltr'>η</span> <span class='ocrx_word' id='word_1_227' title='bbox 2687 1795 2808 1852; x_wconf 87' lang='lat' dir='ltr'><strong>Tib.</strong></span> <span class='ocrx_word' id='word_1_228' title='bbox 2833 1796 3018 1852; x_wconf 66' lang='lat' dir='ltr'><strong>Caesar</strong></span> <span class='ocrx_word' id='word_1_229' title='bbox 3049 1793 3117 1848; x_wconf 79' lang='grc' dir='ltr'>ιν</span> <span class='ocrx_word' id='word_1_230' title='bbox 3143 1805 3198 1851; x_wconf 90' lang='lat' dir='ltr'><strong>et</strong></span> <span class='ocrx_word' id='word_1_231' title='bbox 3227 1793 3457 1850; x_wconf 90' lang='lat' dir='ltr'><strong>Drusus.</strong></span> 
     </span>
    </p>
   </div>
   <div class='ocr_carea' id='block_1_46' title="bbox 1849 2054 3199 2127">
    <p class='ocr_par' dir='ltr' id='par_1_46' title="bbox 1849 2054 3199 2127">
     <span class='ocr_line' id='line_1_50' title="bbox 1849 2054 3199 2127; baseline -0.002 -15"><span class='ocrx_word' id='word_1_232' title='bbox 1849 2059 2022 2114; x_wconf 88' lang='lat' dir='ltr'><strong>Pollio</strong></span> <span class='ocrx_word' id='word_1_233' title='bbox 2053 2067 2107 2113; x_wconf 88' lang='lat' dir='ltr'><strong>et</strong></span> <span class='ocrx_word' id='word_1_234' title='bbox 2134 2056 2325 2112; x_wconf 86' lang='lat' dir='ltr'><strong>Vetus.</strong></span> <span class='ocrx_word' id='word_1_235' title='bbox 2686 2056 2924 2127; x_wconf 77' lang='lat' dir='ltr'><strong>Agrippa</strong></span> <span class='ocrx_word' id='word_1_236' title='bbox 2947 2063 3002 2127; x_wconf 81' lang='lat' dir='ltr'><strong>et</strong></span> <span class='ocrx_word' id='word_1_237' title='bbox 3029 2054 3199 2111; x_wconf 87' lang='lat' dir='ltr'><strong>Galba</strong></span> 
     </span>
    </p>
   </div>
   <div class='ocr_carea' id='block_1_47' title="bbox 1847 2125 3136 2199">
    <p class='ocr_par' dir='ltr' id='par_1_47' title="bbox 1847 2125 3136 2199">
     <span class='ocr_line' id='line_1_51' title="bbox 1847 2125 3136 2199; baseline -0.002 -16"><span class='ocrx_word' id='word_1_238' title='bbox 1847 2131 2124 2199; x_wconf 78' lang='lat' dir='ltr'><strong>Cethegus</strong></span> <span class='ocrx_word' id='word_1_239' title='bbox 2156 2137 2211 2199; x_wconf 84' lang='lat' dir='ltr'><strong>et</strong></span> <span class='ocrx_word' id='word_1_240' title='bbox 2239 2127 2438 2199; x_wconf 79' lang='lat' dir='ltr'><strong>Varus.</strong></span> <span class='ocrx_word' id='word_1_241' title='bbox 2563 2196 2576 2199; x_wconf 84' lang='lat'>_</span> <span class='ocrx_word' id='word_1_242' title='bbox 2687 2125 2844 2199; x_wconf 74' lang='lat' dir='ltr'><strong>Pullo</strong></span> <span class='ocrx_word' id='word_1_243' title='bbox 2861 2125 2929 2182; x_wconf 83' lang='lat' dir='ltr'><strong>et</strong></span> <span class='ocrx_word' id='word_1_244' title='bbox 2949 2125 3136 2199; x_wconf 83' lang='lat' dir='ltr'><strong>Vetu_s_.</strong></span> 
     </span>
    </p>
   </div>
   <div class='ocr_carea' id='block_1_48' title="bbox 1845 2195 3274 2337">
    <p class='ocr_par' dir='ltr' id='par_1_48' title="bbox 1845 2195 3274 2337">
     <span class='ocr_line' id='line_1_52' title="bbox 1845 2195 3274 2323; baseline -0.001 -71"><span class='ocrx_word' id='word_1_245' title='bbox 1845 2195 2086 2323; x_wconf 73' lang='lat' dir='ltr'><strong>Apriplpa</strong></span> <span class='ocrx_word' id='word_1_246' title='bbox 2157 2197 2198 2252; x_wconf 93' lang='lat' dir='ltr'><strong>Il</strong></span> <span class='ocrx_word' id='word_1_247' title='bbox 2271 2209 2325 2254; x_wconf 90' lang='lat' dir='ltr'><strong>et</strong></span> <span class='ocrx_word' id='word_1_248' title='bbox 2387 2195 2650 2253; x_wconf 79' lang='lat' dir='ltr'><strong>Lentulus</strong></span> <span class='ocrx_word' id='word_1_249' title='bbox 2685 2197 2961 2268; x_wconf 80' lang='lat' dir='ltr'><strong>Cethegus</strong></span> <span class='ocrx_word' id='word_1_250' title='bbox 2995 2207 3049 2252; x_wconf 90' lang='lat' dir='ltr'><strong>et</strong></span> <span class='ocrx_word' id='word_1_251' title='bbox 3074 2197 3274 2251; x_wconf 90' lang='lat' dir='ltr'><strong>Varus.</strong></span> 
     </span>
     <span class='ocr_line' id='line_1_53' title="bbox 1931 2281 3140 2337; baseline -0.002 -14"><span class='ocrx_word' id='word_1_252' title='bbox 1931 2281 1995 2337; x_wconf 82' lang='lat' dir='ltr'><strong>ga</strong></span> <span class='ocrx_word' id='word_1_253' title='bbox 2041 2285 2111 2323; x_wconf 72' lang='lat' dir='ltr'><strong>ia.</strong></span> <span class='ocrx_word' id='word_1_254' title='bbox 2953 2335 2991 2337; x_wconf 73' lang='lat'><em>_</em></span> <span class='ocrx_word' id='word_1_255' title='bbox 3123 2335 3140 2337; x_wconf 98' lang='lat'>_</span> 
     </span>
    </p>
   </div>
   <div class='ocr_carea' id='block_1_49' title="bbox 1843 2335 3408 2408">
    <p class='ocr_par' dir='ltr' id='par_1_49' title="bbox 1843 2335 3408 2408">
     <span class='ocr_line' id='line_1_54' title="bbox 1843 2335 3408 2408; baseline -0.003 -13"><span class='ocrx_word' id='word_1_256' title='bbox 1843 2335 2129 2395; x_wconf 68' lang='lat' dir='ltr'><strong>Getulicus</strong></span> <span class='ocrx_word' id='word_1_257' title='bbox 2150 2348 2205 2393; x_wconf 90' lang='lat' dir='ltr'><strong>et</strong></span> <span class='ocrx_word' id='word_1_258' title='bbox 2239 2337 2498 2393; x_wconf 89' lang='lat' dir='ltr'><strong>Sabinus.</strong></span> <span class='ocrx_word' id='word_1_259' title='bbox 2683 2337 2919 2408; x_wconf 85' lang='lat' dir='ltr'><strong>Agrippa</strong></span> <span class='ocrx_word' id='word_1_260' title='bbox 2951 2335 2992 2389; x_wconf 94' lang='lat' dir='ltr'><strong>II</strong></span> <span class='ocrx_word' id='word_1_261' title='bbox 3032 2345 3090 2391; x_wconf 89' lang='lat' dir='ltr'><strong>et</strong></span> <span class='ocrx_word' id='word_1_262' title='bbox 3122 2335 3408 2392; x_wconf 80' lang='lat' dir='ltr'><strong>Lentulus.</strong></span> 
     </span>
    </p>
   </div>
   <div class='ocr_carea' id='block_1_50' title="bbox 2688 2585 3321 2644">
    <p class='ocr_par' dir='ltr' id='par_1_50' title="bbox 2688 2585 3321 2644">
     <span class='ocr_line' id='line_1_55' title="bbox 2688 2585 3321 2644; baseline -0.005 0"><span class='ocrx_word' id='word_1_263' title='bbox 2688 2588 2966 2644; x_wconf 72' lang='lat' dir='ltr'><strong>Getulicus</strong></span> <span class='ocrx_word' id='word_1_264' title='bbox 2987 2595 3040 2643; x_wconf 91' lang='lat' dir='ltr'><strong>et</strong></span> <span class='ocrx_word' id='word_1_265' title='bbox 3063 2585 3321 2642; x_wconf 91' lang='lat' dir='ltr'><strong>Sabinus.</strong></span> 
     </span>
    </p>
   </div>
   <div class='ocr_carea' id='block_1_51' title="bbox 2688 2657 3184 2714">
    <p class='ocr_par' dir='ltr' id='par_1_51' title="bbox 2688 2657 3184 2714">
     <span class='ocr_line' id='line_1_56' title="bbox 2688 2657 3184 2714; baseline -0.002 -2"><span class='ocrx_word' id='word_1_266' title='bbox 2688 2662 2922 2714; x_wconf 85' lang='lat' dir='ltr'><strong>Crassus</strong></span> <span class='ocrx_word' id='word_1_267' title='bbox 2953 2667 3005 2712; x_wconf 89' lang='lat' dir='ltr'><strong>et</strong></span> <span class='ocrx_word' id='word_1_268' title='bbox 3038 2657 3184 2712; x_wconf 84' lang='lat' dir='ltr'><strong>Piso.</strong></span> 
     </span>
    </p>
   </div>
   <div class='ocr_carea' id='block_1_52' title="bbox 1851 2590 2346 2650">
    <p class='ocr_par' dir='ltr' id='par_1_52' title="bbox 1851 2590 2346 2650">
     <span class='ocr_line' id='line_1_57' title="bbox 1851 2590 2346 2650; baseline -0.006 -2"><span class='ocrx_word' id='word_1_269' title='bbox 1851 2593 2088 2650; x_wconf 87' lang='lat' dir='ltr'><strong>Crassus</strong></span> <span class='ocrx_word' id='word_1_270' title='bbox 2114 2601 2168 2648; x_wconf 91' lang='lat' dir='ltr'><strong>et</strong></span> <span class='ocrx_word' id='word_1_271' title='bbox 2197 2590 2346 2647; x_wconf 87' lang='lat' dir='ltr'><strong>Piso.</strong></span> 
     </span>
    </p>
   </div>
   <div class='ocr_carea' id='block_1_53' title="bbox 1856 2661 2422 2719">
    <p class='ocr_par' dir='ltr' id='par_1_53' title="bbox 1856 2661 2422 2719">
     <span class='ocr_line' id='line_1_58' title="bbox 1856 2661 2422 2719; baseline -0.005 0"><span class='ocrx_word' id='word_1_272' title='bbox 1856 2663 2114 2719; x_wconf 87' lang='lat' dir='ltr'><strong>Silvanus</strong></span> <span class='ocrx_word' id='word_1_273' title='bbox 2143 2671 2198 2718; x_wconf 88' lang='lat' dir='ltr'><strong>et</strong></span> <span class='ocrx_word' id='word_1_274' title='bbox 2224 2661 2422 2716; x_wconf 88' lang='lat' dir='ltr'><strong>Nerva.</strong></span> 
     </span>
    </p>
   </div>
   <div class='ocr_carea' id='block_1_54' title="bbox 1857 2727 3214 2790">
    <p class='ocr_par' dir='ltr' id='par_1_54' title="bbox 1857 2727 3214 2790">
     <span class='ocr_line' id='line_1_59' title="bbox 1857 2727 3214 2790; baseline -0.007 0"><span class='ocrx_word' id='word_1_275' title='bbox 1857 2735 2074 2790; x_wconf 87' lang='lat' dir='ltr'><strong>Gemini</strong></span> <span class='ocrx_word' id='word_1_276' title='bbox 2101 2735 2232 2788; x_wconf 92' lang='lat' dir='ltr'><strong>duo.</strong></span> <span class='ocrx_word' id='word_1_277' title='bbox 2691 2728 2909 2783; x_wconf 88' lang='lat' dir='ltr'><strong>Silanus</strong></span> <span class='ocrx_word' id='word_1_278' title='bbox 2935 2740 2987 2782; x_wconf 89' lang='lat' dir='ltr'><strong>et</strong></span> <span class='ocrx_word' id='word_1_279' title='bbox 3017 2727 3214 2781; x_wconf 86' lang='lat' dir='ltr'><strong>Nerva.</strong></span> 
     </span>
    </p>
   </div>
   <div class='ocr_carea' id='block_1_55' title="bbox 1859 2798 3360 2859">
    <p class='ocr_par' dir='ltr' id='par_1_55' title="bbox 1859 2798 3360 2859">
     <span class='ocr_line' id='line_1_60' title="bbox 1859 2798 3360 2859; baseline -0.005 0"><span class='ocrx_word' id='word_1_280' title='bbox 1859 2805 2035 2859; x_wconf 81' lang='lat' dir='ltr'><strong>Rufus</strong></span> <span class='ocrx_word' id='word_1_281' title='bbox 2057 2813 2112 2858; x_wconf 93' lang='lat' dir='ltr'><strong>et</strong></span> <span class='ocrx_word' id='word_1_282' title='bbox 2142 2802 2412 2857; x_wconf 84' lang='lat' dir='ltr'><strong>Rubellio.</strong></span> <span class='ocrx_word' id='word_1_283' title='bbox 2690 2799 2952 2853; x_wconf 87' lang='lat' dir='ltr'><strong>Geminus</strong></span> <span class='ocrx_word' id='word_1_284' title='bbox 2982 2807 3036 2850; x_wconf 84' lang='lat' dir='ltr'><strong>et</strong></span> <span class='ocrx_word' id='word_1_285' title='bbox 3073 2798 3360 2851; x_wconf 88' lang='lat' dir='ltr'><strong>Geminus.</strong></span> 
     </span>
    </p>
   </div>
   <div class='ocr_carea' id='block_1_56' title="bbox 1861 2868 3328 2957">
    <p class='ocr_par' dir='ltr' id='par_1_56' title="bbox 1861 2868 3328 2957">
     <span class='ocr_line' id='line_1_61' title="bbox 1861 2868 3328 2957; baseline -0.008 -27"><span class='ocrx_word' id='word_1_286' title='bbox 1861 2876 2110 2957; x_wconf 76' lang='lat' dir='ltr'><strong>Vinicius</strong></span> <span class='ocrx_word' id='word_1_287' title='bbox 2135 2883 2190 2930; x_wconf 86' lang='lat' dir='ltr'><strong>et</strong></span> <span class='ocrx_word' id='word_1_288' title='bbox 2214 2872 2493 2944; x_wconf 82' lang='lat' dir='ltr'><strong>Longinus</strong></span> <span class='ocrx_word' id='word_1_289' title='bbox 2520 2870 2656 2926; x_wconf 89' lang='lat' dir='ltr'><strong>Cas—</strong></span> <span class='ocrx_word' id='word_1_290' title='bbox 2692 2869 2868 2925; x_wconf 86' lang='lat' dir='ltr'><strong>Rufus</strong></span> <span class='ocrx_word' id='word_1_291' title='bbox 2901 2879 2955 2923; x_wconf 81' lang='lat' dir='ltr'><strong>et</strong></span> <span class='ocrx_word' id='word_1_292' title='bbox 2987 2868 3328 2923; x_wconf 85' lang='lat' dir='ltr'><strong>Rubellinus.</strong></span> 
     </span>
    </p>
   </div>
   <div class='ocr_carea' id='block_1_57' title="bbox 1932 2962 2072 3002">
    <p class='ocr_par' dir='ltr' id='par_1_57' title="bbox 1932 2962 2072 3002">
     <span class='ocr_line' id='line_1_62' title="bbox 1932 2962 2072 3002; baseline -0.021 0"><span class='ocrx_word' id='word_1_293' title='bbox 1932 2962 2072 3002; x_wconf 74' lang='lat' dir='ltr'><strong>Slus.</strong></span> 
     </span>
    </p>
   </div>
   <div class='ocr_carea' id='block_1_58' title="bbox 944 3075 2690 3146">
    <p class='ocr_par' dir='ltr' id='par_1_58' title="bbox 944 3075 2690 3146">
     <span class='ocr_line' id='line_1_63' title="bbox 944 3075 2690 3146; baseline 0.003 -14"><span class='ocrx_word' id='word_1_294' title='bbox 944 3075 1160 3134; x_wconf 66' lang='lat' dir='ltr'><strong>NOTAE</strong></span> <span class='ocrx_word' id='word_1_295' title='bbox 1198 3080 1291 3134; x_wconf 83' lang='lat' dir='ltr'><strong>AD</strong></span> <span class='ocrx_word' id='word_1_296' title='bbox 1329 3081 1707 3141; x_wconf 76' lang='lat' dir='ltr'><strong>EXCERPTA</strong></span> <span class='ocrx_word' id='word_1_297' title='bbox 1745 3087 2282 3146; x_wconf 79' lang='lat' dir='ltr'><strong>CONSULATUUM</strong></span> <span class='ocrx_word' id='word_1_298' title='bbox 2322 3083 2690 3142; x_wconf 85' lang='lat' dir='ltr'><strong>COLLEGIA.</strong></span> 
     </span>
    </p>
   </div>
   <div class='ocr_carea' id='block_1_59' title="bbox 256 3210 3485 3290">
    <p class='ocr_par' dir='ltr' id='par_1_59' title="bbox 256 3210 3485 3290">
     <span class='ocr_line' id='line_1_64' title="bbox 256 3210 3485 3290; baseline 0.004 -28"><span class='ocrx_word' id='word_1_299' title='bbox 256 3210 309 3264; x_wconf 94' lang='lat' dir='ltr'><strong>ln</strong></span> <span class='ocrx_word' id='word_1_300' title='bbox 336 3210 420 3268; x_wconf 89' lang='lat' dir='ltr'><strong>bis</strong></span> <span class='ocrx_word' id='word_1_301' title='bbox 447 3217 618 3268; x_wconf 63' lang='lat' dir='ltr'><strong>coss.“</strong></span> <span class='ocrx_word' id='word_1_302' title='bbox 643 3211 872 3287; x_wconf 84' lang='lat' dir='ltr'><strong>paribus</strong></span> <span class='ocrx_word' id='word_1_303' title='bbox 903 3212 1168 3268; x_wconf 88' lang='lat' dir='ltr'><strong>nonnulla</strong></span> <span class='ocrx_word' id='word_1_304' title='bbox 1215 3223 1347 3271; x_wconf 89' lang='lat' dir='ltr'><strong>sunt</strong></span> <span class='ocrx_word' id='word_1_305' title='bbox 1384 3217 1770 3276; x_wconf 86' lang='lat' dir='ltr'><strong>observatione</strong></span> <span class='ocrx_word' id='word_1_306' title='bbox 1800 3231 1847 3287; x_wconf 86' lang='grc' dir='ltr'><strong>Α</strong></span> <span class='ocrx_word' id='word_1_307' title='bbox 1877 3223 2065 3278; x_wconf 89' lang='lat' dir='ltr'><strong>Planci</strong></span> <span class='ocrx_word' id='word_1_308' title='bbox 2095 3222 2388 3279; x_wconf 88' lang='lat' dir='ltr'><strong>consulatu</strong></span> <span class='ocrx_word' id='word_1_309' title='bbox 2432 3221 2711 3276; x_wconf 88' lang='lat' dir='ltr'><strong>decimum</strong></span> <span class='ocrx_word' id='word_1_310' title='bbox 2746 3217 3004 3289; x_wconf 90' lang='lat' dir='ltr'><strong>quintum</strong></span> <span class='ocrx_word' id='word_1_311' title='bbox 3037 3231 3067 3270; x_wconf 88' lang='lat' dir='ltr'><strong>a</strong></span> <span class='ocrx_word' id='word_1_312' title='bbox 3108 3232 3257 3274; x_wconf 91' lang='lat' dir='ltr'><strong>coss.</strong></span> <span class='ocrx_word' id='word_1_313' title='bbox 3289 3219 3485 3290; x_wconf 81' lang='lat' dir='ltr'><strong>Augu-</strong></span> 
     </span>
    </p>
   </div>
   <div class='ocr_carea' id='block_1_60' title="bbox 191 3300 365 3373">
    <p class='ocr_par' dir='ltr' id='par_1_60' title="bbox 191 3300 365 3373">
     <span class='ocr_line' id='line_1_65' title="bbox 191 3300 365 3373; baseline 0.017 -19"><span class='ocrx_word' id='word_1_314' title='bbox 191 3300 365 3373; x_wconf 84' lang='lat' dir='ltr'><strong>digna.</strong></span> 
     </span>
    </p>
   </div>
   <div class='ocr_carea' id='block_1_61' title="bbox 256 3392 1779 3466">
    <p class='ocr_par' dir='ltr' id='par_1_61' title="bbox 256 3392 1779 3466">
     <span class='ocr_line' id='line_1_66' title="bbox 256 3392 1779 3466; baseline 0.01 -20"><span class='ocrx_word' id='word_1_315' title='bbox 256 3392 310 3448; x_wconf 93' lang='lat' dir='ltr'><strong>ln</strong></span> <span class='ocrx_word' id='word_1_316' title='bbox 337 3411 387 3450; x_wconf 78' lang='lat' dir='ltr'><strong>vr</strong></span> <span class='ocrx_word' id='word_1_317' title='bbox 418 3393 768 3466; x_wconf 85' lang='lat' dir='ltr'><strong>Epiphanius</strong></span> <span class='ocrx_word' id='word_1_318' title='bbox 796 3395 1054 3453; x_wconf 89' lang='lat' dir='ltr'><strong>Pisonem</strong></span> <span class='ocrx_word' id='word_1_319' title='bbox 1087 3396 1133 3451; x_wconf 93' lang='lat' dir='ltr'><strong>II</strong></span> <span class='ocrx_word' id='word_1_320' title='bbox 1164 3400 1451 3456; x_wconf 89' lang='lat' dir='ltr'><strong>consulem</strong></span> <span class='ocrx_word' id='word_1_321' title='bbox 1497 3404 1731 3461; x_wconf 80' lang='lat' dir='ltr'><strong>ascribit</strong></span> <span class='ocrx_word' id='word_1_322' title='bbox 1763 3424 1779 3462; x_wconf 92' lang='lat'>:</span> 
     </span>
    </p>
   </div>
   <div class='ocr_carea' id='block_1_62' title="bbox 194 3485 1779 3561">
    <p class='ocr_par' dir='ltr' id='par_1_62' title="bbox 194 3485 1779 3561">
     <span class='ocr_line' id='line_1_67' title="bbox 194 3485 1779 3561; baseline 0.009 -25"><span class='ocrx_word' id='word_1_323' title='bbox 194 3485 326 3554; x_wconf 89' lang='lat' dir='ltr'><strong>quod</strong></span> <span class='ocrx_word' id='word_1_324' title='bbox 366 3502 550 3559; x_wconf 86' lang='lat' dir='ltr'><strong>neque</strong></span> <span class='ocrx_word' id='word_1_325' title='bbox 581 3488 638 3541; x_wconf 91' lang='lat' dir='ltr'><strong>in</strong></span> <span class='ocrx_word' id='word_1_326' title='bbox 692 3487 1043 3558; x_wconf 88' lang='lat' dir='ltr'><strong>Capitolinis,</strong></span> <span class='ocrx_word' id='word_1_327' title='bbox 1078 3505 1257 3561; x_wconf 88' lang='lat' dir='ltr'><strong>neque</strong></span> <span class='ocrx_word' id='word_1_328' title='bbox 1293 3493 1349 3546; x_wconf 93' lang='lat' dir='ltr'><strong>in</strong></span> <span class='ocrx_word' id='word_1_329' title='bbox 1380 3493 1582 3550; x_wconf 89' lang='lat' dir='ltr'><strong>Siculis</strong></span> <span class='ocrx_word' id='word_1_330' title='bbox 1617 3496 1779 3550; x_wconf 89' lang='lat' dir='ltr'><strong>addi-</strong></span> 
     </span>
    </p>
   </div>
   <div class='ocr_carea' id='block_1_63' title="bbox 195 3577 1776 3655">
    <p class='ocr_par' dir='ltr' id='par_1_63' title="bbox 195 3577 1776 3655">
     <span class='ocr_line' id='line_1_68' title="bbox 195 3577 1776 3655; baseline 0.012 -30"><span class='ocrx_word' id='word_1_331' title='bbox 195 3581 296 3631; x_wconf 91' lang='lat' dir='ltr'><strong>tum</strong></span> <span class='ocrx_word' id='word_1_332' title='bbox 319 3586 432 3646; x_wconf 87' lang='lat' dir='ltr'><strong>est;</strong></span> <span class='ocrx_word' id='word_1_333' title='bbox 457 3577 561 3634; x_wconf 89' lang='lat' dir='ltr'><strong>sed</strong></span> <span class='ocrx_word' id='word_1_334' title='bbox 591 3579 660 3634; x_wconf 91' lang='lat' dir='ltr'><strong>ad</strong></span> <span class='ocrx_word' id='word_1_335' title='bbox 688 3578 838 3634; x_wconf 82' lang='lat' dir='ltr'><strong>Gnaei</strong></span> <span class='ocrx_word' id='word_1_336' title='bbox 860 3579 1130 3637; x_wconf 85' lang='lat' dir='ltr'><strong>duntaxat</strong></span> <span class='ocrx_word' id='word_1_337' title='bbox 1153 3583 1374 3640; x_wconf 89' lang='lat' dir='ltr'><strong>Pisonis</strong></span> <span class='ocrx_word' id='word_1_338' title='bbox 1398 3588 1776 3655; x_wconf 87' lang='lat' dir='ltr'><strong>consulatum,</strong></span> 
     </span>
    </p>
   </div>
   <div class='ocr_carea' id='block_1_64' title="bbox 191 3665 1783 3737">
    <p class='ocr_par' dir='ltr' id='par_1_64' title="bbox 191 3665 1783 3737">
     <span class='ocr_line' id='line_1_69' title="bbox 191 3665 1783 3737; baseline 0.014 -21"><span class='ocrx_word' id='word_1_339' title='bbox 191 3665 278 3736; x_wconf 88' lang='lat' dir='ltr'><strong>qui</strong></span> <span class='ocrx_word' id='word_1_340' title='bbox 302 3681 443 3724; x_wconf 90' lang='lat' dir='ltr'><strong>anno</strong></span> <span class='ocrx_word' id='word_1_341' title='bbox 480 3667 651 3725; x_wconf 89' lang='lat' dir='ltr'><strong>Urbis</strong></span> <span class='ocrx_word' id='word_1_342' title='bbox 695 3669 800 3725; x_wconf 75' lang='grc'>747</span> <span class='ocrx_word' id='word_1_343' title='bbox 827 3673 1105 3729; x_wconf 90' lang='lat' dir='ltr'><strong>convenit.</strong></span> <span class='ocrx_word' id='word_1_344' title='bbox 1144 3675 1224 3732; x_wconf 91' lang='lat' dir='ltr'><strong>Ac</strong></span> <span class='ocrx_word' id='word_1_345' title='bbox 1256 3677 1474 3734; x_wconf 89' lang='lat' dir='ltr'><strong>videtur</strong></span> <span class='ocrx_word' id='word_1_346' title='bbox 1498 3695 1564 3735; x_wconf 89' lang='lat' dir='ltr'><strong>ex</strong></span> <span class='ocrx_word' id='word_1_347' title='bbox 1595 3697 1659 3737; x_wconf 92' lang='lat' dir='ltr'><strong>eo</strong></span> <span class='ocrx_word' id='word_1_348' title='bbox 1684 3699 1783 3737; x_wconf 90' lang='lat' dir='ltr'><strong>na-</strong></span> 
     </span>
    </p>
   </div>
   <div class='ocr_carea' id='block_1_65' title="bbox 195 3759 1781 3842">
    <p class='ocr_par' dir='ltr' id='par_1_65' title="bbox 195 3759 1781 3842">
     <span class='ocr_line' id='line_1_70' title="bbox 195 3759 1781 3842; baseline 0.015 -36"><span class='ocrx_word' id='word_1_349' title='bbox 195 3763 274 3811; x_wconf 92' lang='lat' dir='ltr'><strong>tus</strong></span> <span class='ocrx_word' id='word_1_350' title='bbox 301 3771 474 3826; x_wconf 89' lang='lat' dir='ltr'><strong>error,</strong></span> <span class='ocrx_word' id='word_1_351' title='bbox 515 3759 670 3830; x_wconf 91' lang='lat' dir='ltr'><strong>quod</strong></span> <span class='ocrx_word' id='word_1_352' title='bbox 712 3761 851 3816; x_wconf 88' lang='lat' dir='ltr'><strong>alter</strong></span> <span class='ocrx_word' id='word_1_353' title='bbox 877 3763 1126 3832; x_wconf 88' lang='lat' dir='ltr'><strong>ejusdem</strong></span> <span class='ocrx_word' id='word_1_354' title='bbox 1160 3768 1406 3823; x_wconf 89' lang='lat' dir='ltr'><strong>nominis</strong></span> <span class='ocrx_word' id='word_1_355' title='bbox 1445 3769 1510 3826; x_wconf 92' lang='lat' dir='ltr'><strong>L.</strong></span> <span class='ocrx_word' id='word_1_356' title='bbox 1542 3769 1781 3842; x_wconf 86' lang='lat' dir='ltr'><strong>Calpur-</strong></span> 
     </span>
    </p>
   </div>
   <div class='ocr_carea' id='block_1_66' title="bbox 190 3845 1780 3920">
    <p class='ocr_par' dir='ltr' id='par_1_66' title="bbox 190 3845 1780 3920">
     <span class='ocr_line' id='line_1_71' title="bbox 190 3845 1780 3920; baseline 0.013 -21"><span class='ocrx_word' id='word_1_357' title='bbox 190 3845 309 3904; x_wconf 91' lang='lat' dir='ltr'><strong>nius</strong></span> <span class='ocrx_word' id='word_1_358' title='bbox 365 3848 495 3906; x_wconf 88' lang='lat' dir='ltr'><strong>Piso</strong></span> <span class='ocrx_word' id='word_1_359' title='bbox 559 3848 882 3906; x_wconf 84' lang='lat' dir='ltr'><strong>Caesoninus</strong></span> <span class='ocrx_word' id='word_1_360' title='bbox 935 3869 1082 3910; x_wconf 90' lang='lat' dir='ltr'><strong>anno</strong></span> <span class='ocrx_word' id='word_1_361' title='bbox 1151 3853 1218 3911; x_wconf 90' lang='lat' dir='ltr'><strong>U.</strong></span> <span class='ocrx_word' id='word_1_362' title='bbox 1277 3857 1341 3914; x_wconf 94' lang='lat' dir='ltr'><strong>C.</strong></span> <span class='ocrx_word' id='word_1_363' title='bbox 1427 3860 1530 3918; x_wconf 79' lang='grc'>759</span> <span class='ocrx_word' id='word_1_364' title='bbox 1591 3861 1780 3920; x_wconf 87' lang='lat' dir='ltr'><strong>fuerit.</strong></span> 
     </span>
    </p>
   </div>
   <div class='ocr_carea' id='block_1_67' title="bbox 194 3935 1779 4010">
    <p class='ocr_par' dir='ltr' id='par_1_67' title="bbox 194 3935 1779 4010">
     <span class='ocr_line' id='line_1_72' title="bbox 194 3935 1779 4010; baseline 0.013 -20"><span class='ocrx_word' id='word_1_365' title='bbox 194 3935 291 3991; x_wconf 97' lang='lat' dir='ltr'><strong>Sed</strong></span> <span class='ocrx_word' id='word_1_366' title='bbox 339 3939 430 3996; x_wconf 88' lang='lat' dir='ltr'><strong>ille</strong></span> <span class='ocrx_word' id='word_1_367' title='bbox 478 3940 548 3995; x_wconf 92' lang='lat' dir='ltr'><strong>L.</strong></span> <span class='ocrx_word' id='word_1_368' title='bbox 584 3940 761 4010; x_wconf 83' lang='lat' dir='ltr'><strong>ﬁlius;</strong></span> <span class='ocrx_word' id='word_1_369' title='bbox 794 3953 981 4000; x_wconf 84' lang='lat' dir='ltr'><strong>noster</strong></span> <span class='ocrx_word' id='word_1_370' title='bbox 1031 3945 1121 4002; x_wconf 89' lang='lat' dir='ltr'><strong>hic</strong></span> <span class='ocrx_word' id='word_1_371' title='bbox 1166 3961 1294 4004; x_wconf 88' lang='lat' dir='ltr'><strong>vero</strong></span> <span class='ocrx_word' id='word_1_372' title='bbox 1353 3949 1502 4006; x_wconf 66' lang='lat' dir='ltr'><strong>Cnaai</strong></span> <span class='ocrx_word' id='word_1_373' title='bbox 1556 3953 1779 4010; x_wconf 90' lang='lat' dir='ltr'><strong>dicitur.</strong></span> 
     </span>
    </p>
   </div>
   <div class='ocr_carea' id='block_1_68' title="bbox 253 4029 1781 4116">
    <p class='ocr_par' dir='ltr' id='par_1_68' title="bbox 253 4029 1781 4116">
     <span class='ocr_line' id='line_1_73' title="bbox 253 4029 1781 4116; baseline 0.013 -33"><span class='ocrx_word' id='word_1_374' title='bbox 253 4029 310 4086; x_wconf 93' lang='lat' dir='ltr'><strong>ln</strong></span> <span class='ocrx_word' id='word_1_375' title='bbox 343 4049 419 4089; x_wconf 90' lang='lat' dir='ltr'><strong>vn</strong></span> <span class='ocrx_word' id='word_1_376' title='bbox 461 4034 782 4100; x_wconf 89' lang='lat' dir='ltr'><strong>consulatu,</strong></span> <span class='ocrx_word' id='word_1_377' title='bbox 850 4052 1135 4106; x_wconf 86' lang='lat' dir='ltr'><strong>perperam</strong></span> <span class='ocrx_word' id='word_1_378' title='bbox 1203 4041 1348 4113; x_wconf 89' lang='lat' dir='ltr'><strong>apud</strong></span> <span class='ocrx_word' id='word_1_379' title='bbox 1405 4041 1781 4116; x_wconf 89' lang='lat' dir='ltr'><strong>Epiphanium</strong></span> 
     </span>
    </p>
   </div>
   <div class='ocr_carea' id='block_1_69' title="bbox 191 4118 1783 4205">
    <p class='ocr_par' dir='ltr' id='par_1_69' title="bbox 191 4118 1783 4205">
     <span class='ocr_line' id='line_1_74' title="bbox 191 4118 1783 4205; baseline 0.012 -31"><span class='ocrx_word' id='word_1_380' title='bbox 191 4118 250 4176; x_wconf 91' lang='lat' dir='ltr'><strong>L.</strong></span> <span class='ocrx_word' id='word_1_381' title='bbox 270 4122 472 4194; x_wconf 78' lang='lat' dir='ltr'><strong>Caesar,</strong></span> <span class='ocrx_word' id='word_1_382' title='bbox 493 4141 594 4197; x_wconf 88' lang='lat' dir='ltr'><strong>pro</strong></span> <span class='ocrx_word' id='word_1_383' title='bbox 610 4125 746 4182; x_wconf 88' lang='lat' dir='ltr'><strong>Caio</strong></span> <span class='ocrx_word' id='word_1_384' title='bbox 769 4127 1006 4197; x_wconf 91' lang='lat' dir='ltr'><strong>positum</strong></span> <span class='ocrx_word' id='word_1_385' title='bbox 1025 4141 1128 4188; x_wconf 89' lang='lat' dir='ltr'><strong>est.</strong></span> <span class='ocrx_word' id='word_1_386' title='bbox 1149 4129 1286 4188; x_wconf 88' lang='lat' dir='ltr'><strong>Nam</strong></span> <span class='ocrx_word' id='word_1_387' title='bbox 1311 4133 1516 4190; x_wconf 83' lang='lat' dir='ltr'><strong>Lucius</strong></span> <span class='ocrx_word' id='word_1_388' title='bbox 1529 4137 1648 4205; x_wconf 87' lang='lat' dir='ltr'><strong>ejus</strong></span> <span class='ocrx_word' id='word_1_389' title='bbox 1667 4137 1783 4193; x_wconf 86' lang='lat' dir='ltr'><strong>fra-</strong></span> 
     </span>
    </p>
   </div>
   <div class='ocr_carea' id='block_1_70' title="bbox 193 4217 1782 4299">
    <p class='ocr_par' dir='ltr' id='par_1_70' title="bbox 193 4217 1782 4299">
     <span class='ocr_line' id='line_1_75' title="bbox 193 4217 1782 4299; baseline 0.01 -30"><span class='ocrx_word' id='word_1_390' title='bbox 193 4222 269 4269; x_wconf 83' lang='lat' dir='ltr'><strong>ter</strong></span> <span class='ocrx_word' id='word_1_391' title='bbox 293 4230 412 4273; x_wconf 92' lang='lat' dir='ltr'><strong>cos.</strong></span> <span class='ocrx_word' id='word_1_392' title='bbox 438 4217 786 4288; x_wconf 80' lang='lat' dir='ltr'><strong>designatus,</strong></span> <span class='ocrx_word' id='word_1_393' title='bbox 818 4229 1116 4292; x_wconf 85' lang='lat' dir='ltr'><strong>antequam</strong></span> <span class='ocrx_word' id='word_1_394' title='bbox 1161 4225 1551 4295; x_wconf 80' lang='lat' dir='ltr'><strong>magistratum</strong></span> <span class='ocrx_word' id='word_1_395' title='bbox 1589 4229 1782 4299; x_wconf 84' lang='lat' dir='ltr'><strong>iniret,</strong></span> 
     </span>
    </p>
   </div>
   <div class='ocr_carea' id='block_1_71' title="bbox 191 4310 633 4368">
    <p class='ocr_par' dir='ltr' id='par_1_71' title="bbox 191 4310 633 4368">
     <span class='ocr_line' id='line_1_76' title="bbox 191 4310 633 4368; baseline 0.018 -8"><span class='ocrx_word' id='word_1_396' title='bbox 191 4310 490 4368; x_wconf 83' lang='lat' dir='ltr'><strong>exstinctus</strong></span> <span class='ocrx_word' id='word_1_397' title='bbox 523 4320 633 4368; x_wconf 87' lang='lat' dir='ltr'><strong>est.</strong></span> 
     </span>
    </p>
   </div>
   <div class='ocr_carea' id='block_1_72' title="bbox 257 4398 1785 4476">
    <p class='ocr_par' dir='ltr' id='par_1_72' title="bbox 257 4398 1785 4476">
     <span class='ocr_line' id='line_1_77' title="bbox 257 4398 1785 4476; baseline 0.011 -24"><span class='ocrx_word' id='word_1_398' title='bbox 257 4398 312 4454; x_wconf 93' lang='lat' dir='ltr'><strong>In</strong></span> <span class='ocrx_word' id='word_1_399' title='bbox 339 4418 371 4456; x_wconf 89' lang='lat' dir='ltr'><strong>x</strong></span> <span class='ocrx_word' id='word_1_400' title='bbox 395 4402 550 4460; x_wconf 88' lang='lat' dir='ltr'><strong>Fasti</strong></span> <span class='ocrx_word' id='word_1_401' title='bbox 588 4405 757 4460; x_wconf 91' lang='lat' dir='ltr'><strong>Siculi</strong></span> <span class='ocrx_word' id='word_1_402' title='bbox 786 4414 844 4464; x_wconf 85' lang='lat' dir='ltr'><strong>et</strong></span> <span class='ocrx_word' id='word_1_403' title='bbox 873 4405 1213 4476; x_wconf 88' lang='lat' dir='ltr'><strong>Epiphanius</strong></span> <span class='ocrx_word' id='word_1_404' title='bbox 1239 4407 1446 4465; x_wconf 65' lang='lat' dir='ltr'><strong>Alfium</strong></span> <span class='ocrx_word' id='word_1_405' title='bbox 1503 4412 1700 4468; x_wconf 91' lang='lat' dir='ltr'><strong>Catum</strong></span> <span class='ocrx_word' id='word_1_406' title='bbox 1729 4423 1785 4469; x_wconf 92' lang='lat' dir='ltr'><strong>et</strong></span> 
     </span>
    </p>
   </div>
   <div class='ocr_carea' id='block_1_73' title="bbox 193 4493 1777 4577">
    <p class='ocr_par' dir='ltr' id='par_1_73' title="bbox 193 4493 1777 4577">
     <span class='ocr_line' id='line_1_78' title="bbox 193 4493 1777 4577; baseline 0.009 -30"><span class='ocrx_word' id='word_1_407' title='bbox 193 4493 548 4556; x_wconf 88' lang='lat' dir='ltr'><strong>Saturninum</strong></span> <span class='ocrx_word' id='word_1_408' title='bbox 605 4503 1028 4570; x_wconf 60' lang='lat' dir='ltr'><strong>praeterierunt;</strong></span> <span class='ocrx_word' id='word_1_409' title='bbox 1081 4502 1177 4556; x_wconf 90' lang='lat' dir='ltr'><strong>sed</strong></span> <span class='ocrx_word' id='word_1_410' title='bbox 1249 4513 1306 4559; x_wconf 89' lang='lat' dir='ltr'><strong>et</strong></span> <span class='ocrx_word' id='word_1_411' title='bbox 1362 4504 1570 4561; x_wconf 88' lang='lat' dir='ltr'><strong>frustra</strong></span> <span class='ocrx_word' id='word_1_412' title='bbox 1632 4508 1777 4577; x_wconf 85' lang='lat' dir='ltr'><strong>apud</strong></span> 
     </span>
    </p>
   </div>
   <div class='ocr_carea' id='block_1_74' title="bbox 1883 3309 3482 3378">
    <p class='ocr_par' dir='ltr' id='par_1_74' title="bbox 1883 3309 3482 3378">
     <span class='ocr_line' id='line_1_79' title="bbox 1883 3309 3482 3378; baseline -0.004 -10"><span class='ocrx_word' id='word_1_413' title='bbox 1883 3323 1972 3369; x_wconf 90' lang='lat' dir='ltr'><strong>sto</strong></span> <span class='ocrx_word' id='word_1_414' title='bbox 2030 3312 2153 3367; x_wconf 87' lang='lat' dir='ltr'><strong>XIII</strong></span> <span class='ocrx_word' id='word_1_415' title='bbox 2182 3322 2235 3368; x_wconf 92' lang='lat' dir='ltr'><strong>et</strong></span> <span class='ocrx_word' id='word_1_416' title='bbox 2293 3311 2484 3366; x_wconf 89' lang='lat' dir='ltr'><strong>Silano</strong></span> <span class='ocrx_word' id='word_1_417' title='bbox 2515 3325 2662 3365; x_wconf 88' lang='lat' dir='ltr'><strong>coss.</strong></span> <span class='ocrx_word' id='word_1_418' title='bbox 2693 3309 2848 3378; x_wconf 88' lang='lat' dir='ltr'><strong>ponit</strong></span> <span class='ocrx_word' id='word_1_419' title='bbox 2895 3309 3248 3364; x_wconf 89' lang='lat' dir='ltr'><strong>consulatum</strong></span> <span class='ocrx_word' id='word_1_420' title='bbox 3306 3310 3482 3372; x_wconf 86' lang='lat' dir='ltr'><strong>illum,</strong></span> 
     </span>
    </p>
   </div>
   <div class='ocr_carea' id='block_1_75' title="bbox 1885 3401 3483 3470">
    <p class='ocr_par' dir='ltr' id='par_1_75' title="bbox 1885 3401 3483 3470">
     <span class='ocr_line' id='line_1_80' title="bbox 1885 3401 3483 3470; baseline -0.001 -12"><span class='ocrx_word' id='word_1_421' title='bbox 1885 3420 2012 3460; x_wconf 89' lang='lat' dir='ltr'><strong>cum</strong></span> <span class='ocrx_word' id='word_1_422' title='bbox 2058 3423 2148 3462; x_wconf 78' lang='lat' dir='ltr'><strong>xvr</strong></span> <span class='ocrx_word' id='word_1_423' title='bbox 2199 3420 2324 3460; x_wconf 89' lang='lat' dir='ltr'><strong>esse</strong></span> <span class='ocrx_word' id='word_1_424' title='bbox 2381 3403 2652 3458; x_wconf 91' lang='lat' dir='ltr'><strong>debuerit.</strong></span> <span class='ocrx_word' id='word_1_425' title='bbox 2685 3401 2825 3455; x_wconf 93' lang='lat' dir='ltr'><strong>Tum</strong></span> <span class='ocrx_word' id='word_1_426' title='bbox 2881 3417 2973 3455; x_wconf 73' lang='lat' dir='ltr'><strong>xv:</strong></span> <span class='ocrx_word' id='word_1_427' title='bbox 3004 3401 3136 3456; x_wconf 91' lang='lat' dir='ltr'><strong>facit</strong></span> <span class='ocrx_word' id='word_1_428' title='bbox 3160 3401 3483 3470; x_wconf 88' lang='lat' dir='ltr'><strong>Pompeium</strong></span> 
     </span>
    </p>
   </div>
   <div class='ocr_carea' id='block_1_76' title="bbox 1882 3492 3484 3567">
    <p class='ocr_par' dir='ltr' id='par_1_76' title="bbox 1882 3492 3484 3567">
     <span class='ocr_line' id='line_1_81' title="bbox 1882 3492 3484 3567; baseline -0.002 -17"><span class='ocrx_word' id='word_1_429' title='bbox 1882 3495 2142 3567; x_wconf 77' lang='lat' dir='ltr'><strong>Magnum</strong></span> <span class='ocrx_word' id='word_1_430' title='bbox 2197 3503 2251 3550; x_wconf 92' lang='lat' dir='ltr'><strong>et</strong></span> <span class='ocrx_word' id='word_1_431' title='bbox 2275 3495 2597 3564; x_wconf 88' lang='lat' dir='ltr'><strong>Apuleium;</strong></span> <span class='ocrx_word' id='word_1_432' title='bbox 2622 3493 2714 3562; x_wconf 88' lang='lat' dir='ltr'><strong>qui</strong></span> <span class='ocrx_word' id='word_1_433' title='bbox 2746 3507 2871 3546; x_wconf 92' lang='lat' dir='ltr'><strong>cum</strong></span> <span class='ocrx_word' id='word_1_434' title='bbox 2909 3493 3290 3561; x_wconf 87' lang='lat' dir='ltr'><strong>superioribus</strong></span> <span class='ocrx_word' id='word_1_435' title='bbox 3318 3492 3484 3546; x_wconf 86' lang='lat' dir='ltr'><strong>iidem</strong></span> 
     </span>
    </p>
   </div>
   <div class='ocr_carea' id='block_1_77' title="bbox 1883 3584 3484 3654">
    <p class='ocr_par' dir='ltr' id='par_1_77' title="bbox 1883 3584 3484 3654">
     <span class='ocr_line' id='line_1_82' title="bbox 1883 3584 3484 3654; baseline -0.002 -10"><span class='ocrx_word' id='word_1_436' title='bbox 1883 3605 2008 3644; x_wconf 89' lang='lat' dir='ltr'><strong>esse</strong></span> <span class='ocrx_word' id='word_1_437' title='bbox 2033 3589 2310 3644; x_wconf 87' lang='lat' dir='ltr'><strong>videntur.</strong></span> <span class='ocrx_word' id='word_1_438' title='bbox 2343 3585 2479 3640; x_wconf 89' lang='lat' dir='ltr'><strong>Nam</strong></span> <span class='ocrx_word' id='word_1_439' title='bbox 2501 3602 2530 3640; x_wconf 93' lang='lat' dir='ltr'><strong>e</strong></span> <span class='ocrx_word' id='word_1_440' title='bbox 2550 3585 2766 3640; x_wconf 91' lang='lat' dir='ltr'><strong>duobus</strong></span> <span class='ocrx_word' id='word_1_441' title='bbox 2791 3584 2994 3650; x_wconf 79' lang='lat' dir='ltr'><strong>Sextis,</strong></span> <span class='ocrx_word' id='word_1_442' title='bbox 3023 3585 3159 3639; x_wconf 88' lang='lat' dir='ltr'><strong>alter</strong></span> <span class='ocrx_word' id='word_1_443' title='bbox 3187 3585 3484 3654; x_wconf 89' lang='lat' dir='ltr'><strong>Pompeius</strong></span> 
     </span>
    </p>
   </div>
   <div class='ocr_carea' id='block_1_78' title="bbox 1887 3676 3484 3753">
    <p class='ocr_par' dir='ltr' id='par_1_78' title="bbox 1887 3676 3484 3753">
     <span class='ocr_line' id='line_1_83' title="bbox 1887 3676 3484 3753; baseline -0.003 -17"><span class='ocrx_word' id='word_1_444' title='bbox 1887 3681 2092 3753; x_wconf 87' lang='lat' dir='ltr'><strong>Nepos,</strong></span> <span class='ocrx_word' id='word_1_445' title='bbox 2115 3682 2256 3736; x_wconf 86' lang='lat' dir='ltr'><strong>alter</strong></span> <span class='ocrx_word' id='word_1_446' title='bbox 2288 3680 2551 3749; x_wconf 86' lang='lat' dir='ltr'><strong>Apuleius</strong></span> <span class='ocrx_word' id='word_1_447' title='bbox 2599 3676 2781 3747; x_wconf 89' lang='lat' dir='ltr'><strong>Nepos</strong></span> <span class='ocrx_word' id='word_1_448' title='bbox 2815 3678 3126 3748; x_wconf 89' lang='lat' dir='ltr'><strong>appellatus</strong></span> <span class='ocrx_word' id='word_1_449' title='bbox 3170 3687 3274 3734; x_wconf 89' lang='lat' dir='ltr'><strong>est.</strong></span> <span class='ocrx_word' id='word_1_450' title='bbox 3326 3678 3484 3745; x_wconf 81' lang='lat' dir='ltr'><strong>Quod</strong></span> 
     </span>
    </p>
   </div>
   <div class='ocr_carea' id='block_1_79' title="bbox 1884 3771 3082 3831">
    <p class='ocr_par' dir='ltr' id='par_1_79' title="bbox 1884 3771 3082 3831">
     <span class='ocr_line' id='line_1_84' title="bbox 1884 3771 3082 3831; baseline -0.003 -1"><span class='ocrx_word' id='word_1_451' title='bbox 1884 3776 2029 3831; x_wconf 88' lang='lat' dir='ltr'><strong>idem</strong></span> <span class='ocrx_word' id='word_1_452' title='bbox 2054 3775 2245 3828; x_wconf 78' lang='lat' dir='ltr'><strong>vitium</strong></span> <span class='ocrx_word' id='word_1_453' title='bbox 2272 3774 2326 3828; x_wconf 93' lang='lat' dir='ltr'><strong>in</strong></span> <span class='ocrx_word' id='word_1_454' title='bbox 2361 3771 2544 3827; x_wconf 89' lang='lat' dir='ltr'><strong>Fastis</strong></span> <span class='ocrx_word' id='word_1_455' title='bbox 2572 3771 2782 3827; x_wconf 89' lang='lat' dir='ltr'><strong>Siculis</strong></span> <span class='ocrx_word' id='word_1_456' title='bbox 2815 3772 3082 3827; x_wconf 90' lang='lat' dir='ltr'><strong>cernitur.</strong></span> 
     </span>
    </p>
   </div>
   <div class='ocr_carea' id='block_1_80' title="bbox 1957 3859 3486 3935">
    <p class='ocr_par' dir='ltr' id='par_1_80' title="bbox 1957 3859 3486 3935">
     <span class='ocr_line' id='line_1_85' title="bbox 1957 3859 3486 3935; baseline -0.004 -13"><span class='ocrx_word' id='word_1_457' title='bbox 1957 3867 2017 3922; x_wconf 92' lang='lat' dir='ltr'><strong>In</strong></span> <span class='ocrx_word' id='word_1_458' title='bbox 2040 3883 2117 3921; x_wconf 74' lang='grc' dir='ltr'><strong>ιιι</strong></span> <span class='ocrx_word' id='word_1_459' title='bbox 2173 3881 2272 3935; x_wconf 89' lang='lat' dir='ltr'><strong>pro</strong></span> <span class='ocrx_word' id='word_1_460' title='bbox 2299 3863 2504 3918; x_wconf 86' lang='lat' dir='ltr'><strong>Brutus</strong></span> <span class='ocrx_word' id='word_1_461' title='bbox 2543 3863 2686 3934; x_wconf 89' lang='lat' dir='ltr'><strong>apud</strong></span> <span class='ocrx_word' id='word_1_462' title='bbox 2717 3861 2991 3934; x_wconf 86' lang='lat' dir='ltr'><strong>Epiph.et</strong></span> <span class='ocrx_word' id='word_1_463' title='bbox 3033 3859 3486 3928; x_wconf 88' lang='lat' dir='ltr'><strong>SiculosFastos,</strong></span> 
     </span>
    </p>
   </div>
   <div class='ocr_carea' id='block_1_81' title="bbox 1885 3953 2334 4010">
    <p class='ocr_par' dir='ltr' id='par_1_81' title="bbox 1885 3953 2334 4010">
     <span class='ocr_line' id='line_1_86' title="bbox 1885 3953 2334 4010; baseline -0.009 0"><span class='ocrx_word' id='word_1_464' title='bbox 1885 3953 2068 4010; x_wconf 88' lang='lat' dir='ltr'><strong>scribe</strong></span> <span class='ocrx_word' id='word_1_465' title='bbox 2100 3953 2334 4007; x_wconf 90' lang='lat' dir='ltr'><strong>Drusus.</strong></span> 
     </span>
    </p>
   </div>
   <div class='ocr_carea' id='block_1_82' title="bbox 1958 4037 3484 4112">
    <p class='ocr_par' dir='ltr' id='par_1_82' title="bbox 1958 4037 3484 4112">
     <span class='ocr_line' id='line_1_87' title="bbox 1958 4037 3484 4112; baseline -0.005 -14"><span class='ocrx_word' id='word_1_466' title='bbox 1958 4045 2234 4112; x_wconf 87' lang='lat' dir='ltr'><strong>Deinceps</strong></span> <span class='ocrx_word' id='word_1_467' title='bbox 2291 4057 2468 4112; x_wconf 92' lang='lat' dir='ltr'><strong>usque</strong></span> <span class='ocrx_word' id='word_1_468' title='bbox 2498 4041 2565 4096; x_wconf 88' lang='lat' dir='ltr'><strong>ad</strong></span> <span class='ocrx_word' id='word_1_469' title='bbox 2597 4056 2789 4096; x_wconf 83' lang='lat' dir='ltr'><strong>xxxvn</strong></span> <span class='ocrx_word' id='word_1_470' title='bbox 2814 4041 3161 4096; x_wconf 88' lang='lat' dir='ltr'><strong>consulatum</strong></span> <span class='ocrx_word' id='word_1_471' title='bbox 3207 4038 3358 4095; x_wconf 89' lang='lat' dir='ltr'><strong>Fasti</strong></span> <span class='ocrx_word' id='word_1_472' title='bbox 3393 4037 3484 4093; x_wconf 88' lang='lat' dir='ltr'><strong>Si-</strong></span> 
     </span>
    </p>
   </div>
   <div class='ocr_carea' id='block_1_83' title="bbox 1886 4129 3486 4203">
    <p class='ocr_par' dir='ltr' id='par_1_83' title="bbox 1886 4129 3486 4203">
     <span class='ocr_line' id='line_1_88' title="bbox 1886 4129 3486 4203; baseline -0.003 -11"><span class='ocrx_word' id='word_1_473' title='bbox 1886 4136 1993 4192; x_wconf 90' lang='lat' dir='ltr'><strong>culi</strong></span> <span class='ocrx_word' id='word_1_474' title='bbox 2023 4150 2133 4189; x_wconf 92' lang='lat' dir='ltr'><strong>uno</strong></span> <span class='ocrx_word' id='word_1_475' title='bbox 2175 4149 2322 4190; x_wconf 90' lang='lat' dir='ltr'><strong>anno</strong></span> <span class='ocrx_word' id='word_1_476' title='bbox 2355 4134 2626 4188; x_wconf 84' lang='lat' dir='ltr'><strong>tardiores</strong></span> <span class='ocrx_word' id='word_1_477' title='bbox 2687 4143 2818 4188; x_wconf 90' lang='lat' dir='ltr'><strong>sunt</strong></span> <span class='ocrx_word' id='word_1_478' title='bbox 2858 4149 3024 4203; x_wconf 88' lang='lat' dir='ltr'><strong>quam</strong></span> <span class='ocrx_word' id='word_1_479' title='bbox 3055 4129 3394 4202; x_wconf 81' lang='lat' dir='ltr'><strong>Epiphanius</strong></span> <span class='ocrx_word' id='word_1_480' title='bbox 3428 4140 3486 4188; x_wconf 88' lang='lat' dir='ltr'><strong>et</strong></span> 
     </span>
    </p>
   </div>
   <div class='ocr_carea' id='block_1_84' title="bbox 1885 4222 3488 4297">
    <p class='ocr_par' dir='ltr' id='par_1_84' title="bbox 1885 4222 3488 4297">
     <span class='ocr_line' id='line_1_89' title="bbox 1885 4222 3488 4297; baseline -0.002 -15"><span class='ocrx_word' id='word_1_481' title='bbox 1885 4225 2199 4297; x_wconf 89' lang='lat' dir='ltr'><strong>Capitolini.</strong></span> <span class='ocrx_word' id='word_1_482' title='bbox 2231 4223 2370 4280; x_wconf 88' lang='lat' dir='ltr'><strong>Puta</strong></span> <span class='ocrx_word' id='word_1_483' title='bbox 2392 4223 2636 4278; x_wconf 88' lang='lat' dir='ltr'><strong>Taurum</strong></span> <span class='ocrx_word' id='word_1_484' title='bbox 2665 4233 2719 4278; x_wconf 91' lang='lat' dir='ltr'><strong>et</strong></span> <span class='ocrx_word' id='word_1_485' title='bbox 2742 4223 3007 4279; x_wconf 88' lang='lat' dir='ltr'><strong>Libonem</strong></span> <span class='ocrx_word' id='word_1_486' title='bbox 3044 4224 3099 4277; x_wconf 91' lang='lat' dir='ltr'><strong>in</strong></span> <span class='ocrx_word' id='word_1_487' title='bbox 3126 4233 3316 4277; x_wconf 88' lang='lat' dir='ltr'><strong>nostra</strong></span> <span class='ocrx_word' id='word_1_488' title='bbox 3340 4222 3488 4279; x_wconf 74' lang='lat' dir='ltr'><strong>serie.</strong></span> 
     </span>
    </p>
   </div>
   <div class='ocr_carea' id='block_1_85' title="bbox 1886 4314 3482 4386">
    <p class='ocr_par' dir='ltr' id='par_1_85' title="bbox 1886 4314 3482 4386">
     <span class='ocr_line' id='line_1_90' title="bbox 1886 4314 3482 4386; baseline -0.004 -12"><span class='ocrx_word' id='word_1_489' title='bbox 1886 4335 2013 4374; x_wconf 72' lang='lat' dir='ltr'><strong>xxnv</strong></span> <span class='ocrx_word' id='word_1_490' title='bbox 2045 4317 2339 4383; x_wconf 89' lang='lat' dir='ltr'><strong>collocant,</strong></span> <span class='ocrx_word' id='word_1_491' title='bbox 2388 4331 2554 4386; x_wconf 90' lang='lat' dir='ltr'><strong>quem</strong></span> <span class='ocrx_word' id='word_1_492' title='bbox 2611 4316 2776 4370; x_wconf 90' lang='lat' dir='ltr'><strong>ambo</strong></span> <span class='ocrx_word' id='word_1_493' title='bbox 2806 4316 2898 4371; x_wconf 91' lang='lat' dir='ltr'><strong>isti</strong></span> <span class='ocrx_word' id='word_1_494' title='bbox 2936 4331 3095 4382; x_wconf 76' lang='lat' dir='ltr'><strong>xxiii,</strong></span> <span class='ocrx_word' id='word_1_495' title='bbox 3127 4323 3183 4369; x_wconf 91' lang='lat' dir='ltr'><strong>et</strong></span> <span class='ocrx_word' id='word_1_496' title='bbox 3210 4315 3287 4368; x_wconf 89' lang='lat' dir='ltr'><strong>ita</strong></span> <span class='ocrx_word' id='word_1_497' title='bbox 3321 4314 3482 4370; x_wconf 83' lang='lat' dir='ltr'><strong>dein-</strong></span> 
     </span>
    </p>
   </div>
   <div class='ocr_carea' id='block_1_86' title="bbox 1886 4408 3484 4483">
    <p class='ocr_par' dir='ltr' id='par_1_86' title="bbox 1886 4408 3484 4483">
     <span class='ocr_line' id='line_1_91' title="bbox 1886 4408 3484 4483; baseline -0.005 -13"><span class='ocrx_word' id='word_1_498' title='bbox 1886 4429 2036 4483; x_wconf 92' lang='lat' dir='ltr'><strong>ceps.</strong></span> <span class='ocrx_word' id='word_1_499' title='bbox 2079 4409 2250 4478; x_wconf 85' lang='lat' dir='ltr'><strong>Cujus</strong></span> <span class='ocrx_word' id='word_1_500' title='bbox 2283 4425 2347 4465; x_wconf 88' lang='lat' dir='ltr'><strong>ea</strong></span> <span class='ocrx_word' id='word_1_501' title='bbox 2400 4423 2567 4464; x_wconf 89' lang='lat' dir='ltr'><strong>causa</strong></span> <span class='ocrx_word' id='word_1_502' title='bbox 2614 4417 2721 4470; x_wconf 85' lang='lat' dir='ltr'><strong>est.</strong></span> <span class='ocrx_word' id='word_1_503' title='bbox 2774 4409 2918 4478; x_wconf 90' lang='lat' dir='ltr'><strong>quod</strong></span> <span class='ocrx_word' id='word_1_504' title='bbox 2954 4408 3294 4478; x_wconf 86' lang='lat' dir='ltr'><strong>Epiphanius</strong></span> <span class='ocrx_word' id='word_1_505' title='bbox 3351 4422 3484 4462; x_wconf 88' lang='lat' dir='ltr'><strong>cum</strong></span> 
     </span>
    </p>
   </div>
   <div class='ocr_carea' id='block_1_87' title="bbox 1886 4497 3487 4572">
    <p class='ocr_par' dir='ltr' id='par_1_87' title="bbox 1886 4497 3487 4572">
     <span class='ocr_line' id='line_1_92' title="bbox 1886 4497 3487 4572; baseline -0.004 -10"><span class='ocrx_word' id='word_1_506' title='bbox 1886 4504 2089 4563; x_wconf 75' lang='lat' dir='ltr'><strong>extrito</strong></span> <span class='ocrx_word' id='word_1_507' title='bbox 2148 4517 2258 4556; x_wconf 92' lang='lat' dir='ltr'><strong>uno</strong></span> <span class='ocrx_word' id='word_1_508' title='bbox 2305 4501 2597 4557; x_wconf 87' lang='lat' dir='ltr'><strong>consulum</strong></span> <span class='ocrx_word' id='word_1_509' title='bbox 2632 4499 2778 4572; x_wconf 85' lang='lat' dir='ltr'><strong>pari,</strong></span> <span class='ocrx_word' id='word_1_510' title='bbox 2830 4501 3090 4554; x_wconf 89' lang='lat' dir='ltr'><strong>nimirum</strong></span> <span class='ocrx_word' id='word_1_511' title='bbox 3127 4499 3256 4553; x_wconf 89' lang='lat' dir='ltr'><strong>anni</strong></span> <span class='ocrx_word' id='word_1_512' title='bbox 3313 4497 3487 4556; x_wconf 74' lang='lat' dir='ltr'><strong>Urbis</strong></span> 
     </span>
    </p>
   </div>
   <div class='ocr_carea' id='block_1_88' title="bbox 191 4573 3479 4668">
    <p class='ocr_par' dir='ltr' id='par_1_88' title="bbox 191 4573 3479 4668">
     <span class='ocr_line' id='line_1_93' title="bbox 191 4573 3479 4668; baseline 0.002 -26"><span class='ocrx_word' id='word_1_513' title='bbox 191 4587 556 4662; x_wconf 88' lang='lat' dir='ltr'><strong>Epiphanium</strong></span> <span class='ocrx_word' id='word_1_514' title='bbox 584 4594 813 4668; x_wconf 85' lang='lat' dir='ltr'><strong>Magnus</strong></span> <span class='ocrx_word' id='word_1_515' title='bbox 867 4595 1162 4666; x_wconf 86' lang='lat' dir='ltr'><strong>Pompeius</strong></span> <span class='ocrx_word' id='word_1_516' title='bbox 1195 4614 1318 4652; x_wconf 90' lang='lat' dir='ltr'><strong>cum</strong></span> <span class='ocrx_word' id='word_1_517' title='bbox 1362 4598 1581 4655; x_wconf 79' lang='lat' dir='ltr'><strong>Valerio</strong></span> <span class='ocrx_word' id='word_1_518' title='bbox 1616 4573 1776 4656; x_wconf 74' lang='lat' dir='ltr'><strong>com-</strong></span> <span class='ocrx_word' id='word_1_519' title='bbox 1812 4573 1856 4629; x_wconf 79' lang='grc' dir='ltr'>Β</span> <span class='ocrx_word' id='word_1_520' title='bbox 1886 4595 2010 4662; x_wconf 82' lang='grc'>765,</span> <span class='ocrx_word' id='word_1_521' title='bbox 2037 4594 2242 4649; x_wconf 90' lang='lat' dir='ltr'><strong>Tiberii</strong></span> <span class='ocrx_word' id='word_1_522' title='bbox 2278 4594 2420 4649; x_wconf 60' lang='lat' dir='ltr'><strong>Caes.</strong></span> <span class='ocrx_word' id='word_1_523' title='bbox 2471 4602 2527 4648; x_wconf 91' lang='lat' dir='ltr'><strong>et</strong></span> <span class='ocrx_word' id='word_1_524' title='bbox 2559 4591 2774 4648; x_wconf 90' lang='lat' dir='ltr'><strong>Fonteii</strong></span> <span class='ocrx_word' id='word_1_525' title='bbox 2833 4592 3140 4660; x_wconf 85' lang='lat' dir='ltr'><strong>Capitonis,</strong></span> <span class='ocrx_word' id='word_1_526' title='bbox 3180 4592 3479 4648; x_wconf 79' lang='lat' dir='ltr'><strong>Sextorum</strong></span> 
     </span>
    </p>
   </div>
   <div class='ocr_carea' id='block_1_89' title="bbox 190 4684 1776 4766">
    <p class='ocr_par' dir='ltr' id='par_1_89' title="bbox 190 4684 1776 4766">
     <span class='ocr_line' id='line_1_94' title="bbox 190 4684 1776 4766; baseline 0.008 -31"><span class='ocrx_word' id='word_1_527' title='bbox 190 4684 422 4766; x_wconf 77' lang='lat' dir='ltr'><strong>ponitur.</strong></span> <span class='ocrx_word' id='word_1_528' title='bbox 470 4685 602 4741; x_wconf 87' lang='lat' dir='ltr'><strong>Fuit</strong></span> <span class='ocrx_word' id='word_1_529' title='bbox 637 4688 782 4743; x_wconf 91' lang='lat' dir='ltr'><strong>enim</strong></span> <span class='ocrx_word' id='word_1_530' title='bbox 836 4688 882 4743; x_wconf 91' lang='lat' dir='ltr'><strong>is</strong></span> <span class='ocrx_word' id='word_1_531' title='bbox 925 4687 1102 4744; x_wconf 88' lang='lat' dir='ltr'><strong>Cinna</strong></span> <span class='ocrx_word' id='word_1_532' title='bbox 1147 4689 1400 4761; x_wconf 81' lang='lat' dir='ltr'><strong>Magnus,</strong></span> <span class='ocrx_word' id='word_1_533' title='bbox 1453 4708 1560 4748; x_wconf 94' lang='lat' dir='ltr'><strong>non</strong></span> <span class='ocrx_word' id='word_1_534' title='bbox 1609 4691 1776 4748; x_wconf 88' lang='lat' dir='ltr'><strong>Pom-</strong></span> 
     </span>
    </p>
   </div>
   <div class='ocr_carea' id='block_1_90' title="bbox 187 4787 363 4844">
    <p class='ocr_par' dir='ltr' id='par_1_90' title="bbox 187 4787 363 4844">
     <span class='ocr_line' id='line_1_95' title="bbox 187 4787 363 4844; baseline 0.028 -16"><span class='ocrx_word' id='word_1_535' title='bbox 187 4787 363 4844; x_wconf 83' lang='lat' dir='ltr'><strong>peius.</strong></span> 
     </span>
    </p>
   </div>
   <div class='ocr_carea' id='block_1_91' title="bbox 256 4864 1785 4942">
    <p class='ocr_par' dir='ltr' id='par_1_91' title="bbox 256 4864 1785 4942">
     <span class='ocr_line' id='line_1_96' title="bbox 256 4864 1785 4942; baseline 0.009 -24"><span class='ocrx_word' id='word_1_536' title='bbox 256 4864 314 4921; x_wconf 91' lang='lat' dir='ltr'><strong>In</strong></span> <span class='ocrx_word' id='word_1_537' title='bbox 342 4885 419 4925; x_wconf 86' lang='lat' dir='ltr'><strong>xu</strong></span> <span class='ocrx_word' id='word_1_538' title='bbox 463 4870 658 4925; x_wconf 88' lang='lat' dir='ltr'><strong>vitium</strong></span> <span class='ocrx_word' id='word_1_539' title='bbox 687 4871 909 4940; x_wconf 88' lang='lat' dir='ltr'><strong>irrepsit</strong></span> <span class='ocrx_word' id='word_1_540' title='bbox 934 4873 1132 4942; x_wconf 87' lang='lat' dir='ltr'><strong>partim</strong></span> <span class='ocrx_word' id='word_1_541' title='bbox 1164 4889 1232 4928; x_wconf 85' lang='lat' dir='ltr'><strong>ex</strong></span> <span class='ocrx_word' id='word_1_542' title='bbox 1264 4875 1496 4930; x_wconf 72' lang='lat' dir='ltr'><strong>suffecto</strong></span> <span class='ocrx_word' id='word_1_543' title='bbox 1523 4891 1640 4932; x_wconf 85' lang='lat' dir='ltr'><strong>cos.</strong></span> <span class='ocrx_word' id='word_1_544' title='bbox 1680 4877 1785 4931; x_wconf 88' lang='lat' dir='ltr'><strong>At-</strong></span> 
     </span>
    </p>
   </div>
   <div class='ocr_carea' id='block_1_92' title="bbox 191 4955 1780 5031">
    <p class='ocr_par' dir='ltr' id='par_1_92' title="bbox 191 4955 1780 5031">
     <span class='ocr_line' id='line_1_97' title="bbox 191 4955 1780 5031; baseline 0.009 -24"><span class='ocrx_word' id='word_1_545' title='bbox 191 4955 294 5010; x_wconf 88' lang='lat' dir='ltr'><strong>teio</strong></span> <span class='ocrx_word' id='word_1_546' title='bbox 323 4958 613 5029; x_wconf 89' lang='lat' dir='ltr'><strong>Capitone,</strong></span> <span class='ocrx_word' id='word_1_547' title='bbox 652 4962 849 5031; x_wconf 90' lang='lat' dir='ltr'><strong>partim</strong></span> <span class='ocrx_word' id='word_1_548' title='bbox 881 4978 948 5017; x_wconf 85' lang='lat' dir='ltr'><strong>ex</strong></span> <span class='ocrx_word' id='word_1_549' title='bbox 973 4964 1266 5018; x_wconf 87' lang='lat' dir='ltr'><strong>consulatu</strong></span> <span class='ocrx_word' id='word_1_550' title='bbox 1307 4981 1421 5019; x_wconf 79' lang='lat' dir='ltr'><strong>xix.</strong></span> <span class='ocrx_word' id='word_1_551' title='bbox 1459 4966 1598 5020; x_wconf 91' lang='lat' dir='ltr'><strong>Cum</strong></span> <span class='ocrx_word' id='word_1_552' title='bbox 1633 4968 1780 5022; x_wconf 93' lang='lat' dir='ltr'><strong>enim</strong></span> 
     </span>
    </p>
   </div>
   <div class='ocr_carea' id='block_1_93' title="bbox 191 5049 1784 5114">
    <p class='ocr_par' dir='ltr' id='par_1_93' title="bbox 191 5049 1784 5114">
     <span class='ocr_line' id='line_1_98' title="bbox 191 5049 1784 5114; baseline 0.009 -16"><span class='ocrx_word' id='word_1_553' title='bbox 191 5061 332 5104; x_wconf 90' lang='lat' dir='ltr'><strong>anno</strong></span> <span class='ocrx_word' id='word_1_554' title='bbox 359 5049 525 5106; x_wconf 89' lang='lat' dir='ltr'><strong>Urbis</strong></span> <span class='ocrx_word' id='word_1_555' title='bbox 555 5051 660 5108; x_wconf 89' lang='lat'><strong>767</strong></span> <span class='ocrx_word' id='word_1_556' title='bbox 683 5068 828 5109; x_wconf 91' lang='lat' dir='ltr'><strong>coss.</strong></span> <span class='ocrx_word' id='word_1_557' title='bbox 850 5053 1057 5109; x_wconf 90' lang='lat' dir='ltr'><strong>fuerint</strong></span> <span class='ocrx_word' id='word_1_558' title='bbox 1098 5054 1354 5112; x_wconf 88' lang='lat' dir='ltr'><strong>Tiberius</strong></span> <span class='ocrx_word' id='word_1_559' title='bbox 1402 5054 1445 5110; x_wconf 93' lang='lat' dir='ltr'><strong>II</strong></span> <span class='ocrx_word' id='word_1_560' title='bbox 1472 5067 1526 5112; x_wconf 91' lang='lat' dir='ltr'><strong>et</strong></span> <span class='ocrx_word' id='word_1_561' title='bbox 1552 5057 1784 5114; x_wconf 78' lang='lat' dir='ltr'><strong>C.&#39;Fon-</strong></span> 
     </span>
    </p>
   </div>
   <div class='ocr_carea' id='block_1_94' title="bbox 190 5139 1774 5221">
    <p class='ocr_par' dir='ltr' id='par_1_94' title="bbox 190 5139 1774 5221">
     <span class='ocr_line' id='line_1_99' title="bbox 190 5139 1774 5221; baseline 0.01 -29"><span class='ocrx_word' id='word_1_562' title='bbox 190 5139 328 5196; x_wconf 90' lang='lat' dir='ltr'><strong>teius</strong></span> <span class='ocrx_word' id='word_1_563' title='bbox 360 5140 588 5212; x_wconf 90' lang='lat' dir='ltr'><strong>Capito;</strong></span> <span class='ocrx_word' id='word_1_564' title='bbox 612 5161 759 5201; x_wconf 91' lang='lat' dir='ltr'><strong>anno</strong></span> <span class='ocrx_word' id='word_1_565' title='bbox 787 5161 919 5201; x_wconf 91' lang='lat' dir='ltr'><strong>vero</strong></span> <span class='ocrx_word' id='word_1_566' title='bbox 947 5145 1049 5202; x_wconf 83' lang='lat'><strong>759</strong></span> <span class='ocrx_word' id='word_1_567' title='bbox 1071 5147 1333 5205; x_wconf 83' lang='lat' dir='ltr'><strong>sullectus</strong></span> <span class='ocrx_word' id='word_1_568' title='bbox 1363 5148 1526 5204; x_wconf 91' lang='lat' dir='ltr'><strong>fuerit</strong></span> <span class='ocrx_word' id='word_1_569' title='bbox 1544 5149 1774 5221; x_wconf 91' lang='lat' dir='ltr'><strong>Capito:</strong></span> 
     </span>
    </p>
   </div>
   <div class='ocr_carea' id='block_1_95' title="bbox 189 5231 1780 5312">
    <p class='ocr_par' dir='ltr' id='par_1_95' title="bbox 189 5231 1780 5312">
     <span class='ocr_line' id='line_1_100' title="bbox 189 5231 1780 5312; baseline 0.009 -29"><span class='ocrx_word' id='word_1_570' title='bbox 189 5231 283 5299; x_wconf 89' lang='lat' dir='ltr'><strong>qui</strong></span> <span class='ocrx_word' id='word_1_571' title='bbox 337 5232 541 5292; x_wconf 87' lang='lat' dir='ltr'><strong>Fastos</strong></span> <span class='ocrx_word' id='word_1_572' title='bbox 589 5235 812 5294; x_wconf 70' lang='lat' dir='ltr'><strong>Graecos</strong></span> <span class='ocrx_word' id='word_1_573' title='bbox 856 5239 1240 5307; x_wconf 88' lang='lat' dir='ltr'><strong>condiderunt,</strong></span> <span class='ocrx_word' id='word_1_574' title='bbox 1287 5241 1612 5311; x_wconf 87' lang='lat' dir='ltr'><strong>Capitonem</strong></span> <span class='ocrx_word' id='word_1_575' title='bbox 1678 5258 1780 5312; x_wconf 87' lang='lat' dir='ltr'><strong>pro</strong></span> 
     </span>
    </p>
   </div>
   <div class='ocr_carea' id='block_1_96' title="bbox 192 5323 1772 5402">
    <p class='ocr_par' dir='ltr' id='par_1_96' title="bbox 192 5323 1772 5402">
     <span class='ocr_line' id='line_1_101' title="bbox 192 5323 1772 5402; baseline 0.007 -27"><span class='ocrx_word' id='word_1_576' title='bbox 192 5323 472 5382; x_wconf 89' lang='lat' dir='ltr'><strong>ordinario</strong></span> <span class='ocrx_word' id='word_1_577' title='bbox 507 5337 863 5385; x_wconf 91' lang='lat' dir='ltr'><strong>numerantes</strong></span> <span class='ocrx_word' id='word_1_578' title='bbox 881 5345 1006 5384; x_wconf 89' lang='lat' dir='ltr'><strong>cum</strong></span> <span class='ocrx_word' id='word_1_579' title='bbox 1039 5329 1162 5384; x_wconf 90' lang='lat' dir='ltr'><strong>Tib.</strong></span> <span class='ocrx_word' id='word_1_580' title='bbox 1194 5329 1413 5385; x_wconf 61' lang='lat' dir='ltr'><strong>Caesare</strong></span> <span class='ocrx_word' id='word_1_581' title='bbox 1431 5332 1772 5402; x_wconf 83' lang='lat' dir='ltr'><strong>copularunt.</strong></span> 
     </span>
    </p>
   </div>
   <div class='ocr_carea' id='block_1_97' title="bbox 258 5416 1783 5479">
    <p class='ocr_par' dir='ltr' id='par_1_97' title="bbox 258 5416 1783 5479">
     <span class='ocr_line' id='line_1_102' title="bbox 258 5416 1783 5479; baseline 0.005 -9"><span class='ocrx_word' id='word_1_582' title='bbox 258 5416 315 5471; x_wconf 92' lang='lat' dir='ltr'><strong>In</strong></span> <span class='ocrx_word' id='word_1_583' title='bbox 367 5435 463 5473; x_wconf 78' lang='lat' dir='ltr'><strong>xtx</strong></span> <span class='ocrx_word' id='word_1_584' title='bbox 521 5423 808 5478; x_wconf 84' lang='lat' dir='ltr'><strong>consulatu</strong></span> <span class='ocrx_word' id='word_1_585' title='bbox 861 5422 1011 5479; x_wconf 86' lang='lat' dir='ltr'><strong>Fasti</strong></span> <span class='ocrx_word' id='word_1_586' title='bbox 1061 5422 1231 5476; x_wconf 91' lang='lat' dir='ltr'><strong>Siculi</strong></span> <span class='ocrx_word' id='word_1_587' title='bbox 1266 5423 1546 5478; x_wconf 89' lang='lat' dir='ltr'><strong>Tiberium</strong></span> <span class='ocrx_word' id='word_1_588' title='bbox 1603 5424 1783 5479; x_wconf 65' lang='lat' dir='ltr'><strong>Cresa-</strong></span> 
     </span>
    </p>
   </div>
   <div class='ocr_carea' id='block_1_98' title="bbox 191 5507 1777 5584">
    <p class='ocr_par' dir='ltr' id='par_1_98' title="bbox 191 5507 1777 5584">
     <span class='ocr_line' id='line_1_103' title="bbox 191 5507 1777 5584; baseline 0.009 -28"><span class='ocrx_word' id='word_1_589' title='bbox 191 5519 307 5558; x_wconf 88' lang='lat' dir='ltr'><strong>rem</strong></span> <span class='ocrx_word' id='word_1_590' title='bbox 356 5507 401 5560; x_wconf 89' lang='lat' dir='ltr'><strong>II</strong></span> <span class='ocrx_word' id='word_1_591' title='bbox 457 5520 516 5565; x_wconf 92' lang='lat' dir='ltr'><strong>et</strong></span> <span class='ocrx_word' id='word_1_592' title='bbox 590 5511 902 5582; x_wconf 87' lang='lat' dir='ltr'><strong>Scipionem</strong></span> <span class='ocrx_word' id='word_1_593' title='bbox 959 5513 1364 5569; x_wconf 88' lang='lat' dir='ltr'><strong>committunt:</strong></span> <span class='ocrx_word' id='word_1_594' title='bbox 1437 5514 1777 5584; x_wconf 83' lang='lat' dir='ltr'><strong>Epiphanius</strong></span> 
     </span>
    </p>
   </div>
   <div class='ocr_carea' id='block_1_99' title="bbox 191 5593 1784 5672">
    <p class='ocr_par' dir='ltr' id='par_1_99' title="bbox 191 5593 1784 5672">
     <span class='ocr_line' id='line_1_104' title="bbox 191 5593 1784 5672; baseline 0.008 -24"><span class='ocrx_word' id='word_1_595' title='bbox 191 5593 448 5653; x_wconf 87' lang='lat' dir='ltr'><strong>Flaccum</strong></span> <span class='ocrx_word' id='word_1_596' title='bbox 491 5611 548 5654; x_wconf 90' lang='lat' dir='ltr'><strong>et</strong></span> <span class='ocrx_word' id='word_1_597' title='bbox 598 5603 866 5668; x_wconf 89' lang='lat' dir='ltr'><strong>Silanum,</strong></span> <span class='ocrx_word' id='word_1_598' title='bbox 927 5604 1018 5672; x_wconf 89' lang='lat' dir='ltr'><strong>qui</strong></span> <span class='ocrx_word' id='word_1_599' title='bbox 1067 5617 1187 5657; x_wconf 87' lang='lat' dir='ltr'><strong>esse</strong></span> <span class='ocrx_word' id='word_1_600' title='bbox 1233 5605 1422 5658; x_wconf 89' lang='lat' dir='ltr'><strong>debuit</strong></span> <span class='ocrx_word' id='word_1_601' title='bbox 1457 5605 1784 5660; x_wconf 83' lang='lat' dir='ltr'><strong>consulatus</strong></span> 
     </span>
    </p>
   </div>
   <div class='ocr_carea' id='block_1_100' title="bbox 193 5691 1774 5764">
    <p class='ocr_par' dir='ltr' id='par_1_100' title="bbox 193 5691 1774 5764">
     <span class='ocr_line' id='line_1_105' title="bbox 193 5691 1774 5764; baseline 0.005 -22"><span class='ocrx_word' id='word_1_602' title='bbox 193 5699 341 5749; x_wconf 71' lang='lat' dir='ltr'><strong>XxVI.</strong></span> <span class='ocrx_word' id='word_1_603' title='bbox 379 5706 529 5746; x_wconf 87' lang='lat' dir='ltr'><strong>anno</strong></span> <span class='ocrx_word' id='word_1_604' title='bbox 565 5691 728 5750; x_wconf 89' lang='lat' dir='ltr'><strong>Urbis</strong></span> <span class='ocrx_word' id='word_1_605' title='bbox 756 5695 878 5750; x_wconf 69' lang='lat'><strong>772..</strong></span> <span class='ocrx_word' id='word_1_606' title='bbox 907 5693 1050 5748; x_wconf 88' lang='lat' dir='ltr'><strong>Idem</strong></span> <span class='ocrx_word' id='word_1_607' title='bbox 1087 5693 1427 5764; x_wconf 82' lang='lat' dir='ltr'><strong>Epiphanius</strong></span> <span class='ocrx_word' id='word_1_608' title='bbox 1482 5695 1774 5753; x_wconf 76' lang='lat' dir='ltr'><strong>Sextorum</strong></span> 
     </span>
    </p>
   </div>
   <div class='ocr_carea' id='block_1_101' title="bbox 195 5780 1780 5858">
    <p class='ocr_par' dir='ltr' id='par_1_101' title="bbox 195 5780 1780 5858">
     <span class='ocr_line' id='line_1_106' title="bbox 195 5780 1780 5858; baseline 0.006 -24"><span class='ocrx_word' id='word_1_609' title='bbox 195 5780 435 5841; x_wconf 77' lang='lat' dir='ltr'><strong>duorum</strong></span> <span class='ocrx_word' id='word_1_610' title='bbox 490 5783 779 5855; x_wconf 75' lang='lat' dir='ltr'><strong>collegium</strong></span> <span class='ocrx_word' id='word_1_611' title='bbox 814 5795 1186 5850; x_wconf 81' lang='lat' dir='ltr'><strong>antevertens,</strong></span> <span class='ocrx_word' id='word_1_612' title='bbox 1241 5798 1511 5858; x_wconf 74' lang='lat' dir='ltr'><strong>expuncto</strong></span> <span class='ocrx_word' id='word_1_613' title='bbox 1568 5787 1685 5844; x_wconf 86' lang='lat' dir='ltr'><strong>Silii</strong></span> <span class='ocrx_word' id='word_1_614' title='bbox 1726 5797 1780 5843; x_wconf 85' lang='lat' dir='ltr'><strong>et</strong></span> 
     </span>
    </p>
   </div>
   <div class='ocr_carea' id='block_1_102' title="bbox 1886 4683 3479 4754">
    <p class='ocr_par' dir='ltr' id='par_1_102' title="bbox 1886 4683 3479 4754">
     <span class='ocr_line' id='line_1_107' title="bbox 1886 4683 3479 4754; baseline -0.004 -10"><span class='ocrx_word' id='word_1_615' title='bbox 1886 4690 2120 4744; x_wconf 92' lang='lat' dir='ltr'><strong>duorum</strong></span> <span class='ocrx_word' id='word_1_616' title='bbox 2162 4687 2511 4742; x_wconf 89' lang='lat' dir='ltr'><strong>consulatum</strong></span> <span class='ocrx_word' id='word_1_617' title='bbox 2547 4686 2930 4754; x_wconf 89' lang='lat' dir='ltr'><strong>anticipasset,</strong></span> <span class='ocrx_word' id='word_1_618' title='bbox 2975 4699 3121 4738; x_wconf 86' lang='lat' dir='ltr'><strong>anno</strong></span> <span class='ocrx_word' id='word_1_619' title='bbox 3159 4683 3324 4740; x_wconf 88' lang='lat' dir='ltr'><strong>Urbis</strong></span> <span class='ocrx_word' id='word_1_620' title='bbox 3351 4685 3479 4750; x_wconf 68' lang='lat'><strong>766,</strong></span> 
     </span>
    </p>
   </div>
   <div class='ocr_carea' id='block_1_103' title="bbox 1888 4773 3477 4848">
    <p class='ocr_par' dir='ltr' id='par_1_103' title="bbox 1888 4773 3477 4848">
     <span class='ocr_line' id='line_1_108' title="bbox 1888 4773 3477 4848; baseline -0.004 -16"><span class='ocrx_word' id='word_1_621' title='bbox 1888 4777 1984 4848; x_wconf 89' lang='lat' dir='ltr'><strong>qui</strong></span> <span class='ocrx_word' id='word_1_622' title='bbox 2018 4776 2264 4846; x_wconf 88' lang='lat' dir='ltr'><strong>sequenti</strong></span> <span class='ocrx_word' id='word_1_623' title='bbox 2291 4775 2666 4845; x_wconf 86' lang='lat' dir='ltr'><strong>competebat.</strong></span> <span class='ocrx_word' id='word_1_624' title='bbox 2699 4775 2829 4829; x_wconf 91' lang='lat' dir='ltr'><strong>huic</strong></span> <span class='ocrx_word' id='word_1_625' title='bbox 2859 4774 2960 4844; x_wconf 91' lang='lat' dir='ltr'><strong>ipsi</strong></span> <span class='ocrx_word' id='word_1_626' title='bbox 2985 4774 3091 4828; x_wconf 86' lang='lat'><strong>767</strong></span> <span class='ocrx_word' id='word_1_627' title='bbox 3122 4773 3477 4843; x_wconf 73' lang='lat' dir='ltr'><strong>Pompeium,</strong></span> 
     </span>
    </p>
   </div>
   <div class='ocr_carea' id='block_1_104' title="bbox 1887 4867 3481 4939">
    <p class='ocr_par' dir='ltr' id='par_1_104' title="bbox 1887 4867 3481 4939">
     <span class='ocr_line' id='line_1_109' title="bbox 1887 4867 3481 4939; baseline 0 -14"><span class='ocrx_word' id='word_1_628' title='bbox 1887 4881 1944 4925; x_wconf 89' lang='lat' dir='ltr'><strong>et</strong></span> <span class='ocrx_word' id='word_1_629' title='bbox 1987 4871 2276 4939; x_wconf 85' lang='lat' dir='ltr'><strong>Apuleium</strong></span> <span class='ocrx_word' id='word_1_630' title='bbox 2333 4870 2746 4935; x_wconf 84' lang='lat' dir='ltr'><strong>accommodat,</strong></span> <span class='ocrx_word' id='word_1_631' title='bbox 2795 4867 2890 4938; x_wconf 78' lang='lat' dir='ltr'><strong>qni</strong></span> <span class='ocrx_word' id='word_1_632' title='bbox 2943 4867 3105 4920; x_wconf 86' lang='lat' dir='ltr'><strong>iidem</strong></span> <span class='ocrx_word' id='word_1_633' title='bbox 3166 4876 3296 4922; x_wconf 80' lang='lat' dir='ltr'><strong>sunt</strong></span> <span class='ocrx_word' id='word_1_634' title='bbox 3348 4882 3481 4925; x_wconf 88' lang='lat' dir='ltr'><strong>cum</strong></span> 
     </span>
    </p>
   </div>
   <div class='ocr_carea' id='block_1_105' title="bbox 1889 4957 3482 5030">
    <p class='ocr_par' dir='ltr' id='par_1_105' title="bbox 1889 4957 3482 5030">
     <span class='ocr_line' id='line_1_110' title="bbox 1889 4957 3482 5030; baseline -0.001 -14"><span class='ocrx_word' id='word_1_635' title='bbox 1889 4961 2070 5017; x_wconf 81' lang='lat' dir='ltr'><strong>Sextis</strong></span> <span class='ocrx_word' id='word_1_636' title='bbox 2094 4961 2334 5017; x_wconf 90' lang='lat' dir='ltr'><strong>duobus.</strong></span> <span class='ocrx_word' id='word_1_637' title='bbox 2389 4961 2467 5015; x_wconf 90' lang='lat' dir='ltr'><strong>Ita</strong></span> <span class='ocrx_word' id='word_1_638' title='bbox 2499 4975 2624 5014; x_wconf 89' lang='lat' dir='ltr'><strong>cum</strong></span> <span class='ocrx_word' id='word_1_639' title='bbox 2655 4957 2986 5027; x_wconf 85' lang='lat' dir='ltr'><strong>Capitolinis</strong></span> <span class='ocrx_word' id='word_1_640' title='bbox 3039 4957 3093 5011; x_wconf 94' lang='lat' dir='ltr'><strong>in</strong></span> <span class='ocrx_word' id='word_1_641' title='bbox 3127 4960 3358 5030; x_wconf 79' lang='lat' dir='ltr'><strong>gratiam</strong></span> <span class='ocrx_word' id='word_1_642' title='bbox 3388 4974 3482 5015; x_wconf 55' lang='lat' dir='ltr'><strong>rea</strong></span> 
     </span>
    </p>
   </div>
   <div class='ocr_carea' id='block_1_106' title="bbox 1899 5052 3478 5123">
    <p class='ocr_par' dir='ltr' id='par_1_106' title="bbox 1899 5052 3478 5123">
     <span class='ocr_line' id='line_1_111' title="bbox 1899 5052 3478 5123; baseline -0.001 -13"><span class='ocrx_word' id='word_1_643' title='bbox 1899 5055 2019 5110; x_wconf 88' lang='lat' dir='ltr'><strong>diit.</strong></span> <span class='ocrx_word' id='word_1_644' title='bbox 2045 5057 2116 5110; x_wconf 90' lang='lat' dir='ltr'><strong>At</strong></span> <span class='ocrx_word' id='word_1_645' title='bbox 2140 5055 2311 5110; x_wconf 78' lang='lat' dir='ltr'><strong>Siculi</strong></span> <span class='ocrx_word' id='word_1_646' title='bbox 2345 5055 2474 5123; x_wconf 86' lang='lat' dir='ltr'><strong>quia</strong></span> <span class='ocrx_word' id='word_1_647' title='bbox 2496 5069 2641 5108; x_wconf 89' lang='lat' dir='ltr'><strong>coss.</strong></span> <span class='ocrx_word' id='word_1_648' title='bbox 2667 5053 2795 5106; x_wconf 90' lang='lat' dir='ltr'><strong>anni</strong></span> <span class='ocrx_word' id='word_1_649' title='bbox 2841 5052 2945 5106; x_wconf 86' lang='grc'><strong>765</strong></span> <span class='ocrx_word' id='word_1_650' title='bbox 2972 5068 3083 5106; x_wconf 89' lang='lat' dir='ltr'><strong>non</strong></span> <span class='ocrx_word' id='word_1_651' title='bbox 3116 5053 3398 5120; x_wconf 88' lang='lat' dir='ltr'><strong>omittunt,</strong></span> <span class='ocrx_word' id='word_1_652' title='bbox 3423 5064 3478 5109; x_wconf 91' lang='lat' dir='ltr'><strong>et</strong></span> 
     </span>
    </p>
   </div>
   <div class='ocr_carea' id='block_1_107' title="bbox 1884 5143 3487 5218">
    <p class='ocr_par' dir='ltr' id='par_1_107' title="bbox 1884 5143 3487 5218">
     <span class='ocr_line' id='line_1_112' title="bbox 1884 5143 3487 5218; baseline 0.001 -16"><span class='ocrx_word' id='word_1_653' title='bbox 1884 5162 1950 5202; x_wconf 88' lang='lat' dir='ltr'><strong>ex</strong></span> <span class='ocrx_word' id='word_1_654' title='bbox 1977 5166 2086 5204; x_wconf 90' lang='lat' dir='ltr'><strong>uno</strong></span> <span class='ocrx_word' id='word_1_655' title='bbox 2114 5149 2344 5218; x_wconf 80' lang='lat' dir='ltr'><strong>collegio</strong></span> <span class='ocrx_word' id='word_1_656' title='bbox 2372 5147 2501 5201; x_wconf 91' lang='lat' dir='ltr'><strong>anni</strong></span> <span class='ocrx_word' id='word_1_657' title='bbox 2529 5147 2633 5200; x_wconf 87' lang='lat'><strong>767</strong></span> <span class='ocrx_word' id='word_1_658' title='bbox 2659 5146 2768 5200; x_wconf 92' lang='lat' dir='ltr'><strong>duo</strong></span> <span class='ocrx_word' id='word_1_659' title='bbox 2798 5143 3034 5212; x_wconf 85' lang='lat' dir='ltr'><strong>faciunt;</strong></span> <span class='ocrx_word' id='word_1_660' title='bbox 3067 5161 3487 5216; x_wconf 74' lang='lat' dir='ltr'><strong>supervacaneo</strong></span> 
     </span>
    </p>
   </div>
   <div class='ocr_carea' id='block_1_108' title="bbox 1888 5236 3473 5310">
    <p class='ocr_par' dir='ltr' id='par_1_108' title="bbox 1888 5236 3473 5310">
     <span class='ocr_line' id='line_1_113' title="bbox 1888 5236 3473 5310; baseline -0.003 -16"><span class='ocrx_word' id='word_1_661' title='bbox 1888 5242 1983 5297; x_wconf 91' lang='lat' dir='ltr'><strong>illo</strong></span> <span class='ocrx_word' id='word_1_662' title='bbox 2015 5241 2258 5310; x_wconf 86' lang='lat' dir='ltr'><strong>Pompeii</strong></span> <span class='ocrx_word' id='word_1_663' title='bbox 2291 5249 2348 5294; x_wconf 90' lang='lat' dir='ltr'><strong>et</strong></span> <span class='ocrx_word' id='word_1_664' title='bbox 2409 5238 2622 5308; x_wconf 89' lang='lat' dir='ltr'><strong>Apuleii</strong></span> <span class='ocrx_word' id='word_1_665' title='bbox 2669 5236 2995 5308; x_wconf 86' lang='lat' dir='ltr'><strong>interposito</strong></span> <span class='ocrx_word' id='word_1_666' title='bbox 3042 5239 3327 5293; x_wconf 88' lang='lat' dir='ltr'><strong>consulatu</strong></span> <span class='ocrx_word' id='word_1_667' title='bbox 3367 5246 3473 5291; x_wconf 62' lang='lat' dir='ltr'><strong>tar~</strong></span> 
     </span>
    </p>
   </div>
   <div class='ocr_carea' id='block_1_109' title="bbox 1885 5331 2647 5400">
    <p class='ocr_par' dir='ltr' id='par_1_109' title="bbox 1885 5331 2647 5400">
     <span class='ocr_line' id='line_1_114' title="bbox 1885 5331 2647 5400; baseline -0.008 -12"><span class='ocrx_word' id='word_1_668' title='bbox 1885 5333 2068 5389; x_wconf 89' lang='lat' dir='ltr'><strong>diores</strong></span> <span class='ocrx_word' id='word_1_669' title='bbox 2093 5333 2353 5387; x_wconf 78' lang='lat' dir='ltr'><strong>exhibent</strong></span> <span class='ocrx_word' id='word_1_670' title='bbox 2386 5331 2647 5400; x_wconf 89' lang='lat' dir='ltr'><strong>reliquos.</strong></span> 
     </span>
    </p>
   </div>
   <div class='ocr_carea' id='block_1_110' title="bbox 1959 5417 3500 5493">
    <p class='ocr_par' dir='ltr' id='par_1_110' title="bbox 1959 5417 3500 5493">
     <span class='ocr_line' id='line_1_115' title="bbox 1959 5417 3500 5493; baseline -0.006 -14"><span class='ocrx_word' id='word_1_671' title='bbox 1959 5425 2017 5479; x_wconf 92' lang='lat' dir='ltr'><strong>In</strong></span> <span class='ocrx_word' id='word_1_672' title='bbox 2044 5440 2170 5478; x_wconf 80' lang='lat' dir='ltr'><strong>xxiv</strong></span> <span class='ocrx_word' id='word_1_673' title='bbox 2218 5422 2360 5493; x_wconf 82' lang='lat' dir='ltr'><strong>apud</strong></span> <span class='ocrx_word' id='word_1_674' title='bbox 2419 5421 2616 5492; x_wconf 81' lang='lat' dir='ltr'><strong>Epiph.</strong></span> <span class='ocrx_word' id='word_1_675' title='bbox 2653 5419 2808 5477; x_wconf 80' lang='lat' dir='ltr'><strong>ct-in</strong></span> <span class='ocrx_word' id='word_1_676' title='bbox 2863 5420 3040 5475; x_wconf 91' lang='lat' dir='ltr'><strong>Fastis</strong></span> <span class='ocrx_word' id='word_1_677' title='bbox 3080 5435 3179 5489; x_wconf 86' lang='lat' dir='ltr'><strong>pro</strong></span> <span class='ocrx_word' id='word_1_678' title='bbox 3237 5417 3500 5486; x_wconf 70' lang='lat' dir='ltr'><strong>Crassus,</strong></span> 
     </span>
    </p>
   </div>
   <div class='ocr_carea' id='block_1_111' title="bbox 1887 5510 3039 5582">
    <p class='ocr_par' dir='ltr' id='par_1_111' title="bbox 1887 5510 3039 5582">
     <span class='ocr_line' id='line_1_116' title="bbox 1887 5510 3039 5582; baseline -0.007 -12"><span class='ocrx_word' id='word_1_679' title='bbox 1887 5513 2117 5570; x_wconf 86' lang='lat' dir='ltr'><strong>Flaccus</strong></span> <span class='ocrx_word' id='word_1_680' title='bbox 2157 5513 2242 5582; x_wconf 89' lang='lat' dir='ltr'><strong>leg</strong></span> <span class='ocrx_word' id='word_1_681' title='bbox 2273 5512 2401 5580; x_wconf 85' lang='lat' dir='ltr'><strong>,nisi</strong></span> <span class='ocrx_word' id='word_1_682' title='bbox 2435 5512 2508 5565; x_wconf 90' lang='lat' dir='ltr'><strong>sit</strong></span> <span class='ocrx_word' id='word_1_683' title='bbox 2536 5510 2800 5566; x_wconf 81' lang='lat' dir='ltr'><strong>suffectus</strong></span> <span class='ocrx_word' id='word_1_684' title='bbox 2822 5510 3039 5578; x_wconf 80' lang='lat' dir='ltr'><strong>aliquis.</strong></span> 
     </span>
    </p>
   </div>
   <div class='ocr_carea' id='block_1_112' title="bbox 1960 5595 3340 5667">
    <p class='ocr_par' dir='ltr' id='par_1_112' title="bbox 1960 5595 3340 5667">
     <span class='ocr_line' id='line_1_117' title="bbox 1960 5595 3340 5667; baseline -0.006 -8"><span class='ocrx_word' id='word_1_685' title='bbox 1960 5620 2067 5659; x_wconf 79' lang='lat' dir='ltr'><strong>xxv</strong></span> <span class='ocrx_word' id='word_1_686' title='bbox 2098 5603 2380 5658; x_wconf 90' lang='lat' dir='ltr'><strong>Tiberium</strong></span> <span class='ocrx_word' id='word_1_687' title='bbox 2422 5618 2539 5658; x_wconf 89' lang='lat' dir='ltr'><strong>cos.</strong></span> <span class='ocrx_word' id='word_1_688' title='bbox 2591 5602 2890 5658; x_wconf 88' lang='lat' dir='ltr'><strong>secundum</strong></span> <span class='ocrx_word' id='word_1_689' title='bbox 2927 5600 3090 5655; x_wconf 87' lang='lat' dir='ltr'><strong>habet</strong></span> <span class='ocrx_word' id='word_1_690' title='bbox 3126 5613 3224 5667; x_wconf 90' lang='lat' dir='ltr'><strong>pro</strong></span> <span class='ocrx_word' id='word_1_691' title='bbox 3248 5595 3340 5651; x_wconf 89' lang='lat' dir='ltr'><strong>lll.</strong></span> 
     </span>
    </p>
   </div>
   <div class='ocr_carea' id='block_1_113' title="bbox 1958 5686 3472 5762">
    <p class='ocr_par' dir='ltr' id='par_1_113' title="bbox 1958 5686 3472 5762">
     <span class='ocr_line' id='line_1_118' title="bbox 1958 5686 3472 5762; baseline -0.003 -13"><span class='ocrx_word' id='word_1_692' title='bbox 1958 5696 2014 5749; x_wconf 93' lang='lat' dir='ltr'><strong>In</strong></span> <span class='ocrx_word' id='word_1_693' title='bbox 2053 5710 2176 5748; x_wconf 68' lang='lat' dir='ltr'><strong>xxv:</strong></span> <span class='ocrx_word' id='word_1_694' title='bbox 2210 5710 2306 5762; x_wconf 90' lang='lat' dir='ltr'><strong>pro</strong></span> <span class='ocrx_word' id='word_1_695' title='bbox 2343 5693 2511 5749; x_wconf 86' lang='lat' dir='ltr'><strong>Balbo</strong></span> <span class='ocrx_word' id='word_1_696' title='bbox 2549 5693 2776 5748; x_wconf 88' lang='lat' dir='ltr'><strong>Flaccus</strong></span> <span class='ocrx_word' id='word_1_697' title='bbox 2823 5688 3183 5745; x_wconf 84' lang='lat' dir='ltr'><strong>ascribcndus</strong></span> <span class='ocrx_word' id='word_1_698' title='bbox 3234 5696 3318 5741; x_wconf 78' lang='lat' dir='ltr'><strong>est</strong></span> <span class='ocrx_word' id='word_1_699' title='bbox 3359 5686 3472 5744; x_wconf 74' lang='lat' dir='ltr'><strong>nisi</strong></span> 
     </span>
    </p>
   </div>
   <div class='ocr_carea' id='block_1_114' title="bbox 1889 5779 3474 5857">
    <p class='ocr_par' dir='ltr' id='par_1_114' title="bbox 1889 5779 3474 5857">
     <span class='ocr_line' id='line_1_119' title="bbox 1889 5779 3474 5857; baseline -0.005 -11"><span class='ocrx_word' id='word_1_700' title='bbox 1889 5787 2152 5846; x_wconf 78' lang='lat' dir='ltr'><strong>sullectus</strong></span> <span class='ocrx_word' id='word_1_701' title='bbox 2176 5785 2375 5857; x_wconf 85' lang='lat' dir='ltr'><strong>aliquis</strong></span> <span class='ocrx_word' id='word_1_702' title='bbox 2404 5786 2580 5841; x_wconf 86' lang='lat' dir='ltr'><strong>locum</strong></span> <span class='ocrx_word' id='word_1_703' title='bbox 2623 5785 2711 5840; x_wconf 83' lang='lat' dir='ltr'><strong>hic</strong></span> <span class='ocrx_word' id='word_1_704' title='bbox 2738 5781 3012 5846; x_wconf 78' lang='lat' dir='ltr'><strong>habuerit,</strong></span> <span class='ocrx_word' id='word_1_705' title='bbox 3049 5780 3193 5850; x_wconf 84' lang='lat' dir='ltr'><strong>quod</strong></span> <span class='ocrx_word' id='word_1_706' title='bbox 3227 5779 3474 5838; x_wconf 65' lang='lat' dir='ltr'><strong>idemde</strong></span> 
     </span>
    </p>
   </div>
  </div>
