3958 6404
503 356 602 412 891

1636 346 1983 406 APPENDi-X
2011 343 2637 403 DISSERTATIONUM.
3650 346 3738 404 392

506 491 653 528 xxvn
693 491 794 546 par
815 485 898 532 est
924 475 1143 531 credere
1171 495 1183 530 :
1211 476 1301 532 ubi
1341 476 1543 532 Gratus
1571 489 1670 546 pro
1701 474 1857 530 Cotta
1903 473 2083 528 nomi-
2114 479 2160 533 Α
2190 468 2304 522 rius
2327 467 2393 533 V,
2417 476 2472 523 et
2501 465 2736 537 Sejanus
2767 479 2914 520 anno
2939 463 3064 532 783,
3090 463 3311 521 Juliano
3340 465 3411 521 75
3432 466 3741 535 conveniant,

504 577 685 619 natur.

575 652 630 706 ln
662 654 950 709 consulatu
983 672 1172 719 xxxvr,
1206 657 1302 726 qui
1331 655 1494 712 estin
1525 654 1816 727 Epiphanii
1853 657 2096 711 indiculo

507 760 682 809 χχχιι,
715 745 893 815 major
921 756 1008 802 est
1041 748 1216 804 labes.
1245 747 1380 803 Nam
1429 747 1599 805 Siculi
1632 747 1781 802 Fasti
1815 764 1939 802 cum
1967 747 2097 816 Epi-

507 835 709 903 phanio
751 847 874 906 post
921 842 1170 910 geminos
1197 841 1361 907 duos,
1401 840 1603 896 Rufum
1631 851 1682 896 et
1716 841 2093 896 Rubellionem

506 928 698 994 (Siculi
729 929 1107 1004 Rubellinum)
1137 934 1429 991 collocant.
1463 936 1531 989 At
1560 934 1857 1004 Capitolini
1887 931 1960 988 Ill.
1995 935 2095 990 Vi-

505 1020 728 1073 nucium
777 1029 834 1076 et
881 1021 1140 1077 Cassium
1203 1023 1534 1094 Longinum.
1581 1023 1788 1078 Rufum
1819 1039 1983 1093 porro
2042 1034 2099 1080 et

505 1107 857 1166 liubcllinum
895 1113 1154 1170 suﬂ‘ectos
1210 1124 1365 1185 putat
1415 1115 1660 1185 Scaliger
1719 1124 1773 1168 et
1831 1111 2096 1185 Keplerus

505 1200 559 1252 in
597 1200 832 1272 Eclogis.
897 1203 1012 1275 Ego
1064 1207 1205 1261 idem
1253 1208 1339 1262 his
1391 1207 1442 1260 in
1497 1224 1640 1262 coss.
1691 1207 1838 1278 quod
1878 1223 1971 1262 an.
2003 1223 2092 1261 xvr

505 1294 859 1348 commissum
915 1295 1087 1351 fuisse
1127 1299 1396 1368 suspicor.
1450 1296 1585 1352 Nam
1623 1307 1680 1352 ut
1710 1300 1819 1354 illic
1850 1315 1918 1354 ex
1986 1317 2097 1358 uno

504 1384 734 1454 collegio
759 1385 885 1441 Sex.
924 1386 1165 1459 Pompeii
1191 1388 1414 1459 Nchtis
1466 1399 1521 1445 et
1562 1391 1690 1446 Sex.
1725 1391 1941 1461 Apuleii
1988 1391 2097 1448 Ne-

502 1481 670 1549 potis,
705 1482 814 1536 duo
846 1497 990 1538 coss.
1017 1485 1171 1553 paria
1197 1484 1339 1540 facta
1375 1496 1535 1553 sunt;
1573 1486 1863 1541 Sextorum
1908 1487 2098 1544 videli-

482 1577 591 1626 'cet
617 1572 851 1627 duorum
899 1583 954 1628 et
983 1573 1229 1646 Pompeii
1270 1583 1437 1646 atque
1468 1579 1684 1646 Apuleii
1715 1595 1730 1633 :
1760 1579 1834 1632 ita
1893 1562 2094 1633 Rufum

503 1670 559 1715 et
607 1661 956 1719 Rubellinum
992 1665 1228 1720 duorum
1279 1682 1402 1722 esse
1458 1667 1817 1722 Geminorum
1873 1670 2094 1724 nomina

503 1753 865 1818 crediderim;
898 1757 1005 1810 nisi
1029 1759 1176 1826 quod
1220 1773 1319 1828 pro
1354 1757 1548 1827 Rufus,
1579 1756 1778 1812 Fusius
1805 1760 2092 1831 legendum

2203 559 2464 615 Vinucius
2496 569 2678 614 autem
2729 566 2783 612 et
2815 556 3044 613 Cassius
3070 558 3196 625 784,
3223 555 3444 612 Juliano
3473 557 3555 613 76.
3584 557 3743 613 Gemi-

2197 669 2395 708 norum
2439 663 2586 708 certe
2621 651 2943 708 consulatus
2965 652 3200 707 incurrit
3235 653 3292 706 in
3341 667 3542 706 annum
3567 652 3745 708 Tiberii

2200 747 2267 801 15
2284 746 2557 800 labentem
2582 753 2637 800 et
2657 743 2726 799 ab
2746 743 2995 814 Augusto
3015 759 3207 800 mense
3225 745 3352 798 anni
3382 745 3666 814 superioris
3677 747 3747 799 in-

2197 843 2479 897 choatum.
2515 840 2695 910 Carpit
2725 839 2872 895 enim
2901 838 3020 893 Kal.
3045 838 3271 896 Januar.
3307 839 3436 895 anni
3457 839 3645 895 Juliani
3670 841 3745 896 il.

2195 937 2264 989 At
2302 933 2566 989 Vinucius
2601 943 2656 988 et
2691 932 2922 988 Cassius
2953 946 3099 988 coss.
3130 933 3381 988 incidunt
3408 932 3464 987 in
3496 931 3746 988 lulianum

2198 1027 2286 1091 75,
2311 1025 2511 1081 Tiberii
2537 1025 2602 1080 16
2631 1025 2740 1082 iam
2775 1025 3121 1080 inchoatum.

2268 1121 2344 1175 Ac
2372 1116 2438 1174 de
2462 1118 2698 1175 Vinucio
2725 1125 2779 1173 et
2809 1117 3003 1174 Cassio
3042 1128 3316 1189 postrema
3346 1127 3610 1189 superest,
3629 1118 3751 1174 ditii-

2198 1211 2509 1282 cillimaque
2539 1211 2768 1282 quaestio
2789 1251 2803 1275 ,
2829 1207 3065 1265 iidcmne
3100 1211 3176 1265 illi
3216 1212 3346 1274 sint.
3384 1227 3526 1281 quos
3558 1212 3751 1266 Tacitus

2197 1304 2391 1358 scribit
2421 1304 2516 1358 lib.
2550 1321 2599 1358 vi
2635 1304 2804 1367 Ann.,
2847 1317 3178 1372 progeneros
3220 1319 3252 1356 a
3294 1301 3512 1357 Tiberio
3552 1303 3751 1366 ascitos,

2198 1409 2250 1448 a.
2279 1395 2406 1457 786,
2433 1391 2553 1450 Scr.
2583 1394 2752 1449 Galba
2782 1401 2837 1447 et
2868 1392 2930 1448 L.
2967 1391 3116 1446 Sulla
3153 1408 3298 1448 coss.
3341 1391 3473 1446 Nam
3501 1391 3564 1446 L.
3591 1392 3753 1447 Cassio

2200 1485 2515 1552 Drusillam,
2545 1486 2618 1540 Μ.
2644 1485 2855 1540 Vinicio
2879 1483 3078 1540 Juliam
3101 1483 3409 1540 Germanici
3448 1483 3587 1538 ﬁlias
3613 1484 3754 1538 collo-

2199 1590 2352 1633 catas
2374 1594 2494 1634 esse
2516 1587 2724 1633 narrat.
2763 1577 2990 1643 Vinicio,
3027 1576 3225 1645 inquit.
3256 1577 3578 1645 oppidanum
3599 1592 3751 1648 genus.

2201 1671 2418 1726 Calibus
2458 1681 2627 1731 ortus,
2667 1679 2818 1738 patre
2848 1678 3002 1738 atque
3029 1685 3124 1722 avo
3161 1668 3554 1730 consularibus.
3592 1679 3754 1722 autem

2206 1767 2435 1834 equestri
2477 1764 2690 1832 familia
2726 1773 2863 1826 erat,
2905 1763 3050 1815 mitis
3084 1762 3293 1830 ingenio
3331 1770 3382 1814 et
3441 1771 3652 1830 compta!
3688 1759 3758 1828 {a-

503 1851 608 1898 est.
657 1843 747 1899 Sic
777 1847 921 1900 enim
963 1848 1385 1916 appellanturzC.
1411 1849 1692 1904 Rubellius
1715 1850 2002 1916 Geminus,
2026 1851 2089 1907 C.
2126 1847 2165 1900 Β
2197 1857 2424 1910 caudice.
2456 1855 2673 1910 Cassius
2718 1854 2903 1923 plebeii
2939 1851 3120 1907 Romae
3146 1853 3565 1922 generis,verum
3581 1851 3758 1920 antiqui

507 1932 707 1991 Fusius
724 1937 1008 1995 Geminus.
1023 1938 1294 2005 Quocirca
1310 1941 1506 1996 merito
1521 1949 1629 1995 tam
1649 1943 1769 2006 hos,
1785 1959 1950 2012 quam
1973 1945 2095 1999 illos

507 2030 1151 2097 prmtermisitOnufrius,
1174 2049 1239 2089 ac
1255 2049 1322 2088 ne
1344 2034 1696 2090 suﬁ‘ectorum
1719 2038 1942 2106 quidem
1970 2038 2092 2094 loco

509 2121 734 2188 habuit;
765 2123 910 2190 quod
937 2124 1136 2179 frustra
1163 2126 1390 2180 miratus
1406 2136 1489 2180 est
1513 2126 1776 2197 Scaliger,
1813 2128 1910 2182 lib.
1932 2145 1982 2183 v1
2021 2129 2096 2182 De

505 2215 737 2283 entend.,
768 2231 889 2285 pag.
922 2217 1020 2272 571
1035 2261 1048 2274 ,

576 2301 656 2357 Ex
707 2306 812 2362 hac
866 2308 1055 2364 eadem
1091 2309 1302 2380 collegii
1351 2309 1710 2367 distractione
1759 2313 1984 2380 factum,
2037 2323 2098 2368 ut

488 2391 722 2454 .Vinucii
766 2415 830 2455 ac
872 2400 1101 2472 Longini
1156 2403 1480 2459 consulatus
1534 2405 1677 2474 apud
1728 2403 2094 2475 Epiphanium

505 2490 634 2545 sede
678 2507 776 2547 sua
817 2495 1058 2560 laxatus,
1092 2513 1269 2551 χχχιιι
1323 2499 1443 2554 loco
1476 2513 1506 2552 a
1553 2499 1877 2554 consulibus
1907 2499 2096 2571 Augu-

507 2589 595 2635 sto
620 2581 734 2636 Xlll
759 2595 813 2638 et
863 2584 1088 2642 Silvano
1131 2599 1449 2659 poneretur,
1484 2606 1608 2644 cum
1642 2605 1797 2645 xxx”
1829 2607 1951 2648 esse
2001 2593 2096 2648 de-

508 2675 701 2729 buerit.
737 2673 946 2730 Etenim
986 2693 1131 2731 anno
1179 2676 1247 2732 U.
1300 2680 1360 2734 C.
1413 2680 1538 2743 785,
1569 2678 1790 2736 Juliano
1831 2681 1920 2747 755,
1963 2699 2090 2738 con-

507 2765 655 2832 gruit
686 2764 881 2820 Vinicii
914 2769 1253 2832 consulatus,
1291 2771 1455 2840 idque
1486 2787 1549 2825 ex
1583 2770 1928 2827 Varroniana
1961 2788 2096 2845 epo-

506 2855 610 2910 cha
644 2873 656 2908 :
689 2873 814 2911 nam
843 2859 1133 2928 Capitolini
1169 2859 1314 2915 Fasti
1365 2878 1512 2919 anno
1549 2863 1654 2918 782
1688 2864 1985 2919 collocant.
2038 2865 2095 2918 In

507 2960 618 3014 quo
642 2948 870 3004 miriﬁce
894 2949 1263 3005 hallucinatus
1280 2961 1363 3007 est
1379 2951 1784 3022 Scaliger,dum
1804 2953 2094 3009 Onufrium

509 3042 712 3111 arguit,
757 3043 902 3111 quod
932 3045 1280 3098 consulatum
1342 3043 1542 3098 Vinicii
1577 3045 1632 3098 in
1675 3045 1778 3100 785
1804 3048 2099 3103 contulerit

507 3148 574 3185 ex
606 3130 870 3187 Varronis
911 3134 1198 3196 sententia,
1225 3151 1349 3188 cum
1384 3135 1751 3190 Catonianum
1801 3146 1854 3190 et
1882 3138 2099 3206 Capito-

511 3225 681 3278 linum
709 3241 980 3280 annorum
1005 3241 1294 3282 numerum
1329 3230 1485 3298 sequi
1516 3244 1575 3284 se
1607 3229 1945 3299 proﬁteatur.
1981 3231 2101 3298 Quo

509 3316 647 3370 nihil
695 3314 888 3373 falsius
942 3318 1198 3373 excidere
1252 3317 1534 3390 Scaligero
1587 3321 1786 3391 potuit.
1835 3319 2106 3378 Onufrius

509 3409 656 3462 erim
683 3409 992 3466 Comment.
1027 3412 1080 3466 in
1103 3411 1136 3464 Ι.
1172 3411 1446 3484 IFast.,in
1481 3413 1587 3468 ﬁne
1621 3413 1875 3468 diatribae
1904 3414 1971 3469 de
2007 3429 2106 3468 an-

513 3516 583 3556 no
619 3499 780 3558 Urbis
848 3504 1080 3560 conditas
1124 3504 1505 3560 disertissimis
1553 3504 1738 3561 verbis
1793 3503 2098 3560 Varronem

513 3603 760 3648 secutum
806 3610 871 3650 se
894 3611 1018 3650 esse
1066 3605 1314 3651 testatur.
1353 3595 1630 3661 Varronis,
1665 3597 1863 3666 inquit,
1899 3605 2108 3652 sentcn-

513 3687 644 3739 tiam
672 3689 726 3740 in
756 3687 838 3741 his
870 3685 1056 3742 Fastis
1083 3705 1164 3742 me
1189 3689 1336 3759 sequi
1376 3689 1588 3757 fateor;
1632 3705 1735 3741 non
1764 3690 1903 3759 quod
1928 3692 1976 3743 ei
2000 3706 2108 3743 ma-

513 3777 593 3846 gis
620 3794 780 3846 quam
811 3776 982 3831 Fabio
1014 3777 1244 3840 Pictori,
1273 3779 1350 3832 vel
1387 3777 1577 3833 Verrio
1603 3777 1826 3844 Flacco,
1861 3791 1954 3834 aut
1985 3781 2108 3835 Dio-

514 3865 666 3937 nysio
718 3870 960 3932 credam;
1011 3871 1101 3924 sed
1130 3870 1268 3940 quod
1311 3872 1428 3940 ejus
1462 3873 1779 3926 sententiam
1808 3874 2008 3941 passim
2040 3879 2104 3928 ab

514 3961 754 4014 omnibus
811 3971 1108 4030 susceptam
1163 3963 1328 4030 fuisse
1385 3964 1889 4031 animadverterint,
1949 3976 2107 4035 atque

516 4061 768 4119 tanquam
793 4055 1026 4105 omnium
1056 4051 1386 4107 verissimam
1430 4054 1884 4126 certissimamque
1927 4057 2106 4110 obser-

514 4151 712 4195 vatam.
744 4142 899 4208 Quod
927 4144 994 4197 ab
1029 4161 1093 4198 co
1138 4155 1414 4199 servatum
1448 4161 1569 4200 esse
1610 4146 1906 4202 discrimen
1943 4149 2108 4205 unius

512 4233 664 4297 anni,
693 4249 806 4302 quo
834 4234 982 4289 illius
1037 4233 1185 4290 Fasti
1229 4251 1259 4290 a
1308 4237 1634 4306 Capitolinis
1696 4247 1750 4293 et
1793 4239 2108 4309 Sigonianis

515 4325 795 4392 differunt,
834 4326 970 4381 satis
1015 4327 1277 4383 ostendit.
1333 4326 1433 4382 llic
1495 4329 1585 4383 ille
1631 4345 1797 4399 porro
1862 4329 2110 4387 Vinicius

520 4427 625 4484 est,
649 4419 736 4474 cui
759 4419 1070 4474 historicum
1092 4436 1251 4475 suum
1276 4419 1612 4474 Breviarium
1646 4420 1880 4477 Velleius
1911 4423 2108 4478 inscri-

2199 1949 2570 2018 honoratique,
2593 1959 2644 2001 et
2669 1962 2849 2002 severa
2873 1946 3043 2014 patris
3064 1945 3348 2013 disciplina
3363 1944 3632 2004 educatus.
3653 1943 3760 2011 {aci-

2199 2041 2352 2094 litate
2386 2040 2581 2108 saepius
2634 2055 2791 2109 quam
2823 2038 3089 2091 industria
3129 2035 3616 2090 commendabatur.
3654 2033 3758 2089 Mox

2198 2131 2420 2187 eosdem
2451 2131 2690 2186 Juvencs
2717 2131 2970 2201 appellat.
3003 2131 3149 2184 Sane
3181 2129 3304 2182 illos
3337 2129 3482 2197 ipsos
3516 2143 3653 2193 esse,
3681 2127 3759 2199 qui

2198 2239 2344 2280 coss.
2377 2223 2554 2278 tribus
2583 2222 2743 2278 annis
2773 2232 2898 2277 ante
2945 2219 3182 2287 fuerant,
3230 2221 3463 2276 suadent
3512 2221 3622 2289 ipsa
3664 2220 3762 2289 pri-

2199 2329 2350 2368 mum
2395 2314 2650 2380 nomina;
2684 2314 2787 2369 etsi
2823 2312 3002 2368 Cassii
3037 2327 3349 2382 praenomen
3376 2311 3524 2382 apud
3556 2310 3762 2366 Dionem

2199 2405 2272 2459 sit
2297 2403 2479 2470 Caius,
2510 2420 2616 2460 non
2649 2403 2846 2458 Lucius
2872 2420 2891 2459 :
2923 2403 3199 2474 quomodo
3230 2403 3394 2456 etiam
3431 2419 3460 2455 a
3484 2401 3761 2470 Pomponio

2201 2498 2298 2552 lib.
2325 2497 2404 2550 De
2430 2498 2566 2567 orig.
2591 2496 2737 2566 juris
2765 2495 3104 2566 appellatur;
3135 2493 3230 2563 qui
3255 2503 3310 2548 et
3327 2493 3762 2562 jurisconsultum

2201 2591 2354 2646 illum
2392 2589 2456 2646 C.
2499 2590 2752 2646 Cassium
2789 2589 3094 2660 Longinum
3135 2602 3259 2642 cum
3297 2588 3396 2641 hoc
3427 2594 3617 2641 nostro
3651 2599 3756 2638 con-

2202 2685 2402 2748 fundit,
2442 2685 2709 2754 probante
2751 2682 3108 2753 Cuspiniano,
3144 2682 3477 2736 reclamante
3522 2693 3647 2733 vero
3683 2673 3761 2730 Li-

2201 2780 2346 2848 psio,
2373 2779 2456 2833 Ad
2480 2779 2596 2833 lucc
2619 2776 2916 2832 Suetonius
2941 2775 2995 2830 in
3026 2773 3158 2830 Caio
3183 2773 3474 2828 Drusillam
3502 2771 3564 2826 L.
3591 2765 3768 2825 Cassio

2201 2871 2448 2941 Longino
2496 2870 2752 2939 nupsisse
2801 2865 3063 2938 prodidit.
3091 2866 3241 2932 Quas
3275 2865 3346 2919 ob
3383 2878 3580 2919 causas
3618 2873 3762 2914 nemo

2201 2964 2466 3018 hactenus
2494 2961 2764 3018 dubitavit
2790 2960 2923 3030 quin
2959 2959 3122 3013 ambo
3154 2958 3228 3011 illi
3255 2955 3562 3010 Germaniri
3585 2950 3750 3023 generi

2201 3067 2348 3106 coss.
2377 3051 2579 3106 fuerint
2605 3051 2735 3104 anni
2759 3049 2882 3105 785.
2915 3048 3134 3102 Primus
3174 3045 3439 3116 Keplerus
3479 3045 3532 3097 in
3565 3040 3757 3110 Eclogis

2205 3142 2527 3196 addubitare
2555 3140 2723 3210 coepit
2753 3157 2766 3193 :
2797 3149 2850 3194 et
2874 3138 3092 3208 quidem
3127 3135 3272 3205 jure.
3305 3133 3441 3186 Nam
3479 3132 3602 3202 quis
3632 3136 3769 3200 putet

2206 3235 2702 3304 prmtermissurum
2728 3233 2842 3287 haec
2868 3231 3136 3286 Tacitum.
3162 3240 3287 3282 cum
3317 3229 3598 3295 utriusque
3621 3236 3767 3278 orna-

2207 3335 2388 3381 menta
2413 3325 2755 3382 recenseret?
2777 3324 2939 3394 Atqui
2966 3323 3033 3377 de
3069 3321 3279 3376 Vinicio
3308 3335 3476 3374 unum
3515 3319 3613 3372 boc
3637 3327 3771 3371 retu-

2208 3418 2302 3472 lit:
2334 3427 2490 3487 patre
2519 3429 2682 3485 atque
2716 3431 2814 3468 avo
2841 3411 3234 3469 consularibus
3269 3407 3568 3462 oriundum
3599 3405 3768 3459 fuisse.

2208 3509 2285 3564 De
2308 3509 2502 3564 Cassio
2533 3523 2682 3574 vero,
2721 3504 2915 3576 plebeii
2951 3503 3120 3558 fuisse
3147 3501 3386 3572 generis.
3424 3497 3770 3567 Quamobrem

2208 3612 2418 3657 certum
2457 3601 2589 3654 mibi
2634 3609 2738 3662 est,
2781 3599 3029 3653 diversos
3072 3597 3208 3652 istos
3238 3611 3362 3650 csse
3399 3611 3427 3649 a
3468 3609 3616 3650 coss.
3659 3591 3772 3646 anni

2210 3693 2334 3756 785,
2361 3693 2613 3762 quamvis
2638 3691 2777 3745 idem
2802 3703 2999 3744 nomen
3028 3689 3336 3742 habuerint.
3373 3684 3639 3740 Suetonio
3663 3697 3775 3737 vero

2210 3785 2513 3842 similitudo
2545 3785 2829 3839 nominum
2870 3781 3202 3851 imposuisse
3234 3779 3462 3842 videtur,
3501 3787 3561 3832 ut
3589 3789 3772 3831 consu-

2208 3880 2380 3933 larem
2415 3885 2638 3932 Vocaret
2670 3875 2941 3940 Cassium,
2973 3873 3116 3943 quod
3140 3870 3431 3942 ὁμώνυμος
3466 3869 3606 3923 alter
3637 3864 3777 3936 paulo

2208 3981 2339 4026 ante
2371 3968 2720 4025 consulatum
2754 3966 3035 4037 gessisset.
3069 3961 3197 4018 Hinc
3233 3962 3302 4017 de
3353 3976 3502 4016 coss.
3553 3959 3620 4012 ab
3662 3955 3776 4025 Epi-

2208 4058 2412 4129 phanio
2438 4055 2721 4112 recensitis
2748 4055 3062 4124 diligentius
3085 4052 3336 4123 persequi
3362 4066 3544 4121 Operae
3565 4047 3776 4119 pretium

2209 4151 2346 4216 iuit;
2381 4149 2526 4220 quod
2557 4166 2622 4204 ex
2661 4149 2878 4203 illorum
2936 4155 3196 4202 contextu
3246 4155 3370 4213 apta
3423 4152 3778 4214 suspensaque

2210 4242 2284 4297 sit
2327 4255 2597 4294 annorum
2644 4238 2848 4294 Christi
2890 4237 3095 4303 series;
3155 4236 3496 4306 proindeque
3547 4232 3778 4288 substru-

2211 4331 2389 4385 ctione
2419 4330 2522 4384 ista
2553 4344 2692 4399 opus
2723 4339 2808 4384 est
2839 4329 2926 4394 iis,
2961 4329 3056 4398 qui
3083 4343 3273 4382 verum
3307 4327 3517 4382 Christi
3549 4323 3778 4378 Natalem

2212 4419 2544 4489 investigare
2591 4419 2860 4474 student:
2906 4418 3520 4489 quam'stahiliendam
3577 4415 3778 4471 fulcien-

519 4513 628 4583 psit
654 4530 668 4567 :
697 4513 854 4583 cujus
883 4514 948 4569 ad
972 4513 1344 4580 consulatum,
1370 4515 1439 4568 ab
1473 4511 1636 4571 Urbis
1683 4515 1841 4571 initio
1884 4532 1990 4571 non
2018 4531 2110 4570 an-
2137 4539 2190 4599 ι)
2213 4511 2673 4581 damque-merito
2705 4510 2809 4566 sibi
2842 4509 2999 4565 duxit
3030 4509 3294 4579 Keplerus
3329 4509 3450 4579 ejus
3475 4507 3778 4578 disputatio-

516 4621 619 4662 nos
644 4607 870 4676 praecise
901 4605 1006 4661 785
1037 4617 1313 4674 numerat,
1358 4616 1420 4661 ut
1460 4608 1652 4663 scribit
1705 4607 1970 4678 Scaliger,
2013 4610 2107 4663 scd

518 4700 642 4753 772.
672 4699 996 4771 Quanquam
1045 4700 1301 4755 mendum
1351 4700 1494 4756 inest
1517 4701 1572 4755 in
1619 4703 1887 4766 numeris,
1916 4711 1969 4756 et
2005 4702 2113 4756 782

517 4793 937 4848 restituendum.
963 4791 1027 4844 Et
1062 4802 1190 4847 sunt
1213 4792 1416 4862 alioqui
1445 4794 1659 4847 numeri
1682 4793 1824 4862 apud
1847 4793 2112 4848 Velleium

518 4899 710 4940 omnes
732 4885 1126 4955 prapemodum
1161 4885 1364 4951 vitiosi,
1385 4894 1481 4939 aut
1506 4894 1654 4941 certe
1673 4902 1866 4956 parum
1896 4887 1988 4943 ille
2007 4887 2111 4945 sibi

521 4986 755 5040 constat,
801 4980 931 5033 dum
983 4980 1122 5034 alios
1151 4987 1315 5050 atque
1348 4979 1490 5034 alios
1539 4989 1793 5034 auctores
1839 4981 2109 5049 sequitur.

523 5073 708 5141 Itaque
751 5082 933 5127 utrum
981 5072 1380 5128 Varronianam
1425 5089 1492 5128 an
1533 5070 1919 5142 Capitolinam,
1945 5089 2111 5144 quam

519 5161 881 5216 Catonianam
906 5174 1064 5219 vocat
1082 5163 1348 5234 Scaliger,
1380 5165 1648 5220 rationem
1669 5165 1928 5231 tenuerit,
1961 5175 2113 5222 certo

523 5255 866 5323 pronuntiari
920 5255 1128 5324 nequit.
1189 5257 1492 5328 Scripsisse
1543 5257 1762 5328 quidem
1825 5259 1903 5312 vel
1965 5274 2113 5315 anno

524 5348 664 5416 ipso,
692 5363 804 5418 quo
844 5345 1090 5402 Vinicius
1112 5349 1306 5404 consul
1343 5347 1466 5415 fuit,
1497 5349 1583 5403 vel
1614 5348 1836 5404 ineunte
1862 5351 2112 5419 sequenti

522 5442 714 5495 saltem
746 5439 1070 5501 absolvisse,
1097 5439 1220 5494 inde
1265 5439 1454 5508 liquet,
1486 5439 1634 5508 quod
1661 5438 1906 5495 ﬂorentis
1936 5441 2116 5494 adhuc

527 5529 706 5598 Seiani
735 5532 915 5600 operis
942 5530 994 5584 in
1025 5533 1131 5584 ﬁne
1153 5530 1421 5594 meminit,
1443 5531 1535 5597 qui
1555 5529 1775 5586 Tiberio
1805 5532 1842 5586 V
1867 5547 1981 5587 cos.
2013 5531 2116 5587 hoc

524 5634 607 5675 est
639 5620 803 5675 Urbis
830 5620 933 5676 784
968 5619 1288 5691 proﬁigatns
1337 5627 1439 5674 est.
1466 5619 1672 5683 Quodsi
1702 5621 1778 5675 ita
1803 5631 1907 5685 est,
1931 5621 2113 5676 locum

529 5715 693 5768 habet
727 5713 940 5766 nullum
993 5713 1191 5768 eruditi
1234 5712 1337 5766 viri
1365 5710 1698 5779 conjectura,
1724 5714 1820 5782 qui
1862 5714 2113 5769 dubitare

525 5801 680 5860 Visus
709 5809 818 5869 est,
843 5818 910 5858 an
940 5805 1255 5875 transpositi
1285 5804 1601 5860 consulatus
1625 5813 1830 5873 essent,
1865 5815 1926 5861 ut
1951 5804 2115 5861 Tibe-

2216 4605 2301 4659 nis
2340 4603 2519 4668 initio,
2562 4618 2728 4673 quam
2767 4603 2836 4658 de
2869 4602 3076 4658 Christi
3113 4601 3286 4658 Natali
3315 4612 3444 4657 ante
3473 4602 3676 4671 aliquot
3697 4612 3776 4652 an-

2215 4713 2316 4754 nos
2339 4699 2700 4752 elucubravit.
2744 4696 2802 4750 In
2839 4713 2946 4765 qua
2977 4697 3215 4766 primum
3249 4697 3494 4750 omnium
3528 4693 3767 4748 Romano

2215 4805 2336 4844 rum
2362 4805 2504 4846 coss.
2539 4799 2853 4860 perpetuam
2879 4790 3309 4854 successionem,
3345 4805 3374 4844 e
3413 4803 3519 4859 qua
3553 4782 3779 4842 nonnulli

2215 4881 2536 4937 consulatus
2561 4883 2758 4950 quinos
2776 4881 3145 4936 detrahendos
3169 4881 3451 4950 putabant,
3472 4878 3780 4934 ﬁrmissimis

2208 4974 2552 5048 argumentis
2581 4975 2974 5030 communitam
3013 4973 3246 5041 reliquit.
3283 4973 3388 5026 Sed
3427 4981 3511 5028 est
3542 4970 3780 5040 quiddam

2219 5077 2421 5131 larrrcn,
2449 5067 2596 5136 quod
2629 5064 2700 5121 ab
2727 5081 2793 5122 eo
2825 5067 3007 5140 minus
3035 5065 3473 5120 animadversum
3508 5063 3600 5117 hic
3629 5060 3781 5116 obiter

2217 5158 2486 5213 ascribam
2513 5176 2526 5225 ;
2555 5167 2613 5213 ut
2639 5159 2831 5213 eadem
2855 5173 3020 5227 opera
3059 5156 3234 5212 Taciti
3263 5157 3465 5219 locum,
3495 5155 3591 5224 qni
3625 5155 3780 5207 hacte-

2217 5267 2322 5306 nus
2373 5252 2568 5308 vitiose
2601 5252 2819 5323 legitur,
2855 5251 3156 5322 integritati
3183 5251 3487 5306 restituam.
3539 5243 3608 5303 Ut
3640 5246 3781 5316 igitur

2219 5342 2480 5413 licplerus
2507 5343 2765 5410 alﬁrnret,
2798 5344 2938 5399 inter
2969 5343 3248 5397 Tiberium
3270 5353 3325 5398 et
3349 5340 3621 5396 Neronem
3654 5337 3780 5391 nulla

2217 5453 2364 5493 coss.
2391 5453 2514 5494 esse
2535 5437 2910 5494 subtrahenda
2941 5437 3116 5507 paria,
3145 5434 3325 5490 Taciti
3358 5435 3497 5489 inter
3523 5432 3631 5486 alia
3658 5429 3782 5484 testi-

2219 5514 2463 5584 monium
2490 5530 2667 5585 affert.
2697 5529 2798 5596 Qui
2831 5530 2885 5584 in
2928 5528 3188 5599 Agricolae
3208 5528 3382 5582 soceri
3435 5524 3554 5578 Vita
3594 5519 3782 5580 scribit,

2217 5620 2521 5677 decessisse
2569 5621 2718 5675 illum
2769 5620 2990 5691 Collega
3017 5629 3070 5673 et
3099 5617 3289 5673 Prisco
3320 5628 3641 5678 coss.,anno
3668 5621 3782 5664 teta—

2220 5714 2288 5769 tis
2312 5714 2404 5780 56,
2435 5723 2620 5768 natum
2680 5729 2809 5767 vero
2839 5713 2972 5767 Caio
2994 5711 3060 5764 ιιι
3103 5726 3248 5766 coss.
3287 5709 3364 5763 Ex
3405 5721 3511 5778 quo
3555 5707 3626 5758 ita
3646 5697 3782 5756 colli—

2222 5808 2301 5878 git
2349 5825 2363 5861 :
2405 5805 2650 5862 Tertium
2693 5805 2811 5861 Caii
2855 5805 3200 5862 consulatum
3253 5817 3397 5857 anno
3454 5795 3782 5870 Dionysianal
