3958 6396
50 1890 51 1919 χ
119 1867 232 1907 esse
262 1852 447 1922 potius
476 1851 850 1922 Epiphaniam
878 1863 1053 1923 putat,
1084 1855 1178 1923 qui
1217 1869 1364 1908 anno
1401 1855 1692 1924 superiori,
1726 1854 1768 1909 Β

133 387 227 439 893

1287 376 1373 430 DE
1407 373 1596 431 ANNO
1630 373 1887 431 NATALI
1926 373 2226 431 CHRISTI.

3283 375 3392 432 82M

133 526 244 563 tunc
268 506 331 560 ω
368 502 713 558 tribuendum
758 501 948 566 videri,
996 514 1128 565 non,
1162 510 1221 554 ut
1254 498 1477 569 quidam
1506 498 1701 567 opina-
1732 507 1776 558 Α
1808 511 1987 552 annus
2018 511 2049 551 a
2082 504 2214 550 nato
2258 494 2489 550 Domino
2519 495 2642 558 364.
2675 511 2786 566 quo
2826 495 3243 553 Valentinianus
3281 498 3389 552 im-

142 602 304 663 batur,
326 596 414 650 42.
473 594 673 649 Verum
698 609 823 649 cum
847 593 967 649 Caii
992 593 1315 648 consulatus
1348 608 1407 648 III
1460 608 1696 647 concur—

131 698 211 745 rat
239 702 357 744 cum
400 704 451 742 a.
482 683 546 740 U.
579 685 641 740 C.
679 684 817 750 795;
858 683 1090 754 Collega
1141 693 1323 739 autem
1368 698 1433 739 ac
1496 683 1692 746 Prisci,

130 797 245 837 eum
272 794 415 834 anno
437 777 578 844 846;
609 777 702 847 qui
729 790 877 832 anno
908 777 1013 832 793
1034 777 1106 832 sit
1136 786 1321 843 natus,
1345 777 1392 831 is
1422 792 1565 831 anno
1591 773 1697 829 846

130 889 230 928 non
261 872 377 941 plus
407 884 571 939 quam
612 885 700 924 Ltv
732 883 907 924 annos
936 877 1100 923 natus
1128 882 1250 923 esse
1286 869 1483 938 potuit.
1515 866 1696 934 Quare

128 964 262 1034 apud
296 963 541 1018 Tacitum
588 963 765 1016 miror
802 961 1260 1017 animadvertisse
1293 960 1567 1017 neminem
1596 975 1695 1031 pro

126 1054 191 1108 56
239 1051 518 1123 legendum
555 1066 678 1107 esse
720 1052 808 1107 54.
853 1050 1195 1106 Facillimum
1228 1060 1415 1106 autem
1470 1050 1575 1106 I'uit
1627 1066 1697 1107 ex

126 1156 369 1199 notarum
405 1142 722 1199 inversione
745 1143 939 1198 vitium
971 1159 1003 1198 a
1030 1142 1274 1200 librariis
1293 1143 1529 1199 admitti.

128 1300 323 1373 Quibus
346 1317 481 1356 coss.
508 1300 663 1369 vulqo
690 1300 891 1357 Christi
919 1301 1137 1357 Natalis
1170 1303 1504 1373 assignetur:
1535 1300 1625 1354 ubi
1645 1308 1695 1355 et

288 1372 353 1426 de
376 1373 563 1426 Disexti
592 1374 918 1439 correctione
948 1384 1194 1430 accurate
1214 1372 1515 1428 disseritur.

190 1482 465 1537 Christum
504 1482 751 1553 Augusto
778 1483 895 1538 XIII
929 1495 985 1541 et
1043 1485 1269 1541 Silvano
1314 1502 1459 1542 coss.
1505 1496 1693 1545 natum

119 1589 236 1631 esse
256 1585 573 1633 constanter
596 1575 832 1632 allirmat
860 1578 1218 1649 Epiphanius.
1252 1577 1357 1634 Sed
1385 1595 1510 1634 cum
1549 1579 1694 1634 idem

122 1681 169 1720 vI
198 1664 269 1721 Id.
283 1664 411 1721 Jan.
442 1665 692 1723 Natalem
711 1669 855 1724 diem
870 1686 993 1725 esse
1009 1670 1255 1736 deﬁniat,
1267 1671 1390 1741 jure
1406 1670 1695 1726 Annalium

118 1760 403 1816 ccclesiast.
435 1763 675 1831 scriptor
713 1762 779 1817 ad
808 1763 1025 1819 illorum
1052 1778 1267 1833 gregem
1286 1763 1692 1834 adiungendum

123 1944 219 2000 hoc
242 1953 327 2001 est
360 1944 593 2001 Lentulo
621 1953 677 2001 et
698 1944 992 2001 Messalino
1018 1952 1384 2009 eoss.,natum
1409 1944 1691 2001 Christum

116 2036 443 2101 existimant,
489 2051 654 2106 quam
688 2041 904 2099 eorum,
932 2037 1027 2106 qui
1067 2037 1136 2092 iis
1182 2037 1339 2107 ipsis,
1383 2052 1524 2106 quos
1567 2035 1696 2106 Epi-

116 2128 338 2197 phanius
382 2128 656 2191 nominat,
689 2144 831 2183 coss.
868 2127 1113 2184 Natalem
1160 2128 1511 2199 consignant.
1559 2127 1696 2184 Pro—

116 2230 285 2290 pterea
317 2222 488 2290 quod,
508 2221 553 2275 si
586 2236 934 2276 communem
966 2221 1034 2275 de
1064 2235 1252 2275 mense
1284 2218 1490 2274 Natalis
1517 2233 1582 2274 ac
1606 2220 1695 2275 die

116 2313 430 2368 sententiam
451 2322 601 2369 esset
631 2314 940 2383 amplexus,
975 2313 1202 2368 omnino
1233 2314 1545 2383 superiores
1568 2311 1693 2369 illos

115 2421 247 2461 ross.
274 2407 629 2477 praetulisset.
663 2405 818 2463 Unde
839 2386 1176 2468 Cassiodori,
1213 2422 1375 2476 quem
1420 2405 1694 2462 Baronius

112 2498 370 2567 sequitur,
400 2514 519 2554 non
543 2496 760 2555 Onul‘rii
783 2498 1004 2553 decreto
1022 2498 1377 2568 opinionique
1402 2496 1691 2567 sull‘ragari

113 2590 377 2659 putandus
410 2601 524 2648 est.
552 2590 710 2658 Quod
741 2591 909 2664 igitur
936 2590 1188 2645 Christus
1217 2589 1451 2645 Lentulo
1474 2597 1530 2644 et
1560 2588 1696 2643 Mes-

110 2685 276 2741 salino
301 2701 448 2742 coss.
468 2694 627 2741 ortus
658 2686 749 2750 sit,
778 2701 920 2741 anno
945 2684 1163 2739 Juliano
1195 2684 1288 2750 45,
1322 2684 1565 2739 studiose
1595 2683 1692 2738 dc-

109 2785 452 2832 monstratur
497 2776 555 2831 in
600 2775 923 2841 Annalibus,
970 2774 1136 2845 idque
1169 2774 1313 2841 velut
1355 2772 1692 2828 fundamenti

50 2898 52 2919 ν
111 2866 222 2923 loco
248 2870 502 2938 ponitur,
529 2884 639 2938 quo
669 2876 915 2933 nutante,
952 2875 1010 2921 ut
1040 2867 1197 2921 aiunt
1238 2865 1364 2935 ipsi,
1394 2865 1693 2920 Annalium

109 2970 413 3017 contextum
470 2976 695 3016 onmem
744 2975 904 3014 ruere
961 2959 1267 3029 collabiqne
1320 2958 1394 3012 sit
1446 2973 1694 3013 necesse.

110 3053 334 3109 Proinde
362 3052 589 3125 primus
629 3068 660 3107 a
703 3050 885 3106 Natali
932 3049 1158 3114 Christi,
1203 3051 1317 3105 sive
1347 3048 1695 3122 Dionysianze

1799 590 2012 659 perium
2048 589 2279 653 adeptus
2296 596 2401 653 est,
2436 588 2743 644 bisextilem
2772 590 2962 644 habuit
2986 591 3154 650 diem,
3186 605 3384 659 quem-

1799 681 2096 735 admodum
2145 680 2253 735 376
2298 681 2492 736 scribit
2547 682 2893 736 Ammianus.
2936 681 3078 750 Ergo
3121 681 3226 735 565
3260 690 3389 734 ante

1799 774 1951 828 illum
1985 788 2239 843 peraeque
2271 774 2540 830 bisextilis
2573 783 2677 830 est.
2707 774 2870 844 Atqui
2892 774 2982 829 ille
3011 783 3094 828 est
3129 773 3263 845 ipse.
3284 772 3381 842 qui

1798 863 2087 920 Lentulum
2116 874 2173 919 et
2194 864 2573 921 Marcellinum
2609 880 2753 921 coss.
2787 863 3025 935 praefert,
3057 864 3256 933 quibus
3281 862 3384 918 De-

1797 956 2005 1012 cembri
2029 971 2216 1011 mense
2240 964 2402 1013 natus
2427 965 2513 1013 est
2534 957 2811 1012 Christus.
2838 954 3003 1011 Recte
3026 955 3301 1026 igiturhic
3324 955 3382 1010 in

1796 1047 2100 1110 Annalibus
2126 1049 2456 1105 constitutus
2489 1050 2725 1104 videtur.

1869 1139 2050 1211 Pergit
2080 1141 2135 1196 in
2172 1142 2363 1197 eodem
2412 1152 2737 1214 argumento
2780 1139 3005 1195 uberius
3036 1134 3380 1207 explicando,

1795 1239 1853 1286 et
1878 1230 1947 1287 de
1975 1230 2189 1288 Iuliana
2216 1231 2480 1289 bisextilis
2509 1232 2639 1289 anni
2671 1231 3032 1302 dispositione
3087 1240 3253 1300 atque
3275 1230 3385 1282 Au-

1796 1325 1939 1395 gusti
1968 1327 2305 1383 correctione
2347 1327 2601 1391 disserit;
2648 1336 2707 1383 ut
2752 1334 3031 1398 appareat,
3072 1338 3277 1379 annum
3316 1323 3383 1377 il-

1797 1421 1932 1485 lum,
1951 1420 2043 1490 qni
2065 1428 2150 1476 est
2167 1418 2417 1477 Julianus
2440 1420 2531 1485 45,
2554 1420 2830 1476 bisextum
2862 1419 3144 1475 habuisse.
3166 1416 3382 1472 Etenim

1795 1511 1973 1568 Julius
2012 1513 2197 1569 Ctesar
2225 1528 2371 1569 anno
2398 1514 2469 1568 ab
2497 1511 2566 1568 U.
2609 1513 2675 1569 C.
2718 1512 3065 1569 Varroniano
3107 1510 3232 1571 708,
3271 1527 3383 1580 quo

1798 1605 1917 1677 ipse
1946 1606 2165 1660 tertium
2194 1621 2318 1661 cum
2355 1604 2561 1676 Lepido
2593 1620 2737 1662 coss.
2768 1604 2891 1671 fuit,
2933 1618 3137 1657 annum
3174 1601 3381 1657 Roma-

1795 1713 1927 1752 num
1974 1698 2264 1752 emendare
2293 1696 2373 1752 sic
2403 1704 2485 1751 est
2525 1709 2834 1765 aggressus,
2867 1702 2925 1748 ut
2964 1694 3224 1763 deinceps
3249 1708 3384 1762 quo-

1795 1804 1903 1859 que
1946 1803 2088 1842 anno
2115 1802 2172 1842 tv
2219 1788 2453 1842 solidum
2491 1787 2635 1842 diem
2670 1785 3099 1841 intercalandum
3124 1784 3379 1837 decreve-

1799 1881 1887 1932 rit.
1913 1878 1991 1933 Ac
2029 1878 2074 1932 si
2112 1891 2258 1931 anno
2288 1877 2382 1930 illo
2419 1876 2847 1941 emendationis,
2879 1888 3041 1946 quem
3073 1872 3383 1927 Macrobius

1793 1969 2151 2025 Confusionis
2190 1970 2447 2040 appellat,
2494 1968 2631 2023 nihil
2671 1977 2868 2038 praeter
2905 1982 3120 2024 menses
3161 1982 3227 2024 ac
3264 1966 3384 2021 dies

1796 2061 2191 2127 intercalasset,
2212 2063 2283 2117 ab
2300 2077 2367 2117 eo
2394 2062 2516 2131 ipso
2537 2060 2869 2116 bisextilinm
2888 2075 3152 2114 annorum
3175 2060 3384 2113 ducen-

1794 2154 1925 2207 dum
1964 2153 2153 2209 fuisset
2182 2152 2491 2220 exordium,
2533 2153 2608 2206 ita
2642 2162 2701 2204 ut
2732 2151 2944 2221 primus
2989 2164 3045 2205 tv
3064 2161 3183 2219 post
3215 2166 3382 2213 anno,

1795 2243 1997 2314 Lepido
2030 2245 2072 2299 Il
2104 2252 2160 2299 et
2192 2243 2396 2299 Planco
2430 2258 2579 2299 coss.
2625 2250 2989 2315 congrueret:
3023 2258 3132 2311 qua
3176 2242 3384 2296 ratione

1793 2352 1891 2407 per
1913 2336 2272 2407 quadriennia
2312 2336 2717 2403 descendendo,
2762 2335 3029 2393 bisextilis
3062 2335 3381 2391 undecimus

1736 2470 1739 2473 ι
1794 2443 1906 2483 non
1938 2427 1993 2484 in
2055 2429 2125 2483 45
2153 2445 2181 2483 a
2214 2429 2556 2484 correctione
2623 2442 2851 2493 annum,
2913 2426 3009 2483 sed
3043 2427 3101 2482 in
3129 2427 3221 2491 44,
3276 2426 3384 2481 hoc

1786 2529 1897 2586 "est,
1940 2536 2050 2575 non
2081 2520 2134 2574 in
2166 2519 2457 2576 Lentulum
2500 2529 2551 2575 et
2595 2518 2978 2585 Messalinum,
3028 2519 3121 2575 sed
3182 2519 3235 2572 in
3267 2519 3383 2573 Au—

1794 2622 2016 2684 gustum
2056 2611 2175 2665 XIII
2210 2620 2265 2667 et
2300 2611 2574 2668 Plautium
2619 2626 2764 2666 coss.
2821 2613 3139 2675 incurreret,
3181 2610 3383 2681 quibus

1793 2705 1998 2761 Christi
2033 2706 2267 2761 natalem
2297 2705 2615 2776 assignabat
2645 2703 2928 2759 Ouul‘rius.
2961 2703 3033 2758 At
3056 2703 3107 2758 id
3140 2719 3299 2759 secus
3324 2719 3385 2759 se

1792 2792 2008 2848 habuit.
2042 2791 2178 2847 Nam
2210 2804 2408 2863 praeter
2443 2793 2744 2851 solidorum
2775 2793 2987 2848 dierum
3020 2793 3387 2849 intercalatio-

1794 2901 1942 2951 nem,
1966 2886 2247 2956 quadrans
2286 2885 2514 2953 insuper
2540 2870 2670 2949 diei,
2706 2883 2850 2954 quod
2889 2883 3113 2940 Solinus
3140 2885 3319 2947 docet,
3353 2901 3384 2939 a

1793 2975 2011 3033 Caesare
2044 2985 2129 3033 est
2158 2977 2425 3048 adjectus.
2451 2975 2625 3043 Quem
2652 2986 2709 3032 ut
2735 2977 3105 3051 intercalaret,
3135 2978 3263 3048 quia
3292 2993 3387 3035 sn-

1794 3070 1880 3126 lus
1909 3069 2035 3125 addi
2074 3084 2185 3125 non
2224 3078 2459 3140 poterat,
2503 3084 2729 3125 necesse
2756 3070 2877 3137 fuit,
2920 3078 2980 3125 ut
3009 3071 3063 3124 in
3112 3085 3313 3125 annum
3333 3083 3388 3123 IV

50 3188 51 3207 η
107 3159 221 3199 :erat
241 3160 306 3201 ac
329 3145 582 3217 vulgaris
615 3159 795 3199 annus
821 3159 851 3198 a
874 3143 995 3198 Kal.
1021 3141 1300 3199 Januariis
1331 3143 1461 3197 anni
1491 3141 1690 3197 Juliani

118 3236 165 3254 ..
276 3237 317 3254 .,
416 3238 465 3254 ,Α
850 3234 1038 3254 εμω.
1069 3233 1264 3254 ξιτ-ιε,
1399 3233 1662 3254 "Han-

1799 3160 2133 3229 differretur;
2172 3163 2349 3219 donec
2373 3163 2623 3218 videlicet
2642 3178 2711 3217 ex
2732 3165 3035 3234 quadrante
3065 3164 3158 3218 illo
3204 3171 3259 3218 et
3284 3166 3386 3217 tri-

50 3644 53 3671 l

50 3826 53 3859 l

108 3236 172 3289 44
195 3236 386 3293 iisdem
414 3238 475 3293 in
510 3234 1042 3306 Annalibusjncipit
1066 3252 1081 3287 :
1102 3233 1268 3289 Urbis
1301 3249 1367 3289 ex
1399 3233 1694 3289 Varronia-

107 3346 171 3384 na
202 3332 414 3386 ratione
438 3330 576 3395 752,
601 3330 761 3399 cujus
791 3327 985 3382 Palilia
1013 3328 1184 3396 Aprili
1219 3341 1408 3382 mense
1442 3327 1693 3397 proxime

106 3429 283 3476 secula
317 3430 450 3478 sunt
489 3439 507 3476 :
541 3420 678 3475 adeo
706 3419 849 3474 utin
884 3432 1085 3472 annum
1122 3417 1288 3474 Urbis
1319 3418 1415 3474 75l
1452 3419 1692 3490 vulgaris

102 3527 218 3566 terte
266 3511 641 3583 primordium
698 3511 976 3578 incurrat;
1041 3508 1378 3581 Olympiadis
1436 3510 1539 3565 194
1593 3526 1695 3565 an-

105 3619 229 3658 num
264 3605 320 3659 2.
370 3606 474 3661 Est
517 3619 581 3658 ea
613 3604 834 3674 quidem
867 3603 1183 3659 Cassiodori
1230 3600 1523 3669 sententia,
1556 3601 1694 3656 alio-

102 3712 325 3767 rumque
371 3706 488 3753 tam
523 3704 793 3759 veterum,
819 3711 983 3765 quam
1010 3695 1413 3761 recentiorum;
1440 3702 1514 3759 et,
1546 3691 1694 3763 quod

100 3790 165 3843 ad
207 3788 457 3844 Natalem
506 3789 689 3859 ipsum
739 3788 954 3854 attinet,
1002 3803 1135 3842 sane
1173 3786 1492 3857 probabilis.
1535 3783 1695 3852 Quod

50 3936 51 3949 χ
97 3892 272 3936 autem
302 3884 394 3938 ille
423 3882 576 3938 idem
605 3897 785 3937 annus
817 3896 940 3935 cum
972 3895 1082 3936 tera
1104 3878 1437 3950 Dionysiana
1459 3877 1695 3948 conjun-

50 4016 51 4041 ξ
97 3972 236 4040 gitur
259 4010 275 4037 ,
315 3972 424 4027 hoc
457 3978 571 4037 est,
598 3971 745 4041 quod
784 3970 997 4041 primus
1028 3984 1151 4024 atrae
1179 3965 1696 4043 ChristianteJulia-

96 4078 197 4117 nus
222 4078 349 4119 esse
372 4063 449 4119 44
470 4062 765 4129 asseritur,
793 4061 1010 4133 Olymp.
1044 4059 1149 4115 194
1168 4060 1463 4126 secundus,
1488 4059 1545 4114 id
1567 4073 1694 4114 vero

50 4208 51 4219 χ
96 4170 443 4224 nequaquam
482 4144 752 4225 procedit.
785 4153 1016 4209 Biennio
1044 4153 1187 4208 enim
1213 4153 1457 4217 aberrat,
1484 4158 1545 4205 ut
1568 4151 1694 4221 qui—

96 4244 217 4299 dem
255 4246 519 4317 plerique
561 4245 825 4302 hactenus
859 4245 1393 4311 animadverterunt;
1422 4253 1482 4299 ut
1511 4253 1694 4299 autem

100 4336 381 4402 existimo,
418 4334 606 4393 etiam
647 4337 883 4391 triennio
940 4351 970 4390 a
1020 4334 1265 4407 Dionysii
1303 4342 1487 4389 mente
1528 4342 1695 4404 atque

89 4445 196 4485 tera
231 4431 443 4495 distat,
488 4430 572 4484 uti
601 4430 767 4499 paulo
804 4439 927 4499 post
959 4427 1441 4483 demonstrabitur.
1471 4422 1583 4479 Nos
1611 4425 1696 4479 in-

1797 3252 1900 3312 bus
1927 3256 2053 3311 aliis
2084 3255 2313 3311 totidem
2339 3255 2796 3325 consequentium
2826 3272 3120 3319 annorum,
3147 3256 3262 3311 dies
3285 3272 3386 3312 ex-

1795 3360 2064 3420 surgeret.
2108 3349 2298 3419 Itaque
2347 3350 2584 3419 primum
2640 3349 2916 3405 bisextum
2963 3350 3314 3426 non_quinto
3350 3366 3385 3406 a

1793 3441 2132 3495 correctione
2181 3453 2349 3504 anno,
2403 3446 2462 3492 ut
2520 3438 2720 3508 alioqui
2763 3437 3006 3494 futurum
3061 3439 3384 3509 dicebatur,

1796 3532 1888 3587 sed
1903 3529 2071 3601 ιν,ᾳυί
2095 3529 2435 3586 antecedenti
2454 3530 2812 3586 correctionis
2831 3545 2977 3586 anno
2997 3531 3382 3600 respondebat,

1796 3639 1891 3680 seu
1917 3633 2040 3694 post
2067 3623 2209 3680 tertii
2237 3624 2366 3677 anni
2394 3623 2705 3691 circuitum,
2735 3625 2911 3679 Pansa
2933 3632 2988 3679 et
3007 3622 3184 3680 Hirtio
3204 3639 3379 3691 coss.,

1795 3717 2073 3773 observari
2104 3715 2269 3786 jussit
2299 3733 2313 3770 :
2346 3716 2555 3786 reliqua
2574 3717 2831 3785 deinceps
2859 3726 3276 3787 postquemquc
3291 3732 3386 3772 an-

1797 3825 1926 3864 num
1951 3823 2007 3864 IV
2024 3807 2093 3864 ab
2126 3809 2232 3863 hoc
2261 3809 2460 3878 primo.
2489 3806 2815 3877 Quanquam
2849 3809 3180 3869 sacerdotes,
3219 3797 3385 3878 penes

1795 3912 1938 3969 quos
1965 3896 2323 3952 intercalandi
2356 3911 2489 3951 cura
2520 3905 2658 3965 erat,
2698 3912 2764 3953 eo
2793 3897 3050 3964 fortasse,
3093 3898 3239 3968 quod
3270 3900 3386 3968 pri-

1753 4045 1762 4053 ,
1796 4005 1946 4045 mum
1988 3989 2264 4045 bisextum
2313 3999 2436 4060 post
2508 4005 2711 4045 annum
2753 4008 2815 4048 III
2838 3991 3075 4046 locatum
3118 3991 3391 4057 viderent,

1794 4096 1985 4138 errore
2026 4082 2197 4149 ducti,
2241 4083 2526 4153 sequentia
2559 4083 2758 4139 similia
2790 4091 2911 4154 post
2940 4086 3156 4139 tertium
3187 4100 3384 4154 quem-

1796 4189 1901 4245 quc
1940 4182 2298 4244 usurparunt,
2330 4189 2648 4241 annumque
2674 4174 2981 4230 Roma-num
3014 4191 3177 4230 XXXVI
3205 4191 3385 4231 anno-

1796 4281 1919 4321 rum
1947 4266 2125 4335 spatio
2151 4266 2225 4320 ita
2253 4266 2644 4334 depravarunt,
2674 4274 2734 4320 ut
2752 4283 2851 4336 pro
2876 4283 2928 4321 IX
2962 4267 3157 4322 diebus
3179 4268 3378 4323 duode-

1798 4359 2347 4428 nosinterponerent.
2386 4358 2544 4424 Quod
2573 4361 2853 4428 Augustus
2892 4372 2951 4415 ut
2977 4362 3295 4431 corrigeret,
3328 4370 3384 4416 et

1800 4458 1910 4506 tres
1935 4464 2030 4505 eos
2058 4451 2177 4506 dies
2198 4449 2508 4520 superﬂuos
2535 4458 2832 4520 rcsecaret,
2857 4467 2930 4506 xu
2957 4460 3248 4522 sequentes
3264 4451 3391 4507 sine

93 4523 246 4576 terim
280 4538 410 4593 quae
452 4522 512 4576 in
549 4521 825 4590 Apparatu
865 4521 932 4575 ad
986 4519 1230 4574 Annales
1275 4519 1343 4573 de
1396 4518 1501 4571 hoc
1545 4532 1690 4570 anno

1797 4543 2034 4599 bisextili
2081 4542 2496 4597 intercalatione
2524 4541 2752 4613 transigi
2776 4543 2958 4613 jussit,
2991 4545 3052 4599 C.
3078 4544 3394 4600 Censorino

86 4612 366 4668 suhtiliter
391 4623 448 4668 et
481 4612 759 4682 exquisite
787 4611 1141 4682 disputantur
1169 4608 1526 4680 expendenda
1554 4623 1688 4663 ceu-

86 4717 325 4761 SIIIIINIS.

153 4821 294 4875 Cum
332 4819 516 4892 igitur
538 4833 570 4873 a
596 4817 879 4874 nonnullis
902 4817 1203 4889 improbari
1227 4831 1387 4872 suam
1422 4814 1492 4870 de
1513 4812 1693 4869 Natali

83 4909 292 4966 Christi
324 4910 669 4967 sententiam
709 4909 939 4977 videret,
990 4910 1060 4965 ob
1114 4908 1168 4964 id
1218 4922 1389 4963 unum
1429 4907 1692 4972 maxime,

80 5002 228 5070 quod
273 5002 330 5057 in
362 5001 657 5057 Iulianum
687 5003 779 5065 4⁸5.
810 5002 902 5073 qui
929 5017 1072 5058 coss.
1107 5001 1271 5056 habet
1301 4999 1592 5055 Lentulum
1642 5009 1698 5053 et

82 5091 504 5155 Marcellinum,
537 5091 819 5162 biscxtilis.
842 5093 960 5148 dies
984 5092 1210 5148 minime
1231 5093 1472 5158 caderet,
1503 5099 1695 5146 contra

79 5183 166 5238 ille
196 5185 287 5241 sio
310 5185 669 5256 praescribit:
698 5184 935 5240 Tantum
967 5186 1180 5250 abesse,
1219 5193 1278 5239 ut
1306 5184 1360 5238 in
1391 5199 1596 5239 annum
1631 5183 1698 5236 il-

77 5275 191 5331 lum
223 5277 519 5333 biscxtilis
543 5277 657 5334 dies
690 5293 796 5331 non
823 5277 1050 5344 incidat,
1087 5286 1146 5332 ut
1183 5277 1237 5332 in
1261 5276 1430 5331 alium
1456 5276 1691 5341 nullum,

75 5370 184 5425 nisi
213 5372 287 5425 ab
314 5370 525 5426 eodem
550 5378 830 5440 quartum,
856 5369 974 5425 sive
1004 5378 1154 5433 ante,
1188 5369 1304 5423 sive
1333 5377 1457 5439 post
1489 5369 1692 5437 ipsum,

74 5462 388 5516 convenire
419 5460 628 5531 possit.
659 5460 876 5517 Etenim
913 5476 1013 5531 pro
1041 5460 1322 5526 confesso,
1357 5459 1696 5530 minimeque

74 5551 249 5609 dubio
287 5552 347 5608 id
389 5551 454 5608 in
508 5551 612 5609 hac
655 5561 770 5625 tota
812 5553 1188 5623 disputatione
1236 5552 1406 5609 sumit
1438 5570 1453 5607 :
1484 5568 1692 5608 annum

74 5644 257 5714 illum,
289 5662 413 5717 quo
456 5654 626 5701 natus
672 5656 758 5703 est
798 5647 1073 5710 Christus,
1121 5646 1433 5703 bisextilem
1474 5646 1691 5703 fuisse:

75 5749 377 5809 propterea
409 5736 569 5809 quod
592 5740 687 5811 qui
716 5740 975 5810 deinceps
1001 5740 1069 5795 ab
1116 5755 1182 5795 eo
1220 5740 1507 5811 prepagati
1539 5750 1690 5800 sunt,

73 5844 172 5897 per
211 5840 543 5903 quaternos
567 5831 725 5890 divisi
762 5831 1042 5889 biscxtilcs
1077 5839 1393 5889 occurrunt.
1428 5828 1545 5885 .lam
1568 5847 1694 5887 vero

1798 4642 1853 4689 et
1876 4635 2065 4690 Asinio
2087 4634 2241 4690 Callo
2264 4649 2409 4689 coss.
2434 4632 2561 4689 Ilaec
2583 4635 2638 4689 in
2659 4634 2975 4690 Annalibus.
3010 4635 3144 4705 Quae
3174 4646 3233 4690 ut
3252 4652 3357 4691 ocu

1797 4725 1867 4782 lis
1907 4725 2040 4796 ipsis
2082 4725 2325 4796 subjecta
2382 4726 2542 4795 plane
2596 4727 2987 4796 percipiantur,
3058 4727 3387 4783 laterculum

1798 4818 2009 4887 aliquot
2055 4818 2439 4873 consulatuum
2489 4818 2749 4884 attexuit;
2801 4818 2956 4873 initio
3006 4819 3168 4875 ducto
3208 4819 3279 4874 ab
3316 4833 3393 4873 eo

1798 4925 1965 4977 anno,
2001 4925 2113 4980 quo
2139 4908 2354 4965 Juliana
2395 4913 2560 4981 carpit
2592 4911 2780 4965 editio.
2810 4910 2966 4978 Quod
3006 4927 3130 4966 cum
3177 4912 3244 4967 ad
3289 4927 3382 4967 c0-

1799 5019 1941 5069 rmn,
1972 5018 2095 5074 quae
2117 5005 2374 5076 deinceps
2404 5009 2751 5078 proponenda
2780 5017 2929 5071 sunt,
2967 5008 3387 5080 intelligentiam

1798 5111 1905 5151 non
1936 5096 2264 5152 mediocrem
2306 5100 2591 5154 utilitatem
2635 5100 2811 5170 possit
2849 5098 3062 5166 allerre,
3100 5117 3199 5157 nos
3228 5117 3383 5158 eum-

1797 5188 1923 5242 dem
1947 5189 2099 5244 illum
2135 5190 2434 5246 indiculum
2469 5193 2867 5260 exscribemus,
2901 5194 2992 5248 ubi
3022 5210 3145 5266 quae
3174 5195 3232 5251 in
3265 5210 3384 5251 rem

1797 5280 2024 5348 faciunt,
2057 5299 2228 5354 pauca
2255 5287 2766 5354 prtemonuerimus.
2790 5284 3088 5343 Sciendum
3112 5288 3258 5342 enim
3276 5295 3381 5352 est,

1796 5388 1905 5427 non
1934 5373 2109 5429 solum
2140 5374 2332 5431 bisexti
2364 5390 2396 5431 a
2423 5373 2570 5431 Julio
2598 5375 2816 5433 Caesare
2833 5378 3068 5432 ordinati
3093 5378 3383 5440 rationem,

1797 5479 1862 5521 ac
1892 5464 2151 5531 formam,
2176 5469 2272 5525 sed
2300 5469 2546 5538 ejusdem
2568 5484 2791 5541 quoque
2813 5469 3290 5542 depravationem;
3315 5482 3385 5522 ac

1795 5566 2077 5627 pmtremo
2119 5560 2497 5631 Augustanam
2546 5562 2693 5618 illam
2745 5564 3165 5626 correctionem,
3199 5567 3255 5614 et
3291 5559 3379 5614 in-

1795 5648 2195 5706 staurationem
2222 5652 2374 5707 varie
2397 5652 2696 5709 admodum
2726 5652 3008 5724 explicari.
3043 5650 3183 5705 Sunt
3204 5649 3378 5712 enim,

1795 5740 1995 5809 quibus
2038 5741 2215 5810 placet
2257 5741 2465 5800 Julium
2508 5744 2781 5800 Caesarem
2832 5759 2979 5799 anno
3024 5740 3381 5797 Confusionis

1800 5833 1932 5889 nihil
1972 5846 2165 5907 przeter
2210 5837 2412 5896 solidos
2458 5854 2674 5896 incuses
2721 5854 2787 5895 ac
2834 5838 2950 5895 dies
2994 5833 3391 5901 intcrealassc;
