3958 6398
557 364 664 420 895

1713 358 2063 415 APPENDIX
2112 354 2742 414 DISSERTATIONUM.

3673 357 3752 415 896

558 476 790 546 ideoque
824 476 1062 548 primum
1097 491 1303 532 annum
1345 475 1622 531 lulianum
1659 475 1835 533 instar
1873 475 2146 534 bisextilis
2173 479 2222 536 Α
2249 475 2568 541 obscurum,
2617 487 2915 545 quamnam
2963 470 3290 542 castiganda
3327 469 3460 528 labis
3489 468 3617 526 illius
3639 471 3751 528 viam

555 567 733 624 fuisse
771 585 786 622 :
841 579 1008 637 atque
1057 569 1196 624 adeo
1228 567 1505 638 legitimos
1532 577 1589 622 et
1628 568 1940 624 ordinarios
1964 568 2148 624 bisex-

554 660 679 716 tiles
735 675 858 717 esse
897 662 1034 717 istos
1080 663 1410 732 oportuisse.
1467 661 1522 726 5,
1557 661 1613 729 9,
1645 661 1731 727 15,
1763 671 1893 727 etc.,
1942 661 2146 728 57,“,

550 753 644 819 45,
681 753 770 816 49,
809 752 896 808 55.
965 751 1040 808 Ita
1074 752 1322 824 Scaliger
1376 753 1470 808 lib.
1506 744 1573 806 tv"
1620 751 1700 806 De
1750 752 1954 806 emend.
2016 751 2148 816 Alii,

550 845 648 916 qui
681 845 1042 914 quadrantem
1077 846 1182 902 diei
1220 855 1415 916 praeter
1449 845 1656 900 solidos
1695 843 1814 899 dies
1853 843 2148 899 intercala-

551 945 670 989 tum
696 945 914 1006 putant,
947 936 1255 1008 legitimum
1279 935 1606 1000 bisextilem,
1633 933 1866 990 Iuliana!
1890 933 2152 990 editionis

549 1040 756 1080 annum
793 1025 1015 1080 tertium
1048 1034 1316 1086 statuunt.
1347 1025 1418 1080 ab
1451 1038 1626 1095 eoque
1654 1023 1914 1094 deinceps
1970 1023 2022 1091 7,
2056 1025 2148 1092 11,

551 1117 644 1180 15.
673 1125 780 1173 etc.
811 1116 996 1173 Tertia
1028 1125 1209 1188 potest
1240 1117 1308 1172 ad
1333 1132 1427 1172 eas
1448 1116 1708 1173 accedere
1738 1115 1916 1171 forma
1938 1155 1955 1182 ,
1979 1125 2042 1170 ut
2063 1115 2151 1170 ni-

550 1208 755 1263 mirum
781 1206 1133 1264 Confusionis
1151 1223 1330 1263 annus
1360 1209 1476 1278 ipse
1503 1207 1777 1265 bisextilis
1801 1207 1976 1263 vicem
2009 1222 2152 1278 prae-

551 1295 759 1362 buerit;
802 1311 869 1353 ac
921 1297 1153 1353 subinde
1215 1296 1466 1352 Julianus
1513 1296 1570 1363 4,
1606 1297 1663 1362 8,
1704 1297 1793 1364 12,
1847 1307 1978 1363 etc.,
2031 1306 2148 1353 tum

550 1387 642 1449 36.
707 1387 799 1455 40,
835 1389 926 1456 44,
981 1388 1070 1455 48,
1105 1388 1195 1456 52,
1267 1388 1536 1443 bisextum
1583 1389 1688 1444 sibi
1736 1404 1804 1444 ex
1848 1387 1982 1444 Julii
2037 1387 2151 1444 Ca:-

549 1479 695 1534 saris
773 1481 1181 1536 constructione
1248 1481 1547 1536 vindicent.
1621 1480 1699 1536 Ex
1744 1481 1812 1538 iis
1860 1482 2149 1542 ordinandi

551 1570 768 1638 formis,
798 1587 963 1640 quam
992 1571 1176 1628 Cazsar
1198 1573 1453 1636 tenuerit,
1479 1572 1753 1628 aﬂirmare
1786 1571 2006 1630 difﬁcile
2027 1583 2147 1641 est;

549 1663 1013 1731 quemadmodum
1059 1665 1226 1720 etiam
1264 1680 1388 1736 quae
1433 1664 1601 1720 fuerit
1643 1665 1974 1736 depravandi
2006 1666 2150 1722 ratio

550 1755 697 1810 haud
745 1755 823 1810 ita
863 1765 1017 1812 certo
1059 1767 1301 1813 constat.
1346 1757 1533 1813 Potuit
1561 1757 1709 1812 enim
1744 1773 1892 1812 anno
1925 1756 2150 1812 Iuliano

549 1849 712 1902 tertio
738 1858 930 1904 contra
963 1850 1344 1920 praaseriptum
1385 1849 1622 1907 Caesaris
1659 1851 2009 1906 intercalari:
2041 1866 2144 1921 po-

549 1940 655 1994 tuit
697 1952 753 1995 et
790 1952 1010 2010 quarto,
1048 1959 1174 1998 cum
1217 1943 1412 2014 quinto
1462 1943 1720 2013 iussisset
1783 1963 1796 1998 :
1848 1942 1995 1999 unde
2051 1942 2143 2011 '56,

548 2031 635 2086 vel
683 2031 754 2086 37
808 2033 1043 2091 vitiosus
1098 2035 1329 2092 exstitit.
1393 2034 1583 2107 Neque
1639 2050 1770 2091 vero
1812 2034 1996 2091 minus
2062 2043 2148 2092 est

2252 569 2534 638 Augustus
2565 567 2767 622 inierit.
2786 566 3058 621 Autenim
3089 565 3321 635 primum
3339 579 3400 618 ex
3416 579 3485 618 xu
3500 563 3751 634 ἀνεμόόλοις

2249 676 2372 717 esse
2397 661 2566 731 jussit
2592 659 2872 714 Iulianum
2904 657 2994 724 58,
3028 671 3140 728 quo
3168 657 3236 712 ad
3257 655 3646 711 emendationem
3664 657 3754 710 ani-

2251 769 2402 808 mum
2435 753 2665 824 adjecit;
2695 752 2740 808 si
2774 759 3086 822 postremus
3124 748 3387 804 bisextilis
3409 747 3755 802 vitiosusiuerit

2249 847 2316 900 57
2360 864 2374 900 :
2426 846 2500 900 ita
2551 855 2611 900 ut
2663 844 3023 900 duodecimus
3070 842 3179 896 τῶν
3236 839 3533 912 ἀνεμδὸλων
3585 838 3756 895 Juliana

2250 939 2508 995 editionis
2538 938 2701 993 fuerit
2726 937 2796 993 49
2835 957 2847 992 :
2891 951 2959 992 ex
3007 951 3117 1006 quo
3163 934 3411 1004 deinceps
3437 933 3554 989 anui
3581 934 3626 988 in
3648 933 3754 988 ordi-

2252 1044 2376 1084 nem
2406 1029 2709 1094 redacti,et
2745 1042 2893 1081 anno
2921 1026 2991 1081 55
3028 1026 3300 1096 legitimus
3334 1023 3579 1080 bisextilis
3601 1024 3752 1081 incidit.

2251 1121 2359 1174 Aut
2411 1120 2458 1175 si
2504 1119 2573 1175 '56
2650 1127 2964 1189 postremus
3024 1117 3292 1174 bisextilis
3361 1115 3486 1182 fuit;
3531 1116 3748 1170 duodecim

2251 1209 2452 1264 bisexti
2504 1223 2733 1278 prorsus
2792 1217 3043 1277 expertes
3073 1221 3104 1260 a
3153 1204 3224 1260 56
3277 1204 3345 1260 ad
3389 1203 3457 1260 48
3508 1205 3744 1274 pertexendi

2251 1307 2409 1366 sunt;
2472 1300 2608 1354 adeo
2646 1308 2704 1354 ut
2736 1299 2948 1368 primus
2989 1296 3256 1353 bisextilis
3310 1312 3372 1351 ex
3409 1297 3586 1351 ordine
3620 1296 3663 1350 in
3689 1295 3746 1350 lu-

2251 1392 2473 1447 lianum
2500 1391 2570 1444 52
2616 1390 2935 1445 incurrerit.
2984 1391 3055 1444 At
3099 1388 3304 1444 Paulus
3355 1387 3754 1456 Middelburgensis

2252 1485 2348 1540 lib.
2379 1499 2481 1551 xu,
2517 1498 2644 1538 cum
2700 1482 2960 1538 vitiosum
2989 1481 3260 1538 bisextum
3319 1495 3458 1536 anno
3483 1481 3534 1544 5,
3562 1480 3608 1542 6,
3632 1479 3673 1546 9,
3714 1494 3756 1534 ac

2251 1576 2489 1646 denique
2545 1575 2614 1630 36
2649 1574 3030 1630 intercalatum
3091 1589 3215 1629 esse
3259 1572 3500 1640 dixisset,
3525 1571 3759 1627 duodecim-

2253 1683 2362 1738 que
2411 1681 2735 1723 communes
2793 1665 2915 1722 illos
2965 1665 3021 1720 in
3087 1666 3157 1722 48
3205 1665 3434 1742 desiisse
3473 1683 3489 1720 :
3525 1665 3590 1723 ita
3623 1674 3670 1718 ut
3712 1665 3758 1718 53

2256 1763 2530 1816 bisextum
2579 1759 2842 1830 exigeret,
2894 1774 3098 1815 novum
3153 1774 3184 1813 a
3235 1757 3592 1818 sacerdotibus
3623 1756 3761 1811 vitium

2180 1819 2227 1878 Β
2252 1851 2496 1906 oblatum
2537 1819 2762 1917 asserit;
2823 1819 2886 1905 ut
2946 1849 3017 1903 49
3054 1849 3366 1905 bisexlilem
3409 1847 3620 1903 fecenit:
3662 1847 3767 1902 unde

2253 1941 2453 2011 reliqui
2480 1940 2742 2010 deinceps
2780 1939 2847 1994 ad
2882 1947 3097 1996 aetatem
3122 1948 3374 1996 nostram
3407 1937 3652 1995 bisextiles
3677 1949 3765 2007 pro-

2253 2034 2434 2104 pagati
2467 2039 2618 2087 sunt.

1749 2207 2124 2268 lNDlCULUS
2155 2207 2464 2274 ALIQUOT
2496 2207 2694 2268 COSS.

780 2343 962 2416 Olym-
1048 2350 1192 2404 Anni
1286 2351 1429 2405 Anni
1892 2350 2054 2409 Coss.
2559 2352 2753 2406 Annus
2837 2349 3074 2407 Bisexti-
3112 2351 3352 2407 Bisexti-
3414 2351 3611 2407 Litterae

760 2417 972 2486 piadcs.
1013 2419 1239 2476 Juliani.
1285 2421 1472 2478 Urbis.
2558 2421 2763 2476 Conl‘uo
2821 2421 3070 2477 lesetlit-
3109 2423 3354 2478 lesctlit-
3420 2439 3590 2478 emen-

2561 2492 2758 2547 sionis.
2811 2502 2942 2547 tera:
2975 2494 3056 2547 vi-
3097 2503 3228 2548 terre
3284 2493 3348 2546 D.
3390 2493 3494 2547 dati
3522 2493 3613 2548 Cv-

2819 2563 2974 2617 tiosze
2993 2579 3061 2617 ex
3115 2563 3330 2619 vitiosze
3411 2565 3479 2619 cli
3529 2579 3557 2617 a

2812 2631 3038 2690 Mittclb.
3094 2649 3163 2690 ex
3191 2634 3342 2690 Scal.
3379 2636 3597 2706 August.

1337 2700 1440 2756 707
1585 2702 1653 2767 Q.
1694 2699 1954 2758 Calenus.

1577 2770 1641 2826 Ρ.
1685 2773 1958 2828 Vatinius.

1331 2861 1436 2917 708
1580 2862 1646 2918 C.
1685 2861 1867 2917 Julius
1905 2863 2091 2920 Caesar
2126 2863 2218 2920 ΙΙΙ.

1050 2962 1053 2963 ν
1581 2932 1654 2988 Μ.
1694 2933 1959 2990 ᾸΕιηὶιὶυε
1985 2933 2249 3006 Lepidus.

1113 3024 1139 3078 1
1327 3023 1432 3080 700
1577 3025 1644 3081 C.
1681 3024 1861 3082 Julius
1894 3025 2077 3083 Caesar
2109 3027 2202 3092 IV,
2908 3032 2958 3085 (λ
3197 3030 3248 3084 Β
3457 3029 3496 3085 C
3518 3028 3556 3082 Β

1651 3097 1774 3152 sine
1816 3097 2048 3169 collega.

835 3183 940 3241 184
1116 3188 1154 3242 2
1333 3189 1440 3245 7l0
1579 3190 1644 3247 C.
1683 3190 1863 3248 Julius
1897 3192 2084 3251 Caesar
2118 3193 2148 3246 V

2905 3199 2954 3251 Β
3197 3196 3245 3250 Α
3478 3197 3521 3251 A

1583 3260 1658 3316 Μ.
1699 3263 1995 3320 Antonius.

1115 3352 1152 3408 5
1331 3353 1428 3409 711
1577 3354 1641 3411 C.
1683 3353 1877 3410 Vibius
1925 3354 2134 3413 Pansa.
2879 3361 2986 3416 AC
3205 3359 3253 3416 G
3482 3358 3524 3414 G

1575 3427 1645 3481 A.
1687 3424 1927 3481 Hirtius.

1116 3520 1155 3576 4
1331 3523 1442 3578 7η
1577 3523 1651 3578 Μ.
1694 3523 1957 3578 IEmiLns
1980 3522 2148 3593 Lepid

2258 3524 2328 3579 ll.
2912 3524 2952 3578 F
3184 3523 3292 3579 FE
3500 3521 3542 3578 Ρ

1565 3593 1643 3647 'L.
1684 3593 1965 3649 Munatius
2019 3594 2278 3652 Plancus.

1113 3679 1149 3735 5
1328 3681 1434 3737 715
1578 3682 1642 3736 L.
1683 3683 1984 3740 Antonius.

2911 3687 2959 3742 Ε
3209 3687 3268 3741 D
3478 3687 3579 3742 ED

1578 3753 1640 3807 P.
1684 3753 1952 3808 Servilius
1984 3752 2292 3812 Isauricus.

831 3839 938 3895 185
1117 3841 1152 3895 6
1331 3842 1440 3896 711
1577 3844 1640 3898 C.
1685 3843 1955 3900 Domitius
1986 3844 2148 3901 Calvi

2247 3867 2273 3902 ι.
2903 3848 3004 3904 DC
3219 3850 3264 3904 C
3509 3846 3550 3903 C

1581 3914 1645 3968 C.
1688 3915 1917 3970 Asinius
1943 3914 2139 3971 Pollio.

1118 4003 1150 4055 7
1331 4003 1437 4058 715
1581 4005 1642 4058 L.
1684 4005 1953 4062 Martinus
1983 4005 2350 4067 Censorinus.
2917 4010 2960 4066 Β
3179 4011 3219 4066 Β
3239 4012 3288 4066 Α
3500 4010 3542 4064 Β

1574 4075 1637 4131 C.
1678 4077 1961 4133 Calvisius
2000 4077 2263 4135 Sabinus.

1114 4169 1149 4225 8
1331 4169 1435 4227 7l6
1577 4171 1986 4242 Ap.__Claudius
2016 4173 2276 4230 Pulcher.
2925 4177 2969 4230 A
3221 4176 3269 4232 ϐ
3484 4178 3526 4228 Δ

1573 4240 1644 4298 (ἐξ
1675 4240 1970 4299 Norbanus
2004 4243 2260 4301 Flaccus.

1114 4339 1148 4395 9
1327 4339 1431 4395 717
1578 4339 1651 4412 bl.
1692 4339 1956 4412 Agrippa.
2012 4411 2028 4412 ί

2879 4343 2985 4401 CF
3218 4344 3260 4398 F
3442 4339 3545 4398 CF

1582 4409 1646 4465 L.
1685 4408 1956 4468 ca'ninius
1996 4411 2211 4468 Gallus.

835 4499 940 4555 186
1087 4501 1152 4554 10
1334 4501 1438 4556 7-18
1581 4500 1644 4554 L.
1684 4500 1892 4556 Gellius
1921 4501 2144 4568 Poplico

2927 4507 2969 4560 E
3185 4505 3296 4558 ΕΟ
3482 4503 3523 4558 Ε

1584 4570 1656 4627 Μ.
1697 4573 1962 4642 Cocceius
1990 4571 2191 4628 Nerva.

1091 4665 1148 4717 11
1340 4665 1445 4720 7|9
1585 4663 1650 4717 L.
1690 4663 2052 4720 Corniﬁcius.
2923 4668 2965 4720 1)
3220 4668 3264 4722 C
3479 4665 3521 4718 D

1588 4734 1716 4790 Sex.
1757 4734 2076 4806 Pompeius.

1005 4869 1016 4881 .
1087 4825 1156 4880 12
1336 4825 1440 4879 7‘30
1584 4826 1654 4880 M.
1697 4827 1976 4883 Antonius
2006 4828 2075 4882 11.

2885 4826 2994 4883 CB
3209 4825 3252 4879 Β
3475 4825 3512 4880 C

1588 4897 1655 4952 L.
1697 4899 2020 4954 Scribonius
2046 4899 2207 4954 Libo.

1086 4992 1152 5046 15
1331 4991 1432 5046 72-1
1579 4991 1645 5046 C.
1686 4990 1873 5046 Caesar
1907 4990 2243 5048 Octavianus
2275 4992 2338 5046 Il.
2906 4993 2949 5047 A
3170 4991 3218 5045 A
3242 4991 3282 5044 Β
3431 4990 3536 5044 BA

1587 5061 1659 5117 L.
1706 5060 1990 5118 Volcatius
2027 5062 2241 5119 Tullus.

832 5157 938 5215 187
1084 5157 1151 5214 id
1330 5159 1435 5214 72'}.
1578 5157 1681 5213 Cn.
1723 5157 1999 5213 Domitius
2031 5159 2456 5215 Ahenobarbus.
2921 5159 2963 5214 G
3219 5157 3261 5211 F
3477 5154 3522 5212 ϐ

1580 5228 1644 5284 C.
1685 5227 1881 5284 Sosius
1910 5228 2114 5300 Nepos.

1082 5320 1149 5374 15
1331 5321 1437 5376 725
1581 5319 1644 5375 C.
1685 5321 1874 5376 Caesar
1902 5319 2241 5377 Octavianus
2273 5319 2364 5378 lll.
2883 5322 2920 5378 F
2941 5320 2982 5375 Ε
3217 5320 3262 5375 Ε
3480 5317 3521 5374 F

1581 5389 1656 5446 M.
1691 5392 1942 5448 Valerius
1977 5391 2236 5448 Messala.

1083 5484 1150 5538 16
1329 5483 1433 5537 721
1577 5482 1643 5538 C.
1678 5484 1864 5539 Cmsar
1889 5483 2148 5540 Octavian

2247 5484 2336 5540 IV.
2908 5484 2951 5536 D
3166 5482 3265 5538 DC
3479 5480 3520 5534 Ε

1589 5553 1662 5608 Μ.
1699 5553 1948 5610 Licinius
1975 5555 2235 5613 Crassus.

1080 5649 1145 5701 l7
1328 5646 1435 5702 7‘25
1580 5649 1718 5719 imp.
1758 5649 1945 5705 Cassar
2004 5649 2335 5706 Octavianus
2363 5649 2428 5703 ν.
2918 5650 2961 5703 C
3214 5646 3257 5699 Β
3448 5647 3491 5701 ι)
3513 5642 3552 5697 C

1585 5718 1716 5775 sex.
1755 5721 2023 5791 Apuleius
2045 5721 2246 5792 Nepos.

835 5805 938 5864 t83
1086 5817 1148 5874 is
1340 5813 1434 5871 720
1578 5815 1714 5886 imp.
1756 5817 1940 5870 Caesar
1977 5819 2309 5877 Octavianus
2351 5817 2438 5874 v1.
2883 5817 2990 5873 ua
3202 5815 3251 5874 Δ
3478 5803 3517 5858 Β

1583 5885 1928 5960 M.Agrippa
1961 5887 2026 5943 ll.
