3958 6394
545 376 651 433 899

1699 376 2047 434 APPENDIX
2078 376 2707 437 DISSERTATIONUM.
3669 392 3751 450 9’50

619 493 961 553 Nunciliud.
1004 493 1059 549 in
1090 508 1200 564 quo
1237 494 1440 565 negotii
1491 495 1659 551 totius
1709 514 1925 552 summa
1961 498 2126 552 verti-
2155 506 2198 561 Λ
2228 515 2296 553 eo
2349 514 2510 553 sensu
2568 503 2759 556 demus
2812 500 3162 559 itttercalatas
3214 503 3418 571 fuisse,
3469 507 3597 576 quod
3646 514 3754 566 ultra

548 595 663 653 tur,
709 586 988 642 observari
1019 587 1297 654 convenit,
1336 602 1540 642 annum
1589 589 1903 658 quempiam
1952 588 2007 642 in
2032 586 2134 642 Jn.

548 679 823 734 lianorum
852 680 995 736 serie
1018 680 1219 749 duplici
1248 681 1464 735 ratione
1502 680 1809 737 bisextiletn
1841 682 2132 736 nominari.

547 770 684 825 Nam
717 772 802 827 vel
845 782 1065 843 propter
1097 772 1540 829 antecedentium
1593 788 1860 828 annorum
1911 789 2136 829 succes-

549 858 761 912 sionem
811 875 877 914 ex
925 860 1163 916 Ctesaris
1192 860 1540 916 ordinatione
1585 861 1855 917 bisextilis
1902 872 2018 929 est;
2051 864 2137 918 vel

550 960 800 1019 respectu
826 951 893 1005 ad
922 952 1158 1021 primum
1186 956 1524 1024 Augusteum
1550 956 1899 1009 emendatum
1926 956 2135 1023 habito,

548 1042 711 1111 cujus
759 1042 1048 1112 dispositio
1091 1044 1144 1097 in
1176 1046 1479 1114 superiores
1504 1060 1723 1115 quoque
1751 1047 2020 1101 redundat
2073 1063 2139 1103 ac

546 1134 875 1203 regreditur.
918 1133 1070 1207 (Nos
1117 1137 1263 1189 enim
1313 1135 1583 1191 Julianant
1637 1137 1869 1192 formam
1925 1141 1994 1195 ab
2025 1140 2139 1192 Att-

549 1234 713 1294 gusto
742 1228 1070 1281 recensitam
1111 1229 1175 1283 ad
1220 1230 1522 1283 anteriores
1564 1245 1739 1284 annos
1800 1232 2043 1299 adeoque
2069 1231 2138 1286 ad

552 1318 742 1371 mundi
774 1319 946 1387 ipsius
992 1329 1172 1374 ortum
1224 1321 1463 1376 methodi
1510 1322 1680 1391 gratia
1720 1325 2139 1379 accommodare

551 1408 838 1475 solemus.)
883 1411 1126 1481 Exempli
1177 1427 1343 1466 causa
1376 1430 1390 1466 :
1428 1429 1606 1467 annus
1640 1412 1892 1469 Julianus
1941 1415 2033 1476 45.
2082 1416 2135 1471 in

550 1514 712 1568 quem
758 1500 1123 1572 Dionysianus
1153 1504 1353 1559 natalis
1399 1505 1610 1571 incidit,
1672 1508 1716 1562 si
1763 1523 1885 1561 vera
1920 1518 2006 1562 est
2038 1507 2138 1562 Ju-

548 1592 694 1646 liana
727 1593 815 1647 illa
851 1593 1121 1650 bisextilis
1166 1595 1484 1665 descriptio,
1512 1612 1676 1667 quam
1708 1599 1944 1653 Annales
1983 1600 2140 1653 exhi-

549 1684 700 1748 bent,
722 1684 991 1740 bisextum
1026 1687 1236 1740 nullum
1264 1687 1475 1753 habuit,
1509 1689 1605 1743 sed
1635 1690 1817 1759 potius
1846 1690 1937 1744 45.
1975 1691 2039 1745 At
2070 1705 2138 1746 ex

552 1773 784 1845 Augusti
815 1775 1177 1840 correctione,
1199 1776 1314 1830 sive
1345 1790 1510 1846 quam
1531 1775 1731 1831 Paulus
1756 1775 2141 1846 Foroscmpro-

2238 604 2456 645 menses
2503 592 2730 662 diesque
2780 593 2986 649 solidos
3038 607 3405 661 excurrerent,
3435 611 3549 652 cum
3581 598 3627 653 in
3654 603 3755 655 anni

2237 685 2588 743 Confusionls
2633 686 2842 741 exitum
2878 688 3209 758 peraeqttatio
3237 689 3340 744 ista
3368 691 3648 757 conveniat,
3671 708 3756 748 non

2237 779 2417 850 potuit
2462 778 2644 834 Czesar
2700 782 3009 851 proximum
3046 782 3317 838 bisextum
3348 783 3401 836 in
3439 784 3473 838 5
3511 781 3757 853 Jttlianum,

2239 873 2333 927 sed
2371 873 2423 927 in
2454 872 2487 925 4
2523 873 2798 928 ineuntem
2829 874 3104 941 indicere;
3137 884 3252 929 tum
3282 874 3505 941 scilicet,
3537 891 3644 931 cum
3669 877 3759 932 dies

2237 979 2303 1019 ex
2364 964 2765 1033 quadrantibus
2814 964 3057 1020 collectis
3106 964 3315 1020 solidus
3361 964 3757 1021 exsisteret:etsi

2239 1055 2520 1123 quadrans
2569 1053 2658 1109 ille
2712 1054 2969 1112 boraritts
3022 1071 3129 1110 non
3173 1071 3299 1111 cum
3333 1056 3538 1112 duobus
3581 1058 3755 1127 reliquis

2241 1147 2543 1209 mensibus,
2580 1147 2673 1202 sed
2728 1163 2854 1202 cum
2909 1147 3254 1204 Mercedonio
3308 1147 3666 1220 προληπτικῶς
3695 1150 3753 1203 in-

2241 1241 2406 1295 lissns
2445 1240 2549 1295 diei
2601 1248 2801 1309 potest,
2832 1248 2891 1294 ttt
2918 1240 3127 1311 justum
3182 1239 3252 1296 ad
3285 1240 3625 1311 colligendum
3664 1256 3749 1311 qua-

2239 1332 2488 1387 drantem
2564 1331 2792 1387 alterum
2858 1331 3096 1401 spatium
3155 1346 3303 1387 anno
3360 1335 3533 1403 primo
3597 1331 3751 1386 Juliano

2241 1421 2462 1474 ineunte
2502 1435 2624 1476 esse
2670 1422 2928 1490 potuerlt.
2980 1419 3352 1478 Nihilominus
3400 1422 3467 1479 de
3507 1422 3601 1478 hoc
3635 1421 3759 1478 Solini

2240 1510 2361 1563 loco
2389 1509 2738 1579 cogitandum
2775 1509 3010 1579 amplius
3038 1526 3258 1565 censeo.

2312 1596 2407 1652 His
2430 1600 2738 1653 necessario
2761 1601 3093 1665 constitutis,
3116 1616 3322 1655 annum
3354 1615 3601 1668 negamus
3630 1601 3762 1666 illum,

2240 1705 2349 1760 quo
2404 1688 2669 1745 Lentulus
2701 1699 2755 1744 et
2787 1689 3118 1746 Messalinus
3165 1706 3310 1748 coss.
3338 1691 3567 1754 fuerunt,
3600 1691 3766 1745 hiseni-

2241 1781 2347 1837 lem
2371 1781 2560 1836 fuisse.
2584 1780 2771 1836 Fuerit
2802 1782 2951 1837 enim
2971 1798 3037 1837 ex
3058 1781 3189 1837 Julii
3210 1782 3448 1838 Car-saris
3465 1783 3768 1849 ordinatione,

551 1864 760 1920 niensis
785 1864 985 1920 asserit
1010 1905 1026 1928 ,
1063 1865 1180 1921 sive
1206 1881 1329 1936 quae
1360 1867 1413 1919 in
1441 1882 1643 1920 annum
1679 1866 1748 1921 55
1771 1866 2039 1921 biSexlttm
2068 1866 2145 1923 le—
2174 1859 2218 1915 Β
2244 1872 2392 1942 quod
2417 1874 2573 1929 valde
2604 1873 2874 1928 incertum
2909 1889 3031 1930 esse
3060 1877 3324 1931 hactenus
3364 1875 3767 1930 monstravimus:

551 1954 801 2024 gitimum
826 1955 1068 2025 conjicit,
1088 1956 1230 2011 idem
1259 1957 1617 2013 ille/manuus
1638 1956 1889 2013 Julianus
1918 1958 2135 2013 bisexti—

546 2045 621 2101 iis
645 2045 768 2100 erit.
802 2045 878 2100 Ita
908 2047 1052 2101 enim
1084 2049 1291 2116 primus
1322 2063 1501 2104 annus
1529 2047 1802 2115 Julianus,
1828 2049 2041 2103 tametsi
2067 2063 2135 2104 ex

553 2137 796 2192 auctoris
850 2148 1028 2192 mente
1079 2139 1350 2194 bisextilis
1396 2155 1506 2195 non
1561 2140 1743 2205 fuerit,
1802 2155 1864 2196 ex
1903 2140 2135 2211 Augusti

552 2238 733 2282 tamen
776 2230 1159 2285 emendatione
1210 2230 1381 2287 fuisse
1431 2241 1706 2299 censetur,
1742 2224 1802 2286 ut
1850 2230 2136 2287 Forosem-

553 2323 865 2392 proniensis
916 2321 1161 2380 adnutat.
1210 2322 1331 2378 Jatn
1367 2325 1461 2396 qui
1508 2322 1753 2379 Natalem
1799 2323 2004 2379 Christi
2037 2338 2136 2379 an-

552 2432 683 2469 utrm
716 2417 1020 2470 hisextilem
1067 2416 1196 2471 velit
1232 2417 1598 2491 luisse,roque
1636 2418 1783 2471 velut
1817 2417 2136 2473 charactere

552 2510 815 2579 temporis
865 2519 1085 2576 utatur;
1120 2527 1224 2564 ttou
1268 2510 1318 2564 ei
1346 2511 1481 2565 satis
1508 2518 1613 2575 est,
1645 2512 2025 2566 demonstrare
2056 2510 2138 2566 bi-

551 2611 767 2656 sextum
802 2618 867 2656 ex
912 2601 1128 2658 Juliana
1176 2604 1525 2659 institutione
1553 2605 1605 2659 itt
1642 2606 1793 2659 illum
1832 2606 2006 2675 ipsum
2037 2620 2137 2660 an-

551 2708 685 2746 num
737 2693 1018 2758 incidisse,
1072 2695 1252 2764 quod,
1305 2704 1363 2750 ut
1411 2710 1445 2752 e
1484 2697 1861 2763 superioribus
1909 2698 2133 2767 intelligi

553 2793 789 2852 potest,
843 2785 1075 2840 dubium
1129 2794 1214 2841 est
1278 2796 1333 2841 et
1389 2788 1699 2844 incertum:
1738 2788 1833 2843 sed
1888 2789 2136 2846 habenda

551 2873 790 2929 maxime
845 2876 1296 2945 consequentium
1350 2877 1686 2933 bisextorutn
1740 2879 1903 2944 ratio,
1946 2880 2136 2951 cujus-

554 2962 701 3015 tnodi
771 2962 1036 3017 hodierno
1092 2979 1192 3018 usu
1259 2974 1382 3035 post
1455 2966 1687 3038 Augusti
1744 2968 2134 3024 correctionem

552 3051 934 3108 observantur.
968 3055 1123 3121 Quod
1160 3056 1213 3110 itt
1252 3055 1547 3112 Annalibus
1579 3059 1762 3115 minus
1789 3060 2135 3116 animadver-

554 3158 676 3196 sum
703 3159 769 3198 eo
802 3146 1017 3200 tandem
1051 3147 1335 3202 ratiocinia
1378 3149 1603 3219 redegit,
1640 3158 1700 3203 ut
1730 3165 1932 3204 annum
1966 3148 2138 3205 Julia-

2243 1975 2598 2038 posteaquam
2631 1966 2852 2037 quidem
2904 1967 2974 2021 ab
3009 1967 3257 2037 Augusto
3305 1978 3577 2024 correctus
3614 1982 3771 2031 annus,

2244 2059 2291 2113 si
2328 2057 2399 2112 ab
2422 2071 2612 2112 eorum
2645 2057 2851 2127 aliquo,
2883 2073 3019 2128 quos
3051 2059 3330 2114 bisextiies
3358 2067 3466 2114 tam
3501 2059 3623 2129 ipse,
3645 2072 3771 2130 quam

2243 2148 2534 2217 posteritas
2576 2147 2758 2202 omnis
2792 2147 3002 2214 habuit,
3043 2158 3190 2204 retro
3233 2165 3511 2215 numeres,
3557 2163 3771 2219 negamus

2245 2245 2584 2305 constanter,
2630 2238 2944 2295 bisextilem
2978 2256 3102 2296 eum
3133 2256 3276 2310 esse,
3327 2257 3442 2314 quo
3470 2242 3714 2298 Christum
3734 2242 3775 2296 in

2244 2330 2420 2386 lucem
2451 2330 2656 2386 editum
2679 2331 2912 2387 Annales
2939 2333 3282 2389 ecclesiastici
3314 2335 3643 2390 conﬁrmant.
3682 2332 3775 2387 Fuit

2244 2421 2335 2477 hic
2364 2420 2618 2479 Julianus
2662 2422 2754 2491 45,
2801 2425 2893 2493 qui
2946 2423 3294 2496 Olympiadis
3331 2426 3436 2481 194
3482 2442 3615 2481 anno
3641 2426 3776 2495 primo

2244 2514 2463 2570 labente
2494 2517 2679 2587 crepit,
2716 2518 2785 2572 ab
2823 2517 2965 2573 Urbe
2999 2521 3220 2574 condita
3262 2537 3330 2575 ex
3367 2520 3681 2576 Varroniana
3705 2534 3775 2588 pu-

2245 2607 2453 2662 tatione
2486 2607 2613 2665 75l.
2671 2608 2728 2663 In
2776 2609 2995 2666 Juliana
3045 2627 3207 2681 porro
3254 2615 3504 2684 periodo,
3533 2630 3629 2685 qua
3674 2612 3775 2667 nihil

2245 2699 2312 2754 ad
2334 2700 2710 2757 extricandam
2737 2703 3144 2772 cltrouologiam
3169 2706 3501 2776 expeditius,
3524 2722 3620 2760 non
3645 2705 3772 2759 alium

2244 2806 2451 2847 annum
2497 2802 2750 2863 occupat,
2797 2810 2965 2865 quam
3000 2795 3163 2861 4711,
3226 2798 3385 2868 cyclo
3424 2800 3553 2853 solis
3579 2798 3623 2861 '1,
3670 2797 3778 2851 luna

2245 2888 2335 2954 l8,
2388 2887 2577 2943 indict.
2628 2889 2682 2955 1,
2728 2904 2760 2945 a
2813 2886 3095 2955 Januario,
3163 2906 3195 2944 a
3238 2878 3549 2961 Septembri
3585 2904 3695 2944 vero
3734 2886 3776 2941 2.
3837 2884 3847 2897 '

2245 2979 2400 3046 Quod
2430 2978 2651 3051 quidem
2701 2995 2810 3036 non
2848 2981 3185 3052 conjectura.
3218 2983 3313 3037 sed
3365 2982 3777 3039 demonstratione

2244 3073 2456 3127 nititur.
2495 3072 2739 3129 Mortuus
2765 3084 2850 3129 est
2888 3073 3170 3143 Augustus
3202 3071 3388 3130 Sextis
3415 3076 3617 3131 duobus
3646 3087 3780 3133 coss.

2248 3174 2306 3218 ut
2360 3164 2603 3225 omnium
2651 3181 2924 3221 consensu
2974 3166 3477 3236 exploratissitnum
3527 3177 3623 3231 est,
3666 3181 3776 3221 anno

553 3251 687 3290 Hum
738 3237 799 3292 5|
862 3238 1165 3294 biSeXlilelll
1216 3241 1647 3309 consumerem;
1702 3243 1771 3298 εἷο
1819 3258 1928 3314 quo
1974 3243 2137 3313 Paulo
2165 3230 2411 3315 c.Urhis
2465 3254 2589 3310 765.
2637 3256 2781 3312 Ante
2828 3230 3174 3312 consula-tum
3224 3257 3540 3326 Sextorttm,
3587 3230 3629 3314 si
3668 3267 3779 3311 retro

552 3340 697 3398 post.
732 3329 947 3387 interim
985 3335 1347 3402 quadrantem
1399 3337 1574 3402 illum,
1602 3352 1763 3407 quem
1799 3352 1924 3392 cum
1952 3337 2141 3393 solidis

553 3420 746 3475 diebus
807 3424 1184 3479 intercalatum
1258 3424 1479 3481 Solinus
1542 3426 1812 3496 prodidit,
1878 3429 2141 3483 attentius

550 3516 921 3582 exitloremus.
956 3514 1129 3573 Solini
1157 3518 1324 3574 verba
1351 3529 1502 3579 sunt:
1535 3518 1604 3574 Et
1632 3530 1690 3573 ut
1719 3531 1916 3575 statum
1938 3529 2140 3577 certum

549 3610 851 3675 prseteritus
901 3611 1164 3679 acciperet
1209 3628 1390 3676 error,
1434 3614 1547 3667 dies
1578 3629 1670 3667 XXI
1700 3622 1750 3667 et
1791 3616 2141 3685 quadrantem

547 3700 713 3753 simul
738 3701 1101 3763 intercalavit,
1127 3712 1233 3758 etc.
1261 3703 1350 3759 lllc
1375 3719 1505 3775 ergo
1536 3719 1715 3760 annus
1744 3705 1896 3760 solus
1920 3720 2144 3761 ccchtv

549 3790 666 3846 dies
690 3791 911 3860 habuit;
933 3793 1024 3847 alii
1042 3795 1298 3865 deinceps
1322 3809 1526 3850 cccnxv
1552 3805 1605 3850 et
1637 3797 2014 3866 quadrantem.
2039 3798 2142 3865 Qui

551 3879 727 3936 Solini
760 3882 936 3947 locus,
973 3891 1069 3937 aut
1113 3885 1327 3941 inscitia
1372 3886 1740 3953 librariorum,
1790 3897 1882 3942 aut
1910 3892 2143 3960 scripto-

552 3973 630 4027 ris
680 3973 1111 4029 ltalltteinatione
1148 3977 1287 4031 male
1313 3977 1530 4034 habitus
1560 3988 1663 4035 est.
1702 3980 1892 4036 Annus
1933 3980 2142 4037 Confu-

547 4065 722 4122 sionis
752 4076 946 4135 prater
970 4068 1273 4123 ordinarios
1291 4085 1475 4134 cccnv,
1499 4073 1595 4141 qui
1631 4072 1734 4127 l‘uit
1761 4074 1886 4128 anni
1910 4072 2141 4129 Romani

551 4160 769 4226 modus,
799 4160 917 4217 dies
940 4161 1133 4216 habuit
1169 4162 1429 4221 insititios
1460 4182 1627 4231 vau,
1662 4176 1720 4221 ut
1750 4166 1851 4223 Dio
1886 4177 2139 4224 testatur.

551 4250 648 4307 llis
697 4253 740 4306 si
789 4253 1194 4309 intercalarium
1245 4255 1655 4313 Merkedouiutn
1698 4275 2013 4323 accenseas,
2047 4264 2139 4332 qui

546 4347 897 4401 commodum
928 4348 981 4401 in
1017 4363 1141 4402 eum
1170 4365 1374 4403 annum
1426 4350 1732 4417 inciderat,
1764 4370 1981 4410 summa
2020 4356 2139 4410 die-

547 4448 672 4490 rum
706 4438 1014 4494 additorum
1066 4449 1150 4494 est
1182 4456 1267 4505 xc,
1316 4442 1361 4498 si
1410 4442 1793 4500 Merkedonius
1835 4462 1976 4500 xxm
2008 4464 2021 4499 :
2056 4448 2140 4501 vel

2245 3362 2522 3421 numeres,
2550 3347 2704 3418 paria
2738 3359 2867 3404 sunt
2895 3350 3124 3405 omnino
3154 3351 3447 3406 consulum
3479 3368 3597 3420 xvt;
3636 3349 3779 3421 proin-

2244 3416 2438 3510 deqtte'
2466 3416 2793 3495 lii—annum
2855 3442 3184 3499 anteriorem
3253 3454 3528 3516 occupant
3565 3416 3777 3498 Lentulus

2244 3541 2300 3586 et
2331 3531 2679 3589 Marcellinus
2704 3548 2849 3589 (ξοδδ.
2878 3532 3112 3605 Insignis
3144 3551 3305 3605 porro
3342 3551 3522 3592 annus
3549 3536 3628 3591 ille
3656 3547 3777 3588 mor—

2247 3629 2315 3683 tis
2339 3626 2570 3698 Augusti
2607 3627 2711 3682 l‘uit
2738 3628 2881 3684 luna:
2919 3628 3180 3700 deliquio,
3207 3630 3355 3701 quod
3379 3631 3450 3687 4⁸)
3481 3630 3565 3685 die
3604 3627 3665 3682 ab
3688 3627 3778 3694 ejus

2244 3720 2394 3776 obitu
2439 3720 2738 3793 contigisse
2782 3720 2923 3775 inter
2968 3722 3336 3793 chronologos
3391 3730 3615 3787 constat,
3655 3719 3777 3786 idque

2244 3812 2592 3884 Dionysianaa
2641 3828 2764 3868 terre
2810 3829 2955 3869 anno
3003 3813 3092 3880 14,
3140 3815 3294 3886 cyclo
3362 3815 3493 3870 solis
3535 3813 3619 3877 23,
3673 3812 3777 3863 lunae

2249 3906 2336 3972 15,
2378 3905 2528 3974 Sept.
2581 3904 2669 3968 27,
2707 3904 2840 3960 feria
2869 3905 2921 3970 5,
2953 3906 3131 3961 littera
3176 3905 3332 3961 Dom.
3382 3906 3450 3970 G,
3482 3904 3688 3960 Julianaa
3713 3915 3779 3970 pe-

2245 3997 2383 4052 riodi
2426 3996 2587 4051 4727.
2639 3995 2846 4064 Quodsi
2891 4012 3065 4054 annos
3117 3998 3244 4054 inde
3312 3997 3642 4054 subtraxeris
3691 4008 3775 4055 xrt,

2245 4091 2491 4162 reliquus
2548 4092 2654 4145 erit
2704 4091 2864 4158 4711,
2914 4105 3024 4162 quo
3067 4106 3213 4147 coss.
3269 4089 3428 4147 fuere
3469 4089 3705 4146 Lentulus
3739 4092 3779 4138 et

2246 4183 2615 4238 Marcellinus.
2650 4182 2754 4251 Qui
2792 4186 2838 4240 si
2890 4184 3159 4240 bisextilis
3203 4182 3423 4250 fuisset,
3466 4199 3631 4238 annus
3654 4183 3778 4234 abeo

2247 4276 2313 4330 l6
2366 4275 2590 4346 perinde
2636 4277 2909 4332 bisextum
2965 4277 3266 4333 habuisset.
3336 4278 3437 4333 Est
3488 4287 3652 4333 autem
3686 4282 3779 4325 ante

2243 4382 2448 4426 nostrae
2494 4370 2583 4432 14,
2635 4384 2701 4424 ac
2732 4378 2856 4439 post
2889 4370 3194 4425 bisextilem
3226 4372 3539 4437 secundus;
3571 4368 3719 4438 igitur
3738 4369 3778 4415 et

2243 4476 2422 4516 anuus
2466 4460 2577 4525 ille,
2610 4477 2723 4531 quo
2752 4459 3040 4518 Marcellus
3067 4472 3118 4516 et
3153 4461 3421 4518 Lentulus
3462 4477 3601 4518 coss.
3636 4463 3777 4513 erant.

545 4542 777 4593 Lxxxtx,
807 4530 852 4584 si
901 4545 1016 4586 χιιι
1047 4531 1313 4588 duntaxat
1340 4534 1595 4590 obtinuit.
1627 4536 1810 4603 Quare
1843 4547 1899 4593 et
1929 4539 2135 4593 Confu-
2170 4571 2216 4629 ο
2244 4552 2509 4607 “senilis
2542 4568 2649 4607 non
2683 4551 2804 4608 ruit,
2848 4551 2990 4607 mem
3034 4568 3098 4608 ex
3142 4551 3522 4625 Olympiadum
3550 4563 3603 4607 et
3642 4548 3779 4604 Julia-

546 4622 723 4677 SiOnis
779 4637 957 4677 annus
999 4623 1115 4679 dies
1149 4626 1388 4695 postulat
1425 4642 1705 4694 ccccxuv,
1757 4630 1838 4684 vel
1872 4647 2130 4699 cccchv,

547 4724 609 4768 ut
639 4712 981 4770 Censorinus
1033 4715 1225 4771 scribit
1275 4733 1397 4789 pag.
1449 4718 1538 4773 46.
1569 4723 1748 4791 Atque
1791 4721 1865 4775 illi
1911 4723 2133 4793 quidem

539 4805 664 4858 dies
720 4805 790 4858 ita
836 4804 1140 4874 dispensati
1174 4817 1323 4872 sunt,
1361 4818 1420 4862 ut
1457 4826 1582 4866 cum
1619 4813 1983 4876 intercalaris,
2017 4815 2134 4871 sive

538 4895 925 4952 Met-cedonius
956 4913 1119 4952 suum
1176 4899 1230 4953 in
1282 4899 1583 4958 Februario
1634 4904 1816 4960 locum
1867 4921 1934 4961 ex
1981 4921 2134 4963 more

539 4987 775 5043 sortitus
801 4997 965 5056 esset,
997 4989 1111 5043 duo
1139 4990 1231 5045 alii
1262 5007 1475 5048 menses
1507 4995 1651 5050 inter
1673 4994 2038 5053 Novembrem
2066 5013 2132 5054 ac

542 5077 900 5134 Decembrem
932 5082 1120 5137 inserti
1160 5083 1290 5148 sint,
1321 5086 1534 5141 dierum
1570 5090 1731 5144 ambo
1750 5090 1920 5166 .simul
1952 5107 2129 5158 vatt,

538 5171 620 5225 ita
672 5180 729 5225 ut
768 5177 1100 5244 permquatio
1149 5176 1266 5246 ipsa
1321 5179 1374 5232 in
1423 5180 1552 5234 anni
1582 5182 1750 5236 tinem
1797 5183 2126 5241 incubuerit.

537 5261 684 5320 :llinc
712 5264 799 5318 illa
823 5264 1108 5320 verissima
1134 5270 1397 5338 suspicio,
1419 5270 1670 5328 Solinum
1704 5291 1981 5341 ccccxuv,
2019 5295 2127 5333 non

532 5370 762 5410 (κλείων
795 5357 1106 5425 scripsisse.
1133 5358 1271 5416 Nam
1318 5365 1462 5432 quod
1495 5366 1611 5422 dies
1651 5384 1819 5423 tinum
1851 5379 1907 5425 et
1932 5371 2127 5442 viginti

533 5463 667 5501 cum
698 5448 1005 5517 quadrante
1050 5455 1347 5509 accessisse
1394 5457 1547 5523 dicit,
1603 5462 1670 5514 ad
1719 5460 2125 5520 Mercedonium

543 5540 814 5607 respicere
843 5542 1039 5609 potuit,
1084 5543 1176 5612 qui
1208 5560 1346 5610 χχιι,
1369 5558 1466 5602 aut
1509 5564 1646 5605 χχιιι
1678 5550 1871 5606 diebus
1905 5564 2127 5609 consta-

535 5626 651 5681 bat.
706 5629 1030 5700 Quanquam
1079 5633 1149 5690 de
1197 5635 1519 5693 interealato
1570 5642 1871 5709 quadrante
1934 5661 2126 5715 parum

536 5724 826 5777 commode
872 5725 1161 5794 scripsisse
1198 5729 1430 5785 videtur.
1464 5730 1582 5786 Non
1617 5736 1762 5790 enim
1795 5741 2124 5809 appendices

541 5815 689 5865 uerae
724 5813 778 5868 iu
819 5815 969 5870 civili
1017 5834 1164 5875 anno
1208 5820 1521 5881 intercalari
1567 5828 1846 5887 dicuntur.
1882 5830 2033 5897 Quas
2068 5843 2127 5889 ut

2238 4659 2435 4698 norunt
2466 4659 2736 4700 annorum
2765 4646 2905 4701 serie
2927 4646 3235 4702 deducitur.
3286 4647 3425 4703 Nam
3456 4663 3576 4705 cum
3605 4637 3777 4700 Leittuii
3862 4632 3865 4639 ’

2233 4745 2291 4791 et
2321 4737 2617 4792 Marcvllini
2659 4738 2978 4793 consulatus
3014 4736 3268 4794 Julianus
3296 4738 3367 4795 sit
3393 4740 3497 4805 43;
3531 4737 3772 4792 Sextorum

2235 4842 2367 4883 vero
2403 4828 2641 4885 duorum
2674 4830 2747 4885 sit
2778 4827 3033 4885 Julianus
3059 4829 3149 4897 59,
3185 4830 3442 4902 idemque
3478 4845 3595 4886 aera:
3620 4836 3776 4882 nostra:

2235 4918 2562 4976 Mznecesse
2606 4933 2713 4987 est,
2748 4930 2809 4976 ut
2831 4937 3010 4978 annus
3029 4921 3282 4980 Julianus
3308 4922 3418 4978 285
3450 4924 3523 4980 sit
3541 4937 3652 4977 tera:
3679 4916 3775 4969 Dio-

2234 5010 2477 5081 nysianae
2520 5012 2668 5079 258,
2720 5029 2834 5083 quo
2884 5015 3049 5069 etiam
3110 5014 3447 5087 Olympiadis
3503 5013 3607 5069 254
3664 5018 3776 5063 anno

2232 5103 2412 5172 primo
2440 5103 2725 5159 desinente
2755 5109 3053 5170 secundus,
3088 5109 3190 5162 hoc
3222 5116 3306 5162 est
3350 5107 3508 5177 lphiti
3556 5102 3696 5157 11114.
3733 5096 3773 5149 Si

2234 5193 2483 5262 quidem,
2512 5203 2574 5248 ut
2602 5205 2659 5249 et
2695 5196 2931 5251 Annales
2960 5198 3333 5265 consentiunt,
3359 5196 3578 5252 Juliano
3613 5193 3674 5247 45
3693 5201 3775 5243 (ω-

2234 5283 2313 5352 pit
2343 5299 2524 5338 annus
2557 5284 2593 5335 2
2637 5283 2850 5357 Olyntp.
2887 5288 3012 5351 194,
3050 5289 3164 5343 sive
3193 5287 3348 5358 lphiti
3382 5287 3508 5341 774.
3538 5285 3685 5354 Atqui
3706 5279 3773 5333 hic

2232 5377 2349 5445 ipse
2380 5373 2631 5431 Julianus
2655 5393 2833 5433 annus
2875 5378 3002 5442 285,
3057 5378 3217 5449 lphiti
3246 5378 3404 5443 1014,
3454 5370 3775 5433 memorabilis

2230 5477 2316 5523 est
2357 5467 2445 5523 ille
2479 5468 2766 5524 Ccnsorini
2817 5486 3016 5539 anuus,
3045 5487 3208 5541 quem
3256 5470 3418 5544 Ulpio
3446 5482 3502 5527 ct
3550 5467 3775 5524 Pontiano

2233 5574 2376 5613 coss.
2414 5570 2587 5624 notat,
2636 5561 2800 5617 Urbis
2832 5565 3062 5618 conditae
3088 5565 3182 5620 99l
3225 5583 3239 5619 :
3275 5564 3363 5635 qui
3395 5579 3517 5619 cum
3548 5575 3658 5618 ,ει-τε
3677 5555 3777 5610 Βίου

2231 5653 2477 5723 nysiana:
2522 5654 2591 5708 sit
2636 5653 2762 5721 238,
2796 5656 3062 5712 hisextilis
3097 5673 3203 5712 non
3250 5667 3352 5724 est,
3399 5659 3494 5712 sed
3532 5671 3562 5709 a
3599 5653 3777 5708 bisexlo

2230 5747 2527 5800 secundus.
2575 5743 2744 5820 Igitur
2768 5758 2821 5803 et
2845 5749 3270 5804 ducentesimus
3313 5748 3667 5821 octogesimus
3693 5749 3773 5793 ter-

2231 5836 2341 5893 titts
2366 5848 2497 5895 ante
2530 5839 2709 5906 illum,
2757 5843 2859 5896 hoc
2888 5852 2971 5897 est
3014 5843 3226 5909 primus
3253 5840 3502 5899 Julianus
3551 5828 3771 5895 bisetliiis‘
