3958 6416
271 402 376 461 961

1444 401 1536 457 DE
1569 402 1760 459 ANNO
1796 404 2053 459 NATALI
2092 403 2373 461 CHRISTI

3447 420 3556 475 902

271 518 404 584 fuit,
432 524 486 571 et
514 515 642 581 2M,
693 516 807 571 sive
850 515 1104 572 Julianus
1133 515 1224 581 45,
1271 516 1433 587 lphiti
1474 518 1599 585 774,
1630 520 1862 575 Lentulo
1893 531 1936 585 Α
1965 536 2069 592 que
2116 522 2535 581 methoduswel
2571 525 2754 594 pueris
2806 525 3220 600 cognitadmjus
3258 531 3336 586 rei
3388 533 3547 589 ﬁdem

270 621 334 666 et
368 609 679 665 Marcellino
705 623 992 673 eoss.,non
1023 609 1313 674 bisextilis,
1350 611 1445 667 sed
1476 611 1546 666 ab
1574 626 1642 667 eo
1668 628 1869 667 secun-

270 700 384 755 dus
412 709 516 755 est.
547 699 680 766 Qua:
713 699 895 753 omnia
937 700 990 755 id
1037 700 1182 770 quod
1215 702 1378 756 modo
1411 702 1751 773 propositum
1783 712 1868 759 est

270 793 582 849 certissime
617 791 1028 849 demonstrant:
1074 809 1280 849 annum
1311 793 1591 850 Julianum
1627 794 1865 866 primum

270 901 375 956 per
405 900 714 955 regressum
748 884 802 938 in
848 884 1144 950 anteriora,
1173 902 1388 957 usuque
1425 898 1614 942 nostro
1640 887 1865 943 hisexti-

271 978 384 1031 lem
412 990 555 1041 esse,
590 982 651 1029 ut
686 987 740 1031 et
782 974 987 1032 Paulus
1040 976 1613 1049 Forosemproniensis
1655 980 1863 1036 docuit.

274 1066 378 1124 Est
395 1077 576 1124 autem
611 1070 664 1123 in
690 1070 1083 1125 constituendis
1105 1071 1445 1128 bisextilibus
1467 1072 1728 1129 habendae
1755 1089 1865 1129 non

270 1160 537 1216 editionis
584 1159 835 1225 Julianze,
879 1162 972 1219 sed
1003 1162 1309 1232 Augustam:
1336 1179 1403 1219 ac
1442 1173 1642 1220 nostrae
1688 1165 1862 1220 ratio:

273 1251 333 1306 id
363 1253 506 1322 quod
539 1252 840 1308 Annalibus
898 1254 1231 1325 imposuisse
1271 1255 1506 1311 videtur.
1555 1253 1614 1310 In
1667 1256 1868 1327 quibus

271 1355 403 1395 cum
455 1357 523 1395 ex
570 1340 702 1396 Julii
749 1341 983 1397 Caesaris
1015 1343 1360 1399 inStitutione
1394 1344 1697 1400 bisextilem
1740 1361 1863 1399 eum

271 1447 402 1486 esse
442 1439 805 1488 monstrasset
850 1449 1080 1497 annum,
1114 1450 1223 1504 quo
1253 1434 1518 1492 Lentulus
1552 1445 1607 1491 et
1640 1436 1868 1492 Mareel-

273 1523 426 1578 llnus
469 1539 615 1580 coss.
664 1523 904 1590 fuerunt,
948 1526 1256 1582 conlectam
1309 1528 1413 1583 sibi
1452 1545 1567 1584 rem
1610 1528 1863 1599 putavit:

270 1617 436 1688 quasi
484 1618 756 1685 eamdem,
807 1635 971 1689 quam
1004 1634 1035 1673 a
1081 1618 1228 1675 Julio
1262 1620 1479 1676 Caesare
1526 1621 1866 1693 propositam

271 1708 529 1775 aﬂirmat,
570 1709 903 1766 bisextilium
953 1711 1150 1766 seriem
1202 1712 1483 1783 Augustus
1527 1713 1863 1769 retinuisset.

271 1799 358 1856 Ex
395 1816 504 1872 quo
540 1813 595 1857 et
623 1803 754 1858 illud
806 1803 1048 1858 manavit
1098 1813 1156 1859 ut
1201 1807 1267 1877 τῇ
1298 1804 1553 1859 ὑποθέσει
1599 1804 1866 1858 δουλεύων

1967 612 2039 666 ab
2090 612 2281 668 invitis
2329 622 2634 684 extorquet.
2687 614 2820 671 Nam
2853 619 2898 673 si
2930 620 3034 673 hoc
3075 598 3241 689 anno,
3287 636 3399 693 quo
3440 623 3557 680 inec
3644 598 3649 607 '

1966 704 2280 771 scribimus,
2332 706 2426 775 qui
2476 717 2560 762 est
2612 723 2734 763 terae
2791 709 3136 783 Dionysium}:
3186 712 3319 768 162!
3368 715 3553 787 cyclus

1966 796 2129 866 vulgo
2165 807 2510 866 numeratur,
2585 799 2718 855 solis
2745 800 2799 867 6,
2846 801 2987 857 lume
3015 806 3068 868 7,
3129 805 3317 861 indict.
3348 806 3404 872 4,
3460 823 3553 862 ηε-

1964 902 2121 943 cesse
2165 897 2250 943 est
2301 897 2361 944 ut
2403 905 2582 945 annus
2631 906 2752 946 aera!
2787 892 2995 961 primus
3049 895 3234 965 cyclos
3281 896 3551 962 habuerit,

1966 980 2100 1034 solis
2134 979 2223 1046 10,
2260 980 2405 1036 luna:
2428 982 2485 1045 2,
2520 981 2707 1038 indict.
2741 983 2809 1049 4;
2841 983 3045 1041 Natalis
3073 1001 3200 1041 vero
3229 986 3430 1042 Christi
3462 1004 3555 1042 so-

1965 1071 2033 1126 lis
2059 1070 2114 1136 9,
2144 1071 2289 1127 lunte
2321 1072 2389 1137 1,
2441 1074 2632 1128 indict.
2667 1090 2697 1129 a
2735 1074 2856 1129 Kal.
2892 1073 3015 1132 Jan.
3058 1077 3113 1131 3.
3188 1076 3305 1133 Non
3377 1089 3558 1149 potest

1964 1169 2146 1216 autem
2183 1162 2377 1233 triplex
2409 1164 2501 1219 hic
2528 1174 2839 1235 postremus
2869 1167 3155 1222 character
3182 1169 3358 1234 alteri,
3388 1186 3556 1240 quam

1964 1253 2035 1309 45
2079 1250 2299 1310 Juliano
2350 1257 2540 1319 tribui,
2603 1257 2820 1331 Olymp.
2866 1260 2969 1315 194
3041 1275 3186 1315 anno
3221 1262 3256 1315 4
3300 1260 3554 1317 labente:

1968 1345 2122 1402 urbis
2153 1345 2341 1401 Roma!
2373 1363 2403 1403 a
2440 1347 2705 1405 Palilibus
2733 1349 3091 1407 Varronianis
3122 1352 3227 1407 755
3256 1372 3268 1407 :
3305 1354 3355 1407 id
3387 1355 3553 1424 quod,

1966 1436 2012 1489 si
2044 1445 2189 1491 recte
2233 1440 2515 1508 superiora
2552 1443 2728 1511 posita
2761 1452 2912 1507 sunt,
2945 1445 3254 1499 necessario
3286 1448 3554 1515 sequitur.

1964 1525 2333 1584 Prmternsitto
2380 1532 2575 1586 sideris
2619 1532 2911 1603 utriusque
2940 1532 3281 1591 defectiones
3316 1553 3381 1591 ac
3431 1538 3550 1592 reli.

1965 1634 2107 1689 quos
2139 1636 2409 1676 annorum
2442 1624 2785 1681 characteres
2817 1641 2882 1681 ac
2935 1635 3092 1682 notas
3123 1646 3137 1681 :
3170 1629 3373 1698 quibus
3402 1630 3545 1685 velut

1966 1709 2298 1769 ﬁrmissimis
2349 1715 2621 1784 praesidiis
2657 1727 2961 1787 temporum
3008 1718 3126 1774 haec
3155 1721 3402 1775 doctrina
3432 1736 3563 1776 mu-

1967 1803 2253 1861 niturzde
2297 1807 2500 1877 quibus
2547 1806 2793 1877 plerique
2872 1811 2976 1865 hac
3025 1819 3347 1882 tempestate
3398 1814 3560 1871 docte

270 1909 482 1949 annum
515 1891 793 1948 Julianum
841 1894 903 1949 51
958 1894 1262 1965 legitimum
1313 1911 1379 1950 ex
1411 1896 1644 1968 Augusti
1682 1912 1866 1951 corre-
1896 1884 1939 1938 Β
1967 1906 2233 1967 acuteque
2262 1897 2625 1968 scripserunt.

269 1990 458 2047 ctione
507 1989 779 2045 bisextum
811 1990 1072 2047 habuisse
1104 1992 1329 2049 diceret.
1369 1991 1505 2047 Nam
1541 1994 1657 2049 sive
1701 1994 1770 2048 ab
1798 2007 1866 2047 eo

268 2079 346 2135 ad
375 2080 446 2133 43
492 2093 768 2145 recurras,
820 2080 936 2134 sive
980 2096 1012 2135 a
1059 2080 1486 2151 primoJuliano
1518 2084 1585 2137 ad
1613 2083 1864 2138 eumdem

270 2168 346 2223 i8
384 2168 707 2233 descendas,
761 2168 816 2221 in
870 2169 1177 2233 bisextilem
1231 2171 1459 2226 incides.
1514 2171 1617 2226 Sed
1664 2171 1862 2227 falsum

266 2270 380 2322 est.
424 2276 628 2314 annum
675 2260 953 2315 Julianum
987 2278 1050 2317 ex
1085 2265 1314 2333 Augusti
1366 2262 1754 2319 reformatione
1783 2264 1865 2319 bi-

269 2352 527 2408 sextilem
580 2352 793 2408 fuisse:
828 2354 1130 2423 praesertim
1184 2356 1233 2411 si
1280 2355 1537 2411 vitiosqu
1588 2356 1863 2411 bisextnm

272 2446 661 2502 duodecimum
708 2461 852 2502 anno
911 2445 1131 2503 Juliano
1184 2446 1276 2515 56,
1309 2447 1455 2518 quod
1511 2449 1741 2504 Annales
1779 2448 1864 2505 fa-

274 2539 453 2603 ciunt,
488 2537 864 2603 tribuerimus,
891 2540 1029 2594 adeo
1057 2548 1120 2595 ut
1162 2539 1444 2613 Augustus
1485 2557 1629 2596 anno
1655 2542 1723 2596 58
1753 2551 1864 2598 sta-

270 2631 442 2686 tuerit
474 2631 758 2687 duodecim
785 2632 909 2687 illos
930 2632 1049 2688 sine
1076 2632 1289 2688 hisexto
1320 2633 1701 2703 transigendos
1721 2648 1861 2688 esse.

269 2722 348 2779 Ut
375 2724 533 2780 enim
552 2722 786 2781 abanno
804 2723 1021 2781 Juliano
1044 2724 1114 2782 37
1129 2726 1339 2795 primus
1367 2740 1431 2779 ex
1462 2725 1728 2780 duodenis
1756 2726 1863 2781 illis

268 2817 597 2891 ἀνεμϐόλοις
640 2818 890 2887 coeperit,
937 2816 1299 2872 duodecimus
1337 2816 1443 2872 erit
1468 2815 1719 2871 Julianus
1746 2816 1816 2870 48
1845 2835 1859 2871 :

272 2926 389 2981 quo
437 2920 650 2975 exacto,
703 2913 1109 2980 peremptisque
1155 2909 1387 2964 bisextis
1432 2910 1722 2979 superlluis
1771 2912 1865 2963 tri-

271 3004 400 3068 bus,
444 3018 623 3057 annus
671 3002 727 3055 in
778 3001 922 3055 viam
972 3000 1234 3055 reduetus
1264 3010 1364 3055 est.
1410 2998 1565 3055 Hanc
1610 3016 1760 3067 vero,
1804 3010 1864 3055 ut

270 3094 466 3149 ordine
499 3108 564 3148 ac
610 3092 820 3147 ratione
868 3093 1129 3161 deinceps
1178 3091 1472 3157 insisteret,
1506 3100 1699 3160 quarto
1742 3101 1864 3161 post

270 3185 348 3242 48
372 3202 516 3240 anno
545 3185 814 3241 hisextilis
842 3199 1021 3238 annus
1069 3182 1421 3239 collocandus
1462 3182 1598 3249 fuit;
1644 3181 1860 3238 Juliano
1887 3216 1929 3273 ο

270 3277 487 3332 scilicet
514 3268 603 3339 5'2,
623 3284 682 3328 ut
705 3290 771 3330 ex
796 3273 965 3329 Paulo
998 3273 1358 3343 Middelburg.
1391 3276 1644 3343 superius
1676 3281 1860 3326 osten-

269 3370 478 3426 dimus.
516 3368 586 3423 At
625 3383 760 3423 vero
800 3368 846 3422 si
878 3367 940 3421 5|
988 3380 1193 3421 annum
1241 3367 1547 3420 bisextilem
1581 3366 1861 3433 Augustus

269 3478 400 3517 esse
430 3460 623 3523 voluit,
653 3459 708 3513 in
754 3458 899 3513 idem
932 3457 1128 3511 vitium
1166 3458 1418 3524 incurrit,
1452 3459 1596 3527 quod
1633 3456 1861 3511 Juliarne

270 3553 532 3610 editionis
565 3551 722 3607 initio
756 3549 1113 3607 commissum
1145 3548 1365 3614 fuerat;
1402 3563 1595 3617 nempe
1622 3559 1680 3602 ut
1702 3556 1861 3602 tertio

270 3650 401 3715 post
450 3642 750 3698 bisextilem
810 3655 956 3696 anno
1007 3640 1279 3695 bisextilis
1333 3639 1488 3694 aliter
1546 3648 1858 3708 poneretur.

273 3735 521 3805 Denique
548 3748 712 3790 nemo
744 3734 1008 3788 hactenus
1039 3732 1294 3787 inventus
1326 3741 1430 3796 est,
1458 3732 1552 3803 qui
1582 3729 1859 3785 Juliannm

273 3829 339 3884 51
385 3836 508 3899 post
538 3826 769 3898 Augusti
815 3824 1254 3880 emendationem
1288 3824 1591 3880 bisextilem
1637 3823 1857 3880 faceret.

350 3921 423 3976 At
448 3921 595 3976 enim
618 3918 1039 3974 trecentesimus
1082 3916 1456 3987 sexagesimus
1483 3926 1712 3986 quartus
1740 3926 1863 3987 post

269 4012 431 4068 illum
462 4010 733 4067 bisextilis
777 4020 883 4073 est,
919 4018 1014 4064 aut
1047 4010 1354 4063 docendum
1408 4008 1461 4062 in
1513 4009 1862 4065 recensendis

270 4118 426 4159 coss.
457 4103 649 4158 vitium
682 4101 991 4171 irrepsisse.
1037 4101 1165 4156 Haec
1197 4102 1343 4156 enim
1379 4102 1668 4156 Annalium
1696 4102 1860 4157 verba

271 4205 427 4253 sunt.
472 4194 578 4252 Sed
615 4205 669 4250 et
697 4196 829 4249 illud
872 4211 980 4249 non
1021 4195 1204 4249 minus
1247 4194 1466 4263 falsum,
1496 4210 1700 4249 annum
1741 4210 1865 4251 serae

271 4288 611 4344 Christiana:
673 4288 807 4349 564,
865 4296 988 4358 post
1038 4287 1326 4342 Lentulum
1380 4299 1436 4342 et
1489 4287 1861 4343 Marcellinum

272 4394 428 4434 coss.
478 4393 600 4434 esse
641 4378 1085 4433 trecentesimum
1135 4378 1536 4449 sexagesimum
1581 4385 1860 4449 quartum,

274 4482 408 4523 cum
447 4482 571 4522 vere
611 4467 684 4523 sit
708 4468 778 4522 ab
811 4467 1028 4521 illorum
1076 4467 1363 4521 consulatu
1400 4467 1504 4521 366
1533 4485 1549 4533 ;
1579 4469 1860 4523 sciendum

2043 1987 2122 2042 Ac
2164 1988 2231 2043 de
2266 1988 2435 2059 cyclis
2485 2000 2540 2044 et
2591 1990 2641 2044 id
2692 2005 2864 2063 genus
2899 1991 3021 2047 aliis
3070 1995 3406 2049 mentionem
3454 1997 3556 2053 hnc

1969 2078 2092 2134 loco
2122 2095 2190 2135 ne
2222 2081 2403 2136 littera
2433 2082 2654 2153 quidem
2688 2082 3041 2153 attigissem,‘
3059 2085 3163 2140 nisi
3205 2101 3236 2139 a
3280 2089 3559 2145 nonnullis

1971 2179 2142 2224 totum
2177 2170 2282 2226 hoc
2325 2172 2600 2240 negotium
2656 2173 2953 2243 improbari
2987 2190 3289 2240 cernerem,
3326 2191 3391 2232 ac
3440 2186 3559 2233 tan-

1966 2277 2133 2332 quam
2173 2265 2334 2333 inane
2394 2272 2558 2332 atque
2598 2265 2835 2317 otiosum
2869 2263 3056 2318 rideri.
3092 2262 3211 2319 Vidi
3244 2283 3344 2337 ego
3382 2284 3558 2336 nuper

1967 2358 2059 2427 qui
2095 2357 2225 2412 huic
2274 2358 2531 2411 methodo
2564 2357 2776 2425 pondus
2827 2372 2891 2411 ac
2942 2356 3101 2412 ﬁdem
3140 2360 3208 2415 iis
3252 2362 3555 2417 rationibus

1966 2449 2300 2505 detraheret.
2346 2448 2591 2503 Primum
2623 2450 2900 2520 cyclornm
2929 2449 3190 2505 incertam
3221 2452 3403 2507 aiebat
3434 2469 3558 2508 esse

1966 2541 2404 2612 dispositionem,
2452 2556 2629 2609 neque
2667 2555 2997 2611 quemquam
3028 2558 3195 2596 unum
3226 2560 3348 2598 cum
3382 2546 3555 2599 altero

1965 2634 2302 2690 convenire:
2338 2635 2484 2703 quod
2534 2634 2628 2688 alii
2672 2634 2780 2689 alio
2836 2635 2970 2689 solis
3001 2650 3066 2689 ac
3109 2637 3252 2691 lunte
3279 2639 3432 2709 cyelo
3469 2638 3556 2694 fa-

1966 2727 2232 2782 bricatum
2264 2726 2434 2780 velint
2473 2725 2815 2781 universum.
2851 2724 2957 2781 Sed
2987 2728 3111 2781 huic
3137 2726 3295 2785 facile
3328 2745 3357 2783 a
3387 2732 3546 2785 nobis

1968 2817 2303 2896 occurritur.
2335 2814 2506 2870 Nemo
2539 2824 2624 2871 est
2650 2816 2796 2870 enim
2840 2817 2933 2885 qui
2965 2817 3184 2887 quidem
3216 2820 3325 2874 duo
3354 2834 3419 2875 ac
3451 2823 3557 2876 tria

1966 2922 2254 2962 numerare
2301 2908 2507 2975 possit,
2559 2907 2654 2977 qui
2730 2908 2783 2961 in
2842 2907 3175 2980 Dionysiana
3227 2911 3554 2982 volgarique

1965 2998 2142 3054 forma
2171 2998 2355 3070 eyclos
2384 2998 2541 3053 aliter
2582 3007 2860 3069 computet
2886 3016 3049 3069 quam
3097 3001 3280 3071 quivis
3312 3019 3342 3058 e
3368 3004 3548 3073 vulgo.

1964 3090 2150 3147 Potest
2178 3091 2399 3161 quidem
2449 3091 2503 3144 in
2556 3104 2850 3154 annorum,
2904 3092 2997 3160 qui
3047 3093 3117 3146 ab
3166 3093 3297 3149 orbe
3331 3098 3555 3150 condito

1964 3185 2193 3246 ﬂuxere,
2230 3197 2462 3236 numero
2490 3182 2627 3236 alter
2662 3182 2730 3236 ab
2758 3181 2930 3237 altero
2959 3183 3271 3241 dissentire.
3323 3184 3427 3241 Sed
3458 3189 3552 3258 qui

1961 3279 2031 3330 de
2060 3275 2220 3329 annis
2249 3274 2391 3328 inter
2418 3289 2475 3328 se
2516 3273 2891 3344 convenerint,
2934 3273 2989 3328 in
3020 3275 3213 3345 cyclis,
3243 3275 3347 3331 nisi
3384 3293 3553 3347 pecu-

1940 3363 2060 3420 'des
2120 3364 2265 3427 sint,
2334 3362 2665 3418 conveniant
2732 3377 2957 3417 necesse
3012 3372 3118 3419 est.
3189 3362 3365 3421 Habet
3422 3383 3554 3421 vero

1963 3471 2221 3527 magnum
2262 3471 2324 3509 ea
2359 3469 2447 3509 res
2476 3453 2544 3508 ad
2576 3468 2748 3506 annos
2777 3452 3107 3507 evolvendos
3140 3469 3300 3509 usum
3341 3466 3395 3507 et
3451 3472 3556 3525 ορ-

1962 3547 2347 3617 portunitatem
2381 3565 2394 3600 :
2432 3556 2490 3600 ut
2535 3561 2566 3600 a
2599 3544 2772 3615 teipso
2813 3561 2920 3598 non
2968 3544 3260 3609 dissideas,
3294 3556 3348 3601 ut
3380 3563 3560 3601 anno-

1963 3655 2086 3694 rum
2121 3640 2442 3704 varietates,
2487 3653 2613 3709 quae
2646 3645 2777 3694 sunt
2804 3652 2902 3707 pro
2928 3637 3208 3693 nationum
3239 3639 3564 3696 diversitate

1963 3730 2314 3799 multiplices,
2362 3739 2567 3786 certam
2625 3728 2692 3784 ad
2745 3730 2984 3797 regulam
3025 3744 3384 3801 normamque
3426 3733 3559 3787 diri~

1964 3838 2081 3893 gas,
2136 3832 2195 3879 ut
2232 3823 2302 3878 ab
2348 3822 2732 3878 astronomicis
2764 3823 3239 3879 observationibus
3268 3826 3322 3879 in
3370 3842 3561 3896 ρει-δε-

1965 3912 2185 3982 quenda
2245 3922 2550 3983 temporum
2616 3913 2983 3983 descriptione
3053 3929 3161 3968 non
3231 3916 3555 3971 abhorreas.

1968 4001 2178 4058 Etenim
2231 4004 2276 4059 si
2338 4004 2466 4058 anni
2517 4002 2718 4057 Juliani
2763 4002 2960 4067 forma,
3010 4020 3134 4074 quae
3178 4013 3299 4074 post
3345 4006 3555 4077 aliquot

1968 4107 2237 4147 annorum
2290 4093 2462 4148 millia
2504 4104 2718 4163 recepta
2769 4093 2893 4157 fuit,
2925 4104 3147 4165 propter
3190 4100 3553 4154 commodita-

1966 4194 2075 4239 tem
2131 4186 2201 4240 ab
2257 4186 2512 4241 omnibus
2560 4186 2717 4240 hodie
2773 4188 3121 4259 chronologis
3172 4189 3240 4244 ad
3276 4192 3553 4247 anteriora

1964 4278 2129 4331 etiam
2171 4285 2416 4345 tempora
2456 4284 2766 4339 revocatur,
2825 4278 2892 4330 al
2954 4293 3187 4346 eamque
3238 4279 3555 4336 referuntur

1962 4367 2087 4436 jure
2118 4376 2346 4428 caetera),
2374 4382 2474 4422 cur
2508 4382 2617 4421 non
2658 4368 2712 4420 in
2753 4368 2920 4438 cyclis
2958 4384 3222 4437 usurpare
3245 4370 3385 4425 idem
3419 4372 3553 4426 lice-

1966 4460 2088 4513 bit?
2130 4457 2405 4524 Quazritur
2434 4474 2542 4529 quo
2584 4475 2730 4514 anno
2765 4459 2942 4529 Cyrus
2976 4461 3030 4514 in
3065 4459 3287 4515 Perside
3322 4477 3556 4531 regnare

274 4559 427 4616 enim
459 4568 542 4615 est
566 4558 676 4615 duo
696 4559 750 4613 in
776 4559 1071 4612 Annalibus
1097 4559 1248 4629 paria
1272 4558 1564 4614 consulum
1589 4570 1861 4630 exempta,
1895 4574 1938 4627 1)
1969 4550 2214 4619 εωβθτίι·
2242 4550 2489 4605 Αυάίθεῧ
2509 4552 2857 4622 ουνοηοίοῧίε
2880 4566 3025 4606 θηιιο
3043 4552 3218 4623 imm”
3246 4551 3459 4626 Olymp-
3480 4556 3553 4610 55

273 4652 484 4724 quibus
532 4667 600 4708 ex
650 4652 844 4708 ordine
884 4651 1138 4713 sublatis,
1198 4649 1511 4705 Christiana
1563 4666 1694 4718 aera,
1739 4668 1864 4722 qua:

273 4742 503 4799 biennio
547 4742 812 4797 hactenus
862 4741 1161 4810 anticipata
1216 4739 1412 4806 fuerat,
1470 4756 1596 4794 cum
1653 4740 1863 4810 vulgari

276 4838 502 4891 demum
542 4835 597 4890 in
626 4834 975 4890 concordiam
1014 4832 1172 4887 rediit
1203 4854 1217 4886 :
1249 4831 1393 4901 quod
1440 4831 1581 4885 idem
1625 4832 1677 4885 in
1713 4830 1864 4886 Ouu~

276 4927 475 4985 frianis
516 4927 715 4990 Fastis,
762 4926 878 4996 pari
930 4940 1075 4980 coss.
1121 4939 1232 4979 uno
1268 4939 1585 4994 suppresso,
1616 4924 1861 4996 contigit,

275 5025 349 5080 de
377 5038 485 5093 qua
511 5038 570 5078 re
601 5018 962 5091 opportunius
995 5016 1124 5072 alibi
1168 5016 1403 5072 dicetur.

349 5113 472 5169 Jam
522 5128 674 5176 vero,
722 5112 870 5182 quod
921 5123 1031 5165 aera
1082 5109 1176 5165 illa
1234 5109 1563 5173 communis,
1610 5120 1774 5179 quam
1830 5124 1864 5163 a.

277 5205 487 5262 Christi
513 5204 687 5260 Natali
719 5203 1040 5273 repetimus,
1067 5203 1318 5259 eumdem
1349 5201 1595 5257 Natalem
1621 5202 1674 5255 in
1700 5202 1860 5255 tinem

276 5296 484 5353 Juliani
517 5298 589 5352 45
615 5296 894 5367 conjiciat,
924 5311 990 5350 ex
1020 5294 1313 5366 disputatis
1357 5294 1621 5349 hactenus
1651 5293 1725 5348 ita
1753 5292 1865 5346 enl-

278 5388 801 5459 ligitur:Augustus
848 5387 1145 5456 imperator
1172 5384 1410 5440 excessit
1451 5398 1596 5438 anno
1645 5382 1863 5438 Juliano

278 5480 378 5534 59.
415 5476 510 5534 Est
553 5488 734 5535 autem
786 5494 834 5534 ts
864 5493 987 5532 tera:
1039 5476 1382 5547 Dionysiaute
1411 5475 1497 5539 14,
1535 5484 1594 5530 ιιι
1618 5484 1742 5530 ante
1770 5476 1863 5528 de—

277 5579 645 5627 monstratum
680 5582 781 5629 est.
828 5570 997 5642 Igitur
1029 5585 1150 5624 terte
1182 5567 1345 5637 hujus
1380 5568 1593 5623 initium
1619 5582 1681 5621 ex
1717 5582 1765 5620 a.
1804 5567 1859 5621 d.

277 5661 404 5718 Kal.
433 5660 558 5718 Jan.
591 5663 786 5733 incipit
833 5663 962 5717 anni
1006 5659 1206 5715 Juliani
1247 5659 1338 5725 46,
1368 5660 1610 5728 adeoque
1655 5656 1863 5715 Natalis

273 5754 485 5810 Christi
538 5752 898 5810 Dionvsianus
938 5768 1060 5808 eum
1100 5765 1245 5805 anno
1290 5748 1508 5805 Juliano
1537 5750 1607 5804 45
1631 5759 1862 5805 exeunte

268 5849 553 5912 mnzruit.
599 5846 909 5915 Quinetiam
936 5845 1209 5918 cycloruni
1261 5843 1579 5913 pervulgata
1613 5848 1869 5912 recepta-'

1971 4643 2256 4713 imperium
2290 4644 2517 4713 cepisse.
2561 4642 2667 4697 Sed
2702 4660 2826 4700 cum
2858 4644 3201 4716 Olympiades
3251 4649 3319 4700 ab
3361 4648 3557 4702 aestivo

1965 4734 2201 4789 solstitio
2241 4734 2445 4801 ineant,
2478 4746 2663 4789 utrum
2709 4737 2775 4790 de
2815 4738 3090 4806 prioribus
3124 4754 3174 4792 vr
3222 4740 3351 4793 anni
3405 4741 3559 4797 illius

1965 4825 2268 4891 mensibus,
2306 4841 2374 4879 an
2414 4826 2481 4880 de
2521 4827 2918 4896 posterioribus
2971 4829 3285 4899 loquantur,
3336 4831 3438 4887 hoc
3468 4843 3553 4888 est

1963 4919 2032 4974 de
2062 4933 2205 4974 anno
2234 4919 2441 4989 periodi
2481 4918 2712 4974 Julian-.12
2737 4921 2898 4985 4154,
2929 4938 2998 4977 an
3042 4924 3204 4988 4155,
3238 4925 3412 4981 nihilo
3437 4941 3554 4980 ma-

1964 5012 2047 5082 gis
2102 5027 2384 5084 agnosces.
2459 5012 2664 5080 Quodsi
2702 5014 3075 5085 chronologus
3121 5015 3233 5081 ille,
3299 5019 3557 5089 quisquis

1964 5113 2068 5170 est,
2088 5105 2272 5175 cyclos
2302 5105 2595 5169 addiderit,
2625 5106 2810 5161 statim
2836 5114 2962 5162 utro
2990 5124 3136 5163 anno
3167 5108 3373 5167 factum
3404 5112 3560 5167 dixe-

1964 5196 2036 5251 rit
2063 5196 2374 5252 necessario
2410 5196 2752 5252 docebimur.

2034 5287 2105 5342 At
2128 5287 2274 5342 enim
2307 5287 2361 5341 in
2394 5302 2542 5345 anno
2570 5287 2755 5357 aliquo
2788 5288 3025 5358 primum
3057 5291 3194 5363 cycli
3219 5290 3382 5347 deﬁxi
3425 5305 3555 5347 esse

1963 5380 2183 5447 debent,
2233 5395 2345 5450 quo
2367 5396 2434 5436 ex
2464 5395 2612 5437 anno
2648 5381 2983 5452 reliquorum
3009 5385 3145 5455 cycli
3172 5384 3462 5454 pendeant.
3491 5380 3551 5438 Is

1963 5482 2145 5528 autem
2203 5488 2382 5543 neque
2425 5487 2493 5527 ex
2532 5473 2838 5544 Scriptura,
2886 5490 3065 5546 neque
3099 5474 3317 5529 aliunde
3366 5482 3548 5545 potest

1963 5564 2164 5634 colligi.
2198 5562 2348 5620 ltane
2387 5564 2557 5619 vero?
2588 5562 2663 5619 De
2692 5566 2861 5637 cyclis
2887 5566 3028 5622 inter
3064 5564 3409 5620 Christianos
3441 5565 3547 5618 ho—

1962 5658 2049 5713 die
2084 5672 2194 5711 non
2221 5658 2498 5723 convenit,
2525 5656 2619 5727 qui
2651 5658 2872 5727 quidem
2906 5671 3252 5714 communem
3295 5659 3545 5712 metricis

1962 5750 2255 5815 Ecclesiae,
2289 5749 2395 5806 hoc
2424 5760 2510 5806 est
2562 5750 2844 5816 Romanae,
2893 5766 3060 5806 usum
3100 5749 3373 5805 retinent?
3418 5748 3543 5807 Non

1960 5857 2152 5899 omnes
2180 5857 2384 5897 annum
2414 5841 2620 5898 Christi
2653 5840 2900 5898 Natalem
2955 5841 3013 5896 in
3050 5842 3265 5915 cyclum
3308 5842 3443 5899 solis
3480 5844 3541 5899 9,
