3958 6400
500 344 606 404 903

1632 337 1976 398 Ai’PENDlX
2022 330 2528 392 DlSSERTATlON
2538 334 2653 392 UM.
3620 336 3703 395 903

503 472 645 527 lunae
678 468 701 521 i
737 464 1069 523 conferunt?
1120 464 1252 529 Quis
1282 472 1398 528 cst,
1452 464 1545 533 qui
1598 463 1642 517 si
1692 463 1831 518 alios
1882 462 1935 513 in
1984 460 2086 513 ista
2118 464 2160 515 Α
2188 474 2354 519 anno,
2384 458 2651 526 quibusve
2673 462 2990 514 coss.natus
3008 451 3361 518 sitChristus,
3382 456 3702 521 exposuimus.

498 558 751 612 methodo
784 558 967 628 cyclos
1001 555 1274 619 statuerit,
1324 571 1432 607 non
1470 554 1555 608 vel
1599 553 1668 607 ab
1714 552 1963 624 logistica
1996 567 2080 605 re-

500 647 755 703 fallatur?
783 645 1059 701 Habemus
1093 646 1257 715 igitur
1288 644 1341 697 in
1378 660 1488 698 aera
1530 641 1870 714 Dionysiana
1906 650 2081 696 statos

496 747 552 793 et
583 736 724 793 ﬁxos
770 751 1038 792 annorum
1081 739 1303 808 cyclos,
1350 752 1381 790 a
1430 735 1631 803 quibus
1667 742 1775 787 tam
1809 732 1876 786 ad
1921 745 2083 799 supe-

498 832 666 897 riora,
698 845 863 901 quam
895 829 963 884 ad
991 829 1253 884 inferiora
1290 841 1535 897 tempora
1564 826 1815 896 progredi
1864 825 1916 877 in
1956 824 2082 877 inti-

501 925 673 978 nitum
721 924 882 990 licet;
932 938 1110 993 neque
1146 938 1373 979 necesse
1413 931 1498 977 est
1538 922 1593 976 id
1626 936 1694 976 ex
1734 920 1899 975 ullius
1930 920 2086 974 testi-

501 1014 686 1070 monio
731 1015 1057 1084 scriptoris,
1103 1016 1187 1069 vel
1230 1014 1417 1084 eclipsi
1468 1030 1536 1068 ex
1580 1013 1761 1083 aliqua
1808 1021 2083 1077 constare,

500 1120 624 1158 eum
653 1120 934 1160 consensu
974 1105 1218 1159 omnium
1247 1104 1489 1160 stabilita
1521 1103 1594 1158 sit
1629 1103 1734 1157 ista
1768 1101 2082 1166 methodus,

500 1204 553 1248 et
574 1195 628 1248 in
658 1211 819 1250 usum
846 1194 1098 1250 deducta.
1124 1194 1411 1250 Postremo
1440 1193 1570 1247 illud
1596 1192 1912 1262 opponitur,
1937 1191 2087 1262 quod

502 1287 570 1340 ad
621 1287 895 1357 cyclorum
919 1301 984 1341 ac
1012 1287 1313 1341 caelestium
1336 1287 1578 1340 omnium
1606 1284 1949 1355 φαινομένων
1977 1284 2089 1339 ειε-

503 1377 733 1430 vandam
750 1377 903 1430 ﬁdem
924 1379 1174 1445 pertinet.
1198 1376 1330 1430 Nam
1351 1393 1474 1433 cum
1494 1377 1720 1447 eclipsin
1739 1376 2089 1446 aliquamTa-

502 1467 642 1521 citus
670 1476 800 1536 puta
852 1469 933 1520 vel
958 1467 1058 1522 Dio
1081 1475 1231 1524 certo
1249 1483 1395 1522 anno
1419 1468 1714 1538 contigisse
1730 1477 1975 1531 narrant,
1993 1467 2091 1521 ho-

504 1573 623 1611 rum
665 1558 991 1626 scriptorum
1042 1559 1413 1613 testimonium
1455 1558 1614 1613 ﬁdem
1657 1573 1763 1612 non
1815 1556 1944 1612 facit
1984 1558 2089 1609 hu-

502 1663 663 1701 mana
692 1648 972 1717 majorem.
989 1648 1170 1714 Quare
1187 1649 1333 1717 quod
1359 1648 1595 1702 indidem
1620 1648 1855 1711 elicitur,
1883 1658 2089 1701 tantam

503 1738 1295 1808 habetcertitudinem,quanta
1320 1738 1568 1793 historici
1594 1739 1740 1793 illius
1755 1754 1875 1793 esse
1893 1748 2087 1808 potest,

2187 547 2300 602 Hoc
2319 548 2483 618 igitur
2498 549 2812 616 quicunque
2834 559 2982 601 certa
3007 545 3221 600 ratione
3246 544 3548 612 investigare
3561 548 3707 601 conati

2187 647 2352 703 sunt,
2407 639 2534 693 licet
2577 654 2685 693 non
2741 639 2930 692 eadem
2981 636 3119 690 inter
3170 650 3231 690 se
3283 635 3571 699 senserint,
3620 651 3710 690 uno

2189 739 2373 784 tamen
2425 730 2725 798 eodemque
2753 727 2913 781 Luca:
2955 724 3266 781 testimonio
3309 722 3458 789 freti,
3508 723 3711 778 diversas

2190 820 2244 873 in
2276 830 2459 890 partes
2491 820 2764 873 abierunt.
2796 816 3102 887 Scripserat
3131 816 3480 886 evangelista,
3510 815 3711 884 baptiza-

2190 921 2306 966 tum
2356 928 2479 967 esse
2523 911 2815 967 Dominum
2869 924 3017 964 anno
3054 910 3122 963 i5
3178 906 3413 970 Tiberii,
3466 922 3574 960 cum
3611 916 3712 959 esset

2188 1003 2344 1073 quasi
2390 1018 2653 1055 annorum
2709 1004 2950 1072 triginta.
3005 996 3118 1052 Καὶ
3156 997 3319 1060 αὐτὸς
3362 987 3430 1067 ἦν
3473 998 3500 1048 ὁ
3548 993 3715 1064 Ἰησοῦς

2187 1094 2321 1147 ὡσεὶ
2338 1093 2475 1145 ὲτῶν
2488 1093 2784 1164 τριάκοντα
2800 1092 3121 1163 ἀρχόμενος,
3140 1087 3239 1155 ὢν,
3255 1088 3329 1153 ὡς
3345 1085 3620 1157 ἐνομίζετο,
3634 1094 3713 1141 etc.

2192 1183 2329 1251 Quae
2359 1184 2521 1239 verba
2549 1199 2718 1238 unum
2756 1184 2902 1238 istud
2940 1181 3273 1253 signiﬁcant,
3310 1194 3416 1234 non
3461 1178 3663 1232 multum
3691 1192 3712 1231 a

2193 1276 2477 1330 tricesimo
2522 1290 2667 1330 anno
2700 1275 2877 1330 aetatis
2928 1272 3199 1338 abfuisse;
3247 1271 3343 1326 sed
3391 1279 3562 1324 utrum
3595 1268 3710 1323 trice-

2193 1366 2333 1421 simo
2395 1366 2647 1422 absoluto
2689 1376 2743 1422 et
2785 1367 2957 1421 altero
3001 1381 3065 1420 ac
3092 1364 3369 1419 tricesimo
3404 1362 3639 1425 ineunte,
3666 1374 3714 1412 an

2194 1466 2318 1525 post
2340 1456 2431 1522 29,
2459 1458 2681 1513 ineunte
2708 1457 2778 1512 30
2807 1457 2861 1513 id
2909 1457 3191 1523 acciderit,
3238 1457 3439 1537 diserte
3458 1468 3561 1508 non
3588 1451 3719 1520 expli-

2195 1556 2341 1602 cant.
2376 1547 2490 1602 lmo
2519 1566 2646 1605 vero
2685 1551 2811 1605 licet
2839 1549 3038 1619 aliquis
3070 1548 3351 1603 Christum
3379 1561 3520 1601 anno
3544 1543 3625 1604 28.
3657 1540 3721 1595 vel

2196 1638 2287 1706 35,
2340 1642 2675 1711 baptizatum
2703 1658 2825 1698 esse
2864 1643 3044 1708 dicat,
3089 1658 3197 1697 non
3228 1648 3407 1696 tamen
3450 1638 3723 1709 evangelicae

2198 1733 2503 1787 auctoritati
2531 1749 2650 1788 meo
2665 1734 2874 1804 judicio
2897 1742 3177 1804 repugnet,
3200 1733 3268 1787 de
3290 1748 3399 1801 quo
3427 1729 3722 1800 postmodum

502 1832 596 1899 qui
630 1830 680 1883 id
713 1829 968 1887 afﬁrmat.
992 1831 1311 1885 auctoritas.
1339 1830 1410 1883 Ex
1440 1830 1640 1900 quibus
1658 1845 1764 1885 non
1792 1829 2076 1884 mediocri-
2105 1817 2149 1874 Β
2178 1820 2463 1878 videbitur.
2501 1820 2605 1879 Sed
2634 1825 2726 1896 qui
2754 1824 2914 1880 Lucae
2934 1825 3124 1880 verba‘
3153 1823 3548 1894 angustioribus
3573 1814 3726 1889 spatiis

503 1931 587 1975 ter
621 1923 876 1975 aberrare
923 1919 1204 1974 contendit
1254 1934 1352 1975 eos
1399 1935 1613 1985 omnes,
1663 1922 1758 1990 qui
1787 1934 1855 1974 ex
1891 1920 2082 1975 istius-

506 2009 651 2063 modi
686 2010 849 2064 rebus
876 2007 1375 2064 demonstrationes
1408 2009 1755 2079 pollicentur,
1788 2019 1842 2064 et
1870 2008 1937 2063 de
1965 2010 2087 2063 die-

506 2099 609 2154 bus
635 2109 799 2169 atque
831 2100 982 2155 horis
1009 2116 1140 2155 sane
1170 2100 1398 2155 ﬁdenter
1420 2100 1798 2170 pronuntiant,
1825 2109 2085 2171 tanquam

506 2207 682 2263 nuper
707 2208 774 2247 ex
804 2194 1027 2248 deorum
1081 2193 1340 2257 concilio,
1395 2202 1490 2248 aut
1524 2193 1911 2249 intermundiis
1959 2193 2089 2262 Epi-

505 2284 621 2336 curi
652 2283 1051 2339 descenderint.
1085 2285 1161 2338 Ita
1194 2284 1341 2339 enim
1369 2282 1549 2354 jocari
1582 2285 1779 2351 voluit,
1806 2285 1952 2355 quod
1987 2299 2085 2338 ne-

504 2386 658 2429 cesse
697 2389 804 2429 non
836 2374 959 2429 fuit.
994 2375 1199 2430 Verum
1226 2376 1360 2446 quid
1389 2375 1522 2432 illud
1552 2384 1656 2442 est,
1695 2392 1906 2446 quzeso,
1941 2375 2089 2445 quod

512 2464 638 2522 istic
667 2466 870 2521 audio?
898 2465 1020 2523 Non
1056 2468 1259 2524 habent
1287 2470 1798 2526 mathematicorum
1830 2470 2091 2524 observa-

508 2558 685 2612 tiones
738 2558 1003 2627 majorem
1072 2559 1312 2613 humana
1385 2559 1581 2614 ﬁdem?
1647 2559 1918 2614 Acciderit
1975 2558 2093 2614 haec

507 2646 727 2715 eclipsis
759 2647 861 2702 hoc
892 2648 977 2702 vel
1005 2647 1097 2703 illo
1127 2648 1472 2718 imperatoris
1499 2664 1666 2713 anno,
1702 2649 1948 2705 historiae
1986 2647 2092 2706 ﬁde

510 2737 723 2801 nititur,
756 2753 880 2807 qua:
910 2737 1128 2794 tametsi
1176 2738 1418 2793 humana
1467 2740 1560 2806 sit,
1608 2740 1678 2794 ab
1703 2754 1766 2794 ea
1794 2749 1974 2794 tamen
2006 2755 2093 2795 re-

510 2828 706 2883 cedere
752 2829 845 2883 vix
894 2829 1168 2884 interdum
1220 2845 1343 2885 esse
1384 2830 1635 2885 videatur
1681 2831 1942 2890 hominis.
1985 2831 2091 2888 Sed

512 2933 637 2973 cum
663 2919 729 2973 ad
760 2917 1010 2975 Iulianos
1038 2921 1344 2987 praesertim
1379 2936 1576 2983 annos.
1602 2937 1745 2992 quos
1770 2936 1966 2977 omnes
1987 2923 2093 2978 sibi

512 3009 836 3081 chronologi
882 3010 1191 3081 praeﬁgunt,
1250 3009 1484 3065 deducta
1539 3026 1628 3066 res
1688 3010 1877 3076 fuerit,
1926 3020 2094 3082 quoto

2186 1912 2754 1985 circumscripserunt,
2812 1917 2905 1971 alii
2964 1930 3071 1970 xxx
3114 1923 3245 1969 tunc
3303 1929 3475 1968 annos
3527 1910 3729 1981 expletos

2186 2000 2377 2069 fuisse,
2396 2000 2485 2058 alii
2514 2018 2641 2059 xxtx
2668 2004 2934 2059 duntaxat
2961 2004 3169 2074 opinati
3193 2011 3344 2058 sunt.
3386 1997 3603 2071 Utrique
3627 2014 3727 2054 vero

2186 2092 2520 2162 baptizatum
2542 2093 2730 2147 volunt
2754 2092 3033 2148 Christum
3068 2091 3315 2148 Geminis
3350 2091 3555 2146 duobus
3581 2105 3720 2151 coss,

2188 2199 2334 2239 anno
2367 2182 2589 2240 Juliano
2613 2183 2705 2250 74,
2736 2186 2974 2256 quodin
3017 2201 3144 2241 eum
3180 2187 3393 2242 incidat
3433 2181 3619 2239 Tiberii
3649 2199 3725 2237 an-

2200 2290 2309 2330 nus
2340 2275 2409 2330 15
2438 2276 2722 2346 superiore
2763 2291 2908 2332 anno
2943 2294 3008 2333 ex
3032 2284 3102 2331 ‘a.
3150 2277 3206 2333 d.
3245 2294 3338 2332 xiv
3384 2272 3496 2331 Kal.
3525 2275 3636 2345 Sep.
3670 2273 3734 2327 in-

2200 2367 2449 2421 choatus.
2489 2364 2641 2423 Unde
2670 2384 2793 2423 cum
2826 2368 2881 2423 in
2926 2367 3180 2438 baptismi
3226 2384 3376 2423 anno
3423 2366 3728 2425 conveniant,

2195 2454 2253 2509 in
2283 2454 2464 2511 Natali
2510 2457 2629 2527 ipso
2658 2473 2770 2513 uno
2803 2474 2950 2514 anno
2978 2459 3263 2516 dissident.
3298 2461 3536 2515 Priorem
3566 2459 3624 2513 de
3654 2473 3726 2512 ex-

2200 2547 2350 2617 pleto
2383 2549 2663 2604 tricesimo
2697 2566 2843 2605 anno
2882 2561 3169 2616 scctaniet
3197 2553 3511 2622 Opinionem
3540 2549 3730 2605 Annales

2190 2639 2541 2698 ecclesiastici
2586 2652 2921 2712 sequuntur,
2967 2644 3325 2713 eamdemque
3370 2654 3545 2699 tuetur
3596 2656 3724 2696 acer-

2192 2733 2332 2791 rime
2363 2732 2607 2795 Scaliger
2634 2747 2687 2786 v1
2719 2732 2796 2787 De
2837 2735 3040 2788 emend.
3093 2745 3249 2802 temp.
3292 2732 3403 2790 Sed
3451 2750 3649 2804 magno,
3682 2739 3727 2784 ut

2190 2826 2349 2889 solet,
2376 2836 2577 2881 conatu
2610 2823 2884 2880 levissime
2913 2827 3129 2896 probat.
3169 2825 3263 2881 Sic
3316 2827 3464 2881 enim
3502 2823 3728 2881 disserit.

2190 2916 2445 2973 Christus
2473 2916 2743 2973 Dominus
2773 2933 2877 2970 xxx
2905 2932 3081 2973 annos
3109 2917 3423 2973 absolverat
3454 2937 3468 2972 :
3506 2932 3619 2972 nam
3652 2930 3731 2969 ut

2195 3020 2467 3060 annorum
2505 3006 2552 3063 is
2581 3022 2705 3064 esse
2736 3007 2959 3069 dicitur,
3010 3006 3105 3075 qui
3154 3007 3495 3062 tricesimum
3560 3016 3728 3058 annum

513 3116 660 3157 anno
686 3102 907 3172 eclipsis
943 3102 1035 3156 illa
1061 3102 1375 3172 contigerit,
1401 3117 1510 3156 non
1543 3103 1783 3158 humana
1812 3103 1927 3173 jam
1961 3102 2085 3169 ﬁde,
2115 3146 2160 3205 c
2193 3096 2460 3205 absolv'it,
2497 3105 2565 3205 ut
2603 3097 2894 3205 annicmtts
2926 3107 3010 3205 esLt
3041 3095 3086 3150 is
3164 3095 3268 3205 qui
3325 3096 3436 3205 3:55
3487 3095 3619 3149 diem
3673 3100 3740 3193 at-

515 3195 619 3249 hoc
645 3202 729 3249 est
757 3194 874 3249 sola
918 3194 1211 3264 scriptoris
1245 3193 1606 3260 auctoritate,
1649 3194 1744 3249 sed
1780 3194 2089 3249 certissima

511 3284 979 3341 demonstratione
1011 3293 1248 3349 constat,
1284 3286 1352 3340 de
1381 3300 1491 3355 qua
1520 3286 1623 3341 nisi
1666 3286 1821 3356 prius
1862 3285 2091 3356 imperi-

514 3375 589 3429 tia
622 3375 970 3439 numerandi,
1007 3375 1090 3429 vel
1121 3374 1432 3428 tabularum
1463 3374 1597 3430 vitio
1639 3375 1829 3445 lapsus
1862 3375 1966 3438 sit,
1992 3374 2095 3428 du-

514 3467 687 3522 bitare
716 3483 877 3523 nemo
912 3467 1138 3537 poterit.
1173 3463 1314 3521 Ecce
1344 3466 1443 3521 tibi
1469 3466 1525 3520 in
1559 3466 1685 3529 hoc,
1713 3465 1861 3536 quod
1897 3472 2094 3519 tracta.

514 3573 657 3624 mus,
687 3566 1032 3629 argumento,
1065 3568 1272 3629 quanta
1321 3558 1395 3614 sit
1438 3558 1671 3614 istorum
1709 3557 2090 3611 characterum

513 3649 720 3704 utilitas
761 3659 913 3718 potes
943 3648 1398 3704 animadvertere.
1440 3647 1597 3715 Quod
1632 3648 1796 3718 paulo
1827 3655 1951 3717 post
1976 3645 2093 3700 Au-

513 3742 657 3810 gusti
689 3750 919 3795 mortem
968 3742 1097 3795 luna
1142 3740 1424 3802 defecerit,
1457 3740 1561 3796 etsi
1587 3756 1655 3795 ex
1704 3740 2092 3797 historicorum

516 3833 897 3886 testiﬁcatione
925 3832 1224 3896 credimus,
1255 3842 1340 3886 est
1365 3847 1428 3885 ea
1460 3841 1641 3885 tamen
1681 3839 1941 3887 constans
1970 3831 2091 3901 opi-

518 3921 630 3987 nio,
666 3922 735 3975 de
771 3921 932 3990 cujus
959 3921 1192 3975 veritate
1227 3938 1293 3975 ne
1340 3921 1613 3975 levissime
1636 3921 1856 3988 quidem
1886 3921 2095 3975 dubita-

517 4023 623 4067 tur.
674 4011 794 4066 Jam
842 4021 1044 4083 quotus
1092 4013 1182 4066 hic
1245 4028 1424 4067 annus
1481 4013 1552 4066 sit
1595 4026 1719 4067 aera:
1767 4011 2094 4069 Christianas

514 4105 799 4174 quaeritur.
848 4102 955 4171 Qui
1004 4105 1285 4174 cyclorum
1331 4115 1382 4159 et
1439 4104 1714 4173 eclipseon
1770 4105 2090 4159 methodum

512 4196 796 4261 damnant,
814 4211 961 4249 anno
1004 4194 1338 4267 Dionysiano
1385 4194 1454 4248 16
1495 4194 1729 4249 tribuere
1762 4195 1956 4250 solent.
1992 4195 2091 4249 At-

511 4287 604 4357 qui
640 4286 685 4341 is
717 4294 800 4342 est
826 4302 941 4352 xw,
984 4302 1085 4341 nec
1117 4287 1229 4341 ulla
1259 4302 1499 4357 unquam
1530 4288 1870 4342 astronomia
1918 4289 2089 4342 alium

513 4380 641 4434 huic
662 4380 872 4449 eclipsi,
903 4394 1025 4448 quae
1055 4380 1243 4449 paucis
1293 4388 1416 4447 post
1441 4377 1675 4447 Augusti
1716 4390 1944 4434 mortem
1977 4380 2091 4435 die-

2196 3183 2336 3253 tigit.
2370 3183 2501 3255 Leg.
2532 3186 2731 3241 Annic.
2773 3185 2849 3241 De
2881 3186 3021 3240 verb.
3052 3202 3190 3256 sign.
3223 3184 3385 3252 Quod
3416 3195 3588 3241 autem
3617 3183 3732 3237 scri-

2195 3276 2305 3346 psit
2335 3276 2535 3345 Lucas,
2572 3279 2707 3334 ὡσεὶ
2734 3280 3032 3352 τριάκοντα
3057 3320 3070 3344 ,
3108 3280 3379 3350 particula
3405 3281 3505 3335 ista
3534 3276 3652 3346 capit
3674 3281 3737 3329 est

2195 3382 2301 3421 non
2328 3368 2685 3442 ampqstxév,
2715 3372 2810 3427 sed
2841 3372 3131 3443 ἀληθινὸν;
3167 3379 3225 3425 ιιι
3263 3371 3402 3424 illttd
3433 3368 3583 3426 Joan.
3609 3385 3641 3433 ι,
3664 3363 3732 3428 l5,

2191 3459 2348 3528 quasi
2394 3458 2666 3531 Unigeuiti
2710 3480 2742 3516 a
2780 3463 2965 3520 Patre.
2998 3461 3100 3517 Sed
3147 3469 3291 3525 esto,
3327 3461 3525 3530 inquit,
3561 3460 3733 3529 ἀπορη·

2193 3550 2385 3605 τικόνε
2435 3553 2595 3621 pauci
2640 3554 2804 3622 igitur
2855 3554 2966 3609 dies
3005 3554 3311 3624 complenda
3356 3556 3425 3611 30
3492 3570 3618 3609 anna
3664 3551 3735 3606 ἀι-

2193 3651 2380 3705 erant;
2432 3653 2563 3711 puta
2605 3660 2710 3710 xx,
2742 3644 2821 3698 vel
2849 3647 3040 3699 mensis
3079 3662 3097 3700 :
3138 3663 3445 3716 quanquam
3475 3660 3534 3701 ne
3576 3643 3733 3699 utentis

2194 3729 2407 3799 quidem
2435 3731 2714 3800 defuturus
2755 3734 2998 3788 videatur
3016 3774 3029 3798 ,
3060 3735 3107 3787 si
3127 3733 3270 3789 ὡσεὶ
3295 3734 3637 3807 ἀπορητικῶς
3660 3746 3734 3784 ac-

2196 3820 2478 3888 cipiamus.
2525 3818 2630 3875 Sed
2670 3823 2865 3877 mensis
2911 3823 3267 3887 desideretur,
3303 3835 3401 3878 aut
3441 3824 3543 3878 duo
3572 3834 3734 3877 meum

2197 3927 2339 3965 anno
2394 3912 2660 3966 tricesima
2719 3914 3064 3975 absolvenda;
3117 3926 3165 3967 et
3211 3915 3326 3968 dies
3375 3916 3616 3985 baptismi
3650 3922 3735 3966 esto

2195 4005 2227 4057 6
2271 4001 2400 4058 Jan.
2461 4003 2601 4074 Ergo
2648 4006 2826 4058 eadem
2871 4022 3011 4059 anno
3056 4006 3215 4075 paulo
3259 4017 3381 4071 post
3436 4007 3731 4077 baptismum,

2193 4102 2324 4163 puta
2364 4092 2679 4160 Februario,
2710 4096 2919 4164 coeperit
2961 4112 3132 4150 annus
3172 4097 3261 4152 3i.
3290 4098 3416 4152 Jam
3440 4112 3564 4152 vero
3605 4096 3735 4149 Luce

2193 4188 2358 4242 verba
2401 4189 2624 4257 perinde
2671 4191 2866 4259 accipit
2919 4206 2983 4246 ac
3025 4192 3072 4245 si
3094 4202 3236 4247 esset
3282 4195 3590 4264 scriptum:
3643 4188 3730 4242 Kal

2195 4279 2358 4342 αὐτὸς
2404 4280 2612 4350 Ἰησοῦς
2650 4281 2850 4352 ἤρχετο
2890 4281 2967 4335 ὣν
2998 4282 3135 4337 ἐτῶν
3168 4284 3487 4355 τριάκοντα,
3521 4283 3650 4345 υἱὸς,
3674 4280 3731 4341 ὡς

2193 4371 2497 4443 ἐνομίζετο.
2533 4371 2637 4427 Sed
2671 4374 2785 4428 haec
2826 4372 3193 4444 Scaligeriana
3231 4377 3336 4432 loci
3379 4378 3523 4431 illius
3550 4372 3731 4444 exposi~

514 4474 637 4534 bus,
689 4470 997 4541 Septembri
1050 4484 1238 4525 mense
1283 4470 1546 4540 contigit,
1596 4485 1799 4524 annum
1846 4470 2086 4525 deﬁniet.
2123 4475 2167 4530 D
2195 4465 2373 4534 ιίυνυι
2425 4465 2552 4519 hinc
2595 4467 2937 4534 Ροῑὶεδίηιυιη
2985 4468 3525 4535 elortlial'.ahsurda
3574 4476 3648 4521 εει
3692 4470 3735 4516 ει

510 4561 648 4627 Quis
698 4577 807 4616 non
859 4561 1025 4631 igitur
1057 4576 1125 4615 ex
1156 4574 1221 4614 eo
1254 4560 1447 4614 conﬁci
1508 4560 1819 4615 necessario
1854 4561 2086 4628 putabit,

512 4655 820 4719 Augustum
868 4665 990 4704 aera:
1019 4647 1343 4703 Christianae
1369 4661 1515 4701 anno
1546 4647 1613 4699 14
1644 4656 1916 4700 mortuum
1947 4660 2090 4708 esse,

514 4758 625 4797 non
672 4741 772 4795 16?
805 4740 966 4796 Vides
1008 4740 1275 4809 majorem
1323 4740 1562 4793 humana
1595 4738 1777 4800 ﬁdem,
1814 4753 1941 4792 eum
1992 4738 2093 4791 hu-

517 4849 679 4889 mana
724 4843 906 4888 tamen
947 4832 1316 4902 implicatam,
1361 4840 1416 4884 et
1461 4845 1762 4883 connexam
1793 4848 1808 4882 :
1845 4843 1967 4898 qua:
2010 4839 2092 4884 ta-

521 4925 677 4980 metsi
726 4926 996 4991 humanae,
1040 4925 1145 4979 hoc
1188 4932 1271 4978 est
1307 4922 1555 4981 alterius.
1587 4936 1690 4991 qua
1727 4921 1843 4977 sola
1878 4922 1966 4976 isti
2006 4923 2092 4976 ni-

522 5024 732 5078 tuntur,
763 5021 908 5069 esset
950 5013 1171 5075 similis,
1223 5026 1331 5066 non
1364 5011 1485 5064 ideo
1519 5018 1698 5063 tamen
1747 5011 2090 5079 aspernanda

521 5103 683 5167 foret,
713 5104 860 5174 quod
906 5105 1178 5169 humana;
1212 5103 1306 5157 sed
1336 5102 1421 5155 vel
1448 5115 1516 5155 eo
1551 5102 1774 5157 nomine
1811 5117 2091 5156 commen—

518 5196 718 5259 danda,
750 5196 895 5264 quod
921 5195 988 5248 ad
1028 5195 1322 5249 humanam
1374 5195 1611 5247 humana
1646 5192 1779 5248 ﬁdes
1806 5192 2087 5262 adjuncta,

518 5295 579 5341 ut
617 5302 724 5340 non
754 5285 992 5339 humana
1022 5285 1312 5354 majorem,
1354 5283 1431 5337 ita
1470 5284 1725 5353 simplici,
1757 5298 1951 5353 eaque,
1982 5300 2090 5354 qua

519 5376 765 5431 contenti
802 5376 881 5429 illi
912 5384 1075 5440 sunt,
1111 5375 1400 5430 certiorem
1444 5374 1820 5430 credulitatem
1852 5388 2086 5444 pareret.

516 5487 593 5542 De
623 5487 830 5558 vulgari
858 5486 1120 5550 methodo,
1144 5501 1266 5558 Aqua
1311 5485 1514 5539 Christi
1535 5488 1766 5558 _uatalis
1805 5482 1975 5540 annus
2001 5489 2087 5541 in-

728 5559 1019 5628 vestigatur
1045 5572 1064 5611 :
1098 5555 1189 5610 ubi
1220 5569 1271 5610 et
1297 5558 1360 5608 de
1387 5572 1497 5608 aera
1522 5555 1874 5625 Dionysiana.

586 5646 760 5704 Nimis
794 5651 961 5703 multa
1004 5650 1198 5703 fecisse
1260 5648 1425 5701 verba
1468 5648 1677 5713 videor,
1726 5650 1958 5704 necdum
2000 5659 2085 5704 ta-r

520 5749 645 5791 men
678 5741 753 5793 rei
797 5741 969 5809 ipsius
1009 5749 1171 5810 caput
1202 5740 1464 5808 attigisse.
1510 5735 1761 5793 Nondum
1789 5741 1936 5795 enim
1977 5758 2087 5811 quo

594 5835 616 5867 ⁸
637 5834 767 5892 Luc.
804 5853 885 5903 lit,
908 5840 995 5892 ‘25.

2193 4555 2447 4610 barbara.
2500 4556 2637 4623 Quis
2674 4559 2820 4611 enim
2861 4558 2935 4612 ita
2978 4557 3165 4613 Graece
3211 4560 3525 4630 loquentem
3569 4556 3688 4611 ferat
3718 4568 3731 4606 :
3761 4608 3778 4624 ,

2206 4647 2413 4718 Ἰησοῦς
2452 4644 2522 4718 ἦν
2565 4648 2641 4701 ὢν
2684 4648 3009 4720 ἀρχόμενος,
3055 4666 3155 4720 pro
3184 4665 3249 4705 eo
3279 4652 3430 4720 quod
3460 4659 3543 4705 est
3567 4648 3734 4719 ἤρχετο

2192 4737 2290 4792 ὢν.
2337 4737 2511 4794 Satin’
2527 4740 2818 4795 ridiculum
2854 4756 2919 4795 ac
2949 4742 3196 4811 putidum
3234 4750 3353 4808 est,
3404 4739 3514 4810 ἐγώ
3544 4740 3648 4808 εἰμι
3671 4732 3732 4786 ὣν

2193 4830 2515 4901 ἀρχόμενος,
2547 4846 2647 4900 pro
2677 4829 2789 4899 ἐγὼ
2815 4831 3073 4902 ἄρχομαι.
3108 4831 3274 4901 Atqui
3305 4832 3449 4886 banc
3478 4832 3637 4899 ipsam
3668 4824 3731 4877 in-

2195 4921 2639 4990 terpretationem
2688 4922 2966 4991 anteponit
3005 4923 3197 4986 alteri,
3230 4937 3355 4990 quae
3387 4922 3567 4975 minus
3598 4914 3729 4970 habet

2194 5013 2568 5076 absurditatis,
2623 5013 2838 5067 tametsi
2887 5028 2956 5067 ne
2994 5028 3055 5068 ea
3104 5013 3321 5083 quidem
3363 5016 3573 5083 placet;
3602 5004 3729 5078 quasi

2194 5101 2371 5156 Lucas
2394 5101 2448 5154 id
2470 5102 2721 5167 voluerit,
2749 5102 2944 5172 ἤρχετο
2970 5101 3046 5157 ὢν
3067 5104 3360 5174 τριάκοντα
3382 5102 3537 5166 ἐτῶν,
3559 5098 3644 5162 ὢν,
3669 5093 3731 5156 ὥς

2192 5193 2494 5263 ἐνομίζετο.
2521 5193 2702 5258 Quare
2729 5195 2902 5248 multo
2930 5205 3013 5250 est
3043 5196 3133 5250 ille
3163 5210 3357 5250 sensus
3387 5195 3581 5263 aptior,
3605 5185 3730 5244 utin

2192 5286 2260 5340 ad
2305 5285 2608 5354 posteriora
2649 5283 2947 5353 referatur;
3002 5286 3300 5357 ἀρχόμενος
3343 5286 3413 5339 ad
3457 5282 3727 5352 superiora.

2190 5373 2299 5428 Ἦν
2329 5379 2357 5428 ὁ
2394 5374 2603 5445 Ἰησοῦς
2632 5376 2933 5447 ἀρχόμενος
2956 5377 3090 5430 ὡσεὶ
3121 5376 3254 5429 ἐτῶν
3281 5378 3342 5440 λ’,
3374 5375 3472 5441 ὢν,
3498 5370 3724 5443 ὡςὲνομί-

2192 5467 2335 5531 ζετο,
2357 5467 2490 5529 οἰός,
2507 5477 2614 5522 etc.
2631 5467 2966 5538 Epiphanius
2980 5477 3124 5523 certe
3141 5468 3329 5523 haeresi
3357 5482 3577 5530 uxvnt,
3599 5480 3649 5517 ιι.
3674 5461 3729 5522 7,

2190 5557 2265 5611 ὥν
2298 5559 2364 5613 ad
2391 5558 2524 5621 υἱός,
2552 5572 2661 5612 non
2690 5559 2757 5613 ad
2779 5558 3080 5629 ἀρχόμενος
3112 5558 3379 5627 pertinere
3406 5556 3606 5622 docuit,
3624 5564 3729 5609 cum

2189 5651 2266 5704 ita
2299 5650 2480 5704 locum
2510 5650 2663 5704 illum
2691 5652 2936 5720 protulit,
2976 5652 3057 5703 ὅτι
3081 5649 3156 5703 ὢν
3174 5650 3328 5715 υἱὸς,
3356 5649 3435 5711 ὡς
3462 5643 3727 5718 ἐνομίζετο,

2203 5743 2420 5811 Ἰωσήφ.
2454 5741 2761 5808 Quinetiam
2795 5743 2984 5799 haeresi
3018 5759 3146 5810 xxx,
3174 5758 3321 5797 num.
3339 5742 3432 5808 50,
3466 5737 3532 5814 ἦν
3558 5740 3610 5793 δὲ
3638 5734 3728 5802 "’3"
