3958 6430
635 351 738 409 901

1742 346 2084 404 APPENDIX
2124 344 2760 411 DlSSEllTATIONUM.

3699 376 3766 432 908

632 469 921 543 emptoris:
972 465 1226 536 objicitur
1254 481 1266 517 :
1302 465 1411 518 Καὶ
1436 466 1580 535 τρεῖς
1621 463 1852 528 δεκάδας
1883 464 2020 518 ἐτῶν
2050 461 2181 514 πολι

2275 459 2524 520 ,Juliano
2555 467 2646 530 45,
2692 467 2920 524 Lentulo
2977 479 3031 525 et
3058 469 3255 537 Pisone
3303 488 3459 542 coss.,
3487 480 3768 542 collocandum

633 564 965 633 τευσὰμενος
987 557 1290 630 ἐϐαπτίσθη
1324 557 1430 610 ὑπὸ
1458 556 1705 610 Ἰωάννου
1731 599 1746 623 ,
1784 557 2034 612 adversus
2055 567 2206 627 quem

633 673 780 711 nemo
815 652 894 708 vel
924 653 1136 715 mutire,
1165 651 1360 704 nedum
1391 649 1657 718 refragari
1707 649 1830 719 jure
1877 648 2082 702 debeat.
2123 645 2234 702 An'

628 751 771 805 enim
801 749 922 818 plus
958 753 1043 800 est
1087 743 1297 807 dicere.
1340 742 1724 796 ἐπολιτεύσατο
1773 744 1923 814 τρεῖς
1955 741 2203 806 δεκάδας,

626 854 815 909 quam,
848 834 1196 906 ἐπλήσθησαν
1223 833 1428 906 ἡμέραι
1457 830 1600 884 ὀκτώ
1620 875 1633 896 ,
1677 841 1771 886 aut
1796 831 1941 901 quod
1985 830 2112 885 alibi
2137 831 2206 887 de

627 927 1104 997 transﬁguratione
1129 923 1343 992 tegitur,
1367 921 1484 992 μεθ’
1503 922 1717 992 ἡμέρας
1736 920 1868 974 ὡσεὶ
1891 920 2055 986 ὀκτώ,
2079 935 2202 977 cum

626 1034 718 1073 sex
771 1025 979 1070 tantum
1040 1028 1070 1067 a
1104 1011 1354 1073 Matthteo
1403 1011 1560 1065 solidi
1615 1011 2205 1068 numerentur‘iMiror

623 1116 838 1161 tantum
875 1106 930 1159 in
981 1103 1088 1158 illis
1119 1101 1309 1171 lgnatii
1361 1100 1543 1155 verbis
1571 1099 1774 1168 aliquid
1831 1100 2090 1155 momenti
2131 1103 2201 1156 ad

627 1199 772 1252 illam
804 1195 1127 1251 sententiam
1159 1192 1359 1255 inesse,
1389 1191 1680 1245 nonnullos
1719 1189 1995 1246 arbitrari.
2027 1191 2103 1247 Ac
2151 1193 2199 1248 si

625 1289 951 1345 auctoritate
979 1301 1063 1341 res
1087 1285 1286 1355 agitur,
1316 1284 1581 1338 habemus
1612 1283 2045 1353 antiquissimos,
2073 1300 2200 1354 gra-

625 1383 989 1449 vissimosque
1015 1377 1204 1431 Patres
1225 1418 1241 1442 ,
1267 1376 1359 1445 qui
1408 1388 1514 1428 non
1554 1383 1613 1428 ut
1635 1375 1896 1446 Ignatius,
1921 1377 2156 1432 obscure
2178 1417 2196 1445 ,

624 1474 717 1529 svd
769 1480 952 1542 aperte
979 1465 1437 1540 quemadmodum
1467 1465 1627 1521 Lucae
1651 1466 1810 1522 verba
1838 1482 1866 1520 a
1925 1467 2083 1522 nobis
2113 1467 2197 1522 in-

623 1561 965 1633 terprctanda
1002 1558 1199 1623 forent,
1230 1555 1490 1625 opinione
1526 1570 1624 1609 sua
1659 1555 1986 1610 docuerunt.
2019 1554 2194 1611 Justi-

621 1671 724 1711 nus
748 1653 945 1723 Martyr
977 1648 1126 1704 Dial.
1159 1664 1276 1704 cum
1311 1645 1732 1718 Trypltone,pag.
1770 1647 1840 1702 9?.
1865 1647 1997 1702 edit.
2053 1648 2191 1705 Rob.

621 1746 835 1816 Steph.,
866 1744 960 1796 καὶ
979 1741 1274 1812 τριάκοντα
1301 1737 1419 1808 ἔτη,
1454 1737 1489 1807 ἦ
1528 1735 1750 1790 πλείονα
1775 1778 1788 1801 ,
1830 1736 1862 1807 ἢ
1898 1738 1992 1792 καὶ
2024 1739 2189 1793 ἐλάσ-

2312 556 2682 625 scripserunt;
2733 560 2804 615 ita
2835 570 2893 615 ut
2925 563 3135 631 primus
3178 580 3385 630 eorum,
3416 582 3536 638 quos
3579 588 3604 627 a
3641 574 3766 632 Natali

2308 642 2512 701 Christi
2567 659 2840 718 putamus,
2889 651 3144 710 Julianus
3202 655 3274 710 sit
3319 657 3404 721 46,
3436 658 3496 717 C.
3545 661 3709 720 Casam
3733 677 3770 723 et

2308 733 2477 792 Paulo
2511 753 2653 796 coss.
2701 740 2856 808 Quod
2897 746 3112 815 quidem
3147 749 3413 819 cclipseon
3456 767 3512 808 ac
3547 755 3768 812 ctelestium

2307 837 2554 884 motuum
2582 831 2898 902 descriptio,
2929 845 2980 890 et
3003 838 3136 907 cycli
3167 840 3268 910 ipsi
3301 856 3365 895 ex
3394 842 3574 912 vulgari
3589 847 3772 902 methodo

2305 918 2438 975 satis
2476 921 2770 989 evincunt,
2828 935 2886 980 ut
2939 927 3155 984 abunde
3204 929 3458 988 hactenus
3497 933 3767 990 ostendimus.

2303 1007 2459 1076 Quod
2499 1013 2546 1068 si
2573 1016 2698 1084 quis
2743 1032 2908 1073 teram
2944 1019 3247 1091 vulgarem,
3296 1039 3449 1092 quam
3477 1024 3770 1098 Dionysianam

2303 1112 2501 1158 vocant
2530 1145 2546 1171 ,
2603 1121 2727 1161 cum
2767 1107 2834 1165 iis
2866 1111 3121 1188 omnibus
3151 1114 3435 1170 conciliare
3467 1117 3673 1182 voluerit,
3697 1120 3767 1174 imo

2302 1197 2614 1250 consentire
2644 1198 2762 1266 ipse
2793 1214 2978 1275 secum
3007 1220 3020 1269 ;
3059 1204 3294 1274 primum
3325 1205 3527 1262 Iuliano
3571 1225 3698 1275 anno,
3729 1227 3765 1266 ac

2300 1296 2444 1338 coss.
2480 1299 2620 1353 quos
2649 1286 2760 1341 dixi
2787 1327 2802 1353 ,
2839 1272 3104 1346 'Natalcr—n
3137 1291 3340 1350 Christi
3374 1296 3590 1352 tribuere
3627 1272 3758 1353 deiet:

2300 1379 2414 1426 tum
2441 1374 2690 1429 eumdem
2717 1375 2995 1433 Christum
3029 1379 3248 1436 Juliano
3271 1382 3338 1438 75
3368 1384 3656 1455 baptizatum
3673 1401 3764 1441 asse-

2296 1477 2435 1526 rere,
2461 1478 2606 1518 anno
2625 1468 2939 1523 :etatisxxrx
2959 1469 3072 1538 jam
3102 1473 3389 1542 completo,
3415 1485 3465 1530 et
3489 1476 3672 1531 ineunte
3685 1493 3766 1531 ιιι.

2295 1551 2511 1624 Alioqui
2532 1570 2653 1610 cum
2672 1555 3026 1614 Geminorum
3043 1563 3363 1619 consulatus
3393 1579 3527 1621 anno
3555 1566 3613 1621 29
3638 1566 3772 1640 Diony-

2295 1643 2461 1700 siana:
2487 1661 2610 1701 arra
2647 1660 2931 1720 congruat,
2969 1652 3122 1723 cyclo
3153 1655 3286 1711 solis
3315 1672 3369 1722 ι,
3410 1657 3541 1713 lunte
3581 1675 3643 1722 at,
3663 1658 3774 1714 Chri-

2295 1743 2435 1800 stus,
2448 1737 2676 1808 expletis
2692 1738 2954 1797 duntaxat
2969 1758 3138 1799 xxvm
3158 1745 3338 1812 anuis,
3357 1748 3629 1818 baptizatus
3646 1749 3772 1806 fuerit.

618 1803 751 1892 σονᾶ
783 1803 992 1907 petitae,
1017 1803 1215 1903 μέχρις
1235 1820 1298 1882 οὗ
1323 1803 1690 1899 προεὶξήλυθεν
1735 1803 1989 1899 Ἰωάννης
2017 1830 2181 1901 κῆρυξ

2298 1822 2412 1878 lmo
2448 1803 2578 1882 vero
2600 1826 2646 1881 si
2675 1827 2918 1901 Dionysii
2941 1831 3088 1890 illius
3111 1849 3232 1891 atrae
3267 1839 3571 1905 conditoris,
3597 1857 3650 1896 ac
3667 1841 3777 1896 Bede

619 1928 803 1986 αὐτοῦ.
837 1926 1055 1980 Dubitat
1081 1933 1263 1978 utrum
1290 1935 1466 1976 annos
1493 1920 1713 1990 triginta
1735 1919 1984 1975 Christus
2004 1937 2194 1980 exces-

619 2024 770 2087 serit,
806 2035 874 2074 au
906 2016 1046 2072 infra
1079 2016 1203 2071 illos
1247 2011 1578 2076 constiterit,
1624 2026 1751 2067 cum
1807 2011 1874 2066 ad
1922 2010 2191 2070 Joannem

618 2113 866 2171 accessit.
918 2109 1028 2165 Cur
1069 2108 1178 2163 ita?
1231 2105 1419 2161 Nonne
1461 2105 1607 2175 quod
1635 2103 1814 2160 Lucas
1839 2106 2192 2178 ἀπορητικῶς

617 2208 763 2275 loqui
789 2205 942 2260 visus
977 2211 1080 2265 est,
1107 2214 1230 2254 cum
1257 2197 1392 2250 ὡσεὶ
1426 2197 1562 2251 ἐτῶν
1595 2195 1891 2268 τριάκοντα
1937 2199 2193 2269 scripsit?

615 2297 683 2351 At
708 2296 944 2351 lrenaeus
973 2301 1180 2346 tantum
1213 2289 1281 2343 ab
1311 2286 1503 2358 rigidis
1531 2286 1638 2342 illis
1662 2285 2073 2358 prtel'ractisque
2095 2304 2188 2345 vo-

613 2391 856 2446 cularum
888 2382 1275 2454 interpretibus
1300 2381 1588 2445 abhorret;
1619 2387 1678 2433 ut
1704 2378 1741 2432 Ι.
1767 2393 1832 2444 ιι,
1862 2393 1912 2434 c.
1941 2379 2188 2436 39Chri-

613 2495 753 2540 stum
779 2478 1032 2551 baptismi
1065 2486 1305 2545 tempore
1326 2472 1566 2528 nondum
1588 2469 1765 2526 aetatis
1784 2486 1986 2526 annum
2022 2473 2189 2530 trice-

613 2577 813 2633 simum
847 2571 1150 2639 explevisse
1189 2573 1430 2623 censeat.
1457 2563 1820 2618 Praetermitto
1858 2567 2188 2625 recentiores

612 2664 928 2738 apostolicis
971 2661 1080 2716 illis
1109 2656 1445 2727 temporibus
1474 2653 1680 2719 Patres,
1699 2663 2035 2726 caeterosque
2064 2672 2187 2727 ειη-

611 2776 730 2826 ves,
758 2767 815 2814 et
846 2755 1089 2811 eruditos
1135 2750 1416 2812 homines;
1468 2747 1562 2816 qui
1611 2745 1773 2802 Luca
1812 2749 2183 2807 testimonium

611 2851 932 2922 ἀδιορίστως
959 2852 1172 2900 atatem
1198 2838 1426 2906 Christi,
1455 2853 1520 2893 ac
1549 2836 1842 2902 πλατυκῶς
1877 2840 2187 2911 signiﬁcare

613 2957 722 2996 non
757 2938 1027 2996 dubitant.
1079 2933 1190 2987 Nec
1233 2927 1542 2994 defuerunt,
1591 2927 1684 2998 qui
1731 2943 1829 2997 pro
1857 2929 2184 3000 ἀρχόμενος,

611 3032 905 3106 ἐρχόμενος
961 3024 1206 3096 legerint,
1250 3028 1310 3074 ut
1355 3018 1692 3089 Epiphanius
1719 3028 1774 3074 et
1822 3017 2181 3106 Euthymius;

609 3103 746 3178 adeo
789 3118 1133 3191 participium
1167 3112 1469 3202 ἀρχόμενος
1508 3112 1575 3168 ad
1619 3110 1780 3166 ollicii
1831 3120 1886 3166 et
1915 3103 2182 3182 praedica-
2207 3140 2253 3202 ο

608 3212 773 3269 tionis
803 3207 1108 3271 exordium,
1147 3221 1256 3261 non
1306 3201 1374 3258 ad
1411 3201 1689 3257 ineuntem
1717 3208 1930 3258 atatem
1965 3203 2180 3260 illorum

607 3303 877 3360 sententia
908 3305 1210 3354 revocatur.

677 3392 786 3449 Sed
825 3399 912 3446 est
934 3389 1080 3444 aliud
1109 3385 1390 3458 quiddam,
1416 3383 1562 3455 quod
1589 3393 1799 3439 veteres
1823 3383 2074 3453 perinde,
2115 3401 2182 3443 ac

605 3483 940 3542 recentiores
965 3492 1176 3542 omnes,
1201 3474 1293 3544 qui
1322 3474 1392 3529 de
1410 3472 1576 3529 natali
1591 3487 1739 3528 anno
1758 3471 1962 3528 Christi
1989 3473 2182 3545 dispu-

606 3583 811 3642 tarunt,
835 3547 1102 3640 tanquam
1141 3565 1512 3623 certissimum
1560 3563 1724 3634 vulgo
1779 3575 2175 3635 sumpserunt:

604 3669 864 3723 nimirum
917 3661 1194 3718 Christum
1244 3672 1390 3713 anno
1437 3672 1506 3711 av
1558 3654 1762 3711 Tiberii
1835 3656 2176 3728 baptizatum

603 3758 797 3812 fuisse.
828 3751 986 3808 Unde
1015 3765 1140 3807 cum
1165 3747 1372 3803 Tiberii
1413 3761 1482 3800 xv
1507 3745 1736 3815 cmperit
1764 3761 1913 3801 attno
1955 3746 2178 3804 Julisno

601 3850 695 3912 75,
731 3845 918 3902 Silano
941 3850 994 3899 et
1014 3841 1190 3896 Nerva
1233 3851 1475 3903 coss.,ex
1501 3837 1566 3890 A.
1599 3835 1669 3892 D.
1703 3852 1792 3890 xlv
1827 3837 1956 3894 Kal.
1996 3837 2175 3910 Sept.,

603 3951 659 3995 et
682 3936 988 4008 baptismus
1021 3931 1226 3988 Christi
1259 3930 1312 3985 in
1342 3927 1590 3982 Januarii
1615 3943 1667 3982 vr
1703 3928 2016 3996 incurrerit,
2044 3947 2177 3986 con-

600 4031 751 4088 venit
777 4040 924 4084 anno
957 4024 1174 4081 Juliano
1203 4020 1298 4088 74,
1334 4017 1580 4075 Geminis
1608 4018 1825 4075 duobus
1855 4034 2024 4086 coss.,
2053 4038 2176 4094 qua:

600 4132 685 4180 est
710 4119 956 4177 omnium
1003 4115 1117 4172 fere
1145 4109 1454 4169 communis
1501 4109 1708 4181 opinio.
1751 4110 1908 4179 Quod
1957 4114 2173 4172 illorum

599 4213 1003 4268 ﬁrmamentum
1033 4205 1082 4261 si
1110 4203 1236 4275 quis
1263 4199 1574 4266 extorserit,
1626 4202 1808 4257 omnis
1837 4203 1928 4258 illa
1964 4204 2173 4260 Christi

600 4305 798 4362 natalis
821 4298 1182 4370 investigandi
1203 4296 1345 4352 ratio
1367 4293 1695 4350 labefactata
1728 4296 1987 4351 concidit.
2005 4296 2171 4368 Atqui

598 4410 746 4451 anno
800 4395 922 4464 ipso
971 4389 1176 4446 Tiberii
1211 4405 1279 4444 xv
1319 4388 1658 4458 baptizatum
1716 4404 1839 4446 esse
1893 4389 2170 4446 Christum

2294 1912 2532 1971 decretis
2579 1916 2906 1984 insistimus,
2930 1924 3149 1980 nonnisi
3177 1942 3326 1983 xxvrr
3356 1943 3521 1986 annos
3544 1930 3777 1987 absolverat

2292 1999 2568 2069 Christus,
2606 2019 2734 2062 cum
2775 2009 2843 2064 ad
2874 2007 3138 2069 Joannem
3167 2017 3338 2072 venit.
3633 2008 3638 2015 ’

2293 2111 2570 2179 Quomodo
2600 2117 2836 2202 vulgaria
2871 2138 2982 2202 tera
3011 2122 3213 2202 Christi
3238 2129 3322 2202 _a_b
3359 2132 3575 2187 auctoris
3597 2131 3780 2202 Dionysii

2805 2192 3052 2248 instituto
3078 2192 3357 2255 dissideat.

2363 2273 2655 2334 Sciendum
2681 2282 2828 2336 enim
2851 2292 2954 2350 est,
2971 2300 3175 2343 annum
3205 2289 3382 2356 illum,
3409 2308 3560 2364 quem
3582 2309 3681 2350 arae
3700 2295 3781 2347 vnl-

2289 2368 2436 2458 garis
2481 2371 2720 2440 primum
2773 2373 3028 2443 facimus,
3061 2387 3116 2434 et
3145 2383 3398 2450 proxime
3450 2399 3479 2440 a
3521 2384 3671 2442 Natali
3699 2388 3782 2458 ipso

2291 2455 2585 2517 Salvatoris
2613 2465 3026 2535 auspicamur,a
3051 2472 3228 2541 primo
3248 2475 3397 2534 illius
3421 2489 3622 2535 auctore
3645 2455 3780 2535 lucar-

2289 2549 2528 2607 nationis
2559 2555 2644 2608 'ac
2702 2553 2910 2614 Natalis
2947 2574 3152 2616 annum
3194 2579 3318 2622 esse
3357 2569 3683 2624 constitutum
3711 2585 3722 2621 :
3749 2569 3783 2623 id

2289 2639 2433 2709 quod
2470 2657 2535 2697 ex
2566 2641 2809 2715 Dionysii
2839 2646 3048 2717 ipsius,
3095 2664 3162 2705 ac
3210 2651 3372 2709 Bedte
3404 2657 3686 2711 testimonio
3704 2656 3783 2725 pla-

2287 2745 2420 2786 num
2449 2731 2644 2789 faciam
2684 2754 2698 2792 :
2732 2753 2858 2793 nam
2884 2738 3197 2813 Dionysius,
3221 2753 3280 2798 ut
3313 2757 3505 2804 auctor
3535 2757 3612 2804 est
3635 2746 3784 2803 Bedal.

2283 2822 2364 2878 De
2393 2834 2551 2896 temp.
2586 2829 2810 2887 ratione.
2825 2846 2947 2901 cap.
2985 2833 3085 2900 45,
3135 2844 3190 2890 et
3234 2837 3366 2893 alibi
3422 2855 3589 2910 saepe,
3628 2839 3783 2911 cyclum

2285 2930 2444 2971 suum
2478 2933 2744 2976 annorum
2773 2921 2880 2978 552
2905 2925 2974 2980 ab
3009 2940 3079 2982 eo
3126 2927 3408 2986 inchoavit
3436 2946 3594 2996 anno,
3623 2930 3700 3002 qui
3726 2929 3788 2984 ln-

2287 3011 2659 3067 carnationem
2694 3022 2750 3069 et
2799 3013 3146 3074 Nativitatem
3185 3025 3500 3081 antecessit.
3536 3023 3697 3095 Itaque
3713 3022 3788 3093 pri-

2286 3116 2438 3156 mum
2473 3117 2677 3160 annum
2707 3107 2847 3177 cycli
2876 3108 2964 3163 sui
2987 3110 3159 3166 voluit
3185 3126 3314 3169 cum
3347 3131 3493 3181 esse,
3519 3119 3686 3188 quiest
3703 3129 3791 3170 ara

2283 3194 2594 3250 communis
2621 3195 2754 3262 532;
2799 3199 3101 3256 secundum
3131 3217 3262 3259 vero
3297 3221 3448 3272 curn,
3493 3207 3580 3278 qui
3608 3207 3787 3263 estw.

2280 3282 2404 3352 Quo
2435 3287 2512 3351 lit,
2543 3297 2602 3342 ut
2627 3288 2674 3344 si
2695 3297 2839 3344 retro
2863 3293 3112 3363 progredi
3147 3297 3412 3366 volueris,
3445 3314 3610 3355 annus
3629 3299 3788 3369 primus

2283 3379 2418 3449 cycli
2448 3378 2762 3450 Dionysiani
2804 3384 3050 3452 proxime
3093 3387 3494 3447 lncarnationis
3540 3405 3600 3447 ac
3635 3387 3790 3444 Νειιίιὶ-

2283 3467 2410 3523 tatis
2437 3482 2642 3524 annum
2670 3473 2960 3540 praecedat.
3011 3473 3157 3531 idem
3189 3477 3245 3533 in
3294 3479 3583 3553 Computa,
3617 3477 3788 3552 cap-ii.

2282 3560 2476 3628 repetit
2503 3559 2646 3616 Beda
2673 3581 2685 3617 :
2706 3572 2759 3618 et
2790 3579 2858 3619 ne
2876 3579 2982 3634 qua
3006 3567 3278 3626 dubitatio
3297 3574 3476 3641 possit
3502 3587 3634 3637 esse,
3659 3579 3791 3626 certos

2281 3647 2626 3705 characteres
2657 3649 2828 3718 addit,
2857 3654 3058 3724 quibus
3085 3661 3367 3716 secundus
3389 3661 3482 3718 ille
3507 3675 3666 3716 annus
3689 3656 3790 3729 ιιι·ιὶ

2279 3737 2350 3793 ab
2377 3739 2500 3795 aliis
2531 3741 2858 3798 discernitur
2888 3763 2903 3801 :
2949 3747 3138 3814 veluti,
3167 3751 3315 3819 quod
3347 3764 3565 3823 epactas
3599 3750 3791 3805 habuerit

2279 3846 2334 3884 ιι
2357 3849 2371 3896 ;
2398 3843 2792 3891 concurrentes
2831 3851 2894 3903 v;
2924 3837 3050 3893 luna
3073 3838 3200 3894 item
3224 3858 3315 3896 xlv
3346 3845 3403 3898 in
3429 3860 3523 3900 vur
3551 3843 3657 3899 Kal.
3694 3841 3788 3910 Apr.

2278 3923 2559 3982 Dominica
2584 3942 2713 3983 vero
2740 3925 3021 3986 Paschalis
3055 3947 3109 3986 vr
3139 3931 3257 3988 Kal.
3291 3937 3428 4006 Apr.
3463 3938 3586 3992 luna
3612 3951 3703 3991 ut.
3725 3932 3793 3985 Est

2275 4017 2422 4074 enim
2447 4017 2538 4074 hic
2571 4033 2749 4074 annus
2775 4035 2896 4075 tera:
2919 4024 3234 4080 communis
3265 4027 3504 4094 primus,
3542 4025 3677 4097 cyclo
3694 4020 3791 4077 solis

2275 4123 2330 4173 ι,
2360 4108 2503 4165 lunae
2539 4123 2602 4173 ιι.
2629 4119 2834 4180 ερθοιεο
2862 4128 2939 4179 xi,
2987 4125 3386 4175 concurrentes
3413 4135 3470 4174 ν.
3499 4115 3792 4172 Novilunium

2274 4201 2514 4257 medium
2539 4216 2605 4257 ex
2633 4200 2858 4259 Frisicis
2882 4202 3091 4260 Mulieri
3118 4206 3342 4268 tabulis.
3357 4207 3536 4266 Martii
3559 4224 3665 4274 aut,
3693 4205 3791 4259 hora

2272 4291 2328 4356 7,
2351 4290 2440 4355 59,
2466 4291 2558 4355 '59,
2579 4301 2703 4362 post
2722 4294 2864 4348 med.
2895 4304 3132 4361 noctem,
3161 4296 3288 4352 luna
3312 4315 3431 4365 xiv,
3465 4299 3636 4354 Martii
3657 4307 3792 4352 nu:

2273 4382 2368 4438 sed
2383 4381 2456 4437 ob
2488 4383 2796 4455 προήγησιν
2825 4382 3059 4440 Nicaenis
3080 4389 3444 4458 temporibus,
3478 4391 3542 4445 ad
3563 4404 3676 4461 qam
3698 4387 3793 4439 Dio-

597 4485 742 4541 υηάε
781 4484 998 4539 tandem
1031 4480 1374 4537 habuerunt?
1405 4479 1585 4536 Lucas
1609 4479 1756 4536 enim
1783 4494 1905 4550 cap.
1934 4496 2009 4546 ιιι,
2040 4482 2092 4548 ί,
2113 4481 2169 4545 2,
2200 4489 2250 4550 υ
2276 4471 2466 4542 nysius
2494 4472 2704 4543 cyclum
2741 4488 2900 4528 suum
2941 4474 3143 4546 dirigit,
3173 4479 3518 4535 noviluniuzn
3547 4479 3701 4534 Martii
3727 4490 3795 4540 xu,

597 4589 744 4629 anno
766 4589 836 4627 xv
887 4572 1090 4627 Tiberii
1115 4569 1382 4626 Joannem
1411 4571 1585 4625 sancti
1627 4569 1862 4642 Spiritus
1891 4570 2072 4626 atilatu
2101 4572 2171 4628 ad

597 4664 1004 4737 praedicandam
1053 4661 1427 4733 paenitentiam
1466 4661 1740 4730 prodiisse
1775 4670 2008 4726 narrat,
2058 4676 2169 4717 non

594 4771 726 4812 vero
757 4755 1036 4811 Christum
1063 4752 1252 4809 eodem
1271 4752 1364 4807 illo
1395 4749 1600 4808 Tiberii
1630 4768 1699 4807 xv
1728 4767 1872 4807 anno
1900 4767 1932 4807 a
1959 4751 2172 4810 Joanne

598 4845 949 4917 baptizatum.
978 4840 1192 4899 Etenim
1226 4842 1343 4897 fieri
1373 4850 1570 4912 potest,
1605 4851 1667 4898 ut
1707 4841 1928 4898 Juliano
1957 4843 2046 4906 74,
2077 4842 2170 4900 Ti-

593 4937 726 4992 bcrii
767 4953 834 4991 xv
862 4945 1111 5002 exeunte,
1154 4942 1345 5005 utputa
1377 4934 1624 5004 Augusto
1653 4934 1895 5000 ineunte,
1926 4935 2168 4992 Joannes

593 5025 780 5079 relicta
809 5025 1102 5082 solitudine
1129 5024 1184 5078 in
1215 5023 1491 5094 publicum
1520 5024 1895 5090 emerserit,et
1926 5040 2072 5081 anno
2095 5025 2166 5080 75

590 5113 809 5170 Juliano
863 5116 1172 5186 baptizatus
1205 5116 1274 5172 ab
1320 5116 1512 5172 eodem
1547 5116 1619 5173 sit
1649 5115 1922 5184 Christus,
1959 5117 2162 5174 Tiberii

593 5222 701 5261 χιιι.
735 5203 893 5270 Quod
924 5221 955 5260 a
977 5205 1214 5273 nomine,
1240 5214 1506 5276 quantum
1539 5207 1732 5275 sciam,
1762 5207 2028 5266 hactenus
2064 5209 2163 5266 ob-

590 5309 890 5364 servatum,
921 5296 1213 5367 plurimum
1250 5299 1318 5354 ad
1363 5299 1672 5357 communis
1714 5315 1779 5356 ac
1815 5299 2162 5371 Dionysianar

585 5407 708 5447 ter-ae
736 5389 1103 5460 patrocinium
1143 5389 1376 5446 confert.
1411 5389 1580 5448 Nemo
1607 5401 1692 5448 est
1733 5393 1882 5448 enim
1922 5404 2031 5449 tam
2061 5409 2158 5464 pa-

584 5497 730 5548 rum,
756 5496 862 5538 non
888 5481 1067 5538 dicam
1101 5479 1502 5538 mathematicis
1531 5483 1766 5550 artibus,
1813 5483 1908 5541 sed
1947 5485 2158 5556 vulgari

585 5573 675 5626 illa
700 5573 894 5641 peritia
939 5571 1418 5627 subducendorum
1463 5583 1770 5643 temporum
1825 5577 2153 5643 instructus,

581 5661 674 5727 qui
703 5674 813 5714 non
845 5676 1085 5732 pugnare
1116 5675 1300 5716 secum
1332 5657 1454 5717 illos
1483 5677 1671 5720 omnes
1730 5666 2150 5732 animadvertat,

580 5754 674 5818 qui
705 5750 952 5808 Natalem
977 5754 1193 5809 Domini
1213 5770 1277 5809 ex
1301 5766 1406 5808 tera
1425 5753 1629 5823 vulgari
1657 5757 1764 5812 alio
1791 5772 1956 5823 anno,
1982 5775 2146 5828 quam

2271 4563 2398 4618 luna
2417 4578 2531 4631 χιιι,
2549 4562 2724 4618 Martii
2746 4580 2868 4631 XXV,
2895 4565 3009 4621 sive
3038 4581 3134 4623 v-tu
3155 4566 3270 4624 Kal.
3293 4571 3456 4641 Apr.,
3476 4573 3554 4627 lit.
3575 4569 3791 4626 Donrinic.

2269 4651 2332 4708 Β.
2369 4653 2605 4710 Proinde
2634 4653 2813 4711 Martii
2838 4672 3000 4722 xxvu,
3032 4657 3335 4718 Domiuiea.
3367 4661 3510 4720 ﬂiuc
3537 4675 3619 4720 est
3663 4661 3793 4733 quod,

2269 4753 2331 4799 ut
2359 4746 2550 4802 scribit
2577 4746 2742 4813 Beda,
2776 4748 3066 4820 Dionysius
3099 4751 3168 4808 ad
3193 4755 3514 4811 methodu
3550 4755 3792 4811 domum.

2269 4838 2520 4894 vennalis
2550 4840 2711 4896 annis
2764 4840 2976 4897 Domini
3021 4857 3190 4898 unum
3217 4844 3383 4915 adjici
3420 4847 3612 4917 jubet;

2267 4945 2396 4984 cans
2445 4931 2540 4986 ειιο
2578 4931 2860 4986 incantato
2900 4949 3064 4988 unum
3105 4933 3308 4990 εἰναιιὶ
3355 4932 3791 4994 decennouenali?!

2265 5035 2462 5076 annum
2491 5024 2609 5093 jam
2630 5024 2794 5092 fuisse
2819 5025 3155 5094 convictum.
3191 5025 3401 5093 Quibus
3421 5044 3496 5088 ea
3523 5029 3672 5086 Bede
3701 5024 3793 5082 Dill-

2264 5114 2514 5185 nysiiqtte
2561 5116 2743 5173 verbis
2771 5117 3019 5174 vitiosam
3071 5116 3536 5190 Dionysianorum
3561 5121 3789 5192 eyeionm

2261 5203 2680 5276 descriptionem
2709 5223 2832 5266 esse
2857 5218 3020 5280 patet,
3039 5225 3160 5280 quae
3183 5212 3322 5282 apud
3346 5213 3605 5271 eumdem
3636 5208 3792 5269 Beda!

2264 5304 2413 5350 temo
2440 5295 2461 5350 ι
2485 5298 2771 5366 reperitur.
2795 5296 2872 5354 lbi
2901 5298 3048 5353 enim
3079 5313 3226 5356 anno
3251 5301 3436 5370 primo
3453 5301 3636 5361 littera
3652 5298 3693 5355 Ε
3715 5311 3790 5368 μου

2260 5388 2409 5443 nitur
2437 5405 2452 5444 :
2487 5404 2634 5445 anno
2657 5390 2918 5457 secundo,
2938 5389 3046 5446 DC.
3067 5390 3235 5462 Atqui
3253 5391 3469 5462 primus
3495 5407 3668 5450 annus
3689 5385 3792 5462 ειειί

2259 5481 2576 5553 Dionysiani
2611 5482 2880 5540 bisextilis
2909 5491 3016 5550 est,
3046 5495 3154 5538 non
3207 5483 3516 5547 secundus,
3544 5483 3635 5555 qui
3663 5479 3788 5535 habet

2257 5572 2490 5628 litteram
2523 5572 2584 5641 Β,
2614 5573 2692 5628 uti
2713 5574 2863 5644 prior
2890 5572 2998 5629 DC.
3028 5573 3154 5631 ideo
3173 5573 3366 5630 merito
3395 5572 3547 5631 Beda
3573 5567 3791 5630 correxit.

2254 5674 2308 5720 et
2359 5665 2665 5723 hisextilem
2721 5668 2858 5740 cycli
2900 5668 3136 5738 primum
3192 5682 3402 5722 annum
3457 5683 3582 5722 esse
3634 5659 3789 5719 voluit.

2252 5761 2578 5829 Quanquam
2604 5758 2873 5830 suspicari
2912 5759 3034 5815 licet
3059 5757 3374 5829 Dionysium
3411 5758 3594 5831 primo
3617 5759 3786 5813 ausum
