3958 6408
381 373 491 430 909

1536 381 1624 438 DE
1658 381 1846 441 ANNO
1879 383 2131 443 NATALI
2169 384 2462 447 CHRISTI.

3513 407 3619 463 910

381 489 630 547 Natalem
671 491 726 546 in
755 492 970 548 tertium
1001 493 1210 566 oly'mp.‘
1241 497 1344 552 194
1372 499 1770 569 conjicientem,
1802 513 1948 559 recte
1975 510 2024 569 Α
2052 505 2228 562 littera
2263 508 2420 565 Dom.
2466 510 2526 564 B.
2551 511 2731 580 Quare
2759 514 2966 573 decima
3004 528 3198 590 quarta
3219 517 3498 580 Paschalis
3532 525 3618 578 in-

381 582 678 638 atantasse
711 584 1021 652 proximum
1047 585 1201 641 illum
1232 597 1358 644 ante
1403 590 1708 647 bisextilem
1752 592 1944 662 fuisse,

377 673 544 741 eique
567 680 850 743 propterea
888 673 1120 730 litteram
1148 675 1190 729 E
1223 678 1479 735 tribuisse
1512 696 1524 731 :
1563 690 1746 751 postea
1766 692 1944 740 tamen

380 762 800 831 hallucmatum,
844 764 1088 822 Natalem
1131 771 1475 828 submovisse
1530 773 1584 827 in
1639 789 1844 829 annum
1892 792 1944 830 Iv

378 855 586 924 olymp.
607 854 872 925 ejusdem,
896 857 977 912 vel
1001 868 1146 914 certe
1173 861 1394 917 alteram
1423 864 1732 935 quempiam
1774 865 1944 921 ascri-

374 945 556 1015 psisse
597 946 833 1001 litteram
864 945 927 1013 E,
959 963 1121 1017 quam
1164 952 1456 1008 convenire
1492 961 1678 1010 nosset
1705 969 1850 1009 anno
1885 969 1943 1009 ιιι

372 1033 578 1104 olymp.
626 1034 750 1093 194,
801 1036 889 1091 cui
944 1035 1233 1107 Dionysius
1273 1040 1517 1096 Natalem
1549 1043 1943 1113 sssignaverat,

370 1137 476 1177 nec
502 1123 818 1188 advertisse,
845 1126 1024 1181 minus
1051 1127 1157 1183 hoc
1183 1131 1250 1182 ad
1280 1143 1440 1185 suum
1476 1131 1784 1188 institutum
1805 1150 1942 1204 qua-

366 1213 551 1268 drare.
584 1211 870 1285 Utcunque
903 1231 1034 1273 vero
1071 1219 1348 1287 ceciderit,
1397 1236 1500 1277 nos
1539 1237 1704 1277 teram
1734 1225 1937 1296 Diony-

365 1303 580 1359 sianam
607 1320 716 1360 uno
749 1307 1109 1375 anticipamus
1159 1324 1342 1365 anno:
1369 1320 1424 1367 et
1448 1328 1610 1380 quem
1638 1314 1726 1369 ille
1759 1315 1940 1370 lncar—

365 1396 608 1451 nationis
644 1409 699 1451 et
743 1395 1053 1454 Nativitatis
1100 1416 1301 1457 annum
1342 1418 1465 1459 esse
1497 1405 1690 1472 voluit,
1751 1409 1938 1478 proxi-

361 1499 516 1538 mum
545 1501 575 1538 a
609 1484 899 1542 Nativitate
923 1491 1482 1565 constituimus,quod
1501 1495 1934 1565 imprudentibus

360 1575 525 1629 nobis
550 1575 810 1644 obrepsit.
839 1577 974 1633 Cum
998 1581 1143 1634 enim
1182 1597 1422 1650 maiores
1451 1587 1626 1640 nostri
1661 1602 1835 1643 annos
1863 1589 1934 1643 ab

359 1659 741 1719 lncarnatione
766 1677 1134 1733 numerarent,
1171 1680 1360 1740 postea
1386 1671 1590 1728 factum
1611 1685 1717 1739 est,
1739 1685 1800 1731 ut
1831 1678 1928 1748 qui

355 1765 389 1804 a
425 1749 712 1806 Nativitate
736 1754 917 1822 potius
942 1755 1154 1811 initium
1204 1769 1447 1828 repetere
1470 1764 1688 1832 vellent,
1719 1781 1842 1821 cum
1874 1785 1925 1822 ιιι

354 1856 578 1897 menses
609 1843 890 1901 detrahere
923 1847 1202 1916 deberent,
1234 1852 1408 1908 tribus
1441 1864 1777 1910 antevertere
1808 1872 1923 1912 ma-
1956 1840 2002 1899 Β
2031 1847 2258 1922 vertisse
2308 1840 2478 1924 videri
2531 1840 2727 1942 poiest.

354 1933 583 1996 iuerint,
615 1943 666 1988 et
696 1935 765 1989 ab
793 1950 860 1990 eo
889 1934 1086 2000 Natali,
1117 1940 1210 2008 qui
1240 1939 1637 2001 lncarnationis
1661 1947 1924 2014 epocham

353 2022 646 2097 antecedit,
672 2038 776 2078 non
801 2024 872 2078 ab
901 2041 968 2080 eo
993 2027 1086 2096 qui
1115 2028 1379 2098 sequitur,
1423 2036 1745 2090 numerandi
1773 2037 1924 2105 prin-

348 2095 559 2182 cipiu’m
593 2113 871 2169 duxerint.
909 2095 1149 2172 Tametsi
1179 2095 1590 2177 vetustissimus
1637 2122 1726 2179 hic
1769 2139 1926 2180 error

345 2214 437 2261 est
491 2204 735 2274 adeoque
781 2205 1024 2276 Dionysii
1066 2207 1258 2276 ipsius,
1317 2225 1380 2266 ac
1431 2210 1606 2267 Bedaa.
1661 2211 1801 2268 Hine
1828 2214 1922 2268 illa

347 2295 499 2348 velut
524 2310 591 2348 ex
619 2296 825 2365 tripode
848 2298 1189 2364 pronuntiata
1221 2302 1485 2356 sententia
1515 2318 1527 2351 :
1566 2301 1737 2358 Habet
1758 2305 1918 2368 enim,

343 2384 454 2437 nisi
486 2383 668 2452 fallor,
715 2383 966 2440 Ecclesia:
992 2387 1147 2456 fides,
1181 2387 1462 2444 Dominum
1489 2391 1546 2446 in
1575 2409 1732 2447 carne
1758 2395 1920 2462 paulo

340 2474 466 2544 plus
491 2491 650 2544 quam
680 2491 844 2529 χχχιιι
864 2478 1017 2530 armis
1040 2494 1200 2547 usque
1231 2481 1300 2532 ad
1331 2497 1429 2534 sua
1455 2489 1690 2552 tempora
1711 2487 1920 2553 passio-

338 2567 428 2619 nis
453 2565 645 2617 vixisse
674 2579 694 2618 :
725 2567 850 2635 quia
877 2567 1110 2621 videlicet
1134 2585 1241 2623 xxx
1269 2586 1527 2625 annorum
1558 2574 1718 2642 fuerit
1743 2574 1916 2645 bapti-

342 2664 500 2709 zatus
521 2673 542 2722 ;
565 2657 701 2709 sicut
739 2658 1057 2728 evangelista
1087 2659 1258 2714 Lucas
1289 2671 1532 2729 testatur,
1559 2673 1607 2719 et
1636 2677 1738 2720 tres
1759 2668 1916 2722 semis

335 2762 507 2800 annos
537 2756 654 2816 post
689 2747 951 2815 baptisma
972 2751 1359 2818 praedicauerit.
1381 2751 1659 2810 HaecBeda
1679 2750 1798 2828 cap.
1823 2757 1916 2814 illo

333 2837 428 2891 47.
455 2837 585 2903 Quae
613 2839 658 2892 si
681 2853 746 2892 ex
779 2836 1051 2905 Ecclesiae,
1089 2852 1145 2895 ut
1168 2843 1383 2909 asserit,
1413 2844 1516 2899 lide
1534 2845 1750 2902 decreta
1776 2849 1913 2917 sint,

333 2927 475 2981 nihil
500 2942 680 2982 causae
710 2937 812 2995 est,
853 2929 984 2998 quin
1032 2930 1146 3000 ipsa
1174 2941 1363 2987 contra
1419 2949 1767 2992 communem
1813 2938 1916 2994 Ec-

334 3018 518 3072 clesiae
543 3017 700 3071 lidem
735 3017 956 3073 sentiat.
998 3017 1208 3074 Etenim
1232 3020 1510 3078 Christum
1544 3040 1766 3094 passum
1793 3041 1915 3085 esse

333 3108 503 3161 tradit
537 3123 684 3162 anno
717 3123 840 3163 arte
871 3120 1072 3165 nostrae
1114 3112 1202 3165 54.
1241 3111 1396 3168 Unde
1440 3117 1905 3184 quemadmodum

333 3209 550 3249 annum
575 3212 696 3250 atrae
730 3206 926 3252 nostra:
948 3200 1069 3265 555,
1087 3200 1180 3270 qui
1209 3211 1293 3257 εει
1328 3181 1552 3258 secundi
1589 3204 1908 3278 Dionysiani
1938 3181 1984 3243 θ

331 3285 475 3356 cycli
512 3286 807 3351 secundus,
845 3290 1177 3357 respondere
1227 3301 1414 3347 censet
1464 3309 1609 3350 anno
1654 3297 1908 3368 illi,.qu0

325 3375 585 3430 Christus
613 3376 936 3433 incarnatus
966 3387 1049 3434 est
1081 3394 1095 3430 :
1128 3380 1202 3434 ita
1233 3383 1301 3438 ad
1341 3382 1446 3438 552
1471 3385 1594 3440 addi
1631 3387 1789 3455 jubet
1815 3389 1904 3458 54,

329 3473 395 3518 ιιι
423 3466 556 3518 liant
584 3465 709 3533 566,
740 3466 833 3537 qui
864 3483 1043 3524 annus
1077 3472 1403 3540 respondeat
1456 3475 1612 3530 alteri
1661 3477 1760 3544 illi,
1796 3495 1907 3552 quo

327 3570 528 3625 passus
558 3567 644 3612 εει
671 3555 952 3626 Dominus,
986 3561 1078 3630 qui
1105 3572 1188 3618 est
1211 3579 1333 3620 τετε
1361 3567 1450 3621 54.
1479 3568 1714 3638 Apparet
1739 3571 1905 3643 igitur

324 3643 476 3713 apud
510 3644 734 3712 Bedam,
764 3657 819 3701 et
847 3647 1168 3721 Dionysium
1222 3668 1288 3708 eo
1313 3670 1482 3720 anno,
1513 3659 1604 3727 qui
1652 3671 1737 3715 est
1782 3676 1904 3717 tera:

324 3737 642 3791 communis
668 3737 758 3804 54,
789 3739 926 3810 cycli
985 3739 1299 3812 Dionysiani
1339 3747 1430 3812 55,
1461 3746 1738 3805 Christum
1779 3767 1901 3809 esse

321 3843 575 3898 passum.
609 3827 789 3894 Quare
831 3846 980 3898 cum,
1028 3842 1090 3886 ut
1120 3834 1196 3888 illi
1242 3846 1508 3905 statuunt,
1562 3856 1706 3898 anno
1763 3848 1898 3917 cycli

317 3919 584 3980 secundo,
625 3937 747 3976 aer-ae
798 3932 976 3978 autem
1024 3926 1222 3996 primo,
1259 3929 1578 3989 incarnatus
1626 3945 1898 4008 natusque

315 4007 397 4062 sit
428 4007 694 4065 Dominus
741 4026 914 4066 :cum
966 4029 1163 4083 passus
1207 4027 1310 4084 est,
1367 4036 1541 4078 annos
1589 4007 1896 4086 absolverat

314 4101 590 4158 duntaxat
634 4121 782 4160 χχχιι
831 4121 952 4159 cum
994 4108 1203 4178 aliquot
1250 4115 1550 4169 mensibus.
1595 4116 1711 4173 Nisi
1754 4119 1895 4176 forte

312 4209 524 4250 annum
573 4199 749 4252 aetatis
794 4199 1030 4267 primum
1083 4218 1432 4261 numeremus
1493 4209 1665 4277 illum,
1699 4229 1804 4282 quo
1836 4215 1890 4268 in

309 4297 475 4342 utero
507 4289 694 4343 matris
722 4298 964 4358 gestatus
991 4301 1103 4357 est;
1135 4295 1278 4361 quod
1307 4297 1761 4356 absurdissimum
1785 4313 1888 4358 est.

391 4376 458 4432 Et
488 4386 667 4432 tamen
699 4379 1009 4449 Campanus
1039 4380 1270 4449 insignis
1286 4396 1663 4452 computorum
1695 4394 1887 4447 artifex

2048 599 2220 654 currit
2249 600 2301 654 in
2334 617 2387 656 ιχ
2415 604 2543 673 Apr.
2578 604 2677 660 fer.
2705 621 2796 661 vn.
2821 607 3090 667 Postridie
3117 614 3298 680 itaque
3329 611 3613 671 Dominica

2047 688 2346 748 Paschalis.
2377 693 2540 765 Atqui
2574 705 2632 750 ut
2651 695 2900 755 Christus
2936 712 3096 758 natus
3130 704 3199 758 sit
3215 713 3448 760 exeunte
3469 721 3618 764 anno

2047 778 2378 852 Dionysiano
2400 783 2661 854 secundo,
2690 803 2834 845 anno
2857 790 2926 845 54
2948 803 3202 862 exeunte,
3238 810 3349 851 non
3375 798 3614 868 amplius

2045 883 2194 925 χχχιι
2223 885 2396 929 annos
2421 875 2628 933 solidos
2674 879 2997 948 expleverit;
3031 883 3251 942 ineunte
3281 901 3411 943 vero
3444 905 3610 955 xxxv,

2051 962 2384 1019 tricesimum
2413 969 2628 1024 tertium
2657 971 2964 1029 inchoabat.
2995 974 3136 1046 Ergo
3166 979 3402 1048 primum
3433 983 3610 1038 aetatis

2041 1062 2245 1105 annum
2297 1051 2604 1127 Campanus
2637 1076 2759 1116 eum
2799 1073 3070 1131 numerat,
3105 1057 3216 1137 quo
3259 1068 3314 1124 in
3353 1080 3602 1127 materno

2043 1151 2201 1199 utero
2223 1155 2464 1215 gestatus
2496 1158 2598 1205 est.

1963 1304 1968 1308 .
2037 1255 2126 1343 De.
2156 1256 2430 1343 Sigeberti,
2482 1261 3116 1343 Mandant-aliorumque
3171 1271 3606 1343 cltronologorum

2106 1327 2550 1408 hallucinatione,
2620 1335 2761 1401 quod
2843 1338 2913 1390 ad
2985 1327 3107 1394 terte
3170 1327 3607 1412 anticipationem

2109 1407 2352 1463 pertinet.

2105 1506 2261 1572 Quod
2299 1518 2385 1566 est
2419 1527 2449 1566 a
2487 1513 2644 1570 nobis
2697 1518 2947 1586 proxime
2997 1520 3355 1590 disputatum,
3396 1523 3604 1596 Diony-

2041 1596 2248 1652 sianam
2315 1615 2500 1671 teram,
2568 1621 2692 1662 cum
2733 1609 2801 1664 ab
2855 1625 2999 1665 anno
3064 1611 3459 1690 lncarnationis
3515 1617 3604 1672 in-

2031 1687 2276 1744 choanda
2317 1692 2388 1746 sit
2429 1694 2498 1748 ab
2525 1709 2610 1762 eo,
2665 1699 2759 1767 qui
2806 1699 3149 1758 Nativitatem
3184 1687 3452 1775 seq-uitur,
3498 1707 3599 1762 ho-

2030 1776 2222 1862 dierno
2249 1795 2349 1834 usu
2384 1785 2571 1851 repeti,
2604 1789 2778 1854 prima
2807 1787 2984 1845 fronte
3015 1791 3326 1862 Sigebertus
3351 1797 3599 1853 animad-

2776 1874 2915 1931 ~Nam
2955 1879 3019 1934 ad
3059 1895 3261 1935 annum
3319 1884 3424 1938 552
3485 1887 3600 1941 haec

2026 1955 2277 2012 adnotat:
2301 1957 2379 2011 Ab
2404 1961 2500 2014 hoc
2529 1963 2690 2020 etiam
2721 1981 2859 2019 anno
2882 1966 3171 2037 Dionysius
3200 1972 3361 2025 abbas
3391 1975 3600 2028 orditur

2025 2043 2228 2112 cyclum
2259 2063 2442 2115 suum,
2494 2051 2758 2120 cyclorum
2821 2071 2854 2110 ν
2905 2057 3470 2118 decemnovennalium.
3530 2065 3598 2118 Et

2023 2137 2148 2205 quia
2175 2144 2433 2195 secundus
2471 2160 2641 2198 annus
2669 2146 2827 2215 hujus
2865 2152 3036 2218 operis
3078 2157 3400 2211 concordare
3443 2159 3596 2214 debet

2023 2226 2080 2277 in
2108 2229 2312 2283 ratione
2364 2236 2598 2302 computi
2627 2239 2798 2304 primo
2829 2255 2967 2293 anno
3013 2240 3332 2299 Natiuitatis
3373 2246 3594 2316 Christi,

2022 2315 2169 2370 debet
2203 2329 2347 2374 xxxv
2367 2338 2536 2377 annus
2559 2325 2695 2394 cycli
2722 2325 3042 2398 Dionysiani
3070 2336 3390 2390 concordare
3411 2339 3466 2391 in
3499 2335 3594 2393 ra-

2023 2407 2164 2462 tione
2219 2415 2449 2482 computi
2517 2417 2780 2472 tricesimo
2847 2423 3002 2475 tertio
3075 2441 3214 2479 anno
3272 2426 3593 2486 Nativitatis

1981 2542 1992 2550 .
2021 2495 2262 2556 Christi:
2299 2505 2498 2560 scilicet
2520 2516 2579 2560 ut
2603 2525 2691 2563 xw
2715 2509 2843 2564 luna
2870 2513 3069 2582 Aprilis
3105 2530 3349 2574 occurrat
3375 2537 3425 2576 Ix
3464 2521 3590 2579 Kal.

2021 2587 2154 2657 Apr.
2183 2592 2234 2644 in
2257 2608 2289 2646 ν
2316 2594 2452 2663 feria
2475 2612 2494 2650 :
2526 2596 2718 2653 Passio
2745 2599 2946 2657 Christi
2977 2621 3074 2661 vm
3115 2607 3246 2666 Kal.
3277 2613 3408 2682 Apr.
3433 2616 3487 2667 in
3536 2631 3590 2671 γι

2021 2678 2197 2747 feria:
2227 2679 2560 2739 Resurrectio
2615 2703 2666 2740 vr
2701 2688 2832 2745 Kal.
2885 2692 3016 2763 Apr.
3059 2697 3115 2750 in
3154 2678 3434 2756 Dominica
3482 2706 3589 2762 die.

2019 2765 2124 2820 Sed
2153 2769 2279 2837 quia
2303 2785 2408 2824 non
2445 2774 2522 2827 ita
2555 2779 2805 2845 occurrit,
2841 2783 2932 2835 sed
2975 2783 3102 2838 luna
3131 2802 3222 2842 xlv
3249 2789 3450 2858 Aprilis
3500 2811 3594 2849 oc-

2017 2860 2185 2913 currit
2215 2877 2275 2915 eo
2309 2879 2448 2917 anno
2475 2881 2550 2920 xu
2582 2865 2713 2922 Kal.
2743 2872 2872 2941 Apr.
2903 2875 2958 2927 in
2999 2878 3174 2944 prima
3199 2881 3370 2950 feria:
3407 2885 3590 2942 Domi-

2016 2950 2138 3005 nica
2162 2967 2279 3007 vero
2310 2955 2422 3010 dies
2460 2957 2679 3014 Pasclue
2713 2963 2766 3016 in
2801 2979 2829 3017 v
2885 2964 3013 3019 Kal.
3047 2969 3200 3036 Apr..
3245 2974 3361 3029 ideo
3388 2977 3590 3048 impro-

2016 3042 2195 3110 batur,
2225 3047 2352 3114 quia
2387 3061 2645 3120 repugnat
2685 3056 2999 3125 euangelica:
3016 3063 3244 3118 veritati.
3281 3065 3404 3123 Haec
3436 3042 3588 3141 Sige-

2018 3127 2224 3185 bertus.
2261 3130 2394 3197 Quae
2437 3150 2560 3190 cum
2613 3140 3007 3201 obscurissima
3063 3161 3228 3208 sunt:
3290 3165 3402 3211 tum
3456 3127 3588 3217 vero

2015 3233 2139 3275 cum
2174 3222 2250 3277 ait
2278 3238 2483 3280 annum
2517 3230 2653 3299 cycli
2684 3231 3000 3306 Dionysiani
3028 3241 3100 3297 55
3139 3249 3471 3314 respondere
3515 3253 3586 3308 55

2008 3310 2345 3381 Nativitatis,
2379 3317 2523 3373 istud
2553 3320 2755 3388 ipsum,
2791 3328 2937 3394 quod
2970 3345 2998 3383 a
3037 3334 3195 3388 nobis
3229 3310 3582 3398 observatum

2005 3411 2112 3468 est,
2153 3403 2424 3463 afﬁrmare
2452 3411 2685 3469 videtur.
2733 3414 2870 3471 Nam
2905 3421 2949 3474 si
2999 3421 3361 3496 Dionysianus
3393 3434 3582 3503 cyrlus

2005 3511 2116 3551 uno
2149 3511 2294 3552 anno
2319 3497 2757 3560 lncarnationem
2794 3500 3083 3578 antecedit,
3123 3533 3346 3575 necesse
3376 3533 3482 3591 est,
3519 3536 3580 3582 ut

2002 3584 2248 3652 ejusdem
2282 3590 2416 3659 cycli
2449 3593 2641 3648 tertius
2675 3598 2885 3664 primus
2916 3601 2987 3655 sit
3019 3613 3142 3672 post
3187 3584 3530 3670 Nativitalem
3559 3657 3576 3685 ,

2002 3677 2247 3747 adeoque
2295 3680 2430 3750 cycli
2465 3676 2536 3736 55
2588 3685 2726 3741 sita
2778 3688 3070 3749 Nativitate
3126 3698 3214 3753 55.
3267 3700 3345 3758 lta
3400 3676 3575 3767 annos

1998 3763 2308 3824 Nativitatis
2361 3782 2486 3840 post
2536 3773 2887 3836 Nativitatem
2953 3785 3124 3855 ipsam
3185 3793 3422 3862 cuipiam
3485 3763 3574 3855 in:

2000 3858 2200 3914 choare
2225 3863 2512 3919 videbitur.
2546 3866 2748 3925 Verum
2784 3875 3069 3934 character
3101 3883 3208 3950 ille,
3235 3901 3397 3955 quem
3429 3893 3563 3948 sub-

1993 3948 2139 4016 jicit,
2168 3952 2317 4008 aliud
2345 3971 2447 4011 nos
2475 3959 2789 4018 existimare
2814 3968 2977 4038 cogit.
3027 3948 3268 4031 Etenim-
3288 3979 3573 4055 Dionysia-

1996 4054 2119 4094 nam
2150 4058 2314 4098 teram
2351 4047 2594 4116 damnat,
2631 4055 2775 4121 quod
2803 4071 2928 4113 cum
2961 4075 3138 4120 annus
3165 4069 3301 4139 cycli
3341 4047 3568 4133 551mm

1994 4143 2140 4184 anno
2170 4131 2482 4194 Nativilatis
2516 4140 2586 4195 55
2614 4149 2909 4202 convenire
2952 4151 3167 4220 debeat,
3199 4131 3334 4227 quia
3370 4177 3569 4222 secun-

1992 4220 2094 4274 dus
2125 4224 2258 4292 cycli
2289 4229 2499 4294 primus
2533 4241 2614 4287 est
2641 4232 2970 4307 Nativitatis,
3011 4220 3350 4319 nequaquam
3379 4220 3563 4313 tamen

1992 4317 2338 4373 consentiat:
2371 4334 2653 4392 propterea
2686 4335 2831 4398 quod
2878 4335 2949 4389 55
2994 4340 3128 4408 cycli
3165 4317 3348 4400 lunam
3402 4349 3565 4408 habet

1991 4418 2083 4512 inv
2143 4406 2196 4460 in
2251 4425 2326 4464 xu
2377 4411 2495 4467 Kal.
2531 4418 2664 4488 Apr.
2699 4421 2833 4478 feria
2867 4441 2904 4488 ι,
2944 4406 3047 4484 hoc
3075 4441 3158 4486 est
3199 4434 3375 4492 Martii
3433 4457 3559 4512 χχι,

2537 4468 2570 4470 νν
2620 4468 2664 4474 --
2699 4468 2833 4478 -ν---ι
2867 4468 2881 4478 -
2944 4468 3047 4484 --νυ
3075 4468 3158 4486 nali
3199 4468 3375 4492 manu
3433 4468 3528 4496 χχι

307 4469 372 4524 in
413 4468 543 4522 illud
575 4469 863 4538 prolapsus
893 4478 994 4524 est.
1025 4468 1159 4524 Nam
1203 4473 1253 4526 in
1280 4474 1570 4549 Compulo,
1597 4495 1716 4550 cap.
1740 4482 1811 4536 24
1831 4493 1886 4538 ει
1918 4506 1961 4561 ι)
1991 4488 2199 4549 Pascha
2229 4512 2359 4553 vero
2391 4517 2422 4555 ν
2454 4468 2776 4578 Kal.rApr.,
2812 4468 2990 4570 annus
3029 4526 3208 4574 autem
3251 4486 3562 4586 Νειενηθιεξ

307 4560 384 4586 QG
430 4559 706 4586 “'--:nI-nm
762 4559 1045 4586 num:n--m
1077 4571 1258 4586 nni--n-
1284 4580 1518 4586 -_--__-s,_
1541 4577 1551 4586 ι
1587 4584 1598 4586 μ
1848 4574 1879 4586 ιο
1992 4582 2058 4586 __
2094 4583 2105 4586 _

304 4560 404 4625 52,
430 4559 708 4613 Christum
759 4559 1046 4613 Dominum
1075 4571 1260 4616 natum
1282 4577 1557 4622 asseverat
1579 4584 1722 4625 anno
1748 4574 1882 4643 cycli

309 4651 824 4710 decemnovennalis
881 4655 1144 4720 secundo,
1196 4658 1330 4728 cycli
1389 4675 1516 4715 vero
1571 4674 1880 4733 epaclarum

299 4740 494 4808 tertio,
528 4750 650 4795 ante
679 4757 713 4794 ιι
748 4742 1252 4812 mensesinchoato,
1287 4747 1374 4801 die
1405 4749 1658 4806 vicesima
1687 4769 1880 4824 quarta

297 4832 608 4890 lunationis
662 4833 1057 4901 embolima‘aa,
1105 4851 1229 4906 qua
1274 4841 1513 4896 secundo
1562 4842 1879 4905 Decembris

295 4925 461 4991 iniit;
502 4925 655 4996 cyclo
685 4925 816 4980 solis
852 4941 908 4992 χ,
962 4926 1138 4983 littera
1174 4929 1328 4987 Dom.
1365 4933 1424 4988 Β.
1473 4934 1588 4990 Non
1618 4939 1759 4995 alius
1788 4941 1878 4996 hic

294 5031 484 5071 annus
509 5023 612 5080 est,
654 5031 817 5086 quam
867 5031 988 5071 tera:
1032 5017 1374 5090 Dionysianae
1424 5026 1635 5094 primus
1663 5069 1677 5094 ,
1736 5033 1874 5101 cycli

294 5101 624 5173 Dionysiani
677 5104 971 5170 secundus,
1011 5121 1172 5176 quem
1208 5126 1307 5167 nos
1339 5113 1574 5183 primum
1615 5133 1644 5173 a
1695 5119 1873 5177 Natali

292 5203 617 5262 computare
655 5196 930 5263 solemus;
962 5213 1072 5268 quo
1103 5202 1286 5271 cyclus
1313 5217 1624 5275 epaclarum
1658 5217 1870 5284 tertius,

292 5283 395 5353 qui
419 5284 561 5340 idem
589 5296 673 5342 est
703 5303 827 5342 cum
852 5289 1237 5361 Alexandrino,
1255 5298 1322 5352 ab
1348 5297 1386 5353 S
1407 5304 1649 5372 iptembri
1683 5283 1872 5365 mense

292 5375 484 5444 cmpit,
526 5388 774 5435 currente
803 5397 971 5437 aureo
1000 5400 1226 5440 numero
1265 5387 1328 5441 ll.
1383 5389 1595 5450 Rursus
1645 5413 1867 5467 passum

289 5482 423 5523 esse
450 5469 728 5526 Christum
762 5473 917 5528 docet
939 5491 1083 5530 anno
1109 5479 1284 5536 aetatis
1315 5482 1403 5547 54,
1446 5501 1555 5554 quo
1575 5487 1779 5545 Pascha
1814 5493 1865 5548 in

289 5571 356 5613 ιν
386 5554 504 5611 Eid.
534 5559 662 5630 Apr.
697 5562 909 5617 incidit.
945 5563 1040 5621 Est
1067 5566 1112 5622 is
1137 5583 1314 5626 annus
1360 5588 1481 5628 aarae
1523 5575 1868 5650 Dionysianae

286 5646 388 5712 35,
419 5664 528 5718 quo
567 5651 717 5722 cyclo
762 5653 1144 5712 labente‘lunaa
1173 5673 1300 5724 xvu,
1345 5659 1639 5721 Neomcnia
1665 5646 1863 5730 'Nisan

283 5738 501 5799 αἰειεηὶ
523 5743 664 5802 cadit
685 5745 739 5800 in
772 5745 952 5804 Martii
977 5766 1149 5820 xxvu,
1181 5751 1312 5808 feria
1335 5770 1373 5822 ι,
1411 5757 1564 5824 cyclo
1592 5761 1723 5819 solis
1747 5781 1858 5838 xw,

1990 4582 2060 4636 55
2093 4583 2273 4641 lunam
2305 4606 2398 4646 xiv
2435 4593 2689 4653 habuerit
2744 4618 2798 4657 ιχ
2833 4602 2952 4660 Kal.
3007 4609 3138 4679 Apr.
3189 4611 3324 4670 feria
3374 4634 3425 4684 v,

1989 4676 2121 4729 scha
2149 4693 2200 4732 vr
2254 4679 2374 4738 Kal.
2409 4683 2541 4754 Apr.
2575 4687 2743 4759 Igitur
2775 4711 2920 4752 xxxv
2953 4717 3076 4755 cum
3117 4720 3293 4761 χχχιιι
3318 4725 3448 4778 non,
3499 4727 3558 4773 ιιι

1987 4765 2238 4834 debebat,
2267 4775 2540 4842 congruit.
2585 4777 2664 4834 Ita
2695 4780 3032 4852 Sigebertus.
3069 4790 3210 4848 Idem
3242 4797 3308 4851 ad
3351 4765 3553 4861 annum

1987 4855 2126 4911 1076
2155 4859 2254 4914 ista
2286 4865 2473 4920 scribit
2499 4885 2512 4922 :
2541 4872 2656 4924 Hoc
2686 4890 2825 4930 anno
2848 4879 2940 4947 qui
2969 4890 3046 4934 est
3074 4899 3171 4939 χιιι
3203 4904 3372 4945 annus

1983 4949 2470 5012 decemnovennalis
2495 4962 2629 5031 cycli
2651 4966 2706 5018 in
2733 4970 2952 5036 repetito
2973 4988 3160 5043 magno
3187 4995 3326 5034 anno
3352 4949 3556 5061 ιὶιοηῇζ

1982 5043 2070 5108 sii,
2098 5044 2303 5102 duobus
2336 5054 2538 5120 magnis
2571 5057 2725 5111 annis
2748 5074 2780 5112 a
2810 5059 3070 5117 Passione
3094 5065 3314 5126 Domini
3351 5043 3552 5134 reuolu-

1983 5135 2074 5202 tis,
2104 5140 2302 5205 omnia,
2327 5145 2550 5231 quw'ad
2575 5163 2788 5204 rursum
2842 5155 2972 5210 solis
3003 5168 3055 5212 et
3097 5160 3240 5217 luna
3287 5181 3544 5238 spectant,

1978 5241 2116 5280 arma
2141 5227 2431 5287 Dominicw
2459 5227 2740 5295 Passionis
2772 5247 3112 5305 concordant.
3146 5251 3294 5309 Unde
3313 5227 3545 5328 'apparct
3569 5249 3588 5262 ’

1976 5321 2114 5385 quod
2137 5319 2424 5392 Dionysius
2467 5343 2568 5381 non
2612 5340 2749 5386 recte
2794 5351 2962 5391 annos
2997 5340 3206 5396 Domini
3257 5347 3403 5414 cyclo
3452 5367 3548 5405 suo

1975 5413 2256 5478 annexuil;
2287 5416 2410 5484 quia
2437 5420 2575 5473 enim
2631 5422 2697 5475 ab
2737 5442 2878 5480 anno
2908 5428 3126 5486 Domini
3175 5413 3302 5488 5527
3333 5439 3546 5507 ,cyclum

1972 5517 2128 5554 suum
2159 5521 2310 5559 orsus
2338 5518 2474 5573 ϐεεν
2499 5512 2749 5568 nimirum
2799 5519 3024 5575 intendit
3069 5523 3338 5578 Christum
3379 5528 3545 5597 fuisse

1973 5599 2155 5645 natum
2191 5613 2330 5652 anno
2375 5603 2602 5660 secundo
2659 5609 2854 5675 prioris
2887 5614 3065 5682 magni
3098 5616 3269 5679 anni;
3319 5635 3384 5671 ac
3444 5637 3540 5690 per

1969 5683 2064 5738 hoc
2092 5685 2176 5739 hic
2205 5704 2374 5746 annus
2408 5707 2548 5746 anno
2579 5693 2870 5753 Dommicw
2897 5698 3174 5758 Passionis
3209 5707 3538 5765 concordans

1967 5775 2225 5833 debuisset
2259 5797 2370 5836 esse
2413 5787 2590 5854 magni
2639 5787 2774 5856 cycli
2803 5805 2972 5844 annus
3002 5807 3107 5848 non
3158 5794 3263 5864 15,
3300 5800 3392 5852 sed
3423 5797 3534 5866 33;
