3958 6394
471 383 566 442 911

1600 377 1945 435 APPENDIX
1984 378 2618 438 DlSSERTATlONUM.
3583 384 3666 443 9η

473 496 598 565 quia
623 494 668 547 is
699 492 802 563 fuit
831 508 1003 547 annus
1044 490 1321 549 Passionis
1376 489 1587 545 Domini
1616 509 1633 546 :
1676 502 1725 548 et
1775 509 1869 562 per
1914 494 2050 547 hanc
2080 500 2121 553 Α
2150 495 2359 552 rexisse
2385 511 2515 551 vero
2546 493 2721 550 Martii
2752 509 2923 559 xxv",
2960 492 3095 548 feria
3137 507 3179 547 t.
3211 490 3330 559 Quo
3354 492 3485 548 Velut
3510 503 3666 563 posto.

474 583 898 642 consequentiam
923 582 1116 636 solaris
1163 590 1213 636 et
1253 582 1459 635 lunaris
1510 598 1696 636 cursus
1730 583 2051 639 concordant

474 672 790 741 evangelica:
832 671 1066 727 veritati.
1124 670 1414 740 Dionysius
1463 672 1640 741 posuit
1701 670 2053 727 Natieitatem

476 764 680 820 Christi
708 765 977 819 xxtannis
1037 763 1246 817 tardius
1300 779 1465 834 quam
1527 765 1726 819 debuit.
1772 764 1898 821 llaec
1940 764 2050 819 ille.

474 854 609 909 Cum
636 854 690 908 in
718 854 1003 923 superiore
1043 853 1164 909 loco
1197 853 1521 919 deliniisset,
1564 869 1768 909 annum
1812 855 1884 909 55
1916 855 2054 927 cycli

472 945 671 1001 debere
691 959 817 999 esse
846 942 1157 999 Nativitatis
1179 943 1271 1010 25,
1287 958 1398 1013 quo
1421 959 1617 1012 passus
1640 952 1726 999 est
1753 943 2050 1001 Dominus:

476 1051 625 1092 nunc
657 1044 720 1090 ut
753 1034 897 1090 idem
932 1033 1218 1091 Passionis
1248 1049 1429 1091 annus
1457 1049 1585 1089 cum
1615 1050 1703 1100 eo,
1735 1036 1827 1105 qui
1864 1036 2052 1091 15ιιιι-

475 1134 741 1194 moratur,
772 1126 922 1181 omni
963 1141 1031 1181 ex
1065 1135 1220 1196 parte
1255 1127 1584 1191 consentiat,
1623 1128 1699 1181 ait
1742 1128 1920 1197 ipsum
1954 1129 2053 1183 de-

475 1220 605 1273 bere
623 1233 749 1275 esse
777 1219 913 1289 cycli
940 1219 1277 1272 tricesimum
1311 1220 1552 1273 tertium.
1602 1220 1767 1289 Atqui
1799 1220 1869 1274 55
1914 1220 2053 1291 cycli

474 1307 811 1372 Nativitatis,
848 1307 962 1362 sive
987 1307 1172 1377 potius
1216 1304 1614 1364 lncaruationis
1665 1316 1751 1364 est
1796 1309 1886 1364 32.
1919 1308 2053 1374 Quis

477 1396 953 1457 hallucination‘em
982 1412 1090 1452 non
1114 1396 1296 1451 videt?
1334 1396 1408 1450 Ex
1447 1398 1514 1454 iis
1547 1407 1772 1468 apparet
1805 1399 1942 1453 nihil
1987 1401 2055 1454 de

474 1495 717 1558 biennio,
755 1490 899 1561 quod
925 1499 1050 1545 ante
1078 1505 1285 1544 annum
1332 1487 1543 1545 Natalis
1574 1489 1895 1562 Dionysiani
1946 1507 2050 1545 nu-

473 1585 794 1640 merandum
839 1597 961 1637 esse
992 1582 1308 1645 docuimus,
1362 1580 1415 1635 in
1475 1588 1712 1636 mentem
1770 1580 2054 1653 Sigeberto

475 1679 730 1742 venisse;
754 1683 809 1730 et
834 1673 1159 1730 Nativitalis
1200 1688 1402 1728 annum
1433 1672 1505 1727 ab
1535 1687 1603 1728 eo
1636 1688 1761 1729 cum
1795 1672 2052 1730 lncarna-

472 1768 641 1823 tionis
670 1780 816 1820 anno
850 1763 1110 1820 confundi
1138 1782 1152 1818 :
1194 1763 1454 1834 quoniam
1485 1765 1704 1833 quidem
1747 1766 2050 1819 secundum

2154 588 2284 651 lato,
2314 598 2368 643 et
2394 589 2668 643 axiomate
2728 586 2876 651 freti,
2933 585 3257 651 historiam,
3303 600 3365 640 ac
3410 590 3668 657 temporum

2152 693 2539 749 annorumque
2567 678 2765 734 seriem
2806 678 2874 732 ad
2930 692 3086 733 suam
3144 676 3290 730 illam
3338 677 3578 749 πρόληψιν
3600 694 3668 734 ac-

2150 766 2505 824 commodare
2541 767 2876 829 maluerunt,
2922 781 3087 836 quam
3136 764 3267 820 illud
3317 766 3484 836 ipsum
3525 766 3672 836 cujus-

2152 859 2301 914 modi
2330 866 2499 923 esset,
2549 857 2841 927 diligenter
2871 858 3166 927 inquirere.
3203 854 3388 925 Itaque
3428 870 3539 911 cum
3573 858 3674 911 anni

2154 952 2209 1007 in
2250 959 2363 1008 toto
2385 949 2721 1021 Dionysiano
2759 949 2913 1019 cyclo
2948 958 3058 1003 tres
3098 948 3322 1002 omnino
3356 948 3673 1003 characterem

2153 1042 2300 1098 hunc
2331 1041 2532 1097 habere
2567 1041 2799 1111 possint,
2840 1040 3100 1095 nimirum
3140 1054 3263 1103 xm,
3319 1039 3412 1109 qui
3463 1047 3540 1095 est
3582 1054 3677 1094 terre

2152 1150 2252 1200 xu,
2284 1133 2373 1189 cui
2408 1133 2597 1204 eyelus
2634 1133 2781 1187 lunae
2804 1130 3060 1203 congruit
3089 1146 3212 1197 xm,
3244 1131 3374 1187 solis
3399 1145 3507 1197 ιιι,
3537 1130 3677 1185 littera

2153 1225 2369 1281 Domiti.
2410 1223 2501 1281 CB
2532 1241 2548 1279 :
2574 1223 2703 1280 item
2735 1237 2915 1279 annus
2939 1220 3066 1288 260,
3117 1237 3243 1277 tera:
3276 1221 3548 1293 259.cyclo
3573 1222 3680 1277 solis

2155 1332 2266 1382 xvi,
2301 1315 2480 1371 littera
2513 1314 2581 1379 Β,
2625 1315 2772 1370 lunas
2819 1329 2964 1370 xm:
3008 1328 3073 1369 ac
3120 1319 3396 1383 postremo
3431 1313 3548 1380 450,
3588 1328 3681 1368 rem

2152 1408 2279 1472 449,
2313 1406 2468 1478 cyclo
2488 1405 2619 1462 solis
2650 1421 2705 1469 x,
2728 1406 2909 1461 littera
2926 1404 2994 1468 Β,
3038 1404 3180 1459 lunae
3205 1419 3302 1459 xm
3330 1419 3346 1469 ;
3376 1418 3467 1473 pro
3487 1419 3547 1459 eo
3567 1406 3682 1475 quod

2151 1496 2331 1551 czeteri
2347 1494 2664 1550 remotiores
2676 1502 2884 1559 essent,
2890 1494 3125 1564 primum
3141 1493 3484 1563 arripuerunt
3497 1510 3681 1561 annum,

2153 1589 2247 1658 qui
2268 1597 2354 1645 est
2379 1588 2515 1659 cycli
2552 1585 2867 1658 Dionysiani
2897 1586 2984 1654 15,
3016 1600 3139 1641 atra:
3175 1586 3281 1654 l2;
3327 1596 3382 1641 et
3416 1601 3445 1641 a
3469 1585 3684 1658 Dionysio

2157 1679 2573 1753 μεταχρονισμῷ
2601 1689 2881 1751 peccatum
2913 1692 3032 1734 esse
3058 1677 3311 1733 dixerunt
3340 1678 3683 1733 annorumﬂ:

2156 1772 2293 1824 adeo
2309 1779 2368 1825 ut
2385 1770 2477 1838 qui
2499 1779 2817 1825 numeratur
2829 1768 3229 1823 lncarnationis
3243 1767 3310 1821 12
3326 1806 3343 1831 ,
3368 1767 3496 1838 cycli
3519 1768 3596 1833 15,
3610 1766 3685 1822 dc-

474 1875 680 1916 annum
724 1857 885 1930 cycli,
919 1856 1016 1927 qui
1067 1856 1213 1910 haud
1243 1855 1410 1910 dubie
1460 1855 1860 1912 lncarnationis
1910 1856 2052 1925 apud
2087 1843 2128 1900 Β
2156 1860 2335 1915 buerit
2361 1858 2754 1916 lncarnationis
2780 1874 2900 1915 esse
2925 1858 2995 1914 54
3022 1901 3039 1926 ,
3085 1858 3223 1931 cycli
3261 1858 3352 1914 55.
3384 1857 3612 1914 Testatur
3646 1860 3687 1913 id

473 1953 600 2007 illos
640 1950 851 2019 primus
880 1957 987 2012 est,
1022 1947 1260 2018 primum
1282 1940 1444 2017 atque
1469 1946 1781 2003 Nativitatis
1806 1962 1928 2004 esse
1955 1948 2053 2002 de—

476 2043 614 2100 ﬁnit.
643 2041 750 2096 Sed
782 2040 836 2094 in
870 2039 979 2094 illis
1012 2039 1230 2093 duobus
1264 2037 1530 2108 Sigeberti
1563 2039 1697 2095 locis
1726 2039 1895 2094 multa
1926 2048 2055 2093 sunt

475 2137 676 2207 partim
717 2135 1004 2206 scriptoris
1030 2133 1437 2203 culpa,-partim
1467 2131 1679 2186 librarii
1716 2130 1927 2184 incuria
1962 2132 2055 2185 de-

476 2237 722 2299 pravata.
749 2227 824 2282 Ac
855 2228 1039 2297 priore
1071 2226 1291 2297 quidem
1347 2225 1400 2280 in
1443 2225 1563 2279 loco
1608 2223 1819 2279 nullum
1853 2223 1907 2276 in
1948 2237 2055 2275 nu-

476 2320 775 2375 meralibus
809 2319 956 2375 notis
986 2318 1245 2374 mendum
1264 2331 1408 2379 esse,
1437 2330 1561 2372 cum
1590 2315 1662 2371 55
1684 2314 1822 2386 cycli
1849 2328 2054 2369 annum

477 2406 1071 2478 nominat,‘cbaracter
1105 2410 1221 2480 ipse
1277 2409 1413 2464 satis
1470 2406 1728 2463 ostendit.
1760 2406 1850 2462 Ait
1908 2405 2056 2460 enim

478 2505 581 2558 hoc
614 2518 761 2558 anno
796 2504 1060 2558 decimam
1101 2509 1353 2572 quartam
1393 2500 1520 2554 luna
1567 2497 1768 2569 Aprilis
1818 2496 2058 2568 (Aprilis

476 2596 662 2649 lunam
699 2594 990 2648 identidem
1027 2593 1283 2663 appellat,
1321 2607 1429 2646 non
1476 2605 1606 2660 quae
1650 2588 1827 2659 Aprili
1868 2600 2059 2643 mense

477 2683 696 2737 initium
738 2683 956 2744 habeat,
990 2681 1085 2737 sed
1117 2696 1239 2750 qua:
1269 2680 1322 2735 in
1349 2680 1590 2750 Aprilem
1613 2679 1825 2734 desinat
1855 2697 1869 2732 :
1911 2677 2058 2746 quod

478 2772 817 2828 Scholiastes
845 2774 1069 2843 quidam
1107 2772 1291 2845 minus
1320 2770 1759 2825 animadverteris
1802 2769 2058 2824 vitiosum

479 2879 604 2920 esse
628 2865 859 2919 credidit
884 2865 903 2933 )
932 2878 1009 2917 ιιιι
1039 2861 1159 2917 Kal.
1191 2865 1323 2931 Apr.
1368 2860 1502 2916 feria
1537 2875 1552 2914 I
1585 2859 1878 2916 convenire
1906 2877 1922 2925 ;
1961 2857 2061 2912 Pa-

477 2953 612 3009 scha
645 2968 774 3006 vero
811 2969 837 3006 ν
865 2950 986 3005 Kal.
1019 2951 1214 3020 April.,
1243 2950 1387 3020 quod
1431 2951 1658 3004 omnino
1699 2949 1882 3021 magni
1922 2947 2061 3020 cycli

478 3062 624 3101 anno
652 3045 722 3101 55
750 3044 1006 3115 congruit
1034 3086 1050 3108 ,
1081 3058 1204 3098 mra:
1249 3042 1592 3113 Dionysianm
1618 3041 1709 3107 54,
1748 3040 1900 3112 cyrlo
1932 3039 2064 3095 solis

477 3155 570 3203 xv,
608 3138 787 3193 littera
828 3136 982 3191 Dom.
1014 3136 1079 3201 C,
1139 3135 1293 3206 cyclo
1342 3133 1484 3188 hante
1541 3148 1653 3188 va.
1715 3132 2060 3187 Novilunium

478 3227 738 3300 paschale
770 3224 1047 3282 Nicaenum
1093 3222 1259 3296 (nam
1295 3222 1835 3296 προήγησινιηιιιιιιιι
1887 3236 2060 3277 δείξου-

479 3321 594 3376 ium
627 3318 763 3375 illud
797 3317 1061 3388 agnovit)
1109 3316 1286 3372 Martii
1321 3332 1416 3371 vm
1445 3334 1459 3370 :
1521 3314 1746 3385 proinde
1779 3314 1908 3368 luna
1969 3327 2061 3368 xlv

479 3410 661 3468 Martii
691 3425 804 3466 xxI.
854 3407 1015 3465 Hunc
1066 3423 1272 3463 annum
1326 3422 1453 3462 cum
1519 3422 1692 3461 xxxttt
1752 3403 2064 3461 Nativitazis

481 3518 627 3567 anno
652 3501 966 3558 consentire
1006 3499 1204 3557 debere
1235 3498 1556 3568 Sigebertus
1587 3497 1817 3560 asserit,
1855 3496 1932 3551 uti
1982 3495 2066 3549 lu-

481 3610 607 3649 nam
642 3608 732 3647 xtv
766 3590 964 3646 habeat
993 3606 1048 3645 ιιι
1072 3588 1190 3645 Kal.
1219 3591 1351 3660 Apr.
1377 3588 1514 3644 feria
1542 3604 1594 3653 v,
1621 3587 1832 3643 Pascha
1858 3602 1911 3641 vr
1941 3585 2060 3642 Kal.

481 3682 1087 3756 Apr.;quandoquidem
1139 3696 1318 3736 annus
1367 3679 1457 3735 ille
1490 3678 1805 3735 Nativitatis
1841 3678 2065 3734 eosdem

484 3778 610 3832 illos
641 3777 991 3830 characteres
1042 3773 1272 3827 obtinet.
1327 3770 1576 3841 Fungum
1620 3786 1725 3825 non
1789 3771 2065 3826 hominem

484 3875 700 3937 oportet
723 3880 866 3927 esse,
897 3863 988 3919 cui
1017 3863 1159 3918 istud
1190 3863 1535 3932 persuadeat.
1579 3864 1772 3917 Aunus
1802 3859 2067 3915 Nativita-

486 3960 580 4022 tis,
609 3960 724 4013 sive
750 3972 872 4010 aera
898 3953 1240 4025 Dionysianaa
1268 3953 1336 4007 55
1376 3954 1665 4021 respondet
1698 3953 1835 4023 cycli
1868 3951 2069 4024 Diony-

488 4049 627 4105 siani
655 4064 765 4104 non
793 4047 884 4113 55,
917 4047 1010 4103 sed
1052 4046 1145 4110 54,
1175 4046 1444 4117 siquidem
1489 4060 1668 4101 annus
1706 4044 1919 4115 primus
1956 4044 2068 4099 Na-

487 4143 715 4198 tivitatis
751 4149 836 4197 est
894 4138 1033 4212 cycli
1069 4138 1391 4195 secundus“
1420 4136 1593 4191 liabet
1646 4151 1813 4207 porro
1858 4137 2068 4209 cyclum

487 4237 632 4292 lunte
660 4249 751 4299 xv,
778 4236 964 4291 lunam
995 4248 1126 4288 vero
1159 4247 1252 4287 xiv
1285 4231 1339 4286 in
1375 4229 1494 4285 Kal.
1526 4231 1660 4301 ipsis
1698 4228 1829 4300 Apr.
1870 4227 2070 4301 Cyclus

487 4327 621 4382 solis
645 4334 731 4380 est
756 4341 846 4381 xiv
873 4341 888 4393 ;
920 4324 1132 4381 Pascha
1166 4327 1298 4392 Apr.
1340 4339 1393 4388 v,
1452 4322 1633 4378 littera
1685 4320 1749 4376 D.
1801 4321 2069 4388 Quocirca

490 4419 632 4490 apud
660 4419 1001 4492 Sigebertum
1033 4416 1087 4470 in
1117 4416 1297 4485 priore
1328 4414 1449 4470 loco
1467 4413 1774 4484 legendum,
1802 4413 2070 4467 tricesimo

2156 1960 2346 2021 prater
2359 1949 2698 2024 Sigebertum
2715 1949 2989 2005 Mariauus
3002 1947 3319 2020 Scotus,qui
3336 1948 3596 2012 adaunum
3607 1950 3688 2004 5‘52

2155 2051 2327 2108 notat,
2360 2042 2506 2098 hunc
2532 2042 2708 2112 ipsum
2744 2056 2948 2097 annum
2973 2040 3208 2111 primum
3235 2054 3358 2095 esse
3388 2040 3554 2110 magni
3582 2038 3692 2112 cycli

2155 2132 2501 2205 Dionysiani,
2531 2133 2692 2205 cujus
2723 2148 2865 2188 anno
2895 2147 2993 2188 xm
3027 2132 3324 2189 resurrexit
3354 2130 3690 2197 Dominus,mt

2156 2222 2276 2279 Kal.
2322 2224 2661 2295 April.,luna
2692 2239 2801 2278 xvn
2827 2220 2957 2294 (sed
2994 2236 3091 2293 pro
3135 2234 3236 2276 vm
3267 2219 3398 2283 Kal.
3427 2223 3685 2278 emendan-

2156 2316 2289 2371 dum
2317 2326 2402 2374 est
2428 2331 2481 2371 vr
2520 2313 2672 2371 Kak:
2714 2314 2917 2385 alioqui
2946 2315 3131 2386 cyclus
3160 2323 3306 2371 esset
3353 2314 3489 2368 lunae
3522 2328 3570 2378 v,
3600 2326 3688 2365 non

2159 2421 2259 2461 xm
2284 2406 2322 2481 ),
2342 2408 2446 2463 hoc
2472 2415 2559 2462 est
2586 2420 2732 2461 anno
2767 2421 2844 2460 ιιι
2879 2404 3297 2471 lncarnationis,
3344 2405 3496 2475 juxta
3529 2404 3695 2474 Diony-

2158 2499 2323 2554 sium.
2353 2498 2492 2554 Cum
2518 2508 2702 2554 autem
2736 2499 2802 2554 ad
2827 2512 3031 2554 annum
3059 2498 3166 2554 554
3188 2496 3353 2553 Beda:
3374 2497 3544 2553 locum
3571 2496 3694 2558 citat,

2158 2592 2317 2661 quasi
2351 2592 2422 2647 sit
2459 2605 2637 2646 annus
2671 2588 2990 2645 Diocletiani
3020 2587 3150 2655 218,
3199 2589 3342 2645 scito
3392 2587 3697 2643 librariorum

2158 2698 2343 2738 errore
2370 2682 2606 2749 factum,
2633 2692 2692 2736 ut
2739 2682 2855 2737 haec
2906 2689 3057 2749 nota,
3086 2695 3210 2752 qua:
3267 2681 3338 2737 ad
3372 2695 3565 2735 annum
3614 2678 3699 2734 552

2162 2774 2360 2830 ascribi
2419 2773 2632 2839 debuit,
2669 2774 2725 2829 in
2758 2773 2864 2829 554
2899 2773 3289 2845 conjiceretur,
3328 2789 3398 2830 ne
3444 2773 3560 2844 quis
3589 2770 3700 2826 forte

2163 2865 2471 2921 Marianum
2504 2866 2802 2922 discrimen
2830 2865 2964 2920 illud
2992 2865 3220 2932 biennii,
3246 2865 3396 2935 quod
3421 2874 3539 2920 ante
3558 2875 3700 2917 annos

2162 2956 2612 3029 aliquot'urgeri
2675 2957 2869 3027 coepit,
2924 2936 3216 3028 agnovisse
3274 2970 3405 3013 cum
3467 2953 3703 3025 Scaligero

2164 3058 2405 3107 oenseat.
2438 3047 2536 3104 llic
2570 3047 2717 3103 enim
2754 3049 2850 3103 ιιι).
2885 3063 2964 3111 v1,
2998 3063 3053 3119 p.
3089 3049 3216 3115 515,
3244 3049 3333 3104 ed.
3358 3049 3413 3117 2,
3443 3043 3702 3102 Dcemend.

2167 3151 2348 3212 temp.,
2367 3140 2751 3212 Dionysianam
2781 3155 2946 3195 atram
2972 3140 3194 3196 biennio
3222 3157 3391 3212 quam
3410 3155 3503 3212 par
3525 3141 3587 3195 sit
3606 3140 3706 3193 bre-

2166 3234 2372 3289 viorem
2423 3245 2454 3286 a
2488 3230 2735 3287 Mariano
2795 3232 2904 3288 diei
2959 3231 3268 3297 conlirmat,
3319 3240 3376 3287 et
3420 3233 3527 3287 haec
3557 3228 3700 3300 ipsius

2164 3325 2330 3380 verba
2377 3334 2815 3380 commemorat:
2858 3323 3007 3377 Anno
3053 3323 3123 3377 ad
3158 3324 3435 3378 veritatem
3472 3320 3705 3392 Erangelti

2166 3414 2307 3471 1076
2334 3431 2350 3482 ;
2389 3414 2678 3471 secundum
2711 3430 2830 3470 vero
2865 3413 3110 3486 Dionysii
3143 3415 3352 3486 cyclum
3386 3415 3536 3482 1074,
3564 3412 3705 3467 [lilii-

2166 3507 2422 3574 brandus,
2459 3506 2550 3577 qui
2577 3516 2628 3560 et
2660 3504 2965 3577 Gregorius,
2998 3514 3105 3562 etc.
3137 3504 3269 3573 Qua:
3311 3507 3527 3577 quidem
3572 3502 3706 3558 verba

2168 3597 2223 3652 in
2249 3598 2491 3654 editione
2525 3596 2881 3653 Francoford.
2913 3596 3242 3665 Pistoriana,
3282 3613 3410 3668 qua:
3457 3597 3706 3652 mihicum

2169 3691 2287 3745 haec
2313 3689 2607 3746 scriberem
2642 3690 2708 3744 ad
2742 3703 2964 3743 manum
3013 3698 3170 3753 erat,
3231 3704 3506 3761 nusquam
3543 3685 3707 3758 reperi.

2171 3781 2278 3837 Sed
2313 3791 2372 3837 ut
2400 3780 2602 3836 alicubi
2632 3780 2910 3852 lcgantur,
2939 3779 3064 3849 quis
3095 3794 3203 3835 non
3230 3781 3589 3837 emendandas
3612 3790 3710 3831 esse

2170 3873 2482 3929 numerales
2524 3881 2683 3928 notas
2730 3871 2954 3928 videat?
2982 3871 3193 3929 Etenim
3243 3871 3492 3945 Dionysii
3552 3867 3709 3942 cyelus

2170 3966 2450 4036 vulgarem
2478 3980 2645 4020 seram
2679 3980 2788 4021 uno
2828 3966 3084 4036 praecedit
3131 3980 3318 4034 anno;
3376 3976 3562 4035 estque
3600 3959 3709 4032 cycli

2172 4058 2599 4115 secundusmerte
2629 4057 2858 4127 primus.
2894 4055 3046 4112 Unde
3074 4057 3122 4113 si
3158 4058 3283 4128 quis
3313 4073 3479 4112 seram
3531 4053 3713 4111 biennio

2175 4158 2518 4220 promoveat,
2547 4149 2748 4205 incidet
2775 4151 2829 4204 in
2855 4149 3369 4206 decemnovennalis
3389 4148 3521 4221 cycli
3541 4158 3712 4202 annum

2175 4241 2268 4304 19,
2306 4242 2490 4314 magni
2531 4241 2669 4313 cycli
2698 4239 3018 4314 Dionysiani
3053 4240 3196 4307 55‘2;
3244 4241 3350 4296 hoc
3400 4251 3484 4296 est
3524 4238 3715 4295 alterius

2173 4330 2309 4404 cycli
2338 4333 2683 4403 postulatitii,
2711 4348 2776 4388 ac
2792 4331 3074 4402 proleptici
3103 4332 3380 4388 ultimum.
3410 4331 3625 4399 Ideoque
3639 4343 3716 4381 an-

2175 4438 2279 4477 nus
2298 4423 2531 4479 verioris
2546 4438 2670 4478 serae
2688 4421 2825 4478 1076
2846 4432 2950 4477 erit
2968 4420 3283 4494 Dionysiani
3302 4422 3439 4494 cycli
3466 4419 3611 4483 1075,
3628 4429 3718 4471 non

490 4524 680 4584 quarto
703 4528 843 4568 atauo
868 4508 1191 4565 Natiuitatis
1221 4508 1423 4563 Christi
1454 4521 1553 4576 pro
1580 4507 1845 4559 tricesimo
1888 4506 2064 4559 tertio.
2105 4536 2152 4594 ο
2190 4513 2350 4567 1074,
2420 4511 2710 4569 Debuisse;
2755 4511 3034 4568 Mal-ianus
3082 4525 3191 4566 ηοη
3230 4512 3447 4583 cyclum
3486 4504 3716 4579 Dionysii,

490 4607 562 4662 At
597 4605 650 4659 in
681 4603 987 4675 posteriore
1014 4602 1088 4655 ita
1114 4599 1496 4670 corrigendum
1532 4598 1801 4664 videatur,
1834 4613 1937 4651 non
1969 4605 2074 4650 ter-

493 4701 599 4755 tius
631 4700 886 4762 decimus,
908 4697 999 4752 sed
1028 4695 1330 4750 tricesimus
1368 4703 1595 4764 quartus
1633 4709 1736 4765 pro
1777 4694 2074 4747 tricesimus

420 4799 425 4803 ‘
496 4793 702 4846 tertius.
731 4789 889 4857 Quod
909 4797 964 4843 et
998 4785 1285 4857 sequentia
1323 4784 1554 4851 docent,
1586 4791 1711 4841 cum
1762 4785 1840 4840 ait
1878 4784 2076 4854 Diony-

496 4885 634 4939 sium
664 4881 987 4938 Natiuitatis‘
1020 4878 1223 4936 Christi
1252 4877 1493 4948 posuisse
1533 4893 1627 4933 xx:
1663 4878 1819 4931 annis
1841 4876 2073 4944 tardius,

498 4990 657 5045 quam
687 4973 960 5028 debuerat.
989 4971 1144 5027 Adde
1189 4970 1251 5025 2|
1287 4970 1356 5025 ad
1407 4969 1496 5031 15,
1528 4969 1665 5026 ﬁent
1694 4968 1766 5024 54
1794 4968 1925 5024 anni
1955 4983 2076 5024 ma-

497 5063 588 5135 gni
614 5063 748 5134 cycli
783 5062 1098 5134 Dionysiani
1130 5080 1144 5117 :
1173 5061 1268 5133 qui
1296 5061 1516 5132 quidem
1580 5077 1759 5117 annus
1816 5060 2077 5115 lncarna-

500 5154 665 5210 tionis
697 5153 799 5208 erit
828 5155 918 5208 55.
960 5152 1162 5210 Verum
1208 5170 1334 5210 cum
1387 5152 1764 5223 superioribus
1810 5152 2079 5223 pugnabit

494 5245 664 5310 istud,
697 5244 792 5299 ubi
812 5259 972 5298 axxxv
1003 5245 1137 5315 cycli
1178 5243 1459 5301 Passionis
1482 5259 1692 5300 annum
1732 5258 1856 5300 esse
1881 5243 2074 5299 voluit.

497 5340 670 5415 Igitur
710 5339 857 5395 hunc
882 5339 938 5394 in
993 5337 1214 5392 modum
1249 5337 1429 5407 potius
1478 5336 1789 5407 posteriore
1830 5338 1956 5393 loco
1996 5336 2076 5392 le-

498 5433 758 5503 gendum,
798 5429 1060 5485 debuisset
1083 5444 1194 5483 esse
1223 5430 1399 5498 magni
1421 5429 1557 5498 cycli
1590 5444 1786 5494 annus,
1829 5445 1934 5483 non
1968 5429 2035 5484 15
2061 5469 2076 5495 ,

495 5526 587 5579 sed
618 5525 691 5580 55
711 5543 727 5592 ;
748 5533 804 5579 et
817 5538 970 5590 mox,
990 5521 1277 5592 Dionysius
1297 5522 1472 5591 posuit
1497 5520 1849 5577 Nativitatem
1877 5521 2079 5577 Christi

500 5629 616 5670 xm
641 5601 795 5669 annis
823 5615 1052 5680 tardius,
1084 5631 1240 5686 quam
1273 5614 1494 5676 debuit;
1528 5627 1637 5668 non
1674 5624 1855 5670 autem
1890 5629 2006 5669 xxi.

574 5706 1005 5777 Etenim'vulgo
1066 5720 1389 5777 persuasum
1446 5704 1556 5760 illis
1608 5706 1866 5762 omnibus
1919 5715 2075 5763 erat:

500 5795 778 5852 Christum
813 5812 1037 5865 passum
1061 5814 1182 5855 esse
1211 5814 1319 5853 xxv
1357 5796 1559 5864 Martii,
1586 5796 1725 5853 feria
1753 5814 1806 5853 vr
1836 5814 1851 5864 ;
1896 5815 2081 5856 resur-

2177 4604 2271 4658 sed
2311 4618 2477 4658 seram
2508 4603 2732 4660 dicere:
2765 4603 2976 4676 cyclum
3011 4601 3154 4658 enim
3207 4601 3593 4675 Dionysianum
3637 4609 3717 4650 ne-

2175 4709 2283 4764 que
2312 4694 2610 4761 Marianos,
2660 4710 2838 4767 neque
2890 4692 3206 4766 Sigebertus
3255 4693 3602 4765 improbant:
3641 4683 3718 4742 sed

2174 4785 2576 4845 lucarnationis
2635 4789 2793 4845 anuis
2848 4802 3104 4859 perverse
3156 4787 3427 4841 duntaxat
3487 4784 3717 4855 illigatum

2176 4879 2529 4948 existimant;
2571 4879 2625 4935 in
2659 4895 2770 4952 quo
2814 4895 2921 4935 non
2963 4877 3207 4945 biennio,
3240 4878 3335 4934 sed
3366 4877 3524 4933 anuis
3558 4871 3719 4931 solidis

2177 4971 2417 5039 duobus,
2448 4981 2503 5028 et
2534 4972 2723 5043 viginti
2747 4973 3061 5027 aberratum
3096 4986 3217 5027 esse
3243 4977 3509 5027 statuunt.
3535 4967 3596 5022 Et
3619 4976 3717 5020 cum

2177 5077 2420 5118 errorem
2453 5063 2619 5119 istum
2659 5062 2867 5135 vulgari
2903 5078 3175 5117 annorum
3209 5062 3405 5118 rationi
3463 5070 3569 5115 tam
3616 5070 3721 5110 con-

2179 5162 2388 5211 stanter
2422 5156 2703 5212 ascribunt
2728 5197 2742 5221 ,
2775 5156 2977 5210 mirum
3017 5164 3100 5211 est
3128 5154 3252 5210 illos
3299 5155 3354 5209 in
3377 5146 3721 5221 Cbronologiis

2180 5246 2300 5303 suis
2332 5245 2400 5301 ad
2422 5261 2543 5301 eam
2578 5246 2753 5316 ipsam
2786 5262 2952 5302 seram
2984 5245 3300 5311 adhaesisse,
3332 5260 3496 5316 quam
3528 5244 3722 5298 damna-

2180 5347 2394 5405 verautr,
2421 5354 2597 5411 neque
2623 5341 2784 5396 aliter
2814 5356 2978 5411 quam
3025 5355 3092 5395 ex
3124 5339 3458 5412 Dionysiano
3502 5333 3721 5408 praescri-

2183 5438 2276 5502 pto
2305 5440 2548 5501 tempora
2572 5431 2885 5502 digessisse.
2919 5431 3197 5487 Marianus
3231 5433 3371 5488 enim
3407 5431 3474 5486 ad
3504 5444 3619 5485 eum
3645 5441 3724 5480 an-

2183 5538 2340 5589 num,
2365 5523 2461 5595 qui
2489 5522 2925 5582 Incarnationem
2987 5535 3041 5580 et
3086 5521 3333 5579 Natalem
3368 5520 3579 5578 Domini
3609 5514 3700 5586 διμέ

2187 5631 2295 5679 σως
2321 5614 2611 5683 antecedit,
2660 5615 2774 5671 haec
2812 5616 3105 5672 observat:
3143 5612 3333 5685 Cyr/us
3374 5625 3590 5682 magnus
3634 5605 3725 5659 Pa—

2185 5708 2382 5763 schalis
2420 5708 2605 5775 incipit
2652 5708 2810 5764 hinc:
2846 5709 2901 5762 in
2942 5708 3094 5779 cujus
3150 5722 3289 5760 anno
3330 5702 3551 5760 secundo
3587 5698 3722 5769 iam

2187 5800 2528 5873 Dionysium,
2562 5800 2849 5856 indictione
2899 5801 3094 5868 tertia,
3152 5807 3309 5855 natus
3332 5807 3406 5853 est
3470 5791 3722 5851 Dominus.
