3958 6398
275 383 374 441 913

1464 380 1554 437 DE
1593 380 1781 443 ANNO
1817 380 2084 441 NATALI'
2108 382 2399 441 CHRISTI.

3434 381 3537 443 9H

273 496 416 551 Idem
444 493 609 549 etiam
642 508 788 550 anno
814 495 1087 566 sequenti,
1120 492 1284 553 Urbis
1342 496 1466 564 752,
1520 496 1754 554 Lentulo
1799 507 1854 554 et
1881 502 1929 560 Α
1957 498 2287 573 Dionysiana
2342 515 2453 558 non
2516 499 2843 566 recessisse,
2901 499 3263 569 cumdemque
3298 499 3535 569 primum

275 581 561 639 Messalino
617 598 786 651 coss.,
818 584 1020 656 olymp.
1083 586 1187 641 194
1255 602 1401 643 anno
1459 589 1848 661 ut,indict.tv,

273 672 363 729 die
389 673 675 730 Dominico
713 683 902 730 natum
939 690 1062 732 esse
1095 674 1376 734 Christum
1409 688 1705 736 asseverat.
1737 678 1851 734 Ita-

275 779 377 833 que
389 764 753 820 Christianam
771 781 937 822 atram
968 782 999 822 a
1015 768 1167 839 cyclo
1189 767 1522 841 Dionysiano
1551 783 1590 823 ιι
1615 774 1863 828 exorsus’

274 864 375 920 est,
404 855 715 927 eyeltrsolis
745 873 800 922 x,
830 857 1012 913 littera
1038 856 1276 925 Dom.B,
1321 867 1429 914 tam
1480 860 1535 914 in
1562 863 1849 918 emendata

277 947 469 1003 hisexti
498 947 751 1012 ratione,
807 963 973 1019 quam
1021 948 1076 1003 in
1115 949 1311 1007 vitiosa
1368 951 1482 1015 illa,
1512 953 1731 1023 qualem
1782 968 1850 1010 ex

274 1034 445 1092 Paulo
472 1035 928 1109 Middelburgensi
958 1053 1124 1111 supra
1154 1040 1565 1111 proposuimus.
1597 1041 1704 1099 Sed
1725 1059 1853 1100 cum

275 1125 415 1181 idem
449 1124 730 1182 Marianos
765 1127 1043 1184 Christum
1074 1129 1154 1184 ait
1195 1131 1499 1186 secundum
1534 1132 1851 1204 Dionysium

276 1226 456 1271 natum
483 1216 670 1274 indict.
709 1234 792 1285 ιιι,
821 1219 1033 1275 librarii
1064 1220 1227 1291 culpa
1276 1237 1336 1277 ιιι
1370 1237 1470 1293 pro
1504 1239 1558 1279 tv
1611 1223 1849 1295 irrepsit.

274 1305 408 1361 Nam
439 1307 673 1364 subinde
708 1308 899 1365 indict.
935 1325 988 1365 tv
1027 1320 1191 1367 natus
1228 1311 1450 1367 dicitur.
1497 1310 1738 1369 Tametsi
1785 1328 1855 1370 ne

276 1399 378 1455 hoc
408 1400 627 1471 quidem
661 1416 849 1457 verum
882 1411 987 1470 est,
1021 1403 1317 1459 indictione
1348 1419 1403 1458 tv
1447 1412 1638 1460 natum
1678 1419 1801 1461 esse
1830 1442 1848 1469 ,

273 1491 366 1545 sed
397 1507 429 1547 v
452 1509 471 1547 :
519 1492 792 1563 siquidem
825 1494 1157 1552 indictiones
1190 1509 1221 1549 a
1255 1494 1587 1567 Septembri,
1621 1506 1682 1552 ut
1709 1494 1854 1552 Beda

273 1583 449 1648 docet,
475 1584 717 1640 exordiri
747 1585 1003 1647 velimus.
1052 1586 1188 1643 Cum
1227 1588 1372 1643 enim
1412 1589 1624 1660 primus
1675 1604 1854 1647 annus

276 1671 592 1745 Dionysiani
637 1676 776 1747 cycli
842 1676 1033 1733 indict.
1071 1693 1132 1734 ιιι
1190 1680 1438 1749 coeperit,
1473 1679 1631 1749 cujus
1678 1694 1708 1734 a
1759 1678 1854 1736 Se-

275 1767 504 1837 ptembri
527 1776 723 1839 quarta
757 1770 922 1840 coepit
954 1770 1205 1835 indictio,
1239 1785 1588 1842 consequens
1617 1781 1722 1837 est,
1750 1787 1851 1828 an-

1954 590 2182 656 Cbristi,
2218 593 2355 664 cycli
2391 592 2692 648 secundum
2722 592 3008 657 habuisse,
3058 606 3170 662 quo
3216 590 3537 645 incarnatus

1955 691 2012 738 et
2040 693 2199 740 ortus
2241 693 2325 739 est
2370 682 2644 741 Christus.
2679 684 2882 740 Verum
2929 685 3075 739 hunc
3118 696 3350 745 annum,
3379 689 3441 737 ut
3482 691 3538 737 et

1959 774 2350 847 Dionysianam
2398 791 2588 838 teram,
2639 776 2780 831 male
2836 790 2960 831 cum
3020 775 3183 830 annis
3243 772 3433 838 Urbis,
3484 779 3540 827 et

1958 867 2332 938 olyntpiadum
2377 867 2688 937 componit,
2724 876 2787 923 ut
2848 869 3114 923 hactenus
3153 864 3363 934 liquido
3405 877 3539 919 eon-

1958 959 2116 1015 stitit.
2134 958 2277 1026 Quin
2300 959 2466 1014 etiam
2489 959 2822 1030 baptizatum
2841 974 2965 1015 esse
2980 956 3261 1013 Christum
3281 955 3421 1010 idem
3451 968 3539 1009 as-

1960 1050 2095 1107 serit
2118 1065 2263 1105 anno
2286 1064 2411 1105 aerae
2438 1048 2531 1115 '51,
2555 1049 2733 1106 aetatis
2762 1050 2987 1105 ineunte
3017 1063 3150 1113 xxx,
3183 1048 3289 1101 hoc
3326 1052 3411 1100 est
3444 1045 3542 1099 ah-

1961 1141 2157 1196 solutis
2195 1156 2324 1195 xxtx
2359 1159 2373 1195 :
2417 1155 2484 1196 ex
2528 1154 2642 1211 quo
2686 1139 2913 1211 colligas
2956 1152 3103 1193 anno
3146 1150 3269 1192 serae
3316 1120 3538 1206 Dionys.

1962 1231 2139 1299 primo
2170 1229 2453 1285 Christum
2481 1244 2547 1285 ex
2585 1230 2819 1285 istorum
2851 1229 3120 1285 sententia
3159 1241 3282 1283 esse
3327 1235 3539 1282 natum.

1961 1320 2273 1391 Eodemque
2300 1320 2464 1375 modo
2493 1335 2617 1374 cum
2650 1333 2797 1373 anno
2827 1333 2950 1373 serae
2978 1317 3049 1372 54
3074 1331 3271 1387 passus
3302 1314 3543 1385 ponitur,

1963 1413 2203 1483 idipsum
2226 1413 2404 1469 aetatis
2435 1411 2585 1468 illius
2623 1426 2798 1466 χχχιιι
2830 1410 3054 1465 ineunte
3075 1451 3090 1474 ,
3127 1408 3380 1462 absoluto
3415 1418 3546 1460 vero

1960 1518 2113 1559 xxxtt
2147 1502 2439 1573 contigerit
2466 1511 2683 1572 oportet
2712 1518 2728 1555 :
2760 1509 2819 1556 ut
2844 1513 3034 1556 verum
3070 1496 3303 1567 sitquod
3329 1497 3397 1553 de
3423 1509 3548 1551 aera;

1960 1592 2347 1662 anticipatione
2381 1591 2544 1661 paulo
2570 1597 2696 1645 ante
2715 1589 3021 1646 docuimus.

2033 1686 2307 1755 Quocirca
2359 1685 2557 1740 falsum
2621 1689 2737 1748 est,
2790 1680 3098 1737 Marianum
3157 1678 3545 1749 Dionysianam

1961 1792 2127 1833 atram
2161 1775 2381 1833 biennio
2407 1773 2852 1830 antevertendam
2887 1781 3134 1841 putasse.
3164 1769 3321 1836 Quod
3361 1778 3545 1824 autem

275 1874 404 1915 num
437 1859 689 1930 ejusdem
736 1862 876 1933 cycli
903 1876 964 1928 ιι,
1012 1863 1110 1933 qui
1157 1862 1352 1919 indict.
1414 1877 1469 1918 tv
1548 1865 1736 1933 coepit,
1803 1864 1857 1918 in
1890 1859 1932 1915 Β
1962 1869 2029 1923 ad
2051 1867 2143 1935 22,
2172 1868 2258 1923 vel
2283 1867 2349 1922 21
2382 1879 2559 1922 annos
2581 1866 2795 1927 attinet,
2822 1879 2960 1934 quos
2989 1878 3020 1918 a
3046 1861 3305 1933 Dionysio
3325 1869 3548 1931 praeter-

275 1951 399 2016 iine,
435 1953 543 2008 hoc
592 1961 679 2009 est
724 1968 757 2009 a
811 1953 1147 2025 Septembri,
1197 1954 1554 2012 indictionem
1607 1957 1856 2026 quintam

276 2044 572 2100 habuisse:
600 2054 657 2100 et
679 2046 941 2116 quoniam
975 2046 1251 2112 Christus,
1287 2056 1350 2109 ut
1379 2049 1540 2103 toties
1581 2048 1860 2105 Marianus

238 2145 244 2151 ’
274 2137 497 2203 oeeinit,
528 2142 676 2192 anno
730 2137 869 2209 cycli
901 2138 1143 2194 secundo
1196 2149 1355 2196 natus
1387 2148 1503 2207 est,
1547 2139 1848 2198 indictione

277 2228 416 2283 haud
442 2229 612 2284 dubie
638 2229 829 2299 quinta
863 2237 1053 2285 natum
1082 2245 1223 2285 esse.

347 2318 415 2374 Ut
455 2329 640 2374 autem
681 2320 831 2374 nulla
880 2319 1269 2390 Scaligerianaa
1309 2320 1613 2391 suspicioni
1653 2320 1860 2377 latebra

278 2413 543 2482 supersit,
592 2426 702 2483 qua
748 2411 957 2467 biennii
1003 2413 1410 2485 προχρονισμόν
1453 2413 1634 2478 illum,
1698 2428 1859 2483 quem

279 2500 625 2574 Dionysiante
663 2518 788 2559 ante
817 2504 1030 2571 tribuit,
1058 2505 1302 2559 Mariano
1335 2504 1649 2561 suboluisse
1683 2504 1860 2575 conji-

279 2594 385 2661 cit,
433 2593 820 2651 admonendus
865 2594 1036 2651 lector
1065 2605 1147 2651 est
1186 2595 1331 2666 apud
1368 2597 1697 2660 Marianum,
1740 2611 1865 2666 qua:

278 2684 341 2739 ad
375 2699 558 2742 annos
589 2670 825 2757 ascripta
859 2696 987 2743 sunt
1025 2687 1232 2743 scholia
1260 2702 1637 2757 saepenumero
1677 2689 1860 2744 luxata

279 2790 376 2831 suo
398 2777 549 2842 loco,
574 2788 628 2833 et
654 2778 834 2833 alieno
865 2779 1041 2850 posita
1073 2779 1275 2845 videri;
1306 2794 1408 2834 nec
1445 2794 1571 2834 raro
1606 2795 1865 2835 numero-

281 2882 398 2921 rum
444 2875 612 2923 notas
646 2881 773 2924 esse
814 2868 1130 2925 mendosae.
1164 2867 1411 2939 Exempli
1448 2884 1615 2925 causa
1659 2885 1864 2925 annum

281 2956 519 3023 primum
545 2954 683 3027 cycli
714 2954 1034 3029 Dionysiani
1063 2958 1344 3028 componit
1374 2973 1499 3013 cum
1534 2973 1680 3014 anno
1707 2958 1867 3016 Urbis

291 3046 411 3114 7&9,
437 3046 649 3103 Sabino
676 3057 734 3104 et
763 3047 1027 3105 Passieno
1055 3064 1203 3105 coss.
1233 3049 1373 3104 Tum
1413 3065 1558 3106 anno
1587 3051 1865 3121 sequenti,

283 3133 513 3192 Lentulo
535 3146 591 3191 ct
620 3136 915 3195 Messalino
947 3153 1118 3205 coss.,
1147 3156 1292 3195 anno
1322 3141 1501 3211 primo
1524 3140 1749 3203 Christi.
1767 3158 1866 3197 nu.-

284 3235 454 3281 nzerat
482 3225 649 3283 Urbis
680 3228 806 3293 752,
860 3227 1187 3299 Olympiadis
1227 3245 1358 3285 vero
1403 3230 1507 3287 194
1545 3245 1748 3286 annum
1781 3246 1865 3287 ιιι.

286 3314 443 3385 Atqui
476 3330 660 3371 annus
693 3330 818 3372 esse
853 3318 1042 3373 debuit
1068 3316 1232 3374 Urbis
1264 3318 1389 3383 750,
1418 3329 1477 3375 ut
1502 3319 1663 3375 estin
1688 3318 1871 3377 Fastis

283 3406 597 3464 Cassiodori
631 3417 686 3463 et
728 3408 1073 3479 Cuspiniani.
1106 3410 1363 3465 Erratum
1411 3411 1576 3481 igitur
1632 3426 1662 3465 a
1699 3410 1870 3467 libra-

287 3499 364 3553 rio
392 3508 502 3566 est,
530 3499 623 3569 qui
664 3498 768 3555 752
800 3514 901 3570 pro
931 3500 1037 3556 750
1055 3501 1368 3571 exscripsit.
1387 3500 1735 3574 Proindeque
1760 3519 1871 3559 non

286 3599 393 3647 tres
423 3591 560 3646 anni
592 3591 812 3655 desunt,
838 3599 898 3646 ut
926 3592 993 3659 is,
1026 3592 1122 3663 qui
1154 3593 1384 3648 editioni
1427 3592 1665 3663 praefuit,
1698 3594 1872 3649 adno-

287 3685 447 3751 tavit;
489 3697 686 3753 neque,
721 3691 780 3739 ut
810 3684 1065 3740 deessent
1092 3686 1283 3756 aliqui,
1326 3687 1513 3756 plures
1544 3688 1761 3743 duobus
1792 3686 1875 3741 in-

288 3775 504 3830 serendi
547 3774 747 3830 forent.
780 3774 899 3830 Non
924 3775 1073 3831 enim
1106 3777 1489 3832 animadvertit
1522 3793 1684 3833 teram
1710 3777 1876 3833 Chri-

290 3867 526 3922 stianam
563 3882 672 3923 non
712 3878 836 3938 post
868 3867 1242 3936 Nativitatem,
1275 3878 1331 3926 ut
1368 3871 1533 3926 hodie
1574 3872 1653 3935 ﬁt,
1694 3887 1724 3926 a
1757 3871 1867 3927 Ma-

291 3958 464 4026 riano,
497 3966 551 4013 ct
578 3959 772 4015 mediae
793 3961 1085 4017 vetustatis
1112 3962 1463 4035 chronologis
1482 4003 1496 4028 ,
1527 3964 1621 4019 sed
1667 3964 1736 4019 ab
1758 3964 1878 4033 ipso

292 4049 689 4109 incarnationis
718 4068 864 4109 anno
892 4055 1083 4124 repeti.
1119 4053 1227 4111 Nec
1248 4055 1430 4112 mirus
1452 4056 1505 4110 in
1539 4057 1877 4126 reliquorum

294 4145 433 4200 notis
482 4159 755 4199 annorum
805 4144 922 4201 sive
965 4145 1244 4202 Marianus
1284 4147 1423 4218 ij-te,
1464 4149 1580 4203 sive
1623 4149 1879 4205 librarius

295 4249 484 4303 pet-cat
527 4255 541 4291 :
578 4237 695 4303 ,etsi
745 4237 947 4308 saepius
991 4245 1197 4292 rectam
1243 4239 1387 4293 viam
1441 4239 1665 4294 insistit.
1715 4238 1879 4295 Verbi

297 4340 632 4390 causa,anno
647 4327 850 4384 Christi
881 4329 971 4393 57,
997 4327 1135 4400 cycli
1160 4329 1341 4397 quarti
1364 4328 1882 4386 decemnovennalis

299 4413 515 4471 initium
550 4416 780 4472 collocat
812 4417 998 4473 tndict.
1036 4433 1125 4472 xv.
1162 4415 1363 4487 Recte;
1411 4417 1581 4489 cmpit
1603 4418 1749 4474 enim
1788 4434 1882 4491 cy-

1963 1959 2168 2016 missos
2196 1965 2308 2013 tam
2338 1958 2478 2028 ipse,
2510 1971 2678 2027 quam
2724 1953 3043 2025 Sigebertus
3085 1951 3384 2011 existimat,
3423 1963 3549 2019 age-

1964 2067 2087 2106 mus
2119 2050 2186 2107 de
2214 2050 2284 2105 iis
2309 2050 2364 2104 in
2399 2048 2650 2119 sequenti
2675 2046 2917 2102 Diatriba
2942 2046 3011 2101 de
3032 2044 3289 2115 passione
3308 2041 3545 2096 Domini.

1964 2143 2120 2199 llane
2153 2143 2402 2199 eamdem
2432 2142 2506 2195 22
2532 2152 2805 2195 annorum
2840 2151 3117 2195 summam
3160 2135 3373 2199 deesse,
3401 2132 3549 2187 Pau-

1962 2236 2049 2292 lus
2079 2231 2659 2304 Forosemproniensis
2687 2245 2755 2286 ex
2778 2229 3015 2301 quadam
3040 2225 3374 2283 revelatione
3401 2224 3548 2279 didi-

1962 2336 2132 2385 cerat.
2190 2324 2442 2381 Ridicule
2482 2339 2637 2380 sane.
2685 2320 2822 2376 Nam
2879 2333 2935 2376 et
2988 2321 3109 2391 ipse
3161 2317 3547 2374 revelationem

1964 2431 2119 2474 suam
2151 2417 2413 2487 negligit;
2452 2425 2503 2471 et
2542 2414 2597 2469 in
2625 2427 2692 2469 eo
2724 2413 2941 2468 tandem
2972 2410 3297 2481 acquiescit,
3326 2417 3388 2463 ut
3420 2406 3552 2460 Dio-

1964 2511 2207 2582 nysianaz
2226 2523 2349 2563 teras
2377 2506 2583 2563 biennii
2626 2505 2802 2560 labem
2832 2504 3061 2574 imputet
3092 2521 3104 2557 :
3141 2501 3235 2557 sed
3265 2508 3455 2555 contra
3484 2512 3550 2553 ac

1965 2600 2300 2657 recentiores
2349 2597 2579 2653 faciunt.
2615 2595 2735 2652 Non
2781 2595 2927 2652 enim
2973 2589 3414 2666 μεταχρονισμῷ,
3453 2589 3547 2645 sed

1966 2688 2356 2764 προχρονισμῷ
2417 2694 2701 2758 peccatum
2756 2685 2945 2741 statuit
2987 2703 3001 2739 :
3043 2684 3272 2750 ideoque
3328 2680 3551 2736 biennio

1966 2797 2132 2852 quam
2178 2793 2366 2835 revera
2409 2778 2504 2844 sit,
2544 2776 2839 2832 tardiorem
2882 2789 3003 2830 esse
3040 2781 3294 2842 oportere
3327 2779 3556 2825 conten-

1967 2873 2067 2928 dit.
2086 2868 2645 2938 Noruutomnes,-qui
2670 2876 2952 2922 auctorem
2982 2866 3143 2920 istum
3171 2863 3439 2932 legerunt,
3461 2859 3556 2930 qui

1970 2963 2192 3034 quidem
2226 2960 2389 3017 hodie
2412 2958 2636 3015 inventu
2671 2973 2930 3033 perrarus
2957 2965 3239 3025 est,quam
3259 2955 3554 3009 immanem

1970 3071 2035 3109 ea
2060 3053 2128 3109 de
2168 3067 2229 3109 re
2257 3051 2727 3107 Commentarium
2763 3049 3046 3119 scripserit
3081 3046 3389 3102 eruditione
3411 3044 3557 3098 haud

1971 3144 2185 3216 vulgari
2234 3143 2327 3197 illa
2369 3141 2589 3213 quidem
2632 3139 2919 3205 refertum,
2950 3132 3004 3193 et
3039 3139 3106 3194 ad
3148 3138 3425 3210 cyclorum
3459 3152 3559 3190 an~

1972 3249 2280 3305 norurmque
2303 3231 2621 3288 methodum
2663 3247 2788 3287 cum
2828 3230 3022 3301 primis
3065 3231 3273 3285 utilem.
3307 3230 3367 3284 ιιι
3393 3229 3560 3300 hujus

1972 3329 2138 3400 igitur
2184 3325 2379 3397 Operis
2418 3324 2564 3379 libro
2615 3338 2693 3377 xu
2735 3332 2789 3378 et
2837 3336 2963 3389 χιιι,
2993 3330 3281 3390 postquam
3326 3322 3380 3375 in
3418 3320 3559 3376 libro

1972 3434 2004 3473 x
2042 3418 2278 3489 priorem
2302 3414 2452 3470 illam
2476 3413 2543 3468 de
2577 3412 2649 3466 22
2677 3413 2839 3467 annis
2888 3411 3274 3466 revelationem
3312 3427 3445 3466 sane
3475 3412 3560 3465 in-

1972 3509 2178 3566 sulsam
2216 3505 2581 3576 exposuisset,
2626 3504 2777 3558 velut
2822 3509 3032 3557 mutata
3093 3502 3363 3558 sententia
3402 3502 3558 3556 hien-

1974 3601 2066 3654 nio
2099 3596 2372 3653 maturins
2409 3595 2724 3651 inchoatam
2764 3609 2793 3649 a
2835 3593 3094 3665 Dionysio
3130 3592 3322 3648 deﬁnit
3366 3608 3557 3656 teram,

1975 3706 2123 3748 anno
2149 3689 2369 3746 Juliano
2393 3689 2485 3755 46,
2520 3703 2644 3744 cum
2676 3702 2704 3741 a
2753 3687 2818 3741 48
2849 3685 3187 3756 auspicanda
3223 3684 3411 3740 fuerit.
3448 3684 3561 3740 lloc

1977 3798 2106 3841 vero
2150 3784 2216 3839 ad
2265 3784 2413 3839 hunc
2453 3781 2682 3837 modum
2732 3780 3075 3835 demonstrat
3121 3798 3134 3834 :
3182 3778 3452 3834 Eusebius
3506 3778 3561 3832 in

1977 3876 2255 3930 Chronicis
2295 3888 2441 3929 anno
2479 3871 2684 3928 Christi
2720 3872 2810 3937 15,
2845 3871 3080 3942 Augusti
3120 3887 3232 3936 LVI,
3259 3881 3314 3926 et
3345 3872 3562 3935 ultimo,

1977 3966 2206 4037 eclipsin
2236 3965 2370 4020 solis
2390 3964 2658 4020 accidisse
2703 3971 2876 4027 notat,
2909 3963 3209 4033 eodemque
3234 3978 3380 4017 anno
3420 3978 3566 4016 mor-

1979 4066 2134 4112 tuum
2190 4057 2523 4123 Augustum.
2579 4055 2650 4108 At
2718 4067 2854 4108 vero
2908 4052 3131 4122 eclipsis
3219 4053 3369 4106 nulla
3422 4067 3567 4105 anno

1978 4143 2184 4199 Christi
2215 4143 2306 4210 15,
2337 4151 2433 4196 aut
2460 4141 2569 4197 alio
2603 4142 2854 4212 contigit,
2881 4156 3047 4210 quam
3083 4140 3185 4205 l7;
3218 4141 3274 4194 in
3319 4155 3425 4210 qua
3460 4140 3568 4194 llo-

1981 4250 2084 4290 mae
2117 4243 2265 4289 tottts
2312 4235 2394 4289 sol
2444 4235 2774 4288 obscuratus
2817 4244 2920 4298 est,
2969 4230 3249 4286 Februarii
3294 4246 3382 4296 xv,
3434 4232 3566 4286 hora

1981 4342 2111 4383 vere
2140 4327 2464 4393 meridiana,
2490 4326 2604 4381 sole
2631 4325 2682 4379 iu
2718 4341 2845 4379 xth
2876 4324 3101 4392 Aquarii
3143 4323 3312 4395 gradu
3345 4326 3523 4395 posito
3550 4342 3563 4378 :

1982 4431 2095 4487 quo
2143 4415 2333 4471 eodem
2384 4429 2530 4470 anno
2580 4430 2672 4469 xtv
2714 4413 2836 4469 Kal.
2877 4413 3029 4482 Sept.
3076 4413 3358 4484 Augustus
3408 4414 3564 4468 obiit.

296 4509 411 4564 elus
446 4524 462 4563 ι
495 4508 602 4564 hoc
634 4523 815 4575 anno;
845 4509 961 4564 sive
1000 4524 1031 4563 a
1080 4507 1199 4563 Kal.
1243 4507 1529 4575 Jan.,sive
1568 4524 1599 4564 a
1634 4510 1878 4581 paschali
1914 4530 1959 4588 ι)
1984 4504 2167 4575 Quare
2201 4504 2423 4561 biennio
2464 4513 2579 4559 toto
2613 4519 2721 4559 aera
2770 4502 3102 4575 Dionysiana
3134 4519 3320 4558 verum
3361 4503 3567 4559 Clu-isti

300 4614 505 4665 mense,
542 4599 732 4655 indict.
758 4615 828 4653 xv
858 4618 872 4654 :
904 4608 959 4655 at
986 4600 1039 4654 in
1073 4598 1379 4669 Septembri
1409 4600 1636 4657 indictio
1663 4617 1774 4656 xvt.
1806 4602 1881 4655 Ex

296 4706 407 4760 quo
443 4693 695 4762 sequitur
718 4691 953 4761 primum
973 4708 1176 4747 annum
1210 4692 1443 4762 coepisse
1470 4691 1657 4747 indict.
1681 4707 1754 4747 tv.
1787 4692 1884 4748 Est

299 4791 480 4838 autem
515 4783 603 4839 hic
645 4784 781 4855 cycli
824 4782 1137 4854 Dionysiani
1186 4798 1407 4853 ιι,σ‹ιιιο
1445 4793 1679 4840 exeunte
1720 4793 1882 4841 natus

299 4887 380 4928 est
426 4875 698 4930 Christus.
747 4874 889 4945 Ergo
934 4876 1121 4930 indict.
1165 4891 1196 4929 v
1244 4884 1404 4930 natus
1448 4885 1534 4931 est
1582 4876 1882 4931 secundum

306 4964 640 5038 Dionysium.
701 4966 776 5021 lla
837 4981 980 5021 anno
1044 4966 1149 5022 514
1204 4974 1357 5021 notat
1410 4966 1547 5038 cycli
1595 4966 1878 5023 decimise-

304 5058 455 5126 ptimi
489 5074 694 5112 annum
731 5057 996 5127 primum,
1046 5056 1236 5113 indict.
1277 5073 1370 5111 vn.
1401 5056 1564 5112 Recte
1589 5058 1716 5113 item
1738 5073 1885 5114 anno

301 5152 395 5206 5H
435 5161 584 5207 notat
610 5152 820 5221 cyclum
851 5166 889 5213 ι,
919 5150 1111 5205 indict.
1141 5166 1251 5204 xtv.
1285 5150 1354 5205 At
1380 5165 1525 5205 anno
1554 5150 1649 5205 56l
1672 5151 1881 5222 cyclnm

303 5255 342 5305 ι,
381 5240 567 5296 indict.
618 5255 676 5295 ιιι
739 5238 831 5317 ubi
878 5238 1072 5294 indict.
1124 5253 1177 5293 tv
1228 5238 1536 5309 legendum.
1589 5237 1881 5312 Perpcram

304 5347 521 5401 quoque
561 5347 708 5387 anno
744 5331 849 5387 598
876 5331 1087 5402 cyclum
1125 5331 1307 5401 posuit
1341 5349 1377 5395 ι,
1410 5330 1601 5387 indict.
1632 5348 1706 5399 χι,
1738 5333 1885 5403 quod

306 5439 449 5479 anno
475 5425 580 5482 399
610 5423 882 5480 convenit.
913 5425 1072 5477 Anno
1103 5438 1230 5477 vero
1248 5422 1353 5477 M8
1385 5431 1531 5478 recte
1559 5425 1742 5494 cyclus
1774 5427 1885 5495 pri-

309 5532 459 5583 mus;
499 5517 592 5573 sed
623 5516 764 5571 male
800 5514 1027 5569 indictio
1082 5529 1148 5568 xv
1199 5515 1513 5578 ascrihilur,
1553 5530 1653 5585 pro
1686 5533 1726 5579 ι,
1759 5532 1882 5571 rum

311 5623 456 5661 anno
481 5606 585 5662 598
615 5606 838 5661 indictio
869 5605 1035 5659 fuerit
1079 5621 1155 5659 xt.
1188 5604 1394 5659 Caetera
1430 5605 1593 5675 hujus
1620 5608 1882 5671 auctoris,

311 5710 405 5750 aut
436 5698 664 5752 aliorum
693 5696 945 5767 persequi
971 5696 1211 5751 otiosum
1238 5711 1301 5750 ac
1348 5711 1747 5765 supervacuum
1781 5707 1883 5755 est.

313 5784 450 5847 Illud
476 5790 693 5864 quidem
734 5791 1015 5848 evidenter
1053 5798 1306 5861 apparet,
1342 5788 1650 5847 Marianum
1684 5792 1750 5847 ab
1776 5808 1886 5848 aeta

1986 4598 2222 4655 natalem
2257 4596 2549 4653 antecedit.
2592 4595 2768 4666 Hujus
2793 4596 3014 4666 eclipsis
3061 4597 3195 4652 solis
3224 4606 3421 4667 pra'ter
3461 4596 3572 4652 Eu-

1986 4689 2199 4746 sebium
2230 4687 2481 4743 meminit
2514 4696 2568 4743 et
2597 4685 2695 4741 Dio
2718 4686 2815 4742 lib.
2849 4697 3025 4751 ιιι,οι
3054 4689 3197 4743 inter
3225 4703 3289 4743 ca
3321 4690 3573 4762 prodigia

1987 4789 2238 4837 recenset
2282 4794 2406 4850 quae
2433 4779 2661 4849 Augusti
2692 4787 2922 4833 mortem
2948 4776 3284 4843 nuntiarunt.
3313 4776 3445 4831 Eam
3469 4794 3572 4835 nos

1986 4885 2111 4926 cum
2136 4868 2348 4925 Mulleri
2384 4870 2607 4933 tahul's,
2642 4884 2767 4940 qua:
2802 4879 2929 4923 sunt
2959 4869 3405 4936 CXpCtlillSSlmil‘,
3434 4886 3569 4925 con-

1990 4961 2528 5021 ferentcsiaccidisse
2559 4959 2896 5030 reperiebam
2940 4959 3007 5014 ad
3038 4959 3403 5015 meridianum
3454 4960 3572 5014 Fri-

1989 5055 2163 5111 sicum
2190 5044 2337 5109 anno
2358 5052 2561 5110 Christi
2591 5052 2681 5117 17,
2706 5051 2994 5107 Februarii
3024 5051 3238 5112 lfbbor.
3263 5052 3409 5119 9,5'7
3448 5064 3575 5109 ante

1987 5146 2309 5211 meridiem;
2346 5143 2647 5201 secundum
2689 5157 2850 5199 veros
2883 5143 3029 5197 Iun-.e
3081 5153 3289 5201 motus.
3335 5142 3572 5199 Medium

1986 5238 2329 5295 novilunium
2383 5236 2666 5292 Februarii
2722 5252 2835 5304 xtv,
2912 5237 3033 5291 hor.
3097 5235 3170 5291 20
3248 5236 3349 5290 l'l.
3406 5238 3571 5305 Atqut

1987 5332 2210 5402 eclipsis
2245 5331 2350 5386 ista
2387 5344 2733 5401 nequaquam
2765 5328 2831 5382 ad
2880 5343 3109 5393 annum,
3138 5342 3247 5398 quo
3288 5327 3571 5396 Augustus

1988 5423 2145 5486 obiit,
2180 5420 2474 5478 convenire
2516 5428 2697 5490 potest
2726 5436 2740 5474 ;
2769 5418 2865 5475 sed
2900 5420 2969 5474 ad
3001 5418 3206 5472 Tiberii
3249 5430 3333 5481 ιιι,
3368 5424 3428 5469 ιιι
3458 5413 3571 5468 Lu-

1988 5516 2165 5579 citius,
2210 5514 2412 5585 aliique
2446 5513 2828 5568 demonstrant
2854 5530 2865 5565 :
2896 5511 3005 5580 qui'
3023 5509 3128 5563 hoc
3157 5515 3415 5576 praetcrea
3440 5522 3575 5560 con-

1991 5608 2245 5673 ﬁrmant;
2285 5620 2462 5675 neque
2491 5619 2556 5659 eo
2584 5619 2694 5673 quo
2724 5610 2977 5658 mortuus
2992 5609 3073 5654 est
3096 5599 3376 5667 Augustus
3404 5612 3572 5658 anno,

1990 5713 2169 5769 neque
2207 5699 2456 5767 sequenti
2493 5695 2657 5749 ullam
2694 5693 2828 5748 solis
2859 5691 3087 5759 eclipsin
3118 5686 3404 5741 accidisse.
3443 5691 3577 5739 (.m-

1990 5789 2225 5847 didcrim
2250 5789 2503 5861 equidem
2535 5784 2763 5841 Dionem
2791 5782 2924 5839 solis
2957 5779 3226 5837 defectum
3260 5792 3360 5848 pro
3394 5778 3574 5833 lunart
