3958 6406
427 362 532 421 915

1559 352 1907 412 APPENDIX
1939 334 2572 410 nisssnrutoriuu.
3547 356 3637 411 om

432 490 530 546 per
563 471 985 544 imprudentiam
1031 470 1308 528 habuisse.
1338 469 1474 524 Nam
1523 471 1689 540 paulo
1726 477 1853 540 post
1886 467 2000 522 Au-
2031 469 2081 528 Α
2109 465 2290 522 ticula:
2314 466 2447 520 ὡσεί
2503 466 2773 521 rationem
2824 465 3112 522 admodum
3158 467 3448 522 haberi-nt:
3479 468 3642 528 Εωιθ.

434 563 584 639 gusti
611 574 842 621 mortem
868 566 997 620 luna
1029 563 1247 630 defecit,
1277 562 1519 634 Septem.
1537 563 1629 626 27,
1651 563 1811 631 cujus
1837 575 2001 630 supra

2106 558 2204 613 size
2233 572 2362 612 vero
2392 558 2612 614 decreto
2639 558 2758 623 ulli,
2790 559 2872 612 vel
2906 559 3219 613 auctoritati
3269 575 3570 630 repugnare,
3594 563 3639 616 id

433 657 804 713 meminimus.
841 656 1018 722 Quam
1069 671 1199 711 vero
1236 653 1375 710 falsa
1419 655 1492 710 sit
1518 651 2004 722 Middelburgensis
2102 658 2419 705 constanter
2442 663 2596 720 nego.
2626 648 2741 704 Non
2763 649 2908 704 enim
2943 660 3268 718 temporum,
3299 665 3643 720 annorumque

433 747 526 803 illa
558 748 700 804 ratio
727 755 875 818 patet
907 762 974 802 ex
1003 761 1094 812 eo,
1128 745 1274 815 quod
1309 761 1474 815 supra
1510 745 1866 800 constitutum
1895 752 2001 807 est,

431 841 742 910 Augustum
772 854 918 894 anno
942 839 1186 909 vulgaris
1215 852 1340 893 terte
1374 837 1463 903 M,
1493 851 1601 891 non
1625 836 1692 890 15
1724 844 2000 890 mortuum

431 943 574 984 esse.
602 927 674 982 At
696 928 917 996 eclipsis
956 928 1050 982 illa
1089 927 1223 982 solis
1268 926 1428 982 tertio
1471 935 1595 996 post
1633 925 1752 995 ejus
1793 923 2003 978 obitum

432 1030 578 1071 anno
621 1016 872 1086 contigit.
902 1016 1134 1086 Augusti
1177 1029 1306 1070 vero
1342 1025 1572 1070 mortem
1619 1014 1673 1068 in
1710 1013 2004 1068 triennium

433 1106 893 1170 submoveri,nee
923 1106 1155 1162 Herodis
1192 1120 1482 1170 annorum,
1541 1120 1640 1160 nec
1681 1103 1858 1174 ipsius
1887 1104 2005 1157 Au-

433 1197 581 1268 gusti
627 1206 887 1252 accurata
919 1198 1276 1268 computatio,
1307 1212 1409 1252 nec
1447 1195 1838 1252 historicorum
1875 1210 2005 1251 con-

433 1287 622 1342 sensio
649 1287 936 1358 permittit.
962 1287 1042 1344 Ae
1080 1288 1128 1344 si
1163 1302 1352 1343 verum
1395 1296 1564 1351 esset,
1613 1285 1758 1356 quod
1802 1285 2004 1341 Paulus

433 1377 738 1442 contendit,
767 1392 876 1432 non
901 1376 1141 1443 biennio,
1171 1377 1264 1432 sed
1300 1378 1532 1432 triennio
1561 1377 1855 1448 Dionysius
1881 1377 2002 1430 hal-

429 1467 704 1524 lucinatus
745 1466 904 1523 foret.
941 1468 1152 1538 Quippe
1201 1469 1342 1524 idem
1385 1484 1584 1530 annus,
1613 1472 1706 1540 qui
1748 1467 2006 1538 Dionysio

433 1557 502 1610 M
527 1566 632 1623 est,
659 1558 725 1612 15
760 1558 830 1614 ab
862 1558 1099 1615 Eusebio
1133 1569 1471 1626 numeratur,
1499 1561 1644 1630 quod
1676 1561 1722 1616 is
1760 1558 2006 1614 Natalem

430 1647 634 1706 Christi
685 1650 944 1720 conjiciat
984 1652 1040 1706 in
1083 1667 1289 1707 annum
1336 1654 1557 1707 tertium
1597 1653 1801 1724 olymp.
1862 1651 2004 1718 £94;

433 1753 547 1810 quo
577 1739 766 1795 eodem
789 1755 938 1795 anno
962 1740 1183 1797 ineunte
1209 1757 1317 1796 atra
1339 1741 1545 1797 Christi
1565 1740 1870 1796 Eusebiana
1899 1740 2005 1794 ini-

432 1832 566 1886 tium
600 1831 784 1898 habet,
827 1831 1047 1888 Juliano
1083 1834 1174 1888 45.
1217 1831 1546 1904 Dionysiana
1590 1847 1721 1888 vero
1757 1833 2006 1902 sequenti

431 1924 524 1979 46.
548 1924 749 1979 Verum
780 1924 848 1982 de
873 1925 1106 1995 Augusti
1129 1934 1183 1980 et
1214 1923 1447 1981 Herodis
1468 1924 1627 1980 annis
1656 1940 1782 1980 mox
1813 1925 2006 1980 dicen-

430 2012 558 2068 dum
589 2011 714 2068 erit.

433 2122 806 2192 ΕπειιιὶιιηηησΔ
842 2137 904 2175 ea
963 2137 1081 2192 qua:
1121 2121 1369 2176 adversus
1416 2119 1802 2190 Dionysianam
1841 2136 2007 2177 teram

669 2207 735 2247 ex
773 2190 1000 2262 Joseplto
1028 2207 1191 2262 nuper
1221 2192 1382 2261 objici
1421 2201 1588 2261 carpta
1616 2201 1760 2246 sunt.

504 2283 788 2351 Omnium,
829 2299 953 2356 quae
1002 2284 1272 2354 superiori
1305 2285 1482 2353 capite
1501 2283 1886 2347 disseruimus,
1940 2296 2008 2338 eo

433 2391 648 2430 summa
674 2375 831 2440 redit,
855 2385 916 2430 ut
944 2375 990 2432 si
1013 2375 1137 2445 quis
1157 2373 1546 2442 Dionysianam
1571 2387 1736 2427 atram
1769 2386 1834 2426 ac
1859 2386 2009 2426 com-

430 2481 654 2522 munem
686 2467 826 2522 tueri
850 2467 999 2532 velit,
1017 2465 1328 2522 necessario
1355 2465 1470 2520 haec
1485 2465 1754 2520 allirmare
1777 2465 2006 2520 debeat:

432 2561 671 2630 primum
700 2559 821 2629 ejus
866 2559 1082 2616 initium
1115 2574 1262 2616 anno
1285 2555 1506 2614 Iuliano
1551 2556 1620 2612 46
1651 2557 1905 2627 ctepisse,
1941 2555 2006 2613 C.

433 2649 650 2705 Cmsare
677 2658 731 2704 et
762 2647 934 2705 Paulo
979 2663 1155 2715 coss.,
1205 2662 1270 2702 ac
1308 2647 1354 2703 si
1384 2646 1634 2716 proxime
1659 2657 1784 2702 ante
1803 2647 2008 2716 princi-

432 2741 584 2810 pium
617 2755 740 2796 aera:
766 2747 954 2794 natum
979 2754 1102 2796 esse
1130 2738 1406 2794 Christum
1434 2737 1731 2802 existimet,
1781 2738 1831 2791 id
1864 2749 2010 2791 anno

431 2831 652 2888 Juliano
680 2831 753 2886 45
779 2831 1150 2894 tribuendum,
1197 2845 1344 2888 coss.
1386 2831 1642 2904 Cornelio
1669 2831 1901 2888 Lentulo
1954 2841 2011 2888 et

432 2923 730 2993 Calpurnio
771 2922 991 2978 Pisone.
1039 2921 1242 2976 Deinde
1291 2921 1571 2978 Christum
1609 2937 1786 2979 annos
1819 2932 2008 2978 natum

435 3032 629 3070 novem
659 3022 713 3069 et
758 3013 951 3085 viginti
1001 3014 1069 3069 ad
1126 3014 1453 3083 baptismum
1505 3015 1830 3080 accessisse,
1863 3030 2010 3070 anno

434 3104 636 3160 Tiberii
665 3121 779 3173 xvt,
833 3103 1044 3161 Vinicio
1079 3116 1134 3160 et
1177 3105 1425 3176 Longino
1455 3122 1622 3173 coss.,
1647 3107 1870 3162 ineunte
1908 3107 2008 3161 tri-

2107 743 2274 798 trieas
2301 742 2460 806 istas,
2491 757 2557 796 ac
2589 742 2872 807 minutias,
2901 751 2996 796 aut
3026 741 3449 806 intervallorum,
3503 751 3644 812 atque

2107 835 2440 904 epocharum
2497 834 2782 905 ἀκρίϐειαν
2831 844 2987 888 curat
3013 833 3270 898 Ecclesia,
3311 833 3403 888 sed
3456 845 3645 905 recepta

2107 940 2173 981 ac
2232 925 2479 995 populari
2556 925 3050 994 computandorum
3110 932 3409 992 temporum
3463 924 3647 979 ratione

2105 1021 2357 1069 contenta
2388 1019 2490 1068 est.
2526 1011 2661 1078 Quis
2689 1013 2835 1067 enim
2876 1020 3027 1081 putet
3059 1022 3292 1066 veterem
3325 1010 3470 1064 illam
3499 1026 3649 1065 anno-

2107 1118 2226 1158 rum
2245 1103 2315 1158 ab
2340 1103 2473 1160 orbe
2505 1102 2726 1158 condito
2748 1117 3017 1157 summam
3043 1117 3073 1156 e
3097 1099 3408 1156 Graecorum
3433 1101 3650 1157 fontibus

2108 1191 2386 1258 haustam,
2432 1207 2598 1262 quam
2649 1202 2706 1248 et
2761 1191 3146 1262 antiquissima
3195 1191 3423 1246 concilia
3475 1192 3649 1262 saapius

2111 1287 2501 1350 adhibuerunt,
2534 1295 2591 1341 et
2646 1286 2918 1356 hodieque
2965 1285 3021 1338 in
3076 1283 3394 1355 Menologiis
3436 1283 3650 1340 Ecclesia

2108 1379 2319 1445 retinet,
2369 1386 2464 1434 aut
2506 1379 2752 1442 illorum,
2794 1387 2891 1432 aut
2942 1377 3106 1447 hujus
3149 1377 3468 1432 auctoritate
3507 1376 3653 1433 fuisse

2108 1469 2662 1526 constitutamiadeo
2709 1479 2769 1525 ut
2821 1470 2913 1539 qui
2944 1469 3259 1524 Latinorum
3293 1467 3650 1524 Hebraeorum-

2106 1576 2213 1632 que
2247 1569 2357 1616 tam
2385 1561 2656 1616 diversam
2690 1576 2754 1616 ac
2787 1561 3139 1616 dissidentem
3173 1569 3374 1624 teneat,
3411 1560 3548 1615 illius
3572 1561 3652 1616 de-

2107 1662 2259 1708 creto
2302 1661 2584 1722 repugnet.
2638 1651 2774 1718 Quis
2821 1660 2906 1707 est
2962 1651 3284 1718 autem,qui
3333 1652 3436 1706 hoc
3476 1650 3652 1705 saeculo

2110 1741 2524 1811 chronologiam
2576 1741 2830 1810 attingat,
2879 1741 2974 1810 qui
3025 1756 3132 1796 non
3189 1739 3462 1803 Latinam,
3489 1751 3538 1794 et
3567 1737 3645 1794 lle

2112 1833 2350 1888 hraicam
2385 1831 2549 1886 istam
2599 1831 2778 1897 alteri,
2805 1847 2970 1902 quam
3017 1832 3209 1888 ascivit
3234 1830 3498 1898 Ecclesia,
3519 1840 3654 1885 antc-

2109 1923 2417 1994 ponendam
2441 1923 2735 1979 existimet.
2769 1921 2874 1978 Par
2899 1932 2983 1978 est
3011 1923 3064 1977 in
3098 1938 3207 1978 aera
3235 1922 3440 1977 Christi
3468 1921 3654 1991 vulgari

2108 2015 2417 2071 institutum
2447 2014 2798 2091 Ecclesiaamt
2824 2030 2967 2079 eam,
2991 2014 3139 2084 quod
3169 2015 3309 2084 apud
3340 2013 3658 2069 Christianos

2111 2123 2304 2164 omnes
2333 2108 2652 2174 obtinuerit,
2676 2110 2742 2161 ad
2769 2123 2928 2163 usum
2969 2106 3262 2164 transferat
3289 2124 3302 2158 :
3337 2116 3517 2163 utrum
3546 2122 3658 2160 vero

2113 2198 2182 2252 ab
2213 2198 2332 2266 ipso
2360 2195 2536 2252 Natali
2573 2197 2774 2252 Christi
2816 2206 3067 2252 accurate
3117 2197 3344 2267 repetita
3393 2196 3485 2262 sit,
3539 2194 3659 2248 nihil

2112 2290 2250 2345 adeo
2275 2289 2590 2359 perquirat;
2616 2303 2792 2358 neque
2840 2287 2908 2342 ad
2935 2289 3048 2344 haec
3096 2288 3300 2342 leviora
3339 2287 3659 2357 gravitatem,

2117 2381 2612 2449 auctoritatemque
2644 2395 2824 2444 suam,
2849 2396 2968 2450 qua:
2991 2388 3340 2436 sacrosancta
3371 2379 3663 2443 debetesse,

2111 2469 2384 2539 interponi
2423 2469 2680 2539 patiatur.
2711 2468 2885 2534 Quam
2919 2469 2974 2522 in
3017 2483 3132 2522 rem
3166 2467 3308 2522 valet
3361 2466 3416 2520 in
3469 2465 3660 2536 primis,

2111 2562 2260 2632 quod
2289 2559 2490 2616 Paulus
2521 2558 3014 2629 Middelburgensis
3038 2559 3132 2614 lib.
3173 2574 3296 2624 xnt,
3327 2573 3454 2626 cap.
3482 2555 3664 2618 6,scri-

2115 2662 2269 2723 ptum
2302 2651 2542 2722 reliquit.
2572 2649 2710 2706 Nam
2769 2666 2892 2706 cum
2947 2650 3227 2705 biennium
3280 2648 3437 2711 illud,
3469 2647 3534 2702 de
3571 2660 3666 2716 quo

2112 2759 2279 2815 supra
2333 2743 2596 2808 diximus,
2649 2741 2946 2813 Dionysius
2992 2756 3114 2795 λειω
3140 2741 3330 2797 deesse
3390 2738 3663 2800 docuisset,

2111 2835 2342 2894 subinde
2378 2835 2484 2892 sibi
2519 2835 2666 2892 istud
2701 2833 2934 2904 objicit:
2969 2832 3123 2903 sequi
3151 2848 3217 2888 ex
3249 2847 3314 2887 eo
3337 2831 3551 2894 videri,
3579 2829 3666 2883 Ec-

2111 2929 2336 2985 elesiam
2374 2928 2430 2983 in
2478 2927 2661 2994 bullis,
2695 2943 2761 2984 ac
2793 2926 3072 2997 rescriptis
3107 2924 3223 2981 suis
3271 2924 3548 2980 oberrare.
3579 2919 3665 2976 Cui

2113 3022 2195 3078 sic
2214 3021 2456 3078 occurrit
2480 3036 2495 3076 :
2523 3017 2826 3075 Ecelesiam
2867 3018 2974 3074 hac
2999 3027 3305 3087 temporum
3330 3012 3669 3070 subduetione

2117 3113 2194 3168 uti
2235 3112 2472 3182 quidem,
2503 3111 2597 3167 sed
2627 3109 2854 3166 minime
2887 3109 3136 3179 probare,
3164 3121 3352 3162 verum
3385 3123 3414 3160 a
3446 3104 3666 3160 chrono-

433 3198 664 3253 eesimo.
723 3195 839 3254 Hac
891 3213 1000 3253 una
1052 3199 1266 3254 ratione
1315 3197 1520 3254 biennii
1581 3199 2012 3271 μεταχρονιςμός
2042 3193 2082 3209 “
2115 3204 2254 3273 logia
2281 3211 2583 3256 mutuatam
2610 3216 2768 3256 suum
2789 3200 2856 3256 ad
2874 3215 3032 3254 usum
3057 3197 3493 3254 accommodare.
3521 3193 3670 3259 Quid-

435 3288 527 3344 ille
555 3289 788 3344 devitari
833 3297 1031 3359 potest,
1067 3305 1229 3360 quem
1261 3287 1523 3361 Scaliger,
1554 3291 1785 3361 ejusque
1833 3299 2013 3345 secta-

434 3392 583 3437 tores
632 3381 947 3450 objiciunt:
985 3381 1077 3450 qui
1107 3380 1328 3450 quidem
1385 3381 1698 3436 necessario
1743 3379 2010 3449 sequitur,

432 3474 480 3530 si
518 3472 748 3528 Lentulo
801 3486 868 3527 ac
920 3470 1234 3527 Marcellino
1276 3469 1675 3535 coss.,Juliano
1719 3471 1789 3524 45
1823 3480 2010 3526 natum

432 3577 557 3618 esse
588 3563 866 3618 Christum
899 3576 1152 3628 asseras;
1191 3570 1246 3617 et
1284 3560 1488 3617 Tiberii
1537 3577 1627 3629 xv,
1669 3559 1887 3618 Juliano
1917 3562 2006 3629 74,

434 3649 757 3710 aetatis‘sute
805 3651 1088 3707 tricesimo
1128 3651 1242 3720 jam
1296 3651 1569 3718 absoluto,
1603 3651 1828 3708 ineunte
1881 3668 2011 3710 vero

435 3741 708 3798 tricesimo
737 3741 934 3811 primo,
968 3739 1298 3809 baptizatum
1331 3737 1520 3796 fuisse.

508 3832 574 3887 Et
602 3835 870 3887 hactenus
918 3832 1138 3901 quidem
1171 3826 1317 3885 recte
1347 3832 1653 3888 communis
1679 3847 1786 3886 aera
1816 3847 2012 3902 proce-

435 3925 564 3979 dere
588 3922 782 3992 potnit.
821 3922 926 3977 Sed
953 3937 1091 3976 nova
1115 3921 1362 3991 quaedam
1411 3932 1535 3977 ante
1555 3922 1658 3978 hos
1685 3922 1877 3994 viginti
1907 3941 2008 3978 an-

435 4031 537 4070 nos
584 4015 759 4070 eidetn
812 4014 1016 4068 moveri
1045 4015 1415 4070 controversia
1455 4015 1638 4085 cmpit.
1665 4013 1798 4070 Nam
1833 4017 1923 4086 qui
1957 4017 2008 4071 in

434 4105 660 4174 Josephi
697 4105 1004 4174 gravissimi
1031 4105 1318 4175 scriptoris
1365 4105 1649 4163 historiam
1695 4108 2010 4179 diligentius

435 4195 822 4260 incubuerunt,
857 4211 1088 4266 eamque
1134 4212 1260 4252 cum
1309 4193 1572 4253 Romanis
1612 4198 1888 4256 historicis
1915 4215 2009 4256 ac-

433 4285 780 4342 curatissime
809 4287 1182 4350 contulerunt,
1205 4288 1402 4342 eruditi
1429 4289 1765 4359 solertesque
1782 4291 2012 4346 chrono-

432 4380 565 4450 lOgi,
617 4378 778 4434 facile
825 4379 1322 4448 deprehenderunt,
1373 4396 1482 4435 non
1542 4382 1763 4439 biennio
1807 4385 2007 4452 solum,

2113 3292 2242 3360 quid
2269 3299 2451 3346 autem
2485 3289 2616 3344 insit
2641 3289 2869 3350 erroris,
2901 3288 2955 3342 id
2996 3287 3104 3344 illis
3127 3301 3267 3348 esse,
3293 3300 3408 3339 non
3441 3281 3672 3339 Ecclesiae

2115 3381 2486 3438 tribuendum.
2509 3380 2591 3436 Ad
2626 3381 2742 3436 haec
2771 3395 2879 3436 non
2909 3388 3170 3450 perpetuo
3203 3377 3342 3432 hanc
3371 3378 3424 3430 in
3450 3373 3668 3429 Ecclesia

2115 3473 2438 3528 numerandi
2495 3473 2762 3527 rationem
2815 3472 3124 3536 exstitisse;
3167 3469 3260 3524 sed
3309 3480 3442 3523 ante
3485 3479 3668 3537 paucos

2114 3581 2307 3630 anuos,
2333 3565 2436 3619 sub
2457 3562 2700 3634 Eugenio
2725 3561 3010 3623 lV,Blondi
3039 3559 3431 3617 Foroliviensis
3448 3559 3667 3618 hortatu,

2111 3658 2206 3727 qui
2235 3655 2502 3725 pontiﬁcii
2534 3654 2744 3724 collegii
2792 3670 2822 3707 a
2869 3654 3097 3709 secretis
3126 3651 3378 3707 notarius
3404 3659 3537 3712 erat,
3579 3647 3665 3700 ad-

2113 3750 2360 3805 missam.
2397 3745 2565 3800 Addit
2610 3754 2665 3799 et
2693 3744 3012 3814 Dionysium
3043 3742 3319 3813 Exiguum
3351 3741 3511 3797 istius
3559 3751 3667 3792 terte

2111 3839 2453 3896 conditorem
2475 3850 2714 3891 errorem
2741 3835 3029 3904 agnovisse
3067 3849 3250 3897 suum,
3282 3844 3338 3890 et
3379 3829 3667 3888 verecundia

2111 3931 2411 4001 confusum,
2443 3937 2502 3982 ut
2519 3928 2708 3984 scribit
2730 3925 3062 3997 Sigebertus,
3093 3927 3320 3996 frontem
3345 3925 3450 3980 sibi
3472 3921 3665 3992 pudoris

2110 4022 2345 4077 cauterio
2367 4018 2784 4074 exussisseJiaec
2811 4018 3014 4075 Paulus
3042 4019 3109 4075 de
3126 4033 3230 4073 aera
3258 4013 3664 4088 Dionysiana,in

2111 4128 2219 4183 qua
2249 4109 2691 4182 reprehendenda
2711 4109 2883 4164 multo
2907 4109 2998 4163 ille
3015 4107 3496 4179 reprehendendus
3511 4104 3666 4174 magis

2110 4206 2216 4262 est,
2243 4206 2303 4251 ut
2335 4197 2389 4251 in
2419 4196 2799 4266 superioribus
2827 4195 3049 4266 planum
3079 4195 3254 4252 cuivis
3307 4211 3431 4251 esse
3476 4194 3661 4247 factum

2111 4289 2458 4346 conﬁdimus.
2486 4287 2597 4345 Nec
2623 4298 2708 4345 est
2744 4289 2970 4345 omnino
2996 4289 3289 4359 quidquam
3326 4305 3357 4342 a
3386 4289 3667 4356 Scaligcro.

2111 4379 2371 4446 Calvisio,
2403 4381 2721 4451 ueterisque
2749 4390 2938 4437 contra
2967 4382 3108 4436 hanc
3133 4381 3380 4444 allatum,
3405 4379 3548 4450 quod
3568 4394 3669 4430 mo-

432 4470 531 4527 scd
559 4481 614 4526 et
643 4471 1027 4542 quadriennio,
1054 4473 1138 4526 vel
1173 4472 1548 4544 quinquennio
1581 4490 1768 4530 verum
1797 4475 2004 4532 Christi
2040 4492 2085 4547 ι)
2115 4470 2282 4526 menti
2337 4471 2542 4543 aliquid
2587 4473 2807 4541 habeat,
2849 4481 3044 4544 praeter
3085 4488 3148 4527 ea
3187 4487 3311 4542 quae
3337 4488 3401 4527 ex
3453 4469 3669 4540 Josepho

431 4563 676 4621 Natalem
712 4567 1118 4638 anticipandum
1162 4582 1305 4630 esse,
1334 4566 1381 4620 si
1411 4581 1538 4623 vera
1571 4579 1720 4633 sunt,
1774 4585 1897 4640 quae
1940 4572 2011 4628 ab

430 4658 542 4714 illis
571 4658 847 4714 historicis
880 4657 1206 4726 produntur.
1259 4657 1566 4727 Disputavit
1591 4675 1656 4716 ea
1686 4661 1755 4717 de
1797 4677 1856 4717 re
1898 4664 2010 4732 pri-

433 4765 557 4805 mus
587 4748 833 4802 omnium
884 4746 1148 4802 Dekerius
1203 4757 1422 4817 noster;
1474 4749 1632 4819 cujus
1680 4752 2010 4807 sententiam

433 4839 721 4906 amplexus
743 4846 852 4903 est,
887 4847 941 4892 et
967 4837 1260 4892 illustravit
1296 4838 1591 4907 plurimum
1626 4839 1892 4910 Keplerus
1923 4843 2012 4896 in-

433 4927 606 4996 signis
656 4927 1099 4994 mathematicus,
1134 4928 1273 4985 libro
1328 4927 1405 4982 De
1439 4945 1579 4984 anno
1626 4929 1836 4998 Natali,
1869 4942 1924 4988 et
1955 4933 2009 4988 iit

433 5015 653 5085 Eclogis
680 5017 1051 5088 chronologis.
1097 5017 1275 5086 Quam
1319 5019 1536 5074 illorum
1567 5020 1881 5090 opinionem
1926 5023 2010 5078 di-

430 5124 594 5181 gnam
621 5109 874 5175 arbitror,
901 5127 1021 5178 qua!
1042 5113 1203 5167 etiam
1228 5122 1392 5183 atque
1413 5113 1575 5168 etiam
1597 5115 2004 5175 consideretur:

433 5196 715 5267 indignam
775 5206 941 5260 certe,
972 5213 1135 5266 quam
1181 5216 1303 5254 cum
1352 5200 1471 5270 cjus
1505 5210 1728 5257 auctore
1782 5203 2011 5260 Dekerio

432 5291 517 5344 vir
545 5289 667 5360 pius
694 5295 748 5343 et
776 5287 1026 5342 eruditus
1060 5304 1197 5357 pene
1250 5292 1500 5347 hostilem
1533 5293 1585 5347 in
1621 5295 1845 5349 modum
1877 5312 2003 5365 pro.

435 5383 736 5447 scriberet,
762 5389 1023 5450 tanquam
1062 5396 1280 5446 novam,
1316 5393 1369 5438 et
1397 5385 1466 5440 ab
1497 5401 1598 5441 usu
1633 5386 1799 5442 totius
1824 5385 2011 5444 Eccle-

436 5475 531 5528 size
561 5483 850 5530 remotam.
884 5472 996 5542 Ego
1029 5487 1158 5526 vero
1195 5489 1389 5528 novam
1435 5490 1556 5532 esse
1587 5479 1802 5547 quidem
1839 5479 2008 5546 illam,

439 5579 537 5618 nec
564 5565 633 5619 ab
659 5565 899 5633 antiquis
931 5573 1249 5634 usurpatam
1283 5565 1437 5622 video
1473 5581 1486 5616 :
1521 5568 1688 5636 quod,
1717 5577 1778 5623 ut
1806 5569 2010 5625 dictum

438 5663 542 5713 est.
567 5669 891 5723 persuasum
947 5657 1212 5714 hactenus
1235 5663 1381 5712 esset
1409 5657 1686 5728 omnibus,
1729 5658 2012 5716 Christum

444 5744 620 5801 artatis
658 5758 804 5799 anno
833 5747 1110 5806 tricesimo
1139 5749 1472 5831 baptizatum
1501 5765 1642 5818 esse,
1676 5766 1852 5823 neque
1884 5769 2032 5828 pars

2115 4571 2551 4636 Ροιυηιυτςίιυεε
2579 4579 2648 4620 ne
2685 4565 2801 4636 ipsa
2833 4566 3054 4636 quidem
3075 4565 3290 4620 illorum
3328 4564 3549 4619 biennio
3572 4559 3669 4616 sul-

2115 4657 2430 4727 fragantur;
2462 4658 2726 4728 quoniam
2755 4674 2862 4713 non
2905 4659 3120 4714 duobus
3152 4657 3354 4721 solum,
3378 4657 3476 4712 sed
3502 4671 3570 4719 tv,
3599 4654 3669 4707 vel

2114 4767 2144 4805 v
2177 4751 2366 4808 solidis
2395 4751 2555 4806 annis
2598 4752 2801 4807 Christi
2828 4751 3072 4806 Natalem
3114 4750 3560 4806 antevertendum
3587 4747 3670 4802 de-

2112 4853 2438 4900 monstrant.
2469 4843 2601 4910 Quae
2617 4859 2702 4900 res
2729 4843 2994 4900 adversus
3015 4843 3414 4899 nobilissimum
3447 4840 3671 4896 historia:

2113 4937 2435 5007 scriptorem
2466 4936 2615 4992 viros
2639 4936 2907 5006 quosdam
2941 4936 3061 5005 pios
3111 4950 3176 4990 ac
3197 4936 3384 5010 doctos
3419 4935 3667 5003 majorem

2113 5029 2168 5084 in
2197 5029 2416 5084 modum
2447 5028 2766 5092 commovit,
2801 5036 2862 5081 ut
2883 5043 3048 5096 quem
3077 5028 3343 5082 mendacii
3373 5026 3668 5082 convictum

2113 5127 2389 5190 putarent,
2446 5117 2581 5172 nihil
2614 5117 2666 5171 ei
2721 5116 2887 5170 tribui
2921 5115 3262 5172 auctoritatis
3292 5130 3354 5169 ac
3383 5115 3506 5168 lidei
3533 5121 3671 5182 pate-

2114 5221 2306 5266 rentur
2331 5227 2346 5275 ;
2374 5207 2676 5280 praesertim
2709 5208 2764 5262 in
2786 5207 2853 5263 iis
2886 5222 3007 5276 qua:
3035 5207 3100 5262 ad
3145 5205 3372 5262 Herodis
3401 5219 3577 5260 annos
3597 5210 3671 5256 at-

2113 5303 2286 5357 tinent
2317 5319 2332 5355 :
2384 5301 2438 5354 in
2473 5299 2671 5370 quibus
2709 5299 2941 5353 absurda
2974 5308 3023 5352 et
3061 5308 3360 5368 portentosa
3407 5294 3670 5351 mendacia

2115 5395 2314 5457 inesse,
2343 5407 2468 5447 cum
2508 5405 2726 5446 summa
2782 5391 3167 5458 inconstantia,
3205 5400 3261 5446 et
3309 5389 3666 5444 Romanorum

2114 5484 2396 5540 annalium
2436 5481 2656 5539 inscitia
2698 5480 3064 5536 Ecclesiastici
3119 5481 3336 5534 annales
3387 5477 3663 5532 allirmant.

2114 5575 2235 5631 Non
2282 5576 2318 5629 ii
2348 5590 2561 5642 sumus,
2586 5574 2681 5644 qui
2733 5589 3074 5630 summorum
3111 5573 3352 5628 virorum
3380 5569 3664 5626 memoriae.

2114 5675 2168 5720 et
2189 5664 2579 5719 existimationi
2615 5661 2907 5719 obtrectari
2933 5663 3181 5726 velimus,
3198 5662 3465 5732 praecipue
3489 5661 3666 5716 catho-

2117 5758 2382 5822 licorum;
2409 5764 2469 5812 ut
2487 5755 2533 5812 si
2561 5756 2690 5828 quid
2724 5755 2926 5812 abillis
2955 5755 3266 5824 titubatum,
3297 5750 3663 5811 commissum—
