3958 6410
202 395 313 451 917

1373 398 1464 452 DE
1502 398 1687 452 ANNO
1728 396 1982 453 NATALI
2022 401 2318 458 CHRISTI.

3351 406 3454 460 9l8

202 527 317 579 que
338 512 429 575 sit,
463 512 709 569 severius
738 525 1168 580 persequamur;
1195 525 1369 580 neque
1397 525 1498 567 nos
1551 511 1778 567 omnino
1809 514 1850 572 Α
1883 523 1988 566 tum
2024 526 2266 574 recenset.
2303 515 2490 586 Itaque
2515 519 2560 571 si
2588 517 2813 586 Joseplw
2842 517 3023 572 demus
3063 534 3239 582 aures,
3265 535 3381 585 qua:
3420 538 3454 575 α

200 600 405 656 canina
448 601 538 655 illa
571 600 822 655 facundia
855 599 1108 666 delectat,
1131 615 1256 670 quas
1284 599 1586 656 multorum
1610 615 1777 656 occu-

204 692 358 760 pavit
393 690 628 761 ingenia.
676 689 782 745 Sed
824 689 956 744 illud
985 697 1166 744 tamen
1204 689 1349 760 quod
1378 689 1555 745 cuivis
1587 689 1692 745 hoc
1723 688 1779 743 in

206 781 515 834 litterarum
569 794 764 850 genere
813 795 1135 836 concessum
1179 790 1280 845 est,
1318 789 1572 850 negatum
1621 778 1782 834 nobis

206 884 336 925 esse
364 869 652 933 nolumus;
685 879 746 924 ut
775 868 821 924 si
852 870 984 940 quid
1016 871 1174 925 aliter
1205 881 1367 937 atque
1393 871 1468 924 illi
1488 869 1778 935 senserint,

212 961 391 1015 visum
431 959 589 1014 nobis
638 958 820 1021 fuerit.
865 959 916 1014 id
965 960 1196 1030 ingenue
1231 961 1604 1031 proﬁteamur,
1633 960 1783 1014 acli-

209 1051 376 1117 bere;
405 1065 473 1105 ne
500 1050 632 1121 quid
662 1051 878 1106 veritati
937 1051 1051 1106 haec
1105 1052 1241 1122 ipsa,
1277 1067 1398 1122 qum
1449 1052 1654 1107 servire
1702 1050 1782 1106 illi

209 1141 394 1205 debet,
424 1141 570 1197 obsit
603 1142 887 1197 hominum
924 1144 1241 1208 auctoritas,
1267 1151 1321 1198 et
1358 1141 1779 1198 commendatio.

207 1232 370 1298 Quod
407 1249 476 1288 ne
524 1234 776 1303 praesenti
803 1233 856 1288 in
902 1235 1120 1304 negotio
1148 1236 1427 1300 contingat
1457 1247 1785 1304 magnopere

206 1330 299 1376 est
319 1325 634 1379 verendum.
662 1323 847 1394 Neque
880 1339 1010 1380 vero
1031 1323 1256 1394 Iosephi
1291 1325 1654 1395 patrocinium
1681 1324 1783 1378 hoc

209 1412 337 1466 loco
369 1415 738 1483 suscipimus;
771 1430 872 1470 nec
893 1430 1109 1470 errasse
1132 1416 1285 1470 illum
1317 1416 1628 1472 inliciamur
1650 1433 1664 1478 ;
1689 1423 1786 1469 aut

210 1512 489 1570 postremo
523 1505 606 1559 vel
641 1505 923 1559 minimum
954 1514 1138 1560 contra
1171 1521 1451 1562 sacrarum
1480 1505 1638 1560 iidem
1667 1504 1783 1560 Lit-

210 1603 453 1648 terarum
505 1597 755 1666 scriptori
786 1596 879 1650 ulli
921 1596 1234 1651 tribuimus.
1268 1595 1470 1652 Verum
1521 1611 1630 1664 nee,
1664 1611 1788 1666 qua:

210 1683 282 1738 ad
339 1683 486 1738 illius
545 1685 896 1739 minuendam
955 1685 1419 1740 existimationem
1463 1684 1784 1750 all'eruntur,

210 1789 341 1828 vera
382 1783 638 1844 putamus
665 1776 881 1841 omnia;
941 1785 994 1831 et
1041 1779 1187 1847 quod
1242 1777 1313 1832 ad
1360 1778 1664 1833 recentiora
1697 1776 1786 1832 Iu-

210 1864 456 1919 daeorum
491 1874 730 1936 tempora
774 1875 1000 1936 spectat,
1044 1867 1330 1922 certiorem
1362 1883 1425 1923 ac
1452 1869 1784 1924 constantio-

213 1970 330 2034 rem
381 1954 643 2011 habemus
697 1965 919 2011 auetore
969 1958 1076 2010 isto
1108 1957 1400 2012 neminem.
1453 1957 1532 2011 Ac
1572 1966 1780 2011 tantum

211 2043 391 2107 abest,
423 2043 536 2099 haec
559 2051 616 2099 ut
637 2054 743 2100 tam
767 2047 1010 2112 assidua,
1033 2057 1140 2101 tam
1170 2048 1364 2102 acerba
1392 2062 1514 2101 cum
1544 2045 1782 2118 Iosepho

216 2133 507 2189 Annalium
539 2137 906 2204 expostulatio
951 2138 1018 2192 de
1062 2137 1205 2193 illius
1239 2137 1381 2207 apud
1413 2153 1500 2191 me
1535 2138 1639 2193 lide
1700 2138 1782 2192 vel

214 2225 487 2278 tantillum
537 2226 853 2291 detraxerit,
890 2236 948 2283 ut
997 2228 1098 2283 hoc
1127 2228 1246 2297 ipso
1292 2227 1529 2298 primum
1567 2228 1787 2284 nomine

213 2323 465 2383 suspecta
490 2330 610 2370 esse
638 2316 768 2370 mihi
823 2319 1099 2374 accusatio
1132 2318 1222 2372 illa
1262 2319 1515 2388 coeperit,
1550 2320 1695 2388 quod
1729 2320 1782 2372 in

214 2417 338 2456 eam
373 2412 522 2458 tanto
545 2404 847 2469 stomacho,
873 2421 935 2460 ac
963 2407 1121 2462 toties
1145 2407 1503 2462 incurrerent.
1537 2406 1672 2461 Tum
1693 2407 1785 2462 ubi

215 2490 334 2546 inec
372 2493 633 2549 attentius
683 2496 919 2560 excussi,
949 2512 1070 2566 qua:
1116 2497 1182 2551 ad
1213 2495 1508 2567 Iosephum
1542 2507 1790 2554 everten-

213 2583 347 2639 dum
387 2584 716 2640 validissima
750 2586 1129 2652 credebantur,
1157 2589 1293 2643 nihil
1319 2590 1488 2645 atroci
1516 2589 1603 2644 illa
1633 2590 1792 2646 casti-

213 2674 432 2744 gatione
455 2676 697 2747 iniquius
729 2687 812 2734 est
847 2679 1040 2734 visum.
1074 2680 1205 2746 Quae
1230 2681 1444 2736 tametsi
1479 2681 1608 2736 olim
1635 2696 1663 2735 a
1702 2697 1790 2737 me

213 2765 614 2832 animadversa,
640 2766 912 2838 disputata
941 2771 1282 2839 postmodum
1331 2771 1400 2825 ab
1425 2772 1572 2837 aliis,
1627 2780 1792 2842 atque

213 2855 484 2925 explicata
552 2859 827 2928 comperi,
871 2859 1034 2914 licere
1093 2860 1228 2915 mihi
1281 2861 1502 2931 quidem
1553 2862 1793 2916 arbitror

216 2962 342 3016 qua:
365 2947 586 3017 perinde
616 2957 676 3003 ut
727 2949 803 3003 illi
825 2949 1148 3020 inquirendo
1180 2959 1512 3008 consecutus
1555 2950 1789 3016 fueram,

215 3053 328 3092 non
350 3047 410 3092 ut
441 3040 509 3092 ab
542 3038 649 3095 illis
679 3049 923 3111 accepta,
959 3043 1055 3096 sed
1091 3051 1203 3097 uta
1244 3057 1330 3098 me
1355 3045 1519 3100 etiam
1568 3044 1791 3114 excogi-

214 3137 328 3184 tata
358 3143 674 3199 proponere.

289 3215 432 3286 Ergo
459 3217 527 3272 ad
560 3218 870 3274 elevandam
913 3218 1134 3290 Iosephi
1182 3219 1342 3276 ﬁdem
1371 3235 1403 3275 e
1436 3220 1622 3276 multis
1669 3221 1788 3290 ejus

213 3309 496 3364 erroribus
527 3311 580 3364 hi
613 3312 759 3366 velut
798 3313 1036 3383 insignes
1091 3327 1152 3368 ac
1201 3312 1449 3381 palmarii
1495 3327 1788 3367 numeran-

216 3405 330 3451 tur.
374 3396 617 3453 Primum
668 3401 812 3470 quod
852 3409 1044 3456 exacto
1085 3402 1369 3468 Archelao,
1415 3402 1678 3467 Quirinus
1731 3402 1785 3456 in

216 3483 316 3556 Sy:
331 3487 436 3540 iam
475 3485 824 3558 Iudaaanique
843 3489 1045 3544 missus
1061 3505 1186 3545 esse
1203 3490 1421 3557 dicitur,
1437 3505 1580 3545 anno
1599 3505 1784 3544 xxxvn

214 3585 342 3643 post
383 3576 654 3632 Actiacam
702 3593 956 3649 pugnam.
1003 3578 1214 3642 Verum,
1245 3581 1439 3650 inquit,
1469 3581 1516 3634 si
1561 3581 1673 3635 lucc
1718 3581 1788 3634 ad

211 3677 460 3722 exactam
489 3679 778 3737 temporum
817 3671 1073 3723 rationem
1107 3672 1324 3740 referas,
1352 3671 1495 3740 falsa
1529 3687 1639 3726 esse
1666 3687 1789 3742 pro-

213 3760 306 3814 cul
332 3759 489 3812 dubio
520 3759 766 3817 invenies.
805 3760 946 3814 Nam
978 3764 1025 3816 si
1057 3777 1294 3816 numeres
1343 3778 1532 3830 annos,
1562 3764 1653 3833 qui
1698 3764 1787 3816 in-

215 3861 514 3904 tercurrunt
572 3851 637 3904 ab
674 3850 892 3904 Actiaca
944 3867 1141 3922 pugna,
1173 3867 1291 3920 quia
1345 3853 1565 3922 contigit
1606 3853 1789 3924 Augst-

213 3953 301 3996 sto
331 3939 429 3994 III
461 3950 510 3996 et
539 3940 773 3997 Messala
801 3958 963 4006 coss.,
997 3959 1159 3996 annos
1186 3958 1298 3998 esse
1325 3959 1388 3998 xt.
1417 3943 1652 4014 colliges.
1681 3946 1786 4000 Sed

216 4032 336 4086 haec
365 4031 714 4088 hallucinatio
750 4040 852 4087 est.
885 4029 1020 4086 Nam
1053 4032 1272 4087 Actiaca
1301 4046 1480 4102 pugna
1515 4031 1705 4088 incidit
1734 4033 1787 4086 in

213 4137 421 4176 annum
456 4121 617 4177 Urbis
648 4122 772 4186 ηδ,
805 4120 1006 4176 Julian.
1037 4123 1125 4177 l5.
1161 4122 1458 4178 Archelaus
1484 4136 1613 4176 vero
1659 4135 1787 4192 pro-
1838 4191 1844 4194 _

212 4211 453 4280 scriptus
477 4219 562 4265 est
590 4225 734 4265 anno
769 4211 931 4266 Urbis
960 4210 1083 4274 759,
1107 4208 1324 4264 Iuliano
1348 4209 1437 4263 5i.
1459 4209 1669 4280 Quippe
1688 4209 1788 4264 Dio

213 4301 284 4355 ad
320 4301 465 4356 hunc
496 4316 701 4355 annum
733 4309 922 4356 auctor
942 4310 1045 4365 est,
1077 4299 1341 4356 Herodem
1371 4299 1720 4356 Palasstinum
1753 4315 1786 4356 a

213 4392 475 4449 fratribus
499 4403 810 4449 accusatum
845 4401 996 4447 trans
1021 4392 1180 4462 Alpes
1208 4393 1528 4462 relegatum,
1557 4391 1787 4462 ejusque

1883 601 2030 656 Luca
2057 614 2108 658 et
2138 604 2392 660 Matthazo
2431 606 2495 659 de
2541 605 2745 660 Herode
2790 607 2986 675 scripta
3033 620 3177 672 sunt,
3210 610 3314 677 ﬁde
3363 626 3456 664 ca-

1882 705 2031 747 reant
2063 711 2270 750 necesse
2295 705 2392 751 est.
2432 693 2548 750 Non
2577 697 2708 750 satis
2738 697 2893 751 dixit.
2921 695 3104 766 Neque
3133 699 3275 752 enim
3302 699 3454 754 bien-

1882 785 1995 849 nio,
2020 785 2110 840 scd
2143 787 2525 856 quadriennio,
2568 785 2735 842 l‘crme
2766 785 3010 842 Natalem
3039 787 3238 842 Christi
3266 787 3456 859 vulga-

1882 889 2018 942 rem,
2052 875 2437 947 Dionysianum
2463 893 2591 933 vero
2615 879 2778 932 etiam
2804 878 3176 949 quinquennio
3202 886 3457 934 antever-

1885 965 1966 1019 tit.
2007 965 2108 1021 Sed
2162 967 2305 1021 hunc
2359 967 2535 1037 ipsum
2585 984 2772 1024 verum
2799 983 2920 1024 esse
2947 967 3190 1023 Natalem
3219 985 3286 1023 ex
3317 969 3456 1026 Mat-

1882 1054 2044 1115 thaao,
2077 1055 2157 1108 vel
2185 1053 2345 1110 Luca.
2365 1057 2567 1127 colligi,
2600 1057 2651 1111 id
2680 1065 2991 1112 constanter
3011 1072 3292 1128 negamus.

1951 1143 2215 1208 Quartum
2265 1146 2640 1201 inconstantiae
2679 1147 2954 1216 specimen
2991 1155 3106 1213 est,
3138 1147 3282 1216 quod
3311 1161 3454 1200 anno

1884 1247 1972 1285 xvi
2018 1231 2244 1289 Herodis
2291 1235 2434 1304 regis
2479 1232 2682 1289 Varum
2731 1235 3014 1304 praesidem
3074 1235 3245 1306 Syriae
3287 1233 3458 1290 fuisse

1883 1333 2069 1378 narrat
2095 1323 2190 1379 lib.
2218 1341 2304 1390 xv,
2337 1339 2388 1380 c.
2423 1327 2510 1381 13.
2537 1324 2667 1382 Post
2705 1334 2909 1392 autem,
2939 1327 3016 1381 ait
3048 1327 3298 1381 eumdem
3333 1342 3459 1382 suc-

1883 1416 2115 1469 cessisse
2157 1414 2345 1470 Sentio
2393 1415 2712 1482 Saturnino,
2751 1431 2896 1472 anno
2937 1425 3062 1473 ante
3085 1416 3312 1473 Herodis
3340 1417 3459 1471 obi-

1886 1511 2000 1556 tum
2035 1519 2048 1556 :
2081 1518 2204 1558 cum
2227 1502 2366 1559 inter
2386 1513 2674 1570 utrumque
2698 1505 2885 1575 viginti
2915 1506 3042 1560 anni
3065 1506 3253 1562 saltem
3287 1507 3457 1560 inter-

1885 1594 2169 1648 cesserint.
2199 1594 2360 1664 Atqui
2396 1610 2504 1649 non
2553 1595 2726 1650 Varus
2771 1611 2802 1650 a
2844 1594 3079 1666 Iosepho
3123 1611 3323 1667 praeses
3363 1595 3456 1651 illo

1887 1683 2008 1737 loco
2031 1683 2249 1752 dicitur,
2281 1683 2373 1740 sed
2401 1683 2594 1739 Varro.
2623 1684 2801 1751 Quare
2837 1683 2977 1757 αὕτη
3009 1687 3041 1756 ἡ
3077 1687 3335 1759 μήρινθος
3368 1687 3454 1740 οὐ·
3553 1722 3566 1728 -

1887 1771 1975 1826 δὲν
2003 1772 2229 1828 ἔσπασε.
2279 1773 2522 1844 Denique
2553 1789 2769 1839 novem,
2801 1774 2996 1844 inquit,
3029 1774 3258 1832 Herodis
3285 1792 3458 1832 annos

1885 1863 2248 1930 prtetennisit.
2301 1861 2512 1919 Etenim
2568 1879 2693 1918 cum
2745 1879 2926 1918 xxxvu
2970 1865 3206 1934 regnarit
3261 1881 3455 1929 annos,

1885 1952 2081 2006 horum
2111 1953 2323 2008 initium
2357 1953 2427 2008 ab
2454 1969 2521 2009 eo
2562 1954 2684 2024 ipso
2719 1970 2884 2019 anno,
2918 1970 3027 2024 quo
3062 1955 3239 2009 navali
3273 1956 3458 2025 proelio

1884 2043 2060 2098 vietus
2107 2053 2192 2099 est
2234 2045 2525 2112 Antonius,
2576 2055 2820 2115 repetere
2864 2046 3071 2112 debuit,
3105 2044 3326 2100 Iuliano
3367 2047 3458 2111 15,

1883 2147 1993 2185 non
2027 2147 2058 2186 a
2090 2148 2164 2198 vr,
2193 2148 2392 2204 quoex
2418 2133 2921 2191 senatus-consulto
2962 2149 3186 2206 regnum
3235 2136 3460 2205 adeptus

1883 2232 1987 2277 est.
2016 2220 2144 2277 Ideo
2191 2231 2420 2278 mortem
2472 2223 2704 2280 Herodis
2733 2225 2961 2279 Annales
2993 2225 3045 2279 in
3072 2241 3274 2280 annum
3305 2237 3458 2280 octa-

1884 2326 2011 2364 vum
2061 2312 2262 2369 Christi
2311 2315 2628 2384 conjiciunt,
2658 2314 2862 2385 Lepido
2910 2325 2960 2371 et
3005 2315 3268 2372 Arruntio
3308 2332 3452 2374 coss.

1887 2399 2017 2455 Erat
2041 2417 2219 2458 annus
2251 2402 2416 2460 Urbis
2452 2405 2572 2469 7'59,
2598 2404 2844 2462 Julianus
2874 2407 2960 2472 51,
2994 2408 3086 2478 qui
3121 2417 3304 2464 sextus
3335 2423 3459 2464 tera:

1886 2493 2194 2547 communis
2244 2509 2366 2550 esse
2422 2494 2702 2564 debuerat,
2747 2495 2853 2552 nisi
2905 2497 3125 2554 biennio
3172 2483 3456 2569 peccatum

1888 2581 2050 2637 foret.

1957 2674 2027 2728 At
2082 2684 2416 2745 quantopere
2461 2677 2613 2732 illum
2662 2681 2799 2736 ratio
2838 2680 3076 2751 fugerit,
3127 2679 3289 2749 paulo
3338 2689 3460 2752 post

1889 2767 2192 2832 constabit;
2239 2768 2328 2821 ubi
2375 2783 2497 2837 quae
2529 2769 2596 2823 de
2645 2768 2872 2827 Herodis
2920 2771 3101 2837 annis,
3131 2778 3185 2825 et
3236 2771 3458 2826 historia

1890 2863 2124 2930 sparsim
2158 2859 2428 2932 Iosephus
2477 2863 2686 2928 inserit,
2717 2865 2909 2935 paucis
2956 2864 3459 2936 pcrstrinxcrimus.

1888 2950 2072 3006 Prima
2102 2951 2330 3008 Herodis
2354 2954 2493 3023 apud
2515 2955 2774 3009 eximium
2808 2956 2951 3011 hunc
2966 2957 3284 3026 scriptorem
3310 2972 3458 3010 men-

1891 3041 1966 3095 tio
2015 3041 2072 3096 ﬁt
2119 3042 2214 3096 lib.
2254 3057 2346 3096 xlv
2380 3042 2510 3113 Orig
2535 3059 2611 3106 ,c.
2644 3044 2728 3097 12.
2777 3044 2852 3098 ibi
2879 3043 3224 3113 Antipatrum
3251 3043 3463 3113 Antiprc

1815 3167 1857 3224 Ο
1891 3129 1953 3185 F.
1989 3128 2216 3184 Herodis
2241 3138 2519 3199 parentem
2556 3131 2744 3185 scribit
2771 3145 2802 3185 e
2828 3129 3007 3202 Cypro
3036 3131 3288 3185 Arahissa
3311 3131 3462 3200 prin-

1892 3221 2012 3289 cipe
2061 3220 2260 3274 femina
2323 3221 2562 3290 quinque
2620 3221 2922 3290 suscepisse
2961 3221 3183 3284 liberos,
3228 3221 3466 3275 Phasac-

1889 3312 2025 3377 lum,
2061 3309 2351 3375 Herodem,
2383 3309 2702 3381 Iosephum,
2734 3311 3052 3378 Pheroram,
3089 3321 3143 3367 et
3179 3311 3457 3367 Salomen.

1888 3401 2172 3466 Eumdem,
2207 3416 2330 3456 cum
2359 3403 2620 3457 adversus
2644 3401 3018 3456 Aristobulum
3065 3400 3263 3456 bellum
3310 3415 3463 3470 gere-

1887 3500 1989 3557 ret,
2040 3491 2240 3546 liberos
2294 3503 2423 3546 suos
2475 3488 2616 3559 apud
2665 3489 2906 3544 Arabum
2950 3489 3247 3558 principem
3297 3486 3464 3556 depu-

1888 3585 2086 3639 suisse.
2119 3582 2355 3637 Finitum
2382 3590 2466 3637 est
2487 3580 2686 3636 bellum
2720 3579 2864 3636 istud
2887 3579 3290 3634 Aristobuleum
3315 3593 3462 3634 anno

1888 3674 2001 3742 illa,
2031 3687 2142 3744 quo
2183 3673 2556 3744 Hierosolyma
2591 3670 2882 3742 Pompeius
2923 3670 3085 3740 cepit,
3131 3685 3274 3725 coss.
3305 3669 3461 3724 Cice-

1888 3777 2022 3818 rone
2064 3772 2120 3819 et
2159 3762 2417 3827 Antonio,
2448 3771 2508 3816 ut
2548 3770 2740 3816 auctor
2775 3767 2860 3815 est
2902 3757 3170 3829 Iosephus
3215 3759 3310 3812 lib.
3345 3774 3458 3822 xiv,

1887 3869 1937 3910 c.
1970 3853 2026 3917 5,
2055 3867 2264 3908 necnon
2308 3861 2362 3907 et
2387 3851 2487 3907 Dio
2517 3869 2531 3906 :
2560 3850 2724 3907 Urbis
2748 3865 2816 3905 ex
2858 3850 3102 3906 Varrone
3132 3849 3258 3904 69l.
3286 3849 3461 3920 Opor-

1888 3953 1964 4000 tet
1989 3946 2154 4016 igitur
2177 3943 2446 4000 Herodem
2479 3952 2607 3998 ante
2640 3943 2787 3998 hunc
2815 3957 3020 3997 annum
3051 3939 3222 3998 fuisse
3248 3950 3458 4008 natum,

1887 4054 2046 4109 quem
2076 4037 2217 4108 apud
2241 4035 2472 4092 Arabem
2503 4045 2656 4107 pater
2682 4035 3011 4106 deposuerit.

1957 4127 2152 4182 Postea
2184 4128 2280 4182 lib.
2315 4142 2426 4190 xiv,
2476 4142 2598 4196 cap.
2629 4127 2719 4192 15,
2749 4141 2873 4182 cum
2919 4125 3200 4195 Antipater
3243 4122 3460 4178 Iuliano

1886 4215 2087 4272 Caesari
2116 4226 2392 4274 strenuam
2421 4217 2476 4270 in
2519 4216 2756 4286 Egypto
2789 4226 3041 4271 navasset
3063 4229 3308 4285 cperam,
3336 4215 3458 4267 ἐπί-

1885 4327 2085 4383 τροπος
2128 4310 2198 4364 ab
2238 4323 2305 4364 eo
2354 4307 2544 4366 Iudaeae
2569 4308 2742 4362 fartus
2767 4316 2870 4371 est,
2894 4316 2947 4361 et
2973 4305 3220 4377 Hyrcano
3243 4305 3458 4375 pontiﬁ-

1888 4410 2040 4455 catus
2089 4401 2359 4454 decretura.
2386 4397 2484 4453 Hic
2524 4408 2608 4453 est
2635 4394 2796 4452 Urbis
2825 4413 3006 4453 annus
3034 4397 3163 4460 707,
3194 4411 3304 4465 quo
3329 4397 3455 4450 Ale-

213 4484 478 4538 ditionem
504 4487 558 4539 in
592 4485 924 4554 provinciam
955 4485 1251 4540 redactam.
1277 4485 1471 4539 Annus
1501 4499 1664 4553 porro
1682 4485 1782 4542 Iu-
1818 4493 1864 4549 D
1888 4489 2213 4544 xandriuum
2242 4489 2436 4544 bellum
2461 4495 2731 4558 patratum
2764 4495 2869 4554 est,
2906 4493 2965 4542 ut
2991 4501 3058 4542 ex
3082 4484 3319 4556 Iosepho
3343 4484 3457 4540 eol-

212 4574 396 4630 lianus
434 4576 497 4631 51
544 4577 852 4632 tricesimus
895 4577 1158 4645 septimus
1186 4584 1271 4632 est
1299 4591 1329 4630 a
1363 4591 1454 4631 xv.
1491 4574 1657 4631 Recte
1684 4577 1789 4631 ita-

212 4683 325 4740 que
344 4666 608 4738 Iosephus
631 4669 966 4724 tricesimum
990 4667 1280 4737 septimum
1313 4667 1610 4722 adnotavit.

290 4759 543 4815 Secundo
580 4759 767 4816 iisdem
815 4759 874 4814 in
913 4758 1044 4813 locis
1087 4757 1349 4828 Iosephus
1398 4759 1464 4812 de
1508 4757 1786 4812 consulatu

215 4848 433 4915 Quirini
465 4849 722 4913 meminit,
746 4849 898 4919 quasi
929 4847 994 4902 de
1039 4863 1094 4902 re
1143 4848 1428 4902 admodum
1457 4849 1649 4902 recenti
1675 4863 1694 4903 :
1722 4863 1788 4902 ea:

210 4955 320 5010 quo
362 4937 555 4994 Fastos
601 4940 755 4993 illum
795 4939 1098 4994 consulares
1145 4939 1415 5008 ignorasse
1459 4949 1658 4993 certum
1685 4949 1782 4993 est.

216 5029 367 5086 Nam
399 5030 679 5095 Quirinum
710 5046 814 5084 una
839 5046 959 5084 cum
989 5029 1288 5087 zEmiliano
1310 5031 1508 5100 collega
1539 5039 1660 5084 ante
1688 5046 1787 5084 an-

214 5139 316 5178 nos
345 5137 454 5176 xxn
507 5122 841 5178 consulatum
887 5125 1106 5192 gessisse
1155 5133 1233 5176 est
1278 5122 1780 5189 exploratissimum.

211 5213 363 5268 Nihil
411 5213 679 5289 ejusmodi
719 5211 989 5282 Iosephus
1028 5213 1110 5266 vel
1149 5212 1419 5267 levissime
1441 5211 1783 5282 signiﬁcavit.

209 5304 568 5360 Consularem
614 5305 879 5359 duntaxat
917 5304 1090 5366 illum.
1121 5304 1224 5359 hoc
1267 5311 1351 5358 est
1397 5303 1656 5358 ὑπατικόν
1686 5319 1785 5360 ex-

212 5408 395 5450 tremo
443 5397 534 5451 lib.
563 5413 674 5452 xvn
722 5397 987 5452 nominat.
1023 5388 1248 5452 Constat
1296 5404 1476 5449 autem
1529 5409 1646 5458 eos,
1691 5396 1785 5465 qui

205 5485 559 5542 consulatum
614 5486 778 5541 semel
831 5487 884 5541 in
930 5487 1039 5540 vita
1090 5485 1418 5556 gessissent,
1468 5486 1787 5541 consulares

202 5576 471 5644 deinceps
505 5575 826 5646 appellatos,
858 5578 936 5631 uti
963 5577 1337 5646 triumphales,
1367 5578 1462 5648 qui
1487 5578 1782 5648 aliquando

204 5667 662 5734 triumphassem.

283 5754 472 5813 Tertio
505 5755 731 5815 Herodis
765 5758 963 5814 obitum
989 5757 1198 5813 biennio
1228 5767 1350 5816 ante
1381 5758 1650 5817 Christum
1683 5777 1782 5816 na-

1889 4580 2092 4649 ligitur.

1959 4671 2157 4725 Eodem
2205 4685 2370 4738 anno,
2406 4680 2463 4726 ut
2493 4668 2762 4740 Iosephus
2790 4668 2894 4722 117
2928 4666 3137 4734 scribit,
3176 4666 3456 4735 Antipater

1887 4759 2210 4817 Phasaelum
2253 4761 2640 4833 Hierosolymis
2680 4760 2923 4830 praeﬁcit,
2958 4759 3156 4814 Herodi
3177 4758 3456 4814 Galilaeam

1887 4856 2194 4920 committit,
2212 4854 2317 4926 νέῳ
2343 4856 2520 4909 πάντα
2548 4855 2712 4906 πᾶσιν
2738 4851 2872 4906 ὅντιο
2909 4857 2970 4904 ιε’
3007 4849 3116 4920 γὰρ
3142 4848 3292 4920 αὐτῷ
3335 4849 3456 4916 irre-

1886 4943 2033 5012 γόνει
2082 4943 2216 5014 μόνα
2260 4944 2378 5014 ἐτη.
2431 4940 2772 4997 Manifestum
2823 4940 2878 4994 in
2934 4953 3164 4994 numero
3197 4937 3454 4991 mendum

1885 5043 1966 5090 est
1987 5036 2011 5101 ;'
2030 5035 2174 5104 quod
2196 5035 2424 5090 eruditis
2451 5035 2582 5089 viris
2603 5033 2875 5098 suboluit;
2903 5041 2959 5085 et
2980 5035 3058 5084 κε’
3088 5045 3185 5100 pro
3222 5029 3282 5083 ts'
3312 5030 3452 5085 scri-

1885 5125 2143 5179 bendum.
2169 5125 2330 5179 Certe
2361 5139 2485 5180 cum
2515 5133 2641 5178 ante
2685 5137 2888 5178 annum
2934 5119 3099 5175 Urbis
3135 5118 3232 5174 691
3267 5128 3454 5174 natum

1884 5225 2097 5272 constet
2124 5214 2412 5277 Herodem,
2437 5229 2582 5270 anno
2624 5215 2718 5269 illo
2753 5213 2855 5268 707
2884 5213 3153 5269 decimum
3203 5221 3452 5267 octavum
3545 5245 3553 5264 ι

1888 5306 2078 5362 saltem
2103 5306 2374 5376 attigerat.
2405 5305 2475 5359 At
2501 5319 2630 5360 vero
2673 5318 2795 5374 quae
2847 5312 2959 5358 toto
3008 5303 3101 5358 illo
3138 5315 3250 5355 xvtt
3282 5299 3456 5367 capite

1888 5398 1956 5452 ab
1988 5397 2197 5452 Herode
2237 5407 2386 5466 gesta
2427 5404 2816 5458 memorantur,
2863 5409 2970 5449 non
3013 5407 3240 5464 puerum
3288 5389 3456 5444 Hero-

1885 5487 2031 5554 dem,
2056 5487 2149 5542 sed
2172 5487 2428 5555 juvenem
2449 5487 2726 5542 exhibent.
2756 5485 2942 5555 Neque
2967 5484 3189 5539 dubium
3218 5489 3302 5535 est
3323 5479 3450 5548 quin

1886 5594 1987 5633 vox
2009 5577 2130 5633 νέου
2147 5577 2353 5632 virilem
2377 5577 2538 5632 etiam
2561 5586 2796 5642 aetatem,
2817 5576 2986 5635 multo
3009 5572 3180 5642 magis
3196 5571 3452 5640 juventu-

1889 5679 1996 5725 tem
2025 5669 2310 5739 signiticet.
2345 5668 2462 5735 Qua
2491 5669 2700 5723 ratione
2731 5667 2925 5722 Saulus
2950 5665 3074 5720 Act.
3107 5677 3200 5727 vit,
3228 5660 3456 5726 57,νεα-

1886 5760 2004 5826 νίας
2032 5770 2278 5829 vocatur,
2301 5775 2408 5816 non
2440 5760 2584 5831 quod
2612 5757 2930 5817 vocabulum
2959 5755 3101 5812 istud
3133 5753 3458 5825 i'crocem_eo
