3958 6398
514 391 621 445 9‘25

511 522 722 561 ιιινιι.
752 504 888 560 Nam
914 505 1188 576 Josephus
1225 505 1323 561 lib.
1350 520 1508 572 xvut,
1533 519 1656 577 cap.
1690 507 1746 570 ὅ,
1776 504 2087 571 Quirinium

511 597 763 652 Archelai
791 598 1057 652 bonorum
1095 612 1324 654 censum
1363 597 1677 654 instituisse
1709 605 1917 660 narrat,
1947 610 2094 650 anno

515 705 701 742 ιιινιι
727 699 848 758 post
868 689 1090 744 Antonii
1120 689 1330 744 cladem
1362 689 1431 743 ad
1459 687 1698 742 Aetium.
1719 685 1797 740 Ex
1822 701 1888 740 eo
1911 685 2096 754 itaque

507 795 858 850 consequens
886 789 972 835 est
1003 796 1112 835 non
1147 781 1218 835 55
1237 779 1482 845 Juliano,
1510 780 1604 835 sed
1637 780 1730 842 51,
1763 779 2092 833 Archelaum

508 870 708 925 exsilio
734 869 1078 925 damnatum.
1113 869 1249 924 Nam
1279 869 1504 925 Actiaca
1530 885 1710 940 pugna
1731 869 1797 923 ad
1817 867 2092 924 lulianum

513 960 581 1014 l5
612 961 883 1030 pertinet;
913 961 1037 1017 ideo
1066 959 1290 1016 Juliano
1320 962 1383 1016 51
1419 962 1586 1032 erepit
1617 975 1827 1016 ιιινιι.

582 1075 761 1145 Atque
789 1076 905 1130 hanc
934 1089 1190 1145 perversa
1219 1075 1456 1132 Herodis
1489 1091 1762 1130 annorum
1798 1074 2094 1130 subductio

511 1169 684 1223 multo
708 1169 762 1223 in
795 1169 1036 1224 Eusebio
1073 1169 1391 1239 castiganda
1420 1169 1596 1240 magis
1629 1177 1735 1232 est,
1762 1183 1792 1223 a
1823 1185 1936 1238 quo
1961 1184 2090 1238 pro-

513 1260 654 1314 fecta
680 1262 919 1314 manavit
941 1261 994 1315 in
1022 1269 1267 1315 caeteros.
1295 1259 1395 1314 Hic
1419 1261 1566 1315 enim
1595 1259 1652 1314 in
1676 1259 1958 1314 Claronicis
1981 1259 2092 1329 pri-

512 1367 662 1405 mum
709 1367 914 1406 annum
964 1352 1198 1422 Augusti
1250 1353 1404 1422 ponit
1449 1367 1599 1418 eum,
1645 1353 1742 1422 qui
1789 1361 1914 1422 post
1961 1351 2091 1407 Julii

510 1443 746 1499 Caesaris
777 1458 965 1498 necem
997 1443 1248 1513 proxime
1279 1443 1552 1514 sequitur,
1579 1444 1787 1513 quique
1813 1442 1974 1498 Urbis
2007 1452 2093 1498 est

512 1535 636 1599 711,
684 1533 936 1589 Julianus
980 1534 1034 1599 ‘5,
1083 1534 1411 1604 olympiadis
1459 1534 1562 1589 184
1610 1535 1904 1590 secundus.
1949 1534 2090 1590 Tum

507 1628 842 1698 Antigonum
871 1636 1210 1696 postremum
1245 1643 1310 1682 ex
1345 1628 1688 1684 Asatnonaais
1719 1642 1902 1699 regem
1938 1644 2092 1684 mor-

510 1729 663 1774 tuum
694 1734 818 1774 esse
863 1719 1000 1773 dicit
1046 1734 1192 1774 anno
1241 1734 1272 1772 ν
1316 1719 1584 1790 Augusti,
1628 1720 1833 1792 olymp.
1868 1721 1974 1776 185
2001 1736 2092 1777 se-

509 1811 731 1876 cundo;
766 1819 824 1864 ut
853 1811 907 1865 in
932 1811 1258 1881 quibusdam
1289 1811 1696 1881 exemplaribus
1725 1812 1954 1882 reperiri
2003 1820 2088 1868 te-

506 1914 683 1961 statur
709 1904 1006 1968 Pontacus,
1042 1905 1208 1974 idque
1239 1905 1419 1977 ipsum
1457 1907 1509 1961 in
1545 1907 1785 1962 editione
1830 1922 1928 1962 sua
1959 1905 2090 1963 Sca-

507 1998 645 2068 liger
672 1998 957 2067 amplexus
984 2005 1088 2053 est.
1116 1995 1214 2053 Est
1245 1998 1337 2054 hic
1372 1997 1536 2056 Urbis
1580 1999 1704 2064 715,
1741 1998 1996 2055 Julianus
2032 2001 2084 2056 7.

505 2090 575 2144 At
598 2089 653 2143 in
690 2090 812 2144 aliis
839 2089 1123 2145 codicibus
1147 2090 1431 2146 confertur
1468 2092 1599 2147 idin
1622 2106 1828 2148 annum
1853 2094 2086 2164 Augusti

508 2195 594 2246 tv;
629 2180 683 2234 iu
727 2181 849 2235 aliis
896 2195 1048 2247 vero,
1100 2182 1168 2234 10
1200 2199 1214 2236 :
1251 2183 1397 2252 quod
1440 2191 1792 2252 postremum,
1824 2195 2086 2254 tanquam

505 2272 741 2329 Eusebio
763 2275 936 2344 magis
965 2284 1422 2341 consentaneum,
1446 2283 1671 2332 secutus
1687 2287 1770 2332 est
1786 2276 2083 2332 Pontacus.

503 2366 736 2436 Quippe,
751 2375 970 2421 mortuo
996 2367 1288 2439 Antigono,
1314 2367 1555 2425 Herodes
1574 2370 1798 2439 paciﬁce
1820 2369 2085 2438 regnavit,

501 2471 557 2514 et
587 2460 777 2514 eodem
809 2474 954 2512 anno
983 2473 1186 2513 novum
1208 2461 1359 2531 regni
1392 2461 1699 2531 auspicium
1725 2461 1932 2517 habuit.
1958 2461 2090 2517 Erat

503 2546 669 2604 Urbis
699 2563 880 2604 annus
925 2547 1050 2612 720,
1094 2547 1350 2605 Julianus
1378 2551 1477 2618 12;
1525 2553 1779 2622 quamvis
1822 2553 1987 2608 etiam
2031 2552 2086 2607 in

501 2640 745 2694 editione
784 2639 1014 2695 Pontaei
1057 2657 1179 2695 cum
1228 2642 1459 2712 Augusti
1503 2658 1560 2697 ιι
1594 2645 1806 2712 primus
1852 2643 2085 2700 Herodis

501 2733 683 2796 ineat;
712 2729 807 2800 qui
838 2739 923 2785 est
960 2730 1123 2786 Urbis
1153 2729 1278 2797 721,
1305 2729 1560 2787 Julianus
1591 2733 1677 2786 15.
1701 2731 1779 2786 Ει
1811 2734 1915 2788 hoc
1949 2741 2086 2788 tem-

501 2837 634 2892 pore
666 2837 856 2875 xxxv"
905 2821 1249 2893 regniannos
1279 2825 1492 2878 orditur
1518 2823 2083 2894 Eusebius;ejusdem

501 2929 632 2969 vero
669 2923 900 2968 mortem
936 2913 1182 2985 assignat
1227 2930 1375 2970 anno
1421 2915 1652 2986 Augusti
1700 2915 2081 2987 nvn,olymp.

501 3005 605 3060 194
629 3021 776 3060 armo
792 3013 1011 3076 quarto,
1031 3006 1101 3062 ab
1122 3006 1435 3063 Abrahamo
1456 3009 1620 3075 2021,
1641 3009 1844 3065 Christi
1867 3012 2081 3081 quinto.

497 3095 868 3162 Quamobrem
913 3096 1286 3152 ballucinatur
1323 3097 1591 3170 Scaliger,
1627 3099 1722 3170 qui
1764 3115 1909 3154 anno
1937 3099 2083 3155 2019

1661 386 1704 441 A
1713 382 2025 441 PPENDIX.
2048 379 2554 445 DISSERTATION
2565 389 2606 447 U
2617 389 2688 447 LI.

2117 503 2167 561 A
2194 519 2326 559 num
2380 506 2477 570 12,
2507 508 2592 563 vel
2641 507 2733 573 15,
2768 524 2799 564 a
2834 525 2945 581 quo
2983 511 3051 568 ad
3095 512 3196 582 l6,
3233 513 3326 586 qui
3358 513 3604 575 Actiacam
3648 523 3708 577 vi-

2196 595 2425 651 ctoriam
2453 599 2684 669 excepit,
2717 601 2844 656 anui
2867 613 2997 658 sunt
3030 614 3285 674 quatuor.

2269 685 2644 744 Concludatur
2673 704 2740 746 ex
2771 690 2994 762 Josephi
3025 704 3081 750 et
3105 694 3293 751 Dionis
3319 699 3563 754 sententia
3597 715 3711 759 mor-

2195 783 2357 831 tuum
2414 779 2688 836 Herodem
2742 782 2916 837 videri
2964 799 3112 840 anno
3138 785 3354 842 Juliano
3395 787 3480 844 42.
3524 789 3712 857 Quodsi

2193 881 2388 923 verum
2445 880 2570 936 est,
2632 871 2839 956 Natalis
2894 873 3098 931 Christi
3164 877 3222 933 in
3275 894 3470 935 annum
3516 881 3570 935 11
3617 899 3710 938 eum

2193 963 2448 1034 Dekcrio,
2473 968 2556 1021 vel
2581 969 2651 1022 40
2679 985 2804 1024 cum
2839 969 3071 1041 Keplero
3100 972 3458 1032 eonferendus
3481 977 3590 1042 erit,
3611 994 3710 1044 nou,

2197 1068 2258 1115 ut
2281 1061 2461 1132 vulgo,
2487 1061 2541 1115 in
2559 1063 2648 1117 45.
2669 1062 2745 1118 De
2765 1080 2877 1134 quo
2893 1066 3153 1122 attentius
3180 1067 3517 1139 cogitandum
3538 1084 3708 1132 censeo.

2196 1166 2301 1207 nec
2325 1151 2474 1208 illius
2501 1154 2783 1224 opinionis
2830 1155 3075 1214 [autores
3105 1161 3460 1227 accusandos,
3493 1161 3710 1217 damnan-

2192 1241 2404 1312 dosque
2415 1252 2596 1312 antea,
2615 1260 2780 1315 quam
2797 1261 2985 1302 eorum
2999 1248 3338 1320 disceptatis,
3357 1266 3419 1306 ac
3433 1250 3712 1307 lahefactat‘u

2193 1335 2502 1392 rationibus
2521 1339 2830 1394 communis
2846 1338 3090 1411 Dionysii
3116 1356 3226 1396 aera
3245 1343 3442 1397 certius
3465 1353 3708 1399 astruatur:

2192 1425 2341 1495 quod
2383 1442 2416 1482 a
2461 1429 2680 1485 nemine
2725 1431 2795 1486 ad
2846 1432 2991 1488 hanc
3036 1448 3210 1504 usque
3258 1435 3399 1490 diem
3437 1436 3578 1491 video
3622 1452 3711 1492 esse

2193 1519 2421 1587 factum,
2457 1538 2561 1578 nec
2591 1538 2622 1577 a
2653 1540 2740 1580 me
2773 1527 3018 1593 praestari
3047 1543 3230 1599 posse,
3261 1531 3488 1600 ingenue
3505 1531 3711 1586 acliben-

2193 1623 2276 1668 ter
2310 1615 2445 1682 proli
2453 1622 2585 1670 teor.

2511 1705 2832 1774 Explicatur
2861 1709 3148 1780 Epiphanii
3168 1714 3447 1767 sententia.

2265 1791 2424 1851 Nunc
2478 1794 2769 1868 Epiphanii
2816 1802 3125 1870 sententia,
3191 1803 3352 1872 cujus
3411 1801 3716 1870 intelligenda:

2194 1886 2368 1955 gratia
2399 1887 2515 1942 ha~c
2545 1890 2775 1945 a‘nobis
2821 1901 2907 1948 est
2955 1893 3206 1949 instituta
3249 1893 3556 1964 disputatio,
3592 1907 3717 1962 expo-

2196 1979 2379 2034 nenda
2429 1980 2665 2035 videtur.
2709 1980 2861 2038 Hanc
2889 1985 3034 2039 enim
3085 1987 3419 2057 perobscure
3463 1987 3545 2040 ille
3594 2000 3716 2050 sane,

2191 2080 2357 2138 atque
2404 2071 2660 2139 impedite
2710 2073 2973 2130 declarat.
3006 2075 3217 2146 Quippe
3247 2093 3401 2132 num.
3445 2077 3514 2130 22
3537 2077 3718 2130 haeresis

2190 2159 2379 2231 hujus,
2423 2161 2704 2217 Christum
2731 2162 2935 2220 asserit
2963 2181 3107 2221 anno
3137 2167 3372 2237 Augusti
3417 2183 3519 2221 ιιιι
3567 2176 3716 2220 natum

2188 2267 2334 2317 esse,
2365 2250 2600 2308 Herodis
2629 2270 2788 2310 ιιιιι.
2823 2255 2991 2325 igitur
3030 2273 3224 2312 novem
3273 2259 3436 2313 annis
3485 2259 3720 2328 Augustus

2189 2341 2457 2400 Herodem
2485 2347 2797 2402 antecessit.
2825 2348 2931 2404 Sed
2957 2350 3154 2404 mirum
3181 2367 3348 2420 quam
3375 2353 3488 2406 haec
3513 2351 3721 2421 perplexe

2193 2436 2554 2493 demonstret.
2590 2437 2893 2508 lmperasse
2942 2450 3096 2510 putat
3133 2441 3444 2513 Augustum
3473 2442 3617 2496 anuis
3644 2454 3718 2493 ιιιι

2187 2539 2482 2599 antequam
2513 2529 2697 2586 Judaza
2731 2531 2947 2595 penitus
2973 2531 3041 2586 ad
3082 2530 3366 2589 Romanos
3407 2533 3720 2588 transiisset:

2190 2639 2256 2681 ac
2297 2629 2421 2690 post
2449 2621 2668 2675 initium
2703 2622 2935 2693 Augusti
2961 2631 3199 2693 quatuor
3233 2623 3359 2693 plus
3389 2624 3561 2678 minus
3595 2620 3722 2675 annis

2186 2713 2410 2783 elapsis,
2468 2713 2610 2769 inter
2657 2711 2876 2770 Judaios
2928 2730 2993 2770 ac
3044 2714 3328 2770 Romanos
3382 2715 3654 2770 amicitiam
3682 2719 3724 2766 et

2188 2804 2503 2858 societatem
2545 2804 2920 2861 intercessisse
2952 2824 2966 2860 :
3013 2815 3129 2862 tum
3187 2821 3320 2861 vero
3355 2816 3721 2877 procuratorem

2188 2897 2524 2966 impositum,
2547 2912 2611 2952 ac
2633 2898 2963 2953 tributorum
2997 2899 3250 2953 nonnihil
3282 2899 3566 2962 indictum,
3586 2897 3724 2952 donec

2186 2988 2240 3042 in
2264 2988 2566 3043 Romanam
2594 2989 2855 3046 ditionem
2882 2989 3068 3045 Judzea
3091 2991 3314 3062 penitus
3345 2993 3556 3049 redacta
3585 3005 3639 3046 ac
3660 3002 3726 3042 ve-

2187 3080 2400 3151 ctigalis
2451 3089 2535 3137 est
2582 3081 2726 3137 facta
2758 3099 2772 3135 :
2805 3069 2930 3136 cum
2962 3080 3075 3151 jam
3103 3083 3382 3154 principes
3412 3083 3490 3139 illi
3517 3083 3580 3138 de
3609 3080 3725 3135 tribu

501 3187 552 3240 id
594 3189 663 3240 ab
710 3183 948 3241 Eusebio
992 3187 1158 3242 tribui
1209 3197 1417 3256 censet,
1453 3197 1508 3245 et
1552 3189 2076 3246 metachronismum

2185 3171 2320 3229 Juda
2349 3175 2662 3242 desiissent,
2694 3183 2859 3245 atque
2891 3174 3132 3232 Herodes
3160 3177 3509 3249 peregrinus,
3553 3184 3604 3232 et
3622 3174 3722 3229 alie-

496 3295 619 3336 esse
639 3279 771 3336 dicit
801 3296 1071 3336 annorum
1095 3282 1278 3338 trium.
1300 3281 1503 3339 Verum
1528 3283 1576 3340 si
1605 3283 1693 3340 hic
1718 3299 1895 3340 annus
1913 3300 2079 3354 quar-

499 3382 587 3426 tus
628 3381 711 3426 est
755 3372 959 3443 olymp.
1011 3372 1137 3438 195,
1171 3373 1404 3444 Augusti
1461 3389 1630 3442 ιινιι,
1669 3390 1796 3430 cum
1836 3372 2080 3431 Herodes

496 3465 664 3534 paulo
700 3473 828 3520 ante
857 3464 1072 3520 Pascha
1107 3476 1362 3543 mortuus
1413 3468 1508 3532 sit,
1547 3478 1602 3524 et
1643 3468 1874 3543 Augusti
1929 3480 2074 3522 ιινιι

496 3571 643 3611 anno
676 3554 878 3611 Juliani
923 3557 992 3612 t9
1022 3556 1138 3627 jam
1181 3540 1399 3613 labente
1446 3557 1591 3628 apud
1623 3540 1921 3612 Eusebium
1967 3572 2081 3613 οω-

495 3651 655 3719 perit,
686 3665 909 3706 necesse
937 3656 1042 3717 est,
1080 3659 1142 3705 ut
1173 3666 1318 3706 anno
1347 3649 1548 3706 Juliani
1587 3649 1658 3705 50
1680 3649 1904 3704 ineunte
1951 3664 2079 3719 per.

495 3740 622 3796 icrit
655 3741 923 3807 Herodes;
959 3758 1086 3797 eum
1128 3759 1307 3798 annus
1346 3747 1580 3812 quartus
1614 3742 1719 3797 195
1753 3741 2080 3812 Olympiadis

494 3831 678 3885 adhuc
722 3832 1057 3892 decurreret,
1079 3833 1174 3901 qui
1226 3841 1280 3887 et
1316 3830 1556 3886 Eusebio
1601 3831 1899 3886 Abrahami
1936 3831 2074 3886 2021

497 3931 777 3976 censetur.
820 3921 982 3976 Certe
1020 3922 1242 3991 quidem
1298 3921 1443 3976 2020
1488 3923 1683 3977 saltem
1729 3937 1853 3977 esse
1896 3922 2076 3977 debet.

499 4013 657 4068 Lnde
692 4012 1193 4070 metaebronismus
1221 4015 1328 4069 erit
1356 4030 1421 4068 ex
1451 4013 1825 4086 Scaligeriana
1864 4014 2080 4069 ratione

496 4120 770 4160 annorum
825 4107 1129 4162 solidorum
1183 4108 1449 4179 quinque,
1507 4124 1617 4163 non
1662 4117 1844 4164 autem
1886 4109 2074 4164 trium.

495 4196 632 4252 Nam
659 4197 876 4253 Juliano
905 4199 976 4254 45
1002 4209 1274 4255 mortuum
1301 4194 1474 4256 credit
1502 4199 1793 4258 Herodem.

566 4307 687 4364 Jam
710 4323 835 4364 cum
869 4307 1010 4363 idem
1037 4306 1280 4379 Scaliger
1303 4309 1344 4366 l.
1375 4324 1410 4364 ν
1443 4308 1519 4364 De
1549 4310 1753 4366 emend.
1781 4306 2079 4382 Josephum

492 4416 710 4456 errasse
745 4401 1096 4471 pronuntiat;
1145 4402 1292 4472 quod
1343 4418 1521 4458 annos
1553 4399 1785 4460 Herodis
1830 4420 2017 4458 xxxvn
2048 4419 2079 4459 a

500 4492 722 4546 Domitii
777 4501 832 4548 et
864 4493 1041 4548 Asinii
1073 4494 1362 4548 consulatu
1394 4495 1634 4559 deducit,
1659 4497 1866 4551 erroris
1895 4495 2080 4565 potius

499 4585 616 4652 ipse
634 4583 999 4640 convincitur.
1036 4584 1173 4640 Nam
1209 4585 1501 4657 Josephus,
1538 4597 1680 4643 utex
1705 4589 2082 4658 superioribus

500 4676 690 4745 liquet,
727 4691 916 4731 secum
960 4676 1190 4732 miriﬁce
1232 4678 1508 4733 consentit
1547 4697 1562 4736 :
1606 4689 1660 4734 et
1706 4678 2080 4735 Eusebianum

500 4768 652 4822 illum
689 4769 1217 4824 metachronismum
1245 4771 1547 4840 redarguit,
1573 4787 1698 4826 cum
1726 4773 2081 4842 perspicuum

499 4859 570 4912 sit
592 4857 862 4915 Herodem
912 4861 1073 4931 longe
1114 4869 1242 4916 ante
1284 4861 1560 4917 Julianum
1597 4863 1667 4917 50
1703 4865 1990 4921 occidisse.
2024 4867 2082 4922 ln

500 4950 794 5004 Annalibus
822 4968 933 5008 non
959 4953 1051 5017 50,
1075 4962 1135 5007 ut
1161 4951 1304 5023 apud
1349 4953 1674 5022 Eusebium,
1708 4957 1803 5012 sed
1826 4957 1888 5013 5|
1937 4974 2085 5014 anno

499 5040 720 5098 Juliano
746 5042 978 5100 Herodis
1000 5047 1184 5102 obitus
1214 5050 1458 5117 ponitur,
1491 5064 1614 5104 atra:
1641 5051 1953 5108 communis
1983 5067 2079 5109 oc-

503 5143 652 5199 tavo,
677 5135 771 5204 qui
798 5146 986 5192 sextus
1015 5142 1292 5195 numerari
1323 5141 1532 5196 debuit.

571 5247 652 5303 Ex
693 5248 761 5304 iis
785 5258 1045 5319 praeterea
1067 5254 1264 5324 conjici
1287 5265 1487 5324 potest,
1511 5256 1642 5327 quid
1675 5245 1748 5314 sit
1777 5259 1923 5328 quod
1957 5259 2085 5330 Epi-

501 5340 740 5412 phanius
769 5340 824 5395 in
858 5340 1095 5396 obscura
1134 5342 1225 5398 illa
1271 5343 1503 5403 Herodis
1532 5363 1803 5404 annorum
1835 5351 2084 5406 declara-

502 5436 668 5499 tionc,
696 5440 819 5502 post
841 5447 894 5487 tv
923 5433 1073 5503 regni
1101 5433 1222 5502 ejus
1269 5451 1468 5504 annos,
1512 5437 1754 5495 Judaeam
1785 5441 1840 5496 in
1881 5439 2084 5497 Roma-

503 5537 698 5576 norum
728 5522 996 5578 ditionem
1030 5523 1248 5593 penitus
1303 5527 1539 5582 cessisse
1562 5528 1728 5594 dicat,
1754 5542 2083 5602 secutosque

507 5627 630 5666 ιιιι
668 5627 869 5677 annos,
901 5614 1038 5668 adeo
1083 5623 1144 5670 ut
1190 5631 1360 5670 xxxut
1411 5617 1629 5673 demum
1667 5619 1899 5676 Herodis
1931 5638 2080 5677 anno

501 5700 756 5759 Christus
784 5715 946 5760 natus
972 5705 1063 5761 sit.
1095 5706 1272 5762 Causa
1311 5708 1457 5763 enim
1489 5711 1605 5766 lucc
1633 5723 1739 5780 est,
1769 5715 1916 5784 quod
1951 5731 2080 5773 cum

511 5794 745 5853 Eusebio
802 5796 1035 5857 Herodis
1083 5801 1298 5858 initium
1331 5803 1558 5876 conjicit
1597 5806 1870 5866 iuaunum
1905 5809 2079 5869 Julia-

2186 3266 2384 3336 nigena
2413 3281 2642 3338 regnum
2677 3267 3187 3336 occupasset.-Quae
3212 3270 3406 3324 omnia
3437 3267 3610 3340 (paulo
3629 3272 3726 3336 post

2185 3357 2384 3430 inquit)
2432 3359 2673 3428 perfecta
2702 3370 2852 3428 sunt,
2884 3377 3008 3416 cum
3046 3365 3116 3418 ab
3139 3372 3266 3418 ortu
3317 3364 3522 3419 Christi
3566 3359 3722 3429 coepis-

2184 3452 2330 3514 sent,
2353 3463 2504 3504 anno
2525 3450 2757 3522 Augusti
2799 3467 2930 3515 ιιιι,
2959 3453 3052 3523 qui
3079 3462 3134 3508 et
3162 3467 3346 3509 nonus
3365 3461 3486 3508 erat
3512 3467 3540 3506 a
3564 3461 3724 3520 procu-

2185 3539 2400 3593 ratione
2419 3537 2714 3610 Antipatri,
2732 3556 2854 3596 cum
2879 3541 3098 3599 Judaeos
3124 3543 3266 3598 inter
3285 3553 3342 3598 et
3364 3543 3624 3596 Romanos
3644 3552 3724 3607 pax

2183 3638 2238 3685 et
2265 3628 2499 3686 societas
2530 3638 2696 3696 esset,
2730 3647 2794 3687 ac
2817 3633 2930 3702 jam
2976 3642 3233 3703 quartum
3259 3646 3472 3687 annum
3515 3634 3726 3698 regnaret

2184 3718 2448 3775 Herodes.
2483 3719 2770 3777 Postremo
2791 3733 2909 3793 post
2946 3731 3187 3794 quatuor
3210 3722 3450 3778 Herodis
3477 3735 3651 3782 annos,
3685 3726 3726 3771 et

2187 3811 2429 3882 quinque
2476 3814 2896 3882 procurationes
2940 3815 3238 3884 Antipatri,
3295 3814 3518 3869 demum
3572 3809 3724 3865 Judaei

2185 3903 2405 3972 penitus
2434 3901 2695 3959 Romanis
2725 3911 2811 3959 est
2836 3903 3099 3974 subjecta,
3142 3919 3324 3974 usque
3350 3905 3420 3960 ad
3445 3918 3605 3958 ιιιιιι
3646 3899 3726 3954 ﬂe-

2187 3993 2338 4048 rodis
2373 4009 2599 4060 annum,
2637 3995 2732 4066 qui
2754 4005 2840 4051 est
2867 3996 3098 4068 Augusti
3124 4011 3254 4065 ιιιι,
3289 4011 3419 4053 cum
3453 4010 3577 4050 ιιιι
3599 3989 3724 4047 annis

2184 4085 2463 4155 vectigalis
2489 4085 2714 4141 omnino
2746 4085 2957 4143 fuisset.

2258 4173 2372 4231 Hac
2396 4173 2687 4246 Epiphanii
2714 4176 2961 4233 oratione
2987 4177 3197 4233 nullum
3228 4175 3495 4250 Sphingis
3535 4175 3726 4244 aenigma

2185 4269 2501 4340 perplexius
2530 4284 2653 4326 esse
2681 4279 2836 4339 puto.
2871 4268 2976 4325 Sed
3003 4271 3106 4326 hoc
3146 4279 3331 4326 tamen
3363 4271 3591 4325 voluisse
3612 4266 3728 4320 vide-

2187 4369 2276 4414 tur
2307 4378 2322 4415 :
2355 4359 2664 4431 Augustum
2692 4361 2870 4430 primo
2898 4377 2996 4416 xm
3027 4362 3184 4416 annis
3210 4361 3531 4430 imperasse,
3563 4355 3726 4428 quibus

2189 4451 2433 4505 nondum
2456 4449 2643 4506 Judaaa
2669 4467 2896 4520 prorsus
2920 4451 3296 4506 Romanorum
3326 4452 3556 4523 imperio
3576 4459 3727 4503 cesse-

2112 4563 2159 4618 ι)
2188 4553 2274 4597 rat
2308 4561 2321 4597 :
2355 4557 2420 4597 ac
2442 4551 2566 4612 post
2594 4551 2833 4612 quatuor
2863 4544 3075 4615 priores
3105 4558 3281 4600 annos
3305 4543 3557 4615 Augusti,
3603 4536 3729 4593 Anti-

2185 4645 2400 4704 patrum
2431 4634 2810 4704 quiuquennio
2837 4643 3243 4703 procuratorem
3265 4635 3473 4702 fuisse;
3499 4629 3726 4687 Herodem

2187 4728 2404 4793 deinde,
2455 4737 2742 4797 postquam
2797 4729 2867 4782 ab
2919 4729 3166 4798 Augusto
3221 4744 3453 4799 regnum
3506 4723 3721 4784 obtinuit,

2187 4830 2423 4889 quatuor
2446 4832 2621 4872 annos
2652 4817 2914 4874 tenuisse.
2941 4818 3023 4873 ita
3048 4818 3187 4872 ﬁunt
3221 4821 3288 4872 ab
3343 4818 3571 4889 Augusti
3603 4813 3728 4869 initio

2187 4911 2316 4963 anni
2368 4925 2467 4964 ιιιι
2501 4925 2515 4963 :
2550 4907 2744 4978 reliqui
2793 4917 2923 4964 sunt
2953 4925 3104 4974 ιιιι,
3150 4909 3353 4979 quibus
3410 4907 3630 4962 Romani
3651 4901 3726 4956 Ju-

2187 5005 2358 5059 dicam
2407 5005 2626 5074 penitus
2664 5013 3025 5074 occuparunt.
3051 5019 3224 5074 usque
3253 5005 3319 5058 ad
3349 5003 3580 5074 Augusti
3619 5011 3724 5055 ιιιι.

2189 5094 2419 5150 Herodis
2457 5111 2651 5158 ιιιιιι,
2705 5110 2815 5165 quo
2852 5104 3016 5151 natus
3053 5106 3138 5151 est
3180 5095 3469 5150 Dominus.
3522 5093 3644 5148 Nam
3672 5087 3722 5141 ad

2189 5203 2286 5242 ιιιι
2334 5188 2504 5243 additi
2555 5203 2689 5243 xxix
2722 5186 3022 5243 coniiciunt
3051 5202 3163 5241 xui
3193 5203 3206 5238 :
3241 5187 3543 5256 itidemque
3586 5184 3627 5240 si
3675 5176 3724 5233 ad

2191 5289 2430 5350 quatuor
2473 5278 2643 5334 addas
2677 5277 2966 5336 nuntient
3008 5293 3202 5334 ιιιιιι.
3251 5275 3364 5332 Hos
3405 5285 3582 5331 autem
3621 5281 3725 5325 xm

2187 5385 2363 5425 annos
2390 5369 2460 5424 ab
2475 5383 2543 5423 eo
2567 5367 2806 5431 deducit,
2823 5368 2916 5433 qui
2937 5369 3213 5424 Actiacam
3233 5369 3521 5423 victoriam
3542 5372 3727 5420 secutus

2183 5473 2287 5526 est,
2314 5461 2537 5518 Juliano
2567 5462 2774 5517 scilicet
2797 5460 2887 5526 16,
2920 5476 2952 5516 a
2980 5477 3090 5531 quo
3116 5461 3411 5516 vicesimus
3441 5473 3630 5521 nouus,
3659 5467 3725 5510 est

2183 5553 2436 5609 Julianus
2463 5554 2554 5619 «14,
2589 5568 2700 5622 quo
2750 5564 2913 5609 natus
2941 5552 3012 5606 ah
3041 5552 3344 5622 Epiphanio
3375 5552 3622 5608 Christus
3649 5563 3724 5618 po-

2185 5649 2353 5711 nitur,
2386 5646 2630 5716 Augusto
2663 5660 2760 5699 ιιιι
2795 5652 2852 5700 et
2907 5643 3095 5700 Silano
3121 5659 3263 5699 coss.
3281 5641 3361 5697 Ita
3395 5643 3603 5714 quidem
3626 5639 3724 5706 Epic

2185 5737 2422 5808 phauius
2453 5737 2692 5791 miscens
2723 5735 2930 5800 omnia,
2978 5748 3078 5790 nec
3104 5734 3343 5790 historia:
3373 5735 3509 5790 satis
3533 5731 3721 5789 consul-

2185 5841 2292 5890 tus.
2323 5830 2419 5889 Est
2460 5829 2605 5886 enim
2637 5829 2836 5886 falsum
2866 5829 2920 5884 in
2951 5826 3527 5901 primis,Antipatrum
3553 5837 3719 5898 procu-
