  <div class='ocr_page' id='page_1' title='image "/cluster/home/n/w/nwhite01/storage/ocr_20150623/42:no.2/coo.31924054869403/468.png"; bbox 0 0 3958 6398; ppageno 0'>
   <div class='ocr_carea' id='block_1_1' title="bbox 113 388 208 446">
    <p class='ocr_par' dir='ltr' id='par_1_1' title="bbox 113 388 208 446">
     <span class='ocr_line' id='line_1_1' title="bbox 113 388 208 446; baseline -0.021 -1"><span class='ocrx_word' id='word_1_1' title='bbox 113 388 208 446; x_wconf 74' lang='lat'><strong>9‘25</strong></span> 
     </span>
    </p>
   </div>
   <div class='ocr_carea' id='block_1_2' title="bbox 1252 388 2196 455">
    <p class='ocr_par' dir='ltr' id='par_1_2' title="bbox 1252 388 2196 455">
     <span class='ocr_line' id='line_1_2' title="bbox 1252 388 2196 455; baseline 0.011 -10"><span class='ocrx_word' id='word_1_2' title='bbox 1252 388 1344 446; x_wconf 81' lang='lat' dir='ltr'><strong>DE</strong></span> <span class='ocrx_word' id='word_1_3' title='bbox 1383 390 1574 449; x_wconf 74' lang='lat' dir='ltr'><strong>ANNO</strong></span> <span class='ocrx_word' id='word_1_4' title='bbox 1605 390 1865 450; x_wconf 78' lang='lat' dir='ltr'><strong>NATALI</strong></span> <span class='ocrx_word' id='word_1_5' title='bbox 1894 394 2196 455; x_wconf 73' lang='lat' dir='ltr'><strong>CHRISTI.</strong></span> 
     </span>
    </p>
   </div>
   <div class='ocr_carea' id='block_1_3' title="bbox 3246 396 3354 454">
    <p class='ocr_par' dir='ltr' id='par_1_3' title="bbox 3246 396 3354 454">
     <span class='ocr_line' id='line_1_3' title="bbox 3246 396 3354 454; baseline -0.019 0"><span class='ocrx_word' id='word_1_6' title='bbox 3246 396 3354 454; x_wconf 71' lang='lat'><strong>926</strong></span> 
     </span>
    </p>
   </div>
   <div class='ocr_carea' id='block_1_4' title="bbox 110 499 3350 581">
    <p class='ocr_par' dir='ltr' id='par_1_4' title="bbox 110 499 3350 581">
     <span class='ocr_line' id='line_1_4' title="bbox 110 499 3350 581; baseline 0.002 -21"><span class='ocrx_word' id='word_1_7' title='bbox 110 515 329 561; x_wconf 84' lang='lat' dir='ltr'><strong>ratorem</strong></span> <span class='ocrx_word' id='word_1_8' title='bbox 361 499 429 555; x_wconf 88' lang='lat' dir='ltr'><strong>ab</strong></span> <span class='ocrx_word' id='word_1_9' title='bbox 458 499 703 571; x_wconf 83' lang='lat' dir='ltr'><strong>Augusto</strong></span> <span class='ocrx_word' id='word_1_10' title='bbox 753 515 892 561; x_wconf 73' lang='lat' dir='ltr'><strong>esse,</strong></span> <span class='ocrx_word' id='word_1_11' title='bbox 924 499 1130 557; x_wconf 76' lang='lat' dir='ltr'><strong>factum</strong></span> <span class='ocrx_word' id='word_1_12' title='bbox 1150 543 1169 571; x_wconf 91' lang='lat'><strong>,</strong></span> <span class='ocrx_word' id='word_1_13' title='bbox 1218 503 1465 575; x_wconf 83' lang='lat' dir='ltr'><strong>adeoque</strong></span> <span class='ocrx_word' id='word_1_14' title='bbox 1488 543 1504 570; x_wconf 88' lang='lat'><strong>,</strong></span> <span class='ocrx_word' id='word_1_15' title='bbox 1549 514 1673 576; x_wconf 85' lang='lat' dir='ltr'><strong>post</strong></span> <span class='ocrx_word' id='word_1_16' title='bbox 1696 508 1747 566; x_wconf 76' lang='grc' dir='ltr'><strong>Α</strong></span> <span class='ocrx_word' id='word_1_17' title='bbox 1773 507 2014 574; x_wconf 88' lang='lat' dir='ltr'><strong>decreta,</strong></span> <span class='ocrx_word' id='word_1_18' title='bbox 2045 526 2168 580; x_wconf 70' lang='lat' dir='ltr'><strong>qua</strong></span> <span class='ocrx_word' id='word_1_19' title='bbox 2198 525 2266 567; x_wconf 92' lang='lat' dir='ltr'><strong>eo</strong></span> <span class='ocrx_word' id='word_1_20' title='bbox 2291 510 2416 567; x_wconf 90' lang='lat' dir='ltr'><strong>loco</strong></span> <span class='ocrx_word' id='word_1_21' title='bbox 2437 519 2953 569; x_wconf 74' lang='lat' dir='ltr'><strong>commemorantur.</strong></span> <span class='ocrx_word' id='word_1_22' title='bbox 2985 508 3350 581; x_wconf 81' lang='lat' dir='ltr'><strong>Posteaquam</strong></span> 
     </span>
    </p>
   </div>
   <div class='ocr_carea' id='block_1_5' title="bbox 111 588 1666 665">
    <p class='ocr_par' dir='ltr' id='par_1_5' title="bbox 111 588 1666 665">
     <span class='ocr_line' id='line_1_5' title="bbox 111 588 1666 665; baseline 0.005 -20"><span class='ocrx_word' id='word_1_23' title='bbox 111 600 333 662; x_wconf 81' lang='lat' dir='ltr'><strong>quatuor</strong></span> <span class='ocrx_word' id='word_1_24' title='bbox 361 588 573 659; x_wconf 90' lang='lat' dir='ltr'><strong>imperii</strong></span> <span class='ocrx_word' id='word_1_25' title='bbox 604 589 777 660; x_wconf 81' lang='lat' dir='ltr'><strong>ipsius</strong></span> <span class='ocrx_word' id='word_1_26' title='bbox 806 605 1004 653; x_wconf 81' lang='lat' dir='ltr'><strong>annos.</strong></span> <span class='ocrx_word' id='word_1_27' title='bbox 1034 600 1095 647; x_wconf 92' lang='lat' dir='ltr'><strong>ut</strong></span> <span class='ocrx_word' id='word_1_28' title='bbox 1134 607 1202 649; x_wconf 89' lang='lat' dir='ltr'><strong>ex</strong></span> <span class='ocrx_word' id='word_1_29' title='bbox 1254 594 1322 650; x_wconf 92' lang='lat' dir='ltr'><strong>iis</strong></span> <span class='ocrx_word' id='word_1_30' title='bbox 1346 603 1512 665; x_wconf 86' lang='lat' dir='ltr'><strong>patet,</strong></span> <span class='ocrx_word' id='word_1_31' title='bbox 1542 611 1666 665; x_wconf 64' lang='lat' dir='ltr'><strong>qum</strong></span> 
     </span>
    </p>
   </div>
   <div class='ocr_carea' id='block_1_6' title="bbox 110 677 1667 756">
    <p class='ocr_par' dir='ltr' id='par_1_6' title="bbox 110 677 1667 756">
     <span class='ocr_line' id='line_1_6' title="bbox 110 677 1667 756; baseline 0.002 -19"><span class='ocrx_word' id='word_1_32' title='bbox 110 695 260 750; x_wconf 82' lang='lat' dir='ltr'><strong>supra</strong></span> <span class='ocrx_word' id='word_1_33' title='bbox 295 694 327 736; x_wconf 92' lang='lat' dir='ltr'><strong>e</strong></span> <span class='ocrx_word' id='word_1_34' title='bbox 380 677 620 749; x_wconf 86' lang='lat' dir='ltr'><strong>Josepho</strong></span> <span class='ocrx_word' id='word_1_35' title='bbox 675 682 1123 751; x_wconf 72' lang='lat' dir='ltr'><strong>perstrinximus.</strong></span> <span class='ocrx_word' id='word_1_36' title='bbox 1184 682 1322 739; x_wconf 84' lang='lat' dir='ltr'><strong>Nam</strong></span> <span class='ocrx_word' id='word_1_37' title='bbox 1379 685 1667 756; x_wconf 85' lang='lat' dir='ltr'><strong>Antipater</strong></span> 
     </span>
    </p>
   </div>
   <div class='ocr_carea' id='block_1_7' title="bbox 107 769 1665 847">
    <p class='ocr_par' dir='ltr' id='par_1_7' title="bbox 107 769 1665 847">
     <span class='ocr_line' id='line_1_7' title="bbox 107 769 1665 847; baseline 0.004 -21"><span class='ocrx_word' id='word_1_38' title='bbox 107 771 318 827; x_wconf 82' lang='lat' dir='ltr'><strong>Herodis</strong></span> <span class='ocrx_word' id='word_1_39' title='bbox 358 785 559 841; x_wconf 87' lang='lat' dir='ltr'><strong>parens</strong></span> <span class='ocrx_word' id='word_1_40' title='bbox 606 769 849 826; x_wconf 67' lang='lat' dir='ltr'><strong>Judream</strong></span> <span class='ocrx_word' id='word_1_41' title='bbox 883 772 1268 830; x_wconf 86' lang='lat' dir='ltr'><strong>administrare</strong></span> <span class='ocrx_word' id='word_1_42' title='bbox 1307 778 1474 847; x_wconf 68' lang='lat' dir='ltr'><strong>erepit</strong></span> <span class='ocrx_word' id='word_1_43' title='bbox 1518 790 1665 833; x_wconf 89' lang='lat' dir='ltr'><strong>anno</strong></span> 
     </span>
    </p>
   </div>
   <div class='ocr_carea' id='block_1_8' title="bbox 106 858 1661 936">
    <p class='ocr_par' dir='ltr' id='par_1_8' title="bbox 106 858 1661 936">
     <span class='ocr_line' id='line_1_8' title="bbox 106 858 1661 936; baseline 0.003 -21"><span class='ocrx_word' id='word_1_44' title='bbox 106 861 209 923; x_wconf 89' lang='lat' dir='ltr'><strong>illo,</strong></span> <span class='ocrx_word' id='word_1_45' title='bbox 235 875 340 928; x_wconf 92' lang='lat' dir='ltr'><strong>quo</strong></span> <span class='ocrx_word' id='word_1_46' title='bbox 366 858 541 915; x_wconf 79' lang='lat' dir='ltr'><strong>Julius</strong></span> <span class='ocrx_word' id='word_1_47' title='bbox 565 861 749 916; x_wconf 56' lang='lat' dir='ltr'><strong>Caesar</strong></span> <span class='ocrx_word' id='word_1_48' title='bbox 770 862 968 917; x_wconf 83' lang='lat' dir='ltr'><strong>bellant</strong></span> <span class='ocrx_word' id='word_1_49' title='bbox 998 863 1428 920; x_wconf 82' lang='lat' dir='ltr'><strong>Alexandrinum</strong></span> <span class='ocrx_word' id='word_1_50' title='bbox 1464 867 1661 936; x_wconf 79' lang='lat' dir='ltr'><strong>gessit,</strong></span> 
     </span>
    </p>
   </div>
   <div class='ocr_carea' id='block_1_9' title="bbox 109 951 1664 1024">
    <p class='ocr_par' dir='ltr' id='par_1_9' title="bbox 109 951 1664 1024">
     <span class='ocr_line' id='line_1_9' title="bbox 109 951 1664 1024; baseline 0.005 -17"><span class='ocrx_word' id='word_1_51' title='bbox 109 954 189 1024; x_wconf 81' lang='lat' dir='ltr'><strong>qui</strong></span> <span class='ocrx_word' id='word_1_52' title='bbox 209 961 289 1008; x_wconf 87' lang='lat' dir='ltr'><strong>est</strong></span> <span class='ocrx_word' id='word_1_53' title='bbox 313 951 471 1008; x_wconf 82' lang='lat' dir='ltr'><strong>Urbis</strong></span> <span class='ocrx_word' id='word_1_54' title='bbox 503 952 632 1006; x_wconf 89' lang='lat'><strong>707:</strong></span> <span class='ocrx_word' id='word_1_55' title='bbox 651 968 761 1023; x_wconf 91' lang='lat' dir='ltr'><strong>quo</strong></span> <span class='ocrx_word' id='word_1_56' title='bbox 788 955 977 1009; x_wconf 90' lang='lat' dir='ltr'><strong>eodem</strong></span> <span class='ocrx_word' id='word_1_57' title='bbox 1006 971 1149 1011; x_wconf 88' lang='lat' dir='ltr'><strong>anno</strong></span> <span class='ocrx_word' id='word_1_58' title='bbox 1167 956 1409 1015; x_wconf 87' lang='lat' dir='ltr'><strong>Herodes</strong></span> <span class='ocrx_word' id='word_1_59' title='bbox 1431 957 1664 1015; x_wconf 64' lang='lat' dir='ltr'><strong>Galilaete</strong></span> 
     </span>
    </p>
   </div>
   <div class='ocr_carea' id='block_1_10' title="bbox 106 1042 1661 1119">
    <p class='ocr_par' dir='ltr' id='par_1_10' title="bbox 106 1042 1661 1119">
     <span class='ocr_line' id='line_1_10' title="bbox 106 1042 1661 1119; baseline 0.005 -22"><span class='ocrx_word' id='word_1_60' title='bbox 106 1059 132 1097; x_wconf 86' lang='lat' dir='ltr'><strong>a</strong></span> <span class='ocrx_word' id='word_1_61' title='bbox 157 1052 299 1112; x_wconf 88' lang='lat' dir='ltr'><strong>patre</strong></span> <span class='ocrx_word' id='word_1_62' title='bbox 329 1042 650 1112; x_wconf 68' lang='lat' dir='ltr'><strong>praepositus</strong></span> <span class='ocrx_word' id='word_1_63' title='bbox 679 1052 784 1098; x_wconf 89' lang='lat' dir='ltr'><strong>est.</strong></span> <span class='ocrx_word' id='word_1_64' title='bbox 821 1043 1070 1101; x_wconf 75' lang='lat' dir='ltr'><strong>Mortuus</strong></span> <span class='ocrx_word' id='word_1_65' title='bbox 1096 1056 1182 1103; x_wconf 90' lang='lat' dir='ltr'><strong>est</strong></span> <span class='ocrx_word' id='word_1_66' title='bbox 1222 1060 1403 1103; x_wconf 86' lang='lat' dir='ltr'><strong>autem</strong></span> <span class='ocrx_word' id='word_1_67' title='bbox 1432 1047 1661 1119; x_wconf 82' lang='lat' dir='ltr'><strong>Antipa-</strong></span> 
     </span>
    </p>
   </div>
   <div class='ocr_carea' id='block_1_11' title="bbox 106 1131 1660 1209">
    <p class='ocr_par' dir='ltr' id='par_1_11' title="bbox 106 1131 1660 1209">
     <span class='ocr_line' id='line_1_11' title="bbox 106 1131 1660 1209; baseline 0.004 -20"><span class='ocrx_word' id='word_1_68' title='bbox 106 1142 179 1189; x_wconf 88' lang='lat' dir='ltr'><strong>ter</strong></span> <span class='ocrx_word' id='word_1_69' title='bbox 206 1148 341 1188; x_wconf 88' lang='lat' dir='ltr'><strong>anno</strong></span> <span class='ocrx_word' id='word_1_70' title='bbox 375 1131 533 1189; x_wconf 81' lang='lat' dir='ltr'><strong>Urbis</strong></span> <span class='ocrx_word' id='word_1_71' title='bbox 585 1133 709 1202; x_wconf 79' lang='grc'>712,</span> <span class='ocrx_word' id='word_1_72' title='bbox 767 1133 984 1190; x_wconf 88' lang='lat' dir='ltr'><strong>Juliano</strong></span> <span class='ocrx_word' id='word_1_73' title='bbox 1037 1144 1255 1207; x_wconf 89' lang='lat' dir='ltr'><strong>quarto.</strong></span> <span class='ocrx_word' id='word_1_74' title='bbox 1297 1139 1375 1193; x_wconf 85' lang='lat' dir='ltr'><strong>Ita</strong></span> <span class='ocrx_word' id='word_1_75' title='bbox 1415 1138 1660 1209; x_wconf 86' lang='lat' dir='ltr'><strong>quinque</strong></span> 
     </span>
    </p>
   </div>
   <div class='ocr_carea' id='block_1_12' title="bbox 104 1225 1661 1300">
    <p class='ocr_par' dir='ltr' id='par_1_12' title="bbox 104 1225 1661 1300">
     <span class='ocr_line' id='line_1_12' title="bbox 104 1225 1661 1300; baseline 0.004 -20"><span class='ocrx_word' id='word_1_76' title='bbox 104 1226 213 1295; x_wconf 83' lang='lat' dir='ltr'><strong>plus</strong></span> <span class='ocrx_word' id='word_1_77' title='bbox 240 1225 416 1281; x_wconf 90' lang='lat' dir='ltr'><strong>minus</strong></span> <span class='ocrx_word' id='word_1_78' title='bbox 445 1225 607 1280; x_wconf 89' lang='lat' dir='ltr'><strong>annis</strong></span> <span class='ocrx_word' id='word_1_79' title='bbox 622 1225 719 1298; x_wconf 83' lang='grc' dir='ltr'><strong>τὴν</strong></span> <span class='ocrx_word' id='word_1_80' title='bbox 745 1228 1049 1300; x_wconf 79' lang='grc' dir='ltr'>ἐπιτροπήν</span> <span class='ocrx_word' id='word_1_81' title='bbox 1065 1228 1467 1285; x_wconf 79' lang='lat' dir='ltr'><strong>administravit</strong></span> <span class='ocrx_word' id='word_1_82' title='bbox 1487 1233 1661 1300; x_wconf 86' lang='lat' dir='ltr'><strong>;quod</strong></span> 
     </span>
    </p>
   </div>
   <div class='ocr_carea' id='block_1_13' title="bbox 103 1315 1659 1407">
    <p class='ocr_par' dir='ltr' id='par_1_13' title="bbox 103 1315 1659 1407">
     <span class='ocr_line' id='line_1_13' title="bbox 103 1315 1659 1407; baseline 0.004 -36"><span class='ocrx_word' id='word_1_83' title='bbox 103 1316 265 1372; x_wconf 80' lang='lat' dir='ltr'><strong>innuit</strong></span> <span class='ocrx_word' id='word_1_84' title='bbox 293 1315 648 1386; x_wconf 80' lang='lat' dir='ltr'><strong>Epiphanius.</strong></span> <span class='ocrx_word' id='word_1_85' title='bbox 671 1317 790 1407; x_wconf 53' lang='lat' dir='ltr'><strong>&#39;Sed</strong></span> <span class='ocrx_word' id='word_1_86' title='bbox 831 1319 973 1374; x_wconf 89' lang='lat' dir='ltr'><strong>idem</strong></span> <span class='ocrx_word' id='word_1_87' title='bbox 1027 1320 1414 1390; x_wconf 88' lang='lat' dir='ltr'><strong>hallucinalus,</strong></span> <span class='ocrx_word' id='word_1_88' title='bbox 1444 1324 1659 1392; x_wconf 84' lang='lat' dir='ltr'><strong>Opinor,</strong></span> 
     </span>
    </p>
   </div>
   <div class='ocr_carea' id='block_1_14' title="bbox 102 1407 1662 1483">
    <p class='ocr_par' dir='ltr' id='par_1_14' title="bbox 102 1407 1662 1483">
     <span class='ocr_line' id='line_1_14' title="bbox 102 1407 1662 1483; baseline 0.004 -21"><span class='ocrx_word' id='word_1_89' title='bbox 102 1424 192 1479; x_wconf 81' lang='lat' dir='ltr'><strong>pro</strong></span> <span class='ocrx_word' id='word_1_90' title='bbox 233 1407 376 1464; x_wconf 86' lang='lat' dir='ltr'><strong>Julio</strong></span> <span class='ocrx_word' id='word_1_91' title='bbox 416 1407 652 1477; x_wconf 66' lang='lat' dir='ltr'><strong>Caesare,</strong></span> <span class='ocrx_word' id='word_1_92' title='bbox 696 1411 1002 1482; x_wconf 84' lang='lat' dir='ltr'><strong>Augustum</strong></span> <span class='ocrx_word' id='word_1_93' title='bbox 1041 1412 1281 1482; x_wconf 87' lang='lat' dir='ltr'><strong>scripsit,</strong></span> <span class='ocrx_word' id='word_1_94' title='bbox 1335 1417 1480 1483; x_wconf 89' lang='lat' dir='ltr'><strong>quod</strong></span> <span class='ocrx_word' id='word_1_95' title='bbox 1518 1415 1662 1469; x_wconf 87' lang='lat' dir='ltr'><strong>hunc</strong></span> 
     </span>
    </p>
   </div>
   <div class='ocr_carea' id='block_1_15' title="bbox 103 1500 1662 1575">
    <p class='ocr_par' dir='ltr' id='par_1_15' title="bbox 103 1500 1662 1575">
     <span class='ocr_line' id='line_1_15' title="bbox 103 1500 1662 1575; baseline 0.005 -21"><span class='ocrx_word' id='word_1_96' title='bbox 103 1500 264 1569; x_wconf 88' lang='lat' dir='ltr'><strong>ipsum</strong></span> <span class='ocrx_word' id='word_1_97' title='bbox 296 1502 638 1557; x_wconf 82' lang='lat' dir='ltr'><strong>meminisset</strong></span> <span class='ocrx_word' id='word_1_98' title='bbox 685 1503 850 1557; x_wconf 86' lang='lat' dir='ltr'><strong>ctiam</strong></span> <span class='ocrx_word' id='word_1_99' title='bbox 879 1503 934 1557; x_wconf 91' lang='lat' dir='ltr'><strong>in</strong></span> <span class='ocrx_word' id='word_1_100' title='bbox 962 1501 1216 1575; x_wconf 64' lang='lat' dir='ltr'><strong>.lEgypto,</strong></span> <span class='ocrx_word' id='word_1_101' title='bbox 1244 1514 1298 1560; x_wconf 90' lang='lat' dir='ltr'><strong>et</strong></span> <span class='ocrx_word' id='word_1_102' title='bbox 1318 1505 1662 1562; x_wconf 77' lang='lat' dir='ltr'><strong>Alexandria:</strong></span> 
     </span>
    </p>
   </div>
   <div class='ocr_carea' id='block_1_16' title="bbox 100 1591 1657 1665">
    <p class='ocr_par' dir='ltr' id='par_1_16' title="bbox 100 1591 1657 1665">
     <span class='ocr_line' id='line_1_16' title="bbox 100 1591 1657 1665; baseline 0.003 -18"><span class='ocrx_word' id='word_1_103' title='bbox 100 1592 282 1647; x_wconf 85' lang='lat' dir='ltr'><strong>bellum</strong></span> <span class='ocrx_word' id='word_1_104' title='bbox 329 1592 584 1663; x_wconf 74' lang='lat' dir='ltr'><strong>gessisse.</strong></span> <span class='ocrx_word' id='word_1_105' title='bbox 635 1591 842 1648; x_wconf 86' lang='lat' dir='ltr'><strong>Deinde</strong></span> <span class='ocrx_word' id='word_1_106' title='bbox 892 1609 1067 1665; x_wconf 85' lang='lat' dir='ltr'><strong>neque</strong></span> <span class='ocrx_word' id='word_1_107' title='bbox 1120 1595 1251 1650; x_wconf 90' lang='lat' dir='ltr'><strong>illud</strong></span> <span class='ocrx_word' id='word_1_108' title='bbox 1288 1611 1478 1663; x_wconf 88' lang='lat' dir='ltr'><strong>verum</strong></span> <span class='ocrx_word' id='word_1_109' title='bbox 1525 1603 1657 1653; x_wconf 88' lang='lat' dir='ltr'><strong>est:</strong></span> 
     </span>
    </p>
   </div>
   <div class='ocr_carea' id='block_1_17' title="bbox 100 1678 1662 1752">
    <p class='ocr_par' dir='ltr' id='par_1_17' title="bbox 100 1678 1662 1752">
     <span class='ocr_line' id='line_1_17' title="bbox 100 1678 1662 1752; baseline 0.004 -18"><span class='ocrx_word' id='word_1_110' title='bbox 100 1678 320 1737; x_wconf 66' lang='lat' dir='ltr'><strong>ledaeam</strong></span> <span class='ocrx_word' id='word_1_111' title='bbox 341 1691 465 1752; x_wconf 90' lang='lat' dir='ltr'><strong>post</strong></span> <span class='ocrx_word' id='word_1_112' title='bbox 484 1682 764 1737; x_wconf 79' lang='lat' dir='ltr'><strong>Actiacam</strong></span> <span class='ocrx_word' id='word_1_113' title='bbox 793 1685 1012 1738; x_wconf 89' lang='lat' dir='ltr'><strong>demum</strong></span> <span class='ocrx_word' id='word_1_114' title='bbox 1036 1684 1319 1740; x_wconf 82' lang='lat' dir='ltr'><strong>victoriam</strong></span> <span class='ocrx_word' id='word_1_115' title='bbox 1354 1685 1424 1741; x_wconf 87' lang='lat' dir='ltr'><strong>ad</strong></span> <span class='ocrx_word' id='word_1_116' title='bbox 1458 1685 1662 1741; x_wconf 82' lang='lat' dir='ltr'><strong>Roma-</strong></span> 
     </span>
    </p>
   </div>
   <div class='ocr_carea' id='block_1_18' title="bbox 103 1772 1663 1847">
    <p class='ocr_par' dir='ltr' id='par_1_18' title="bbox 103 1772 1663 1847">
     <span class='ocr_line' id='line_1_18' title="bbox 103 1772 1663 1847; baseline 0.005 -22"><span class='ocrx_word' id='word_1_117' title='bbox 103 1786 191 1827; x_wconf 89' lang='lat' dir='ltr'><strong>nos</strong></span> <span class='ocrx_word' id='word_1_118' title='bbox 239 1772 581 1842; x_wconf 75' lang='lat' dir='ltr'><strong>pervenisse,</strong></span> <span class='ocrx_word' id='word_1_119' title='bbox 612 1782 666 1829; x_wconf 92' lang='lat' dir='ltr'><strong>et</strong></span> <span class='ocrx_word' id='word_1_120' title='bbox 694 1774 969 1847; x_wconf 77' lang='grc' dir='ltr'>ὑπύφορον</span> <span class='ocrx_word' id='word_1_121' title='bbox 1001 1774 1193 1842; x_wconf 81' lang='lat' dir='ltr'><strong>fuisse,</strong></span> <span class='ocrx_word' id='word_1_122' title='bbox 1232 1791 1357 1831; x_wconf 88' lang='lat' dir='ltr'><strong>cum</strong></span> <span class='ocrx_word' id='word_1_123' title='bbox 1397 1777 1663 1834; x_wconf 86' lang='lat' dir='ltr'><strong>hactenus</strong></span> 
     </span>
    </p>
   </div>
   <div class='ocr_carea' id='block_1_19' title="bbox 1767 597 3350 671">
    <p class='ocr_par' dir='ltr' id='par_1_19' title="bbox 1767 597 3350 671">
     <span class='ocr_line' id='line_1_19' title="bbox 1767 597 3350 671; baseline 0 -18"><span class='ocrx_word' id='word_1_124' title='bbox 1767 614 1897 654; x_wconf 89' lang='lat' dir='ltr'><strong>vero</strong></span> <span class='ocrx_word' id='word_1_125' title='bbox 1913 597 2228 655; x_wconf 71' lang='lat' dir='ltr'><strong>Judaeorum</strong></span> <span class='ocrx_word' id='word_1_126' title='bbox 2253 616 2481 671; x_wconf 80' lang='lat' dir='ltr'><strong>regnum</strong></span> <span class='ocrx_word' id='word_1_127' title='bbox 2504 603 2573 658; x_wconf 90' lang='lat' dir='ltr'><strong>ad</strong></span> <span class='ocrx_word' id='word_1_128' title='bbox 2604 601 2870 659; x_wconf 90' lang='lat' dir='ltr'><strong>Herodem</strong></span> <span class='ocrx_word' id='word_1_129' title='bbox 2899 601 3221 656; x_wconf 82' lang='lat' dir='ltr'><strong>translatum</strong></span> <span class='ocrx_word' id='word_1_130' title='bbox 3241 607 3350 665; x_wconf 85' lang='lat' dir='ltr'><strong>est,</strong></span> 
     </span>
    </p>
   </div>
   <div class='ocr_carea' id='block_1_20' title="bbox 1767 686 3350 760">
    <p class='ocr_par' dir='ltr' id='par_1_20' title="bbox 1767 686 3350 760">
     <span class='ocr_line' id='line_1_20' title="bbox 1767 686 3350 760; baseline -0.002 -16"><span class='ocrx_word' id='word_1_131' title='bbox 1767 704 1875 745; x_wconf 90' lang='lat' dir='ltr'><strong>non</strong></span> <span class='ocrx_word' id='word_1_132' title='bbox 1909 697 2053 760; x_wconf 72' lang='lat' dir='ltr'><strong>puto‘</strong></span> <span class='ocrx_word' id='word_1_133' title='bbox 2078 689 2359 750; x_wconf 82' lang='lat' dir='ltr'><strong>Romanos</strong></span> <span class='ocrx_word' id='word_1_134' title='bbox 2388 691 2651 746; x_wconf 89' lang='lat' dir='ltr'><strong>tributum</strong></span> <span class='ocrx_word' id='word_1_135' title='bbox 2679 691 2749 746; x_wconf 87' lang='lat' dir='ltr'><strong>ab</strong></span> <span class='ocrx_word' id='word_1_136' title='bbox 2775 690 2884 746; x_wconf 84' lang='lat' dir='ltr'><strong>illis</strong></span> <span class='ocrx_word' id='word_1_137' title='bbox 2911 688 3178 759; x_wconf 77' lang='lat' dir='ltr'><strong>exegisse,</strong></span> <span class='ocrx_word' id='word_1_138' title='bbox 3201 686 3350 758; x_wconf 87' lang='lat' dir='ltr'><strong>quod</strong></span> 
     </span>
    </p>
   </div>
   <div class='ocr_carea' id='block_1_21' title="bbox 1767 779 3351 851">
    <p class='ocr_par' dir='ltr' id='par_1_21' title="bbox 1767 779 3351 851">
     <span class='ocr_line' id='line_1_21' title="bbox 1767 779 3351 851; baseline -0.002 -16"><span class='ocrx_word' id='word_1_139' title='bbox 1767 780 1909 836; x_wconf 85' lang='lat' dir='ltr'><strong>idem</strong></span> <span class='ocrx_word' id='word_1_140' title='bbox 1955 792 2010 837; x_wconf 90' lang='lat' dir='ltr'><strong>et</strong></span> <span class='ocrx_word' id='word_1_141' title='bbox 2050 780 2282 851; x_wconf 79' lang='lat' dir='ltr'><strong>Keplero</strong></span> <span class='ocrx_word' id='word_1_142' title='bbox 2306 781 2541 845; x_wconf 87' lang='lat' dir='ltr'><strong>videtur,</strong></span> <span class='ocrx_word' id='word_1_143' title='bbox 2565 796 2691 836; x_wconf 92' lang='lat' dir='ltr'><strong>cum</strong></span> <span class='ocrx_word' id='word_1_144' title='bbox 2721 779 2907 835; x_wconf 68' lang='lat' dir='ltr'><strong>Judaea</strong></span> <span class='ocrx_word' id='word_1_145' title='bbox 2932 780 3179 834; x_wconf 86' lang='lat' dir='ltr'><strong>nondum</strong></span> <span class='ocrx_word' id='word_1_146' title='bbox 3204 784 3351 833; x_wconf 82' lang='lat' dir='ltr'><strong>esset</strong></span> 
     </span>
    </p>
   </div>
   <div class='ocr_carea' id='block_1_22' title="bbox 1766 866 3348 940">
    <p class='ocr_par' dir='ltr' id='par_1_22' title="bbox 1766 866 3348 940">
     <span class='ocr_line' id='line_1_22' title="bbox 1766 866 3348 940; baseline -0.002 -17"><span class='ocrx_word' id='word_1_147' title='bbox 1766 869 1821 924; x_wconf 91' lang='lat' dir='ltr'><strong>in</strong></span> <span class='ocrx_word' id='word_1_148' title='bbox 1859 869 2092 926; x_wconf 76' lang='lat' dir='ltr'><strong>formam</strong></span> <span class='ocrx_word' id='word_1_149' title='bbox 2152 870 2450 940; x_wconf 68' lang='lat' dir='ltr'><strong>provinciae</strong></span> <span class='ocrx_word' id='word_1_150' title='bbox 2480 872 2721 927; x_wconf 87' lang='lat' dir='ltr'><strong>redacta.</strong></span> <span class='ocrx_word' id='word_1_151' title='bbox 2770 868 2949 936; x_wconf 83' lang='lat' dir='ltr'><strong>Quare</strong></span> <span class='ocrx_word' id='word_1_152' title='bbox 2998 884 3099 925; x_wconf 88' lang='lat' dir='ltr'><strong>nec</strong></span> <span class='ocrx_word' id='word_1_153' title='bbox 3145 869 3201 923; x_wconf 91' lang='lat' dir='ltr'><strong>in</strong></span> <span class='ocrx_word' id='word_1_154' title='bbox 3255 866 3348 921; x_wconf 88' lang='lat' dir='ltr'><strong>illa</strong></span> 
     </span>
    </p>
   </div>
   <div class='ocr_carea' id='block_1_23' title="bbox 1764 960 3349 1031">
    <p class='ocr_par' dir='ltr' id='par_1_23' title="bbox 1764 960 3349 1031">
     <span class='ocr_line' id='line_1_23' title="bbox 1764 960 3349 1031; baseline -0.001 -17"><span class='ocrx_word' id='word_1_155' title='bbox 1764 960 1948 1031; x_wconf 88' lang='lat' dir='ltr'><strong>priore</strong></span> <span class='ocrx_word' id='word_1_156' title='bbox 1975 960 2187 1028; x_wconf 84' lang='lat' dir='ltr'><strong>Quirini</strong></span> <span class='ocrx_word' id='word_1_157' title='bbox 2213 962 2581 1031; x_wconf 86' lang='lat' dir='ltr'><strong>descriptione</strong></span> <span class='ocrx_word' id='word_1_158' title='bbox 2614 961 2877 1016; x_wconf 88' lang='lat' dir='ltr'><strong>tributum</strong></span> <span class='ocrx_word' id='word_1_159' title='bbox 2914 960 3083 1014; x_wconf 90' lang='lat' dir='ltr'><strong>ullum</strong></span> <span class='ocrx_word' id='word_1_160' title='bbox 3121 971 3349 1012; x_wconf 88' lang='lat' dir='ltr'><strong>necesse</strong></span> 
     </span>
    </p>
   </div>
   <div class='ocr_carea' id='block_1_24' title="bbox 1764 1047 3349 1125">
    <p class='ocr_par' dir='ltr' id='par_1_24' title="bbox 1764 1047 3349 1125">
     <span class='ocr_line' id='line_1_24' title="bbox 1764 1047 3349 1125; baseline -0.006 -15"><span class='ocrx_word' id='word_1_161' title='bbox 1764 1064 1849 1110; x_wconf 88' lang='lat' dir='ltr'><strong>est</strong></span> <span class='ocrx_word' id='word_1_162' title='bbox 1879 1055 2216 1125; x_wconf 86' lang='lat' dir='ltr'><strong>persolutum</strong></span> <span class='ocrx_word' id='word_1_163' title='bbox 2268 1055 2514 1110; x_wconf 87' lang='lat' dir='ltr'><strong>credere.</strong></span> <span class='ocrx_word' id='word_1_164' title='bbox 2545 1053 2667 1120; x_wconf 82' lang='lat' dir='ltr'><strong>Quo</strong></span> <span class='ocrx_word' id='word_1_165' title='bbox 2711 1052 2896 1107; x_wconf 89' lang='lat' dir='ltr'><strong>minus</strong></span> <span class='ocrx_word' id='word_1_166' title='bbox 2920 1050 3191 1106; x_wconf 89' lang='lat' dir='ltr'><strong>assentior</strong></span> <span class='ocrx_word' id='word_1_167' title='bbox 3220 1047 3349 1118; x_wconf 87' lang='lat' dir='ltr'><strong>Epi-</strong></span> 
     </span>
    </p>
   </div>
   <div class='ocr_carea' id='block_1_25' title="bbox 1765 1137 3350 1215">
    <p class='ocr_par' dir='ltr' id='par_1_25' title="bbox 1765 1137 3350 1215">
     <span class='ocr_line' id='line_1_25' title="bbox 1765 1137 3350 1215; baseline -0.004 -17"><span class='ocrx_word' id='word_1_168' title='bbox 1765 1144 1987 1215; x_wconf 86' lang='lat' dir='ltr'><strong>phanio,</strong></span> <span class='ocrx_word' id='word_1_169' title='bbox 2020 1145 2111 1214; x_wconf 84' lang='lat' dir='ltr'><strong>qui</strong></span> <span class='ocrx_word' id='word_1_170' title='bbox 2141 1153 2254 1199; x_wconf 90' lang='lat' dir='ltr'><strong>tum</strong></span> <span class='ocrx_word' id='word_1_171' title='bbox 2277 1145 2364 1200; x_wconf 90' lang='lat' dir='ltr'><strong>vel</strong></span> <span class='ocrx_word' id='word_1_172' title='bbox 2393 1144 2631 1199; x_wconf 80' lang='lat' dir='ltr'><strong>maxime</strong></span> <span class='ocrx_word' id='word_1_173' title='bbox 2660 1143 2861 1198; x_wconf 90' lang='lat' dir='ltr'><strong>tributa</strong></span> <span class='ocrx_word' id='word_1_174' title='bbox 2891 1157 2920 1196; x_wconf 90' lang='lat' dir='ltr'><strong>a</strong></span> <span class='ocrx_word' id='word_1_175' title='bbox 2956 1138 3219 1197; x_wconf 78' lang='lat' dir='ltr'><strong>Romanis</strong></span> <span class='ocrx_word' id='word_1_176' title='bbox 3246 1137 3350 1193; x_wconf 88' lang='lat' dir='ltr'><strong>im-</strong></span> 
     </span>
    </p>
   </div>
   <div class='ocr_carea' id='block_1_26' title="bbox 1763 1227 3351 1303">
    <p class='ocr_par' dir='ltr' id='par_1_26' title="bbox 1763 1227 3351 1303">
     <span class='ocr_line' id='line_1_26' title="bbox 1763 1227 3351 1303; baseline -0.004 -15"><span class='ocrx_word' id='word_1_177' title='bbox 1763 1242 1949 1303; x_wconf 88' lang='lat' dir='ltr'><strong>perata</strong></span> <span class='ocrx_word' id='word_1_178' title='bbox 1981 1234 2190 1297; x_wconf 86' lang='lat' dir='ltr'><strong>scribit,</strong></span> <span class='ocrx_word' id='word_1_179' title='bbox 2217 1243 2271 1289; x_wconf 90' lang='lat' dir='ltr'><strong>et</strong></span> <span class='ocrx_word' id='word_1_180' title='bbox 2295 1250 2423 1289; x_wconf 75' lang='lat' dir='ltr'><strong>xxix</strong></span> <span class='ocrx_word' id='word_1_181' title='bbox 2450 1233 2631 1295; x_wconf 86' lang='lat' dir='ltr'><strong>annis,</strong></span> <span class='ocrx_word' id='word_1_182' title='bbox 2654 1232 2749 1303; x_wconf 88' lang='lat' dir='ltr'><strong>qui</strong></span> <span class='ocrx_word' id='word_1_183' title='bbox 2778 1234 2847 1287; x_wconf 89' lang='lat' dir='ltr'><strong>ab</strong></span> <span class='ocrx_word' id='word_1_184' title='bbox 2863 1231 3085 1286; x_wconf 86' lang='lat' dir='ltr'><strong>Actiaca</strong></span> <span class='ocrx_word' id='word_1_185' title='bbox 3113 1228 3266 1284; x_wconf 89' lang='lat' dir='ltr'><strong>clade</strong></span> <span class='ocrx_word' id='word_1_186' title='bbox 3281 1227 3351 1283; x_wconf 90' lang='lat' dir='ltr'><strong>ad</strong></span> 
     </span>
    </p>
   </div>
   <div class='ocr_carea' id='block_1_27' title="bbox 1761 1318 3354 1399">
    <p class='ocr_par' dir='ltr' id='par_1_27' title="bbox 1761 1318 3354 1399">
     <span class='ocr_line' id='line_1_27' title="bbox 1761 1318 3354 1399; baseline -0.004 -15"><span class='ocrx_word' id='word_1_187' title='bbox 1761 1327 2005 1384; x_wconf 80' lang='lat' dir='ltr'><strong>Natalem</strong></span> <span class='ocrx_word' id='word_1_188' title='bbox 2033 1329 2244 1384; x_wconf 89' lang='lat' dir='ltr'><strong>Domini</strong></span> <span class='ocrx_word' id='word_1_189' title='bbox 2276 1330 2570 1397; x_wconf 80' lang='lat' dir='ltr'><strong>ﬂuxerunt,</strong></span> <span class='ocrx_word' id='word_1_190' title='bbox 2595 1327 2893 1399; x_wconf 81' lang='grc' dir='ltr'>ὑπόφορον,</span> <span class='ocrx_word' id='word_1_191' title='bbox 2919 1324 3140 1389; x_wconf 82' lang='grc' dir='ltr'><strong>τελείως</strong></span> <span class='ocrx_word' id='word_1_192' title='bbox 3168 1318 3354 1394; x_wconf 60' lang='grc' dir='ltr'>’παρα-</span> 
     </span>
    </p>
   </div>
   <div class='ocr_carea' id='block_1_28' title="bbox 1763 1412 3353 1490">
    <p class='ocr_par' dir='ltr' id='par_1_28' title="bbox 1763 1412 3353 1490">
     <span class='ocr_line' id='line_1_28' title="bbox 1763 1412 3353 1490; baseline -0.003 -19"><span class='ocrx_word' id='word_1_193' title='bbox 1763 1418 2010 1473; x_wconf 81' lang='grc' dir='ltr'><strong>δοθεῖσαν</strong></span> <span class='ocrx_word' id='word_1_194' title='bbox 2043 1418 2336 1490; x_wconf 82' lang='grc' dir='ltr'><strong>Ῥωμαίοις</strong></span> <span class='ocrx_word' id='word_1_195' title='bbox 2356 1418 2598 1475; x_wconf 70' lang='lat' dir='ltr'><strong>Judteam</strong></span> <span class='ocrx_word' id='word_1_196' title='bbox 2636 1418 2827 1474; x_wconf 84' lang='lat' dir='ltr'><strong>fuisse.</strong></span> <span class='ocrx_word' id='word_1_197' title='bbox 2843 1416 3008 1487; x_wconf 81' lang='lat' dir='ltr'><strong>Atqui</strong></span> <span class='ocrx_word' id='word_1_198' title='bbox 3042 1421 3167 1486; x_wconf 88' lang='lat' dir='ltr'><strong>post</strong></span> <span class='ocrx_word' id='word_1_199' title='bbox 3186 1412 3353 1468; x_wconf 71' lang='lat' dir='ltr'><strong>Potn—</strong></span> 
     </span>
    </p>
   </div>
   <div class='ocr_carea' id='block_1_29' title="bbox 1764 1507 3350 1581">
    <p class='ocr_par' dir='ltr' id='par_1_29' title="bbox 1764 1507 3350 1581">
     <span class='ocr_line' id='line_1_29' title="bbox 1764 1507 3350 1581; baseline -0.007 -15"><span class='ocrx_word' id='word_1_200' title='bbox 1764 1511 2014 1581; x_wconf 89' lang='lat' dir='ltr'><strong>peianam</strong></span> <span class='ocrx_word' id='word_1_201' title='bbox 2050 1510 2356 1576; x_wconf 86' lang='lat' dir='ltr'><strong>vietortam,</strong></span> <span class='ocrx_word' id='word_1_202' title='bbox 2398 1525 2464 1565; x_wconf 87' lang='lat' dir='ltr'><strong>ac</strong></span> <span class='ocrx_word' id='word_1_203' title='bbox 2500 1509 2736 1579; x_wconf 85' lang='lat' dir='ltr'><strong>priorem</strong></span> <span class='ocrx_word' id='word_1_204' title='bbox 2780 1507 3005 1571; x_wconf 74' lang='grc' dir='ltr'>ἅλωσιν,</span> <span class='ocrx_word' id='word_1_205' title='bbox 3065 1518 3350 1572; x_wconf 86' lang='lat' dir='ltr'><strong>nunquam</strong></span> 
     </span>
    </p>
   </div>
   <div class='ocr_carea' id='block_1_30' title="bbox 1761 1597 3348 1670">
    <p class='ocr_par' dir='ltr' id='par_1_30' title="bbox 1761 1597 3348 1670">
     <span class='ocr_line' id='line_1_30' title="bbox 1761 1597 3348 1670; baseline -0.005 -15"><span class='ocrx_word' id='word_1_206' title='bbox 1761 1599 1948 1656; x_wconf 79' lang='lat' dir='ltr'><strong>Judaea</strong></span> <span class='ocrx_word' id='word_1_207' title='bbox 1974 1600 2152 1655; x_wconf 88' lang='lat' dir='ltr'><strong>minus</strong></span> <span class='ocrx_word' id='word_1_208' title='bbox 2180 1600 2284 1655; x_wconf 89' lang='lat' dir='ltr'><strong>sub</strong></span> <span class='ocrx_word' id='word_1_209' title='bbox 2314 1599 2685 1655; x_wconf 82' lang='lat' dir='ltr'><strong>Romanorum</strong></span> <span class='ocrx_word' id='word_1_210' title='bbox 2717 1597 3025 1670; x_wconf 86' lang='lat' dir='ltr'><strong>principum</strong></span> <span class='ocrx_word' id='word_1_211' title='bbox 3049 1603 3348 1666; x_wconf 85' lang='lat' dir='ltr'><strong>potestate,</strong></span> 
     </span>
    </p>
   </div>
   <div class='ocr_carea' id='block_1_31' title="bbox 1764 1685 3350 1760">
    <p class='ocr_par' dir='ltr' id='par_1_31' title="bbox 1764 1685 3350 1760">
     <span class='ocr_line' id='line_1_31' title="bbox 1764 1685 3350 1760; baseline -0.004 -14"><span class='ocrx_word' id='word_1_212' title='bbox 1764 1693 1849 1748; x_wconf 81' lang='lat' dir='ltr'><strong>vel</strong></span> <span class='ocrx_word' id='word_1_213' title='bbox 1899 1690 2379 1747; x_wconf 84' lang='lat' dir='ltr'><strong>administratione</strong></span> <span class='ocrx_word' id='word_1_214' title='bbox 2432 1689 2562 1758; x_wconf 78' lang='lat' dir='ltr'><strong>fuit,</strong></span> <span class='ocrx_word' id='word_1_215' title='bbox 2617 1704 2785 1760; x_wconf 88' lang='lat' dir='ltr'><strong>quam</strong></span> <span class='ocrx_word' id='word_1_216' title='bbox 2820 1687 3049 1744; x_wconf 78' lang='lat' dir='ltr'><strong>Herodis</strong></span> <span class='ocrx_word' id='word_1_217' title='bbox 3084 1685 3177 1740; x_wconf 90' lang='lat' dir='ltr'><strong>illo</strong></span> <span class='ocrx_word' id='word_1_218' title='bbox 3207 1693 3350 1739; x_wconf 85' lang='lat' dir='ltr'><strong>tem-</strong></span> 
     </span>
    </p>
   </div>
   <div class='ocr_carea' id='block_1_32' title="bbox 1764 1772 3351 1852">
    <p class='ocr_par' dir='ltr' id='par_1_32' title="bbox 1764 1772 3351 1852">
     <span class='ocr_line' id='line_1_32' title="bbox 1764 1772 3351 1852; baseline -0.006 -15"><span class='ocrx_word' id='word_1_219' title='bbox 1764 1796 1920 1852; x_wconf 88' lang='lat' dir='ltr'><strong>pore,</strong></span> <span class='ocrx_word' id='word_1_220' title='bbox 1971 1781 2277 1852; x_wconf 78' lang='lat' dir='ltr'><strong>praesertim</strong></span> <span class='ocrx_word' id='word_1_221' title='bbox 2304 1789 2430 1851; x_wconf 91' lang='lat' dir='ltr'><strong>post</strong></span> <span class='ocrx_word' id='word_1_222' title='bbox 2448 1780 2733 1835; x_wconf 84' lang='lat' dir='ltr'><strong>Actiacam</strong></span> <span class='ocrx_word' id='word_1_223' title='bbox 2761 1778 3021 1850; x_wconf 84' lang='lat' dir='ltr'><strong>pugnam,</strong></span> <span class='ocrx_word' id='word_1_224' title='bbox 3055 1791 3179 1832; x_wconf 88' lang='lat' dir='ltr'><strong>cum</strong></span> <span class='ocrx_word' id='word_1_225' title='bbox 3206 1772 3351 1845; x_wconf 81' lang='lat' dir='ltr'><strong>apud</strong></span> 
     </span>
    </p>
   </div>
   <div class='ocr_carea' id='block_1_33' title="bbox 100 1857 3352 1944">
    <p class='ocr_par' dir='ltr' id='par_1_33' title="bbox 100 1857 3352 1944">
     <span class='ocr_line' id='line_1_33' title="bbox 100 1857 3352 1944; baseline 0 -25"><span class='ocrx_word' id='word_1_226' title='bbox 100 1863 316 1919; x_wconf 82' lang='lat' dir='ltr'><strong>societas</strong></span> <span class='ocrx_word' id='word_1_227' title='bbox 344 1866 768 1931; x_wconf 74' lang='lat' dir='ltr'><strong>intercessisset,</strong></span> <span class='ocrx_word' id='word_1_228' title='bbox 828 1882 893 1924; x_wconf 86' lang='lat' dir='ltr'><strong>ac</strong></span> <span class='ocrx_word' id='word_1_229' title='bbox 943 1869 1145 1924; x_wconf 89' lang='lat' dir='ltr'><strong>tributa</strong></span> <span class='ocrx_word' id='word_1_230' title='bbox 1175 1869 1293 1925; x_wconf 87' lang='lat' dir='ltr'><strong>sive</strong></span> <span class='ocrx_word' id='word_1_231' title='bbox 1332 1869 1511 1939; x_wconf 90' lang='lat' dir='ltr'><strong>potius</strong></span> <span class='ocrx_word' id='word_1_232' title='bbox 1544 1885 1663 1923; x_wconf 88' lang='lat' dir='ltr'><strong>mn-</strong></span> <span class='ocrx_word' id='word_1_233' title='bbox 1695 1857 1739 1918; x_wconf 75' lang='grc' dir='ltr'><strong><em>Β</em></strong></span> <span class='ocrx_word' id='word_1_234' title='bbox 1766 1875 2073 1944; x_wconf 78' lang='lat' dir='ltr'><strong>Augustum</strong></span> <span class='ocrx_word' id='word_1_235' title='bbox 2124 1872 2179 1927; x_wconf 89' lang='lat' dir='ltr'><strong>in</strong></span> <span class='ocrx_word' id='word_1_236' title='bbox 2209 1872 2404 1943; x_wconf 80' lang='lat' dir='ltr'><strong>primis</strong></span> <span class='ocrx_word' id='word_1_237' title='bbox 2458 1871 2547 1927; x_wconf 91' lang='lat' dir='ltr'><strong>ille</strong></span> <span class='ocrx_word' id='word_1_238' title='bbox 2576 1872 2753 1942; x_wconf 78' lang='lat' dir='ltr'><strong>gratia</strong></span> <span class='ocrx_word' id='word_1_239' title='bbox 2792 1878 2849 1926; x_wconf 89' lang='lat' dir='ltr'><strong>et</strong></span> <span class='ocrx_word' id='word_1_240' title='bbox 2897 1868 3226 1924; x_wconf 85' lang='lat' dir='ltr'><strong>auctoritate</strong></span> <span class='ocrx_word' id='word_1_241' title='bbox 3254 1864 3352 1920; x_wconf 88' lang='lat' dir='ltr'><strong>llo-</strong></span> 
     </span>
    </p>
   </div>
   <div class='ocr_carea' id='block_1_34' title="bbox 100 1958 1665 2033">
    <p class='ocr_par' dir='ltr' id='par_1_34' title="bbox 100 1958 1665 2033">
     <span class='ocr_line' id='line_1_34' title="bbox 100 1958 1665 2033; baseline 0.003 -22"><span class='ocrx_word' id='word_1_242' title='bbox 100 1969 218 2011; x_wconf 89' lang='lat' dir='ltr'><strong>nera</strong></span> <span class='ocrx_word' id='word_1_243' title='bbox 237 1958 618 2027; x_wconf 87' lang='lat' dir='ltr'><strong>penderentur.</strong></span> <span class='ocrx_word' id='word_1_244' title='bbox 640 1960 850 2015; x_wconf 83' lang='lat' dir='ltr'><strong>Etenim</strong></span> <span class='ocrx_word' id='word_1_245' title='bbox 880 1960 1042 2032; x_wconf 83' lang='lat' dir='ltr'><strong>longe</strong></span> <span class='ocrx_word' id='word_1_246' title='bbox 1068 1969 1195 2017; x_wconf 90' lang='lat' dir='ltr'><strong>ante</strong></span> <span class='ocrx_word' id='word_1_247' title='bbox 1217 1976 1454 2033; x_wconf 78' lang='lat' dir='ltr'><strong>pugnam</strong></span> <span class='ocrx_word' id='word_1_248' title='bbox 1480 1962 1665 2019; x_wconf 60' lang='lat' dir='ltr'><strong>Actia-</strong></span> 
     </span>
    </p>
   </div>
   <div class='ocr_carea' id='block_1_35' title="bbox 99 2049 1663 2124">
    <p class='ocr_par' dir='ltr' id='par_1_35' title="bbox 99 2049 1663 2124">
     <span class='ocr_line' id='line_1_35' title="bbox 99 2049 1663 2124; baseline 0.001 -20"><span class='ocrx_word' id='word_1_249' title='bbox 99 2063 204 2104; x_wconf 84' lang='lat' dir='ltr'><strong>eam</strong></span> <span class='ocrx_word' id='word_1_250' title='bbox 226 2049 400 2108; x_wconf 69' lang='lat' dir='ltr'><strong>Judaaa</strong></span> <span class='ocrx_word' id='word_1_251' title='bbox 431 2050 808 2109; x_wconf 83' lang='lat' dir='ltr'><strong>Romanorum</strong></span> <span class='ocrx_word' id='word_1_252' title='bbox 840 2052 895 2107; x_wconf 91' lang='lat' dir='ltr'><strong>in</strong></span> <span class='ocrx_word' id='word_1_253' title='bbox 921 2051 1454 2124; x_wconf 87' lang='lat' dir='ltr'><strong>potestatemvenit,</strong></span> <span class='ocrx_word' id='word_1_254' title='bbox 1480 2060 1536 2107; x_wconf 89' lang='lat' dir='ltr'><strong>et</strong></span> <span class='ocrx_word' id='word_1_255' title='bbox 1560 2051 1663 2105; x_wconf 88' lang='lat' dir='ltr'><strong>tri-</strong></span> 
     </span>
    </p>
   </div>
   <div class='ocr_carea' id='block_1_36' title="bbox 102 2136 1661 2215">
    <p class='ocr_par' dir='ltr' id='par_1_36' title="bbox 102 2136 1661 2215">
     <span class='ocr_line' id='line_1_36' title="bbox 102 2136 1661 2215; baseline 0.003 -21"><span class='ocrx_word' id='word_1_256' title='bbox 102 2138 214 2194; x_wconf 90' lang='lat' dir='ltr'><strong>buta</strong></span> <span class='ocrx_word' id='word_1_257' title='bbox 238 2142 511 2210; x_wconf 85' lang='lat' dir='ltr'><strong>persolvit.</strong></span> <span class='ocrx_word' id='word_1_258' title='bbox 537 2142 778 2211; x_wconf 84' lang='lat' dir='ltr'><strong>Primus,</strong></span> <span class='ocrx_word' id='word_1_259' title='bbox 800 2136 906 2200; x_wconf 82' lang='lat' dir='ltr'><strong>nisi</strong></span> <span class='ocrx_word' id='word_1_260' title='bbox 947 2142 1127 2208; x_wconf 80' lang='lat' dir='ltr'><strong>fallor,</strong></span> <span class='ocrx_word' id='word_1_261' title='bbox 1154 2144 1469 2215; x_wconf 86' lang='lat' dir='ltr'><strong>Pompeius,</strong></span> <span class='ocrx_word' id='word_1_262' title='bbox 1500 2144 1661 2200; x_wconf 90' lang='lat' dir='ltr'><strong>Cice-</strong></span> 
     </span>
    </p>
   </div>
   <div class='ocr_carea' id='block_1_37' title="bbox 102 2233 1662 2307">
    <p class='ocr_par' dir='ltr' id='par_1_37' title="bbox 102 2233 1662 2307">
     <span class='ocr_line' id='line_1_37' title="bbox 102 2233 1662 2307; baseline 0.004 -23"><span class='ocrx_word' id='word_1_263' title='bbox 102 2245 216 2286; x_wconf 87' lang='lat' dir='ltr'><strong>rone</strong></span> <span class='ocrx_word' id='word_1_264' title='bbox 237 2244 289 2288; x_wconf 92' lang='lat' dir='ltr'><strong>et</strong></span> <span class='ocrx_word' id='word_1_265' title='bbox 312 2233 551 2289; x_wconf 83' lang='lat' dir='ltr'><strong>Antonio</strong></span> <span class='ocrx_word' id='word_1_266' title='bbox 579 2235 922 2300; x_wconf 81' lang='lat' dir='ltr'><strong>coss.,Urbis</strong></span> <span class='ocrx_word' id='word_1_267' title='bbox 967 2235 1093 2299; x_wconf 87' lang='lat' dir='ltr'><strong>79l,</strong></span> <span class='ocrx_word' id='word_1_268' title='bbox 1129 2233 1521 2307; x_wconf 80' lang='lat' dir='ltr'><strong>Hierosolymis</strong></span> <span class='ocrx_word' id='word_1_269' title='bbox 1563 2251 1662 2291; x_wconf 74' lang='lat' dir='ltr'><strong>ex-</strong></span> 
     </span>
    </p>
   </div>
   <div class='ocr_carea' id='block_1_38' title="bbox 102 2325 1660 2398">
    <p class='ocr_par' dir='ltr' id='par_1_38' title="bbox 102 2325 1660 2398">
     <span class='ocr_line' id='line_1_38' title="bbox 102 2325 1660 2398; baseline 0.004 -21"><span class='ocrx_word' id='word_1_270' title='bbox 102 2325 330 2395; x_wconf 84' lang='lat' dir='ltr'><strong>pugnatis</strong></span> <span class='ocrx_word' id='word_1_271' title='bbox 375 2326 523 2380; x_wconf 87' lang='lat' dir='ltr'><strong>hanc</strong></span> <span class='ocrx_word' id='word_1_272' title='bbox 575 2325 748 2393; x_wconf 85' lang='lat' dir='ltr'><strong>ipsam</strong></span> <span class='ocrx_word' id='word_1_273' title='bbox 799 2327 990 2381; x_wconf 81' lang='lat' dir='ltr'><strong>urbem</strong></span> <span class='ocrx_word' id='word_1_274' title='bbox 1025 2327 1345 2398; x_wconf 79' lang='lat' dir='ltr'><strong>vectigalem</strong></span> <span class='ocrx_word' id='word_1_275' title='bbox 1406 2328 1660 2383; x_wconf 86' lang='lat' dir='ltr'><strong>reddidit.</strong></span> 
     </span>
    </p>
   </div>
   <div class='ocr_carea' id='block_1_39' title="bbox 101 2418 1665 2494">
    <p class='ocr_par' dir='ltr' id='par_1_39' title="bbox 101 2418 1665 2494">
     <span class='ocr_line' id='line_1_39' title="bbox 101 2418 1665 2494; baseline 0.003 -21"><span class='ocrx_word' id='word_1_276' title='bbox 101 2418 393 2490; x_wconf 85' lang='lat' dir='ltr'><strong>Josephusl.</strong></span> <span class='ocrx_word' id='word_1_277' title='bbox 411 2437 529 2484; x_wconf 76' lang='lat' dir='ltr'><strong>xw,</strong></span> <span class='ocrx_word' id='word_1_278' title='bbox 555 2437 674 2492; x_wconf 87' lang='lat' dir='ltr'><strong>cap.</strong></span> <span class='ocrx_word' id='word_1_279' title='bbox 699 2420 800 2474; x_wconf 70' lang='lat'><strong>15:</strong></span> <span class='ocrx_word' id='word_1_280' title='bbox 827 2421 937 2476; x_wconf 78' lang='grc' dir='ltr'><strong>Καὶ</strong></span> <span class='ocrx_word' id='word_1_281' title='bbox 951 2422 1020 2475; x_wconf 75' lang='grc' dir='ltr'><strong>τὰ</strong></span> <span class='ocrx_word' id='word_1_282' title='bbox 1044 2423 1143 2492; x_wconf 84' lang='grc' dir='ltr'>μὲν</span> <span class='ocrx_word' id='word_1_283' title='bbox 1175 2422 1524 2494; x_wconf 83' lang='grc' dir='ltr'>Ἰεροσόλυμα</span> <span class='ocrx_word' id='word_1_284' title='bbox 1540 2422 1665 2477; x_wconf 85' lang='grc' dir='ltr'>ὑπο-</span> 
     </span>
    </p>
   </div>
   <div class='ocr_carea' id='block_1_40' title="bbox 100 2512 1662 2587">
    <p class='ocr_par' dir='ltr' id='par_1_40' title="bbox 100 2512 1662 2587">
     <span class='ocr_line' id='line_1_40' title="bbox 100 2512 1662 2587; baseline 0.001 -21"><span class='ocrx_word' id='word_1_285' title='bbox 100 2513 215 2585; x_wconf 83' lang='grc' dir='ltr'>τελῆ</span> <span class='ocrx_word' id='word_1_286' title='bbox 243 2515 404 2587; x_wconf 79' lang='grc' dir='ltr'>φόρον</span> <span class='ocrx_word' id='word_1_287' title='bbox 451 2513 749 2585; x_wconf 78' lang='grc' dir='ltr'><strong>Ῥωμαίοις</strong></span> <span class='ocrx_word' id='word_1_288' title='bbox 800 2514 1080 2585; x_wconf 74' lang='grc' dir='ltr'>ἐποίησεν.</span> <span class='ocrx_word' id='word_1_289' title='bbox 1123 2512 1289 2569; x_wconf 82' lang='lat' dir='ltr'><strong>Mox:</strong></span> <span class='ocrx_word' id='word_1_290' title='bbox 1322 2513 1526 2568; x_wconf 82' lang='grc' dir='ltr'><strong>Τούτου</strong></span> <span class='ocrx_word' id='word_1_291' title='bbox 1565 2513 1662 2568; x_wconf 79' lang='grc' dir='ltr'><strong>τοῦ</strong></span> 
     </span>
    </p>
   </div>
   <div class='ocr_carea' id='block_1_41' title="bbox 103 2602 1663 2675">
    <p class='ocr_par' dir='ltr' id='par_1_41' title="bbox 103 2602 1663 2675">
     <span class='ocr_line' id='line_1_41' title="bbox 103 2602 1663 2675; baseline 0.001 -19"><span class='ocrx_word' id='word_1_292' title='bbox 103 2602 287 2668; x_wconf 80' lang='grc' dir='ltr'><strong>πάθους</strong></span> <span class='ocrx_word' id='word_1_293' title='bbox 305 2604 414 2668; x_wconf 79' lang='grc' dir='ltr'><strong>τοῖς</strong></span> <span class='ocrx_word' id='word_1_294' title='bbox 453 2603 850 2675; x_wconf 78' lang='grc' dir='ltr'>Ἱεροσολύμοις</span> <span class='ocrx_word' id='word_1_295' title='bbox 889 2604 1053 2657; x_wconf 72' lang='grc' dir='ltr'>αἴτιοι</span> <span class='ocrx_word' id='word_1_296' title='bbox 1083 2603 1425 2674; x_wconf 79' lang='grc' dir='ltr'><strong>κατέστησαν</strong></span> <span class='ocrx_word' id='word_1_297' title='bbox 1464 2604 1663 2675; x_wconf 79' lang='grc' dir='ltr'><strong>’Υρκα-</strong></span> 
     </span>
    </p>
   </div>
   <div class='ocr_carea' id='block_1_42' title="bbox 102 2694 1659 2769">
    <p class='ocr_par' dir='ltr' id='par_1_42' title="bbox 102 2694 1659 2769">
     <span class='ocr_line' id='line_1_42' title="bbox 102 2694 1659 2769; baseline 0.002 -21"><span class='ocrx_word' id='word_1_298' title='bbox 102 2694 199 2759; x_wconf 64' lang='lat' dir='ltr'><strong>voc,</strong></span> <span class='ocrx_word' id='word_1_299' title='bbox 223 2695 313 2749; x_wconf 76' lang='grc' dir='ltr'>καὶ</span> <span class='ocrx_word' id='word_1_300' title='bbox 347 2695 758 2769; x_wconf 76' lang='grc' dir='ltr'>Ἀριστόϐουλος</span> <span class='ocrx_word' id='word_1_301' title='bbox 785 2696 924 2767; x_wconf 80' lang='grc' dir='ltr'>πρὸς</span> <span class='ocrx_word' id='word_1_302' title='bbox 952 2696 1217 2766; x_wconf 81' lang='grc' dir='ltr'><strong>ἀλλήλους</strong></span> <span class='ocrx_word' id='word_1_303' title='bbox 1250 2697 1659 2760; x_wconf 84' lang='grc' dir='ltr'>στασιάσαντες.</span> 
     </span>
    </p>
   </div>
   <div class='ocr_carea' id='block_1_43' title="bbox 102 2786 1663 2861">
    <p class='ocr_par' dir='ltr' id='par_1_43' title="bbox 102 2786 1663 2861">
     <span class='ocr_line' id='line_1_43' title="bbox 102 2786 1663 2861; baseline -0.001 -21"><span class='ocrx_word' id='word_1_304' title='bbox 102 2789 199 2858; x_wconf 82' lang='grc' dir='ltr'><strong>Τήν</strong></span> <span class='ocrx_word' id='word_1_305' title='bbox 238 2807 295 2843; x_wconf 81' lang='grc' dir='ltr'><strong>τε</strong></span> <span class='ocrx_word' id='word_1_306' title='bbox 335 2791 442 2861; x_wconf 82' lang='grc' dir='ltr'><strong>γὰρ</strong></span> <span class='ocrx_word' id='word_1_307' title='bbox 489 2787 803 2860; x_wconf 73' lang='grc' dir='ltr'>ἐλευθερίαν</span> <span class='ocrx_word' id='word_1_308' title='bbox 847 2786 1230 2858; x_wconf 78' lang='grc' dir='ltr'><strong>ἀπεϐάλομεν,</strong></span> <span class='ocrx_word' id='word_1_309' title='bbox 1283 2788 1378 2841; x_wconf 78' lang='grc' dir='ltr'><strong>καὶ</strong></span> <span class='ocrx_word' id='word_1_310' title='bbox 1433 2786 1663 2857; x_wconf 82' lang='grc' dir='ltr'>ὑπήκοοι</span> 
     </span>
    </p>
   </div>
   <div class='ocr_carea' id='block_1_44' title="bbox 110 2876 1663 2951">
    <p class='ocr_par' dir='ltr' id='par_1_44' title="bbox 110 2876 1663 2951">
     <span class='ocr_line' id='line_1_44' title="bbox 110 2876 1663 2951; baseline 0 -20"><span class='ocrx_word' id='word_1_311' title='bbox 110 2876 371 2950; x_wconf 84' lang='grc' dir='ltr'><strong>Ῥωμαίων</strong></span> <span class='ocrx_word' id='word_1_312' title='bbox 393 2880 633 2951; x_wconf 75' lang='grc' dir='ltr'><strong>κατέστη</strong></span> <span class='ocrx_word' id='word_1_313' title='bbox 643 2896 760 2950; x_wconf 82' lang='grc' dir='ltr'>μεν.</span> <span class='ocrx_word' id='word_1_314' title='bbox 790 2878 955 2949; x_wconf 79' lang='lat' dir='ltr'><strong>Igitur</strong></span> <span class='ocrx_word' id='word_1_315' title='bbox 981 2877 1051 2933; x_wconf 86' lang='lat' dir='ltr'><strong>ab</strong></span> <span class='ocrx_word' id='word_1_316' title='bbox 1079 2878 1169 2932; x_wconf 87' lang='lat' dir='ltr'><strong>illo</strong></span> <span class='ocrx_word' id='word_1_317' title='bbox 1193 2889 1433 2946; x_wconf 81' lang='lat' dir='ltr'><strong>tempore</strong></span> <span class='ocrx_word' id='word_1_318' title='bbox 1455 2877 1663 2931; x_wconf 85' lang='lat' dir='ltr'><strong>Roma-</strong></span> 
     </span>
    </p>
   </div>
   <div class='ocr_carea' id='block_1_45' title="bbox 104 2969 1665 3045">
    <p class='ocr_par' dir='ltr' id='par_1_45' title="bbox 104 2969 1665 3045">
     <span class='ocr_line' id='line_1_45' title="bbox 104 2969 1665 3045; baseline -0.001 -20"><span class='ocrx_word' id='word_1_319' title='bbox 104 2972 175 3027; x_wconf 87' lang='lat' dir='ltr'><strong>nis</strong></span> <span class='ocrx_word' id='word_1_320' title='bbox 201 2972 373 3029; x_wconf 68' lang='lat' dir='ltr'><strong>Judtea</strong></span> <span class='ocrx_word' id='word_1_321' title='bbox 418 2972 628 3045; x_wconf 85' lang='lat' dir='ltr'><strong>paruit,</strong></span> <span class='ocrx_word' id='word_1_322' title='bbox 680 2987 779 3026; x_wconf 90' lang='lat' dir='ltr'><strong>nec</strong></span> <span class='ocrx_word' id='word_1_323' title='bbox 809 2986 941 3026; x_wconf 88' lang='lat' dir='ltr'><strong>suos</strong></span> <span class='ocrx_word' id='word_1_324' title='bbox 986 2986 1143 3042; x_wconf 91' lang='lat' dir='ltr'><strong>reges</strong></span> <span class='ocrx_word' id='word_1_325' title='bbox 1176 2971 1404 3035; x_wconf 84' lang='lat' dir='ltr'><strong>habuit;</strong></span> <span class='ocrx_word' id='word_1_326' title='bbox 1434 2970 1535 3024; x_wconf 91' lang='lat' dir='ltr'><strong>etsi</strong></span> <span class='ocrx_word' id='word_1_327' title='bbox 1565 2969 1665 3024; x_wconf 88' lang='lat' dir='ltr'><strong>ali-</strong></span> 
     </span>
    </p>
   </div>
   <div class='ocr_carea' id='block_1_46' title="bbox 103 3062 1663 3136">
    <p class='ocr_par' dir='ltr' id='par_1_46' title="bbox 103 3062 1663 3136">
     <span class='ocr_line' id='line_1_46' title="bbox 103 3062 1663 3136; baseline 0 -18"><span class='ocrx_word' id='word_1_328' title='bbox 103 3065 314 3133; x_wconf 84' lang='lat' dir='ltr'><strong>quandiu</strong></span> <span class='ocrx_word' id='word_1_329' title='bbox 333 3064 632 3120; x_wconf 83' lang='lat' dir='ltr'><strong>conﬂictati</strong></span> <span class='ocrx_word' id='word_1_330' title='bbox 664 3072 812 3118; x_wconf 86' lang='lat' dir='ltr'><strong>sunt.</strong></span> <span class='ocrx_word' id='word_1_331' title='bbox 848 3062 1101 3136; x_wconf 80' lang='lat' dir='ltr'><strong>Hyrcano</strong></span> <span class='ocrx_word' id='word_1_332' title='bbox 1126 3064 1348 3133; x_wconf 85' lang='lat' dir='ltr'><strong>quidem</strong></span> <span class='ocrx_word' id='word_1_333' title='bbox 1376 3063 1663 3131; x_wconf 77' lang='lat' dir='ltr'><strong>pontiﬁca-</strong></span> 
     </span>
    </p>
   </div>
   <div class='ocr_carea' id='block_1_47' title="bbox 103 3147 1663 3230">
    <p class='ocr_par' dir='ltr' id='par_1_47' title="bbox 103 3147 1663 3230">
     <span class='ocr_line' id='line_1_47' title="bbox 103 3147 1663 3230; baseline -0.001 -25"><span class='ocrx_word' id='word_1_334' title='bbox 103 3147 178 3206; x_wconf 76' lang='lat' dir='ltr'><strong>tns</strong></span> <span class='ocrx_word' id='word_1_335' title='bbox 199 3153 407 3210; x_wconf 86' lang='lat' dir='ltr'><strong>relictus</strong></span> <span class='ocrx_word' id='word_1_336' title='bbox 427 3164 538 3230; x_wconf 75' lang='lat' dir='ltr'><strong>est,</strong></span> <span class='ocrx_word' id='word_1_337' title='bbox 557 3168 588 3208; x_wconf 86' lang='lat' dir='ltr'><strong>a</strong></span> <span class='ocrx_word' id='word_1_338' title='bbox 612 3151 848 3209; x_wconf 76' lang='lat' dir='ltr'><strong>Gabinio</strong></span> <span class='ocrx_word' id='word_1_339' title='bbox 864 3153 1164 3225; x_wconf 60' lang='lat' dir='ltr'><strong>praesertim</strong></span> <span class='ocrx_word' id='word_1_340' title='bbox 1188 3170 1201 3206; x_wconf 96' lang='lat'><strong>:</strong></span> <span class='ocrx_word' id='word_1_341' title='bbox 1227 3151 1343 3222; x_wconf 87' lang='lat' dir='ltr'><strong>qui,</strong></span> <span class='ocrx_word' id='word_1_342' title='bbox 1372 3158 1433 3206; x_wconf 81' lang='lat' dir='ltr'><strong>ut</strong></span> <span class='ocrx_word' id='word_1_343' title='bbox 1450 3167 1574 3221; x_wconf 88' lang='lat' dir='ltr'><strong>cap.</strong></span> <span class='ocrx_word' id='word_1_344' title='bbox 1598 3152 1663 3204; x_wconf 88' lang='lat' dir='ltr'><strong>l0</strong></span> 
     </span>
    </p>
   </div>
   <div class='ocr_carea' id='block_1_48' title="bbox 104 3241 1661 3317">
    <p class='ocr_par' dir='ltr' id='par_1_48' title="bbox 104 3241 1661 3317">
     <span class='ocr_line' id='line_1_48' title="bbox 104 3241 1661 3317; baseline 0.001 -23"><span class='ocrx_word' id='word_1_345' title='bbox 104 3241 206 3295; x_wconf 89' lang='lat' dir='ltr'><strong>libri</strong></span> <span class='ocrx_word' id='word_1_346' title='bbox 241 3260 326 3298; x_wconf 80' lang='lat' dir='ltr'><strong>xiv</strong></span> <span class='ocrx_word' id='word_1_347' title='bbox 358 3244 577 3312; x_wconf 87' lang='lat' dir='ltr'><strong>scribit,</strong></span> <span class='ocrx_word' id='word_1_348' title='bbox 609 3246 851 3315; x_wconf 78' lang='lat' dir='ltr'><strong>quinque</strong></span> <span class='ocrx_word' id='word_1_349' title='bbox 886 3244 1169 3317; x_wconf 86' lang='lat' dir='ltr'><strong>Synedriis</strong></span> <span class='ocrx_word' id='word_1_350' title='bbox 1192 3245 1246 3296; x_wconf 89' lang='lat' dir='ltr'><strong>in</strong></span> <span class='ocrx_word' id='word_1_351' title='bbox 1278 3241 1465 3298; x_wconf 81' lang='lat' dir='ltr'><strong>Judaea</strong></span> <span class='ocrx_word' id='word_1_352' title='bbox 1491 3241 1661 3297; x_wconf 92' lang='lat' dir='ltr'><strong>collo-</strong></span> 
     </span>
    </p>
   </div>
   <div class='ocr_carea' id='block_1_49' title="bbox 101 3334 1662 3402">
    <p class='ocr_par' dir='ltr' id='par_1_49' title="bbox 101 3334 1662 3402">
     <span class='ocr_line' id='line_1_49' title="bbox 101 3334 1662 3402; baseline 0.001 -15"><span class='ocrx_word' id='word_1_353' title='bbox 101 3335 241 3402; x_wconf 88' lang='lat' dir='ltr'><strong>catis,</strong></span> <span class='ocrx_word' id='word_1_354' title='bbox 273 3338 677 3396; x_wconf 80' lang='lat' dir='ltr'><strong>aristocratiam</strong></span> <span class='ocrx_word' id='word_1_355' title='bbox 721 3337 1031 3393; x_wconf 84' lang='lat' dir='ltr'><strong>constituit.</strong></span> <span class='ocrx_word' id='word_1_356' title='bbox 1078 3335 1209 3392; x_wconf 87' lang='lat' dir='ltr'><strong>Post</strong></span> <span class='ocrx_word' id='word_1_357' title='bbox 1258 3336 1374 3390; x_wconf 80' lang='lat' dir='ltr'><strong>haec</strong></span> <span class='ocrx_word' id='word_1_358' title='bbox 1399 3334 1662 3389; x_wconf 84' lang='lat' dir='ltr'><strong>adversus</strong></span> 
     </span>
    </p>
   </div>
   <div class='ocr_carea' id='block_1_50' title="bbox 50 3425 1661 3500">
    <p class='ocr_par' dir='ltr' id='par_1_50' title="bbox 50 3425 1661 3500">
     <span class='ocr_line' id='line_1_50' title="bbox 50 3425 1661 3500; baseline -0.003 -13"><span class='ocrx_word' id='word_1_359' title='bbox 50 3426 51 3439; x_wconf 58' lang='grc'><strong>¹</strong></span> <span class='ocrx_word' id='word_1_360' title='bbox 104 3425 386 3500; x_wconf 73' lang='lat' dir='ltr'><strong>Hyrcanum</strong></span> <span class='ocrx_word' id='word_1_361' title='bbox 443 3433 761 3488; x_wconf 80' lang='lat' dir='ltr'><strong>Alexander</strong></span> <span class='ocrx_word' id='word_1_362' title='bbox 810 3439 864 3487; x_wconf 88' lang='lat' dir='ltr'><strong>et</strong></span> <span class='ocrx_word' id='word_1_363' title='bbox 896 3431 1206 3500; x_wconf 79' lang='lat' dir='ltr'><strong>Antigonus</strong></span> <span class='ocrx_word' id='word_1_364' title='bbox 1238 3428 1537 3485; x_wconf 83' lang='lat' dir='ltr'><strong>Aristobuli</strong></span> <span class='ocrx_word' id='word_1_365' title='bbox 1567 3426 1661 3483; x_wconf 86' lang='lat' dir='ltr'><strong>lilii</strong></span> 
     </span>
    </p>
   </div>
   <div class='ocr_carea' id='block_1_51' title="bbox 102 3517 1664 3601">
    <p class='ocr_par' dir='ltr' id='par_1_51' title="bbox 102 3517 1664 3601">
     <span class='ocr_line' id='line_1_51' title="bbox 102 3517 1664 3601; baseline -0.001 -26"><span class='ocrx_word' id='word_1_366' title='bbox 102 3520 289 3593; x_wconf 85' lang='lat' dir='ltr'><strong>aliquot</strong></span> <span class='ocrx_word' id='word_1_367' title='bbox 336 3527 501 3582; x_wconf 88' lang='lat' dir='ltr'><strong>annis</strong></span> <span class='ocrx_word' id='word_1_368' title='bbox 542 3531 879 3601; x_wconf 75' lang='lat' dir='ltr'><strong>certarunt:</strong></span> <span class='ocrx_word' id='word_1_369' title='bbox 929 3522 1235 3592; x_wconf 83' lang='lat' dir='ltr'><strong>iisdemque</strong></span> <span class='ocrx_word' id='word_1_370' title='bbox 1273 3535 1370 3591; x_wconf 91' lang='lat' dir='ltr'><strong>pro</strong></span> <span class='ocrx_word' id='word_1_371' title='bbox 1415 3517 1664 3590; x_wconf 86' lang='lat' dir='ltr'><strong>Hyrcano</strong></span> 
     </span>
    </p>
   </div>
   <div class='ocr_carea' id='block_1_52' title="bbox 50 3612 1663 3699">
    <p class='ocr_par' dir='ltr' id='par_1_52' title="bbox 50 3612 1663 3699">
     <span class='ocr_line' id='line_1_52' title="bbox 50 3612 1663 3699; baseline -0.005 -28"><span class='ocrx_word' id='word_1_372' title='bbox 50 3612 52 3699; x_wconf 49' lang='grc' dir='ltr'>Ϊ</span> <span class='ocrx_word' id='word_1_373' title='bbox 105 3626 301 3673; x_wconf 80' lang='lat' dir='ltr'><strong>strenue</strong></span> <span class='ocrx_word' id='word_1_374' title='bbox 332 3618 619 3689; x_wconf 75' lang='lat' dir='ltr'><strong>Antipater</strong></span> <span class='ocrx_word' id='word_1_375' title='bbox 633 3616 858 3684; x_wconf 88' lang='lat' dir='ltr'><strong>restitit,</strong></span> <span class='ocrx_word' id='word_1_376' title='bbox 881 3614 980 3686; x_wconf 82' lang='lat' dir='ltr'><strong>qui</strong></span> <span class='ocrx_word' id='word_1_377' title='bbox 1007 3630 1039 3671; x_wconf 88' lang='lat' dir='ltr'><strong>a</strong></span> <span class='ocrx_word' id='word_1_378' title='bbox 1068 3614 1215 3670; x_wconf 86' lang='lat' dir='ltr'><strong>Julio</strong></span> <span class='ocrx_word' id='word_1_379' title='bbox 1237 3612 1454 3669; x_wconf 67' lang='lat' dir='ltr'><strong>Caesare</strong></span> <span class='ocrx_word' id='word_1_380' title='bbox 1476 3619 1663 3681; x_wconf 87' lang='lat' dir='ltr'><strong>postea</strong></span> 
     </span>
    </p>
   </div>
   <div class='ocr_carea' id='block_1_53' title="bbox 50 3706 1664 3782">
    <p class='ocr_par' dir='ltr' id='par_1_53' title="bbox 50 3706 1664 3782">
     <span class='ocr_line' id='line_1_53' title="bbox 50 3706 1664 3782; baseline 0 -24"><span class='ocrx_word' id='word_1_381' title='bbox 50 3708 51 3729; x_wconf 71' lang='grc'>³</span> <span class='ocrx_word' id='word_1_382' title='bbox 104 3708 190 3777; x_wconf 82' lang='grc' dir='ltr'>τὴν</span> <span class='ocrx_word' id='word_1_383' title='bbox 214 3709 521 3782; x_wconf 78' lang='grc' dir='ltr'>ἐπιτροπήν</span> <span class='ocrx_word' id='word_1_384' title='bbox 551 3718 740 3764; x_wconf 84' lang='lat' dir='ltr'><strong>nactus</strong></span> <span class='ocrx_word' id='word_1_385' title='bbox 771 3716 891 3775; x_wconf 91' lang='lat' dir='ltr'><strong>est;</strong></span> <span class='ocrx_word' id='word_1_386' title='bbox 917 3722 1002 3773; x_wconf 40' lang='lat' dir='ltr'><strong>.ac</strong></span> <span class='ocrx_word' id='word_1_387' title='bbox 1028 3721 1125 3777; x_wconf 90' lang='lat' dir='ltr'><strong>per</strong></span> <span class='ocrx_word' id='word_1_388' title='bbox 1150 3706 1292 3760; x_wconf 91' lang='lat' dir='ltr'><strong>idem</strong></span> <span class='ocrx_word' id='word_1_389' title='bbox 1317 3712 1531 3774; x_wconf 89' lang='lat' dir='ltr'><strong>tempus</strong></span> <span class='ocrx_word' id='word_1_390' title='bbox 1559 3715 1664 3772; x_wconf 88' lang='lat' dir='ltr'><strong>po-</strong></span> 
     </span>
    </p>
   </div>
   <div class='ocr_carea' id='block_1_54' title="bbox 50 3794 1666 3869">
    <p class='ocr_par' dir='ltr' id='par_1_54' title="bbox 50 3794 1666 3869">
     <span class='ocr_line' id='line_1_54' title="bbox 50 3794 1666 3869; baseline -0.004 -15"><span class='ocrx_word' id='word_1_391' title='bbox 50 3796 51 3869; x_wconf 55' lang='grc' dir='ltr'><em>Ῡ</em></span> <span class='ocrx_word' id='word_1_392' title='bbox 108 3799 205 3868; x_wconf 89' lang='lat' dir='ltr'><strong>puli</strong></span> <span class='ocrx_word' id='word_1_393' title='bbox 230 3800 384 3858; x_wconf 85' lang='lat' dir='ltr'><strong>Rom.</strong></span> <span class='ocrx_word' id='word_1_394' title='bbox 420 3802 745 3859; x_wconf 86' lang='lat' dir='ltr'><strong>societatem</strong></span> <span class='ocrx_word' id='word_1_395' title='bbox 784 3808 841 3856; x_wconf 88' lang='lat' dir='ltr'><strong>et</strong></span> <span class='ocrx_word' id='word_1_396' title='bbox 896 3798 1190 3855; x_wconf 89' lang='lat' dir='ltr'><strong>amicitiam</strong></span> <span class='ocrx_word' id='word_1_397' title='bbox 1232 3795 1563 3866; x_wconf 88' lang='lat' dir='ltr'><strong>impetravit.</strong></span> <span class='ocrx_word' id='word_1_398' title='bbox 1589 3794 1666 3848; x_wconf 89' lang='lat' dir='ltr'><strong>De</strong></span> 
     </span>
    </p>
   </div>
   <div class='ocr_carea' id='block_1_55' title="bbox 50 3886 1667 3963">
    <p class='ocr_par' dir='ltr' id='par_1_55' title="bbox 50 3886 1667 3963">
     <span class='ocr_line' id='line_1_55' title="bbox 50 3886 1667 3963; baseline -0.004 -18"><span class='ocrx_word' id='word_1_399' title='bbox 50 3890 51 3911; x_wconf 84' lang='lat'>‘</span> <span class='ocrx_word' id='word_1_400' title='bbox 102 3905 197 3957; x_wconf 90' lang='lat' dir='ltr'><strong>quo</strong></span> <span class='ocrx_word' id='word_1_401' title='bbox 222 3894 504 3963; x_wconf 87' lang='lat' dir='ltr'><strong>complura</strong></span> <span class='ocrx_word' id='word_1_402' title='bbox 536 3890 768 3946; x_wconf 61' lang='lat' dir='ltr'><strong>Caesaris</strong></span> <span class='ocrx_word' id='word_1_403' title='bbox 819 3890 1034 3945; x_wconf 86' lang='lat' dir='ltr'><strong>decreta</strong></span> <span class='ocrx_word' id='word_1_404' title='bbox 1068 3888 1211 3958; x_wconf 89' lang='lat' dir='ltr'><strong>apud</strong></span> <span class='ocrx_word' id='word_1_405' title='bbox 1244 3886 1542 3954; x_wconf 81' lang='lat' dir='ltr'><strong>Josephum</strong></span> <span class='ocrx_word' id='word_1_406' title='bbox 1572 3898 1667 3940; x_wconf 86' lang='lat' dir='ltr'><strong>ex-</strong></span> 
     </span>
    </p>
   </div>
   <div class='ocr_carea' id='block_1_56' title="bbox 50 3974 1665 4061">
    <p class='ocr_par' dir='ltr' id='par_1_56' title="bbox 50 3974 1665 4061">
     <span class='ocr_line' id='line_1_56' title="bbox 50 3974 1665 4061; baseline -0.002 -28"><span class='ocrx_word' id='word_1_407' title='bbox 50 3978 51 4009; x_wconf 64' lang='grc'>³</span> <span class='ocrx_word' id='word_1_408' title='bbox 102 3989 230 4061; x_wconf 83' lang='lat' dir='ltr'><strong>stant</strong></span> <span class='ocrx_word' id='word_1_409' title='bbox 249 3981 284 4035; x_wconf 94' lang='lat' dir='ltr'><strong>I.</strong></span> <span class='ocrx_word' id='word_1_410' title='bbox 306 3998 413 4046; x_wconf 75' lang='lat' dir='ltr'><strong>xiv,</strong></span> <span class='ocrx_word' id='word_1_411' title='bbox 437 3996 492 4036; x_wconf 92' lang='lat' dir='ltr'><strong>c.</strong></span> <span class='ocrx_word' id='word_1_412' title='bbox 526 3976 612 4034; x_wconf 81' lang='lat' dir='ltr'><strong>l7.</strong></span> <span class='ocrx_word' id='word_1_413' title='bbox 646 3978 752 4034; x_wconf 86' lang='lat' dir='ltr'><strong>Sed</strong></span> <span class='ocrx_word' id='word_1_414' title='bbox 782 3975 1123 4034; x_wconf 79' lang='lat' dir='ltr'><strong>antecedenti</strong></span> <span class='ocrx_word' id='word_1_415' title='bbox 1146 3976 1325 4048; x_wconf 89' lang='lat' dir='ltr'><strong>capite</strong></span> <span class='ocrx_word' id='word_1_416' title='bbox 1351 3974 1573 4046; x_wconf 87' lang='lat' dir='ltr'><strong>Josepbl</strong></span> <span class='ocrx_word' id='word_1_417' title='bbox 1595 3989 1665 4030; x_wconf 89' lang='lat' dir='ltr'><strong>an</strong></span> 
     </span>
    </p>
   </div>
   <div class='ocr_carea' id='block_1_57' title="bbox 50 4067 1666 4133">
    <p class='ocr_par' dir='ltr' id='par_1_57' title="bbox 50 4067 1666 4133">
     <span class='ocr_line' id='line_1_57' title="bbox 50 4067 1666 4133; baseline 0 -11"><span class='ocrx_word' id='word_1_418' title='bbox 50 4070 51 4091; x_wconf 69' lang='lat'><strong><em>‘</em></strong></span> <span class='ocrx_word' id='word_1_419' title='bbox 102 4070 293 4128; x_wconf 86' lang='lat' dir='ltr'><strong>librarii</strong></span> <span class='ocrx_word' id='word_1_420' title='bbox 314 4071 746 4128; x_wconf 88' lang='lat' dir='ltr'><strong>hallucinatione</strong></span> <span class='ocrx_word' id='word_1_421' title='bbox 761 4070 983 4133; x_wconf 87' lang='lat' dir='ltr'><strong>accidit,</strong></span> <span class='ocrx_word' id='word_1_422' title='bbox 1001 4078 1061 4125; x_wconf 91' lang='lat' dir='ltr'><strong>ut</strong></span> <span class='ocrx_word' id='word_1_423' title='bbox 1085 4084 1212 4125; x_wconf 88' lang='lat' dir='ltr'><strong>eum</strong></span> <span class='ocrx_word' id='word_1_424' title='bbox 1236 4076 1458 4125; x_wconf 87' lang='lat' dir='ltr'><strong>senatus</strong></span> <span class='ocrx_word' id='word_1_425' title='bbox 1479 4067 1666 4122; x_wconf 80' lang='lat' dir='ltr'><strong>decre-</strong></span> 
     </span>
    </p>
   </div>
   <div class='ocr_carea' id='block_1_58' title="bbox 102 4153 1667 4232">
    <p class='ocr_par' dir='ltr' id='par_1_58' title="bbox 102 4153 1667 4232">
     <span class='ocr_line' id='line_1_58' title="bbox 102 4153 1667 4232; baseline -0.003 -19"><span class='ocrx_word' id='word_1_426' title='bbox 102 4172 201 4217; x_wconf 88' lang='lat' dir='ltr'><strong>tum</strong></span> <span class='ocrx_word' id='word_1_427' title='bbox 238 4164 302 4220; x_wconf 90' lang='lat' dir='ltr'><strong>de</strong></span> <span class='ocrx_word' id='word_1_428' title='bbox 327 4165 504 4219; x_wconf 83' lang='lat' dir='ltr'><strong>muris</strong></span> <span class='ocrx_word' id='word_1_429' title='bbox 542 4159 1047 4232; x_wconf 83' lang='lat' dir='ltr'><strong>Hierosolymorum</strong></span> <span class='ocrx_word' id='word_1_430' title='bbox 1080 4157 1387 4215; x_wconf 78' lang='lat' dir='ltr'><strong>reﬁciendis</strong></span> <span class='ocrx_word' id='word_1_431' title='bbox 1431 4155 1503 4211; x_wconf 89' lang='lat' dir='ltr'><strong>ab</strong></span> <span class='ocrx_word' id='word_1_432' title='bbox 1524 4153 1667 4227; x_wconf 86' lang='lat' dir='ltr'><strong>Hyr-</strong></span> 
     </span>
    </p>
   </div>
   <div class='ocr_carea' id='block_1_59' title="bbox 50 4245 1670 4324">
    <p class='ocr_par' dir='ltr' id='par_1_59' title="bbox 50 4245 1670 4324">
     <span class='ocr_line' id='line_1_59' title="bbox 50 4245 1670 4324; baseline -0.004 -17"><span class='ocrx_word' id='word_1_433' title='bbox 50 4252 51 4285; x_wconf 77' lang='lat'>‘</span> <span class='ocrx_word' id='word_1_434' title='bbox 99 4268 225 4309; x_wconf 89' lang='lat' dir='ltr'><strong>cano</strong></span> <span class='ocrx_word' id='word_1_435' title='bbox 266 4253 497 4310; x_wconf 87' lang='lat' dir='ltr'><strong>Juniore</strong></span> <span class='ocrx_word' id='word_1_436' title='bbox 550 4253 902 4324; x_wconf 86' lang='lat' dir='ltr'><strong>impetratum</strong></span> <span class='ocrx_word' id='word_1_437' title='bbox 952 4250 1114 4305; x_wconf 85' lang='lat' dir='ltr'><strong>vellet</strong></span> <span class='ocrx_word' id='word_1_438' title='bbox 1165 4247 1466 4312; x_wconf 88' lang='lat' dir='ltr'><strong>ascribere,</strong></span> <span class='ocrx_word' id='word_1_439' title='bbox 1518 4245 1670 4303; x_wconf 89' lang='lat' dir='ltr'><strong>aliud</strong></span> 
     </span>
    </p>
   </div>
   <div class='ocr_carea' id='block_1_60' title="bbox 50 4338 1670 4416">
    <p class='ocr_par' dir='ltr' id='par_1_60' title="bbox 50 4338 1670 4416">
     <span class='ocr_line' id='line_1_60' title="bbox 50 4338 1670 4416; baseline -0.002 -19"><span class='ocrx_word' id='word_1_440' title='bbox 50 4350 52 4379; x_wconf 63' lang='lat' dir='ltr'><strong>l</strong></span> <span class='ocrx_word' id='word_1_441' title='bbox 102 4345 454 4415; x_wconf 80' lang='lat' dir='ltr'><strong>subjunxerit,</strong></span> <span class='ocrx_word' id='word_1_442' title='bbox 506 4345 653 4416; x_wconf 84' lang='lat' dir='ltr'><strong>quod</strong></span> <span class='ocrx_word' id='word_1_443' title='bbox 697 4345 749 4398; x_wconf 93' lang='lat' dir='ltr'><strong>in</strong></span> <span class='ocrx_word' id='word_1_444' title='bbox 784 4343 1016 4416; x_wconf 78' lang='lat' dir='ltr'><strong>gratiam</strong></span> <span class='ocrx_word' id='word_1_445' title='bbox 1046 4339 1282 4412; x_wconf 83' lang='lat' dir='ltr'><strong>Hyrcani</strong></span> <span class='ocrx_word' id='word_1_446' title='bbox 1321 4339 1544 4410; x_wconf 83' lang='lat' dir='ltr'><strong>majoris</strong></span> <span class='ocrx_word' id='word_1_447' title='bbox 1592 4338 1670 4393; x_wconf 89' lang='lat' dir='ltr'><strong>i&#39;a-</strong></span> 
     </span>
    </p>
   </div>
   <div class='ocr_carea' id='block_1_61' title="bbox 100 4433 1668 4503">
    <p class='ocr_par' dir='ltr' id='par_1_61' title="bbox 100 4433 1668 4503">
     <span class='ocr_line' id='line_1_61' title="bbox 100 4433 1668 4503; baseline -0.001 -16"><span class='ocrx_word' id='word_1_448' title='bbox 100 4442 233 4490; x_wconf 90' lang='lat' dir='ltr'><strong>ctum</strong></span> <span class='ocrx_word' id='word_1_449' title='bbox 273 4437 479 4493; x_wconf 79' lang='lat' dir='ltr'><strong>fuerat:</strong></span> <span class='ocrx_word' id='word_1_450' title='bbox 504 4436 837 4491; x_wconf 89' lang='lat' dir='ltr'><strong>cuialterum</strong></span> <span class='ocrx_word' id='word_1_451' title='bbox 874 4433 1284 4489; x_wconf 88' lang='lat' dir='ltr'><strong>Atheniensium</strong></span> <span class='ocrx_word' id='word_1_452' title='bbox 1320 4434 1668 4503; x_wconf 88' lang='lat' dir='ltr'><strong>psephisma,</strong></span> 
     </span>
    </p>
   </div>
   <div class='ocr_carea' id='block_1_62' title="bbox 1766 1955 3353 2033">
    <p class='ocr_par' dir='ltr' id='par_1_62' title="bbox 1766 1955 3353 2033">
     <span class='ocr_line' id='line_1_62' title="bbox 1766 1955 3353 2033; baseline -0.006 -14"><span class='ocrx_word' id='word_1_453' title='bbox 1766 1973 1927 2019; x_wconf 90' lang='lat' dir='ltr'><strong>reret.</strong></span> <span class='ocrx_word' id='word_1_454' title='bbox 1963 1962 2107 2019; x_wconf 88' lang='lat' dir='ltr'><strong>Nulli</strong></span> <span class='ocrx_word' id='word_1_455' title='bbox 2142 1962 2326 2033; x_wconf 88' lang='lat' dir='ltr'><strong>itaque</strong></span> <span class='ocrx_word' id='word_1_456' title='bbox 2367 1961 2606 2018; x_wconf 83' lang='lat' dir='ltr'><strong>Romani</strong></span> <span class='ocrx_word' id='word_1_457' title='bbox 2651 1961 3041 2031; x_wconf 82' lang='lat' dir='ltr'><strong>magistratus,</strong></span> <span class='ocrx_word' id='word_1_458' title='bbox 3096 1955 3353 2028; x_wconf 74' lang='lat' dir='ltr'><strong>praesides</strong></span> 
     </span>
    </p>
   </div>
   <div class='ocr_carea' id='block_1_63' title="bbox 1765 2047 3352 2121">
    <p class='ocr_par' dir='ltr' id='par_1_63' title="bbox 1765 2047 3352 2121">
     <span class='ocr_line' id='line_1_63' title="bbox 1765 2047 3352 2121; baseline -0.006 -11"><span class='ocrx_word' id='word_1_459' title='bbox 1765 2047 1900 2110; x_wconf 74' lang='lat' dir='ltr'><strong>nulli</strong></span> <span class='ocrx_word' id='word_1_460' title='bbox 1948 2054 2190 2111; x_wconf 70' lang='lat' dir='ltr'><strong>Judream</strong></span> <span class='ocrx_word' id='word_1_461' title='bbox 2225 2054 2608 2119; x_wconf 86' lang='lat' dir='ltr'><strong>obtinuerunt,</strong></span> <span class='ocrx_word' id='word_1_462' title='bbox 2649 2066 2751 2107; x_wconf 91' lang='lat' dir='ltr'><strong>nec</strong></span> <span class='ocrx_word' id='word_1_463' title='bbox 2784 2050 2900 2120; x_wconf 90' lang='lat' dir='ltr'><strong>alii,</strong></span> <span class='ocrx_word' id='word_1_464' title='bbox 2950 2063 3117 2121; x_wconf 91' lang='lat' dir='ltr'><strong>quam</strong></span> <span class='ocrx_word' id='word_1_465' title='bbox 3165 2057 3352 2102; x_wconf 81' lang='lat' dir='ltr'><strong>extra-</strong></span> 
     </span>
    </p>
   </div>
   <div class='ocr_carea' id='block_1_64' title="bbox 1764 2140 3353 2216">
    <p class='ocr_par' dir='ltr' id='par_1_64' title="bbox 1764 2140 3353 2216">
     <span class='ocr_line' id='line_1_64' title="bbox 1764 2140 3353 2216; baseline -0.006 -16"><span class='ocrx_word' id='word_1_466' title='bbox 1764 2144 2029 2201; x_wconf 88' lang='lat' dir='ltr'><strong>ordinarii</strong></span> <span class='ocrx_word' id='word_1_467' title='bbox 2060 2143 2352 2216; x_wconf 80' lang='grc' dir='ltr'><strong>ἡγεμόνες,</strong></span> <span class='ocrx_word' id='word_1_468' title='bbox 2388 2143 2493 2200; x_wconf 91' lang='lat' dir='ltr'><strong>boc</strong></span> <span class='ocrx_word' id='word_1_469' title='bbox 2519 2150 2605 2199; x_wconf 87' lang='lat' dir='ltr'><strong>est</strong></span> <span class='ocrx_word' id='word_1_470' title='bbox 2628 2141 2916 2213; x_wconf 63' lang='lat' dir='ltr'><strong>praesides,</strong></span> <span class='ocrx_word' id='word_1_471' title='bbox 2945 2140 3032 2194; x_wconf 88' lang='lat' dir='ltr'><strong>vel</strong></span> <span class='ocrx_word' id='word_1_472' title='bbox 3086 2151 3353 2209; x_wconf 83' lang='lat' dir='ltr'><strong>procura-</strong></span> 
     </span>
    </p>
   </div>
   <div class='ocr_carea' id='block_1_65' title="bbox 1765 2229 3349 2305">
    <p class='ocr_par' dir='ltr' id='par_1_65' title="bbox 1765 2229 3349 2305">
     <span class='ocr_line' id='line_1_65' title="bbox 1765 2229 3349 2305; baseline -0.006 -13"><span class='ocrx_word' id='word_1_473' title='bbox 1765 2246 1933 2305; x_wconf 90' lang='lat' dir='ltr'><strong>tores,</strong></span> <span class='ocrx_word' id='word_1_474' title='bbox 1980 2237 2067 2292; x_wconf 90' lang='lat' dir='ltr'><strong>vel</strong></span> <span class='ocrx_word' id='word_1_475' title='bbox 2110 2237 2367 2293; x_wconf 86' lang='lat' dir='ltr'><strong>universe</strong></span> <span class='ocrx_word' id='word_1_476' title='bbox 2404 2251 2530 2291; x_wconf 90' lang='lat' dir='ltr'><strong>cum</strong></span> <span class='ocrx_word' id='word_1_477' title='bbox 2583 2241 2858 2305; x_wconf 82' lang='lat' dir='ltr'><strong>potestate</strong></span> <span class='ocrx_word' id='word_1_478' title='bbox 2910 2232 3098 2302; x_wconf 89' lang='lat' dir='ltr'><strong>aliqua</strong></span> <span class='ocrx_word' id='word_1_479' title='bbox 3156 2229 3349 2292; x_wconf 88' lang='lat' dir='ltr'><strong>missi,</strong></span> 
     </span>
    </p>
   </div>
   <div class='ocr_carea' id='block_1_66' title="bbox 1765 2319 3353 2398">
    <p class='ocr_par' dir='ltr' id='par_1_66' title="bbox 1765 2319 3353 2398">
     <span class='ocr_line' id='line_1_66' title="bbox 1765 2319 3353 2398; baseline -0.006 -15"><span class='ocrx_word' id='word_1_480' title='bbox 1765 2328 1935 2383; x_wconf 87' lang='lat' dir='ltr'><strong>ullam</strong></span> <span class='ocrx_word' id='word_1_481' title='bbox 1960 2326 2194 2383; x_wconf 85' lang='lat' dir='ltr'><strong>Herodis</strong></span> <span class='ocrx_word' id='word_1_482' title='bbox 2218 2327 2272 2382; x_wconf 90' lang='lat' dir='ltr'><strong>in</strong></span> <span class='ocrx_word' id='word_1_483' title='bbox 2310 2340 2478 2398; x_wconf 89' lang='lat' dir='ltr'><strong>regno</strong></span> <span class='ocrx_word' id='word_1_484' title='bbox 2500 2324 2861 2389; x_wconf 82' lang='lat' dir='ltr'><strong>iunctionem,</strong></span> <span class='ocrx_word' id='word_1_485' title='bbox 2894 2330 2991 2378; x_wconf 87' lang='lat' dir='ltr'><strong>aut</strong></span> <span class='ocrx_word' id='word_1_486' title='bbox 3014 2319 3353 2393; x_wconf 73' lang='lat' dir='ltr'><strong>iurisdictio-</strong></span> 
     </span>
    </p>
   </div>
   <div class='ocr_carea' id='block_1_67' title="bbox 1764 2426 2311 2475">
    <p class='ocr_par' dir='ltr' id='par_1_67' title="bbox 1764 2426 2311 2475">
     <span class='ocr_line' id='line_1_67' title="bbox 1764 2426 2311 2475; baseline -0.002 -1"><span class='ocrx_word' id='word_1_487' title='bbox 1764 2434 1890 2475; x_wconf 90' lang='lat' dir='ltr'><strong>nem</strong></span> <span class='ocrx_word' id='word_1_488' title='bbox 1929 2426 2311 2475; x_wconf 86' lang='lat' dir='ltr'><strong>exercuerunt.</strong></span> 
     </span>
    </p>
   </div>
   <div class='ocr_carea' id='block_1_68' title="bbox 1834 2499 3352 2581">
    <p class='ocr_par' dir='ltr' id='par_1_68' title="bbox 1834 2499 3352 2581">
     <span class='ocr_line' id='line_1_68' title="bbox 1834 2499 3352 2581; baseline -0.007 -15"><span class='ocrx_word' id='word_1_489' title='bbox 1834 2511 1906 2566; x_wconf 86' lang='lat' dir='ltr'><strong>At</strong></span> <span class='ocrx_word' id='word_1_490' title='bbox 1932 2512 1986 2566; x_wconf 90' lang='lat' dir='ltr'><strong>in</strong></span> <span class='ocrx_word' id='word_1_491' title='bbox 2020 2510 2317 2566; x_wconf 73' lang='lat' dir='ltr'><strong>Annalibus</strong></span> <span class='ocrx_word' id='word_1_492' title='bbox 2347 2523 2634 2581; x_wconf 88' lang='lat' dir='ltr'><strong>perperam</strong></span> <span class='ocrx_word' id='word_1_493' title='bbox 2680 2504 2973 2578; x_wconf 84' lang='lat' dir='ltr'><strong>Epiphanii</strong></span> <span class='ocrx_word' id='word_1_494' title='bbox 3013 2518 3172 2559; x_wconf 85' lang='lat' dir='ltr'><strong>mens</strong></span> <span class='ocrx_word' id='word_1_495' title='bbox 3205 2499 3352 2557; x_wconf 87' lang='lat' dir='ltr'><strong>acci-</strong></span> 
     </span>
    </p>
   </div>
   <div class='ocr_carea' id='block_1_69' title="bbox 1768 2594 3353 2679">
    <p class='ocr_par' dir='ltr' id='par_1_69' title="bbox 1768 2594 3353 2679">
     <span class='ocr_line' id='line_1_69' title="bbox 1768 2594 3353 2679; baseline -0.009 -18"><span class='ocrx_word' id='word_1_496' title='bbox 1768 2607 1938 2679; x_wconf 90' lang='lat' dir='ltr'><strong>pitur,</strong></span> <span class='ocrx_word' id='word_1_497' title='bbox 1971 2622 2097 2663; x_wconf 88' lang='lat' dir='ltr'><strong>cum</strong></span> <span class='ocrx_word' id='word_1_498' title='bbox 2127 2605 2179 2662; x_wconf 90' lang='lat' dir='ltr'><strong>id</strong></span> <span class='ocrx_word' id='word_1_499' title='bbox 2210 2619 2336 2660; x_wconf 90' lang='lat' dir='ltr'><strong>eum</strong></span> <span class='ocrx_word' id='word_1_500' title='bbox 2377 2602 2669 2672; x_wconf 84' lang='lat' dir='ltr'><strong>scripsisse</strong></span> <span class='ocrx_word' id='word_1_501' title='bbox 2692 2604 2923 2654; x_wconf 87' lang='lat' dir='ltr'><strong>narrant</strong></span> <span class='ocrx_word' id='word_1_502' title='bbox 2962 2614 2976 2652; x_wconf 89' lang='lat'><strong>:</strong></span> <span class='ocrx_word' id='word_1_503' title='bbox 3020 2594 3224 2665; x_wconf 81' lang='lat' dir='ltr'><strong>Viginti</strong></span> <span class='ocrx_word' id='word_1_504' title='bbox 3252 2610 3353 2647; x_wconf 80' lang='lat' dir='ltr'><strong>no-</strong></span> 
     </span>
    </p>
   </div>
   <div class='ocr_carea' id='block_1_70' title="bbox 1762 2687 3354 2769">
    <p class='ocr_par' dir='ltr' id='par_1_70' title="bbox 1762 2687 3354 2769">
     <span class='ocr_line' id='line_1_70' title="bbox 1762 2687 3354 2769; baseline -0.01 -14"><span class='ocrx_word' id='word_1_505' title='bbox 1762 2717 1877 2755; x_wconf 84' lang='lat' dir='ltr'><strong>vem</strong></span> <span class='ocrx_word' id='word_1_506' title='bbox 1907 2700 2064 2754; x_wconf 80' lang='lat' dir='ltr'><strong>annis</strong></span> <span class='ocrx_word' id='word_1_507' title='bbox 2090 2695 2311 2751; x_wconf 70' lang='lat' dir='ltr'><strong>Judaaos</strong></span> <span class='ocrx_word' id='word_1_508' title='bbox 2340 2694 2591 2749; x_wconf 77' lang='lat' dir='ltr'><strong>Romanis</strong></span> <span class='ocrx_word' id='word_1_509' title='bbox 2635 2690 2841 2769; x_wconf 71' lang='lat' dir='ltr'><strong>tributa</strong></span> <span class='ocrx_word' id='word_1_510' title='bbox 2891 2687 3226 2759; x_wconf 79' lang='lat' dir='ltr'><strong>dependisu,</strong></span> <span class='ocrx_word' id='word_1_511' title='bbox 3260 2701 3354 2739; x_wconf 82' lang='lat' dir='ltr'><strong>an-</strong></span> 
     </span>
    </p>
   </div>
   <div class='ocr_carea' id='block_1_71' title="bbox 1767 2780 3354 2866">
    <p class='ocr_par' dir='ltr' id='par_1_71' title="bbox 1767 2780 3354 2866">
     <span class='ocr_line' id='line_1_71' title="bbox 1767 2780 3354 2866; baseline -0.01 -19"><span class='ocrx_word' id='word_1_512' title='bbox 1767 2802 1976 2864; x_wconf 81' lang='lat' dir='ltr'><strong>tequam</strong></span> <span class='ocrx_word' id='word_1_513' title='bbox 2006 2789 2287 2866; x_wconf 79' lang='lat' dir='ltr'><strong>Antipater</strong></span> <span class='ocrx_word' id='word_1_514' title='bbox 2313 2786 2541 2841; x_wconf 80' lang='lat' dir='ltr'><strong>Herodis</strong></span> <span class='ocrx_word' id='word_1_515' title='bbox 2571 2801 2765 2856; x_wconf 75' lang='lat' dir='ltr'><strong>parens</strong></span> <span class='ocrx_word' id='word_1_516' title='bbox 2803 2780 3011 2837; x_wconf 63' lang='lat' dir='ltr'><strong>Iudicat</strong></span> <span class='ocrx_word' id='word_1_517' title='bbox 3038 2787 3354 2851; x_wconf 76' lang='lat' dir='ltr'><strong>procurator</strong></span> 
     </span>
    </p>
   </div>
   <div class='ocr_carea' id='block_1_72' title="bbox 1765 2881 3356 2946">
    <p class='ocr_par' dir='ltr' id='par_1_72' title="bbox 1765 2881 3356 2946">
     <span class='ocr_line' id='line_1_72' title="bbox 1765 2881 3356 2946; baseline -0.008 -8"><span class='ocrx_word' id='word_1_518' title='bbox 1765 2903 1797 2939; x_wconf 89' lang='lat' dir='ltr'><strong>a</strong></span> <span class='ocrx_word' id='word_1_519' title='bbox 1843 2883 2098 2938; x_wconf 81' lang='lat' dir='ltr'><strong>Romanis</strong></span> <span class='ocrx_word' id='word_1_520' title='bbox 2144 2881 2555 2942; x_wconf 79' lang='lat' dir='ltr'><strong>institueretur;</strong></span> <span class='ocrx_word' id='word_1_521' title='bbox 2596 2893 2691 2931; x_wconf 83' lang='lat' dir='ltr'><strong>nec</strong></span> <span class='ocrx_word' id='word_1_522' title='bbox 2736 2885 2922 2946; x_wconf 75' lang='lat' dir='ltr'><strong>postea</strong></span> <span class='ocrx_word' id='word_1_523' title='bbox 2965 2888 3202 2944; x_wconf 80' lang='lat' dir='ltr'><strong>unquam</strong></span> <span class='ocrx_word' id='word_1_524' title='bbox 3247 2885 3356 2925; x_wconf 78' lang='lat' dir='ltr'><strong>ces-</strong></span> 
     </span>
    </p>
   </div>
   <div class='ocr_carea' id='block_1_73' title="bbox 1769 2965 3355 3040">
    <p class='ocr_par' dir='ltr' id='par_1_73' title="bbox 1769 2965 3355 3040">
     <span class='ocr_line' id='line_1_73' title="bbox 1769 2965 3355 3040; baseline -0.009 -10"><span class='ocrx_word' id='word_1_525' title='bbox 1769 2991 1937 3030; x_wconf 78' lang='lat' dir='ltr'><strong>sasse.</strong></span> <span class='ocrx_word' id='word_1_526' title='bbox 1971 2972 2094 3040; x_wconf 86' lang='lat' dir='ltr'><strong>Quo</strong></span> <span class='ocrx_word' id='word_1_527' title='bbox 2142 2971 2282 3026; x_wconf 88' lang='lat' dir='ltr'><strong>nihil</strong></span> <span class='ocrx_word' id='word_1_528' title='bbox 2311 2985 2437 3024; x_wconf 89' lang='lat' dir='ltr'><strong>cum</strong></span> <span class='ocrx_word' id='word_1_529' title='bbox 2467 2967 2537 3023; x_wconf 89' lang='lat' dir='ltr'><strong>ab</strong></span> <span class='ocrx_word' id='word_1_530' title='bbox 2578 2965 2872 3037; x_wconf 85' lang='lat' dir='ltr'><strong>Epiphanii</strong></span> <span class='ocrx_word' id='word_1_531' title='bbox 2920 2979 3109 3028; x_wconf 91' lang='lat' dir='ltr'><strong>sensu,</strong></span> <span class='ocrx_word' id='word_1_532' title='bbox 3159 2970 3273 3017; x_wconf 90' lang='lat' dir='ltr'><strong>tum</strong></span> <span class='ocrx_word' id='word_1_533' title='bbox 3320 2975 3355 3015; x_wconf 89' lang='lat' dir='ltr'><strong>a</strong></span> 
     </span>
    </p>
   </div>
   <div class='ocr_carea' id='block_1_74' title="bbox 1765 3055 3353 3137">
    <p class='ocr_par' dir='ltr' id='par_1_74' title="bbox 1765 3055 3353 3137">
     <span class='ocr_line' id='line_1_74' title="bbox 1765 3055 3353 3137; baseline -0.009 -13"><span class='ocrx_word' id='word_1_534' title='bbox 1765 3068 1997 3124; x_wconf 87' lang='lat' dir='ltr'><strong>veritate</strong></span> <span class='ocrx_word' id='word_1_535' title='bbox 2028 3067 2145 3137; x_wconf 91' lang='lat' dir='ltr'><strong>ipsa</strong></span> <span class='ocrx_word' id='word_1_536' title='bbox 2169 3065 2277 3121; x_wconf 89' lang='lat' dir='ltr'><strong>dici</strong></span> <span class='ocrx_word' id='word_1_537' title='bbox 2308 3062 2544 3119; x_wconf 89' lang='lat' dir='ltr'><strong>alienius</strong></span> <span class='ocrx_word' id='word_1_538' title='bbox 2582 3069 2787 3133; x_wconf 84' lang='lat' dir='ltr'><strong>potest.</strong></span> <span class='ocrx_word' id='word_1_539' title='bbox 2822 3061 2984 3115; x_wconf 86' lang='lat' dir='ltr'><strong>Anno</strong></span> <span class='ocrx_word' id='word_1_540' title='bbox 3027 3057 3194 3114; x_wconf 87' lang='lat' dir='ltr'><strong>Urbis</strong></span> <span class='ocrx_word' id='word_1_541' title='bbox 3220 3055 3353 3120; x_wconf 77' lang='lat'><strong>691,</strong></span> 
     </span>
    </p>
   </div>
   <div class='ocr_carea' id='block_1_75' title="bbox 1764 3145 3354 3222">
    <p class='ocr_par' dir='ltr' id='par_1_75' title="bbox 1764 3145 3354 3222">
     <span class='ocr_line' id='line_1_75' title="bbox 1764 3145 3354 3222; baseline -0.009 -8"><span class='ocrx_word' id='word_1_542' title='bbox 1764 3159 2032 3215; x_wconf 83' lang='lat' dir='ltr'><strong>Cicerone</strong></span> <span class='ocrx_word' id='word_1_543' title='bbox 2062 3165 2117 3212; x_wconf 89' lang='lat' dir='ltr'><strong>et</strong></span> <span class='ocrx_word' id='word_1_544' title='bbox 2142 3155 2381 3211; x_wconf 90' lang='lat' dir='ltr'><strong>Antonio</strong></span> <span class='ocrx_word' id='word_1_545' title='bbox 2415 3167 2589 3220; x_wconf 91' lang='lat' dir='ltr'><strong>coss.,</strong></span> <span class='ocrx_word' id='word_1_546' title='bbox 2619 3151 2863 3222; x_wconf 89' lang='lat' dir='ltr'><strong>primum</strong></span> <span class='ocrx_word' id='word_1_547' title='bbox 2899 3165 2929 3204; x_wconf 89' lang='lat' dir='ltr'><strong>a</strong></span> <span class='ocrx_word' id='word_1_548' title='bbox 2956 3147 3216 3219; x_wconf 88' lang='lat' dir='ltr'><strong>Pompeio</strong></span> <span class='ocrx_word' id='word_1_549' title='bbox 3251 3145 3354 3201; x_wconf 89' lang='lat' dir='ltr'><strong>tri-</strong></span> 
     </span>
    </p>
   </div>
   <div class='ocr_carea' id='block_1_76' title="bbox 1768 3235 3355 3315">
    <p class='ocr_par' dir='ltr' id='par_1_76' title="bbox 1768 3235 3355 3315">
     <span class='ocr_line' id='line_1_76' title="bbox 1768 3235 3355 3315; baseline -0.009 -9"><span class='ocrx_word' id='word_1_550' title='bbox 1768 3252 1959 3306; x_wconf 89' lang='lat' dir='ltr'><strong>butum</strong></span> <span class='ocrx_word' id='word_1_551' title='bbox 2006 3247 2213 3302; x_wconf 68' lang='lat' dir='ltr'><strong>Judazis</strong></span> <span class='ocrx_word' id='word_1_552' title='bbox 2258 3244 2580 3315; x_wconf 88' lang='lat' dir='ltr'><strong>impositum</strong></span> <span class='ocrx_word' id='word_1_553' title='bbox 2624 3249 2789 3299; x_wconf 79' lang='lat' dir='ltr'><strong>estza</strong></span> <span class='ocrx_word' id='word_1_554' title='bbox 2839 3254 2950 3310; x_wconf 91' lang='lat' dir='ltr'><strong>quo</strong></span> <span class='ocrx_word' id='word_1_555' title='bbox 2988 3247 3236 3310; x_wconf 84' lang='lat' dir='ltr'><strong>tempore</strong></span> <span class='ocrx_word' id='word_1_556' title='bbox 3284 3235 3355 3291; x_wconf 89' lang='lat' dir='ltr'><strong>ad</strong></span> 
     </span>
    </p>
   </div>
   <div class='ocr_carea' id='block_1_77' title="bbox 1764 3327 3353 3411">
    <p class='ocr_par' dir='ltr' id='par_1_77' title="bbox 1764 3327 3353 3411">
     <span class='ocr_line' id='line_1_77' title="bbox 1764 3327 3353 3411; baseline -0.012 -14"><span class='ocrx_word' id='word_1_557' title='bbox 1764 3339 2039 3411; x_wconf 78' lang='lat' dir='ltr'><strong>Antipatri</strong></span> <span class='ocrx_word' id='word_1_558' title='bbox 2091 3337 2573 3409; x_wconf 87' lang='lat' dir='ltr'><strong>procurationem,</strong></span> <span class='ocrx_word' id='word_1_559' title='bbox 2629 3348 2755 3404; x_wconf 65' lang='lat' dir='ltr'><strong>quae</strong></span> <span class='ocrx_word' id='word_1_560' title='bbox 2801 3346 2950 3388; x_wconf 89' lang='lat' dir='ltr'><strong>anno</strong></span> <span class='ocrx_word' id='word_1_561' title='bbox 3008 3330 3111 3385; x_wconf 88' lang='lat'><strong>707</strong></span> <span class='ocrx_word' id='word_1_562' title='bbox 3149 3327 3353 3397; x_wconf 75' lang='lat' dir='ltr'><strong>&#39;erepit,</strong></span> 
     </span>
    </p>
   </div>
   <div class='ocr_carea' id='block_1_78' title="bbox 1765 3419 3350 3501">
    <p class='ocr_par' dir='ltr' id='par_1_78' title="bbox 1765 3419 3350 3501">
     <span class='ocr_line' id='line_1_78' title="bbox 1765 3419 3350 3501; baseline -0.011 -12"><span class='ocrx_word' id='word_1_563' title='bbox 1765 3434 1895 3489; x_wconf 84' lang='lat' dir='ltr'><strong>anni</strong></span> <span class='ocrx_word' id='word_1_564' title='bbox 1930 3441 2059 3488; x_wconf 90' lang='lat' dir='ltr'><strong>sunt</strong></span> <span class='ocrx_word' id='word_1_565' title='bbox 2089 3445 2198 3485; x_wconf 90' lang='lat' dir='ltr'><strong>non</strong></span> <span class='ocrx_word' id='word_1_566' title='bbox 2226 3430 2410 3501; x_wconf 82' lang='lat' dir='ltr'><strong>plures</strong></span> <span class='ocrx_word' id='word_1_567' title='bbox 2432 3443 2566 3494; x_wconf 77' lang='lat' dir='ltr'><strong>xvii,</strong></span> <span class='ocrx_word' id='word_1_568' title='bbox 2596 3426 2798 3481; x_wconf 89' lang='lat' dir='ltr'><strong>nedum</strong></span> <span class='ocrx_word' id='word_1_569' title='bbox 2830 3437 3027 3479; x_wconf 90' lang='lat' dir='ltr'><strong>novem</strong></span> <span class='ocrx_word' id='word_1_570' title='bbox 3057 3432 3111 3476; x_wconf 88' lang='lat' dir='ltr'><strong>et</strong></span> <span class='ocrx_word' id='word_1_571' title='bbox 3138 3419 3350 3489; x_wconf 77' lang='lat' dir='ltr'><strong>viginti.</strong></span> 
     </span>
    </p>
   </div>
   <div class='ocr_carea' id='block_1_79' title="bbox 1765 3511 3353 3595">
    <p class='ocr_par' dir='ltr' id='par_1_79' title="bbox 1765 3511 3353 3595">
     <span class='ocr_line' id='line_1_79' title="bbox 1765 3511 3353 3595; baseline -0.01 -13"><span class='ocrx_word' id='word_1_572' title='bbox 1765 3526 1977 3582; x_wconf 88' lang='lat' dir='ltr'><strong>Herode</strong></span> <span class='ocrx_word' id='word_1_573' title='bbox 2008 3524 2227 3595; x_wconf 91' lang='lat' dir='ltr'><strong>quidem</strong></span> <span class='ocrx_word' id='word_1_574' title='bbox 2258 3536 2443 3578; x_wconf 89' lang='lat' dir='ltr'><strong>rerum</strong></span> <span class='ocrx_word' id='word_1_575' title='bbox 2468 3519 2710 3590; x_wconf 90' lang='lat' dir='ltr'><strong>potiente</strong></span> <span class='ocrx_word' id='word_1_576' title='bbox 2754 3517 3023 3573; x_wconf 88' lang='lat' dir='ltr'><strong>tributum</strong></span> <span class='ocrx_word' id='word_1_577' title='bbox 3046 3514 3219 3570; x_wconf 90' lang='lat' dir='ltr'><strong>ullum</strong></span> <span class='ocrx_word' id='word_1_578' title='bbox 3243 3511 3353 3568; x_wconf 86' lang='lat' dir='ltr'><strong>sal-</strong></span> 
     </span>
    </p>
   </div>
   <div class='ocr_carea' id='block_1_80' title="bbox 1769 3611 3351 3679">
    <p class='ocr_par' dir='ltr' id='par_1_80' title="bbox 1769 3611 3351 3679">
     <span class='ocr_line' id='line_1_80' title="bbox 1769 3611 3351 3679; baseline -0.011 -4"><span class='ocrx_word' id='word_1_579' title='bbox 1769 3628 1876 3676; x_wconf 90' lang='lat' dir='ltr'><strong>tem</strong></span> <span class='ocrx_word' id='word_1_580' title='bbox 1912 3617 2256 3675; x_wconf 87' lang='lat' dir='ltr'><strong>ordinarium</strong></span> <span class='ocrx_word' id='word_1_581' title='bbox 2288 3623 2541 3671; x_wconf 83' lang='lat' dir='ltr'><strong>exactum</strong></span> <span class='ocrx_word' id='word_1_582' title='bbox 2576 3611 2770 3678; x_wconf 84' lang='lat' dir='ltr'><strong>fuisse,</strong></span> <span class='ocrx_word' id='word_1_583' title='bbox 2803 3624 2981 3679; x_wconf 86' lang='lat' dir='ltr'><strong>neque</strong></span> <span class='ocrx_word' id='word_1_584' title='bbox 3016 3621 3207 3662; x_wconf 90' lang='lat' dir='ltr'><strong>verum</strong></span> <span class='ocrx_word' id='word_1_585' title='bbox 3258 3619 3351 3657; x_wconf 85' lang='lat' dir='ltr'><strong>ar-</strong></span> 
     </span>
    </p>
   </div>
   <div class='ocr_carea' id='block_1_81' title="bbox 1766 3697 3355 3779">
    <p class='ocr_par' dir='ltr' id='par_1_81' title="bbox 1766 3697 3355 3779">
     <span class='ocr_line' id='line_1_81' title="bbox 1766 3697 3355 3779; baseline -0.01 -12"><span class='ocrx_word' id='word_1_586' title='bbox 1766 3712 1961 3776; x_wconf 91' lang='lat' dir='ltr'><strong>bitror,</strong></span> <span class='ocrx_word' id='word_1_587' title='bbox 1995 3725 2096 3765; x_wconf 89' lang='lat' dir='ltr'><strong>nec</strong></span> <span class='ocrx_word' id='word_1_588' title='bbox 2136 3708 2258 3779; x_wconf 81' lang='lat' dir='ltr'><strong>ejus</strong></span> <span class='ocrx_word' id='word_1_589' title='bbox 2291 3707 2627 3762; x_wconf 90' lang='lat' dir='ltr'><strong>mentionem</strong></span> <span class='ocrx_word' id='word_1_590' title='bbox 2673 3702 2758 3758; x_wconf 86' lang='lat' dir='ltr'><strong>vel</strong></span> <span class='ocrx_word' id='word_1_591' title='bbox 2805 3702 2993 3757; x_wconf 87' lang='lat' dir='ltr'><strong>littera</strong></span> <span class='ocrx_word' id='word_1_592' title='bbox 3029 3715 3136 3754; x_wconf 91' lang='lat' dir='ltr'><strong>una</strong></span> <span class='ocrx_word' id='word_1_593' title='bbox 3173 3697 3355 3752; x_wconf 82' lang='lat' dir='ltr'><strong>Lucas</strong></span> 
     </span>
    </p>
   </div>
   <div class='ocr_carea' id='block_1_82' title="bbox 1767 3786 3356 3867">
    <p class='ocr_par' dir='ltr' id='par_1_82' title="bbox 1767 3786 3356 3867">
     <span class='ocr_line' id='line_1_82' title="bbox 1767 3786 3356 3867; baseline -0.009 -16"><span class='ocrx_word' id='word_1_594' title='bbox 1767 3796 1969 3867; x_wconf 87' lang='lat' dir='ltr'><strong>attigit.</strong></span> <span class='ocrx_word' id='word_1_595' title='bbox 2003 3793 2122 3849; x_wconf 87' lang='lat' dir='ltr'><strong>Non</strong></span> <span class='ocrx_word' id='word_1_596' title='bbox 2147 3793 2293 3848; x_wconf 87' lang='lat' dir='ltr'><strong>enim</strong></span> <span class='ocrx_word' id='word_1_597' title='bbox 2330 3789 2748 3861; x_wconf 77' lang='grc' dir='ltr'><strong>ἀπογράφεσθαι</strong></span> <span class='ocrx_word' id='word_1_598' title='bbox 2781 3788 2927 3844; x_wconf 87' lang='lat' dir='ltr'><strong>idem</strong></span> <span class='ocrx_word' id='word_1_599' title='bbox 2958 3786 3104 3841; x_wconf 80' lang='lat' dir='ltr'><strong>valet</strong></span> <span class='ocrx_word' id='word_1_600' title='bbox 3130 3800 3197 3840; x_wconf 86' lang='lat' dir='ltr'><strong>ac</strong></span> <span class='ocrx_word' id='word_1_601' title='bbox 3225 3798 3356 3839; x_wconf 87' lang='lat' dir='ltr'><strong>cen-</strong></span> 
     </span>
    </p>
   </div>
   <div class='ocr_carea' id='block_1_83' title="bbox 1770 3873 3359 3952">
    <p class='ocr_par' dir='ltr' id='par_1_83' title="bbox 1770 3873 3359 3952">
     <span class='ocr_line' id='line_1_83' title="bbox 1770 3873 3359 3952; baseline -0.009 -9"><span class='ocrx_word' id='word_1_602' title='bbox 1770 3901 1916 3952; x_wconf 88' lang='lat' dir='ltr'><strong>sum,</strong></span> <span class='ocrx_word' id='word_1_603' title='bbox 1948 3886 2034 3941; x_wconf 87' lang='lat' dir='ltr'><strong>vel</strong></span> <span class='ocrx_word' id='word_1_604' title='bbox 2067 3884 2334 3941; x_wconf 86' lang='lat' dir='ltr'><strong>tributum</strong></span> <span class='ocrx_word' id='word_1_605' title='bbox 2367 3882 2617 3948; x_wconf 89' lang='lat' dir='ltr'><strong>solvere;</strong></span> <span class='ocrx_word' id='word_1_606' title='bbox 2654 3887 2771 3945; x_wconf 89' lang='lat' dir='ltr'><strong>aut,</strong></span> <span class='ocrx_word' id='word_1_607' title='bbox 2805 3877 2854 3934; x_wconf 87' lang='lat' dir='ltr'><strong>si</strong></span> <span class='ocrx_word' id='word_1_608' title='bbox 2876 3876 3024 3932; x_wconf 91' lang='lat' dir='ltr'><strong>istud</strong></span> <span class='ocrx_word' id='word_1_609' title='bbox 3056 3876 3238 3945; x_wconf 89' lang='lat' dir='ltr'><strong>ipsum</strong></span> <span class='ocrx_word' id='word_1_610' title='bbox 3278 3873 3359 3929; x_wconf 83' lang='lat' dir='ltr'><strong>si-</strong></span> 
     </span>
    </p>
   </div>
   <div class='ocr_carea' id='block_1_84' title="bbox 1771 3965 3362 4049">
    <p class='ocr_par' dir='ltr' id='par_1_84' title="bbox 1771 3965 3362 4049">
     <span class='ocr_line' id='line_1_84' title="bbox 1771 3965 3362 4049; baseline -0.008 -16"><span class='ocrx_word' id='word_1_611' title='bbox 1771 3977 2079 4049; x_wconf 81' lang='lat' dir='ltr'><strong>gniﬁcaret,</strong></span> <span class='ocrx_word' id='word_1_612' title='bbox 2113 3975 2302 4031; x_wconf 87' lang='lat' dir='ltr'><strong>statim</strong></span> <span class='ocrx_word' id='word_1_613' title='bbox 2334 3974 2402 4030; x_wconf 86' lang='lat' dir='ltr'><strong>de</strong></span> <span class='ocrx_word' id='word_1_614' title='bbox 2447 3971 2729 4031; x_wconf 82' lang='lat' dir='ltr'><strong>ordinaria</strong></span> <span class='ocrx_word' id='word_1_615' title='bbox 2766 3967 3137 4040; x_wconf 83' lang='lat' dir='ltr'><strong>pensitatione</strong></span> <span class='ocrx_word' id='word_1_616' title='bbox 3171 3965 3362 4037; x_wconf 84' lang='lat' dir='ltr'><strong>potius</strong></span> 
     </span>
    </p>
   </div>
   <div class='ocr_carea' id='block_1_85' title="bbox 1768 4055 3361 4139">
    <p class='ocr_par' dir='ltr' id='par_1_85' title="bbox 1768 4055 3361 4139">
     <span class='ocr_line' id='line_1_85' title="bbox 1768 4055 3361 4139; baseline -0.009 -16"><span class='ocrx_word' id='word_1_617' title='bbox 1768 4067 2182 4139; x_wconf 89' lang='lat' dir='ltr'><strong>intelligendum</strong></span> <span class='ocrx_word' id='word_1_618' title='bbox 2212 4066 2513 4130; x_wconf 90' lang='lat' dir='ltr'><strong>videretur,</strong></span> <span class='ocrx_word' id='word_1_619' title='bbox 2543 4076 2708 4132; x_wconf 83' lang='lat' dir='ltr'><strong>quam</strong></span> <span class='ocrx_word' id='word_1_620' title='bbox 2748 4060 2817 4116; x_wconf 84' lang='lat' dir='ltr'><strong>ad</strong></span> <span class='ocrx_word' id='word_1_621' title='bbox 2860 4055 3361 4116; x_wconf 80' lang='lat' dir='ltr'><strong>extraordinariam</strong></span> 
     </span>
    </p>
   </div>
   <div class='ocr_carea' id='block_1_86' title="bbox 1768 4147 3361 4226">
    <p class='ocr_par' dir='ltr' id='par_1_86' title="bbox 1768 4147 3361 4226">
     <span class='ocr_line' id='line_1_86' title="bbox 1768 4147 3361 4226; baseline -0.01 -8"><span class='ocrx_word' id='word_1_622' title='bbox 1768 4160 2138 4218; x_wconf 81' lang='lat' dir='ltr'><strong>referendum.</strong></span> <span class='ocrx_word' id='word_1_623' title='bbox 2169 4158 2278 4214; x_wconf 77' lang='lat' dir='ltr'><strong>Sed</strong></span> <span class='ocrx_word' id='word_1_624' title='bbox 2306 4172 2409 4212; x_wconf 90' lang='lat' dir='ltr'><strong>nec</strong></span> <span class='ocrx_word' id='word_1_625' title='bbox 2438 4155 2570 4211; x_wconf 88' lang='lat' dir='ltr'><strong>illud</strong></span> <span class='ocrx_word' id='word_1_626' title='bbox 2600 4154 2795 4226; x_wconf 89' lang='lat' dir='ltr'><strong>probo,</strong></span> <span class='ocrx_word' id='word_1_627' title='bbox 2818 4152 2966 4223; x_wconf 88' lang='lat' dir='ltr'><strong>quod</strong></span> <span class='ocrx_word' id='word_1_628' title='bbox 3006 4149 3207 4205; x_wconf 84' lang='lat' dir='ltr'><strong>ibidem</strong></span> <span class='ocrx_word' id='word_1_629' title='bbox 3236 4147 3361 4202; x_wconf 48' lang='lat' dir='ltr'><strong>dis-</strong></span> 
     </span>
    </p>
   </div>
   <div class='ocr_carea' id='block_1_87' title="bbox 1769 4240 3364 4326">
    <p class='ocr_par' dir='ltr' id='par_1_87' title="bbox 1769 4240 3364 4326">
     <span class='ocr_line' id='line_1_87' title="bbox 1769 4240 3364 4326; baseline -0.011 -17"><span class='ocrx_word' id='word_1_630' title='bbox 1769 4262 2041 4326; x_wconf 91' lang='lat' dir='ltr'><strong>putatur:</strong></span> <span class='ocrx_word' id='word_1_631' title='bbox 2089 4260 2380 4322; x_wconf 85' lang='lat' dir='ltr'><strong>propterea</strong></span> <span class='ocrx_word' id='word_1_632' title='bbox 2425 4248 2663 4319; x_wconf 89' lang='lat' dir='ltr'><strong>primam</strong></span> <span class='ocrx_word' id='word_1_633' title='bbox 2705 4246 2854 4299; x_wconf 91' lang='lat' dir='ltr'><strong>illam</strong></span> <span class='ocrx_word' id='word_1_634' title='bbox 2890 4257 2922 4299; x_wconf 89' lang='lat' dir='ltr'><strong>a</strong></span> <span class='ocrx_word' id='word_1_635' title='bbox 2949 4240 3183 4309; x_wconf 82' lang='lat' dir='ltr'><strong>Quirino</strong></span> <span class='ocrx_word' id='word_1_636' title='bbox 3226 4253 3364 4293; x_wconf 82' lang='lat' dir='ltr'><strong>cen-</strong></span> 
     </span>
    </p>
   </div>
   <div class='ocr_carea' id='block_1_88' title="bbox 1775 4330 3363 4405">
    <p class='ocr_par' dir='ltr' id='par_1_88' title="bbox 1775 4330 3363 4405">
     <span class='ocr_line' id='line_1_88' title="bbox 1775 4330 3363 4405; baseline -0.013 -4"><span class='ocrx_word' id='word_1_637' title='bbox 1775 4346 1989 4401; x_wconf 90' lang='lat' dir='ltr'><strong>sionem</strong></span> <span class='ocrx_word' id='word_1_638' title='bbox 2022 4342 2338 4397; x_wconf 88' lang='lat' dir='ltr'><strong>institutam</strong></span> <span class='ocrx_word' id='word_1_639' title='bbox 2366 4339 2499 4403; x_wconf 91' lang='lat' dir='ltr'><strong>dici,</strong></span> <span class='ocrx_word' id='word_1_640' title='bbox 2525 4335 2674 4405; x_wconf 90' lang='lat' dir='ltr'><strong>quod</strong></span> <span class='ocrx_word' id='word_1_641' title='bbox 2704 4335 2954 4390; x_wconf 84' lang='lat' dir='ltr'><strong>Romano</strong></span> <span class='ocrx_word' id='word_1_642' title='bbox 2979 4346 3132 4388; x_wconf 89' lang='lat' dir='ltr'><strong>more</strong></span> <span class='ocrx_word' id='word_1_643' title='bbox 3159 4330 3363 4399; x_wconf 82' lang='lat' dir='ltr'><strong>quinto</strong></span> 
     </span>
    </p>
   </div>
   <div class='ocr_carea' id='block_1_89' title="bbox 1773 4421 3358 4508">
    <p class='ocr_par' dir='ltr' id='par_1_89' title="bbox 1773 4421 3358 4508">
     <span class='ocr_line' id='line_1_89' title="bbox 1773 4421 3358 4508; baseline -0.011 -16"><span class='ocrx_word' id='word_1_644' title='bbox 1773 4450 1995 4508; x_wconf 86' lang='lat' dir='ltr'><strong>quoque</strong></span> <span class='ocrx_word' id='word_1_645' title='bbox 2043 4448 2191 4489; x_wconf 90' lang='lat' dir='ltr'><strong>anno</strong></span> <span class='ocrx_word' id='word_1_646' title='bbox 2238 4440 2440 4487; x_wconf 88' lang='lat' dir='ltr'><strong>census</strong></span> <span class='ocrx_word' id='word_1_647' title='bbox 2497 4430 2815 4484; x_wconf 86' lang='lat' dir='ltr'><strong>haberetur.</strong></span> <span class='ocrx_word' id='word_1_648' title='bbox 2874 4423 3011 4479; x_wconf 85' lang='lat' dir='ltr'><strong>Nam</strong></span> <span class='ocrx_word' id='word_1_649' title='bbox 3069 4437 3172 4478; x_wconf 85' lang='lat' dir='ltr'><strong>nec</strong></span> <span class='ocrx_word' id='word_1_650' title='bbox 3223 4421 3358 4475; x_wconf 80' lang='lat' dir='ltr'><strong>illud</strong></span> 
     </span>
    </p>
   </div>
   <div class='ocr_carea' id='block_1_90' title="bbox 50 4513 3366 4598">
    <p class='ocr_par' dir='ltr' id='par_1_90' title="bbox 50 4513 3366 4598">
     <span class='ocr_line' id='line_1_90' title="bbox 50 4513 3366 4598; baseline -0.005 -18"><span class='ocrx_word' id='word_1_651' title='bbox 50 4536 51 4549; x_wconf 83' lang='lat'>‘</span> <span class='ocrx_word' id='word_1_652' title='bbox 104 4527 236 4588; x_wconf 83' lang='lat' dir='ltr'><strong>quod</strong></span> <span class='ocrx_word' id='word_1_653' title='bbox 287 4528 480 4584; x_wconf 87' lang='lat' dir='ltr'><strong>eodem</strong></span> <span class='ocrx_word' id='word_1_654' title='bbox 534 4527 863 4598; x_wconf 90' lang='lat' dir='ltr'><strong>pertinebat,</strong></span> <span class='ocrx_word' id='word_1_655' title='bbox 925 4524 1200 4596; x_wconf 87' lang='lat' dir='ltr'><strong>ascripsit.</strong></span> <span class='ocrx_word' id='word_1_656' title='bbox 1236 4524 1393 4590; x_wconf 84' lang='lat' dir='ltr'><strong>Quod</strong></span> <span class='ocrx_word' id='word_1_657' title='bbox 1442 4525 1664 4594; x_wconf 90' lang='lat' dir='ltr'><strong>quidem</strong></span> <span class='ocrx_word' id='word_1_658' title='bbox 1697 4537 1743 4592; x_wconf 78' lang='grc' dir='ltr'><strong>ι)</strong></span> <span class='ocrx_word' id='word_1_659' title='bbox 1773 4533 2033 4595; x_wconf 88' lang='lat' dir='ltr'><strong>perpetuo</strong></span> <span class='ocrx_word' id='word_1_660' title='bbox 2061 4520 2237 4577; x_wconf 89' lang='lat' dir='ltr'><strong>tenuit</strong></span> <span class='ocrx_word' id='word_1_661' title='bbox 2255 4528 2316 4574; x_wconf 91' lang='lat' dir='ltr'><strong>ut</strong></span> <span class='ocrx_word' id='word_1_662' title='bbox 2338 4519 2584 4590; x_wconf 89' lang='lat' dir='ltr'><strong>quinque</strong></span> <span class='ocrx_word' id='word_1_663' title='bbox 2607 4518 2770 4571; x_wconf 88' lang='lat' dir='ltr'><strong>annis</strong></span> <span class='ocrx_word' id='word_1_664' title='bbox 2791 4513 3132 4570; x_wconf 84' lang='lat' dir='ltr'><strong>vertentibus</strong></span> <span class='ocrx_word' id='word_1_665' title='bbox 3156 4524 3366 4565; x_wconf 83' lang='lat' dir='ltr'><strong>census</strong></span> 
     </span>
    </p>
   </div>
   <div class='ocr_carea' id='block_1_91' title="bbox 102 4613 1667 4685">
    <p class='ocr_par' dir='ltr' id='par_1_91' title="bbox 102 4613 1667 4685">
     <span class='ocr_line' id='line_1_91' title="bbox 102 4613 1667 4685; baseline 0.001 -17"><span class='ocrx_word' id='word_1_666' title='bbox 102 4614 320 4676; x_wconf 84' lang='lat' dir='ltr'><strong>Eusebio</strong></span> <span class='ocrx_word' id='word_1_667' title='bbox 354 4619 538 4676; x_wconf 83' lang='lat' dir='ltr'><strong>fraudi</strong></span> <span class='ocrx_word' id='word_1_668' title='bbox 590 4619 708 4674; x_wconf 82' lang='lat' dir='ltr'><strong>fuit.</strong></span> <span class='ocrx_word' id='word_1_669' title='bbox 759 4617 863 4685; x_wconf 84' lang='lat' dir='ltr'><strong>Qui</strong></span> <span class='ocrx_word' id='word_1_670' title='bbox 899 4618 968 4671; x_wconf 87' lang='lat' dir='ltr'><strong>ad</strong></span> <span class='ocrx_word' id='word_1_671' title='bbox 1017 4630 1221 4672; x_wconf 87' lang='lat' dir='ltr'><strong>annum</strong></span> <span class='ocrx_word' id='word_1_672' title='bbox 1267 4616 1490 4672; x_wconf 89' lang='lat' dir='ltr'><strong>tertium</strong></span> <span class='ocrx_word' id='word_1_673' title='bbox 1539 4613 1667 4670; x_wconf 81' lang='lat' dir='ltr'><strong>Julii</strong></span> 
     </span>
    </p>
   </div>
   <div class='ocr_carea' id='block_1_92' title="bbox 50 4707 1665 4783">
    <p class='ocr_par' dir='ltr' id='par_1_92' title="bbox 50 4707 1665 4783">
     <span class='ocr_line' id='line_1_92' title="bbox 50 4707 1665 4783; baseline -0.001 -21"><span class='ocrx_word' id='word_1_674' title='bbox 50 4718 51 4745; x_wconf 57' lang='grc' dir='ltr'>ι</span> <span class='ocrx_word' id='word_1_675' title='bbox 98 4707 338 4780; x_wconf 66' lang='lat' dir='ltr'><strong>Caesaris,</strong></span> <span class='ocrx_word' id='word_1_676' title='bbox 371 4712 580 4783; x_wconf 85' lang='lat' dir='ltr'><strong>olymp.</strong></span> <span class='ocrx_word' id='word_1_677' title='bbox 633 4708 739 4765; x_wconf 79' lang='grc'><strong>188</strong></span> <span class='ocrx_word' id='word_1_678' title='bbox 788 4708 1032 4774; x_wconf 87' lang='lat' dir='ltr'><strong>tertium,</strong></span> <span class='ocrx_word' id='word_1_679' title='bbox 1077 4708 1339 4770; x_wconf 82' lang='lat' dir='ltr'><strong>adnotat,</strong></span> <span class='ocrx_word' id='word_1_680' title='bbox 1387 4707 1665 4761; x_wconf 86' lang='lat' dir='ltr'><strong>decretum</strong></span> 
     </span>
    </p>
   </div>
   <div class='ocr_carea' id='block_1_93' title="bbox 50 4796 1665 4862">
    <p class='ocr_par' dir='ltr' id='par_1_93' title="bbox 50 4796 1665 4862">
     <span class='ocr_line' id='line_1_93' title="bbox 50 4796 1665 4862; baseline -0.002 -8"><span class='ocrx_word' id='word_1_681' title='bbox 50 4806 53 4839; x_wconf 70' lang='grc' dir='ltr'><strong><em>π</em></strong></span> <span class='ocrx_word' id='word_1_682' title='bbox 98 4811 308 4858; x_wconf 78' lang='lat' dir='ltr'><strong>senatus</strong></span> <span class='ocrx_word' id='word_1_683' title='bbox 346 4811 403 4858; x_wconf 88' lang='lat' dir='ltr'><strong>et</strong></span> <span class='ocrx_word' id='word_1_684' title='bbox 440 4800 856 4856; x_wconf 86' lang='lat' dir='ltr'><strong>Atheniensium</strong></span> <span class='ocrx_word' id='word_1_685' title='bbox 902 4799 968 4853; x_wconf 89' lang='lat' dir='ltr'><strong>ad</strong></span> <span class='ocrx_word' id='word_1_686' title='bbox 1001 4797 1222 4853; x_wconf 72' lang='lat' dir='ltr'><strong>Judazos</strong></span> <span class='ocrx_word' id='word_1_687' title='bbox 1250 4812 1374 4853; x_wconf 87' lang='lat' dir='ltr'><strong>esse</strong></span> <span class='ocrx_word' id='word_1_688' title='bbox 1415 4796 1665 4862; x_wconf 87' lang='lat' dir='ltr'><strong>missum,</strong></span> 
     </span>
    </p>
   </div>
   <div class='ocr_carea' id='block_1_94' title="bbox 50 4886 1666 4967">
    <p class='ocr_par' dir='ltr' id='par_1_94' title="bbox 50 4886 1666 4967">
     <span class='ocr_line' id='line_1_94' title="bbox 50 4886 1666 4967; baseline -0.002 -22"><span class='ocrx_word' id='word_1_689' title='bbox 50 4904 51 4913; x_wconf 79' lang='lat'>‘</span> <span class='ocrx_word' id='word_1_690' title='bbox 97 4894 181 4962; x_wconf 90' lang='lat' dir='ltr'><strong>qui</strong></span> <span class='ocrx_word' id='word_1_691' title='bbox 204 4910 297 4965; x_wconf 86' lang='lat' dir='ltr'><strong>per</strong></span> <span class='ocrx_word' id='word_1_692' title='bbox 315 4895 528 4967; x_wconf 83' lang='lat' dir='ltr'><strong>legatos</strong></span> <span class='ocrx_word' id='word_1_693' title='bbox 549 4891 851 4948; x_wconf 90' lang='lat' dir='ltr'><strong>amicitiam</strong></span> <span class='ocrx_word' id='word_1_694' title='bbox 871 4891 1238 4959; x_wconf 80' lang='lat' dir='ltr'><strong>postularant.</strong></span> <span class='ocrx_word' id='word_1_695' title='bbox 1276 4886 1390 4943; x_wconf 88' lang='lat' dir='ltr'><strong>Hoc</strong></span> <span class='ocrx_word' id='word_1_696' title='bbox 1419 4902 1551 4941; x_wconf 88' lang='lat' dir='ltr'><strong>vero</strong></span> <span class='ocrx_word' id='word_1_697' title='bbox 1574 4887 1666 4942; x_wconf 85' lang='lat' dir='ltr'><strong>diu</strong></span> 
     </span>
    </p>
   </div>
   <div class='ocr_carea' id='block_1_95' title="bbox 50 4978 1668 5057">
    <p class='ocr_par' dir='ltr' id='par_1_95' title="bbox 50 4978 1668 5057">
     <span class='ocr_line' id='line_1_95' title="bbox 50 4978 1668 5057; baseline -0.001 -21"><span class='ocrx_word' id='word_1_698' title='bbox 50 4992 51 5025; x_wconf 59' lang='grc' dir='ltr'>ι</span> <span class='ocrx_word' id='word_1_699' title='bbox 96 4994 212 5041; x_wconf 86' lang='lat' dir='ltr'><strong>ante</strong></span> <span class='ocrx_word' id='word_1_700' title='bbox 238 4995 452 5057; x_wconf 84' lang='lat' dir='ltr'><strong>gestum</strong></span> <span class='ocrx_word' id='word_1_701' title='bbox 482 4994 620 5053; x_wconf 88' lang='lat' dir='ltr'><strong>erat,</strong></span> <span class='ocrx_word' id='word_1_702' title='bbox 653 4983 757 5040; x_wconf 87' lang='lat' dir='ltr'><strong>sub</strong></span> <span class='ocrx_word' id='word_1_703' title='bbox 807 4980 1060 5054; x_wconf 78' lang='lat' dir='ltr'><strong>Hyrcano</strong></span> <span class='ocrx_word' id='word_1_704' title='bbox 1096 4979 1347 5047; x_wconf 84' lang='lat' dir='ltr'><strong>Seniure,</strong></span> <span class='ocrx_word' id='word_1_705' title='bbox 1399 4987 1459 5033; x_wconf 90' lang='lat' dir='ltr'><strong>ut</strong></span> <span class='ocrx_word' id='word_1_706' title='bbox 1492 4978 1668 5034; x_wconf 83' lang='lat' dir='ltr'><strong>cuivis</strong></span> 
     </span>
    </p>
   </div>
   <div class='ocr_carea' id='block_1_96' title="bbox 95 5086 328 5144">
    <p class='ocr_par' dir='ltr' id='par_1_96' title="bbox 95 5086 328 5144">
     <span class='ocr_line' id='line_1_96' title="bbox 95 5086 328 5144; baseline 0.013 -15"><span class='ocrx_word' id='word_1_707' title='bbox 95 5086 328 5144; x_wconf 70' lang='lat' dir='ltr'><strong>apparet.</strong></span> 
     </span>
    </p>
   </div>
   <div class='ocr_carea' id='block_1_97' title="bbox 50 5161 1665 5237">
    <p class='ocr_par' dir='ltr' id='par_1_97' title="bbox 50 5161 1665 5237">
     <span class='ocr_line' id='line_1_97' title="bbox 50 5161 1665 5237; baseline -0.003 -18"><span class='ocrx_word' id='word_1_708' title='bbox 50 5178 52 5211; x_wconf 58' lang='grc' dir='ltr'><em>ν</em></span> <span class='ocrx_word' id='word_1_709' title='bbox 162 5165 500 5237; x_wconf 68' lang='lat' dir='ltr'><strong>llzecitaque</strong></span> <span class='ocrx_word' id='word_1_710' title='bbox 551 5166 788 5222; x_wconf 88' lang='lat' dir='ltr'><strong>societas</strong></span> <span class='ocrx_word' id='word_1_711' title='bbox 818 5170 905 5218; x_wconf 88' lang='lat' dir='ltr'><strong>est</strong></span> <span class='ocrx_word' id='word_1_712' title='bbox 948 5163 1063 5229; x_wconf 89' lang='lat' dir='ltr'><strong>illa,</strong></span> <span class='ocrx_word' id='word_1_713' title='bbox 1103 5169 1159 5217; x_wconf 90' lang='lat' dir='ltr'><strong>et</strong></span> <span class='ocrx_word' id='word_1_714' title='bbox 1192 5161 1451 5225; x_wconf 87' lang='lat' dir='ltr'><strong>amicitia,</strong></span> <span class='ocrx_word' id='word_1_715' title='bbox 1501 5174 1665 5229; x_wconf 86' lang='lat' dir='ltr'><strong>quam</strong></span> 
     </span>
    </p>
   </div>
   <div class='ocr_carea' id='block_1_98' title="bbox 93 5249 1669 5329">
    <p class='ocr_par' dir='ltr' id='par_1_98' title="bbox 93 5249 1669 5329">
     <span class='ocr_line' id='line_1_98' title="bbox 93 5249 1669 5329; baseline -0.003 -22"><span class='ocrx_word' id='word_1_716' title='bbox 93 5256 187 5311; x_wconf 87' lang='lat' dir='ltr'><strong>sub</strong></span> <span class='ocrx_word' id='word_1_717' title='bbox 212 5257 445 5329; x_wconf 83' lang='lat' dir='ltr'><strong>Augusti</strong></span> <span class='ocrx_word' id='word_1_718' title='bbox 507 5257 721 5312; x_wconf 89' lang='lat' dir='ltr'><strong>initium</strong></span> <span class='ocrx_word' id='word_1_719' title='bbox 759 5255 898 5309; x_wconf 89' lang='lat' dir='ltr'><strong>inter</strong></span> <span class='ocrx_word' id='word_1_720' title='bbox 920 5252 1137 5308; x_wconf 64' lang='lat' dir='ltr'><strong>Iudaeos</strong></span> <span class='ocrx_word' id='word_1_721' title='bbox 1168 5259 1224 5306; x_wconf 89' lang='lat' dir='ltr'><strong>et</strong></span> <span class='ocrx_word' id='word_1_722' title='bbox 1253 5250 1535 5306; x_wconf 75' lang='lat' dir='ltr'><strong>Romanos</strong></span> <span class='ocrx_word' id='word_1_723' title='bbox 1584 5249 1669 5303; x_wconf 73' lang='lat' dir='ltr'><strong>ia-</strong></span> 
     </span>
    </p>
   </div>
   <div class='ocr_carea' id='block_1_99' title="bbox 50 5340 1667 5419">
    <p class='ocr_par' dir='ltr' id='par_1_99' title="bbox 50 5340 1667 5419">
     <span class='ocr_line' id='line_1_99' title="bbox 50 5340 1667 5419; baseline -0.003 -18"><span class='ocrx_word' id='word_1_724' title='bbox 50 5366 51 5381; x_wconf 58' lang='grc' dir='ltr'>ι</span> <span class='ocrx_word' id='word_1_725' title='bbox 92 5355 391 5406; x_wconf 88' lang='lat' dir='ltr'><strong>stauratum</strong></span> <span class='ocrx_word' id='word_1_726' title='bbox 423 5350 586 5406; x_wconf 90' lang='lat' dir='ltr'><strong>docet</strong></span> <span class='ocrx_word' id='word_1_727' title='bbox 615 5347 976 5419; x_wconf 84' lang='lat' dir='ltr'><strong>Epiphanius,</strong></span> <span class='ocrx_word' id='word_1_728' title='bbox 1008 5359 1133 5417; x_wconf 78' lang='lat' dir='ltr'><strong>qua:</strong></span> <span class='ocrx_word' id='word_1_729' title='bbox 1175 5342 1243 5398; x_wconf 89' lang='lat' dir='ltr'><strong>ad</strong></span> <span class='ocrx_word' id='word_1_730' title='bbox 1275 5340 1402 5398; x_wconf 80' lang='lat' dir='ltr'><strong>Julii</strong></span> <span class='ocrx_word' id='word_1_731' title='bbox 1433 5340 1667 5397; x_wconf 64' lang='lat' dir='ltr'><strong>Caesaris</strong></span> 
     </span>
    </p>
   </div>
   <div class='ocr_carea' id='block_1_100' title="bbox 50 5426 1666 5510">
    <p class='ocr_par' dir='ltr' id='par_1_100' title="bbox 50 5426 1666 5510">
     <span class='ocr_line' id='line_1_100' title="bbox 50 5426 1666 5510; baseline -0.002 -19"><span class='ocrx_word' id='word_1_732' title='bbox 50 5474 51 5477; x_wconf 60' lang='grc' dir='ltr'><strong>η</strong></span> <span class='ocrx_word' id='word_1_733' title='bbox 93 5446 327 5510; x_wconf 87' lang='lat' dir='ltr'><strong>tempora</strong></span> <span class='ocrx_word' id='word_1_734' title='bbox 383 5442 548 5497; x_wconf 90' lang='lat' dir='ltr'><strong>debet</strong></span> <span class='ocrx_word' id='word_1_735' title='bbox 596 5439 825 5507; x_wconf 79' lang='lat' dir='ltr'><strong>referri;</strong></span> <span class='ocrx_word' id='word_1_736' title='bbox 858 5453 983 5493; x_wconf 91' lang='lat' dir='ltr'><strong>cum</strong></span> <span class='ocrx_word' id='word_1_737' title='bbox 1042 5436 1328 5507; x_wconf 83' lang='lat' dir='ltr'><strong>Hyrcanus</strong></span> <span class='ocrx_word' id='word_1_738' title='bbox 1353 5426 1666 5489; x_wconf 69' lang='lat' dir='ltr'><strong>Judaeorum</strong></span> 
     </span>
    </p>
   </div>
   <div class='ocr_carea' id='block_1_101' title="bbox 50 5525 1667 5597">
    <p class='ocr_par' dir='ltr' id='par_1_101' title="bbox 50 5525 1667 5597">
     <span class='ocr_line' id='line_1_101' title="bbox 50 5525 1667 5597; baseline -0.002 -13"><span class='ocrx_word' id='word_1_739' title='bbox 50 5558 51 5583; x_wconf 64' lang='grc' dir='ltr'>ι</span> <span class='ocrx_word' id='word_1_740' title='bbox 92 5530 353 5597; x_wconf 80' lang='lat' dir='ltr'><strong>pontifex,</strong></span> <span class='ocrx_word' id='word_1_741' title='bbox 379 5540 436 5586; x_wconf 94' lang='lat' dir='ltr'><strong>et</strong></span> <span class='ocrx_word' id='word_1_742' title='bbox 475 5532 774 5588; x_wconf 88' lang='lat' dir='ltr'><strong>ethnarcha</strong></span> <span class='ocrx_word' id='word_1_743' title='bbox 803 5532 874 5586; x_wconf 89' lang='lat' dir='ltr'><strong>ab</strong></span> <span class='ocrx_word' id='word_1_744' title='bbox 903 5529 997 5585; x_wconf 92' lang='lat' dir='ltr'><strong>illo</strong></span> <span class='ocrx_word' id='word_1_745' title='bbox 1045 5527 1381 5583; x_wconf 89' lang='lat' dir='ltr'><strong>constitutus</strong></span> <span class='ocrx_word' id='word_1_746' title='bbox 1433 5535 1536 5582; x_wconf 90' lang='lat' dir='ltr'><strong>est.</strong></span> <span class='ocrx_word' id='word_1_747' title='bbox 1590 5525 1667 5581; x_wconf 89' lang='lat' dir='ltr'><strong>Ac</strong></span> 
     </span>
    </p>
   </div>
   <div class='ocr_carea' id='block_1_102' title="bbox 94 5618 1667 5694">
    <p class='ocr_par' dir='ltr' id='par_1_102' title="bbox 94 5618 1667 5694">
     <span class='ocr_line' id='line_1_102' title="bbox 94 5618 1667 5694; baseline -0.001 -20"><span class='ocrx_word' id='word_1_748' title='bbox 94 5631 199 5677; x_wconf 90' lang='lat' dir='ltr'><strong>tum</strong></span> <span class='ocrx_word' id='word_1_749' title='bbox 220 5624 442 5694; x_wconf 86' lang='lat' dir='ltr'><strong>quidem</strong></span> <span class='ocrx_word' id='word_1_750' title='bbox 478 5624 728 5679; x_wconf 85' lang='lat' dir='ltr'><strong>nonnihil</strong></span> <span class='ocrx_word' id='word_1_751' title='bbox 760 5621 951 5677; x_wconf 90' lang='lat' dir='ltr'><strong>tributi</strong></span> <span class='ocrx_word' id='word_1_752' title='bbox 1000 5620 1225 5677; x_wconf 86' lang='lat' dir='ltr'><strong>nomine</strong></span> <span class='ocrx_word' id='word_1_753' title='bbox 1272 5618 1667 5689; x_wconf 85' lang='lat' dir='ltr'><strong>Hierosolymi-</strong></span> 
     </span>
    </p>
   </div>
   <div class='ocr_carea' id='block_1_103' title="bbox 100 5711 1667 5785">
    <p class='ocr_par' dir='ltr' id='par_1_103' title="bbox 100 5711 1667 5785">
     <span class='ocr_line' id='line_1_103' title="bbox 100 5711 1667 5785; baseline -0.002 -17"><span class='ocrx_word' id='word_1_754' title='bbox 100 5724 266 5779; x_wconf 86' lang='lat' dir='ltr'><strong>tanos,</strong></span> <span class='ocrx_word' id='word_1_755' title='bbox 296 5713 625 5785; x_wconf 69' lang='lat' dir='ltr'><strong>Judaaosque</strong></span> <span class='ocrx_word' id='word_1_756' title='bbox 654 5726 883 5772; x_wconf 72' lang='lat' dir='ltr'><strong>caeteros</strong></span> <span class='ocrx_word' id='word_1_757' title='bbox 908 5712 1213 5784; x_wconf 87' lang='lat' dir='ltr'><strong>pensitasse</strong></span> <span class='ocrx_word' id='word_1_758' title='bbox 1228 5711 1500 5782; x_wconf 84' lang='lat' dir='ltr'><strong>Josephus</strong></span> <span class='ocrx_word' id='word_1_759' title='bbox 1528 5712 1667 5766; x_wconf 62' lang='lat' dir='ltr'><strong>indic</strong></span> 
     </span>
    </p>
   </div>
   <div class='ocr_carea' id='block_1_104' title="bbox 84 5801 1665 5878">
    <p class='ocr_par' dir='ltr' id='par_1_104' title="bbox 84 5801 1665 5878">
     <span class='ocr_line' id='line_1_104' title="bbox 84 5801 1665 5878; baseline -0.001 -17"><span class='ocrx_word' id='word_1_760' title='bbox 84 5808 372 5878; x_wconf 67' lang='lat' dir='ltr'><strong>estcapite</strong></span> <span class='ocrx_word' id='word_1_761' title='bbox 419 5807 515 5864; x_wconf 85' lang='lat' dir='ltr'><strong>illo</strong></span> <span class='ocrx_word' id='word_1_762' title='bbox 546 5808 632 5877; x_wconf 86' lang='lat' dir='ltr'><strong>l7,</strong></span> <span class='ocrx_word' id='word_1_763' title='bbox 672 5808 776 5866; x_wconf 88' lang='lat' dir='ltr'><strong>etsi</strong></span> <span class='ocrx_word' id='word_1_764' title='bbox 806 5805 1138 5878; x_wconf 87' lang='lat' dir='ltr'><strong>perobscura</strong></span> <span class='ocrx_word' id='word_1_765' title='bbox 1165 5812 1295 5862; x_wconf 90' lang='lat' dir='ltr'><strong>sunt</strong></span> <span class='ocrx_word' id='word_1_766' title='bbox 1319 5801 1533 5861; x_wconf 80' lang='lat' dir='ltr'><strong>Juliana</strong></span> <span class='ocrx_word' id='word_1_767' title='bbox 1575 5803 1665 5860; x_wconf 83' lang='lat' dir='ltr'><strong>illa</strong></span> 
     </span>
    </p>
   </div>
   <div class='ocr_carea' id='block_1_105' title="bbox 1770 4604 3361 4688">
    <p class='ocr_par' dir='ltr' id='par_1_105' title="bbox 1770 4604 3361 4688">
     <span class='ocr_line' id='line_1_105' title="bbox 1770 4604 3361 4688; baseline -0.01 -16"><span class='ocrx_word' id='word_1_768' title='bbox 1770 4623 2044 4688; x_wconf 87' lang='lat' dir='ltr'><strong>ageretur,</strong></span> <span class='ocrx_word' id='word_1_769' title='bbox 2078 4623 2133 4670; x_wconf 91' lang='lat' dir='ltr'><strong>et</strong></span> <span class='ocrx_word' id='word_1_770' title='bbox 2181 4613 2347 4667; x_wconf 88' lang='lat' dir='ltr'><strong>aliam</strong></span> <span class='ocrx_word' id='word_1_771' title='bbox 2396 4625 2624 4665; x_wconf 86' lang='lat' dir='ltr'><strong>causam</strong></span> <span class='ocrx_word' id='word_1_772' title='bbox 2671 4623 2795 4663; x_wconf 87' lang='lat' dir='ltr'><strong>esse</strong></span> <span class='ocrx_word' id='word_1_773' title='bbox 2844 4604 3198 4661; x_wconf 83' lang='lat' dir='ltr'><strong>manifestum</strong></span> <span class='ocrx_word' id='word_1_774' title='bbox 3246 4609 3361 4664; x_wconf 81' lang='lat' dir='ltr'><strong>est.</strong></span> 
     </span>
    </p>
   </div>
   <div class='ocr_carea' id='block_1_106' title="bbox 1770 4693 3361 4777">
    <p class='ocr_par' dir='ltr' id='par_1_106' title="bbox 1770 4693 3361 4777">
     <span class='ocr_line' id='line_1_106' title="bbox 1770 4693 3361 4777; baseline -0.01 -14"><span class='ocrx_word' id='word_1_775' title='bbox 1770 4708 1842 4763; x_wconf 92' lang='lat' dir='ltr'><strong>ob</strong></span> <span class='ocrx_word' id='word_1_776' title='bbox 1864 4721 2029 4777; x_wconf 85' lang='lat' dir='ltr'><strong>quam</strong></span> <span class='ocrx_word' id='word_1_777' title='bbox 2060 4705 2236 4776; x_wconf 87' lang='lat' dir='ltr'><strong>prima</strong></span> <span class='ocrx_word' id='word_1_778' title='bbox 2269 4704 2391 4759; x_wconf 68' lang='lat' dir='ltr'><strong>hinc</strong></span> <span class='ocrx_word' id='word_1_779' title='bbox 2414 4702 2486 4759; x_wconf 91' lang='lat' dir='ltr'><strong>sit</strong></span> <span class='ocrx_word' id='word_1_780' title='bbox 2513 4700 2785 4771; x_wconf 76' lang='lat' dir='ltr'><strong>appellata</strong></span> <span class='ocrx_word' id='word_1_781' title='bbox 2813 4696 3128 4767; x_wconf 88' lang='lat' dir='ltr'><strong>descriptio.</strong></span> <span class='ocrx_word' id='word_1_782' title='bbox 3161 4693 3361 4748; x_wconf 83' lang='lat' dir='ltr'><strong>videli-</strong></span> 
     </span>
    </p>
   </div>
   <div class='ocr_carea' id='block_1_107' title="bbox 1770 4787 3361 4869">
    <p class='ocr_par' dir='ltr' id='par_1_107' title="bbox 1770 4787 3361 4869">
     <span class='ocr_line' id='line_1_107' title="bbox 1770 4787 3361 4869; baseline -0.011 -13"><span class='ocrx_word' id='word_1_783' title='bbox 1770 4810 1877 4866; x_wconf 87' lang='lat' dir='ltr'><strong>cet,</strong></span> <span class='ocrx_word' id='word_1_784' title='bbox 1909 4800 2058 4869; x_wconf 90' lang='lat' dir='ltr'><strong>quod</strong></span> <span class='ocrx_word' id='word_1_785' title='bbox 2107 4799 2277 4853; x_wconf 88' lang='lat' dir='ltr'><strong>altera</strong></span> <span class='ocrx_word' id='word_1_786' title='bbox 2312 4805 2437 4867; x_wconf 90' lang='lat' dir='ltr'><strong>post</strong></span> <span class='ocrx_word' id='word_1_787' title='bbox 2463 4794 2713 4850; x_wconf 84' lang='lat' dir='ltr'><strong>Archelai</strong></span> <span class='ocrx_word' id='word_1_788' title='bbox 2751 4792 3142 4862; x_wconf 80' lang='lat' dir='ltr'><strong>relegationem</strong></span> <span class='ocrx_word' id='word_1_789' title='bbox 3177 4787 3361 4842; x_wconf 83' lang='lat' dir='ltr'><strong>eidem</strong></span> 
     </span>
    </p>
   </div>
   <div class='ocr_carea' id='block_1_108' title="bbox 1769 4877 3356 4960">
    <p class='ocr_par' dir='ltr' id='par_1_108' title="bbox 1769 4877 3356 4960">
     <span class='ocr_line' id='line_1_108' title="bbox 1769 4877 3356 4960; baseline -0.009 -13"><span class='ocrx_word' id='word_1_790' title='bbox 1769 4892 2000 4960; x_wconf 86' lang='lat' dir='ltr'><strong>Quirino</strong></span> <span class='ocrx_word' id='word_1_791' title='bbox 2029 4890 2286 4946; x_wconf 88' lang='lat' dir='ltr'><strong>mandata</strong></span> <span class='ocrx_word' id='word_1_792' title='bbox 2311 4888 2501 4944; x_wconf 77' lang='lat' dir='ltr'><strong>fuerit.</strong></span> <span class='ocrx_word' id='word_1_793' title='bbox 2535 4886 2612 4941; x_wconf 87' lang='lat' dir='ltr'><strong>De</strong></span> <span class='ocrx_word' id='word_1_794' title='bbox 2648 4902 2759 4956; x_wconf 86' lang='lat' dir='ltr'><strong>qua</strong></span> <span class='ocrx_word' id='word_1_795' title='bbox 2793 4899 2853 4939; x_wconf 91' lang='lat' dir='ltr'><strong>re</strong></span> <span class='ocrx_word' id='word_1_796' title='bbox 2881 4882 3005 4937; x_wconf 86' lang='lat' dir='ltr'><strong>vide</strong></span> <span class='ocrx_word' id='word_1_797' title='bbox 3033 4895 3159 4951; x_wconf 63' lang='lat' dir='ltr'><strong>quas</strong></span> <span class='ocrx_word' id='word_1_798' title='bbox 3187 4877 3356 4933; x_wconf 77' lang='lat' dir='ltr'><strong>Deite-</strong></span> 
     </span>
    </p>
   </div>
   <div class='ocr_carea' id='block_1_109' title="bbox 1770 4972 3358 5049">
    <p class='ocr_par' dir='ltr' id='par_1_109' title="bbox 1770 4972 3358 5049">
     <span class='ocr_line' id='line_1_109' title="bbox 1770 4972 3358 5049; baseline -0.008 -12"><span class='ocrx_word' id='word_1_799' title='bbox 1770 4983 1887 5038; x_wconf 88' lang='lat' dir='ltr'><strong>rius</strong></span> <span class='ocrx_word' id='word_1_800' title='bbox 1917 4990 2113 5037; x_wconf 87' lang='lat' dir='ltr'><strong>noster</strong></span> <span class='ocrx_word' id='word_1_801' title='bbox 2155 4989 2211 5035; x_wconf 92' lang='lat' dir='ltr'><strong>et</strong></span> <span class='ocrx_word' id='word_1_802' title='bbox 2255 4978 2524 5049; x_wconf 82' lang='lat' dir='ltr'><strong>Keplerus</strong></span> <span class='ocrx_word' id='word_1_803' title='bbox 2561 4976 2779 5032; x_wconf 86' lang='lat' dir='ltr'><strong>erudite</strong></span> <span class='ocrx_word' id='word_1_804' title='bbox 2813 4972 3171 5030; x_wconf 85' lang='lat' dir='ltr'><strong>commentati</strong></span> <span class='ocrx_word' id='word_1_805' title='bbox 3206 4977 3358 5026; x_wconf 88' lang='lat' dir='ltr'><strong>sunt.</strong></span> 
     </span>
    </p>
   </div>
   <div class='ocr_carea' id='block_1_110' title="bbox 1768 5061 3360 5144">
    <p class='ocr_par' dir='ltr' id='par_1_110' title="bbox 1768 5061 3360 5144">
     <span class='ocr_line' id='line_1_110' title="bbox 1768 5061 3360 5144; baseline -0.008 -15"><span class='ocrx_word' id='word_1_806' title='bbox 1768 5072 1957 5144; x_wconf 78' lang='lat' dir='ltr'><strong>Neque</strong></span> <span class='ocrx_word' id='word_1_807' title='bbox 1985 5072 2133 5127; x_wconf 86' lang='lat' dir='ltr'><strong>enim</strong></span> <span class='ocrx_word' id='word_1_808' title='bbox 2182 5068 2461 5127; x_wconf 86' lang='lat' dir='ltr'><strong>censionis</strong></span> <span class='ocrx_word' id='word_1_809' title='bbox 2506 5068 2678 5137; x_wconf 82' lang='lat' dir='ltr'><strong>hujus</strong></span> <span class='ocrx_word' id='word_1_810' title='bbox 2722 5063 3062 5136; x_wconf 81' lang='lat' dir='ltr'><strong>Epiphanius</strong></span> <span class='ocrx_word' id='word_1_811' title='bbox 3088 5061 3360 5125; x_wconf 83' lang='lat' dir='ltr'><strong>meminit,</strong></span> 
     </span>
    </p>
   </div>
   <div class='ocr_carea' id='block_1_111' title="bbox 1771 5155 3263 5234">
    <p class='ocr_par' dir='ltr' id='par_1_111' title="bbox 1771 5155 3263 5234">
     <span class='ocr_line' id='line_1_111' title="bbox 1771 5155 3263 5234; baseline -0.009 -11"><span class='ocrx_word' id='word_1_812' title='bbox 1771 5176 1832 5223; x_wconf 92' lang='lat' dir='ltr'><strong>ut</strong></span> <span class='ocrx_word' id='word_1_813' title='bbox 1858 5180 1982 5221; x_wconf 85' lang='lat' dir='ltr'><strong>eam</strong></span> <span class='ocrx_word' id='word_1_814' title='bbox 2009 5164 2171 5221; x_wconf 90' lang='lat' dir='ltr'><strong>nobis</strong></span> <span class='ocrx_word' id='word_1_815' title='bbox 2204 5162 2566 5234; x_wconf 60' lang='lat' dir='ltr'><strong>quaestionem</strong></span> <span class='ocrx_word' id='word_1_816' title='bbox 2600 5159 2877 5229; x_wconf 84' lang='lat' dir='ltr'><strong>explicare</strong></span> <span class='ocrx_word' id='word_1_817' title='bbox 2909 5170 3137 5212; x_wconf 87' lang='lat' dir='ltr'><strong>necesse</strong></span> <span class='ocrx_word' id='word_1_818' title='bbox 3169 5155 3263 5211; x_wconf 86' lang='lat' dir='ltr'><strong>sit.</strong></span> 
     </span>
    </p>
   </div>
   <div class='ocr_carea' id='block_1_112' title="bbox 1840 5249 3360 5329">
    <p class='ocr_par' dir='ltr' id='par_1_112' title="bbox 1840 5249 3360 5329">
     <span class='ocr_line' id='line_1_112' title="bbox 1840 5249 3360 5329; baseline -0.007 -15"><span class='ocrx_word' id='word_1_819' title='bbox 1840 5259 2021 5329; x_wconf 86' lang='lat' dir='ltr'><strong>Atque</strong></span> <span class='ocrx_word' id='word_1_820' title='bbox 2062 5266 2123 5312; x_wconf 89' lang='lat' dir='ltr'><strong>ut</strong></span> <span class='ocrx_word' id='word_1_821' title='bbox 2152 5256 2297 5313; x_wconf 90' lang='lat' dir='ltr'><strong>hanc</strong></span> <span class='ocrx_word' id='word_1_822' title='bbox 2325 5255 2392 5311; x_wconf 91' lang='lat' dir='ltr'><strong>de</strong></span> <span class='ocrx_word' id='word_1_823' title='bbox 2433 5252 2670 5309; x_wconf 87' lang='lat' dir='ltr'><strong>Herodis</strong></span> <span class='ocrx_word' id='word_1_824' title='bbox 2713 5251 2875 5306; x_wconf 90' lang='lat' dir='ltr'><strong>annis</strong></span> <span class='ocrx_word' id='word_1_825' title='bbox 2927 5249 3360 5322; x_wconf 75' lang='lat' dir='ltr'><strong>disputationem</strong></span> 
     </span>
    </p>
   </div>
   <div class='ocr_carea' id='block_1_113' title="bbox 1770 5341 3358 5422">
    <p class='ocr_par' dir='ltr' id='par_1_113' title="bbox 1770 5341 3358 5422">
     <span class='ocr_line' id='line_1_113' title="bbox 1770 5341 3358 5422; baseline -0.006 -19"><span class='ocrx_word' id='word_1_826' title='bbox 1770 5347 2069 5417; x_wconf 81' lang='lat' dir='ltr'><strong>aliquando</strong></span> <span class='ocrx_word' id='word_1_827' title='bbox 2112 5345 2465 5410; x_wconf 88' lang='lat' dir='ltr'><strong>concludam,</strong></span> <span class='ocrx_word' id='word_1_828' title='bbox 2514 5344 2584 5408; x_wconf 86' lang='lat' dir='ltr'><strong>si,</strong></span> <span class='ocrx_word' id='word_1_829' title='bbox 2613 5343 2762 5414; x_wconf 89' lang='lat' dir='ltr'><strong>quod</strong></span> <span class='ocrx_word' id='word_1_830' title='bbox 2799 5341 3108 5422; x_wconf 70' lang='lat' dir='ltr'><strong>Epiphanio</strong></span> <span class='ocrx_word' id='word_1_831' title='bbox 3155 5342 3358 5411; x_wconf 84' lang='lat' dir='ltr'><strong>placet,</strong></span> 
     </span>
    </p>
   </div>
   <div class='ocr_carea' id='block_1_114' title="bbox 1769 5430 3361 5507">
    <p class='ocr_par' dir='ltr' id='par_1_114' title="bbox 1769 5430 3361 5507">
     <span class='ocr_line' id='line_1_114' title="bbox 1769 5430 3361 5507; baseline -0.003 -17"><span class='ocrx_word' id='word_1_832' title='bbox 1769 5453 1865 5493; x_wconf 86' lang='lat' dir='ltr'><strong>vm</strong></span> <span class='ocrx_word' id='word_1_833' title='bbox 1912 5437 1991 5494; x_wconf 85' lang='lat' dir='ltr'><strong>id.</strong></span> <span class='ocrx_word' id='word_1_834' title='bbox 2031 5437 2307 5507; x_wconf 84' lang='lat' dir='ltr'><strong>Jan.,quo</strong></span> <span class='ocrx_word' id='word_1_835' title='bbox 2335 5436 2425 5492; x_wconf 87' lang='lat' dir='ltr'><strong>die</strong></span> <span class='ocrx_word' id='word_1_836' title='bbox 2458 5443 2624 5490; x_wconf 89' lang='lat' dir='ltr'><strong>natus</strong></span> <span class='ocrx_word' id='word_1_837' title='bbox 2652 5444 2737 5490; x_wconf 87' lang='lat' dir='ltr'><strong>est</strong></span> <span class='ocrx_word' id='word_1_838' title='bbox 2769 5433 3049 5498; x_wconf 84' lang='lat' dir='ltr'><strong>Christus,</strong></span> <span class='ocrx_word' id='word_1_839' title='bbox 3075 5448 3222 5486; x_wconf 88' lang='lat' dir='ltr'><strong>anno</strong></span> <span class='ocrx_word' id='word_1_840' title='bbox 3262 5430 3361 5486; x_wconf 88' lang='lat' dir='ltr'><strong>Ju-</strong></span> 
     </span>
    </p>
   </div>
   <div class='ocr_carea' id='block_1_115' title="bbox 1770 5522 3356 5596">
    <p class='ocr_par' dir='ltr' id='par_1_115' title="bbox 1770 5522 3356 5596">
     <span class='ocr_line' id='line_1_115' title="bbox 1770 5522 3356 5596; baseline -0.005 -15"><span class='ocrx_word' id='word_1_841' title='bbox 1770 5526 1919 5582; x_wconf 90' lang='lat' dir='ltr'><strong>liano</strong></span> <span class='ocrx_word' id='word_1_842' title='bbox 1941 5528 2044 5593; x_wconf 71' lang='grc'><strong>44,</strong></span> <span class='ocrx_word' id='word_1_843' title='bbox 2094 5526 2340 5583; x_wconf 88' lang='lat' dir='ltr'><strong>Herodes</strong></span> <span class='ocrx_word' id='word_1_844' title='bbox 2384 5541 2591 5582; x_wconf 88' lang='lat' dir='ltr'><strong>annum</strong></span> <span class='ocrx_word' id='word_1_845' title='bbox 2640 5526 2837 5596; x_wconf 86' lang='lat' dir='ltr'><strong>agebat</strong></span> <span class='ocrx_word' id='word_1_846' title='bbox 2880 5522 3099 5592; x_wconf 88' lang='lat' dir='ltr'><strong>imperii</strong></span> <span class='ocrx_word' id='word_1_847' title='bbox 3157 5536 3356 5588; x_wconf 81' lang='lat' dir='ltr'><strong>xxxnt,</strong></span> 
     </span>
    </p>
   </div>
   <div class='ocr_carea' id='block_1_116' title="bbox 1768 5612 3359 5690">
    <p class='ocr_par' dir='ltr' id='par_1_116' title="bbox 1768 5612 3359 5690">
     <span class='ocr_line' id='line_1_116' title="bbox 1768 5612 3359 5690; baseline -0.008 -14"><span class='ocrx_word' id='word_1_848' title='bbox 1768 5619 1890 5690; x_wconf 85' lang='lat' dir='ltr'><strong>ejus</strong></span> <span class='ocrx_word' id='word_1_849' title='bbox 1926 5618 2142 5675; x_wconf 87' lang='lat' dir='ltr'><strong>initium</strong></span> <span class='ocrx_word' id='word_1_850' title='bbox 2174 5618 2228 5673; x_wconf 92' lang='lat' dir='ltr'><strong>in</strong></span> <span class='ocrx_word' id='word_1_851' title='bbox 2262 5617 2548 5673; x_wconf 69' lang='lat' dir='ltr'><strong>lulianum</strong></span> <span class='ocrx_word' id='word_1_852' title='bbox 2583 5617 2644 5671; x_wconf 83' lang='lat' dir='ltr'><strong>il</strong></span> <span class='ocrx_word' id='word_1_853' title='bbox 2678 5614 2956 5677; x_wconf 88' lang='lat' dir='ltr'><strong>convenit,</strong></span> <span class='ocrx_word' id='word_1_854' title='bbox 2990 5612 3216 5669; x_wconf 85' lang='lat' dir='ltr'><strong>biennio</strong></span> <span class='ocrx_word' id='word_1_855' title='bbox 3247 5620 3359 5664; x_wconf 81' lang='lat' dir='ltr'><strong>tar-</strong></span> 
     </span>
    </p>
   </div>
   <div class='ocr_carea' id='block_1_117' title="bbox 1768 5700 3352 5781">
    <p class='ocr_par' dir='ltr' id='par_1_117' title="bbox 1768 5700 3352 5781">
     <span class='ocr_line' id='line_1_117' title="bbox 1768 5700 3352 5781; baseline -0.008 -14"><span class='ocrx_word' id='word_1_856' title='bbox 1768 5712 1915 5778; x_wconf 84' lang='lat' dir='ltr'><strong>dius,</strong></span> <span class='ocrx_word' id='word_1_857' title='bbox 1942 5727 2106 5781; x_wconf 86' lang='lat' dir='ltr'><strong>quam</strong></span> <span class='ocrx_word' id='word_1_858' title='bbox 2138 5710 2367 5766; x_wconf 89' lang='lat' dir='ltr'><strong>historia</strong></span> <span class='ocrx_word' id='word_1_859' title='bbox 2397 5709 2674 5779; x_wconf 88' lang='lat' dir='ltr'><strong>postulat,</strong></span> <span class='ocrx_word' id='word_1_860' title='bbox 2703 5721 2826 5776; x_wconf 77' lang='lat' dir='ltr'><strong>qua:</strong></span> <span class='ocrx_word' id='word_1_861' title='bbox 2847 5705 3082 5760; x_wconf 85' lang='lat' dir='ltr'><strong>alterum</strong></span> <span class='ocrx_word' id='word_1_862' title='bbox 3120 5700 3352 5758; x_wconf 83' lang='lat' dir='ltr'><strong>Herodis</strong></span> 
     </span>
    </p>
   </div>
   <div class='ocr_carea' id='block_1_118' title="bbox 1770 5794 3347 5863">
    <p class='ocr_par' dir='ltr' id='par_1_118' title="bbox 1770 5794 3347 5863">
     <span class='ocr_line' id='line_1_118' title="bbox 1770 5794 3347 5863; baseline -0.007 -4"><span class='ocrx_word' id='word_1_863' title='bbox 1770 5803 1993 5860; x_wconf 89' lang='lat' dir='ltr'><strong>initium</strong></span> <span class='ocrx_word' id='word_1_864' title='bbox 2024 5800 2245 5860; x_wconf 63' lang='lat' dir='ltr'><strong>Iuliano</strong></span> <span class='ocrx_word' id='word_1_865' title='bbox 2270 5802 2305 5859; x_wconf 80' lang='lat'><strong>9</strong></span> <span class='ocrx_word' id='word_1_866' title='bbox 2332 5799 2605 5858; x_wconf 86' lang='lat' dir='ltr'><strong>accidisse</strong></span> <span class='ocrx_word' id='word_1_867' title='bbox 2633 5794 2930 5863; x_wconf 79' lang='lat' dir='ltr'><strong>conﬁrmat</strong></span> <span class='ocrx_word' id='word_1_868' title='bbox 2960 5811 2974 5852; x_wconf 84' lang='lat'><strong>:</strong></span> <span class='ocrx_word' id='word_1_869' title='bbox 3004 5808 3037 5851; x_wconf 85' lang='lat' dir='ltr'><strong>a</strong></span> <span class='ocrx_word' id='word_1_870' title='bbox 3063 5806 3177 5863; x_wconf 88' lang='lat' dir='ltr'><strong>quo</strong></span> <span class='ocrx_word' id='word_1_871' title='bbox 3215 5805 3347 5848; x_wconf 75' lang='lat' dir='ltr'><strong>euut</strong></span> 
     </span>
    </p>
   </div>
  </div>
