3958 6404
650 374 753 436 ρετ

1790 368 2137 427 APPENDIX
2176 366 2814 424 DISSERTATIONUM.

3753 374 3822 434 9‘38

653 496 924 563 Josephus
976 507 1144 547 xxxiv
1189 492 1461 563 duntapat
1494 506 1671 547 annos
1718 489 1988 545 llcrodem
2044 488 2236 542 vixisse

2353 486 2645 542 inchoatus
2689 485 2886 540 fuerat.
2936 484 3014 539 Ita
3055 493 3172 552 est;
3209 485 3304 541 sed
3351 485 3484 541 κατὰ
3513 488 3734 559 πρόληψιν
3765 507 3824 547 se-

658 597 866 653 narret,
917 585 1260 656 Epiphanius
1301 584 1442 639 libro
1488 598 1529 649 ι,
1587 599 1644 637 ιι.
1697 582 1997 651 2,septem
2049 589 2105 635 et
2142 581 2243 635 tri-

650 679 801 749 ginta
831 677 1076 741 deducit,
1106 678 1307 747 quibus
1352 676 1483 731 totis
1516 689 1781 745 regnasse
1823 682 1949 745 post
2000 672 2240 744 primum

646 767 925 823 decretum
962 767 1167 823 dicitur
1193 808 1210 835 ,
1245 782 1372 823 cum
1424 767 1625 822 horum
1684 766 2018 836 principium
2066 780 2097 818 a
2139 761 2243 818 Ju-

646 859 795 913 liano
825 866 986 915 sexto
1020 858 1196 928 repeti
1233 857 1451 913 debeat.
1484 857 1759 923 Quocirca
1787 864 2024 911 mortem
2068 854 2243 911 Hero-

645 950 732 1006 dis
774 947 994 1005 confert
1024 948 1079 1003 in
1113 964 1317 1003 annum
1359 945 1647 1003 Julianum
1683 947 1788 1015 47;
1819 962 1945 1003 cum
1976 945 2243 1003 Dominus

646 1053 912 1112 quartum
956 1039 1072 1110 jam
1108 1054 1315 1094 annum
1346 1039 1526 1095 aetatis
1558 1039 1848 1109 attigisset.
1897 1036 2004 1093 Sed
2041 1038 2085 1094 si
2112 1053 2239 1094 vera

648 1139 798 1194 sunt,
827 1144 951 1199 quae
980 1127 1258 1197 Iosephus
1282 1128 1351 1182 de
1380 1126 1596 1182 Herode
1630 1126 1972 1196 perscripsit,
2013 1139 2242 1179 necesse

647 1231 753 1285 est,
785 1230 845 1277 ut
883 1221 1104 1276 Juliano
1132 1219 1204 1273 42
1238 1220 1583 1274 decesserit:
1628 1218 1775 1273 unde
1822 1226 1877 1273 et
1919 1215 2151 1281 Natalis,
2182 1223 2242 1269 ut

648 1312 909 1375 diximus,
949 1310 1167 1366 Domini
1196 1318 1453 1380 quatuor,
1492 1310 1577 1364 vel
1612 1308 1857 1379 quinque
1882 1310 2045 1364 annis
2084 1320 2239 1362 ante-

647 1402 941 1457 vertendus
968 1401 1094 1457 erit.
1130 1400 1264 1468 Quae
1295 1402 1519 1471 quidem
1558 1416 1660 1457 nos
1707 1402 1953 1457 nondum
1990 1417 2055 1456 ex
2105 1402 2240 1471 Opi-

650 1491 817 1546 nione
845 1500 1034 1547 nostra
1080 1491 1412 1557 constituta;
1440 1491 1534 1547 sed
1565 1507 1633 1547 ex
1656 1491 1884 1561 Josephi
1916 1502 2118 1557 mente,
2150 1500 2237 1546 at-

648 1598 754 1651 que
782 1583 1012 1638 historia
1058 1584 1288 1639 collecta
1322 1584 1510 1638 haberi
1542 1583 1596 1638 a'
1618 1584 1942 1648 lectoribus,
1976 1583 2238 1654 expcndi~

651 1688 758 1742 que
783 1674 1061 1729 volumus.
1098 1673 1363 1746 Superest
1391 1676 1540 1731 utde
1569 1676 1804 1746 Augusti
1835 1690 2005 1741 anno,
2037 1674 2131 1746 qui
2154 1684 2238 1730 est

652 1763 794 1820 alius
839 1761 1051 1820 Natalis
1084 1752 1356 1822 Dominict
1401 1766 1690 1822 character
1712 1766 1792 1822 ab
1819 1765 2127 1837 Epiphanio
2153 1766 2236 1822 sl-

648 1856 814 1925 Iatus,
852 1856 1241 1928 perstringam.

860 1974 1035 2060 Quoto
1059 1991 1289 2063 Augusti
1317 2009 1457 2048 anno
1482 2003 1641 2049 natus
1672 1994 1742 2049 sit
1774 1991 2040 2050 Christus.

730 2124 892 2180 Anno
918 2124 1271 2195 imperatoris
1294 2124 1524 2196 Augusti
1565 2139 1683 2180 xui
1723 2134 1914 2180 natum
1939 2140 2061 2181 esse
2087 2124 2239 2181 Chri-

655 2226 822 2283 stum,
865 2225 1056 2273 censet
1105 2216 1478 2288 Epiphanius,
1521 2232 1687 2287 quem
1741 2233 1955 2273 annum
2008 2233 2073 2273 ex
2125 2233 2237 2288 quo

650 2308 823 2363 Judazi
855 2306 1102 2363 Romano
1133 2309 1364 2379 imperio
1394 2308 1672 2379 subjuncti
1708 2318 1859 2374 sunt,
1897 2324 2030 2363 ms
2064 2306 2238 2363 fuisse

652 2398 809 2453 dicit.
840 2396 965 2453 Tria
994 2399 1344 2468 potissimum
1363 2398 1595 2467 Augusti
1619 2399 2034 2454 constituuntur
2055 2398 2234 2454 initia.

653 2489 900 2544 Primum
933 2490 1005 2544 ab
1047 2489 1166 2566 ipso
1197 2506 1367 2554 anno,
1421 2506 1534 2560 quo
1567 2487 1749 2545 Julius
1777 2490 1963 2546 Caesar
2010 2490 2239 2545 interfe-

652 2591 777 2636 ctus
802 2589 909 2646 est,
937 2580 1032 2650 qui
1068 2589 1152 2635 est
1182 2578 1347 2636 Urbis
1377 2581 1498 2646 7l0,
1530 2579 1784 2637 Julianus
1804 2581 1862 2646 2;
1900 2582 2138 2637 alterum
2169 2581 2238 2636 ab

657 2685 805 2725 anno
833 2671 1105 2740 sequenti,
1151 2669 1314 2727 Urbis
1350 2671 1451 2725 7H
1480 2690 1494 2738 ;
1527 2671 1747 2727 tertium
1784 2672 1855 2727 ab
1896 2672 2123 2728 Actiaca
2158 2673 2238 2727 vi-

652 2763 849 2828 ctoria,
876 2762 992 2818 sive
1020 2778 1051 2817 a
1076 2762 1112 2816 2
1134 2763 1286 2834 Sept.
1322 2765 1454 2819 anui
1495 2763 1662 2820 Urbis
1695 2762 1819 2830 725,
1850 2774 1909 2819 ιιι
1940 2763 2040 2823 Dio
2069 2771 2240 2821 testa-

655 2865 749 2905 tttt‘
798 2852 854 2907 in
885 2853 1113 2908 exordio
1164 2855 1258 2910 lib.
1299 2870 1373 2909 ιι.
1428 2853 1569 2909 Hinc
1621 2855 1885 2910 diversus
1927 2855 1995 2910 ad
2031 2855 2236 2911 Christi

655 2942 903 3001 Natalem
938 2959 1206 3002 annorum
1237 2946 1468 3017 Augusri
1497 2962 1762 3003 numerus
1809 2947 2089 3003 statuitur.
2130 2946 2237 3002 Sed

658 3039 819 3110 vulgo
851 3054 962 3094 sui
1006 3038 1129 3109 ejus
1171 3053 1318 3094 anno
1342 3047 1533 3092 natum
1563 3052 1688 3093 esse
1720 3036 1911 3093 Patres
1942 3038 2235 3104 alIirmant,

658 3131 953 3189 Eusebium
995 3130 1192 3196 secuti,
1239 3131 1334 3200 qui
1367 3130 1606 3200 idipsum
1656 3129 1857 3185 Eccles.
1894 3130 2021 3186 ln'st.
2064 3131 2158 3185 lib.
2194 3147 2235 3194 ι,

651 3240 775 3293 cap.
809 3222 863 3288 6,
884 3233 937 3277 et
971 3222 1025 3277 in
1057 3221 1331 3277 Chronicis
1360 3223 1599 3293 scripsit.
1625 3221 1781 3289 Quod
1801 3233 1982 3278 autem
2002 3222 2235 3277 Annales

651 3314 1003 3367 εσσιεδῑαειὶεἱ
1053 3313 1321 3379 tradunt,
1375 3329 1472 3369 eos
1509 3313 1602 3383 qui
1648 3314 1702 3367 in
1750 3312 1955 3369 annum
2001 3313 2233 3384 Augusti

656 3421 767 3460 xui
823 3404 1070 3460 Natalem
1103 3404 1310 3463 Christi
1340 3403 1657 3471 conferunt,
1681 3404 1749 3459 ab
1777 3404 1898 3473 ipso
1925 3418 2096 3470 anno,
2124 3419 2235 3474 quo

653 3496 835 3551 Julius
866 3496 1051 3551 Caesar
1076 3497 1400 3552 interfectus
1428 3494 1534 3563 est,
1559 3510 1735 3551 annos
1749 3496 1991 3551 exordiri
2017 3514 2032 3550 :
2068 3497 2234 3551 simul

652 3589 801 3657 quod
850 3589 1225 3643 librariorum.
1260 3588 1422 3658 culpa
1472 3586 1680 3644 factum
1726 3597 1944 3658 putant,
2006 3598 2069 3645 ut
2107 3603 2234 3644 cum

656 3677 924 3734 Eusebius
965 3677 1084 3747 ipso
1127 3691 1282 3754 [anno
1322 3676 1554 3733 Julianae
1586 3678 1756 3743 necis,
1803 3678 1898 3748 qui
1942 3688 2026 3734 est
2066 3679 2231 3750 olym.

655 3767 761 3822 184
790 3768 1025 3839 primus,
1066 3768 1622 3840 Augusti'posuisset
1660 3769 1902 3835 initium,
1944 3770 2000 3825 id
2036 3770 2091 3825 in
2149 3785 2238 3826 se-

653 3869 911 3927 quentem
944 3859 1276 3913 translatum
1309 3857 1475 3927 I‘uerjt
1497 3860 1964 3926 quemadmodum
1987 3870 2041 3916 et
2068 3858 2233 3916 Nata-

655 3949 723 4003 lis
751 3948 969 4003 Christi
998 3950 1052 4003 in
1087 3965 1294 4005 annum
1339 3951 1558 4004 tertium
1587 3951 1794 4021 olymp.
1827 3950 1950 4017 194,
1982 3967 2107 4006 cum
2143 3968 2231 4009 se-

654 4041 837 4095 cundo
862 4054 927 4096 ex
956 4049 1141 4097 mente
1177 4041 1397 4097 Eusebii
1443 4051 1736 4113 competat,
1785 4050 2043 4099 neutrum
2090 4046 2226 4100 mihi

654 4129 873 4200 quidem
908 4131 1292 4200 probaturpln
1329 4131 1521 4201 primis
1576 4132 1724 4187 enim
1766 4134 1908 4203 apud
1936 4132 2233 4190 Eusebium

658 4224 712 4277 in
773 4223 1020 4278 editione
1061 4221 1309 4289 Pontaci,
1360 4223 1646 4280 Octaviani
1706 4225 1925 4281 initium
1978 4227 2234 4297 alligatur

651 4329 797 4368 anno
813 4329 840 4367 a
862 4314 1096 4370 Caesaris
1118 4329 1254 4371 nece
1277 4315 1548 4385 proximo,
1580 4316 1909 4387 Olympiadis
1947 4306 2191 4374 secundo
2217 4336 2231 4372 :

651 4402 860 4462 Natalis
898 4421 1029 4461 vero
1090 4407 1295 4462 Christi
1340 4422 1485 4462 anno
1513 4409 1672 4463 tertio
1706 4409 1876 4479 olym.
1913 4408 2035 4473 194,
2083 4409 2232 4478 quod

651 4504 706 4548 et
728 4494 1002 4550 Pontacus
1040 4495 1159 4564 ipse
1187 4497 1268 4550 vir
1294 4499 1547 4553 eruditus
1574 4499 1916 4568 argumentis
1943 4501 2230 4569 approbat.

652 4584 808 4638 Adde
848 4584 998 4654 quod
1035 4584 1309 4642 Eusebius
1334 4589 1579 4657 Augusto
1609 4603 1785 4645 annos
1835 4589 2071 4658 imputat
2121 4605 2234 4656 LVI,

653 4689 872 4731 menses
898 4690 970 4742 vr,
1002 4677 1105 4731 hoc
1132 4688 1215 4733 est
1245 4679 1563 4734 inchoatum
1591 4695 1727 4736 LVII.
1753 4681 1936 4748 Quare
1962 4697 2087 4738 cum
2119 4685 2235 4739 Au—

652 4775 846 4837 gustus
879 4781 1028 4821 anno
1061 4766 1224 4823 Urbis
1255 4768 1354 4822 767
1390 4769 1608 4825 duobus
1648 4770 1832 4826 Sextis
1881 4786 2030 4827 coss.
2082 4788 2234 4827 mor-

652 4867 781 4912 tuus
799 4859 891 4926 sit,
916 4873 1005 4913 xw
1032 4858 1151 4914 Kal.
1184 4858 1338 4930 Sept.
1366 4876 1546 4917 annus
1576 4863 1722 4931 apud
1748 4862 2044 4918 Eusebium
2072 4865 2237 4934 quin-

651 4948 1007 5018 quagesimus
1068 4951 1338 5019 septimus
1398 4966 1429 5005 a
1479 4951 1673 5006 Martio
1725 4952 1912 5007 debuit
1954 4951 2234 5022 incipere,

652 5041 887 5116 ideoque
915 5044 1125 5113 primus
1152 5045 1346 5100 incidit
1374 5045 1429 5099 in
1472 5042 1639 5099 Urbis
1665 5045 1791 5101 711.
1834 5047 2025 5115 Itaque
2057 5062 2236 5102 annus

652 5133 882 5203 Augusti
926 5149 1039 5188 xm
1085 5136 1254 5205 cuipit
1286 5133 1452 5191 Urbis
1501 5147 1649 5192 anno
1699 5138 1825 5204 752,
1870 5135 2093 5193 Juliano
2132 5138 2233 5206 M;

650 5225 925 5296 Josephus
950 5240 1079 5282 vero
1101 5228 1197 5282 lib.
1232 5246 1269 5282 ιι
1299 5228 1373 5283 De
1393 5231 1624 5297 excidio,
1649 5246 1771 5301 cap.
1796 5230 1852 5296 8,
1876 5246 2000 5286 cum
2022 5233 2235 5303 imperii

649 5331 829 5373 annos
868 5328 1124 5374 numerat
1176 5334 1309 5386 Lvu,
1345 5335 1561 5377 menses
1610 5337 1686 5387 Vl,
1725 5321 1846 5378 dies
1889 5339 1949 5390 ιι,
1994 5324 2064 5378 ab
2116 5324 2236 5394 ipso

648 5424 797 5464 anno
825 5406 1060 5465 Julianae
1089 5410 1255 5467 caedis
1285 5412 1536 5472 orditur:
1567 5422 1623 5470 et
1643 5414 1867 5483 quidem
1895 5423 2116 5485 postero
2146 5415 2236 5471 die

651 5502 720 5554 ab
749 5501 929 5557 Idibus
956 5499 1191 5557 Martiis.
1229 5501 1571 5571 Epiphanius
1607 5511 1814 5569 autem,
1840 5504 1936 5574 qui
1972 5520 2118 5560 anno
2144 5502 2236 5560 Ju-

652 5592 800 5649 liano
840 5592 932 5659 44,
964 5602 1152 5649 natum
1203 5593 1543 5665 salvatorem
1578 5595 1832 5661 credidit,
1862 5611 1957 5651 vm
1986 5594 2063 5652 ld.
2107 5596 2231 5652 Jan.

652 5699 799 5740 anno
822 5684 1054 5754 Augusti
1084 5703 1218 5752 ειιι,
1252 5685 1467 5740 initium
1502 5685 1624 5755 ejus
1653 5689 1851 5757 statuit
1868 5687 2088 5745 Juliano
2119 5699 2230 5744 ter-

654 5775 755 5843 tii).
787 5774 952 5834 ‘eris
979 5778 1103 5846 7H,
1147 5778 1293 5849 atqui
1321 5778 1564 5834 nondum
1595 5795 1729 5845 xui,
1760 5778 2025 5839 Januario
2045 5797 2234 5841 mense

2264 3174 2307 3234 C

2348 578 2595 632 cundum
2648 586 2705 632 et
2751 575 3240 648 quadragesimum
3298 591 3493 632 annum
3537 594 3565 633 a
3607 577 3703 633 Kal.
3742 581 3824 638 Jan.

2348 670 2591 740 incepit;
2621 668 2768 740 quod
2803 667 3087 738 plerisque
3129 668 3441 738 scriptorih.
3468 670 3577 726 aliis
3611 682 3681 726 est
3717 673 3826 727 lami-

2347 761 2504 814 Iiare.
2544 759 2681 815 Nam
2722 758 2872 830 quod
2923 760 2992 815 ab
3030 756 3195 815 Urbis
3234 774 3378 815 anno
3420 760 3544 825 7|l,
3569 759 3747 818 Juliauo
3786 766 3825 831 ὅ,

2345 851 2582 923 Augusti
2616 844 2795 907 annos
2833 858 3140 922 computet,
3168 860 3488 922 argumento
3513 862 3591 908 est
3624 858 3827 925 temporis,

2348 959 2464 1015 quo
2506 945 2822 1014 imperarit,
2888 944 2981 999 illa
3023 943 3279 1014 partitio;
3319 958 3424 1013 qua
3472 944 3676 1014 primum
3709 961 3827 1000 annos

2344 1037 2611 1093 tredecim
2663 1037 2966 1107 imperasse
3010 1035 3238 1099 scribit,
3293 1033 3457 1104 πρινὴ
3500 1036 3592 1106 τὴν
3644 1036 3827 1090 Ἰουδαίαν

2346 1127 2688 1200 συναφθῑιναι
2719 1127 2941 1190 τελείως
2989 1125 3281 1196 Ῥωμαίοις
3300 1165 3315 1191 ,
3346 1127 3487 1195 quod
3510 1141 3638 1179 anno
3659 1126 3743 1187 illi,
3765 1128 3826 1195 qui

2340 1222 2624 1275 Actiacam
2660 1220 2945 1274 victoriam
2988 1230 3207 1274 secutus
3246 1229 3351 1285 εει,
3403 1219 3654 1288 congruit,
3676 1215 3824 1271 Juliauo

2341 1313 2552 1368 scilicet
2578 1311 2666 1368 I6.
2694 1310 3058 1378 Quamobrem
3091 1326 3120 1364 a
3145 1307 3366 1363 Juliano
3387 1310 3542 1363 tertio
3559 1308 3617 1361 ad
3633 1308 3821 1362 decimam

2339 1405 2595 1473 quintum
2652 1403 2781 1457 anni
2828 1401 3090 1457 tredecim
3141 1400 3416 1456 exsistunt
3454 1419 3469 1455 :
3503 1400 3676 1470 quibus
3714 1401 3825 1454 additi

2347 1493 2440 1559 29,
2482 1508 2758 1548 summam
2806 1507 2919 1546 xui
2966 1491 3288 1557 coniiciunt,
3347 1506 3569 1561 quorum
3604 1499 3829 1559 postremus

2338 1586 2409 1641 Η
2439 1583 2669 1639 Jul-iano
2702 1583 2913 1652 incipit,
2949 1590 3004 1637 et
3031 1581 3252 1652 quidem
3288 1596 3356 1635 ex
3392 1582 3455 1633 A.
3505 1578 3565 1633 D.
3606 1577 3704 1633 Kal.
3728 1577 3828 1639 ιιι..

2340 1689 2399 1734 ιιι
2425 1678 2631 1733 dictum
2669 1683 2777 1732 est.
2817 1675 2995 1741 Quam
3029 1674 3100 1728 ob
3127 1687 3348 1728 causam
3388 1687 3527 1726 anno
3564 1670 3750 1740 Augusti
3771 1680 3831 1720 ιιι

2339 1772 2544 1843 potius,
2593 1784 2760 1841 quam
2797 1784 2908 1822 xui
2935 1765 3142 1821 Natalis
3170 1764 3374 1822 Christi
3415 1761 3836 1834 assignandusiuit.

2265 1833 2309 1890 Β
2334 1833 2460 1918 cum
2517 1833 2742 1925 Irenaeo,
2774 1857 3029 1922 'l'ertull.,
3073 1856 3197 1912 aliis
3236 1833 3616 1927 compluribus.
3638 1854 3831 1908 Caluum

2339 1951 2481 2005 idem
2506 1950 2595 2004 ille
2623 1963 2803 2003 annus
2826 1958 2952 2018 post
2979 1946 3259 2001 Actiacam
3289 1945 3564 2001 victoriam
3591 1953 3664 1999 est
3686 1956 3833 2007 nuit;

2339 2042 2595 2096 Actiacos
2614 2040 2761 2094 enim
2793 2054 2970 2092 annos
2999 2034 3241 2108 Egyptii
3276 2024 3559 2091 numerare
3577 2039 3834 2104 creperum:

2337 2131 2558 2187 Juliano
2606 2130 2696 2197 16,
2747 2128 2913 2185 Urbis
2955 2129 3076 2184 724.
3126 2127 3313 2198 Itaque
3363 2127 3637 2183 vicesimus
3676 2134 3836 2181 octavus

2346 2226 2516 2296 coepit
2540 2225 2763 2280 Juliano
2791 2223 2883 2285 45,
2914 2221 3169 2292 idemque
3189 2229 3244 2276 et
3268 2229 3529 2290 sequente
3542 2217 3744 2283 Juliano,
3763 2230 3836 2285 quo

2339 2324 2502 2369 natus
2522 2321 2609 2369 est
2641 2327 2710 2367 ex
2744 2310 3042 2382 Epiphanii
3077 2311 3351 2366 sententia
3376 2308 3635 2373 Christus,
3661 2304 3837 2362 Januarii

2339 2422 2417 2472 vi,
2455 2405 2638 2461 adhuc
2670 2404 2726 2459 in
2755 2420 2924 2460 cursu
2955 2412 3095 2470 erat,
3130 2418 3290 2474 quem
3320 2403 3415 2459 ille
3450 2413 3616 2458 tamen
3645 2417 3747 2455 xxix
3776 2414 3838 2467 ap-

2340 2498 2503 2569 pellat
2540 2515 2554 2553 :
2592 2498 2740 2567 quod
2780 2495 2884 2552 nisi
2930 2495 3113 2562 fallor,
3150 2504 3348 2552 contra
3381 2507 3541 2566 atque
3566 2492 3836 2549 Alexandrini

2339 2596 2762 2650 consueverant,
2799 2604 2831 2643 a
2879 2587 2999 2643 Kal.
3049 2585 3175 2642 Jan.
3207 2589 3541 2657 auspicetur.
3583 2586 3734 2657 Neque
3753 2597 3838 2638 vero

2341 2691 2521 2732 causae
2551 2675 2854 2747 quidquam
2892 2674 3021 2743 fuit,
3048 2692 3148 2732 cur
3198 2677 3253 2732 in
3299 2676 3593 2731 Annalibus
3631 2675 3737 2730 ccci.
3771 2673 3838 2727 mi-

2341 2784 2464 2822 rum
2496 2767 2797 2833 videretur,
2822 2768 2968 2838 quod
2993 2766 3248 2825 Clemens
3265 2779 3318 2824 et
3338 2767 3670 2825 Eusebiusab
3682 2766 3837 2821 Actiaca

2343 2873 2528 2930 pugna
2594 2872 2774 2913 annos
2834 2857 2899 2911 ad
2949 2855 3198 2914 Natalem
3261 2857 3486 2913 Domini
3543 2862 3838 2928 computarere

2344 2965 2537 3014 xxviii,
2570 2958 2667 3005 aut
2699 2950 2849 3020 quod
2887 2947 3162 3010 Eusebius
3186 2950 3242 3003 in
3280 2947 3561 3007 Cliranicis
3618 2942 3839 3000 Antonium

2340 3049 2396 3096 et
2442 3039 2796 3109 Cleopatram
2852 3040 3163 3096 debellatos
3209 3041 3502 3111 scripserit
3557 3056 3686 3096 anno
3732 3035 3839 3092 tertio

2341 3129 2546 3202 olymp.
2600 3129 2727 3195 187,
2770 3145 2897 3185 cum
2927 3145 2992 3185 ea
3021 3129 3250 3185 victoria
3284 3146 3433 3188 anno
3457 3130 3612 3187 Urbis
3647 3129 3840 3185 accideret

2340 3222 2466 3286 725,
2494 3221 2742 3292 Augusto
2787 3237 2849 3277 ιιι
2892 3230 2947 3276 ει
2973 3219 3205 3279 Messala
3247 3221 3720 3295 coss.,nlympiadis
3743 3230 3839 3272 anno

2342 3312 2505 3368 tertio
2545 3330 2559 3367 :
2591 3328 2720 3367 nam
2747 3311 2957 3370 Actiaci
3005 3313 3162 3381 anni,
3211 3312 3419 3384 quibus
3469 3313 3699 3368 Clemens
3730 3318 3841 3375 atque

2340 3404 2611 3460 Eusebius
2658 3403 2743 3459 usi
2796 3412 2948 3468 sunt,
2988 3416 3099 3457 non
3154 3404 3226 3457 ab
3270 3402 3398 3472 ipso
3450 3417 3608 3464 anno,
3640 3401 3687 3455 in
3728 3407 3839 3466 quem

2306 3511 2518 3571 \pugna
2574 3511 2639 3551 ac
2672 3494 2904 3571 victoria
2944 3494 3161 3558 cecidit,
3192 3493 3289 3551 sed
3330 3510 3364 3549 a
3416 3494 3648 3565 sequenti
3691 3491 3840 3547 ineunt,

2337 3586 2662 3658 Olympiadis
2707 3568 2809 3641 187
2871 3585 3053 3650 tertio,
3097 3593 3222 3656 post
3258 3585 3485 3640 Antonii
3528 3593 3578 3639 et
3617 3580 3841 3649 Cleopatra

2336 3692 2550 3734 necem.
2584 3675 2739 3733 Unde
2772 3691 2951 3733 annos
2982 3676 3216 3747 Augusti
3260 3675 3510 3747 plerique
3541 3682 3658 3731 sunt
3695 3666 3839 3727 exorsi.
3904 3744 3905 3751 γ

2336 3767 2431 3837 qui
2477 3776 2770 3836 propterea
2816 3781 2962 3821 anno
2988 3764 3224 3837 Augusti
3275 3780 3453 3819 xxviii
3500 3773 3670 3818 natum
3709 3760 3841 3815 dixere

2336 3858 2648 3915 Christum.
2694 3857 3023 3927 Quanquam
3067 3855 3125 3910 in
3154 3871 3222 3912 eo
3265 3856 3486 3927 negotio
3515 3855 3760 3925 diligenter
3778 3849 3842 3902 ha-

2338 3948 2696 4013 bendaratio
2718 3954 2826 4016 est,
2871 3947 3003 4016 quid
3043 3946 3347 4018 scriptores
3392 3948 3447 4002 in
3485 3946 3697 4000 Actiacr
3724 3940 3842 3995 victo-

2338 4042 2436 4096 riae
2484 4041 2693 4113 epocha
2742 4039 3231 4097 commemoranda
3284 4039 3393 4095 sibi
3445 4036 3709 4094 voluerint.
3748 4031 3841 4084 Nam

2337 4150 2464 4192 cum
2494 4135 2742 4188 Actiacos
2768 4148 2934 4186 annos
2975 4131 3312 4200 exprimunt,
3371 4147 3404 4186 a
3436 4131 3641 4186 Juliauo
3679 4126 3747 4189 16,
3778 4119 3841 4191 qui

2336 4226 2563 4285 Actiaca
2604 4224 2834 4281 victoria
2882 4223 3156 4294 posterior
3203 4232 3309 4291 est,
3358 4224 3637 4293 incipiunt.
3687 4218 3764 4272 Sin
3797 4212 3842 4266 ab

2338 4317 2566 4372 Actiaca
2614 4316 2844 4373 victoria
2880 4325 2962 4371 tot
2996 4331 3175 4371 annos
3215 4316 3438 4386 elapsos
3466 4330 3583 4371 esse
3612 4313 3776 4371 dicant,
3798 4304 3843 4357 ali

2340 4409 2576 4478 ipsemet
2610 4424 2806 4482 pugnae
2833 4407 3053 4471 navalis,
3075 4423 3223 4462 anno
3253 4408 3467 4463 ducunt
3507 4405 3717 4461 initium.
3743 4401 3843 4464 Qun-

2269 4500 2527 4575 Dcirca,
2577 4499 2855 4556 immerito
2913 4495 3196 4567 Scaligero
3244 4508 3470 4554 notatur
3521 4492 3843 4552 eruditissimus

2339 4590 2606 4648 Onul'rius
2639 4608 2653 4643 :
2689 4590 2836 4661 quod
2880 4605 3005 4659 cum
3055 4598 3244 4645 natum
3284 4606 3410 4646 esse
3442 4589 3702 4645 Christum
3739 4592 3843 4635 asse-

2341 4682 2568 4748 ruisset,
2593 4683 2842 4752 Augusto
2873 4694 2971 4735 xm
3005 4689 3060 4736 et
3089 4678 3312 4735 Silvano
3344 4695 3494 4736 coss.
3540 4677 3660 4749 (Est
3686 4674 3756 4728 hic
3775 4684 3843 4721 au-

2338 4790 2443 4829 nus
2468 4773 2722 4830 Julianus
2745 4772 2839 4839 44,
2868 4773 3074 4844 olymp.
3122 4771 3224 4826 194
3251 4770 3498 4843 tertius),
3537 4767 3751 4825 eumdem
3775 4758 3844 4813 Ur-

2338 4865 2424 4920 bis
2472 4879 2600 4921 esse
2647 4863 2904 4919 statuerit
2953 4862 3091 4926 752,
3144 4862 3427 4918 Actiacum
3480 4877 3605 4915 xxx.
3648 4849 3841 4918 Scaligrri

2337 4955 2501 5010 verba
2531 4962 2659 5011 sunt
2691 4954 2786 5009 lib.
2817 4969 2870 5007 vi
2904 4951 2982 5007 De
3012 4954 3219 5007 emend.
3243 4968 3263 5006 :
3297 4950 3440 5006 Nam
3463 4950 3755 5005 verissimum
3776 4947 3841 4991 est.

2337 5046 2678 5102 consulatum
2721 5045 2951 5116 Augusti
2982 5059 3078 5100 xm
3116 5044 3445 5099 concurrisse
3462 5058 3576 5096 cum
3599 5029 3843 5092 αηιιοιίΐιὶθ

2338 5139 2534 5208 olymp.
2576 5137 2692 5193 194.
2729 5135 2833 5191 Sed
2860 5152 2983 5191 eum
3023 5152 3223 5190 annum
3260 5134 3521 5189 Pali/ium
3563 5127 3842 5184 Varroniano-

2338 5243 2458 5281 rum
2504 5227 2668 5294 fuisse
2701 5227 2828 5289 752,
2882 5236 2932 5281 et
2978 5227 3259 5280 Actiacum
3299 5225 3405 5279 50:
3424 5227 3521 5276 hoc
3566 5236 3673 5275 vero
3700 5214 3841 5285 [illrum

2335 5329 2434 5373 est.
2473 5316 2590 5372 Uno
2612 5318 2755 5372 enim
2787 5333 2927 5370 anno
2955 5318 3077 5387 plus
3102 5316 3253 5370 dicit.
3285 5313 3390 5370 Sed
3418 5314 3536 5368 ιιξεε
3560 5326 3673 5368 cum
3695 5302 3840 5361 scribe-

2336 5418 2421 5465 ret
2449 5409 2687 5480 vigilans
2720 5408 3033 5465 somniabat
3061 5407 3322 5478 Scaliger.
3350 5404 3497 5460 Nihil
3532 5405 3666 5457 enim
3693 5394 3840 5484 εειιιιιξ

2335 5511 2439 5568 εει,
2470 5517 2637 5572 quam
2683 5516 2749 5557 ex
2791 5499 3085 5565 Varronis,
3142 5500 3423 5570 ipsiusque
3454 5496 3587 5550 adeo
3644 5486 3839 5553 Scaligﬂ'

2335 5598 2573 5660 ratione,
2620 5596 2972 5652 consulatuum
3010 5593 3239 5665 Augusti
3269 5608 3366 5647 xm
3390 5598 3448 5645 et
3474 5586 3665 5642 Silvani
3702 5581 3754 5635 ad
3772 5588 3837 5665 iui-

2337 5705 2468 5746 num
2514 5686 2682 5744 Urbis
2728 5688 2834 5742 752
2866 5660 3172 5757 pertinere,
3205 5684 3481 5739 Julianum
3515 5679 3601 5746 41,
3639 5687 3734 5745 per.
3764 5660 3836 5718 ΙυΙ·

2336 5781 2499 5851 άἨέὶι
2528 5781 2681 5851 CI'CIO
2703 5780 2837 5837 solis
2863 5795 2980 5847 six,
3009 5781 3151 5835 lunae
3181 5795 3295 5844 vm,
3326 5776 3513 5833 indict.
3544 5789 3600 5827 ιι.
3620 5768 3704 5824 ESI
3720 5759 3838 5817 etiam
