3958 6408
96 365 190 423 m
1258 355 1350 412 nn
1388 352 1577 410 ANNO
1617 351 1876 410 NATALI
1914 352 2215 414 CHRISTI.
3262 368 3366 425 930

95 480 176 533 hic
202 490 379 530 annus
418 474 486 529 ab
523 473 744 529 Actiaca
790 486 970 544 pugna
1016 473 1355 537 tricesimus,
1384 472 1430 527 si
1462 484 1667 524 annum
1699 473 1744 528 Α
1915 471 2183 544 Πᾲνεμος.
2750 477 2948 534 Julius,

94 570 260 639 ipsum
295 581 490 637 pugnas
517 567 756 635 primum
788 580 1065 620 numeres.
1098 563 1288 636 Neque
1311 578 1445 618 vero
1475 564 1657 616 Actia-

1485 564 1663 616 dclia-
1912 541 2084 611 Αῷοςξ
2750 551 3048 618 Augustus.

1501 655 1512 662 .
1586 655 1596 662 .
1914 612 2224 662 I‘oomai’oc.
2749 620 3048 662 Spnlprnhm

94 673 417 713 cantantium
442 673 548 711 xxx
577 671 701 712 esse
725 656 862 712 dixit
883 654 1148 713 Onufrius
1177 675 1191 709 :
1220 655 1314 711 sed
1337 664 1455 724 post
1480 655 1655 707 Actia-

1525 655 1655 707 Μία.
1914 620 1938 699 1'
1946 620 2224 695 ‘oprctaiog.
2748 620 3087 688 September.

1931 682 1975 755 ’ξ
1992 699 2057 733 πε
2064 682 2159 755 ρΰε
2166 684 2403 754 ρεταῖος.
2747 687 3000 744 October.

94 768 202 805 cam
232 750 530 815 victoriam,
560 750 665 803 hoc
690 758 773 804 est
802 748 1088 804 Actiacum
1117 766 1269 805 xxix.
1914 748 2077 813 Δίος.’
2166 748 2179 754 ⁷
2748 756 3071 813 November.

111 834 121 851 '
158 843 437 897 Postremo
474 841 527 894 in
560 855 666 895 mra
699 840 1032 913 Dionysiana
1079 852 1230 898 extra
1263 841 1661 896 dubitationem
1924 820 2256 886 Ἀπελλαῖος·
2754 827 3067 885 Deceml”-

94 943 188 993 est,
220 933 494 991 Christum
531 932 766 1005 Augusti
802 949 953 999 mn,
993 934 1217 989 Actiaco
1255 949 1384 989 vero
1422 948 1531 987 xxx
1566 948 1665 986 na-
1841 929 1974 997 Quae
2017 935 2289 989 mensium
2351 935 2641 992 concordia
2698 953 2765 993 ex
2813 938 3070 1004 Socrate,
3110 937 3363 1010 Evagrio,

95 1035 199 1077 tum
233 1038 372 1077 esse.
432 1020 588 1088 Quod
640 1022 686 1078 si
738 1021 809 1077 40
839 1025 924 1078 vel
957 1024 1019 1078 41
1055 1024 1279 1079 Juliano
1320 1040 1385 1078 ex
1430 1024 1664 1078 aliorum
1774 1017 1964 1086 Suida,
2020 1031 2264 1077 veterum
2305 1026 2663 1082 conciliorum
2703 1028 3170 1100 inscriptionibus,
3202 1040 3256 1084 et
3281 1030 3365 1083 in-

94 1114 348 1171 sentunlia
385 1125 540 1169 ortus
583 1124 758 1183 esset,
795 1116 848 1172 id
883 1117 938 1171 in
985 1116 1093 1182 58,
1137 1117 1222 1172 vel
1254 1116 1324 1172 '59
1361 1115 1663 1180 lulianum,
1777 1110 1945 1167 [initis
1985 1112 2105 1168 aliis
2157 1116 2484 1173 testimoniis
2551 1118 2707 1173 tidem
2761 1129 3019 1175 meretur.
3069 1120 3204 1174 “ltiti
3239 1134 3368 1174 vero

96 1198 359 1260 Actiacum
399 1222 524 1260 vero
552 1223 684 1270 xxv,
716 1209 801 1263 vel
836 1208 907 1262 26
939 1209 1278 1264 conveniret.
1775 1213 2014 1268 COIlStat,
2049 1205 2411 1276 Epiphaniam
2446 1225 2626 1265 meros
2667 1227 2886 1268 menses
2915 1210 3164 1267 Iulianos
3207 1212 3371 1266 intel-

155 1297 265 1351 Col.
313 1297 419 1351 952
463 1298 523 1352 Β.
586 1299 999 1367 Γεηηθέντος
1041 1300 1111 1353 δὲ
1169 1298 1357 1355 αὑτοῦ
1398 1298 1531 1368 περὶ
1565 1297 1671 1351 τὸν

1804 1297 1965 1364 igere.
1999 1288 2136 1350 Nam
2177 1298 2440 1370 Audynzri
2491 1300 2592 1372 τὴν
2640 1302 2808 1374 ἕκτην
2843 1304 2862 1374 (
2890 1318 3176 1373 perperam
3207 1303 3367 1357 ἒκτου

109 1387 518 1457 Ἰαννουάριον.
547 1389 1039 1447 Luculentissimus
1057 1392 1146 1446 hic
1168 1392 1452 1447 locusest:
1482 1391 1534 1443 in
1561 1404 1671 1459 quo
1780 1388 2045 1458 scriptum
2063 1388 2165 1457 est)
2182 1404 2307 1445 cum
2335 1408 2385 1446 ιί
2408 1389 2634 1447 Januar.
2659 1401 2959 1464 comparat.
2981 1393 3192 1450 Rursus
3218 1395 3363 1449 enim

99 1478 324 1535 Natalem
340 1481 546 1535 Chrisd
572 1482 713 1536 diem
738 1483 1152 1540 accuratissime
1164 1482 1588 1539 circumscribit.
1607 1479 1662 1533 Et

1803 1478 1977 1532 vitiosa
2027 1478 2185 1532 lectio
2237 1488 2321 1533 est
2362 1480 2591 1553 πέμπτη
2645 1483 3012 1553 ’Ῑανουαρίου,
3068 1497 3167 1553 pro
3210 1481 3366 1552 ἕκτη.

102 1573 302 1642 quidem
332 1572 397 1626 A.
444 1571 507 1626 1).
536 1588 632 1627 νιιι
673 1572 752 1627 ld.
782 1572 1043 1637 Jan.,hoe
1067 1583 1153 1629 est
1196 1573 1441 1628 Januarii
1483 1589 1559 1636 vt,
1618 1572 1673 1625 in
1784 1568 2026 1623 Tametsi
2061 1566 2358 1626 Cornarius
2388 1574 2633 1641 quintam
2664 1572 2919 1627 Januarii
2946 1574 3190 1639 verterit,
3225 1573 3371 1643 quod

104 1679 250 1734 quem
275 1662 706 1734 Epiphaniorum
739 1664 937 1721 festum
971 1664 1200 1732 incidit,
1233 1675 1418 1721 natum
1455 1678 1678 1719 asseve-
1786 1660 2065 1715 nonnullis
2114 1662 2375 1731 imposuit
2415 1679 2427 1714 :
2477 1664 2571 1734 qui
2625 1665 2739 1720 hzcc
2791 1658 2987 1735 Epiph.
3042 1666 3207 1720 verba
3266 1664 3373 1735 πρὸ

103 1767 175 1811 rat
199 1796 213 1817 ,
242 1771 305 1810 ex
334 1755 615 1810 communi
660 1754 1046 1826 IEgyptiorum
1094 1756 1364 1812 sententia
1386 1795 1400 1820 ,
1453 1755 1521 1810 de
1566 1768 1675 1824 qua
1723 1772 1729 1777 ν
1785 1747 1930 1801 ὀκτὼ
1961 1747 2131 1803 Εἱδῶν
2158 1750 2238 1805 sic
2267 1753 2543 1822 accepisse
2563 1754 2837 1818 videntur,
2863 1756 3021 1824 quasi
3053 1763 3200 1809 esset
3227 1748 3369 1823 prid.

106 1848 320 1902 subinde
350 1846 604 1902 nonnihil
634 1847 991 1904 disseremus.
1035 1847 1139 1902 Sed
1171 1847 1407 1917 primum
1446 1846 1674 1917 singula:
1711 1830 1750 1885 Β
1780 1856 1875 1895 νιιι
1912 1841 2058 1903 idus,
2112 1841 2216 1897 hoc
2257 1852 2341 1897 cst
2386 1841 2554 1899 Nonis
2608 1845 2742 1916 ipsis
2780 1844 3053 1900 Januarii.
3109 1844 3214 1900 Sed
3265 1845 3373 1915 πρὸ

108 1948 391 2008 temporum
425 1940 741 1993 natationes
772 1938 948 1993 obiter
985 1937 1372 2007 percurrendaa
1404 1946 1568 2008 atque
1609 1937 1677 1990 il-
1781 1930 1927 1986 ὀκτὼ
1952 1932 2126 1985 Εξδῶν
2147 1943 2202 1988 et
2223 1935 2431 1991 similes
2455 1937 2708 2008 loquendi
2737 1936 2984 1994 formulae
3009 1936 3220 1992 Latinis
3245 1936 3377 1993 iiscc

106 2032 379 2087 lustrandze
411 2041 562 2086 sunt.
605 2031 761 2086 Hunc
791 2030 957 2101 igitur
981 2032 1123 2085 diem
1149 2032 1201 2085 in
1230 2031 1422 2100 primis
1455 2047 1508 2084 ιιι
1538 2028 1676 2101 Tybi
1784 2024 2120 2094 respondent
2148 2042 2197 2079 a.
2233 2027 2288 2081 d.
2315 2043 2406 2081 vui
2437 2027 2539 2095 ld.,
2566 2037 2696 2096 etc.,
2735 2031 2841 2086 hoc
2896 2039 2981 2085 est
3016 2030 3136 2100 ipso
3167 2028 3254 2084 die
3279 2043 3376 2081 vnt

109 2138 216 2178 esse
245 2124 431 2179 scribit
457 2124 513 2178 in
542 2138 689 2178 anno
711 2122 965 2177 videlicet
992 2122 1242 2187 Actiaco,
1276 2122 1392 2179 sive
1419 2120 1677 2192 [Egyptio
1785 2115 1890 2183 ld.,
1921 2126 1980 2170 ut
2004 2126 2057 2171 et
2079 2117 2207 2171 alibi
2237 2120 2579 2189 scripsimus.
2599 2120 2780 2188 Quare
2805 2136 2868 2175 ex
2893 2122 3063 2191 priori
3091 2130 3220 2176 nota
3247 2120 3376 2184 dici,

110 2213 306 2269 Juliano
326 2257 339 2279 ,
370 2215 533 2285 cujus
564 2214 745 2269 Thoth
787 2213 928 2269 ﬁxus
961 2223 1047 2270 est
1078 2230 1209 2269 xm
1250 2213 1503 2284 Augusti,
1534 2210 1679 2267 Neo-
1786 2207 1893 2261 hoc
1911 2215 1997 2262 est
2026 2223 2120 2261 vut
2156 2209 2233 2264 ld.
2266 2208 2414 2276 Jan.,
2456 2211 2778 2282 corrigenda
2807 2226 2913 2266 vox
2957 2212 3209 2282 πέμπτη,
3237 2218 3293 2263 et
3322 2209 3377 2262 in

112 2308 274 2361 meuia
305 2306 441 2378 Tylii
479 2323 630 2361 xxv”
663 2307 789 2363 Dec,
1788 2298 1924 2369 ἕκτη
1959 2300 2241 2354 mutanda.
2275 2300 2430 2367 Quod
2470 2312 2525 2357 et
2559 2301 2694 2374 Tybi
2731 2302 2963 2365 Actiaci,
3009 2303 3123 2358 sive
3158 2301 3378 2356 Diocle-

171 2398 294 2455 lb'td.
319 2402 483 2453 Κατὰ
508 2399 760 2466 Σύρους,
777 2399 982 2454 εττουν
1005 2400 1332 2467 Ἕλληνας.
1358 2396 1682 2468 Syromace-

1813 2390 1979 2457 ianei,
2010 2391 2127 2448 dies
2165 2392 2282 2462 ipsa
2320 2394 2700 2460 demonstrat,
2742 2394 2903 2465 cujus
2944 2411 2996 2448 ιιι
3044 2394 3098 2449 in
3142 2410 3196 2449 v1
3251 2392 3375 2449 Jan.

112 2489 553 2561 donasintelligit,
587 2492 701 2545 sive
722 2492 1110 2556 Antiochenos,
1130 2492 1222 2562 qui
1250 2489 1523 2545 Julianam
1552 2486 1683 2541 anni
1789 2485 2063 2539 convenit.
2098 2483 2176 2540 Ac
2205 2486 2421 2541 videtur
2447 2487 2500 2541 in
2542 2503 2628 2555 eo,
2660 2488 2805 2558 quod
2842 2488 3094 2558 quintam
3132 2485 3380 2542 Januarii

115 2577 323 2633 formam
346 2589 1043 2651 receperunt;quanquam
1068 2581 1286 2635 illorum
1310 2594 1416 2633 tera
1448 2577 1684 2633 triennio
1792 2574 1940 2629 diem
1990 2591 2089 2645 pro
2141 2586 2295 2632 sexta
2354 2579 2624 2647 sumpsit,
2678 2581 2925 2651 mysterii
2978 2581 3184 2650 aliquid
3235 2595 3381 2635 esse.

115 2667 367 2724 Julianum
404 2686 612 2725 annum
645 2672 918 2727 antecedit
953 2688 966 2725 :
1004 2671 1422 2741 appellaturque
1462 2684 1685 2740 χρημα-
1796 2668 2078 2739 Siquidem
2128 2681 2181 2725 et
2216 2671 2817 2741 Constantinopolitani
2844 2680 3033 2742 postea
3067 2688 3094 2725 v
3134 2669 3382 2725 Januarii

114 2759 287 2829 τισμὺς
334 2762 436 2833 τῆς
495 2761 842 2831 Ἀντιοχείας,
860 2761 1005 2832 quod
1050 2776 1117 2816 eo
1169 2775 1337 2823 anno,
1385 2761 1420 2830 ἡ
1461 2758 1677 2812 αὐτονο-

1823 2760 1883 2815 lie
1911 2760 2243 2831 baptismum
2274 2762 2479 2817 Christi
2502 2763 2871 2827 celebrabant,
2896 2765 3044 2834 quod
3067 2763 3121 2817 in
3145 2778 3196 2818 vn
3219 2764 3386 2834 vulgo

118 2851 205 2921 μία
228 2851 588 2908 Antiochenis
618 2854 913 2922 permissa,
942 2862 996 2907 et
1028 2851 1209 2907 Julius
1238 2851 1424 2906 Caesar
1456 2850 1693 2904 dictator
1797 2852 2116 2920 confertur,
2158 2863 2219 2909 ut
2252 2870 2318 2909 ex
2371 2855 2641 2912 Manuelis
2677 2855 2902 2912 Novella
2937 2857 2956 2911 ι
3001 2856 3078 2912 De
3119 2855 3295 2924 feriis,
3332 2866 3389 2911 et

117 2940 393 2998 Antiochiae
464 2943 813 2998 renuntiatus
864 2952 970 3003 est.
1019 2942 1333 3003 Artemisii,
1393 2940 1508 2996 sive
1563 2938 1692 2993 Maii
1802 2938 2134 3012 Curopalatc
2164 2943 2459 3015 colligitur.

119 3044 258 3087 nul.
283 3032 482 3087 Chron.
509 3033 658 3086 Alex.
689 3049 743 3104 p.
772 3032 897 3087 458.
933 3030 1028 3087 Est
1057 3032 1144 3086 hic
1170 3046 1348 3085 annus
1373 3028 1537 3085 Urbis
1567 3027 1682 3094 706,

1873 3032 2175 3087 lbid.Kan‘¢
2187 3037 2493 3103 Κυπρίους
2506 3036 2708 3092 εἵτουν
2723 3035 3271 3107 ΣαῖαμινίουςΝοη
3285 3046 3385 3103 est,

123 3135 217 3188 quo
241 3122 449 3188 Ca'sar,
485 3126 629 3179 victo
657 3124 936 3195 Pompeio,
962 3138 1146 3177 rerum
1181 3123 1388 3196 politus
1430 3131 1532 3184 est,
1577 3135 1692 3189 per.
1729 3182 1768 3198 Α
1808 3132 1867 3178 ιιι
1893 3123 2113 3193 quidam
2164 3125 2473 3191 existimat,
2507 3136 2800 3197 corruptus
2844 3128 2933 3183 hic
2979 3126 3174 3198 Epiph.
3210 3128 3388 3190 locus,

124 3213 219 3268 Jul.
262 3215 430 3284 4666,
475 3216 639 3271 annis
681 3182 810 3271 ante
855 3182 1246 3285 Dionysianabi
1295 3228 1460 3267 atram
1509 3226 1696 3274 vaut,
1725 3182 1770 3242 ο
1807 3182 2086 3269 inmensis
2111 3182 2645 3286 appellatione.,Nam
2672 3182 2903 3272 Januar.
2932 3182 3138 3273 abillis
3156 3217 3391 3284 Quintus

129 3314 241 3360 ante
268 3309 511 3377 primum
541 3307 821 3363 Julianum
854 3307 1061 3373 tribus;
1097 3313 1154 3360 ut
1186 3321 1250 3360 ex
1288 3302 1527 3371 Evagrio
1550 3301 1703 3357 colli-
1805 3305 2142 3373 nominatur,
2166 3317 2271 3361 uta
2303 3305 2538 3363 Roman.
2563 3307 2844 3375 Quintilis,
2872 3307 3115 3375 Sextilis,
3141 3308 3393 3378 Septem-

130 3396 199 3467 git
221 3396 465 3470 Scaliger
508 3400 650 3469 lsag.
701 3414 822 3454 can.
864 3413 960 3451 Llll
991 3438 1006 3462 ,
1044 3412 1096 3465 p.
1130 3395 1272 3462 295;
1306 3394 1509 3449 rectius
1538 3406 1702 3462 quam
1803 3395 1922 3462 ber,
1948 3404 2051 3452 etc.
2088 3395 2194 3452 Sed
2229 3398 2487 3452 mendum
2525 3399 2577 3453 in
2609 3414 2740 3454 voce
2773 3401 3002 3472 πέμπτῃ
3035 3399 3263 3455 subesse
3287 3415 3391 3469 po—

132 3488 182 3541 in
205 3488 291 3543 lib.
318 3506 367 3543 IV
391 3489 473 3544 De
500 3489 705 3543 emend.
723 3499 880 3558 temp.
907 3503 962 3558 p.
985 3486 1112 3552 226;
1134 3485 1224 3541 ubi
1249 3484 1702 3540 Antiochensium
1806 3488 1916 3543 tius
1932 3488 2197 3554 arbitror;
2220 3488 2324 3544 nisi
2355 3504 2386 3544 a
2415 3487 2638 3544 Januar.
2659 3491 2901 3545 secundo
2930 3490 3183 3568 [lépmov
3212 3490 3391 3558 auSpi-

137 3591 284 3632 teram
319 3581 386 3635 ab
441 3580 687 3634 editione
732 3577 948 3634 Juliana
995 3576 1239 3632 inchoari
1271 3583 1493 3641 censet,
1545 3574 1706 3630 annis
1807 3578 1914 3635 cati
1945 3579 2055 3634 sint
2088 3577 2398 3634 Salaminii.
2434 3580 2542 3635 Sed
2572 3580 2928 3636 verisimilius
2951 3589 3035 3635 est
3066 3578 3260 3650 Epiph.
3298 3587 3394 3634 aut

139 3678 251 3725 ante
278 3670 478 3726 Christi
514 3684 678 3726 teram
727 3684 850 3735 XLV,
880 3683 945 3722 ex
980 3667 1198 3723 Eusebii
1233 3666 1577 3732 auctoritate,
1610 3665 1704 3736 qui
1807 3670 1928 3741 ejus
1955 3670 2264 3735 librarium,
2301 3685 2429 3727 cum
2469 3671 2789 3742 imprudens
2815 3670 3042 3744 πέμπτῃ
3065 3671 3159 3724 τοῦ
3202 3673 3394 3726 Ἰανου‹

139 3761 792 3817 annumAntiochensium
825 3748 1245 3816 525'c0nl‘ertin
1272 3773 1475 3813 annum
1503 3756 1705 3812 Christi
1748 3774 1755 3779 ’
1808 3763 1962 3835 αρίου
1990 3762 2322 3833 scripsisset,
2362 3777 2464 3833 pro
2503 3762 2659 3837 ἕκτῃ,
2697 3762 2838 3818 idem
2876 3763 2931 3817 in
2962 3762 3393 3818 Salaminiorum

137 3848 248 3905 280.
282 3852 381 3908 Sed
415 3868 616 3924 magna
650 3852 765 3907 haec
811 3850 1166 3907 ballucinatio
1209 3857 1335 3915 est;
1366 3864 1491 3903 nam
1532 3847 1708 3904 Euse-
1809 3870 1999 3912 mense
2026 3854 2245 3913 fecisse.
2278 3856 2523 3926 Apparet
2544 3865 2725 3912 autem
2758 3872 2826 3914 ex
2862 3858 2967 3914 hoc
2992 3857 3113 3914 loco
3154 3857 3395 3913 Salami-

137 3940 247 4000 bius
270 3946 320 4000 in
353 3944 552 4001 Chron.
587 3942 830 4000 Secundo
866 3961 1004 3999 anno
1041 3943 1247 4012 Probi,
1280 3943 1495 4015 inquit,
1545 3942 1708 4012 juxta
1810 3948 1932 4004 nios
1962 3963 2167 4004 annum
2210 3964 2244 4004 a
2277 3947 2557 4020 Septemb.
2586 3948 2696 4005 Jul.
2725 3949 2846 4005 Kal.
2872 3951 3187 4022 auspicatos
3226 3965 3348 4006 esse.
3378 3966 3395 4004 :

139 4033 463 4100 Attilae/tenes
496 4034 603 4091 525
634 4051 807 4090 annus
850 4036 977 4105 [ιεὶε.
1011 4034 1179 4105 Atqui
1210 4032 1377 4089 Probi
1432 4033 1708 4090 secundus
1808 4041 1956 4111 quod
1996 4042 2313 4098 indictionis
2341 4043 2581 4114 annique
2615 4042 2980 4113 primordium
3007 4043 3399 4099 Constantino-

135 4128 376 4196 competit
414 4142 563 4183 anno
589 4143 712 4183 aera:
744 4127 1074 4184 Christianae
1099 4125 1207 4182 278
1229 4168 1245 4195 ,
1277 4141 1389 4198 quo
1420 4140 1566 4180 anno
1595 4140 1709 4180 cce--
1810 4133 2037 4201 politani
2073 4142 2263 4203 postea
2293 4134 2664 4203 praeﬁxerunt.

137 4216 205 4285 pit
229 4219 318 4274 τοῦ
349 4219 738 4293 χρηματισμοῦ
769 4219 1222 4275 Antiochensium
1249 4234 1427 4275 annus
1455 4210 1582 4274 525.
1615 4216 1700 4274 Sic

1880 4225 2013 4280 Ibid.
2029 4224 2191 4279 Κατὰ
2202 4225 2469 4295 Παφίους
2492 4227 2726 4281 Ἰούλου
2743 4225 3393 4296 Τεσσαρεσκαιδεκάτη.

137 4309 266 4364 enim
292 4313 674 4370 Antiochensis
707 4327 831 4369 aet-ae
858 4313 1072 4383 primus
1102 4327 1283 4368 annus
1318 4310 1705 4382 Dionysianam
1809 4315 1979 4387 Igitur
2013 4315 2120 4371 Juli
2150 4318 2357 4373 mensis
2405 4318 2624 4372 initium
2657 4334 2689 4373 a
2720 4334 2851 4374 xxrv
2884 4319 3014 4374 Dec.
3075 4319 3179 4385 Qui
3209 4319 3254 4374 si
3300 4318 3397 4372 Ju-

135 4414 287 4459 ιιι-ειη
334 4422 503 4461 χινιιι
554 4405 745 4462 solidis
786 4405 948 4462 anuis
991 4405 1306 4461 antecessit.
1344 4401 1580 4459 Necesse
1624 4396 1737 4459 est
1810 4408 1993 4465 lianus
2019 4409 2143 4475 fuit,
2172 4410 2432 4465 credibile
2466 4418 2550 4466 est
2578 4410 2648 4465 ab
2679 4411 3012 4481 aequinoctio
3042 4427 3212 4466 verno
3236 4413 3398 4466 circi-

134 4495 284 4563 igitur
306 4514 427 4553 cum
473 4513 618 4552 anno
650 4495 811 4552 Probi
849 4511 909 4563 ιι,
943 4505 998 4551 et
1042 4494 1376 4567 Dionysiano
1409 4494 1512 4548 277
1552 4510 1706 4550 com-
1748 4537 1790 4591 Β
1818 4509 1901 4554 ter
1930 4516 2135 4557 annum
2167 4502 2437 4571 incepisse
2465 4501 2721 4574 Paphios.
2760 4501 2895 4558 Nam
2923 4503 2971 4558 si
3001 4501 3158 4558 Julus
3193 4502 3398 4557 Januao

135 4586 251 4652 poni
271 4587 723 4643 Antiochensium
748 4601 872 4642 aera:
893 4585 1000 4641 524
1019 4584 1317 4652 labentem,
1342 4593 1398 4640 et
1425 4585 1704 4640 ineuntem
1748 4584 1783 4619 τ
1818 4591 1936 4649 rius
1964 4603 2068 4659 est,
2097 4593 2298 4649 mensis
2320 4594 2389 4649 ab
2419 4595 2511 4650 illo
2542 4595 2737 4652 ionius
2771 4596 2826 4650 in
2856 4611 2984 4651 eum
3019 4595 3163 4651 diem
3194 4611 3396 4667 ρι-ορο-

135 4674 249 4740 525,
271 4680 422 4759 cyclo
451 4680 583 4736 solis
612 4695 688 4745 vt,
711 4679 857 4735 lunae
883 4694 979 4734 xu.
1012 4677 1088 4734 De
1117 4678 1275 4734 initio
1298 4676 1464 4733 Probi
1495 4678 1708 4734 dicetur
1811 4686 2036 4743 modum
2062 4687 2285 4755 desinit,
2319 4688 2413 4760 qui
2441 4689 2774 4760 aequinoctio
2795 4689 3076 4760 quondam
3102 4689 3399 4744 attributus

135 4768 195 4822 ad
229 4770 319 4827 lib.
350 4771 425 4827 De
454 4787 619 4831 mens.
640 4780 691 4826 et
716 4771 1061 4842 ponderibus.
1088 4770 1258 4835 Anni,
1287 4780 1348 4826 ut
1371 4770 1578 4825 dictum
1602 4780 1709 4836 est,
1810 4790 1915 4839 εει,

138 4858 299 4916 forma
326 4861 543 4918 Juliana
574 4862 714 4931 fuit;
749 4863 1024 4919 mensium
1055 4864 1247 4919 eadem
1268 4878 1392 4934 quae
1425 4860 1570 4933 apud
1601 4860 1701 4916 Ro-

1885 4871 2023 4927 lbid.
2057 4870 2221 4927 Κατὰ
2243 4871 2496 4941 Ἄραϐας
2530 4870 2774 4941 Ἀλέωμ.
2802 4868 2861 4924 In
2892 4868 3136 4941 vulgaris
3157 4867 3398 4921 Arabum

138 4966 318 5010 manes
355 4957 648 5028 descriptio
682 4974 696 5011 :
732 4971 896 5027 quam
930 4956 984 5011 in
1015 4957 1266 5029 sequenti
1292 4956 1555 5012 laterculo
1588 4970 1712 5026 pro-
1812 4965 2097 5022 mensibus
2138 4980 2316 5035 neque
2350 4966 2561 5029 Aleom,
2597 4977 2776 5033 neque
2806 4962 2898 5032 qui
2930 4970 3120 5032 postea
3157 4975 3401 5017 comme-

137 5047 430 5112 POIICIIdam
462 5049 798 5120 putavimus-
1817 5056 2493 5127 moraturAngalthabaith
2517 5056 2700 5111 locum
2720 5056 2890 5112 ullum
2904 5054 3084 5112 habet.
3100 5055 3204 5112 Sed
3227 5069 3404 5123 neque

1817 5150 2040 5206 lunares
2056 5164 2274 5205 menses
2311 5148 2401 5204 isti
2424 5155 2574 5214 sunt;
2604 5145 2874 5215 siquidem
2899 5144 2952 5199 in
2975 5142 3402 5218 Jan.vtAleom.

141 5216 468 5283 Lalerculum
496 5227 749 5282 mensium
796 5225 1268 5311 A‘nfiochenorum.
1307 5228 1414 5283 εἱυε
1455 5230 1714 5296 Συροελ·
1816 5258 1912 5297 nt
1932 5241 2157 5307 incidat,
2187 5255 2309 5311 quae
2336 5249 2450 5293 tum
2478 5238 2596 5294 dies
2615 5237 2892 5293 eratlume
2915 5253 3013 5303 xu,
3043 5216 3255 5309 cynici;
3277 5252 3401 5291 nam

811 5296 1035 5363 λήνίθἎ
1816 5332 2115 5391 Neomenia
2131 5296 2564 5389 ex‘Ptolemaicis
2578 5328 2791 5385 Mulieri
2810 5328 3013 5386 tabulis
3029 5296 3261 5400 contigit
3274 5330 3401 5383 Dec.

287 5430 595 5497 Αὺδυναίος.
1102 5430 1421 5485 Januarius.
1816 5427 1850 5481 2

1828 5426 1908 5493 26,
1938 5424 1994 5490 8,
2025 5425 2113 5481 52’
2144 5424 2298 5496 cyclo
2328 5423 2417 5490 l9,
2450 5436 2596 5478 anno
2632 5420 2853 5478 Juliano
2883 5421 2969 5476 ιι.
3006 5422 3081 5476 De
3106 5421 3391 5492 Angaltha-

307 5501 570 5593 ᾳῗξξῖιῖδῗ·
1106 5501 1456 5593 ξξίῖιζῖξξῗίυδσ
1820 5519 1969 5575 baith
2021 5518 2160 5573 idem
2194 5526 2384 5586 postea
2418 5516 2910 5571 demonstrabitur.
2957 5514 3228 5580 Quocirca
3260 5525 3404 5565 non-

306 5569 563 5642 Ado-cpog.
1103 5569 1353 5625 Martius.

308 5641 589 5707 XavOtx6;.
1083 5641 1323 5709 .Aprins.
1859 5628 1869 5664 '

1842 5612 1951 5666 lum
1998 5610 2246 5665 lunarem
2306 5624 2510 5665 annum
2572 5608 2640 5664 ad
2685 5608 2899 5665 civilem
2982 5621 3142 5660 usum
3196 5602 3405 5658 Arabes

335 5693 680 5782 Αρτεμῖἇιος.
1098 5693 1296 5782 Maius:
1822 5702 2249 5771 transtulerant;
2298 5716 2421 5756 nam
2456 5716 2582 5755 cum
2629 5700 2841 5755 Arabes
2878 5697 3125 5750 nominat
3166 5693 3405 5764 Epipha-

301 5780 535 5845 Δαῐσιοζ.
1104 5780 1322 5837 Junius.
1828 5814 1862 5853 η

1843 5798 1974 5861 tius,
2006 5794 2269 5866 majorem
2299 5794 2445 5849 illius
2470 5795 2648 5865 gentis
2679 5793 3055 5863 potioremque
3086 5799 3287 5858 partem
3326 5787 3406 5841 iu-
