3958 6428
293 374 410 431 933

1462 360 1551 415 DE
1585 359 1770 418 ANNO
1807 359 2061 416 NATALI
2097 359 2398 416 CHRISTI.

3442 369 3546 427 93’s

298 489 394 544 illa
424 497 663 556 tempora
697 483 834 549 fuit,
871 497 936 538 ac
966 481 1234 537 mensium
1262 481 1676 552 dispositionem
1710 479 1871 532 intel-
1904 489 1944 544 Α
1977 480 2088 542 det,
2121 477 2536 533 Hecatombaeon
2577 485 2760 534 autem
2801 478 2967 549 Julio,
3011 489 3068 536 ut
3107 481 3282 538 eidem
3341 482 3541 554 Sealig.

298 579 570 649 ligeudam
601 576 981 631 observatione
1019 574 1396 643 dignissimus.
1453 571 1694 626 Primum
1725 571 1870 624 enim

301 671 539 724 solarcm
585 682 789 722 annum
834 665 1005 720 fuisse
1047 665 1540 720 docetconsensus
1570 661 1875 715 Maemacte-

301 760 476 814 rionis
519 774 644 814 cum
693 756 920 812 Ianuar.
965 754 1070 809 Sed
1105 753 1396 810 videndum
1438 753 1712 823 quodnam
1745 750 1872 804 auni

299 859 466 921 caput
495 849 676 904 fuerit.
714 849 928 903 Primus
960 847 1266 902 Atticorum
1293 845 1560 901 mensium
1587 842 1875 898 Hecatom-

299 942 455 997 Μέθη
497 939 599 994 fuit
627 958 640 994 :
669 955 699 992 a
729 955 858 1008 quo,
907 939 952 994 si
1001 938 1160 993 Gazae
1203 938 1500 1001 credimus,
1529 942 1758 1005 quartus
1791 941 1875 987 est

303 1030 698 1085 Mremacterion
722 1045 737 1093 ;
763 1028 1042 1100 Scaligero
1062 1044 1190 1083 vero
1216 1029 1462 1098 quintus.
1485 1027 1672 1082 Utrius
1695 1026 1874 1080 verior

295 1123 486 1192 opinio
524 1124 594 1178 sit
625 1123 728 1175 hoc
772 1122 892 1175 loco
921 1121 1356 1190 disquiremlum.
1414 1120 1531 1174 Duo
1563 1119 1616 1172 in
1663 1117 1873 1172 ordina-

298 1215 448 1267 tione
481 1213 748 1266 mensium
776 1211 934 1266 Gaza:
965 1223 1141 1266 errata
1170 1211 1392 1282 corrigit
1421 1209 1664 1280 Scaliger
1695 1225 1708 1260 :
1742 1208 1874 1261 alte-

298 1321 422 1358 rmu
453 1303 600 1374 quod
645 1302 913 1357 Mmmact.
945 1318 997 1356 tv
1027 1303 1148 1358 loco
1189 1302 1457 1372 posuerit,
1489 1301 1647 1369 eique
1673 1298 1873 1366 Pyane-

296 1395 544 1464 psionem
570 1390 895 1462 subiecerit;
937 1392 1187 1452 alterum.
1221 1391 1364 1461 quod
1394 1387 1868 1443 Authesterionem

295 1495 424 1558 post
447 1486 872 1558 Pyanepsionem
897 1484 1265 1549 collocaverit,
1287 1483 1521 1537 instante
1535 1481 1643 1550 jam
1674 1479 1868 1533 hieme.

294 1581 500 1633 Contra
522 1592 642 1648 quae
669 1576 910 1644 Scaliger
939 1575 1412 1628 Anthesterionem
1444 1586 1670 1628 vernum
1713 1584 1870 1622 men-

295 1686 415 1724 sem
445 1685 586 1733 esse,
634 1677 688 1724 et
722 1666 860 1737 μετὰ
893 1666 1142 1736 χειμῶνα.
1178 1665 1398 1730 statuit;
1431 1663 1574 1718 unde
1609 1671 1733 1732 post
1761 1660 1870 1713 Γα-

296 1761 545 1832 μηλιῶνα
578 1760 897 1825 constituit;
927 1757 1422 1812 Marmacterionem
1458 1771 1588 1810 vero
1621 1752 1869 1825 praecipi-

293 1855 433 1908 tanti
473 1853 583 1922 jam
626 1862 890 1906 autumno
924 1851 1133 1913 tribuit,
1196 1851 1448 1920 quintum
1482 1847 1690 1911 ordine,
1738 1853 1866 1900 et“a

294 1942 671 2012 Pyanepsioue
701 1941 1031 2010 proximum.
1075 1937 1373 2007 Utriusque
1408 1935 1712 1998 sentcntiae.
1747 1942 1805 1988 ut
1839 1948 1867 1986 a

291 2033 500 2086 lectore
529 2031 739 2086 facilius
768 2031 1118 2100 percipiatur,
1151 2028 1470 2083 laterculum
1505 2025 1864 2096 subjecimus.

787 2141 1060 2196 MENSES
1098 2139 1352 2195 ATTlCl.

364 2252 444 2307 Ex
473 2251 760 2307 Theodoro
786 2253 952 2308 Gaza.
1230 2251 1306 2306 Ex
1339 2251 1637 2321 Scaligero.

545 2344 775 2410 Θερινοί
1295 2341 1543 2410 Θερινοί.

484 2433 916 2504 Ἑκατομϐαιῴν.
1236 2429 1665 2504 Ἐκατομϐαιῲν.

472 2501 894 2572 Μεταγειτνιών.
1221 2501 1640 2572 Μεταγειτνιών.

473 2569 833 2644 Βοηδρομιὼν.
1226 2569 1590 2641 Βοηδρομιὼν.

484 2661 808 2730 ’οπωρινοί.
1252 2659 1575 2727 Ὀπωρινοι.

467 2756 766 2825 Μαιμακτη
775 2753 923 2824 ριὼν.
1273 2770 1300 2802 υ
1307 2749 1560 2818 ανεψιών.

469 2818 804 2893 Πυανεψιών.
829 2891 836 2893 Α
1220 2818 1678 2893 Μαιμᾳκῖηριών.

485 2889 742 2963 Ἀνθεάτη
753 2891 905 2964 ριὼν.
1228 2889 1548 2943 Ιιοσειδεώνζ

473 2985 837 3055 -Χειμερινοί,
1238 2981 1591 3050 Χειμερινοί.

473 3075 794 3133 Ποσειδεὼν.
1221 3070 1531 3141 Γαμηλιὼν.

473 3145 782 3217 Γαμηλιῴν.
829 3212 840 3217 _
1237 3137 1647 3217 :Ajtlleatr‘gubv.
1894 3147 1940 3209 ο

486 3207 904 3287 Ἐῖιαῲηὸολιών.
1237 3207 1658 3279 Ἐλαφηϐολιών.

534 3306 804 3376 Ὲαρινοι.
1293 3300 1568 3368 Ἐαριγοι.

473 3399 654 3453 Μουνυ
699 3394 814 3449 ιών.
1222 3389 1566 3460 Μουνυχιὼν.

475 3469 552 3517 Θα
561 3415 810 3517 ογηξιών.
1225 3459 1565 3517 Θαργηλιὼν.

475 3469 552 3521 Θα
561 3460 810 3538 ργηῖιών.
825 3533 837 3538 _
1222 3460 1565 3538 θαργηλιών.

478 3529 902 3610 Σκίῥροφοριών.
1222 3529 1648 3601 Σκιρῤοφοριώνι

367 3652 427 3708 In
475 3653 575 3706 bac
619 3650 918 3704 Atticorum
955 3660 1225 3700 mensium
1266 3645 1584 3700 recensione
1615 3642 1864 3713 quaedam

287 3754 445 3801 recte
485 3741 726 3810 Scaliger
751 3739 1014 3794 adversus
1042 3736 1245 3791 Gazam
1277 3735 1552 3802 defendit;
1599 3735 1704 3789 alia
1749 3749 1869 3804 per-

290 3851 483 3909 peram
512 3849 575 3888 ac
604 3833 763 3887 falso.
801 3830 956 3896 Quod
993 3830 1136 3883 enim
1199 3828 1670 3883 Anthesterionem
1700 3842 1867 3881 verno

291 3925 528 3985 tempori
560 3923 804 3987 ascribit,
852 3937 959 3976 non
1020 3919 1390 3974 inclinativam
1419 3927 1702 3982 autumno,
1731 3933 1868 3987 prae-

291 4017 447 4073 clare
482 4015 633 4070 lacit.
689 4012 794 4066 Sed
839 4012 908 4065 de
950 4009 1417 4075 Maemacterione,
1450 4023 1516 4063 ac
1561 4007 1867 4063 Posideone

290 4123 489 4180 parum
535 4104 820 4161 commode
859 4102 1100 4158 sensisse
1139 4101 1272 4156 mibi
1325 4101 1560 4155 videtur.
1620 4097 1864 4152 Primum

291 4196 678 4254 Boedromioni
709 4194 1137 4266 Pyanepsionem
1162 4235 1178 4259 ,
1225 4208 1332 4247 non
1374 4191 1863 4246 Mtemacterionem

291 4290 563 4359 adiungit,
595 4289 754 4356 idque
774 4285 1149 4355 compluribus
1173 4283 1510 4352 argumentis
1537 4281 1865 4350 persuadere

294 4383 491 4438 nititur
517 4396 532 4432 :
564 4395 686 4449 quae
715 4377 920 4440 omnia,
956 4377 1001 4432 si
1033 4376 1196 4430 unius
1231 4372 1681 4442 Harpocrationis
1710 4371 1866 4426 testi-

1977 571 2172 639 placet,
2206 568 2556 638 Metagitniou
2596 570 2865 641 Augusto,
2900 573 3261 630 Boedromion
3303 573 3546 644 Septem-

1975 661 2095 724 bri.
2130 663 2254 731 quis
2287 659 2578 716 Octobrem
2630 664 2770 720 alius
2820 673 3012 734 praeter
3058 665 3546 724 Mmmacterionem

1975 754 2078 808 sibi
2129 753 2462 809 vindicabit?
2492 753 2733 810 Pessime
2760 757 2942 826 itaque
2980 768 3229 828 quartam
3260 759 3335 814 illi
3364 765 3545 816 sedem

1974 843 2256 908 attribuit,
2285 859 2350 899 ac
2379 844 2490 898 τῶν
2517 847 2803 917 ὀπωρινῶν
2847 849 3083 918 primum
3132 848 3294 914 facit,
3340 852 3388 907 si
3435 849 3548 906 No-

1973 933 2150 987 vemb.
2191 935 2464 1002 congruit.
2517 933 2659 989 Sane
2703 933 3133 1006 Pyauepsiouem
3169 937 3420 1008 quintum
3451 953 3549 1008 po-

1973 1027 2083 1080 tius
2121 1042 2284 1097 quam
2327 1043 2381 1080 ιν
2424 1041 2545 1082 esse
2589 1029 2986 1082 numerandum
3029 1044 3096 1084 ex
3141 1045 3207 1084 eo
3251 1030 3546 1100 colligitur,

1943 1117 2118 1186 .quod
2151 1117 2316 1170 hiemi
2349 1132 2571 1187 quoque
2624 1118 2914 1171 tribuatur.
2947 1116 3082 1172 Nam
3115 1117 3547 1189 Thesmophoria

1973 1209 2342 1279 Pyanepsione
2369 1224 2556 1264 mense
2579 1209 2796 1268 ﬁebant.
2829 1219 2886 1264 ut
2928 1207 3070 1264 Plut.
3100 1211 3155 1264 in
3198 1211 3426 1266 Demost.
3472 1211 3548 1268 si-

1973 1298 2212 1368 gniticat.
2243 1299 2679 1368 TbesmOpboria
2705 1315 2871 1368 porro
2901 1299 2954 1352 in
2989 1300 3223 1355 hiemem
3270 1302 3550 1357 incurrere

1975 1399 2202 1445 testatur
2261 1390 2658 1460 AristOphanes
2727 1391 3322 1463 Θεσμοφοριαζούσαις.
3391 1393 3548 1463 Apud

1973 1497 2131 1550 quem
2158 1481 2458 1551 Agathonis
2503 1495 2694 1536 servus
2722 1480 2789 1536 de
2821 1481 3375 1552 Thesmopltoriorum
3408 1493 3548 1540 tern-

1972 1589 2104 1644 pore
2129 1573 2210 1629 sic
2237 1571 2482 1642 loquitur
2510 1586 2526 1623 :

2321 1706 2512 1771 Αὐτὸς
2537 1706 2645 1774 γὰρ
2671 1705 2860 1769 ἔξεισι
2887 1704 3062 1773 τάχα·

2043 1775 2151 1831 Kal
2181 1775 2292 1845 γὰρ
2311 1773 2657 1846 μελοποιεῖν
2687 1776 2946 1843 ἄρχεται,
2977 1774 3265 1846 χειμῶνος
3291 1773 3407 1846 of)?

2047 1843 2261 1926 ξοντδς
2284 1843 2730 1926 κατεικάιέπτειν
2757 1846 2862 1926 τᾲς
2888 1845 3156 1926 σζροξξᾲς
3182 1845 3252 1897 οὐ
3268 1843 3512 1915 ῥᾴδιον,

2046 1918 2152 1972 Ἢν
2165 1914 2252 1984 μὴ
2277 1916 2454 1983 προΐῃ
2478 1912 2685 1981 θύραζε
2712 1914 2861 1981 πρὸς
2899 1913 3006 1966 τὸν
3029 1912 3227 1980 ἣλιον.

2039 2025 2318 2080 Accedunt
2361 2025 2600 2081 rationes
2628 2023 2766 2085 alite.
2797 2039 2936 2092 quas
2965 2038 2995 2077 a
3026 2021 3316 2078 Theodoro
3349 2036 3547 2091 propo-

1969 2116 2102 2172 sitas
2134 2117 2374 2186 Scaliger
2401 2115 2729 2171 dissimulat.
2773 2114 2840 2170 Ut
2869 2115 3011 2170 iuter
3039 2116 3166 2175 alia,
3202 2113 3348 2185 quod
3378 2114 3545 2168 Arist.

1969 2208 2064 2261 lib.
2102 2223 2155 2262 vr
2187 2207 2262 2261 De
2284 2208 2407 2261 hist.
2442 2209 2632 2272 anim.,
2664 2221 2785 2274 cap.
2814 2205 3295 2266 29.Boedromioni
3331 2205 3548 2259 Mmma~

1968 2297 2265 2354 cterionem
2301 2297 2617 2367 subjungit,
2660 2296 2753 2351 ubi
2788 2295 2856 2349 de
2883 2310 3170 2350 cervorum
3200 2295 3336 2348 initu
3369 2294 3545 2363 loqui-

1969 2396 2060 2440 tur
2093 2405 2107 2441 :
2159 2387 2224 2439 'H
2257 2385 2313 2438 δὲ
2341 2385 2494 2455 ὀχεία
2521 2385 2732 2454 γίνεται
2765 2385 2880 2454 μετ’
2921 2384 3249 2455 Ἀρκτοῦρον
3282 2386 3412 2456 περὶ
3454 2383 3546 2435 τὸν

1969 2477 2354 2549 Βοηδρομιῶνα
2398 2477 2493 2530 καὶ
2543 2475 3042 2548 Μαιμακτηριῶνα.
3087 2474 3190 2542 Qui
3229 2478 3382 2532 locus
3409 2475 3543 2531 Sea--

1971 2569 2138 2638 ligero
2153 2567 2427 2622 silentium
2461 2566 2674 2631 indicit,
2701 2576 2753 2621 et
2784 2567 2942 2621 Gaza:
2986 2567 3294 2636 opinionem
3327 2568 3541 2622 astruit.

1971 2658 2090 2713 Duo
2126 2658 2272 2712 enim
2317 2673 2381 2712 ex
2429 2658 2495 2712 iis
2522 2657 2705 2712 verbis
2747 2667 2890 2712 recte
2926 2658 3202 2712 concludit
3235 2676 3248 2712 :
3287 2658 3542 2723 alterum,

1968 2747 2456 2803 Mazmacterionem
2504 2748 2668 2816 paulo
2715 2757 2836 2816 post
2891 2748 3107 2802 Arcturi
3161 2755 3341 2801 ortum
3405 2747 3546 2801 inei-

1969 2854 2097 2909 pere
2125 2857 2139 2894 :
2172 2838 2376 2908 alioqui
2409 2836 2610 2892 frustra
2639 2837 3134 2892 Maemacterionem
3164 2837 3545 2892 Boedromioni

1971 2928 2282 2997 subjiceret.
2317 2929 2582 2983 Arcturus
2607 2937 2787 2982 autem
2819 2929 2964 2984 circa
3014 2929 3331 2983 autumnale
3371 2929 3547 2999 tequi-

1969 3021 2210 3075 noctium
2257 3021 2470 3086 oritur;
2521 3035 2643 3074 nam
2681 3019 3092 3090 Theophrastus
3141 3020 3408 3092 κερωνίαν
3448 3021 3548 3076 flo-

1973 3126 2094 3164 rere
2120 3110 2253 3164 dicit
2293 3110 2423 3180 περὶ
2464 3110 2791 3181 Ἀρκτοῦρόν
2839 3128 2900 3163 τε
2950 3113 3045 3164 καὶ
3082 3112 3399 3184 ἰσημερίαψ
3435 3111 3546 3166 Ga-

1971 3201 2127 3254 lenus
2175 3201 2437 3270 insuper:
2474 3201 2627 3254 Ἔστι
2662 3200 2784 3270 μὲν,
2824 3201 3035 3271 inquit,
3076 3203 3408 3273 ὡραιότατον
3445 3203 3546 3273 τῆς

1969 3290 2168 3362 ἐλάτῃ
2194 3291 2256 3344 τὸ
2289 3291 2510 3362 σπέρμα
2548 3293 2678 3362 περὶ
2715 3292 2812 3362 τὴν
2856 3293 3108 3365 ἐπιτολὴν
3149 3293 3244 3348 τοῦ
3283 3293 3545 3366 Ἀρκαιςού·⁵

1972 3398 2096 3452 ρουο
2145 3381 2204 3446 ὃς
2249 3398 2334 3444 τις
2373 3383 2565 3451 καιρὸς
2620 3384 2680 3435 ὲν
2729 3382 2916 3454 Ῥώμῃ
2981 3385 3011 3436 ὁ
3055 3384 3389 3455 καλούμενος
3445 3383 3546 3454 μὲν

1968 3471 2341 3542 Σεπτέμὸριός
2388 3473 2526 3526 ἐστι.
2585 3471 2769 3538 Quare
2817 3474 3090 3529 modicum
3147 3489 3179 3530 a
3235 3473 3542 3544 Septembri

1967 3564 2172 3620 distare
2201 3561 2689 3619 Mzentacterionem
2721 3579 2946 3620 necesse
2968 3572 3072 3620 est.
3099 3566 3366 3631 Alterum,
3393 3564 3541 3634 quod

1968 3653 2114 3710 Gaza
2147 3653 2389 3723 colligit,
2438 3661 2564 3708 est:
2609 3653 3099 3710 Maemacterionem
3159 3655 3541 3710 Boedromioni

1967 3745 2274 3813 proximum
2305 3758 2460 3810 esse;
2491 3759 2619 3798 nam
2652 3745 2867 3814 quoties
2911 3744 3052 3802 duos
3089 3760 3308 3801 menses
3345 3746 3422 3800 ita
3451 3761 3543 3800 co-

1967 3837 2148 3905 pulat,
2182 3845 2242 3889 ut
2282 3835 2486 3904 aliquid
2533 3837 2834 3905 praesertim
2878 3836 3024 3892 circa
3071 3846 3286 3904 tempus
3331 3845 3539 3892 certum

1968 3927 2216 3983 accidere
2247 3927 2352 3982 illis
2383 3929 2665 3984 mensibus
2693 3929 2861 3993 dicat,
2908 3929 3203 3984 continuos
3229 3944 3351 3984 esse
3383 3944 3533 3984 men-

1967 4034 2058 4074 ses
2085 4019 2344 4074 ostendit.
2377 4019 2454 4074 Ita
2491 4034 2616 4074 cum
2655 4019 2722 4074 de
2752 4019 2926 4074 bobus
2960 4021 3073 4090 agit
3104 4038 3118 4074 :
3149 4020 3409 4090 ἄρχονται
3441 4020 3541 4090 τῆς

1965 4109 2150 4179 ὀχείας
2184 4111 2240 4164 αἱ
2273 4109 2402 4180 βοῦς
2428 4109 2558 4180 περὶ
2588 4109 2680 4164 τὸν
2704 4109 3064 4180 Θαργηλιῶνα
3092 4111 3238 4180 μῆνα
3263 4112 3356 4163 καὶ
3376 4111 3540 4182 Σκιρ-

1969 4199 2298 4270 ροφοριῶνα..
2353 4198 2521 4254 Multo
2573 4200 2770 4269 magis,
2827 4214 2953 4254 cum
3013 4210 3269 4270 praeterea
3335 4210 3538 4255 certum

1966 4299 2176 4358 tempus
2203 4299 2258 4344 et
2279 4291 2553 4344 cardinem
2586 4289 2866 4358 adjungit,
2919 4299 2980 4344 ut
3026 4291 3154 4362 περὶ
3204 4290 3440 4361 τροπάς,
3486 4301 3539 4346 et

1967 4379 2097 4451 περὶ
2151 4379 2243 4434 τὸν
2305 4380 2650 4452 Ἀρκτοῦρον.
2705 4379 2843 4433 Tum
2901 4380 3046 4436 enim
3117 4384 3408 4454 προσεχεῖς
3459 4383 3536 4436 illi

293 4473 542 4528 monium
579 4469 842 4538 excipias,
874 4468 1024 4522 irrita
1066 4476 1196 4521 sunt
1236 4477 1291 4520 et
1317 4463 1522 4518 inania.
1560 4461 1652 4518 Sic
1679 4473 1860 4517 autem
1897 4474 1941 4528 ι)
1971 4487 2186 4526 menses
2230 4471 2462 4526 habendi
2513 4481 2662 4526 ευηι,
2719 4471 2985 4527 Praei-ea
3035 4471 3130 4528 lib,
3178 4488 3231 4526 νι
3257 4513 3273 4538 ,
3314 4487 3434 4542 cap,
3473 4473 3541 4524 12

292 4563 654 4618 ratiocinatur
703 4576 718 4611 :
777 4557 1151 4630 Pyanepsion,
1210 4567 1270 4611 ut
1326 4564 1519 4610 auctor
1573 4563 1658 4609 est
1718 4554 1861 4607 Plut.

296 4651 480 4705 Trart.
508 4651 572 4705 de
601 4648 768 4716 Iside,
799 4647 1052 4718 congruit
1081 4646 1270 4716 Athyr,
1307 4645 1411 4700 boc
1436 4653 1520 4700 est
1544 4643 1862 4698 Novembri.

294 4743 564 4798 Posideon
597 4749 780 4796 autem
803 4749 890 4795 est
935 4738 1249 4804 Ianuarius,
1284 4748 1343 4792 ut
1385 4736 1528 4790 Plut.
1563 4736 1618 4789 in
1655 4722 1894 4790 Caesar!

293 4835 523 4898 scribit;
555 4849 679 4888 cum
708 4847 922 4902 semper
954 4841 1078 4900 post
1109 4831 1359 4885 brumam
1391 4826 1636 4896 incipiat.
1688 4827 1868 4895 Atque

295 4927 444 4984 idem
475 4925 615 4978 Plut.
648 4919 703 4974 in
733 4923 965 4977 Damst.
995 4930 1108 4976 tres
1137 4921 1280 4977 istos
1314 4934 1534 4974 menses
1559 4916 1864 4979 continuat,

293 5015 736 5086 Metagituionem
763 5050 778 5076 ,
847 5011 1294 5066 Boedromionem
1321 5049 1337 5074 ,
1405 5007 1863 5079 Pyanepsionem.

292 5108 436 5163 Cum
479 5106 642 5176 igitur
674 5115 728 5159 et
777 5103 1115 5174 Pyauepsion
1151 5102 1223 5156 sit
1258 5098 1580 5162 November,
1627 5107 1682 5154 et
1712 5095 1870 5150 Posi-

293 5200 441 5253 deon
483 5197 778 5251 Januarius
798 5235 813 5260 ,
844 5195 1028 5250 nullus
1058 5195 1199 5251 alius
1243 5192 1530 5249 Decembri
1565 5203 1868 5260 congruere

296 5297 480 5359 potest
519 5297 712 5358 praeter
759 5286 1265 5340 Maemacterionem.
1313 5285 1394 5338 Ad
1438 5284 1552 5338 haec
1599 5281 1870 5336 Diodorus

293 5379 398 5436 lib.
432 5395 490 5434 ιιι
544 5378 825 5434 continuat
850 5378 951 5432 bos
973 5377 1110 5432 duos
1136 5391 1350 5431 menses
1376 5373 1867 5429 Haemacterionem

292 5475 358 5525 et
385 5467 760 5524 Posideonem.

373 5559 479 5615 Sed
523 5559 790 5630 ejusmodi
819 5568 902 5615 est
935 5558 1077 5614 ratio
1119 5556 1320 5627 Scalig.
1350 5566 1410 5612 ut
1434 5556 1500 5612 ad
1532 5566 1868 5613 contrariam

289 5650 462 5710 Gazae
506 5652 832 5708 sententiam
879 5649 1285 5722 approbaudam
1342 5649 1520 5719 aptior
1568 5649 1868 5718 excogitari

293 5739 449 5797 nulla
485 5743 678 5813 possit.
705 5742 838 5799 Nam
869 5743 914 5798 si
945 5739 1284 5813 P-yanepsioa
1308 5739 1600 5796 Novembri
1637 5759 1868 5813 respon-

1969 4563 2159 4618 scribit
2197 4562 2340 4617 idem
2393 4563 2716 4618 Aristoteles
2753 4563 3109 4619 imbecilliora
3153 4579 3384 4633 quaeque
3427 4573 3537 4618 tam

1970 4653 2024 4706 in
2061 4653 2314 4722 piscium,
2344 4667 2509 4722 quam
2554 4651 2609 4707 in
2655 4654 2836 4707 avium
2887 4668 3085 4724 genere
3118 4661 3404 4724 appetente
3445 4652 3512 4707 fri

1968 4759 2104 4813 gore-
2138 4743 2287 4813 prius
2313 4743 2368 4796 in
2400 4744 2772 4798 commodiora
2805 4745 2920 4800 loca
2960 4745 3218 4816 migrare,
3253 4753 3314 4799 ut
3349 4755 3536 4799 cotur-

1969 4834 2120 4888 nices
2172 4841 2462 4902 antequam
2491 4849 2654 4903 grues
2683 4849 2696 4885 :
2730 4833 2802 4886 τὰ
2832 4834 2934 4905 μὲν
2954 4834 3062 4905 γὰρ
3097 4834 3419 4904 μεταϐάλλει
3445 4833 3539 4888 τοῦ

1971 4922 2411 4994 Βοηδρομιῶνος,
2455 4923 2524 4976 τὰ
2554 4923 2611 4976 δὲ
2640 4923 2735 4977 τοῦ
2768 4923 3280 4995 Μαιμακτηριῶνος.
3309 4924 3377 4978 At
3410 4941 3541 4980 vero

1971 5029 2131 5082 grues
2163 5027 2350 5068 mense
2384 5013 2636 5082 proximo
2679 5013 2748 5067 ab
2794 5028 2879 5078 eo,
2924 5028 3036 5081 quo
3064 5013 3372 5069 coturnices
3406 5030 3538 5068 avo-

1971 5103 2102 5168 lant,
2146 5103 2384 5173 migrare
2428 5104 2724 5160 cernimus.
2782 5103 2877 5159 Est
2929 5104 3094 5174 igitur
3139 5105 3539 5162 Maemacterion

1971 5191 2354 5249 Boedromioni
2387 5193 2686 5263 proximus.
2723 5192 3005 5249 Postremo
3046 5195 3189 5251 idem
3220 5195 3541 5252 Aristoteles

1971 5285 2064 5338 lib.
2090 5301 2165 5350 vt,
2199 5299 2316 5354 cap.
2352 5285 2633 5347 ll,scribit
2662 5286 2803 5340 inter
2823 5285 3076 5356 γαλεούς,
3112 5303 3253 5357 quos
3279 5288 3539 5343 mustelos

1971 5375 2116 5430 Gaza
2146 5384 2338 5442 vocat,
2373 5391 2498 5431 eum
2534 5377 2628 5447 qui
2679 5378 2940 5450 ἀστερίας
2989 5381 3224 5444 dicitur,
3272 5377 3538 5449 ἄρχεσθαι

1969 5468 2256 5540 ὀχεύεσθαι
2321 5470 2822 5542 Μαιμακτηριῶνος
2889 5472 3079 5543 μηνός.
3133 5468 3291 5536 Quod
3351 5469 3537 5522 statim

1970 5569 2095 5630 post
2129 5561 2516 5631 aequinoctium
2560 5562 2878 5632 contingere
2912 5563 3211 5631 piscatores
3241 5564 3558 5614 testantur.-

1963 5651 2090 5707 Ja‘m
2125 5652 2272 5722 quod
2304 5652 2372 5707 ad
2404 5651 2758 5708 Plutarchum
2785 5660 3015 5724 spectat,
3043 5653 3133 5724 qui
3161 5665 3284 5706 cum
3309 5647 3538 5703 Boedro-

1973 5744 2154 5800 mioue
2206 5742 2635 5815 Pyanepsionem
2698 5744 3022 5805 continuat,
3078 5749 3227 5795 errat
3295 5735 3540 5810 profecto
