3958 6396
495 314 604 371 935

1613 303 1957 362 APPENDIX
1994 298 2632 361 DISSERTATIONUM.

3624 301 3708 358 953

502 421 764 485 Scaliger.
782 418 1108 475 Plutarchus
1128 417 1270 474 cnim
1289 418 1478 488 paucis
1497 421 1777 475 mensibus
1798 420 2073 489 postrcdi-
2114 431 2151 480 Α
2186 431 2294 471 non
2327 417 2566 481 lunares,
2596 411 2690 467 sed
2727 408 3071 475 tricenarios,
3112 410 3197 465 vel
3234 417 3378 466 certe
3400 408 3641 472 Julianos.
3663 416 3711 472 Si

511 528 624 569 tum
672 514 726 568 in
778 513 1010 583 patriam
1051 512 1252 567 vixisse
1281 511 1520 568 Demost.
1554 513 1787 577 scribit;
1819 528 1943 567 nam
1973 511 2082 566 Me-

504 604 802 675 tagitnionc
845 617 1032 658 mense
1082 603 1328 672 praelium
1360 603 1427 657 ad
1468 601 1779 657 Cranonem
1830 603 2081 673 contigit,

505 697 898 751 Boedromione
927 708 1057 749 vero
1083 693 1401 765 praesidium
1439 694 1492 747 in
1523 692 1860 747 Munichiam
1903 693 2083 747 intro-

502 790 751 851 ductum,
800 786 1179 857 Pyanepsione
1225 786 1446 840 demum
1480 785 1617 839 obiit
1665 784 2081 840 Demosthenes.

504 879 620 933 Non
648 878 779 932 dicit
808 876 1055 946 sequenti
1086 885 1206 945 post
1229 873 1684 930 Boedromionem
1711 889 1899 929 mense
1931 888 2083 928 mor-

503 978 658 1023 tun-m
685 976 828 1024 esse.
879 967 1065 1022 Potuit
1112 967 1281 1037 igitur
1338 966 1552 1021 medius
1585 962 1917 1021 intervenire
1955 964 2084 1020 Maa-

503 1059 827 1115 macterion.
865 1057 1010 1114 Idem
1039 1066 1094 1112 et
1123 1058 1192 1112 de
1238 1057 1458 1112 Diodori
1504 1056 1626 1112 loco
1652 1056 1922 1126 judicium
1962 1070 2087 1111 esse
2124 1112 2141 1126 ,

503 1152 699 1216 debet,
753 1151 847 1221 qui
901 1151 976 1205 ita
1029 1150 1261 1206 scribit:
1313 1150 1446 1202 Ἀπὸ
1493 1148 1662 1219 μηνὸς
1708 1148 1768 1201 ὃν
1831 1149 2087 1202 καλοῦσιν

517 1243 792 1315 Ἀθηναῖοι
836 1230 1318 1313 Μαιμακτηριῶνα
1349 1241 1458 1293 τῶν
1499 1240 1639 1293 ἑπτὰ
1671 1240 1782 1293 τῶν
1815 1241 1958 1295 κατὰ
1987 1241 2087 1312 τὴν

504 1336 705 1405 ἄρκτον
751 1335 1002 1407 ἀστέρων
1049 1333 1240 1387 οὐδένα
1290 1333 1455 1401 φασὶν
1499 1331 1728 1402 ὁρᾶσθαι
1778 1332 1940 1404 μέχρι
1988 1334 2088 1401 τῆς

505 1422 734 1494 πρώτης
767 1422 1035 1493 φυλακῆς,
1060 1420 1137 1493 τῷ
1162 1422 1219 1475 δὲ
1266 1420 1592 1476 Ποτειδεῶνι
1621 1422 1784 1493 μέχρι
1805 1421 2083 1493 δευτέρας.

506 1512 627 1568 Νοιι
666 1514 810 1567 enim
839 1514 1102 1568 continuo
1140 1523 1264 1582 post
1303 1511 1798 1568 Maemacterionem
1830 1512 2089 1569 Posideo-

503 1619 627 1658 nem
674 1605 828 1674 sequi
872 1604 1145 1671 declarat,
1174 1618 1300 1658 cum
1332 1612 1387 1658 et
1419 1605 1581 1658 verba
1616 1604 1742 1672 ista,
1787 1604 1895 1658 ἀπὸ
1927 1606 2075 1659 Μαι-

2189 510 2432 572 lunares,
2468 516 2671 562 certam
2714 504 2916 559 nullam
2948 503 3001 557 in
3033 502 3250 557 Juliano
3288 513 3530 559 contextu
3562 508 3712 564 sedem

2187 600 2455 664 obtinent,
2479 599 2573 654 sed
2605 596 2749 650 u’ltro
2777 595 3025 665 citroque
3055 604 3316 663 vagantur
3345 612 3358 648 :
3385 610 3501 663 qua:
3520 598 3716 654 varietas

2185 690 2368 756 eﬂicit,
2407 698 2468 744 ut
2505 701 2614 743 non
2648 686 2837 742 iisdem
2873 683 3106 740 Julianis
3143 685 3418 740 mensibus
3462 701 3490 741 a
3522 688 3707 758 scripto‘

2188 781 2342 834 ribus
2368 778 2728 846 imputentur.
2754 773 3093 844 Epiphanius
3114 773 3199 827 hic
3221 773 3287 827 de
3316 774 3620 839 tricenariis,
3642 785 3720 829 aut

2187 871 2375 940 utique
2392 867 2645 923 Julianus
2667 865 2930 936 loquitur,
2957 866 3026 919 de
3052 878 3164 934 quo
3193 863 3350 932 paulo
3375 875 3493 933 post
3516 879 3716 935 agemus.

2186 959 2365 1031 Caput
2407 959 2560 1023 anni,
2595 958 2643 1013 si
2670 970 2798 1012 vera
2832 963 2982 1020 sunt,
3018 970 3140 1025 qua:
3174 970 3273 1025 pro
3311 953 3465 1009 Gazze
3500 956 3721 1011 sententia

2189 1066 2356 1121 supra
2399 1049 2791 1114 disseruimus,
2828 1046 2898 1101 ab
2940 1045 3161 1101 Octobri
3202 1044 3416 1100 Juliano
3449 1036 3723 1112 deducitur:

2188 1156 2314 1194 nam
2347 1138 2699 1210 Metagitnion
2729 1138 2785 1192 in
2811 1134 3170 1192 Novembrem
3199 1137 3464 1192 convenit.
3500 1136 3724 1207 Ergoile-

2188 1231 2526 1286 catombazon
2556 1228 2844 1285 Octobrem
2891 1236 3141 1297 occupat,
3185 1242 3215 1281 a
3250 1242 3358 1298 quo
3396 1242 3571 1283 mense
3596 1227 3724 1301 Syro-

2188 1324 2599 1380 macedonicam
2640 1323 2923 1393 periodum
2959 1321 3173 1375 orditur
3211 1318 3472 1391 Scaliger.
3508 1318 3726 1377 Videntur

2190 1425 2315 1487 post.
2356 1415 2843 1471 Constantinianas
2895 1411 3225 1466 indictiones
3270 1425 3468 1466 novum
3502 1410 3620 1465 illud
3650 1410 3726 1466 Ju-

2191 1507 2321 1561 liani
2352 1506 2480 1561 anni
2504 1505 2862 1576 primordium
2893 1502 3170 1565 statuisse,
3192 1510 3248 1556 et
3267 1499 3726 1557 Hecatombzeonem

2191 1597 2245 1652 in
2272 1595 2728 1651 Maemacterionis
2760 1594 2941 1649 locum
2971 1594 3320 1663 subrogasse.
3355 1592 3598 1662 Alioquin
3622 1592 3728 1647 nihil

508 1696 920 1766 μακτηριῶνος,
973 1696 1041 1750 de
1090 1710 1284 1751 mense
1311 1711 1419 1750 non
1456 1695 1711 1752 absoluto
1743 1697 1956 1767 possint
1994 1711 2088 1750 ac-

2196 1699 2276 1745 est
2307 1688 2533 1755 certius,
2570 1701 2736 1757 quam
2776 1684 3246 1740 Hecatombteonis
3283 1684 3414 1755 περὶ
3440 1683 3537 1746 τὰς
3561 1682 3730 1754 τροπὰς

504 1760 609 1855 cipi
636 1826 652 1850 ,
676 1760 795 1841 "cui
852 1787 923 1841 sit
954 1786 1241 1856 proximus
1275 1786 1413 1840 alter
1436 1825 1452 1851 ,
1487 1786 1595 1841 hoc
1635 1797 1722 1841 est
1758 1785 2085 1857 Pyanepsio.

2196 1774 2419 1846 θερινάς
2455 1774 2783 1830 collocatum
2820 1771 3007 1828 fuisse.
3041 1771 3278 1828 Lttnaris
3308 1772 3454 1847 enim
3489 1771 3729 1827 Hecatam.

507 1875 582 1931 Ita
608 1878 825 1931 demum
853 1893 941 1932 res
964 1892 1030 1932 eo
1057 1876 1349 1945 redigitur,
1378 1886 1440 1931 ut
1471 1886 1668 1946 praeter
1695 1875 2089 1947 Ilarpocratio-

508 1983 633 2021 nem
685 1968 969 2023 sentcntiae
1031 1982 1146 2023 suae
1205 1967 1472 2024 vindicem
1532 1969 1730 2024 habeat
1792 1970 2087 2025 neminem.

509 2056 720 2111 Scribit
782 2057 928 2112 enim
999 2057 1053 2112 in
1100 2057 1281 2113 lcxico
1311 2057 1801 2115 Maemacterionem
1843 2061 2091 2131 πέμπτον

508 2146 647 2203 εἶναι
693 2148 858 2220 μῆνα.
896 2147 1001 2203 Sed
1039 2149 1124 2204 vel
1151 2149 1412 2221 τέταρτος
1460 2166 1561 2220 pro
1609 2150 1861 2221 πέμπτος
1893 2153 2090 2208 rescri-

510 2240 784 2307 bendum;
814 2239 897 2294 vel
928 2240 974 2295 si
1004 2241 1140 2295 nihil
1190 2242 1281 2296 hic
1331 2256 1361 2294 a
1406 2241 1633 2297 librario
1661 2254 1944 2312 peccatum
1985 2254 2088 2309 est,

508 2344 618 2385 non
652 2331 879 2385 dubium
928 2341 1013 2387 est
1043 2331 1178 2401 quin
1227 2332 1403 2403 pluris
1446 2333 1592 2403 apud
1640 2348 1745 2389 nos
1782 2335 2095 2391 Aristotelis

507 2431 562 2477 et
602 2422 919 2488 Plutarchi,
962 2439 1130 2495 quam
1178 2425 1525 2496 grammatici
1566 2426 1734 2482 unius
1791 2428 2094 2484 auctoritas

507 2528 631 2569 esse
654 2514 873 2569 debeat.

581 2605 843 2674 Sequitur
874 2605 1130 2662 immanis
1155 2604 1419 2677 Scaligeri
1446 2615 1657 2678 stupor,
1680 2607 1809 2663 dum
1836 2608 2098 2666 Posideo-

508 2710 631 2750 nem
678 2696 750 2752 ita
788 2711 913 2781 cuiu
945 2696 1210 2752 Januario
1244 2709 1551 2769 comparat,
1590 2709 1651 2754 ut
1684 2711 1806 2771 post
1844 2702 2094 2776 brumam

509 2785 753 2856 incipiat,
769 2802 880 2857 quo
899 2788 1032 2841 nihil
1053 2788 1267 2844 falsius.
1290 2790 1608 2848 Aristoteles
1630 2792 1727 2846 lib.
1748 2807 1800 2858 v,
1821 2808 1942 2863 cap.
1961 2795 2014 2859 9,
2032 2795 2099 2849 de

509 2869 838 2941 'l'hynuide:
872 2874 1031 2926 Ἐστι
1075 2874 1131 2926 δὲ
1172 2877 1202 2928 ὁ
1244 2876 1344 2945 μὲν
1388 2878 1609 2949 πρῶτος
1648 2880 1810 2944 τόκος
1844 2882 1976 2953 περὶ
2007 2880 2122 2937 τὸν’

508 2961 846 3016 Ποσειδεῶνα
859 2963 966 3034 πρὸ
982 2965 1220 3036 τροπῶν.
1243 2965 1650 3038 Theophrastus
1667 2969 1762 3026 lib.
1781 2986 1875 3039 vn,
1894 2988 2014 3043 cap.
2046 2975 2098 3039 1,

2189 1867 2400 1943 baaonis
2445 1865 2737 1923 neom‘enia
2801 1864 2903 1920 fuit
2947 1865 3061 1932 illa,
3111 1880 3234 1935 quae
3275 1865 3509 1921 solstitio
3551 1865 3733 1937 propior

2190 1967 2357 2024 esset,
2384 1968 2497 2013 tam
2525 1967 2671 2025 ante,
2699 1971 2865 2027 quam
2897 1965 3019 2027 post
3045 1956 3342 2012 solstitium
3375 1973 3391 2011 :
3418 1956 3472 2011 id
3502 1957 3633 2026 quod
3657 1954 3733 2010 ad-

2191 2065 2387 2106 versus
2420 2049 2819 2120 Scaligerianos
2851 2049 2959 2104 alio
2987 2049 3108 2104 loco
3136 2049 3474 2120 probabitur.
3504 2048 3567 2103 At
3593 2049 3640 2102 in
3659 2045 3735 2102 Ju-

2191 2142 2358 2206 liana,
2391 2142 2506 2197 sive
2532 2141 2639 2197 ﬁxa
2671 2142 2963 2212 stabilique
2984 2141 3114 2195 anni
3147 2139 3325 2194 forma
3362 2137 3735 2195 Hecatombaeon

2193 2231 2354 2287 haesit
2386 2233 2440 2286 in
2468 2229 2652 2297 Julio;
2695 2231 2894 2301 reliqui
2938 2237 3234 2300 sequentes
3276 2226 3524 2284 Julianus
3557 2242 3738 2283 menses

2195 2322 2573 2390 obtinuerunt.
2621 2320 2948 2376 Plutarchus
2995 2334 3121 2375 cum
3155 2320 3462 2376 Atticorum
3511 2319 3739 2374 mensium

2196 2413 2862 2483 meminit,nonnunquam
2897 2412 3035 2469 fixos
3066 2413 3190 2468 illos
3212 2427 3275 2467 ac
3305 2411 3550 2469 Julianos
3578 2411 3741 2466 intelli-

2196 2505 2295 2577 git.
2319 2504 2474 2572 Quod
2503 2514 2686 2560 autem
2712 2519 2905 2560 eorum
2931 2505 3127 2561 seriem
3149 2504 3513 2562 Athenienses
3532 2511 3737 2558 retexue-

2197 2597 2329 2661 rint,
2362 2603 2417 2651 et
2450 2595 2764 2651 Hecatomb.
2810 2595 3046 2652 statione
3089 2594 3449 2661 dimoverint,
3486 2595 3618 2649 haud
3648 2594 3740 2649 scio

2198 2701 2269 2742 an
2313 2701 2382 2743 ex
2421 2687 2531 2742 alio
2559 2687 2851 2756 scriptore,
2895 2702 3061 2758 quam
3093 2701 3164 2742 ex
3201 2686 3310 2742 hoc
3337 2685 3614 2758 Epiphanii
3646 2684 3742 2741 loco

2200 2788 2451 2836 constare
2478 2780 2673 2849 possit.

2270 2871 2392 2928 Col.
2419 2871 2525 2929 932
2558 2871 2620 2927 C.
2652 2870 2771 2940 Πρὸ
2802 2871 2871 2936 ἐξ
2893 2869 3086 2926 Ειδῶν
3104 2870 3466 2939 Νοεμερὶων.
3485 2867 3742 2924 Neomenia

2201 2965 2375 3037 Athyr
2388 2965 2617 3030 Actiaci,
2648 2964 2734 3019 vel
2758 2962 3110 3020 Diocletianei
3130 2962 3388 3017 convenit
3420 2978 3451 3016 v
3482 2961 3592 3016 Kal.
3610 2961 3742 3023 Non,

510 3051 577 3106 de
603 3053 819 3108 diverso
865 3055 1130 3111 sementis
1166 3067 1427 3126 tempore,
1468 3061 1783 3131 χειμερινοῦ
1816 3063 1925 3133 γὰρ
1956 3065 2099 3138 ἀρχὴ
2128 3095 2169 3153 c
2205 3054 2832 3153 lioceStOctob.xxvm._
2839 3053 2980 3153 Ergo
2994 3052 3353 3153 duodecimus
3368 3048 3745 3153 Athyrl‘iovem-

513 3143 653 3212 μετὰ
702 3143 911 3211 τροπὰς
958 3143 1176 3216 Οερινὲις
1225 3147 1321 3199 τοῦ
1365 3150 1852 3217 Μεταγειτνιῶνος·
1903 3153 1999 3207 τοῦ
2043 3155 2094 3210 δὲ

2204 3148 2318 3204 bris
2338 3157 2554 3214 octavo,
2588 3147 2704 3203 sive
2728 3163 2780 3203 vt
2811 3144 2888 3202 Id.
2922 3144 3241 3217 Nov.,quod
3257 3153 3315 3201 et
3352 3161 3505 3200 num.
3530 3143 3594 3198 16
3610 3158 3743 3213 supra

507 3231 762 3303 δευτέρου
802 3234 969 3288 πάλιν
1004 3234 1145 3305 μετὰ
1178 3237 1333 3306 ἡλίου
1378 3239 1589 3310 τροπὰς
1641 3243 1963 3315 χειμερινὰς
2005 3245 2099 3301 τοῦ

509 3322 863 3394 Γαμηλιῶνος
899 3329 1088 3397 μηνός.
1129 3327 1322 3385 Incidit
1357 3332 1523 3402 igitur
1557 3333 1823 3393 Posideon
1847 3348 1972 3394 ante
1993 3341 2104 3396 sol-

511 3416 722 3470 stitium
760 3418 1076 3487 hibernum,
1127 3421 1409 3478 Gamelion
1455 3434 1580 3495 post
1612 3428 1926 3484 solstitium.
1972 3430 2101 3495 Plu-

511 3507 736 3563 tarchus
787 3520 969 3564 autem
1021 3512 1076 3567 in
1125 3512 1246 3568 Vita
1292 3512 1525 3572 Cesaris
1569 3517 1930 3578 Posideonem
1973 3537 2099 3579 cum

511 3595 732 3652 ineunte
757 3598 1022 3657 duntaxat
1043 3601 1308 3660 Januario
1329 3606 1574 3664 confert:
1600 3607 1882 3680 Χειμῶνος
1904 3613 1962 3664 ὲν
1986 3630 2103 3683 τρο-

510 3690 640 3752 παῖς
668 3690 840 3755 ὄντος,
870 3693 1161 3764 ἱσταμένου
1201 3697 1528 3770 ἰανουαρίου
1565 3700 1733 3773 μηνὸς
1765 3697 1942 3773 (οὗτος
1963 3703 2009 3757 δ’
2033 3704 2101 3759 ἂν

511 3777 598 3849 εἴη
650 3780 953 3836 Ποσειδεὼν
1010 3784 1358 3857 Ἀθηναίοις).
1404 3768 1541 3844 Nam
1568 3768 1797 3848 lunaris
1831 3793 2101 3850 Posideon

512 3883 907 3940 nonnunquam
946 3872 1192 3930 Januarii
1235 3886 1446 3947 partem
1476 3879 1677 3936 aufert.
1711 3881 1858 3938 Idem
1888 3896 1944 3939 et
1972 3883 2100 3940 Sui—

512 3960 614 4016 das
641 3963 930 4032 perspicue
950 3965 1128 4033 docet,
1155 3967 1243 4023 his
1268 3969 1474 4027 verbis:
1497 3972 1805 4028 Ποσειδεὼν
1838 3975 1945 4046 μὴν
1969 3979 2100 4047 παρ’

523 4055 830 4128 Ἀθηναίοις
860 4059 1004 4113 οὕτω
1038 4060 1371 4133 καλούμενος
1399 4063 1753 4137 Δεκέμϐριος.
1790 4066 1945 4134 Quod
1971 4083 2102 4126 vero

512 4144 806 4217 Γαμηλιὼν
824 4149 1135 4218 proximum
1165 4165 1195 4204 a
1218 4152 1454 4207 solstitio
1480 4153 1661 4208 locum
1687 4156 1902 4223 habeat,
1923 4159 2102 4214 deela-

512 4244 598 4291 rat
625 4236 851 4293 Aristot.
889 4255 905 4293 ι
958 4238 1260 4302 Μαίων-ηρ.
1284 4240 1348 4296 6:
1383 4243 1506 4296 Ἐπὶ
1526 4244 1584 4298 δὲ
1611 4246 1904 4317 ’Δρχοντος
1943 4249 2101 4322 Ἀθή-

511 4343 666 4399 νῃσιν
696 4328 967 4394 Εὐκλέους
985 4330 1081 4384 τοῦ
1106 4332 1364 4398 Μόλωνος
1395 4334 1615 4404 ἐγένετο
1648 4340 1897 4410 κομήτης
1922 4340 2099 4413 ἀστὴρ

2201 3240 2438 3303 dixerat,
2482 3255 2552 3293 ιιι
2579 3239 2666 3295 die
2694 3248 2820 3294 ante
2863 3236 3257 3309 Epiphaniam;
3290 3251 3571 3307 perperam
3597 3237 3746 3304 itaque

2200 3339 2411 3401 postea,
2446 3346 2502 3385 n.
2529 3330 2622 3399 28,
2649 3330 2756 3403 πρὸ
2781 3329 2928 3385 ὀκτὼ
2952 3327 3124 3384 Εἰδῶν
3156 3327 3485 3400 Νοεμϐρίων
3504 3344 3534 3384 a
3561 3328 3748 3383 librario

2202 3421 2488 3491 scriptum.

2212 3518 2241 3536 ’
2276 3510 2410 3567 Ibid.
2431 3512 2593 3567 Κατὰ
2609 3514 3029 3584 Σαλαμινίους.
3047 3510 3348 3569 Neomenia
3373 3514 3570 3571 Choiac
3595 3512 3749 3582 incidit

2204 3617 2264 3657 ιιι
2285 3601 2513 3660 Novem.
2528 3619 2689 3674 quem
2709 3620 2950 3661 mensem
2971 3606 3188 3661 tertium
3209 3607 3485 3679 appellat:
3513 3607 3617 3662 sive
3630 3602 3747 3673 quod

2201 3694 2387 3764 plures
2415 3695 2661 3766 ejusdem
2688 3695 2928 3752 nominis
2952 3706 3159 3764 essent,
3186 3708 3245 3753 ut
3276 3698 3426 3769 apud
3457 3696 3750 3753 recentiores

2202 3785 2413 3842 Arabes
2438 3786 2548 3842 duo
2571 3784 2749 3843 Rabiu
2775 3797 2926 3852 sunt,
2955 3772 3289 3861 totidemque
3324 3791 3607 3848 Giumediu
3623 3806 3638 3856 ;
3657 3788 3749 3844 sive

2203 3876 2348 3946 quod
2386 3876 2580 3933 ordine
2621 3879 2818 3935 tertius
2853 3888 3016 3935 esset.
3062 3877 3217 3936 Unde
3257 3891 3316 3937 et
3342 3882 3568 3952 quintus
3602 3881 3652 3933 in
3676 3875 3748 3931 Ia

2202 3968 2459 4023 nuarium
2489 3969 2743 4026 incurrit.
2780 3988 2811 4028 a
2876 3985 2936 4025 In
2968 3969 3107 4027 Nov.
3135 3972 3205 4028 ad
3231 3971 3355 4028 Kal.
3385 3964 3746 4040 Jan.,conipre-

2205 4058 2391 4116 hensis
2423 4057 2543 4114 Kal.
2575 4060 2730 4131 ipsis,
2770 4061 2886 4116 dies
2931 4071 3062 4117 sunt
3109 4062 3272 4119 solidi
3309 4079 3407 4130 ιι,
3440 4066 3534 4135 qui
3571 4075 3749 4118 menses

2201 4149 2342 4205 duos
2373 4151 2697 4207 tricenarios
2735 4151 2995 4208 efﬁciunt.
3027 4152 3163 4209 Nam
3193 4171 3233 4210 ιι
3261 4154 3507 4212 Januarii
3535 4156 3749 4225 πέμπτος

2202 4242 2410 4297 mensis
2466 4243 2609 4299 iniit.
2658 4243 2927 4301 Videntur
2983 4245 3267 4304 Salaminii
3323 4248 3652 4319 aequabilem,
3707 4256 3750 4299 cl

2201 4331 2577 4403 Egyptiacam
2609 4334 2879 4391 mensium
2902 4337 3620 4409 dispositionemascivisse.

513 4418 650 4488 πρὸς
680 4421 902 4492 ἄρκτον,
941 4423 1110 4494 μηνὸς
1147 4422 1500 4497 Γαμηλιῶνος
1541 4429 1675 4500 περὶ
1702 4430 1912 4500 τροπὰς
1947 4432 2094 4495 ὄντος

2271 4422 2407 4478 Ibid.
2435 4426 2600 4482 Κατὰ
2627 4428 2921 4496 Παφίους.
2954 4427 3254 4499 Apogonici
3297 4429 3580 4486 neomwia
3611 4423 3749 4494 cmpil

511 4509 605 4562 τοῦ
630 4509 784 4581 ἡλίου
810 4513 1150 4584 χειμερινάς.
1204 4513 1331 4569 llaec
1379 4517 1536 4572 nobis
1584 4519 1750 4588 paulo
1785 4519 2100 4575 accuratius

511 4600 939 4659 demonstranda
974 4603 1199 4671 fuerint,
1244 4607 1391 4677 quod
1435 4617 1491 4663 et
1517 4609 1808 4680 Epiphanii
1839 4610 1995 4666 locus
2022 4611 2097 4665 ita

510 4697 832 4767 posuilarct,
863 4707 919 4755 et
940 4699 1085 4769 quod
1119 4700 1340 4771 indigne
1367 4699 1566 4757 ferrem
1597 4703 1841 4759 eruditos
1860 4704 2097 4759 nonnul-

511 4786 643 4842 losa
666 4786 945 4859 Scaligero
975 4789 1028 4843 in
1064 4791 1315 4846 eumdem
1339 4805 1581 4848 errorem
1610 4792 1881 4849 inductos.
1910 4792 1955 4846 E
1975 4795 2098 4864 qui-

512 4877 617 4933 bus
648 4894 792 4936 unus
820 4881 1037 4947 asserit,
1087 4881 1339 4951 imperite
1387 4896 1578 4937 omnes
1619 4891 1745 4938 ante
1790 4883 1939 4938 illum
1966 4882 2096 4940 Mte-

513 4969 902 5025 macterionem
931 4978 1186 5041 quartum
1214 4986 1459 5028 mensem
1482 4988 1822 5031 numerasse.
1844 4974 1949 5042 Qui
1973 4976 2097 5045 qui-

512 5057 635 5113 dem
666 5067 744 5112 tot
776 5061 1063 5117 convictus
1096 5063 1402 5121 rationibus
1448 5065 1609 5120 cedat
1648 5081 1873 5124 necesse
1909 5077 2012 5137 est,
2040 5079 2096 5123 et

512 5149 659 5233 quod
701 5162 733 5202 a
777 5147 1055 5220 Scaligero
1089 5151 1376 5222 didicerat,
1417 5155 1636 5211 tandem
1671 5157 1967 5228 aliquando
1995 5161 2094 5215 de-

512 5239 707 5295 discat.
728 5239 937 5296 Caetera
956 5258 1077 5312 quae
1107 5246 1174 5300 ad
1200 5246 1510 5302 Atticorum
1541 5247 1825 5312 mensium
1844 5249 2094 5320 disputa-

514 5331 718 5388 tionem
758 5339 815 5387 et
855 5332 1049 5399 multa,
1086 5341 1140 5388 et
1178 5337 1455 5406 exquisita
1495 5338 1599 5393 dici
1645 5349 1889 5409 possent,
1930 5356 2092 5396 suum

510 5422 693 5481 locum
726 5424 1001 5480 habebunt
1030 5425 1085 5479 in
1107 5440 1173 5481 eo
1200 5442 1384 5497 opere,
1416 5444 1526 5501 quo
1558 5442 1863 5502 temporum
1894 5432 2094 5489 doctri-

514 5528 638 5570 nam
652 5532 681 5570 a
699 5517 957 5589 Scaligeri
971 5517 1221 5589 somniis,
1240 5520 1346 5575 Deo
1362 5522 1655 5592 aspirante,
1670 5525 2089 5583 vindicabimus.

587 5606 718 5662 Illud
748 5624 914 5663 unum
945 5611 1200 5666 lectorem
1227 5627 1452 5670 necesse
1502 5624 1587 5673 est
1620 5617 1930 5684 admoneri,
1971 5633 2093 5675 cos-

517 5691 636 5781 dent
680 5697 801 5755 ilius
843 5698 1053 5754 Atticos
1096 5716 1313 5758 menses
1350 5703 1484 5760 alias
1520 5706 1744 5764 lunares
1779 5724 1921 5777 esse,
1953 5710 2090 5768 alias

2205 4512 2397 4569 Octob.
2434 4530 2583 4569 xxrv.
2625 4513 2784 4572 Julus
2815 4516 2935 4572 iniit
2959 4517 3086 4573 Dec.
3126 4533 3273 4573 ntv.
3305 4519 3355 4572 Α
3385 4518 3476 4575 die
3506 4533 3625 4573 xxxv
3649 4518 3744 4569 Oct.

2204 4604 2271 4659 ad
2294 4620 2428 4660 mn
2462 4604 2593 4661 Dec.
2620 4607 2738 4663 dies
2767 4619 2896 4663 sunt
2917 4624 3028 4675 LXI,
3047 4611 3141 4679 qui
3171 4617 3301 4665 sunt
3321 4610 3435 4665 duo
3451 4608 3747 4680 Paphiorum

2203 4710 2444 4752 menses.
2463 4694 2645 4762 Quare
2674 4696 3020 4769 Apogonicus
3044 4698 3376 4770 Paphiorum
3410 4699 3517 4756 fuit
3535 4698 3742 4756 Novem-

2203 4787 2335 4853 ber;
2372 4784 2552 4852 Julus,
2584 4787 2900 4844 December.

2273 4877 2408 4933 Ibid.
2463 4876 2625 4932 Κατὰ
2677 4881 2945 4948 Ἄραϐας.
2998 4878 3293 4936 Neomenia
3344 4878 3741 4952 Angalthabaith

2202 4967 2452 5025 Octobris
2475 4986 2608 5026 xvnt
2631 4974 2928 5043 competit:
2957 4988 2989 5027 a
3012 4987 3122 5044 quo
3152 4972 3240 5028 die
3271 4973 3339 5029 ad
3368 4988 3462 5028 xvi
3492 4972 3617 5028 Dec.
3642 4969 3737 5025 dies

2202 5070 2330 5117 sunt
2356 5076 2449 5125 ιι,
2494 5062 2612 5119 sive
2647 5063 2759 5119 duo
2800 5079 3016 5121 menses
3062 5063 3408 5137 Egyptiaci:
3450 5065 3643 5137 quibus
3678 5073 3743 5114 usi

2202 5162 2330 5207 sunt
2349 5154 2557 5211 Arabes
2587 5155 2693 5212 illis
2714 5157 3073 5227 temporibus.
3112 5155 3250 5213 Nam
3281 5155 3577 5214 Neomenia
3603 5155 3744 5211 Alcon

2200 5245 2365 5314 paulo
2402 5255 2529 5302 ante
2554 5248 2721 5318 coepit
2743 5246 3058 5305 Decembris
3087 5263 3217 5304 xvn.

2271 5335 2405 5393 Ibid.
2457 5341 2623 5396 Κατὰ
2642 5340 2996 5408 Μακεδόνας
3035 5342 3405 5398 Ἀπελλαίου.
3443 5333 3742 5398 Macedonici

2200 5430 2431 5497 mensis,
2449 5447 2574 5487 cum
2612 5433 2682 5489 de
2705 5441 2950 5504 tempore
2973 5432 3183 5491 Natalis
3218 5443 3418 5506 ageret,
3443 5433 3742 5489 mentionem

2200 5523 2408 5578 omisit.
2424 5524 2690 5581 Convenit
2702 5540 2869 5597 porro
2879 5526 3095 5599 Apellaei
3110 5526 3397 5584 Neomenia
3413 5542 3537 5582 cum
3553 5520 3745 5594 Paphio-

2201 5630 2323 5671 rum
2354 5616 2690 5688 Apogonico.
2720 5618 2856 5676 Nam
2897 5628 3130 5693 utraque
3171 5620 3293 5676 iniit
3330 5619 3581 5675 Octobris
3618 5626 3739 5669 xxiv.

2202 5708 2307 5765 Sed
2336 5722 2529 5767 neutra
2575 5713 2785 5770 lunaris
2817 5715 3046 5771 exstitit.
3080 5714 3235 5783 Apud
3272 5714 3463 5770 mediae
3486 5704 3740 5771 vetustatis
