3958 6420
247 417 364 480 937

1421 421 1511 477 DE
1549 420 1736 478 ANNO
1769 420 2024 477 NATALI
2061 419 2354 478 CHRISTI.

3398 427 3509 482 938

252 536 573 607 scriptores,
589 537 890 608 praesertim
921 535 1286 602 Christianos,
1312 552 1702 610 nonnunquam
1726 536 1832 592 Ma-

1950 539 2249 594 tutumnale
2277 538 2420 594 κατὰ
2446 539 2542 611 τὴν
2560 539 2734 611 ἀρχὴν
2754 539 2850 592 τοῦ
2877 538 3002 593 Δξου
3031 537 3200 610 μηνός
3228 539 3341 594 fieri
3369 543 3507 596 scri-

254 624 505 680 cedonici
525 639 740 680 menses
755 640 878 679 cum
905 625 1435 696 Syromaeedonicis,
1454 644 1597 698 quos
1617 639 1670 683 et
1691 628 1840 682 Grie-

256 731 450 772 corum
482 731 698 773 menses
725 718 1019 787 appellant,
1054 718 1313 775 confundi
1343 713 1558 784 videas;
1593 729 1650 774 ut
1681 719 1732 773 in
1756 719 1838 773 in-

1939 630 2045 700 psit
2077 647 2090 684 :
2129 630 2348 684 ineunte
2387 645 2515 684 vero
2555 628 2778 695 Potitio,
2831 629 3126 685 solstitium
3182 628 3510 698 hibernum;

1937 719 2319 789 aequinoctium
2353 734 2604 781 vernum,
2653 719 2978 783 Artemisio;
3031 719 3278 774 aestivum
3330 721 3514 775 solsti-

259 807 403 878 signi
436 808 530 862 illo
559 808 796 863 Anatolii
841 809 980 878 loco,
1027 827 1189 881 quem
1224 811 1278 866 in
1313 811 1558 882 sequenti
1597 811 1836 865 Distriba
1933 810 2096 877 tium,
2118 809 2256 864 Loo.
2289 809 2442 875 Quod
2478 809 2561 863 vel
2601 809 2668 863 de
2701 807 2955 875 Iulianis,
2989 825 3054 864 ac
3080 809 3200 863 lixis
3226 811 3515 866 mensibus

258 898 687 964 declarabimus,
729 901 864 956 alias
898 918 1028 957 vero
1055 903 1310 970 discerni,
1341 915 1398 959 ut
1434 906 1534 959 hoc
1563 905 1684 960 loco
1714 903 1840 960 fecit

262 989 620 1060 Epiphanius.
657 993 722 1046 Et
745 1001 895 1047 certe
925 991 1541 1064 Syromaeedonicorum
1566 994 1836 1050 mensium

257 1084 402 1138 alius
441 1082 496 1137 in
526 1097 674 1138 anno
708 1082 925 1140 Iuliano
959 1086 1118 1150 situs,
1164 1101 1326 1156 quam
1367 1086 1837 1144 Macedonicorum

258 1173 386 1238 fuit,
425 1189 532 1229 non
565 1174 729 1229 modo
758 1182 1024 1238 veterum,
1048 1192 1182 1247 quos
1209 1177 1427 1233 lunares
1457 1178 1627 1234 fuisse
1655 1179 1838 1249 suspi-

258 1279 472 1331 camur,
504 1265 598 1320 sed
637 1267 798 1321 etiam
843 1268 1204 1324 recentiorum
1249 1285 1314 1325 ac
1353 1251 1606 1325 lixarum.
1636 1271 1712 1326 Ac
1745 1288 1839 1341 po-

259 1355 557 1412 steriorum
597 1357 838 1426 quidem,
877 1358 982 1414 hoc
1024 1368 1109 1416 est
1150 1359 1645 1421 Macedonicorum.
1695 1361 1836 1432 apud

257 1445 517 1514 antiquos
541 1447 710 1502 series
731 1447 962 1503 obscura
994 1459 1079 1504 est
1121 1465 1186 1504 ac
1225 1449 1481 1517 dillicilis,
1515 1452 1659 1520 quod
1683 1451 1752 1506 de
1776 1466 1837 1506 ea

256 1535 414 1589 varie
446 1536 878 1604 prastantissimi
914 1538 1208 1609 scriptores
1239 1539 1584 1595 existimasse
1649 1540 1838 1594 viden-

257 1634 372 1680 tur.
403 1626 508 1681 Sed
540 1628 743 1684 omissa
773 1630 938 1684 modo
961 1631 1282 1700 quaestione,
1305 1631 1387 1684 vel
1412 1631 1464 1684 in
1488 1631 1633 1685 aliud
1660 1631 1840 1700 potius

256 1719 456 1784 dilata,
497 1727 710 1790 tempus
753 1721 836 1776 sic
875 1721 1100 1778 omnino
1125 1730 1334 1787 statuo,
1358 1723 1653 1793 principem
1688 1739 1842 1779 men-

258 1811 407 1865 sium
441 1809 613 1866 Loum
657 1814 952 1880 exstitisse,
993 1813 1086 1884 qui
1121 1813 1561 1870 lieeatontbatoni
1613 1827 1842 1885 respon—

1936 901 2108 970 accipi
2143 910 2338 970 potest,
2384 901 2468 956 vel
2489 901 2558 955 de
2590 901 2903 966 lunaribus,
2944 915 3010 955 eo
3048 901 3295 957 videlicet
3321 917 3510 964 sensu,

1938 1004 1996 1049 ut
2027 994 2128 1048 sub
2165 1001 2401 1064 quatuor
2433 993 2555 1048 illos
2591 992 2720 1046 anni
2743 992 2992 1047 cardines
3022 993 3241 1047 totidem
3267 994 3342 1048 illi
3366 1010 3518 1049 reen-

1937 1099 2025 1139 ses
2071 1085 2276 1138 ineant.
2318 1083 2482 1138 Favet
2533 1083 2661 1138 huic
2701 1082 3032 1153 conjectura:
3070 1082 3378 1153 Iosephus,
3417 1085 3512 1155 qui

1938 1190 2178 1245 persche
2209 1173 2541 1230 Xanthicum
2575 1173 2742 1229 Nisan
2769 1189 2891 1229 esse
2917 1173 3065 1236 dicit,
3089 1183 3148 1228 ut
3176 1173 3328 1245 Orig.
3353 1177 3448 1232 lib.
3473 1194 3514 1240 ι,

1937 1283 2058 1335 cap.
2081 1267 2135 1334 5,
2170 1275 2223 1321 et
2252 1267 2342 1321 lib.
2373 1282 2456 1332 m,
2485 1283 2606 1336 cap.
2633 1267 2666 1321 9
2690 1277 2742 1322 et
2775 1265 2858 1320 ιο.
2894 1264 3057 1322 Libro
3090 1283 3217 1323 vero
3249 1284 3431 1334 vm,c.
3458 1269 3514 1334 ἓ,

1940 1356 2044 1426 ljar
2094 1373 2218 1412 cum
2267 1356 2562 1412 Artemisio
2605 1358 2914 1427 componit;
2961 1358 3101 1412 libro
3146 1374 3264 1426 vm,
3309 1374 3429 1430 cap.
3459 1361 3517 1426 5,

1940 1448 2412 1520 llyperberetzcum
2443 1463 2566 1504 cum
2588 1447 2769 1516 Tisri;
2796 1445 2952 1502 Dium
2979 1464 3103 1504 cum
3123 1448 3517 1506 Murchesuvan

1941 1541 2035 1595 lib.
2064 1557 2101 1607 ι,
2130 1555 2248 1610 cap.
2273 1541 2337 1605 5;
2365 1541 2608 1595 Cbasseu
2647 1554 2771 1595 eum
2803 1539 3038 1610 Apellan
3063 1540 3159 1596 lib.
3193 1557 3290 1608 xu,
3317 1557 3436 1611 cap.
3461 1543 3516 1596 7.

1940 1629 2091 1684 Adde
2127 1630 2193 1685 iis
2223 1631 2586 1686 astronomica
2619 1629 2866 1700 quaedam
2903 1618 3149 1701 exeliipla
3179 1631 3235 1687 in
3255 1631 3520 1687 Chaldai-

1941 1736 2002 1775 ca
2032 1719 2254 1791 periodo
2279 1719 2421 1790 apud
2451 1719 2824 1776 Ptolemaeum.
2862 1718 2994 1787 Quae
3021 1721 3206 1776 omnia
3233 1723 3362 1777 alibi
3393 1723 3519 1778 dili-

1943 1815 2160 1884 gentius
2193 1811 2552 1883 explicantur.
2583 1811 2730 1867 Inter
2750 1811 3220 1869 Macedonicorum
3249 1815 3518 1870 mensium

256 1901 404 1958 derit
433 1919 446 1955 :
475 1902 619 1971 quod
659 1901 710 1956 in
757 1903 1048 1958 Alexandri
1086 1904 1205 1959 Vita
1236 1915 1468 1962 testatur
1495 1906 1836 1962 Pluton-lius.
1873 1895 1914 1950 Β
1943 1921 2009 1960 ex
2044 1906 2111 1962 iis
2141 1904 2399 1960 euntibus
2425 1903 2560 1961 ordo
2587 1904 2690 1960 iste
2721 1904 3142 1961 constituendus
3170 1917 3273 1961 est.

255 1993 502 2050 Galenus
553 2009 772 2066 quoque
820 1996 875 2051 in
938 1997 1032 2053 lib.
1087 2013 1102 2053 I
1153 1997 1396 2068 Epidem.
1449 2001 1836 2072 aequinoctium

402 2155 618 2212 Menses
643 2151 858 2213 Iudaici
1173 2157 1385 2215 Menses
1413 2157 1747 2216 Macedonici

475 2321 644 2378 Nisan
1299 2324 1561 2388 Ξανθικός

477 2392 584 2466 [jar
1297 2395 1639 2466 Ἀρτεμίσιος

478 2462 680 2518 Siuvnn
1297 2462 1512 2527 natm;

475 2533 721 2589 Tliatnuz
1299 2536 1548 2604 Πάνεμος

475 2605 556 2656 Ab
1299 2604 1447 2673 Λῴος

475 2673 594 2744 Elui
1301 2675 1594 2744 Γορπιαῖος

476 2743 642 2817 Iisri
1307 2743 1760 2817 Ὑπερϐερετατος

478 2813 874 2871 Harehesuvan
1299 2815 1418 2877 Δῖος

476 2881 721 2941 Chasseu
1313 2884 1625 2948 Ἀπελλαῖος

473 2951 720 3024 Thebellt
1301 2954 1594 3024 Δύδηναίος

477 3023 756 3094 Schebath
1301 3023 1550 3094 Περίτιος

474 3093 624 3151 Adar
1295 3093 1538 3166 Δύστρος

2115 2156 2332 2215 Menses
2362 2155 2525 2214 Attici
2772 2155 2988 2228 Menses
3031 2155 3273 2224 Iuliani,
3321 2158 3526 2228 qnilms

2802 2225 2916 2282 fere
2941 2228 3124 2282 caueri
3147 2225 3503 2300 respondent.

2161 2320 2562 2392 Ἐλαφηὸᾳλιών
2988 2320 3216 2378 Martius

2145 2390 2466 2460 Μουνυχιὼν
2986 2391 3192 2460 Aprilis

2147 2461 2471 2533 βαργηλιὼν
2501 2529 2511 2533 Α
2991 2462 3172 2533 plains

2147 2529 2555 2601 Σκίῤῥὸφοριών
2987 2531 3186 2590 Junius

2159 2600 2568 2672 Ἐκατομϐαιῴν
2986 2601 3016 2658 I
3025 2602 3170 2660 ulius

2147 2670 2548 2743 Metays'ttvttbv
2988 2672 3267 2743 Augustus

2149 2741 2500 2812 Βοηδρομιὼν
2535 2810 2542 2812 Α
2991 2741 3313 2812 September

2149 2810 2587 2884 Maiuanmpttbv
2981 2810 3225 2884 ~chober

2151 2881 2472 2951 Πυανεψιώύ
2989 2881 3293 2939 November

2152 2952 2452 3005 Ποσειδεὼν
2993 2951 3292 3008 December

2152 3021 2441 3092 Γαμηλιὼν
2988 3021 3286 3079 Ianuarius

2164 3091 2556 3164 ’Δνθεστηριών
2989 3091 3346 3150 Februarius.

256 3215 336 3269 At
367 3215 422 3270 in
449 3211 682 3285 epistola
730 3210 966 3285 Philippi
992 3211 1346 3272 Macedonum
1398 3215 1564 3287 regis,
1602 3228 1721 3286 quae
1760 3226 1846 3272 εει
1871 3225 1914 3286 c
1939 3213 2331 3270 adhibuerunt.
2353 3211 2465 3266 lmo
2495 3227 2623 3267 vero
2651 3211 2890 3277 idipsnm
2927 3211 3071 3279 apud
3109 3211 3232 3268 illos
3263 3212 3533 3283 antiquis-

260 3301 410 3372 apud
445 3300 721 3358 Demosth.
757 3302 896 3372 Περὶ
925 3303 1252 3373 στεφάνου,
1305 3303 1454 3360 Lous
1504 3321 1627 3360 cum
1668 3305 1848 3360 Attico

261 3395 556 3452 Boedrom.
615 3396 988 3466 componitur,
1038 3406 1098 3452 ut
1155 3397 1298 3452 alius
1328 3413 1428 3468 per
1459 3397 1554 3452 illa
1604 3406 1847 3467 tempora

262 3487 540 3543 mensium
569 3487 711 3558 apud
731 3487 1056 3545 Macedonas
1079 3497 1368 3545 contextus
1393 3488 1563 3544 fuisse
1577 3489 1843 3545 videatur.

265 3576 351 3632 De
368 3593 477 3647 quo
505 3578 660 3633 alias.
685 3573 841 3633 Nunc
866 3574 1022 3644 illud,
1046 3577 1190 3648 quod
1208 3577 1342 3643 dixi,
1363 3593 1429 3632 ex
1456 3575 1848 3648 diagrammate

265 3677 520 3734 constat,
571 3668 957 3737 Macedonicos
992 3683 1212 3725 menses
1248 3683 1358 3723 uno
1386 3669 1496 3724 fere
1531 3684 1719 3723 mense
1747 3668 1848 3739 Sy-

265 3761 706 3819 romacedonicis
777 3763 1082 3818 anteriores
1136 3777 1283 3818 esse.
1349 3759 1486 3820 Nam
1547 3760 1849 3818 Xantlticus

266 3856 505 3926 exempli
524 3870 690 3911 causa
719 3853 1215 3926 Syromacedonum
1233 3863 1317 3910 est
1337 3852 1536 3924 Aprilis
1561 3849 1844 3908 Iulianus:

266 3943 656 4002 Macedonicus
707 3960 840 4002 vero
900 3943 1115 3999 tametsi
1149 3959 1276 4000 cum
1324 3943 1534 3998 lunaris
1567 3951 1651 3998 cst
1683 3940 1848 4014 Aprili

268 4052 669 4108 nonnunquam
697 4035 1039 4106 respondeat,
1069 4035 1268 4105 smpius
1285 4043 1469 4090 tamen
1502 4034 1556 4089 in
1599 4034 1849 4088 Martium

270 4131 526 4195 incurrit,
562 4131 937 4200 maioremque
967 4129 1116 4183 illius
1143 4135 1349 4197 panem
1382 4136 1634 4198 occupat.
1675 4127 1852 4180 Cente-

1947 3306 2150 3362 simum
2215 3303 2384 3359 luisse
2433 3319 2541 3358 non
2583 3303 2794 3372 primus
2824 3302 3085 3374 Scaliger,
3137 3314 3195 3358 ut
3230 3303 3530 3375 gloriatur,

1945 3396 2039 3453 sed
2069 3396 2214 3451 Gaza
2238 3405 2364 3450 ante
2390 3395 2542 3449 illum
2574 3396 2762 3450 docuit
2795 3394 2889 3448 lib.
2922 3394 2998 3449 De
3024 3396 3308 3458 mensibus,
3341 3395 3430 3449 ubi
3461 3394 3532 3450 de

1945 3501 2090 3541 anno
2135 3486 2397 3554 disputat.
2458 3483 2671 3540 Etenim
2729 3500 2909 3540 annus
2933 3527 2947 3552 ,
2984 3485 3196 3554 inquit,
3233 3485 3375 3555 apud
3407 3485 3530 3541 illos

1945 3586 2064 3632 erat
2101 3577 2298 3648 duplex
2325 3596 2338 3641 ;
2363 3577 2500 3631 alter
2528 3576 2740 3631 dierum
2769 3592 2958 3642 cccu,
3005 3576 3170 3646 cujus
3210 3577 3264 3630 in
3298 3576 3405 3631 line
3434 3592 3530 3646 ap-

1946 3667 2202 3740 pendices
2227 3685 2258 3722 v
2293 3669 2410 3725 dies
2442 3669 2843 3730 inserebantur,
2871 3669 2934 3723 ad
2972 3683 3111 3738 qnos
3139 3676 3336 3738 quarto
3386 3681 3530 3737 quo-

1948 3773 2056 3828 que
2085 3776 2228 3816 anno
2279 3761 2396 3816 dies
2427 3777 2571 3816 unus
2617 3761 2931 3825 accedebat,
2964 3762 3101 3816 alter
3141 3761 3350 3815 lunaris
3401 3759 3527 3816 fuit.

1949 3853 2005 3907 In
2043 3853 2220 3923 priore
2255 3853 2430 3908 forma
2463 3855 2740 3909 tricenarii
2764 3867 2980 3910 menses
2999 3863 3173 3920 erant,
3203 3853 3268 3908 ad
3305 3854 3530 3908 modum

1949 3942 2256 4016 Egyptiaci
2313 3946 2477 4011 anni;
2538 3947 2763 4000 ultimus
2824 3949 3028 4002 mensis
3059 3961 3090 3999 v
3137 3945 3222 3999 vel
3251 3959 3304 3999 vi
3341 3945 3533 4000 diebus

1951 4039 2164 4092 auctior
2197 4047 2332 4092 erat.
2395 4035 2520 4093 llaec
2559 4037 2724 4092 Gaza.
2764 4037 2923 4105 Quod
2973 4046 3154 4092 utrum
3196 4036 3396 4107 priscis
3428 4036 3535 4092 illis

1949 4129 2292 4198 temporibus
2327 4147 2428 4186 usu
2465 4132 2712 4201 populari
2745 4141 3016 4202 receptum
3049 4131 3233 4196 fuerit,
3268 4132 3394 4186 alibi
3423 4132 3536 4186 dis-

269 4238 399 4280 rum
447 4222 587 4292 apud
623 4215 984 4291 Epiphanium
1024 4219 1211 4274 hocin
1244 4220 1364 4274 loco
1395 4233 1493 4288 pro
1534 4213 1852 4271 Ἀπελλαίου
1953 4220 2174 4278 seritur.
2215 4220 2346 4276 Post
2399 4220 2677 4277 Julianam
2724 4223 2944 4292 quidem
2996 4222 3311 4286 editionem,
3371 4231 3535 4292 atque

273 4321 378 4379 ις’,
413 4312 653 4381 Scaliger
676 4312 768 4366 lib.
803 4326 836 4364 ν
869 4309 948 4364 De
972 4308 1236 4364 emendat.
1275 4324 1397 4378 pag.
1438 4307 1575 4373 482,
1629 4307 1855 4377 corrigit
1953 4312 2239 4384 Epiphanii
2293 4312 2492 4368 saeculo
2518 4353 2534 4379 ,
2588 4313 2858 4382 ejusmodi
2922 4327 3126 4376 annum
3181 4311 3533 4365 observatum

269 4405 599 4459 Ἀπελλαίου
633 4411 706 4469 ς’.
741 4401 861 4469 Qua
899 4401 1113 4456 ratione
1150 4401 1420 4471 Apellaeus
1467 4397 1854 4455 Macedonicus
1953 4402 2183 4457 Athenis
2221 4401 2412 4466 fuisse,
2446 4415 2514 4456 ex
2550 4401 2657 4456 hoc
2689 4400 2978 4470 Epiphanii
3005 4401 3127 4454 loco
3182 4399 3385 4468 conjici
3435 4415 3536 4470 po--

270 4495 601 4552 Novembris
641 4511 701 4550 Ill
725 4494 970 4564 coeperit.
1009 4492 1165 4559 Quod
1202 4506 1463 4553 verumne
1490 4491 1562 4546 sit
1587 4491 1791 4546 nescio.

1958 4503 2081 4550 test.
2119 4492 2192 4548 Ut
2217 4494 2364 4548 enim
2391 4491 2748 4564 Egyptiacus
2791 4509 2970 4547 annus
2994 4491 3274 4546 mensibus
3302 4491 3536 4546 tricena-

348 4587 468 4643 Col.
517 4587 626 4642 95%
671 4585 736 4641 C.
771 4583 934 4640 Κατὰ
963 4583 1312 4652 Ἀθηναίους
1358 4580 1848 4651 Μεταγειτνιῶνος

1960 4587 2055 4642 riis
2077 4593 2359 4649 constans,
2386 4601 2511 4640 cum
2539 4587 2802 4640 hactenus
2835 4583 2943 4640 diei
2977 4583 3323 4638 intercalaris
3364 4584 3536 4637 omis-

269 4677 515 4746 ἑϐδόμη.
550 4677 775 4732 Constat
787 4692 852 4731 ex
879 4675 946 4730 iis
962 4691 1082 4744 qua:
1099 4674 1262 4744 paulo
1276 4681 1402 4728 ante
1416 4673 1688 4742 disputata
1707 4683 1854 4737 sunt,

273 4767 778 4824 Mannacterionem
811 4765 878 4820 ab
905 4763 1357 4820 llecatombaeone
1392 4777 1514 4818 esse
1545 4771 1805 4832 quartum
1841 4778 1853 4813 :

271 4859 426 4933 quod
445 4861 601 4916 ethic
631 4860 787 4916 locus
811 4859 1090 4915 evidenter
1117 4857 1454 4913 demonstrat
1492 4873 1504 4909 :
1533 4871 1655 4909 nam
1690 4851 1860 4908 Meta-

276 4953 490 5027 gitnion
526 4955 810 5026 proximus
829 4963 910 5009 est
937 4953 1006 5008 ab
1039 4951 1504 5010 llecatombaeone.
1529 4945 1698 5022 igitur
1727 4948 1858 5020 Epi-

277 5047 470 5122 phanii
501 5049 700 5105 saeculo
751 5045 1168 5104 Hecatombamn
1200 5044 1434 5100 October
1465 5053 1612 5106 erat,
1643 5035 1862 5096 Maema-

275 5142 492 5198 cterion
521 5140 838 5198 Ianuarius.
875 5139 1173 5196 Ncomenia
1219 5132 1673 5193 Mzemactcrionis
1725 5151 1859 5190 con-

279 5236 432 5308 gruit
455 5232 576 5289 Kal.
611 5233 747 5306 ipsis
793 5229 1075 5300 Januarii;
1110 5248 1235 5286 nam
1261 5247 1310 5284 v1
1362 5228 1624 5286 Mmmact.
1672 5229 1860 5284 eadem
1895 5303 1899 5308 '

212 5316 234 5343 λ’
277 5335 369 5383 est
400 5323 645 5382 Ianuarii
686 5335 760 5381 νι.
797 5324 961 5396 Atqui
995 5323 1296 5379 Neomenia
1323 5317 1727 5392 Metagitnionis
1755 5333 1863 5374 non

277 5419 539 5476 convenit
571 5417 693 5475 Kal.
741 5415 879 5473 Nov.
919 5415 1132 5488 Quippe
1174 5431 1268 5470 vm
1315 5411 1448 5472 Nov.
1493 5429 1565 5466 vit
1602 5411 1865 5472 duntaxat

277 5520 373 5568 est
406 5509 810 5582 Mctagitnionis
832 5551 847 5576 ,
907 5507 1013 5570 nisi
1066 5507 1324 5562 mendum
1359 5504 1430 5560 sit
1486 5505 1541 5566 in
1577 5499 1865 5576 Epiphanii

281 5605 498 5661 codice.
525 5603 570 5658 Α
594 5601 834 5666 secunda
861 5599 996 5657 Nov.
1034 5597 1101 5654 ad
1130 5599 1376 5652 ultimam
1412 5593 1539 5654 Dec.
1594 5596 1712 5651 dies
1740 5605 1867 5650 sunt

283 5689 382 5760 Li,
419 5711 635 5752 incuses
666 5691 1078 5754 Atheniensium
1109 5692 1239 5746 duo.
1269 5686 1508 5746 Proinde
1544 5705 1649 5744 non
1696 5681 1867 5743 Iulia-

284 5781 404 5848 nis,
452 5785 546 5841 sed
578 5783 960 5857 aequabilibus.
1014 5789 1068 5837 et
1097 5779 1433 5852 Egyptiacis
1467 5779 1746 5833 mensibus
1782 5777 1867 5841 usi

281 5882 418 5934 sont
444 5872 641 5931 Athon.
671 5884 794 5929 cum
828 5874 1063 5942 primum
1090 5871 1255 5925 tixum
1284 5880 1336 5925 et
1364 5870 1611 5928 stabilem
1659 5882 1865 5922 annum

607 5965 877 6027 Pauor“
919 5962 1036 6023 Gn.
1077 5961 1268 6023 XLII.

1960 4678 2114 4736 sione
2153 4694 2249 4748 per
2303 4677 2582 4732 Iulianum
2641 4693 2847 4731 annum
2903 4684 3268 4746 evagaretur,
3320 4683 3538 4743 recepto

1959 4785 2104 4826 anno
2129 4767 2328 4824 Iuliani
2363 4778 2490 4840 typo
2517 4809 2529 4832 ,
2564 4768 2889 4823 triecnarios
2924 4781 3142 4820 menses
3180 4764 3540 4826 nihilominus

1960 4860 2214 4925 retinuit,
2253 4876 2386 4926 cum~
2427 4856 2799 4929 ὲπαγομέναις
2823 4874 2876 4924 v,
2935 4865 2990 4914 et
3032 4856 3304 4916 interdum
3335 4871 3385 4910 vt
3415 4872 3428 4908 :
3463 4855 3541 4918 ita

1961 4947 2221 5003 credibile
2253 4959 2337 5002 est
2387 4946 2749 5004 Athenienses
2800 4946 2851 4999 in
2883 4958 3030 4998 anno
3085 4957 3186 4998 suo
3211 4942 3448 5010 fecisse;
3481 4953 3544 4998 ut

1962 5039 2186 5095 tricenis
2220 5038 2485 5093 duntaxat
2530 5037 2722 5092 diebus
2773 5033 2974 5104 singuli
3021 5047 3237 5088 menses
3285 5033 3545 5089 decurre-

1963 5138 2104 5194 rent,
2142 5146 2243 5185 nec
2296 5129 2364 5184 ad
2415 5128 2758 5186 Iulianorum
2811 5125 3082 5180 mensium
3119 5125 3542 5196 descriptionem

1962 5224 2319 5293 quadrarent.
2375 5220 2617 5292 Scaliger
2661 5221 2879 5292 quidem
2916 5236 2969 5275 iv
3003 5219 3077 5273 De
3106 5218 3541 5288 emendal.,pag.

1962 5311 2092 5379 2‘27,
2121 5313 2212 5368 ubi
2253 5314 2318 5368 de
2366 5329 2512 5368 anno
2545 5311 2766 5372 Iuliano
2793 5310 2998 5365 Athon.
3057 5309 3188 5380 agit,
3243 5309 3348 5363 hos
3398 5309 3545 5377 ipsos

1964 5414 2120 5476 putat
2143 5421 2251 5460 non
2281 5403 2738 5462 modoInliannm
2758 5419 2986 5468 annum,
3002 5403 3108 5459 hoc
3123 5409 3208 5456 est
3235 5400 3468 5456 solarem
3489 5403 3545 5454 et

1966 5501 2134 5554 ﬁxum
2153 5539 2171 5568 ,
2201 5507 2386 5556 verum
2409 5498 2572 5552 etiam
2607 5494 2857 5555 Iulianos
2888 5507 3106 5554 menses
3153 5489 3465 5555 admisisse,
3489 5497 3547 5544 et

1966 5587 2286 5650 Hecatomb.
2311 5585 2504 5653 Neom.
2538 5581 2657 5642 Kal.
2679 5587 2812 5660 ipsis
2832 5583 2962 5645 Iulii
3007 5582 3319 5640 convenire.
3347 5578 3458 5635 Sed
3487 5578 3546 5635 in

1967 5695 2034 5738 eo
2058 5681 2343 5751 probando
2371 5680 2570 5741 mirum
2606 5697 2772 5752 quam
2805 5677 2999 5734 inscite
3029 5675 3387 5744 imperiteque
3422 5685 3548 5725 ver-

1970 5782 2142 5829 setur.
2189 5769 2286 5833 Sic
2320 5770 2466 5829 enim
2497 5772 2779 5842 disputat:
2809 5769 3088 5824 Lucianus
3141 5767 3196 5822 in
3239 5764 3362 5820 Vita
3386 5761 3551 5818 Perc—

1971 5867 2109 5936 grim’
2149 5863 2330 5921 statim
2368 5870 2492 5935 pust
2541 5862 2918 5936 Olympiacum
2953 5859 3170 5925 ludum,
3211 5871 3336 5912 cum
3371 5853 3548 5909 adhuc

3153 5952 3230 6013 30

2715 6009 2806 6044 ιε’*

3404 6033 3502 6042 ..Δ
