3958 6398
241 365 337 423 (ιιι

1209 361 1299 417 DE
1338 359 1523 417 ANNO
1562 352 1649 414 ΕΤ
1690 356 1801 413 DIE
1840 355 2195 417 DOMINIGIE
2236 359 2607 418 PASSIONIS.

3385 359 3493 419 ΜΞ

246 476 299 530 iu
321 482 482 546 parte
505 473 995 531 commendandum
1030 474 1294 541 studium,
1326 473 1472 546 quod
1514 487 1639 528 cum
1668 471 1721 526 in
1756 482 1821 522 ea
1850 474 1899 532 Α
1928 469 2127 526 Verum
2161 472 2253 528 illo
2283 473 2402 545 ipso
2427 474 2549 529 loco
2588 474 2881 545 pugnantia
2913 488 3096 531 secum
3132 489 3197 531 ac
3221 482 3498 531 contraria

225 574 488 635 tempora
515 566 887 628 inciderimus.
934 566 1138 638 quibus
1185 580 1382 636 magna
1425 573 1510 619 est
1550 556 1809 619 novitatis

249 657 560 715 hominibus
591 658 789 729 injecta
818 657 1112 729 cupiditas,
1144 673 1213 714 ne
1237 658 1306 713 ad
1337 656 1617 727 religionis
1664 654 1814 711 ﬁdei-

246 766 352 821 que
383 751 643 805 damnum
669 751 899 820 publica:
925 750 1020 805 ille
1046 750 1277 805 insanire
1303 749 1529 804 morbus
1562 762 1814 817 erumpe.

244 847 347 905 ret,
382 839 435 895 in
480 854 600 894 eam
658 847 866 908 partem
926 854 1151 909 peccare
1194 837 1525 903 maluerunt,
1577 851 1698 906 quae
1730 845 1816 889 est

243 930 476 985 cautior.
505 928 702 984 Verum
731 929 811 983 uti
845 928 934 1000 pio
966 927 1171 982 homini
1232 942 1299 983 ac
1322 926 1591 981 catholico
1617 939 1814 994 magna

242 1028 324 1074 est
351 1019 638 1075 vetustatis
682 1019 929 1074 habenda
980 1019 1153 1085 ratio;
1204 1018 1258 1072 in
1300 1017 1368 1074 iis
1419 1031 1549 1070 vero
1594 1031 1716 1085 quae
1745 1015 1815 1070 ah

244 1109 485 1165 Ecclesia
513 1111 721 1167 sancita
744 1120 891 1176 sunt,
926 1125 994 1166 ne
1025 1110 1299 1167 levissime
1313 1108 1531 1180 quidem
1562 1108 1816 1163 hmsitare

244 1202 401 1268 licet;
427 1202 499 1257 ita
526 1218 856 1274 magnopere
873 1202 1000 1257 illud
1036 1202 1365 1268 cavendum,
1398 1216 1467 1256 ne
1498 1216 1599 1272 pro
1618 1201 1816 1254 veteri-

252 1292 353 1347 bus
386 1300 444 1346 et
492 1294 858 1349 sacrosanctis
886 1293 1194 1348 habeantur
1222 1292 1313 1347 illa
1337 1306 1459 1363 qua:
1505 1291 1694 1360 paucis
1724 1289 1818 1343 ab-

246 1383 373 1438 hinc
405 1385 624 1441 saeculis
652 1385 1007 1451 emerserint;
1030 1399 1165 1440 neve
1195 1386 1261 1440 ad
1292 1384 1546 1440 falsitatis
1570 1383 1812 1455 patrocio

244 1475 392 1531 nium
423 1476 731 1545 speciosum
782 1476 911 1531 illud
942 1475 1200 1533 Ecclesiae
1223 1491 1287 1533 ac
1328 1476 1559 1546 publicae
1586 1490 1818 1531 consen-

244 1567 415 1623 sionis
443 1583 640 1623 nomen
666 1568 1051 1626 transferatur.
1082 1569 1258 1636 Quam
1305 1569 1529 1640 quidem
1557 1568 1819 1624 ecclesia-

242 1661 750 1717 sticaeauctoritatis
786 1662 1412 1718 ascribendaelieentiam
1450 1677 1573 1718 cum
1610 1662 1662 1715 in
1696 1661 1819 1716 aliis

245 1752 465 1821 impune
493 1764 789 1819 versatam,
824 1762 934 1807 tum
972 1754 1026 1808 in
1054 1768 1139 1819 ea,
1172 1769 1336 1824 quam
1365 1762 1687 1817 tractamus,
1718 1750 1820 1807 Na-

1915 556 2059 618 Beda
2080 562 2385 635 proﬁtetur.
2421 561 2633 621 Etenim
2663 567 2756 638 qui
2780 566 2982 623 vixisse
3011 575 3091 622 tot
3112 566 3273 623 annis
3306 583 3501 638 quent-

1916 654 2064 722 piam
2082 652 2301 721 asserit,
2322 672 2471 721 eum,
2493 659 2710 727 opinor,
2735 674 2937 713 annum
2962 659 3196 729 primum
3223 668 3497 721 numerat.

1916 760 2026 813 quo
2050 746 2101 799 in
2122 747 2295 802 lucem
2318 749 2495 804 editus
2510 758 2613 816 est,
2635 765 2739 804 non
2759 765 2882 805 eum
2902 751 3297 822 complectitur,
3314 767 3427 824 quo
3445 751 3501 807 in

1919 836 2112 892 matris
2151 847 2306 893 utero
2330 838 2451 894 fuit.
2477 834 2635 896 Hune
2652 839 2816 912 igitur
2841 841 2885 897 si
2907 841 3046 898 Beda
3071 843 3200 898 velit
3226 845 3503 913 excipere.

1917 943 2041 982 eum
2079 929 2123 982 is
2150 930 2216 984 sit
2258 946 2379 985 ante
2416 928 2759 1004 Dionysianae
2778 934 3011 1005 primus,
3043 946 3099 991 ut
3122 950 3286 1004 supra
3317 936 3506 990 decla—

1917 1020 2181 1087 ravimtts,
2210 1031 2319 1077 tres
2348 1023 2413 1078 ad
2463 1024 2681 1093 triginta
2717 1034 3045 1094 supererunt
3082 1027 3237 1095 anni,
3265 1042 3502 1098 quorum

1920 1110 1975 1165 in
2001 1111 2190 1168 ultimo
2214 1114 2465 1169 Christus
2496 1130 2693 1184 passus
2717 1127 2959 1183 cst,a3ra2
2982 1116 3265 1173 tricesimo
3286 1128 3501 1189 quarto.

1920 1200 2110 1271 Itaque
2137 1217 2245 1257 non
2284 1203 2521 1274 amplius
2545 1220 2704 1275 quam
2735 1221 2885 1260 mm
2908 1206 3068 1263 anuis
3096 1208 3377 1263 mensibus
3408 1207 3505 1263 tri-

1919 1293 2022 1348 bus
2042 1293 2294 1350 Christus
2327 1295 2543 1363 vixerit,
2576 1305 2766 1352 contra
2808 1296 2939 1353 illud
2977 1296 3357 1355 ecclesiastica:
3385 1298 3505 1355 fidei

1918 1385 2220 1441 decretum.

1993 1475 2096 1531 Sed
2124 1476 2467 1533 manifestius
2496 1478 2736 1548 implicat
2757 1494 2899 1542 sese,
2928 1478 3056 1534 dum
3085 1480 3157 1535 ita
3185 1481 3501 1537 concludit:

1925 1567 2189 1635 Quoniam
2217 1586 2407 1625 pxxvtt
2436 1572 2589 1624 annis
2618 1570 2850 1627 circulus
2879 1566 3159 1627 Paschalis
3190 1573 3506 1641 circumagi-

1927 1670 2033 1725 tur,
2060 1662 2141 1715 his
2172 1661 2308 1717 adde
2330 1679 2520 1728 xxXItt,
2548 1660 2626 1717 vel
2654 1663 2829 1732 potius
2863 1679 3045 1731 xxxiv,
3074 1674 3131 1718 ut
3156 1664 3309 1719 illum
3330 1666 3504 1735 ipsum

1922 1769 2024 1824 quo
2078 1770 2266 1822 passus
2310 1764 2389 1809 est
2439 1751 2715 1822 Dominus,
2769 1756 3024 1827 attingere
3067 1757 3234 1824 possis
3283 1773 3504 1822 annum,

247 1819 369 1898 talis
424 1859 493 1898 ac
523 1843 808 1901 Passionis
834 1843 1136 1901 Dominica:
1165 1819 1469 1915 quaestione
1514 1853 1813 1915 grassatam
1854 1819 1893 1872 Β
1924 1819 2222 1911 ἢωιιῇέἱὺὂ.
2257 1838 2378 1912 Ipse
2420 1852 2496 1897 est
2523 1860 2644 1914 ergo
2695 1819 2865 1898 annus
2904 1819 3191 1900 Dominica:
3226 1819 3506 1901 Passionis

242 1935 749 1991 animadvertimus.
789 1936 845 1990 In
872 1951 979 2007 qua
1019 1936 1256 2006 plurima
1279 1935 1427 1992 velut
1448 1950 1513 1989 ex
1537 1934 1816 1990 communi

241 2022 500 2080 Ecclesiae
520 2025 838 2096 deprompta
868 2026 972 2082 fide
993 2026 1186 2096 jactari
1212 2027 1388 2082 solent
1408 2043 1528 2097 quae
1558 2036 1656 2083 aut
1679 2024 1815 2081 falsa

241 2125 382 2178 sunt,
414 2125 514 2171 aut
542 2114 802 2171 falsorum
828 2117 1128 2172 simillima.

306 2206 384 2264 Ne
414 2208 581 2281 longe
602 2210 845 2279 exempla
877 2217 1213 2280 repetamus,
1239 2219 1487 2265 occurret
1518 2208 1673 2263 Bedm
1696 2223 1818 2264 ssn-

244 2301 465 2357 ctissimi
529 2301 768 2357 hominis
818 2310 875 2359 et
921 2300 1277 2355 eruditissimi
1332 2300 1610 2355 decretum
1661 2298 1816 2366 illud,

245 2393 383 2461 quod
412 2392 466 2446 in
511 2392 657 2447 hunc
686 2393 865 2449 locum
900 2392 1232 2448 distulimus.
1265 2390 1363 2446 Hie
1391 2391 1556 2461 igitur
1580 2407 1703 2463 cap.
1740 2391 1811 2447 40

247 2481 365 2536 libri
405 2482 488 2536 De
520 2492 812 2552 temporum
845 2483 1072 2548 ratione,
1121 2483 1189 2538 de
1235 2490 1395 2537 {etate
1439 2498 1505 2538 ac
1557 2481 1818 2539 Passione

242 2570 447 2628 Domini
486 2575 539 2628 in
582 2574 700 2630 haec
725 2576 888 2631 verba
930 2576 1284 2645 pronuntiat:
1315 2574 1484 2629 liabet
1518 2574 1678 2638 enim,
1711 2574 1818 2629 nisi

232 2662 411 2735 fallor,
462 2666 719 2722 Ecclesia:
742 2668 895 2738 ﬁdes,
927 2666 1207 2722 Dominum
1232 2669 1290 2722 in
1326 2684 1484 2721 carne
1509 2668 1671 2737 paulo
1698 2668 1818 2738 plus

240 2758 409 2811 minus
466 2776 633 2829 quam
684 2775 858 2815 χχχιιι
914 2761 1067 2815 annis
1120 2776 1280 2831 usque
1328 2760 1398 2813 ad
1429 2776 1540 2815 sua:
1585 2770 1820 2830 tempora

248 2843 529 2901 Passionis
557 2848 789 2905 vixisse:
816 2851 942 2920 quia
970 2848 1207 2903 videlicet
1235 2865 1342 2903 xxx
1373 2865 1633 2902 annorum
1652 2850 1818 2920 fuerit

246 2935 586 3006 baptizatus;
615 2938 752 2992 sicut
790 2938 1108 3010 evangelista
1135 2937 1307 2993 Lucas
1333 2947 1580 3006 testatur,
1615 2950 1666 2994 et
1710 2950 1842 2996 tres.

258 3029 408 3084 semis
443 3044 619 3083 annos
664 3039 781 3099 post
831 3029 1094 3099 baptisma
1145 3030 1535 3099 prwdicaverit.
1585 3028 1821 3102 Subjicit

245 3118 430 3175 deinde
461 3138 483 3174 :
527 3118 727 3174 Sancta
762 3121 1020 3191 siquidem
1049 3119 1290 3174 Romana
1317 3130 1366 3175 et
1398 3120 1693 3193 apostolica
1721 3119 1821 3175 Ec-

242 3210 397 3265 clesia
420 3212 564 3264 hanc
597 3226 653 3264 se
679 3211 834 3280 ﬁdem
860 3220 1030 3265 tenere
1058 3220 1105 3264 et
1131 3211 1261 3281 ipsis
1286 3221 1516 3265 testatur
1543 3209 1817 3281 indiculis,

241 3318 356 3371 qua
373 3303 492 3358 suis
517 3303 571 3355 in
582 3302 754 3357 cereis
778 3303 1057 3356 annuatim
1079 3302 1362 3356 inscribere
1391 3303 1543 3364 solet,
1574 3301 1663 3355 ubi
1689 3311 1819 3355 tem-

246 3410 338 3464 pus
367 3394 661 3448 Dominictr
697 3392 971 3448 Passionis
1009 3393 1064 3447 in
1099 3394 1405 3447 memoriam
1429 3393 1636 3462 populis
1669 3408 1817 3447 revo-

244 3499 388 3548 cans,
418 3499 705 3538 numerum
741 3484 964 3553 triginta
1006 3498 1209 3550 semper
1235 3492 1280 3536 et
1329 3482 1497 3535 tribus
1530 3482 1683 3535 annis
1713 3480 1816 3534 mi-

246 3591 441 3641 norem,
468 3590 637 3645 guam
662 3573 736 3627 .ab
769 3573 883 3642 ejus
909 3574 1282 3627 incarnatione
1310 3572 1597 3642 Dionysius
1634 3582 1814 3642 ponat,

254 3664 502 3720 adnotat.
556 3663 787 3733 Denique
827 3680 965 3717 anno
1008 3663 1073 3716 ab
1128 3663 1243 3734 ejus
1272 3663 1637 3718 incarnatione
1654 3663 1819 3734 juxta

254 3754 573 3826 Dionysium
607 3756 729 3819 701,
755 3756 1046 3810 indictione
1103 3771 1215 3819 xlv,
1248 3755 1441 3825 fratres
1490 3754 1681 3818 nostri,
1729 3755 1820 3824 qui

246 3855 365 3900 tunc
391 3847 543 3917 fuere
573 3845 772 3909 Ranae,
804 3848 899 3899 lroc
928 3846 1082 3899 modo
1115 3862 1168 3900 se
1199 3847 1250 3899 in
1285 3843 1473 3899 Natali
1511 3846 1725 3899 Domini
1765 3846 1820 3899 in

244 3940 402 3995 cereis
419 3938 491 3995 .S.
527 3937 718 3993 Maria:
739 3940 992 4008 scriptum
1021 3938 1235 4002 vidisse,
1258 3949 1308 3992 et
1335 3938 1454 3991 inde
1483 3939 1822 4007 descripsisse

253 4031 541 4099 referebant
567 4047 587 4086 :
637 4030 681 4083 A
727 4029 981 4084 Passione
1012 4028 1227 4084 Domini
1257 4030 1428 4084 nostri
1461 4027 1589 4084 Iesu
1620 4030 1823 4086 Clu-isti

250 4124 374 4177 sumi
393 4132 516 4178 sunt
549 4122 675 4189 568,
696 4131 799 4177 etc.
832 4122 988 4177 Addit
1031 4133 1216 4192 postea
1244 4141 1256 4176 :
1292 4121 1433 4176 Nam
1460 4124 1598 4192 quod
1634 4120 1821 4176 Domi-

248 4228 345 4268 nus
365 4230 431 4269 xv
456 4214 588 4268 luna
609 4213 746 4282 feria
771 4229 823 4267 vt
851 4229 1056 4267 crucem
1079 4213 1394 4282 ascenderit,
1422 4224 1470 4268 et
1500 4231 1602 4266 una
1625 4211 1823 4268 Sabbu-

252 4307 438 4369 lorutu,
467 4302 531 4356 id
562 4311 640 4356 est
670 4303 756 4355 die
789 4300 1067 4355 Dominica
1108 4280 1451 4356 resurrexerit
1491 4319 1524 4355 a
1567 4304 1820 4368 inut-tuis,

251 4391 383 4447 nulli
429 4393 553 4447 licet
603 4391 850 4447 dubitare
883 4392 1177 4447 catholico.
1218 4391 1346 4450 llaec
1382 4395 1492 4449 ille.
1546 4394 1662 4451 Duo
1710 4395 1818 4459 hic,

1925 1941 1972 1984 et
2001 1924 2393 1987 resurrectionis
2421 1948 2453 1984 a
2475 1932 2696 1986 mortuis
2725 1948 2742 1985 :
2766 1933 2890 2002 quia
2910 1933 3046 1987 sicut
3077 1933 3180 1989 535
3206 1935 3400 2002 primo,
3426 1936 3506 1988 ita

1924 2019 2030 2075 566
2060 2021 2324 2074 tricesimo
2356 2029 2547 2091 quarto
2590 2037 2682 2091 per
2706 2022 2973 2078 universos
2996 2023 3123 2077 solis
3148 2034 3196 2078 et
3220 2023 3359 2079 Iuna'
3383 2042 3507 2079 con-

1925 2112 2108 2165 cordat
2139 2109 2430 2166 discursus.
2455 2112 2692 2168 Omnino
2721 2114 2910 2168 statuit
2950 2128 3096 2169 anno
3137 2131 3260 2171 tera:
3305 2115 3507 2188 Diony-

1924 2198 2094 2255 sianae
2126 2199 2251 2266 566,
2282 2201 2374 2271 qui
2404 2208 2489 2256 est
2520 2202 2654 2274 cycli
2680 2200 2806 2264 567,
2836 2204 3055 2259 easdem
3087 2204 3412 2264 Neomenias
3441 2222 3506 2265 ac

1927 2286 2091 2343 ferias
2122 2288 2425 2345 recurrisse
2468 2305 2589 2362 qua:
2617 2300 2775 2346 erant
2807 2307 2952 2349 anno
2977 2308 3099 2349 atrae
3123 2296 3214 2363 ⁸54,
3241 2296 3375 2368 eyeli
3410 2298 3501 2354 55.

1927 2377 2001 2432 Es
2048 2394 2160 2449 quo
2197 2378 2274 2434 ita
2319 2381 2517 2452 colligit
2557 2400 2571 2436 :
2603 2380 2669 2435 Et
2702 2382 2818 2439 ideo
2846 2385 3062 2441 circulis
3085 2386 3227 2442 beati
3260 2387 3506 2460 Dionysii

1925 2468 2140 2535 apertis,
2180 2470 2227 2522 si
2275 2468 2382 2524 5156
2420 2470 2484 2524 ab
2528 2472 2891 2529 incarnatione
2937 2474 3153 2531 Domini
3198 2482 3505 2552 contingens
3598 2484 3601 2485 ⁷

1925 2572 2144 2621 annum,
2179 2573 2265 2611 stv
2296 2558 2474 2612 lunam
2499 2560 2552 2613 in
2581 2575 2640 2615 eo
2668 2577 2719 2616 ιιι
2758 2560 2885 2618 Kal.
2911 2564 3041 2635 Apr.
3080 2568 3216 2635 feria
3243 2584 3277 2624 ν
3303 2586 3504 2641 reperc-

1926 2650 2022 2711 ris,
2056 2661 2104 2703 et
2139 2650 2275 2705 diem
2311 2648 2536 2708 Pascha:
2569 2653 2902 2711 Demin'icum
2947 2673 2998 2711 vt
3045 2656 3172 2714 Kal.
3204 2663 3330 2731 Apr.
3376 2664 3505 2719 luna

1928 2755 2063 2805 xvtt,
2108 2755 2203 2812 age
2238 2741 2343 2797 Deo
2377 2746 2602 2815 gratias,
2646 2747 2771 2815 quia
2802 2749 2947 2818 quod
2996 2753 3266 2820 qua'rebas
3290 2796 3305 2822 ,
3344 2758 3507 2811 sicuti

1927 2834 2038 2903 ipse
2067 2836 2333 2904 promisit,
2364 2846 2413 2891 te
2436 2838 2663 2893 invenire
2706 2840 2907 2895 docuit.
2942 2840 3076 2909 Quis
3120 2844 3239 2901 htec
3287 2862 3317 2902 a
3360 2846 3504 2905 Beda

1928 2939 2025 2994 per
2051 2925 2286 2981 ironiam
2316 2928 2460 2984 dicta
2479 2931 2818 3000 suspicetur?
2849 2931 3006 2999 Quod
3034 2934 3369 2995 Bridcfertus
3390 2938 3505 2996 Ra-

1931 3014 2216 3070 ntesiensis
2248 3016 2301 3070 in
2330 3018 2555 3075 scholiis
2582 3020 2881 3079 adnotavit.
2926 3023 3156 3096 Ironice,
3188 3029 3390 3100 inquit,
3420 3034 3507 3087 tti-

1929 3104 2000 3157 cit
2028 3106 2148 3170 Itoc,
2185 3108 2311 3161 dum
2355 3109 2501 3164 nullo
2543 3112 2698 3167 modo
2729 3115 3010 3172 invenitur.
3051 3118 3161 3175 Sed
3198 3120 3312 3177 lucc
3347 3125 3507 3180 scho-

1928 3196 2109 3251 lisstes
2154 3198 2270 3268 ipse
2313 3200 2557 3257 ridicule.
2613 3202 2797 3274 Neque
2837 3208 2984 3262 enim
3019 3196 3234 3267 ridendi
3278 3227 3503 3271 causam

1920 3286 2087 3342 ullam
2122 3289 2311 3345 habuit
2340 3290 2506 3357 Beda,
2538 3309 2661 3348 cum
2695 3295 2798 3351 ista
2831 3300 3093 3356 scriberet
3131 3321 3143 3356 :
3176 3305 3311 3373 quin
3345 3317 3405 3361 ut
3435 3323 3502 3362 ex

1920 3389 2033 3435 toto
2054 3379 2148 3435 illo
2170 3381 2345 3452 capite
2370 3382 2557 3453 liquet,
2589 3386 2716 3456 quid
2751 3388 2978 3445 sentiret
3006 3390 3124 3461 ipse
3158 3395 3319 3463 plane
3339 3410 3502 3466 aper-

1923 3478 2082 3540 teque
2128 3472 2469 3543 siguilicavit.
2520 3473 2685 3545 Atqui
2717 3476 2987 3547 ejusmodi
3012 3480 3103 3537 illa
3139 3492 3288 3549 sunt,
3319 3495 3380 3541 ut
3408 3503 3504 3559 per

1919 3562 2154 3618 ironiam
2199 3579 2322 3620 esse
2367 3565 2511 3621 dicta
2540 3568 2833 3637 plurimum
2859 3571 3021 3629 Beda:
3041 3574 3213 3644 ipsius
3245 3579 3504 3637 interfue-

1920 3648 2011 3703 rit.
2041 3648 2188 3704 Sunt
2237 3652 2384 3706 euim
2434 3654 2848 3714 absurdissima.
2878 3660 3091 3732 Quippe
3111 3679 3265 3722 anno
3290 3664 3500 3726 Christi

1919 3740 2010 3805 54,
2038 3741 2193 3811 cyclo
2217 3742 2346 3798 solis
2378 3760 2467 3810 xv,
2498 3745 2645 3800 luna:
2677 3761 2786 3816 xw,
2812 3751 2990 3807 littera
3017 3754 3250 3823 Dom.C,
3283 3756 3502 3815 novilu-

1922 3831 2073 3886 nium
2104 3831 2377 3891 Niemnum
2425 3836 2633 3908 (quod,
2671 3849 2730 3896 ut
2754 3856 2896 3912 saepe
2928 3847 3141 3914 monui,
3176 3849 3305 3904 olim
3338 3851 3502 3908 etiam

1923 3922 1989 3976 ad
2016 3919 2229 3980 Christi
2254 3928 2513 3984 saeculum
2541 3936 3027 3992 accommodabant
3051 3937 3068 4007 )
3096 3941 3328 4012 contigit
3363 3943 3505 3998 Mar-

1924 4014 1983 4069 tii
2012 4031 2141 4085 vttt;
2187 4017 2317 4074 luna
2363 4020 2791 4092 decimaquarta,
2836 4043 2910 4083 xu
2954 4027 3076 4085 Kal.
3121 4032 3342 4102 Aprilis,
3389 4037 3505 4093 sive

1923 4103 2100 4162 Martii
2132 4124 2261 4177 xxr;
2292 4109 2503 4168 Pascha
2532 4130 2563 4168 v
2595 4115 2715 4169 Kal.
2756 4117 2927 4188 Aprﬂ.
2959 4120 3074 4177 sive
3100 4122 3278 4179 Martii
3306 4142 3501 4195 xxvm,

1923 4209 1982 4253 ut
2013 4215 2079 4254 ex
2115 4201 2354 4275 Dionysii
2388 4220 2453 4261 ac
2476 4202 2636 4262 Bedae
2674 4211 2841 4280 cyclis
2892 4224 3139 4282 apparet.
3167 4215 3335 4272 Iidem
3369 4221 3503 4275 cha-

1923 4299 2160 4347 racteres
2186 4309 2329 4350 anno
2360 4296 2464 4350 566
2487 4309 2814 4369 congruunt.
2843 4301 2959 4356 Non
2993 4304 3159 4375 igitur
3187 4307 3347 4364 anuis
3381 4310 3503 4366 istis

1924 4380 2049 4436 luna
2084 4400 2175 4437 xlv
2203 4385 2393 4440 incidit
2416 4388 2468 4440 in
2495 4404 2547 4442 ιιι
2581 4390 2699 4444 Kal.
2735 4393 2866 4462 Apr.
2897 4391 3031 4450 feria
3062 4413 3113 4464 v,
3144 4396 3351 4454 Pan-ha
3371 4415 3503 4459 vero

253 4481 371 4537 fidei
399 4492 561 4554 atque
605 4482 861 4539 Ecclesia:
885 4484 1099 4539 decreta
1129 4494 1508 4555 proponuntur
1533 4486 1816 4553 :alterum,

1926 4472 1980 4528 in
2015 4491 2065 4530 vt
2097 4474 2240 4540 ﬂat,
2269 4479 2413 4547 quod
2448 4488 2508 4535 ut
2546 4482 2779 4550 eveniat,
2812 4484 2996 4555 cyclus
3017 4501 3138 4543 esse
3172 4488 3330 4546 debet
3362 4491 3506 4549 luna

252 4572 524 4631 Christum
563 4576 855 4632 Dominum
900 4577 1076 4631 artatis
1102 4594 1251 4632 anno
1284 4592 1458 4632 sum
1487 4577 1599 4646 jam
1628 4580 1820 4648 explec

254 4673 328 4733 to,
360 4683 524 4724 sxxtv
557 4685 685 4725 vero
716 4670 990 4733 inchoato,
1022 4685 1248 4739 passum
1288 4685 1412 4726 esse
1440 4688 1454 4724 :
1485 4686 1607 4725 aera:
1633 4671 1823 4725 videli-

252 4767 335 4813 cet
362 4758 705 4833 Dionysianu:
738 4762 829 4824 3!,
868 4762 995 4831 quia
1026 4777 1150 4816 cum
1180 4776 1285 4815 xxx
1320 4761 1501 4816 inlatis
1541 4777 1692 4818 anno
1724 4762 1822 4816 ba-

251 4848 483 4917 ptizatus
519 4850 707 4916 fuerit,
762 4859 877 4907 tres
946 4850 1141 4907 deinde
1175 4865 1353 4906 annos
1408 4867 1535 4905 cum
1593 4852 1824 4908 semisse

251 4939 417 4994 vixit:
447 4942 593 4997 unde
638 4958 803 4997 xsxw
844 4957 995 4997 anno
1046 4951 1277 4998 mortem
1337 4942 1539 4998 obierit
1582 4952 1820 5015 oportet.

248 5029 427 5098 Quare
466 5035 592 5091 hinc
612 5035 774 5091 etiam
801 5034 947 5089 aliud
994 5033 1250 5090 Ecclesiae
1279 5034 1476 5105 dogma
1538 5036 1820 5091 nascitur:
1866 5063 1873 5071 ~

248 5125 526 5182 Christum
570 5136 804 5198 quatuor
850 5127 1125 5197 peregisse
1164 5124 1455 5192 Paschata,
1486 5142 1723 5198 quorum
1767 5127 1820 5182 in

250 5225 526 5285 postremo
559 5227 811 5273 mortuus
832 5224 937 5273 est.
962 5217 1203 5273 Alterum
1234 5216 1490 5275 Ecclesia:
1517 5220 1824 5284 decretum,

250 5309 313 5361 de
331 5325 439 5378 quo
466 5310 605 5364 nulli
635 5310 720 5380 fas
746 5319 824 5365 est
852 5309 1100 5365 dubitare
1117 5311 1401 5378 catholico,
1430 5310 1696 5379 ejusmodi
1726 5329 1826 5384 po—

252 5398 397 5455 nitur
428 5419 443 5456 :
480 5401 745 5458 Christum
768 5419 839 5458 xv
873 5403 1002 5458 luna
1040 5420 1255 5473 passum
1309 5419 1441 5459 esse.
1482 5402 1639 5460 liunc
1666 5403 1825 5461 Bedae

251 5487 427 5546 locum
454 5494 599 5551 velut
619 5493 992 5550 firmissimum
1016 5493 1289 5565 quoddam
1324 5495 1690 5566 chronolog‘iae
1713 5512 1827 5550 mu-

252 5579 549 5640 nimentum
595 5600 859 5656 usurpare
892 5585 1185 5641 identidem
1224 5586 1417 5656 Optimi
1466 5586 1570 5641 viri
1613 5602 1681 5643 ac
1731 5576 1824 5642 do4

251 5667 478 5724 ctissimi
510 5673 703 5742 solent,
721 5688 895 5744 eoque
920 5673 1272 5744 potissimum
1304 5674 1413 5730 telo
1447 5676 1701 5745 superior
1732 5676 1821 5731 illa

254 5752 463 5816 Dt‘kerii
502 5763 675 5825 nostri
707 5765 979 5823 sententia
1012 5765 1068 5822 in
1116 5764 1409 5821 Annalibus
1449 5777 1819 5839 oppugnatur.

1926 4583 2043 4627 xm,
2073 4569 2203 4626 solis
2233 4586 2347 4635 χχι.
2380 4573 2486 4629 hoc
2516 4582 2599 4629 est
2621 4573 2944 4634 Christianae
2967 4593 3089 4635 term.
3112 4581 3504 4648 xu.Quamob—

1927 4674 2037 4715 rem
2070 4671 2129 4716 ut
2147 4677 2275 4718 vera
2308 4666 2436 4729 sint,
2474 4682 2596 4737 qua:
2623 4683 2652 4723 a
2683 4666 2824 4726 Beda
2858 4671 3181 4740 traduntur,
3209 4690 3314 4730 non
3337 4692 3504 4732 usus

1924 4753 2098 4808 aetatis
2129 4770 2294 4818 anno,
2325 4757 2417 4812 sed
2460 4773 2536 4813 xu
2572 4767 2848 4816 mortuum
2879 4777 3002 4820 esse
3033 4764 3308 4821 Christum
3340 4783 3504 4835 opor-

1928 4850 2024 4897 tet.
2056 4842 2168 4899 Sed
2203 4855 2479 4918 utcunque
2508 4851 2726 4920 ascripti
2771 4867 2801 4906 a
2844 4850 2987 4909 Beda
3016 4855 3190 4911 Martii
3235 4858 3354 4914 dies
3404 4860 3505 4917 ha-

1928 4933 2084 4990 beant
2116 4951 2238 4993 sese
2274 4958 2286 4993 :
2320 4939 2364 4994 si
2395 4956 2541 4996 anno
2583 4942 2678 4998 illo
2706 4959 2872 4999 xxxrv
2899 4962 3091 5018 passus
3117 4957 3200 5005 est
3227 4949 3501 5022 Christus,

1926 5041 2033 5081 non
2080 5038 2258 5095 potest
2301 5030 2429 5086 luna
2478 5050 2545 5087 xv
2591 5034 2642 5089 id
2683 5037 2968 5095 accidisse.
3000 5037 3134 5095 Nam
3164 5039 3509 5114 Nictenaxw,

1927 5133 2049 5188 quae
2072 5119 2277 5177 Christi
2319 5131 2562 5193 tempore
2589 5139 2685 5179 xm
2713 5135 2850 5194 erat,
2881 5131 3135 5187 convenit
3176 5132 3351 5190 Martii
3385 5151 3501 5204 κει,

1926 5208 2059 5265 feria
2105 5227 2142 5265 ι.
2187 5210 2347 5271 Unde
2386 5213 2521 5270 feria
2566 5218 2802 5274 secunda
2848 5235 3045 5292 passus
3083 5225 3193 5283 erit
3238 5226 3502 5286 Dominus

1926 5298 2103 5358 Martii
2133 5321 2269 5362 χιιι.
2483 5316 2487 5321 ·

1996 5391 2111 5450 Non
2135 5395 2398 5459 minorem
2424 5399 2700 5471 cyclorum
2733 5416 3112 5478 annorumque
3136 5392 3503 5478 perturbatio-

1926 5492 2046 5541 nem
2102 5490 2341 5559 comperi
2389 5493 2530 5558 apud
2566 5490 2870 5552 Victorium
2920 5499 3273 5568 Aquitanum.
3328 5499 3501 5571 Cujus

1924 5574 2071 5634 Fasti
2103 5589 2230 5635 sunt
2263 5597 2428 5651 penes
2465 5582 2531 5638 ll.
2567 5583 2630 5641 P.
2677 5585 3028 5643 Sirmondum
3061 5603 3184 5644 cum
3223 5589 3504 5647 Przefatio-

1924 5688 2013 5739 ne,
2050 5689 2115 5729 ex
2157 5690 2267 5745 qua
2313 5677 2570 5731 nonnulla
2604 5678 2753 5743 citat,
2792 5679 3096 5750 refellitque
3129 5678 3271 5738 Beda
3301 5683 3395 5739 lib.
3428 5682 3503 5739 De

1927 5773 2084 5836 temp.
2120 5776 2249 5838 rat.,
2283 5782 2332 5823 c.
2360 5766 2447 5822 i9.
2479 5767 2535 5823 lu
2584 5769 2672 5825 illa
2712 5785 2844 5842 ergo
2888 5769 3207 5830 l’tvzel‘atione
3231 5773 3503 5833 Victorius
