4064 6424
385 429 498 481 915

1308 440 1394 497 DE
1434 443 1619 503 ANNO
1658 446 1746 502 ET
1786 448 1897 504 DlE
1938 450 2287 510 DOMINICIE
2327 455 2704 517 PASSlONlS.

3536 472 3640 528 πο

390 541 729 645 intellectum
784 552 962 612 video.
1018 556 1225 628 Negant
1273 562 1417 616 enim
1474 569 1691 634 penitus
1745 572 1847 626 hoc
1897 574 1966 627 ab
1991 576 2037 634 Α
2071 582 2239 641 trum,
2273 579 2384 633 imo
2427 580 2592 641 totius
2627 581 2877 639 Ecclesia:
2921 584 3059 645 hanc
3088 601 3208 641 esse
3249 586 3407 642 tidem
3435 606 3449 641 :
3482 587 3640 644 Chri-

390 631 597 692 lrolmo
624 654 748 697 esse
784 645 1072 716 scriptum,
1108 651 1363 707 nimirum
1391 654 1566 711 aliena
1594 674 1755 715 manu
1786 660 1962 717 inscr-

388 730 507 787 tum
539 727 725 821 videri.
754 732 923 804 Cujus
948 740 1273 810 conjectura:
1304 758 1527 800 causam
1571 747 1713 804 hanc
1744 753 1957 821 potissi-

387 827 547 911 mum
583 819 832 889 aferunt,
865 829 1008 896 quod
1036 833 1225 889 eodem
1266 836 1441 906 capite
1477 832 1641 911 paulo
1682 819 1807 898 ante
1827 860 1961 900 con-

299 969 353 1004 q
387 908 619 965 trav-ium
657 916 974 985 proﬁtetur;
1001 920 1331 994 baptizatum
1362 908 1493 989 esse‘
1511 933 1811 1005 Christum,
1836 952 1958 991 cum

308 1005 345 1051 τ,
386 1004 780 1095 propemodum
814 1024 920 1064 xxx
959 1024 1102 1079 esset
1142 1032 1432 1095 annorum,
1475 1042 1537 1081 ac
1566 1004 1819 1082 subinde
1858 1028 1960 1083 tria

388 1083 656 1186 Pascha-ta
702 1098 993 1167 peregisse,
1044 1118 1275 1172 quorum
1317 1110 1372 1165 in
1415 1083 1582 1169 tertio
1629 1115 1702 1171 sit
1747 1132 1956 1186 passus.

388 1175 519 1233 Ideo
570 1187 722 1252 quod
777 1188 1124 1263 subjungltur
1174 1212 1379 1257 meram
1437 1175 1795 1275 imposturain
1841 1224 1962 1264 esse

384 1282 563 1342 putat.

461 1365 565 1421 Sed
596 1366 697 1424 hac
733 1372 1044 1443 conjectura
1071 1379 1205 1436 nihil
1243 1383 1311 1439 ab
1335 1382 1523 1442 lrenaai
1553 1398 1731 1445 mente
1754 1397 1806 1445 et
1837 1406 1962 1445 sen-

381 1458 555 1548 tentia
583 1459 711 1532 tingi
752 1473 932 1533 potest
962 1468 1213 1527 alienius.
1260 1472 1493 1532 Tantum
1522 1479 1666 1534 enim
1700 1482 1872 1548 abest,
1902 1492 1962 1537 ut

381 1545 718 1641 haeeqlrenael
749 1558 964 1626 propria
1013 1576 1120 1615 non
1152 1564 1284 1628 sint,
1328 1577 1385 1623 ut
1425 1569 1582 1625 aliter
1607 1587 1769 1641 quam
1805 1545 1958 1629 sivita

380 1639 637 1733 sentiret,
668 1659 745 1733 ac
794 1648 1075 1716 scriberet,
1122 1653 1268 1712 illius
1323 1639 1958 1733 procedere'disputatio

377 1728 538 1784 nullo
557 1732 719 1787 modo
746 1738 998 1804 potuerit.
1028 1739 1151 1812 Agit
1179 1744 1231 1798 in
1268 1745 1360 1801 illo
1390 1747 1508 1805 loco
1528 1761 1716 1811 contra
1741 1728 1961 1810 Cnosti—

376 1833 483 1873 cos
510 1820 782 1879 tricenarii
827 1830 1061 1897 numeri,
1102 1848 1168 1888 ac
1199 1833 1522 1895 Pleromatis
1562 1847 1954 1914 patronos,qui

377 1909 458 1964 50
484 1927 630 1968 anno
666 1913 890 1973 ineunte
920 1920 1253 1992 baptizatum
1291 1909 1590 2000 Christum,
1617 1934 1805 1989 eodem
1827 1909 1957 2001 vero

284 2040 287 2041 γ
374 2017 550 2092 anno,
597 2021 782 2063 mense
831 2025 905 2065 χιι
948 2028 1173 2084 passum
1216 2034 1338 2087 esse
1368 2021 1633 2087 dicebant.
1683 2024 1830 2092 Quos
1881 2042 1950 2083 ex

373 2090 610 2185 Joannis
661 2097 954 2172 Evangelio
1004 2105 1242 2165 refellit:
1296 2111 1352 2166 in
1397 2129 1508 2185 quo
1556 2115 1656 2175 tria
1703 2090 1956 2182 distincte

373 2180 649 2281 Pasehata
675 2202 1050 2251 numerantur.
1095 2195 1214 2254 Non
1246 2180 1555 2272 igitur—uno
1580 2221 1726 2261 anno
1758 2180 1955 2281 pra'dil-

368 2277 593 2331 catione
627 2278 843 2337 functus
877 2292 978 2340 est.
1022 2285 1207 2362 Neque
1238 2307 1368 2348 vero
1399 2295 1503 2349 tria
1545 2296 1648 2360 ista
1687 2277 1952 2356 Pasehata

368 2364 459 2419 sic
488 2368 667 2423 attulit
693 2367 949 2441 lrenaeus,
982 2385 1042 2431 ut
1076 2394 1183 2434 non
1216 2382 1372 2451 plura
1399 2385 1678 2449 Christum
1719 2390 1953 2448 obivisse

366 2458 653 2527 crederet;
708 2465 804 2520 sed
850 2470 994 2538 quod
1027 2472 1174 2545 apud
1216 2472 1477 2531 Joannem
1535 2478 1738 2550 liquida
1779 2483 1866 2545 illa
1899 2494 1954 2541 et

373 2563 636 2618 expressa
678 2555 951 2628 leguntur,
981 2579 1048 2619 ex
1096 2565 1164 2623 iis
1195 2568 1385 2623 saltem
1427 2571 1494 2626 ad
1527 2572 1745 2635 tertium
1780 2591 1952 2647 usque

368 2654 580 2696 annum
630 2648 978 2719 praedicasse,
1031 2669 1139 2710 non
1187 2667 1396 2715 tantum
1446 2677 1579 2727 uno,
1620 2664 1953 2728 validissime

366 2730 759 2827 demonstrat:
792 2756 915 2797 cum
958 2742 1175 2802 interim
1232 2760 1414 2806 tamen
1448 2751 1564 2822 ipse
1598 2754 1754 2826 longe
1798 2757 1951 2827 plura

368 2833 503 2892 post
528 2825 858 2898 baptismum
887 2837 1212 2905 praiteriisse
1242 2841 1388 2897 velit.
1419 2842 1573 2910 Quod
1624 2825 1759 2902 adeo
1784 2825 1953 2902 ratio-

367 2928 474 2968 nes
502 2914 608 2972 illae
634 2919 833 2990 quibus
867 2936 1055 2981 contra
1106 2925 1398 2988 Gnostieos
1436 2933 1629 3002 utitur,
1668 2935 1951 3003 manifeste

363 3005 623 3103 probant.
651 3009 929 3103 Christum
960 3016 1107 3072 enim
1138 3034 1201 3075 ea
1226 3030 1384 3078 aetate
1404 3023 1673 3091 docuisse,
1702 3043 1809 3103 qua
1837 3027 1950 3082 Ma-

367 3093 544 3163 gister
572 3098 827 3169 appellari
872 3105 1065 3160 merito
1093 3118 1295 3176 posset,
1333 3111 1435 3167 hoc
1467 3123 1549 3169 est
1588 3093 1828 3183 per-lecta
1895 3127 1951 3173 et

371 3184 546 3288 pirili,
575 3190 802 3299 statuit;
839 3209 1003 3264 quam
1027 3213 1057 3253 a
1090 3215 1156 3254 χι,
1190 3200 1258 3255 ad
1291 3216 1321 3255 L
1351 3217 1522 3259 annos
1541 3207 1778 3262 extendit
1806 3223 1946 3277 :quo
1972 3239 2016 3299 ο

373 3275 667 3335 intervallo
695 3285 1038 3351 pradicasse,
1070 3304 1135 3345 ac
1175 3290 1393 3346 demum
1429 3309 1649 3363 passum
1683 3314 1806 3353 esse
1838 3275 1943 3353 lio—

364 3367 585 3423 minum
634 3372 940 3444 existimat;
993 3379 1158 3451 idque
1190 3385 1439 3454 sequenti
1496 3388 1676 3457 capite
1731 3387 1948 3457 Judazo-

366 3475 493 3513 rum
526 3476 593 3517 ex
635 3463 744 3520 illis
773 3468 951 3524 verbis
997 3472 1280 3529 ostendit:
1333 3475 1733 3551 Quinquaginta
1781 3499 1945 3545 annos

366 3551 605 3643 fraudant
636 3555 815 3612 habes.
836 3557 1203 3626 Quamobrem
1232 3567 1359 3623 licet
1389 3585 1532 3626 anno
1563 3589 1671 3628 xxx
1707 3574 1944 3643 ineunte,

365 3639 710 3709 baptizatum
759 3662 789 3702 a
825 3646 1035 3706 Joanne
1079 3652 1361 3712 Christum
1429 3674 1494 3714 ex
1528 3659 1672 3717 Luca
1705 3639 1945 3735 colligat,

364 3739 695 3790 nontamen
748 3739 933 3795 statim
981 3741 1049 3797 ad
1092 3744 1396 3801 docendum
1446 3751 1745 3808 accessisse
1784 3756 1948 3810 sentit

363 3817 628 3914 l_ren:eus.
681 3825 897 3900 Alioqui
947 3845 1201 3891 constare
1256 3836 1374 3908 ipse
1428 3840 1531 3895 sibi
1592 3857 1698 3896 non
1749 3854 1946 3914 potest.

366 3908 740 3973 Tertullianus
780 3922 1030 3978 adversus
1055 3923 1273 3985 Judwos
1306 3940 1427 3999 cap.
1463 3928 1497 3984 8
1533 3908 1815 3988 Christum
1845 3935 1941 3989 de-

362 4001 711 4075 cimoquinto
754 4007 953 4066 Tiberii
996 4027 1141 4069 anno
1172 4030 1392 4085 passum
1425 4018 1737 4088 arbitratur,
1771 4037 1946 4093 quan-

365 4109 535 4165 quam
579 4096 942 4173 Hieronymus
974 4104 1041 4158 ad
1074 4121 1193 4175 cap.
1252 4125 1308 4163 ιχ
1350 4108 1589 4167 Danielis
1627 4127 1799 4168 χχχιιι
1844 4130 1947 4169 an-

364 4200 495 4252 nos,
529 4203 635 4251 non
672 4206 779 4247 χχχ
810 4209 877 4248 ex
921 4192 1239 4253 Tertulliani
1268 4202 1533 4255 sententia
1583 4198 1804 4259 Christo
1846 4206 1946 4260 tri-

363 4274 508 4332 buit.
537 4276 807 4338 Eusebius
837 4282 891 4338 in
923 4282 1183 4341 Chronico
1213 4302 1336 4342 eum
1376 4287 1620 4344 Natalem
1661 4291 1861 4349 Christi
1880 4278 1942 4349 in

362 4380 574 4421 annum
620 4368 851 4442 Augusti
883 4388 1013 4439 xui,
1063 4374 1132 4429 ab
1178 4375 1490 4433 Abrahamo
1532 4381 1673 4436 2015
1714 4382 1942 4451 rrjiciat,

362 4456 678 4524 passionem
713 4475 841 4517 vero
869 4462 923 4516 in
949 4478 1079 4517 χνιιι
1100 4461 1327 4531 Tiberii,
1353 4468 1421 4522 ab
1447 4467 1758 4527 Abrahamo
1780 4472 1943 4537 2047,

2064 677 2206 723 stum
2233 672 2407 727 :ctatis
2428 687 2632 733 annum
2657 684 2909 745 quartum
2938 686 2993 732 et
3015 679 3347 735 tricesimum
3367 680 3635 761 attigisse.

2064 756 2210 812 Cedo
2237 758 2319 814 vel
2349 775 2517 815 unum
2546 775 2609 816 ex
2640 764 2787 823 omni
2833 765 3171 835 antiquitatis
3211 756 3495 834 memoria,
3538 770 3635 838 qui

2067 856 2161 901 aut
2188 846 2260 901 ita
2290 847 2544 915 senserit,
2579 856 2692 914 aut,
2736 849 2782 904 si
2813 849 2863 904 id
2890 839 3053 906 verbo
3080 862 3239 917 tenus
3274 854 3525 923 injecisse
3554 854 3634 918 vi-

2065 951 2161 994 sus
2190 946 2293 1003 est,
2328 954 2436 994 non
2483 955 2607 1007 eum
2638 955 2863 1005 annum,
2903 956 3010 1017 quo
3047 943 3102 997 in
3135 945 3326 1006 matris
3359 953 3512 998 utero
3541 957 3634 1012 ge-

2061 1037 2235 1084 status
2288 1039 2389 1095 est,
2439 1030 2585 1084 inter
2626 1045 2799 1087 annos
2850 1030 2973 1088 illos
3022 1034 3338 1095 numerarit.
3396 1032 3630 1087 Tantum

2062 1119 2227 1189 igitur
2256 1120 2431 1187 abest,
2465 1130 2523 1176 ut
2557 1122 2671 1185 haee
2712 1124 3021 1183 communis
3064 1127 3137 1179 sit
3172 1124 3242 1181 de
3270 1141 3430 1181 xxxiv
3456 1125 3635 1183 aetatis

2059 1225 2203 1266 anno
2243 1211 2449 1287 opinio,
2497 1221 2557 1269 ut
2600 1213 2902 1291 antiquitati
2936 1215 3085 1272 omni
3121 1232 3345 1295 prorsus
3391 1218 3629 1295 inaudita

2058 1299 2250 1361 fuerit,
2274 1300 2471 1370 vixque
2499 1300 2688 1370 paucis
2713 1303 2913 1359 abhinc
2945 1305 3181 1377 saeculis,
3229 1321 3294 1360 eo
3340 1306 3461 1376 ipso
3506 1307 3633 1378 qui-

2058 1390 2204 1454 dem,
2245 1408 2354 1461 quo
2385 1393 2543 1471 vulgo
2572 1394 2823 1462 traditur,
2858 1410 3045 1467 sensu,
3077 1405 3132 1452 et
3164 1396 3634 1471 interpretatione,

2059 1480 2304 1536 obtinere
2336 1468 2582 1551 coeperit.

2064 1591 2395 1662 Expendilur
2427 1594 2860 1670 chrouo‘logorum
2908 1583 3251 1670 quorumdam
3283 1599 3483 1670 opinio,
3541 1601 3631 1670 qui

2100 1679 2211 1723 xxii
2248 1680 2414 1718 annos
2443 1681 2565 1720 certe
2596 1664 2938 1736 Dionysianté
2960 1667 3135 1721 deesse
3168 1664 3423 1738 suspicati
3452 1664 3596 1725 sicut.

2134 1751 2606 1819 Quemadmodum
2635 1755 2688 1811 in
2724 1772 2868 1811 anno
2896 1756 3207 1826 Passionis,
3251 1760 3331 1813 sic
3361 1760 3413 1813 in
3444 1762 3532 1823 die
3566 1777 3630 1817 ac

2062 1855 2250 1907 mense
2281 1844 2529 1921 quaedam
2567 1845 2714 1899 velut
2758 1858 2905 1903 certa
2950 1850 3229 1904 communi
3272 1849 3375 1905 title
3422 1852 3630 1911 consti-

1989 1915 2033 1970 B
2063 1940 2178 1988 tuta
2207 1918 2353 2000 sunt,
2379 1936 2472 1998 sed
2506 1934 2639 1991 illud
2668 1936 2721 1990 iu
2755 1938 2946 2007 primis
2971 1956 2985 1992 :
3009 1936 3286 1994 Christum
3312 1941 3438 1995 luna
3475 1959 3542 1999 xv
3575 1946 3625 2017 in

2062 2022 2188 2094 ipso
2215 2022 2503 2091 Paschatc,
2534 2026 2646 2082 sive
2676 2027 2853 2096 primo
2874 2028 2961 2084 die
2995 2028 3321 2101 Azymorum
3348 2048 3469 2087 esse
3499 2049 3628 2103 pas-

2058 2130 2216 2183 sum;
2248 2123 2302 2171 et
2326 2116 2546 2186 quidem
2578 2115 2772 2177 Martio
2797 2133 3003 2183 mense.
3037 2121 3168 2199 Quae
3196 2122 3304 2177 duo
3330 2139 3454 2179 cum
3489 2127 3630 2180 mul-

2059 2213 2235 2269 torum
2259 2207 2459 2263 animis
2489 2208 2837 2277 insedissent,
2865 2211 3009 2282 quod
3042 2222 3477 2279 consentaneum
3511 2227 3629 2272 erat

2057 2296 2275 2363 accidit,
2312 2308 2373 2353 ut
2415 2298 2483 2354 de
2523 2297 2805 2361 Passionis
2839 2308 3084 2366 tempore
3127 2303 3337 2358 inﬁnita
3380 2306 3624 2375 quaedam

2056 2389 2373 2467 opinionum
2393 2388 2621 2445 divortia
2648 2402 3020 2447 nascerentur.
3051 2391 3197 2451 inter
3224 2411 3363 2465 quas
3405 2397 3470 2461 ad
3509 2407 3628 2453 stu-

2054 2495 2241 2552 porem
2275 2496 2445 2551 usque
2475 2481 2704 2538 ridicula
2733 2491 2817 2537 est
2859 2482 2972 2547 illa,
3004 2500 3169 2555 quam
3211 2501 3279 2541 ex
3316 2485 3623 2556 Sigebcrto,

2053 2567 2297 2631 Mariano
2350 2585 2414 2633 ac
2451 2570 2661 2626 caeteris
2704 2581 2862 2625 antea
2898 2573 3205 2628 retulimus.
3244 2573 3456 2645 Quibus
3495 2592 3621 2632 cmn

2053 2659 2529 2730 persuasissimum
2559 2659 2718 2728 foret,
2755 2660 3034 2725 Christum
3060 2660 3239 2717 Martii
3264 2680 3370 2718 xxv
3398 2680 3619 2734 passum

2052 2765 2174 2807 esse
2203 2749 2337 2806 feria
2367 2768 2439 2816 vi,
2467 2752 2573 2807 hoc
2595 2761 2782 2816 estvm
2802 2750 2921 2808 Kal.
2951 2753 3472 2825 Apr.,resurrexisse
3494 2771 3624 2812 vero

2053 2858 2107 2897 vr
2128 2840 2247 2896 Kal.
2279 2842 2407 2913 Ap.,
2442 2842 2616 2898 Martii
2647 2859 2813 2909 xxvu,
2849 2859 2972 2899 cum
2996 2846 3050 2909 iu
3081 2846 3414 2917 Dionysiano
3446 2849 3621 2919 cvclo,

2052 2948 2270 3005 atraque
2301 2935 2575 2989 communi
2599 2944 2801 2999 certam,
2825 2936 3029 2991 nullam
3058 2937 3323 2991 rationem
3348 2939 3623 2999 extricare

2053 3034 2297 3096 possent,
2320 3039 2387 3079 eo
2415 3023 2629 3080 tandem
2668 3025 2983 3081 dimcultate
3022 3026 3133 3100 ipsa
3176 3027 3496 3097 qumslionis
3534 3043 3624 3082 re-

2051 3111 2194 3167 dacti
2227 3120 2376 3177 sunt,
2403 3122 2460 3166 ut
2485 3128 2631 3167 anno
2663 3128 2785 3168 (erat
2808 3113 3137 3170 Christianae
3170 3114 3237 3169 l2
3261 3131 3487 3186 passum
3515 3115 3625 3171 Do-

2054 3204 2260 3267 minum
2316 3213 2725 3268 asseverantes,
2784 3205 2853 3258 ab
2916 3192 3295 3262 incarnatione
3342 3206 3620 3263 tricesimo

2051 3302 2267 3363 quarto,
2308 3308 2420 3359 χχι,
2451 3294 2566 3349 sive
2609 3295 2789 3365 potius
2832 3310 2945 3349 χχιι
2981 3296 3141 3359 annis
3181 3296 3464 3353 aberrasse
3495 3296 3621 3352 Dio-

2050 3381 2267 3454 nysium
2292 3383 2599 3450 crederent,
2631 3392 2691 3438 ut
2713 3384 2806 3454 qui
2833 3383 3214 3451 duodecimum
3233 3400 3435 3441 annum
3465 3387 3619 3443 illum

2049 3472 2392 3527 constituerit
2428 3487 2588 3544 quem
2635 3489 2803 3527 xxxiv
2850 3490 3138 3530 numerare
3176 3475 3474 3534 debuisset.
3528 3476 3621 3533 Et-

2048 3565 2194 3620 enim
2227 3565 2317 3618 uni
2344 3579 2488 3619 anno
2530 3564 2856 3620 duodecimo
2886 3567 3162 3637 quadrent
3187 3568 3299 3633 illa,
3330 3583 3452 3639 qua:
3480 3569 3621 3623 dixi-

2051 3670 2211 3720 mus;
2256 3654 2332 3711 uti
2373 3653 2507 3710 feria
2547 3673 2596 3710 γι
2648 3655 2699 3710 in
2739 3673 2845 3711 xxv
2887 3655 3066 3712 Martii
3108 3660 3417 3725 conveniat,
3464 3661 3619 3732 cyclo

2049 3746 2181 3803 solis
2217 3763 2330 3813 xxi,
2363 3747 2544 3803 littera
2584 3748 2692 3815 Cll,
2725 3749 2870 3805 lunae
2910 3764 3027 3804 χιιι.
3067 3748 3201 3806 Vide
3242 3767 3364 3821 qua:
3404 3767 3470 3807 ex
3508 3753 3622 3808 hla-

2049 3838 2206 3894 riano
2253 3854 2317 3895 ac
2351 3838 2715 3911 Sigeberto‘in
2750 3841 3037 3911 superiore
3066 3839 3309 3896 Diatriba
3356 3842 3618 3913 produxi-

2048 3945 2192 3984 mus.
2224 3928 2484 3986 Eamdem
2517 3931 2664 3986 illam
2697 3932 3065 4003 conjecturam
3101 3939 3157 3987 et
3212 3933 3523 4003 opinionem
3554 3934 3620 3989 dc

2050 4037 2163 4077 χχιι
2193 4037 2461 4079 annorum
2501 4023 2623 4088 labe
2650 4024 2912 4079 divinitus
2946 4023 3048 4079 sibi
3074 4022 3397 4094 patefactam
3416 4022 3621 4079 Paulus

2050 4110 2625 4193 Forosemproniensis
2659 4124 2847 4170 narrat
2893 4113 2987 4169 lib.
3021 4131 3051 4168 x
3088 4114 3258 4184 partis
3296 4129 3335 4168 ιι
3370 4118 3613 4175 Paulimv

2047 4218 2176 4259 suae.
2225 4204 2362 4257 Cum
2408 4206 2552 4258 enim
2593 4205 2816 4260 minime
2862 4203 3156 4270 dubitaret,
3200 4203 3331 4272 quin
3365 4203 3619 4258 Christus

2047 4291 2225 4346 Martii
2253 4308 2384 4359 xxv,
2424 4293 2560 4348 feria
2590 4308 2644 4347 vr
2675 4308 2894 4348 crucem
2922 4294 3271 4364 pertulisset,
3303 4309 3477 4359 neque
3498 4307 3617 4347 cer-

2046 4390 2161 4438 tum
2196 4398 2395 4437 annum
2429 4383 2560 4438 satis
2594 4384 2913 4454 explicaret,
2949 4395 3071 4453 post
3119 4384 3338 4455 longam
3371 4383 3616 4453 vigiliam

2048 4471 2293 4527 adfuisse
2316 4471 2417 4526 sibi
2452 4471 2682 4527 Paulum
2721 4475 3027 4544 apostolum
3060 4484 3265 4538 narrat,
3294 4482 3347 4528 et
3380 4473 3619 4527 chrono-

362 4561 544 4603 annos
590 4559 711 4619 post
763 4549 1008 4608 Natalem
1059 4570 1186 4610 χχχι
1240 4570 1363 4611 eum
1400 4561 1682 4617 mensibus
1735 4564 1944 4634 aliquot
1977 4569 2021 4625 ο
2049 4563 2296 4633 logorum
2323 4564 2570 4617 omnium
2590 4578 2832 4619 errorem
2862 4564 3279 4636 imlirasse;qui
3306 4578 3423 4617 χχιι
3444 4576 3617 4620 annos

362 4638 572 4696 vixisse
620 4643 844 4710 statuit;
900 4646 1166 4716 siquidem
1216 4647 1462 4707 Natalem
1516 4654 1695 4725 ipsum
1735 4657 1788 4711 in
1837 4656 1945 4713 De-

361 4730 640 4787 cembrem
669 4734 948 4803 conferat;
999 4739 1080 4793 sin
1116 4755 1183 4795 ex
1236 4741 1639 4815 Egyptiorum,
1679 4764 1817 4819 quos
1855 4765 1942 4806 se-

361 4821 555 4893 quitur
584 4824 940 4897 Epiphanius,
972 4830 1212 4897 deereto,
1247 4832 1493 4891 Januarii
1524 4854 1574 4892 vt
1617 4838 1761 4895 diem
1790 4840 1946 4896 Chri-

359 4914 439 4969 sti
478 4910 754 4973 Nativitati
806 4922 1088 4990 praeliuiat,
1122 4940 1233 4981 uno
1276 4928 1532 4998 amplius,
1584 4932 1638 4986 id
1671 4940 1756 4988 est
1794 4949 1943 4989 χχχιι

362 5017 543 5059 annos
572 5021 691 5061 cum
718 5010 999 5066 mensibus
1026 5012 1203 5070 tribus
1243 5016 1418 5072 eidem
1461 5029 1586 5089 post
1628 5030 1810 5077 ortum
1841 5023 1945 5077 im-

362 5095 595 5163 putabit.
629 5098 874 5171 Longum
917 5110 1002 5159 est
1034 5120 1357 5164 enumerare
1388 5120 1635 5177 caeteros,
1670 5114 1762 5183 qui
1791 5131 1941 5180 χχχι,

358 5192 463 5240 aut
488 5202 663 5255 χχχιι,
691 5198 784 5246 aut
829 5192 897 5248 ad
942 5210 1219 5253 summum
1269 5215 1455 5255 χχχιιι
1502 5213 1777 5275 arrogant.
1838 5204 1944 5272 Qui

360 5286 552 5334 autem
613 5283 833 5354 triginta
890 5296 1128 5355 quatuor
1177 5289 1503 5361 assignaret,
1563 5303 1690 5349 ante
1745 5293 1942 5350 Bedam

362 5367 542 5425 fuisse
570 5382 701 5441 puto
734 5377 1031 5434 neminem.
1086 5378 1192 5445 Qui
1241 5396 1309 5436 ne
1358 5382 1476 5452 ipse
1509 5384 1725 5454 quidem
1777 5401 1944 5440 xxxiv

358 5459 569 5517 vixisse
595 5465 816 5532 statuit;
852 5468 948 5523 sed
978 5485 1129 5524 xxxii
1151 5471 1415 5527 duntaxat
1437 5488 1560 5528 cum
1593 5475 1770 5530 tribas
1793 5491 1945 5530 men-

354 5547 553 5616 sibus;
591 5567 714 5608 nam
740 5569 806 5610 ex
837 5557 941 5612 isto
971 5573 1201 5614 numero
1231 5561 1441 5629 primus
1475 5562 1565 5617 ille
1600 5564 1725 5619 vita:
1770 5565 1945 5620 aztati-

352 5653 473 5713 quo
498 5639 999 5714 detrahendus-est,
1031 5665 1142 5720 quo
1171 5651 1227 5706 in
1259 5650 1500 5723 Virginis
1529 5663 1687 5711 utero
1723 5655 1843 5720 fuit,
1885 5669 1947 5713 ut

358 5730 567 5796 sacpius
615 5736 1021 5796 admonuimus.
1064 5740 1186 5808 Quo
1239 5742 1411 5814 magis
1444 5743 1702 5799 admirari
1754 5748 1941 5819 soleo,

369 5826 720 5894 per-suasisse
782 5829 885 5886 sibi
962 5834 1254 5892 nonnullos
1296 5833 1784 5894 vetustissimorum
1840 5836 1942 5895 Pa-

2046 4654 2435 4725 prazteriisscnt
2466 4673 2480 4709 :
2514 4656 2650 4710 adeo
2686 4664 2744 4711 ut
2771 4657 2860 4726 qui
2892 4656 2956 4710 1‘2
2980 4657 3032 4710 in
3056 4674 3163 4712 acra
3194 4657 3468 4713 communi
3493 4671 3616 4710 cen-

2048 4753 2220 4809 setur,
2252 4745 2296 4799 is
2338 4744 2407 4799 54
2443 4744 2627 4807 haberi
2671 4745 2939 4801 debuerit.
2986 4745 3128 4800 Idem
3167 4757 3348 4801 tamen
3391 4762 3498 4799 non
3548 4762 3616 4799 xv

2048 4833 2209 4899 luna,
2254 4834 2350 4889 sed
2400 4849 2492 4889 xlv
2542 4850 2764 4906 passum
2812 4850 2933 4890 esse
2973 4835 3246 4891 Christum
3290 4834 3615 4897 existimat;

2050 4931 2331 4994 propterea
2382 4924 2527 4995 quod
2568 4923 2922 4994 plenilunium
2973 4939 3099 4978 xxvi
3145 4923 3324 4978 Martii
3391 4924 3617 4991 contig‘t

2047 5013 2181 5069 feria
2224 5028 2325 5078 vn,
2346 5030 2456 5085 quo
2484 5013 2574 5069 die
2610 5013 2783 5070 Judaei
2820 5013 3030 5070 Pascha
3059 5015 3425 5070 celebrabant.
3451 5013 3611 5069 Unde

2045 5104 2274 5174 colligas
2317 5119 2385 5159 ex
2429 5103 2616 5172 Bcdac,
2660 5104 2947 5175 Sigcherti,
2986 5103 3238 5171 illariani,
3278 5107 3617 5176 aliorumque

2047 5196 2320 5253 sententia
2358 5211 2705 5267 consequens
2740 5211 2884 5261 esse,
2916 5197 3195 5252 Christum
3225 5212 3332 5251 non
3366 5213 3433 5252 xv
3467 5197 3616 5261 luna,

2047 5287 2143 5343 sed
2168 5301 2259 5341 xiv
2290 5286 2345 5340 in
2392 5301 2613 5342 crucem
2662 5286 2936 5342 sublatum
2980 5275 3447 5345 fuissefTametsi
3480 5289 3621 5344 hare

2046 5382 2123 5438 illi
2157 5381 2436 5437 xvlunam
2472 5380 2719 5436 arbitrati
2746 5390 2896 5448 sunt,
2932 5384 3188 5454 quoniam
3218 5383 3493 5438 Nicmnum
3526 5396 3618 5453 cy-

2046 5473 2191 5528 clum
2235 5474 2300 5529 ad
2345 5473 2545 5529 Christi
2590 5472 2984 5545 Passionisque
3026 5486 3306 5545 tempora,
3349 5473 3469 5527 sine
3511 5473 3615 5525 ulla

2049 5564 2428 5637 προηγήσεως,
2458 5581 2622 5636 quam
2647 5566 2991 5637 ignorabant,
3022 5566 3334 5635 suspicione
3373 5572 3612 5618 transtuo

2043 5656 2251 5713 lerunt.
2286 5655 2493 5712 Paulus
2538 5671 2689 5723 vero,
2735 5666 2799 5713 ut
2845 5668 2961 5712 erat
3003 5655 3358 5711 astronomia:
3392 5653 3617 5723 peritus,

2047 5748 2256 5806 medios
2294 5749 2437 5803 lunae
2479 5760 2658 5804 motus
2700 5759 2755 5804 et
2815 5749 3025 5805 tabulas
3048 5748 3103 5801 in
3139 5746 3424 5801 consilium
3459 5745 3611 5800 adhi-

2051 5841 2187 5900 buit.
2218 5841 2487 5899 Caeterum
2521 5841 2665 5898 illam
2696 5841 2871 5913 ipsum
2899 5855 3168 5895 annorum
3198 5837 3429 5895 duorum
3449 5853 3511 5894 ac
3545 5836 3629 5891 vi~
