4064 6410
534 414 635 472 957

1650 405 1996 462 APPENDIX
2031 403 2666 465 DISSERTATIONUM.
3647 403 3734 459 9l8

539 524 670 593 ginti
701 523 878 579 labem
915 522 1039 578 inde
1072 521 1361 578 conﬂatam
1393 522 1712 589 existimat;
1744 524 1888 592 quod
1935 526 2099 580 trium
2132 531 2174 590 Α
2204 526 2408 582 Christi
2435 541 2560 581 atras
2593 537 2702 581 uno
2728 521 2996 579 duntaxat
3023 535 3169 575 anno
3196 534 3384 576 rerera
3412 518 3645 585 dissidet,
3678 537 3733 577 ex

540 614 853 682 pontiﬁcum
882 613 1034 678 anni,
1064 612 1197 668 Cleti
1225 653 1240 678 ,
1276 612 1440 668 Marci
1484 626 1538 669 et
1570 612 1808 668 Marcelli
1843 614 1913 669 ah
1945 614 2114 669 Ense-

539 706 630 760 bio
660 703 1016 776 praitermissi
1050 713 1202 770 sunt,
1229 704 1322 775 qui
1349 718 1527 759 annos
1554 720 1667 759 xxn
1696 703 1953 760 Ecclesiae
1974 719 2113 775 prae-

540 796 778 852 fuerunt.
818 794 951 863 Quae
999 811 1125 852 cum
1173 795 1357 853 omnia
1392 795 1595 852 Paulus
1630 804 1883 852 accurate
1924 795 2018 851 illo
2055 795 2110 850 in

539 887 679 943 libro
706 887 1081 953 disseruisset,
1109 901 1174 943 ac
1206 886 1468 943 divinitus
1500 887 1555 943 id
1585 902 1644 943 se
1666 888 1944 958 accepisse
1981 902 2115 943 con-

543 978 817 1032 ﬁrmasset
840 1016 859 1042 ,
893 976 947 1030 in
974 974 1329 1047 sequentibus
1352 985 1532 1033 tanien
1566 966 1743 1044 libris,
1769 976 2115 1047 maximeque

543 1079 667 1131 ιιιι,
703 1079 928 1120 causam
961 1063 1222 1135 prodidit,
1271 1071 1324 1118 et
1352 1072 1659 1134 contempta
1688 1062 1840 1119 Pauli
1883 1061 2116 1135 apostoli

542 1168 608 1211 ac
634 1154 834 1210 divinae
853 1154 1272 1225 signiﬁcationis
1304 1154 1651 1222 auctoritate,
1685 1154 1750 1210 ad
1791 1170 1953 1211 suum
1980 1153 2116 1210 illud

542 1243 945 1316 προχρονισμοῦ
991 1243 1292 1306 biennium,
1320 1245 1465 1314 quod
1505 1260 1536 1299 a
1577 1243 1737 1299 nobis
1779 1259 1944 1315 supra
1980 1244 2117 1298 vali-

542 1332 769 1389 ιίὶεθίιιιθ
801 1330 1094 1387 refutatum
1130 1342 1234 1398 est,
1273 1335 1595 1402 revertitur;
1620 1349 1685 1390 ac
1714 1334 1926 1390 duobus
1956 1334 2117 1390 annis

543 1422 864 1494 Dionysium
903 1438 1088 1477 verum
1118 1422 1321 1479 Christi
1347 1421 1591 1479 Natalem
1619 1424 1982 1480 antevertisse
2019 1424 2117 1479 de-

545 1513 684 1567 ﬁnit.
723 1512 988 1580 Quocirca
1042 1513 1543 1581 imprudentissimo
1583 1529 1715 1570 sane
1755 1515 2120 1571 Casaubonus

544 1601 783 1659 Exercit.
832 1604 920 1672 lii,
958 1603 1027 1659 ad
1069 1605 1131 1657 Α.
1179 1603 1270 1669 54,
1307 1620 1463 1662 num.
1505 1605 1596 1670 54,
1642 1604 1930 1660 Paulinum
1974 1604 2118 1659 istud

546 1700 916 1747 commentum
953 1693 1216 1749 adversus
1244 1693 1522 1765 obliquam
1560 1693 1776 1749 Baronii
1806 1694 2123 1767 castigatio-

545 1797 671 1839 nem
700 1790 916 1851 tuetur;
940 1799 1064 1841 cum
1094 1793 1289 1855 pra-ter
1329 1785 1490 1841 otiosi
1527 1785 1768 1841 hominis
1832 1794 1888 1841 et
1927 1785 2117 1854 argi-oti

545 1876 747 1931 veteris
773 1875 1047 1931 somnium
1074 1884 1237 1948 atque
1266 1875 1554 1930 ἀλλόκοτον
1591 1875 1894 1947 φαντασίαν
1927 1876 2120 1932 habeat
2153 1864 2192 1920 η

558 1966 720 2023 nihil.
751 1965 887 2022 Nam
921 1977 981 2025 ut
1009 1969 1257 2023 omittam
1288 1968 1357 2024 ab
1380 1968 1629 2039 ipsomet,
1656 1968 1749 2040 qui
1795 1969 1847 2025 id
1894 1969 1999 2024 sibi
2034 1985 2118 2025 re-

555 2058 791 2115 velatum
834 2074 959 2117 esse
1004 2058 1247 2126 dixerat,
1294 2059 1457 2115 tacite
1496 2057 1812 2115 damnatum
1856 2059 1988 2115 illud
2049 2074 2115 2115 ac

550 2150 852 2222 reiectum,
891 2166 1055 2223 quam
1097 2152 1332 2208 absurda
1383 2154 1487 2209 ista
1529 2148 1712 2208 fabula
1734 2152 1827 2217 sit,
1873 2151 2020 2207 hunc
2065 2154 2121 2206 in

550 2240 774 2295 modum
815 2240 1182 2296 demonstrari
1225 2250 1422 2312 potest.
1466 2239 1524 2295 Si
1567 2256 1680 2296 xxtt
1727 2255 2003 2298 annorum
2040 2239 2121 2296 vi-

549 2331 684 2386 tium
720 2330 774 2385 in
818 2345 981 2391 aram
1018 2332 1272 2403 irrepsit;
1318 2333 1392 2388 ita
1440 2342 1500 2388 ut
1542 2335 1638 2405 qui
1684 2350 1756 2389 ιιι
1802 2334 2026 2400 dicitur,
2075 2334 2124 2390 is

548 2436 712 2476 xxxiv
742 2422 1114 2479 numerandus
1157 2422 1341 2487 fuerit,
1380 2438 1487 2478 non
1531 2425 1689 2481 aliter
1721 2423 1989 2479 accidisse
2018 2424 2122 2480 hoc

547 2523 747 2583 potest,
789 2530 953 2587 quam
997 2525 1058 2569 ut
1101 2514 1311 2586 aliquot
1344 2515 1471 2570 anni
1517 2515 1583 2570 de
1620 2530 1846 2571 numero
1879 2529 1944 2570 ac
1976 2514 2123 2570 serie

550 2608 669 2677 ipsa
699 2605 929 2662 detracti
965 2606 1115 2674 sint;
1153 2616 1248 2662 aut
1284 2616 1431 2663 certe
1457 2604 1702 2662 Natalem
1748 2605 1954 2661 Christi
2000 2603 2127 2662 Dio-

552 2697 744 2770 nysins
784 2712 896 2753 ιιιι
926 2699 1088 2754 annis
1138 2698 1277 2755 infra
1309 2698 1609 2769 legitimum
1656 2707 1869 2767 tempus
1903 2696 2127 2753 submo-

551 2788 689 2843 verit
724 2807 737 2842 :
777 2797 966 2859 utputa
1006 2804 1131 2843 cum
1162 2789 1556 2845 incarnationis
1622 2796 1678 2844 et
1710 2787 1918 2845 Natalis
1948 2804 2129 2845 annus

550 2894 618 2932 ex
646 2894 748 2933 usu
773 2877 1014 2951 Dionysii
1047 2879 1118 2935 sit
1137 2877 1388 2935 Julianus
1416 2878 1510 2947 46,
1552 2878 1799 2934 debuerit
1819 2893 1941 2936 esse
1961 2895 2086 2935 xxtv
2113 2898 2126 2935 :

554 2971 758 3042 quibus
787 2970 835 3026 si
867 2986 1035 3027 xxxiv
1068 2971 1258 3037 addas,
1286 2968 1541 3026 Julianus
1571 2971 1840 3042 septimus
1869 2980 1924 3026 et
1969 2971 2133 3042 quin-

552 3063 905 3136 quogesimus
933 3063 1190 3131 exsistet,
1232 3065 1324 3135 qui
1359 3073 1443 3121 est
1487 3079 1610 3119 aera:
1663 3062 2005 3134 Dionysiana:
2040 3061 2128 3129 l2,

554 3172 665 3227 quo
690 3170 915 3228 passum
952 3171 1075 3212 esse
1096 3155 1374 3213 Christum
1408 3154 1485 3210 illi
1516 3170 1709 3211 omnes
1738 3154 1949 3224 opinati
1980 3164 2127 3211 sunt.

553 3248 625 3304 At
653 3261 782 3303 vero
807 3255 1103 3319 utrumque
1135 3247 1265 3302 illud
1301 3245 1691 3318 perabsurdum
1751 3260 1816 3301 ac
1848 3245 2006 3316 longe
2030 3244 2130 3299 fal-

556 3339 838 3395 sissimum
871 3346 979 3395 est.
1003 3337 1144 3393 Sunt
1173 3337 1318 3393 cutim
1345 3337 1640 3394 certissimi
1667 3346 1974 3407 temporum
1997 3337 2130 3392 cha-

555 3440 833 3496 racteres;
866 3443 995 3487 sunt
1041 3428 1332 3487 Fastorum
1377 3429 1521 3496 libri,
1561 3430 1764 3500 quibus
1814 3429 2134 3484 consulatus

556 3521 756 3594 singuli
816 3522 1104 3595 diligenter
1152 3523 1534 3590 adnotantur;
1589 3530 1718 3578 sunt
1765 3519 2134 3576 Romanorum

557 3614 951 3683 imperatorum
978 3614 1131 3679 anni,
1154 3623 1319 3685 atque
1354 3614 1597 3668 historiae
1630 3628 1847 3668 summa
1876 3613 1979 3667 ﬁde
2005 3627 2137 3667 con-

559 3705 796 3777 scriptaz,
820 3705 876 3760 in
900 3705 1099 3776 quibus
1118 3705 1300 3761 hiatus
1337 3705 1470 3760 tanti
1501 3719 1568 3759 ne
1601 3703 1980 3760 tenuissimum
2014 3701 2139 3773 quis

560 3798 688 3852 dem
724 3796 1021 3866 vestigium
1070 3805 1314 3866 apparet.
1355 3794 1583 3850 Constat
1623 3809 1770 3871 anno
1818 3809 1942 3849 terte
1982 3792 2139 3849 Cbriv

563 3889 756 3945 stiante
804 3887 867 3942 l4
897 3896 1176 3943 mortuum
1211 3889 1550 3958 Augustum;
1583 3886 1731 3956 quod
1767 3885 2137 3941 memorabilis

563 3978 654 4032 ilL‘t
684 3976 827 4033 luna:
855 3977 1075 4048 eclipsis
1104 3978 1360 4033 ostendit.
1401 3976 1719 4048 Sequuntur
1755 3986 1811 4033 et
1849 3977 1971 4031 aliae
1997 3977 2137 4042 dum,

564 4085 800 4139 quarum
826 4084 935 4125 una
963 4083 1108 4124 anno
1132 4069 1335 4124 Christi
1363 4069 1454 4133 45,
1491 4067 1562 4123 Μ.
1601 4067 1811 4124 Vinicio
1838 4077 1892 4123 et
1925 4067 2141 4123 Statilio

563 4160 806 4215 Corvino
836 4175 982 4216 coss.
1015 4159 1133 4216 Kal.
1162 4161 1301 4231 Aug.
1333 4161 1772 4232 contigit;quatn
1799 4168 1854 4215 et
1880 4159 2141 4216 Claudius

572 4255 754 4311 Castior
788 4252 969 4311 edicto
998 4253 1366 4320 denuntiat-at,
1393 4268 1539 4308 anno
1565 4252 1779 4323 imperii
1803 4252 1887 4307 sui
1922 4252 2141 4323 quinto,

566 4360 627 4405 ut
660 4358 854 4405 auctor
881 4358 965 4406 est
1004 4349 1135 4419 Dio;
1164 4350 1332 4405 altera
1363 4350 1624 4420 Vipsania
1652 4358 1708 4405 et
1744 4349 1969 4405 Fonteio
1995 4365 2139 4406 coss.

567 4440 685 4497 Kal.
718 4440 888 4497 Maias
916 4442 1135 4507 accidit,
1181 4453 1241 4497 ut
1268 4450 1499 4497 testatur
1523 4442 1732 4496 Plinius
1754 4441 1848 4496 lib.
1879 4457 1938 4505 ll,
1970 4456 2021 4496 e.
2050 4440 2138 4496 '12.

2212 614 2443 670 Mat-iani
2473 628 2601 669 vero
2634 613 2882 668 instituto
2906 626 3032 666 cum
3053 611 3247 665 eadem
3283 609 3374 664 illa
3412 612 3735 666 connectitur.

2212 700 2433 758 Falsum
2464 710 2547 757 est
2579 701 2763 772 itaque
2799 715 2914 754 ιιιι
2951 714 3125 754 annos
3167 699 3222 753 in
3264 697 3585 770 Dionysiano
3609 698 3740 770 cycle

2213 793 2551 858 desiderari,
2589 808 2714 847 cum
2759 800 2953 864 przeter
2992 806 3077 855 ea,
3142 805 3265 861 quae
3306 789 3560 855 diximus,
3596 789 3739 844 multa
3760 842 3775 875 ι

2213 885 2319 940 alia
2346 886 2472 949 sint,
2514 897 2638 954 quae
2676 897 2743 938 ex
2788 882 3098 952 evangelica
3148 880 3372 936 historia
3410 895 3531 934 cum
3561 878 3741 934 Domini

2212 984 2337 1031 ortu
2360 975 2656 1046 implicata,
2682 984 2736 1029 et
2764 973 3051 1044 conjuncta
3076 982 3290 1028 constat
3313 986 3433 1027 €830
3457 989 3472 1025 :
3494 970 3632 1026 velut
3645 971 3744 1024 Au-

2214 1068 2382 1140 gusti,
2409 1066 2659 1131 Herodis,
2686 1064 2844 1121 Pilati
2875 1065 3185 1134 Tiberiique
3214 1073 3485 1133 tempora;
3513 1077 3626 1132 quae
3643 1076 3744 1116 om-

2215 1162 2306 1215 nia
2344 1158 2620 1214 cohaarcre
2657 1165 2955 1227 nequeunt,
2988 1155 3032 1209 si
3061 1164 3168 1209 tam
3201 1153 3455 1208 immanis
3474 1152 3645 1208 hiatus
3663 1152 3745 1206 ad-

2217 1250 2421 1305 missus
2449 1247 2632 1310 fuerit,
2655 1258 2819 1318 atque
2845 1246 2899 1301 in
2927 1244 3203 1300 anteriora
3237 1259 3350 1298 ιιιι
3381 1244 3537 1297 annis
3559 1256 3748 1313 pronio-

2220 1339 2392 1394 venda
2442 1336 2654 1394 Christi
2697 1335 2959 1391 nativitas
2990 1334 3267 1401 videatur;
3311 1348 3436 1388 nam
3474 1342 3532 1387 ut
3573 1332 3624 1386 in
3658 1345 3747 1385 :era

2219 1427 2531 1483 Christiana
2563 1425 2721 1490 nihil,
2741 1425 2796 1479 in
2826 1424 3103 1496 cyclorum
3129 1438 3259 1479 vero
3280 1421 3546 1491 dispositu
3563 1428 3749 1475 mutan-

2222 1518 2351 1572 dum
2386 1515 2591 1586 aliquid
2626 1514 2715 1571 isti
2737 1515 3074 1578 censuerint,
3102 1513 3240 1569 nihil
3271 1514 3338 1569 ad
3369 1528 3485 1568 rem
3508 1512 3750 1583 pertinet:

2224 1615 2444 1663 manent
2471 1605 2613 1662 enim
2636 1604 3036 1660 noviluniorum
3062 1603 3165 1659 rati
3182 1618 3248 1659 ac
3272 1603 3555 1659 constituti
3582 1602 3753 1657 nihile-

2222 1696 2405 1750 minus
2442 1693 2581 1760 dies,
2616 1708 2972 1764 quoscunque
3011 1692 3225 1747 tandem
3271 1692 3455 1764 cyclos
3481 1706 3756 1748 accommo-

2222 1786 2390 1842 daris.
2424 1783 2496 1840 Ut
2538 1800 2704 1851 anno,
2738 1784 2887 1840 verbi
2936 1799 3122 1847 causa,
3156 1783 3359 1840 Christi
3405 1799 3504 1850 ιιι,
3532 1782 3642 1838 sive
3678 1798 3756 1853 (ty-

2220 1876 2364 1933 clum
2394 1876 2536 1932 lunae
2559 1891 2680 1941 xm,
2712 1875 2845 1933 solis
2870 1892 2959 1931 ιιι
2985 1875 3244 1946 applices,
3270 1875 3387 1931 sive
3407 1874 3569 1928 alium
3590 1887 3758 1943 quein-

2220 1969 2372 2037 libet,
2404 1968 2696 2025 neomenia
2729 1967 2908 2022 Martii
2957 1983 3055 2033 xtt,
3092 1967 3448 2038 plenilunium
3482 1981 3602 2021 xxvi
3633 1978 3762 2019 cont-

2221 2059 2475 2116 mittitur.
2526 2058 2686 2115 Anuo
2746 2074 2876 2115 vero
2926 2059 2998 2114 33
3055 2058 3392 2113 novilunium
3443 2072 3536 2111 ιιι
3579 2055 3655 2110 vel
3701 2068 3760 2106 xx

2222 2150 2433 2220 Hartii;
2476 2148 2831 2223 plenilunium
2858 2150 3031 2221 April.
3057 2167 3116 2217 ιι,
3160 2150 3245 2206 vel
3287 2164 3372 2204 tu.
3414 2148 3563 2205 Unde
3614 2162 3763 2217 quatt-

2225 2242 2477 2301 tumlibet
2521 2241 2798 2313 cyclorum
2830 2242 3076 2297 ordinem
3111 2250 3472 2309 commutent,
3507 2254 3762 2309 nunquam

2225 2343 2406 2392 tamen
2432 2333 2731 2406 perﬁcient,
2756 2341 2817 2388 ut
2852 2348 2998 2389 anno
3031 2332 3123 2389 illo
3145 2370 3163 2399 ,
3193 2347 3357 2404 quem
3387 2331 3631 2389 Passieni
3677 2329 3768 2385 [ιον

2226 2426 2443 2483 mihiea
2470 2425 2775 2496 praeﬁgunt,
2818 2425 2944 2481 luna
2979 2440 3047 2479 xv
3101 2425 3153 2479 in
3192 2424 3371 2480 Hartii
3415 2440 3520 2480 xxv
3559 2422 3765 2489 incidat,

2228 2515 2418 2572 feriam
2457 2531 2531 2571 vn.
2569 2514 2793 2571 Accedit
2826 2516 2967 2586 quod
3001 2516 3103 2572 etsi
3145 2516 3516 2573 concedamus
3543 2515 3644 2570 illis
3668 2528 3768 2569 ont-

2228 2608 2340 2675 nia,
2378 2609 2484 2664 hoc
2526 2606 2705 2678 ipsum
2738 2617 2943 2676 tamen,
2972 2608 3118 2680 quod
3159 2609 3395 2664 maxime
3435 2607 3674 2677 cupiunt,
3699 2604 3769 2660 ni-

2229 2694 2342 2756 bilu
2390 2700 2565 2772 magis
2600 2700 3087 2770 assequentur,uti
3133 2699 3263 2754 luna
3311 2714 3381 2754 xv
3424 2696 3671 2753 Christus
3710 2693 3769 2749 sit

2230 2805 2445 2863 passus.
2480 2791 2692 2864 Quippe
2740 2806 2886 2847 anno
2925 2789 3251 2846 Christiane
3298 2804 3422 2845 aera
3460 2787 3548 2855 12,
3580 2785 3768 2842 novilu-

2233 2880 2385 2936 nium
2428 2882 2569 2950 apud
2612 2881 2850 2945 Iudaeos,
2898 2890 2956 2937 et
2991 2881 3050 2936 in
3092 2876 3586 2950 Hierosolymitano
3628 2871 3771 2935 lueti-

2231 2971 2395 3027 diano
2421 2973 2599 3028 Martii
2632 2989 2707 3029 ιιι
2756 2970 3194 3044 οοιιειιιίι,,1“ει·ἱιι
3225 2985 3323 3033 ut.
3346 2967 3662 3025 Passusest
3684 2979 3772 3020 al-

2236 3073 2342 3118 tem
2385 3061 2639 3120 Christus
2687 3064 2822 3120 feria
2869 3079 2946 3119 vt.
2995 3062 3163 3134 Igitur
3206 3061 3335 3117 luna
3377 3078 3495 3127 xiv,
3533 3068 3586 3116 et
3620 3054 3772 3112 Martii

2235 3171 2361 3222 xxv,
2391 3172 2497 3211 non
2525 3157 2657 3212 luna
2681 3172 2749 3213 xv
2777 3171 2953 3226 neque
2980 3154 3296 3226 plenilunio.
3323 3152 3446 3221 Qua
3489 3154 3542 3208 in
3574 3166 3631 3207 re
3654 3149 3775 3205 Beda

2234 3248 2583 3320 castigandus
2605 3256 2711 3317 est,
2752 3260 2815 3304 ut
2851 3248 3142 3320 aliquoties
3175 3247 3432 3319 dixitqui
3467 3246 3560 3302 lib.
3589 3243 3773 3297 Dent.

2235 3349 2395 3411 temp.
2422 3356 2543 3413 cap.
2566 3342 2638 3397 45
2664 3355 2887 3413 passum
2910 3355 3033 3395 esse
3064 3338 3342 3394 Christum
3366 3336 3649 3393 refertur:
3674 3332 3774 3387 Kal.

2234 3430 2528 3505 Apr.,luna
2557 3448 2646 3499 xv,
2677 3446 2823 3487 anno
2852 3446 2974 3486 terte
3003 3429 3345 3502 Dionysiana:
3367 3428 3464 3484 54.
3488 3426 3595 3483 Nec
3620 3426 3777 3481 minus

2236 3521 2555 3579 hallucinati
2593 3530 2743 3590 sunt,
2793 3521 2887 3594 qui
2932 3521 3120 3576 eodem
3167 3535 3333 3584 anno,
3380 3519 3517 3574 luna
3560 3529 3775 3582 xv,nono

2238 3613 2356 3669 Kal.
2402 3615 2538 3686 Apr.
2598 3630 2821 3686 passum
2867 3611 3156 3678 aﬂirmant,
3191 3610 3404 3667 concilii
3458 3607 3777 3666 Caesariensis

2239 3706 2378 3773 ﬁde;
2410 3707 2477 3761 de
2506 3720 2618 3776 quo
2659 3705 2820 3777 paulo
2849 3714 2968 3776 post
3014 3714 3244 3775 agetur:
3273 3718 3398 3758 nam
3431 3703 3648 3759 omnino
3684 3699 3778 3770 plc-

2243 3799 2508 3854 nilunium
2545 3814 2691 3854 anno
2726 3797 2930 3853 Christi
2959 3797 3051 3865 54,
3088 3795 3298 3852 decimo
3325 3794 3448 3851 Kal.
3480 3792 3710 3863 contigit.

2312 3891 2651 3962 Quapmpter
2678 3891 2788 3945 duo
2831 3900 2978 3957 sunt,
3014 3903 3138 3959 qua!
3170 3887 3360 3942 media:
3378 3887 3557 3942 artatis
3577 3885 3782 3941 chrono»

2241 3980 2380 4053 iugis
2420 3997 2636 4036 crucem
2687 3980 2741 4035 in
2788 3979 2875 4034 illa
2916 3980 3221 4050 quastione
3262 3977 3503 4032 ﬁxerunt
3528 3994 3541 4028 :
3571 3974 3778 4046 prinum

2242 4072 2388 4142 quod
2429 4086 2535 4126 non
2570 4071 2888 4127 dubitarent
2918 4069 3139 4124 .lndazos
3167 4066 3375 4123 Pascha
3403 4066 3537 4120 luna
3572 4079 3634 4119 xv
3664 4060 3781 4116 cele-

2244 4164 2425 4230 brare,
2457 4177 2523 4219 ac
2557 4163 2780 4218 lunares
2806 4169 3009 4226 motus,
3036 4169 3091 4215 et
3117 4158 3331 4229 quidem
3363 4153 3780 4212 accuratissima

2243 4257 2597 4321 observasse;
2633 4255 2882 4320 alterum,
2914 4251 3061 4323 quod
3094 4251 3146 4306 id
3179 4249 3372 4305 Martio
3411 4263 3605 4305 mense
3654 4245 3782 4315 ejus-

2244 4361 2351 4416 que
2387 4346 2475 4400 die
2511 4361 2617 4399 xxv
2645 4343 2910 4399 accidisse
2940 4342 3158 4408 vellent,
3192 4339 3324 4395 feria
3375 4355 3451 4395 vr.
3490 4338 3592 4394 Sed
3621 4349 3781 4391 recen-

2246 4438 2439 4506 tiores,
2463 4434 2739 4506 iidemque
2762 4434 2830 4488 ab
2851 4433 3108 4489 omnibus
3135 4432 3509 4487 doctrinarum
3546 4424 3780 4487 omnium,

566 4531 642 4586 Ea
687 4532 943 4588 convenit
989 4549 1135 4589 anno
1179 4533 1389 4602 vulgari
1437 4533 1527 4598 59,
1568 4532 1771 4603 Aprilis
1816 4549 1945 4595 xxx,
1995 4548 2141 4588 anno
2173 4532 2217 4590 D
2247 4529 2550 4601 praesertim
2601 4527 3149 4592 mathematicarum,
3199 4524 3468 4595 praesidiis
3516 4519 3784 4591 paratiores

566 4624 762 4694 quinto
791 4621 1024 4680 Neronis
1055 4623 1291 4679 labente.
1318 4623 1530 4689 Quibus
1551 4623 1599 4678 si
1625 4623 1858 4693 eclipses
1887 4623 2021 4678 alias
2041 4623 2143 4679 ad-

567 4714 792 4780 dideris,
821 4730 944 4784 qua:
968 4713 1173 4784 partim
1195 4720 1341 4773 ante,
1379 4710 1577 4781 partim
1608 4720 1731 4781 post
1750 4710 1955 4764 Christi
1978 4708 2146 4765 Nata—

571 4807 678 4861 lem
716 4807 1054 4867 acciderunt,
1097 4820 1223 4860 cum
1254 4804 1433 4873 iisque
1466 4801 1838 4857 Romanorum
1875 4816 2017 4857 coss.
2055 4816 2145 4856 se—

574 4896 704 4949 riem
740 4909 1045 4966 compares,
1079 4908 1148 4949 ne
1172 4907 1338 4947 unum
1366 4891 1584 4961 quidem
1610 4905 1814 4945 annum
1845 4890 2034 4945 deesse
2060 4889 2147 4945 in~

574 4984 809 5055 telliges,
846 4989 1046 5041 nedum
1072 4997 1129 5040 ut
1159 5001 1273 5039 xxu
1297 4983 1454 5039 solidi
1486 4981 1825 5053 prmtermitti
1849 4982 2143 5052 potuerint.

574 5076 651 5130 Ae
705 5075 1010 5145 Sigeherti,
1056 5075 1320 5142 Mariani,
1369 5074 1820 5144 reliquorumque
1871 5072 1923 5126 id
1975 5086 2148 5142 genus

571 5167 1029 5238 chronolugorum
1081 5177 1316 5222 mentem
1365 5180 1428 5221 ac
1468 5165 1759 5220 consilium
1813 5177 2008 5233 capere
2054 5179 2149 5218 nc-

573 5275 715 5332 queo
762 5277 782 5315 :
829 5258 919 5329 qui
961 5264 1085 5312 cunt
1149 5256 1534 5329 Dionysianam
1582 5270 1749 5310 atram
1809 5263 1959 5309 tanto
2019 5254 2151 5310 vitio

575 5353 831 5410 itedatam
867 5348 1071 5421 passim
1103 5349 1376 5411 occinunt,
1410 5348 1478 5402 ab
1501 5347 1690 5402 eadem
1718 5355 1897 5400 tamen
1921 5359 2029 5399 non
2065 5360 2151 5401 re-

574 5442 799 5498 cedunt.
832 5439 1018 5510 Itaque
1046 5437 1324 5494 Marianns
1358 5450 1502 5491 anno
1546 5435 1709 5513 Urbis
1751 5433 1988 5490 condita:
2023 5434 2149 5501 75%,

578 5532 803 5604 Augusti
848 5549 968 5598 xu,
1015 5531 1231 5602 Olymp.
1267 5527 1370 5583 191
1405 5541 1550 5581 anno
1595 5526 1757 5581 tertio
1795 5534 1981 5581 natum
2030 5541 2153 5583 esse

580 5622 921 5679 Salvatorem
963 5621 1188 5684 scribit,
1228 5619 1418 5676 iudici.
1474 5632 1546 5672 tv.
1600 5615 1703 5673 Ubi
1752 5617 1879 5673 licet
1924 5617 2154 5672 indictio

583 5725 863 5782 perperam
889 5713 1123 5784 ascripta
1149 5713 1242 5775 sit.
1270 5727 1390 5783 qua:
1416 5709 1575 5765 tertio
1606 5710 1707 5764 191
1738 5707 1952 5781 Olymp.
1984 5722 2152 5773 anno,

583 5810 642 5854 et
675 5801 835 5856 L‘r‘ois
863 5804 991 5873 739.,
1029 5804 1189 5860 tertia
1229 5820 1352 5861 esse
1388 5802 1609 5869 debuit;
1653 5810 1832 5858 tamen
1875 5816 1906 5858 a
1940 5801 2151 5873 vulgari

2246 4619 2588 4691 chronologi,
2619 4634 2739 4674 cum
2765 4618 2880 4672 haec
2911 4633 3101 4688 parum
3135 4632 3257 4672 esse
3273 4625 3636 4671 consentanea
3660 4606 3784 4662 vide-

2248 4721 2391 4777 rent,
2428 4710 2582 4780 prius
2606 4708 2738 4763 illud
2764 4708 2984 4777 quidem
3007 4707 3075 4761 de
3095 4705 3273 4761 lunari
3311 4715 3461 4760 motu
3495 4708 3782 4761 tenuerunt;

2248 4801 2519 4872 posterius
2550 4814 2679 4854 vero
2713 4797 2781 4853 de
2821 4811 3008 4851 mense
3044 4810 3109 4851 ac
3139 4795 3226 4851 die
3266 4807 3607 4865 nequaquam
3638 4783 3785 4845 secuti

2249 4900 2396 4948 sunt.
2432 4889 2510 4944 Ex
2541 4906 2650 4960 quo
2675 4889 2877 4944 factum
2902 4896 3005 4951 est,
3038 4896 3096 4941 ut
3125 4886 3179 4940 in
3221 4901 3365 4941 anno
3409 4882 3679 4940 Passionis
3715 4879 3786 4931 in-
3816 4950 3821 4957 Ι

2249 4980 2501 5051 dagando
2531 4977 2815 5049 plenilunii
2840 4992 2963 5032 cum
3000 4992 3051 5029 vt
3078 4974 3215 5030 feria
3246 4972 3618 5029 convenientis
3649 4967 3786 5022 ratio-
3816 4962 3819 4969 '

2251 5087 2373 5127 nem
2421 5070 2722 5124 habendam
2760 5083 2881 5124 esse
2922 5068 3192 5122 duxerint.
3237 5065 3436 5121 Paulus
3482 5079 3608 5119 vero
3644 5059 3785 5114 Feto-

2252 5174 2527 5229 sempron.
2571 5159 2663 5213 lib.
2697 5173 2772 5211 vn
2814 5157 2984 5227 partis
3017 5171 3351 5219 marmorum
3392 5169 3493 5229 ιιι,
3526 5155 3628 5208 hoc
3663 5159 3734 5204 est
3757 5159 3784 5200 a

2252 5250 2322 5306 '50
2348 5249 2553 5305 Christi
2602 5251 2669 5303 ad
2713 5249 2804 5313 40,
2841 5249 3121 5303 novilunia
3170 5245 3576 5318 plcniluniaque
3614 5253 3787 5314 propo-

2253 5344 2387 5411 suit,
2422 5352 2531 5398 tam
2584 5340 2780 5405 media,
2819 5356 2983 5412 quam
3029 5355 3177 5397 vera.
3210 5337 3286 5395 Ex
3318 5338 3516 5410 quibus
3548 5352 3638 5393 sex
3668 5335 3788 5388 dun-

2255 5443 2404 5490 taxat
2433 5433 2522 5489 bic
2552 5433 2912 5497 ascribemus,
2960 5440 3019 5487 ut
3055 5431 3371 5503 quaastionis
3406 5424 3788 5486 controversia-

2254 5542 2361 5600 que
2411 5536 2586 5582 status
2637 5526 2901 5580 lectorum
2954 5525 3129 5581 oculis
3167 5519 3630 5594 saliieiatur;_ab
3665 5527 3787 5572 anno

2253 5634 2376 5675 terte
2403 5617 2465 5673 51
2516 5616 2587 5672 ad
2628 5618 2728 5685 56;
2776 5616 2920 5689 quod
2970 5617 3025 5671 in
3081 5616 3277 5672 horum
3326 5626 3593 5672 annorum
3631 5608 3784 5680 aliqua

2254 5708 2455 5766 Christi
2491 5707 2677 5778 passio
2705 5707 3021 5764 collocanda
3050 5707 3148 5762 sit.
3468 5726 3495 5763 ς
3528 5736 3533 5757 .-
3604 5748 3651 5759 ..ρ
3696 5728 3701 5735 ·

3600 6200 3605 6207 ,

3566 6258 3573 6261 μ
3622 6270 3631 6277 Η
3668 6256 3707 6283 μί

3574 6312 3583 6317 -
3610 6306 3629 6321 -ρ
3886 6298 3887 6301 “

3558 6370 3612 6394 ’ξῗί

3118 6398 3129 6399 γ
3260 6395 3320 6402 ,__
3396 6394 3412 6398 _
3480 6384 3612 6398 Ἣυνὴςι
