4064 6414
254 410 371 472 oss

1214 399 1312 467 DE‘
1342 412 1534 470 ANNO
1570 412 1659 471 ΕΤ
1696 414 1808 483 DIE
1849 415 2206 473 DOMINICE
2245 417 2625 475 PASSIONIS.

3423 424 3530 484 95‘

252 523 604 594 appellantur
626 563 643 589 ,
709 518 982 597 iidemque
1039 523 1449 585 Seleueidarum
1501 528 1655 593 dicti,
1694 528 1840 599 quod
1870 536 1916 595 Α
1943 545 2253 601 progressus
2287 531 2510 601 fecerit:
2539 530 2678 599 quod
2719 548 2821 591 non
2855 542 3142 602 potuerunt
3176 535 3528 603 deprchende-

251 613 460 673 codem
528 628 698 678 anno,
753 629 867 685 quo
923 614 1184 686 periodus
1232 614 1323 675 illa
1373 617 1537 685 iniit,
1585 617 1850 677 Seleucus

256 701 538 776 Babylone
588 715 931 777 recuperata.
974 721 1254 783 emergere
1275 747 1295 775 .
1335 717 1503 782 atque
1550 709 1849 784 imperium

255 796 510 869 stabilire
534 798 725 869 coepit.

332 868 567 928 Lu‘na'ris
595 868 727 928 anni
744 871 941 929 modus
965 880 1049 927 est
1069 871 1281 929 dierum
1303 875 1498 944 555,8,
1521 877 1627 944 55',
1654 877 1715 943 6"
1746 869 1844 953 ἐξ,

256 964 472 1023 metisis
501 963 590 1031 29,
631 966 718 1032 12,
748 966 854 1038 44',
889 965 1100 1048 Ξὸηξξι
1125 968 1610 1040 annipriucipium
1642 972 1711 1027 ab
1743 988 1845 1028 au—

260 1065 482 1122 tumno,
541 1065 598 1113 et
648 1058 868 1129 quidem
933 1056 1186 1116 Octobris
1232 1075 1352 1133 vn;
1408 1077 1536 1116 nam
1585 1061 1847 1135 Tekupba

258 1147 410 1220 Tisri
441 1149 634 1206 incidit
664 1150 719 1206 in
751 1149 1006 1210 Octobris
1043 1170 1151 1221 vn,
1180 1156 1277 1226 qui
1327 1155 1444 1211 dies
1474 1156 1688 1228 primus
1728 1166 1847 1221 erat

257 1242 393 1297 anni
420 1241 638 1299 solaris.
672 1241 808 1300 Nam
849 1255 906 1302 et
935 1246 1169 1305 solarem
1202 1259 1463 1321 praeterea
1505 1265 1711 1307 annum
1746 1249 1846 1306 ob-

256 1335 576 1405 servabant,
610 1348 670 1394 ut
715 1338 769 1394 in
803 1339 898 1396 lib.
936 1356 987 1395 tv
1026 1339 1100 1396 De
1143 1342 1346 1401 emend.
1400 1342 1633 1412 scribit,
1688 1343 1847 1415 cuius

255 1426 510 1485 biscxtus
538 1437 663 1485 ante
692 1431 933 1501 primum
973 1432 1142 1490 Tisri.
1196 1449 1270 1489 vn
1315 1431 1570 1491 Octobris
1610 1435 1847 1491 inﬁndev

256 1515 442 1573 batur.
502 1516 607 1575 Sed
657 1529 845 1590 postea
902 1521 1173 1585 translato
1232 1523 1288 1581 in
1348 1539 1577 1581 vernum
1629 1532 1849 1596 tempus

256 1608 442 1674 initio,
470 1608 613 1667 inter
660 1610 895 1683 primam
936 1621 989 1675 ct
1022 1616 1319 1675 secundam
1351 1615 1559 1687 Aprilis
1603 1616 1847 1674 insertus

255 1710 367 1756 est.
398 1699 595 1757 Postea
624 1699 843 1759 Juliana
875 1705 1004 1761 anni
1032 1706 1209 1761 forma
1255 1716 1495 1778 recepta,
1540 1707 1684 1762 inter
1715 1722 1849 1773 xxv,

255 1803 316 1849 et
348 1809 477 1851 xxvi
506 1791 683 1850 Martii
720 1794 1078 1857 intercalatus
1111 1805 1197 1859 est
1229 1797 1368 1859 dies.
1416 1799 1587 1868 igitur
1634 1798 1847 1855 lunaris

1950 639 2027 689 re,
2056 623 2170 677 sine
2202 622 2451 677 doctrina
2479 624 2607 679 amri
2637 623 2702 679 Β.
2721 622 2896 683 Adda.
2936 623 3111 697 Igitur
3137 644 3170 679 a
3194 642 3266 680 wn
3302 626 3420 684 Oct.
3462 628 3533 683 ad

1948 729 2074 773 xxrv
2109 713 2255 784 Sept.
2293 714 2408 769 dies
2435 723 2558 771 sunt
2587 730 2686 771 xm
2716 716 2974 785 prteciss:
3006 716 3198 787 quibus
3225 723 3533 788 competunt

1948 803 2081 860 anni
2109 801 2253 859 41οΔ
2284 819 2350 858 ea:
2379 805 2624 860 doctrina
2648 803 2712 861 Β.
2746 805 2926 864 Adda.
2971 804 3209 865 Totidem
3238 810 3378 867 enim
3404 812 3534 867 anni

1945 894 2074 951 dant
2101 895 2466 969 προηγήσεως
2493 895 2823 969 σεληνιακῆς
2851 913 2972 967 xm,
3002 898 3189 954 horam
3218 901 3269 955 l.
3300 898 3448 957 Idem
3480 909 3530 956 et

1946 986 2045 1043 lib.
2077 1003 2130 1042 tv
2157 987 2444 1058 repetitur.
2469 986 2674 1043 Verum
2699 988 2836 1043 nihil
2865 989 2970 1046 hac
3004 989 3268 1063 Scaliger:
3281 992 3539 1049 doctrina

1945 1080 2142 1137 vanius
2172 1089 2338 1155 atque
2367 1080 2779 1136 inconstantius
2812 1090 2918 1136 est.
2981 1080 3231 1138 Primum
3258 1082 3409 1137 enim
3443 1097 3539 1136 ηε·

1947 1177 2147 1229 tractat
2177 1170 2230 1225 id
2264 1171 2413 1243 quod
2458 1172 2717 1228 dixerat:
2752 1172 3091 1244 Calippicam
3125 1171 3359 1231 formam
3408 1182 3531 1243 post

1945 1261 2297 1319 Constantini
2342 1272 2591 1336 tempora
2632 1265 2882 1321 nondum
2930 1265 3278 1336 repudiatam
3318 1264 3533 1335 fuisse;

1947 1364 2001 1413 et
2033 1370 2181 1413 anno
2215 1354 2455 1425 primum
2485 1354 2593 1413 5-H
2630 1355 2860 1411 alteram
2893 1355 3039 1411 illam
3079 1356 3203 1427 ejus
3235 1355 3355 1412 loco
3401 1357 3533 1413 sub-

1948 1446 2220 1505 stitutam.
2251 1444 2459 1501 Deinde
2488 1445 2557 1501 R.
2589 1446 2806 1507 Addam
2842 1448 2892 1511 ei
2936 1446 3179 1503 concilio
3214 1446 3541 1503 interfuisse

1947 1541 2125 1607 putat,
2158 1540 2213 1589 et
2238 1533 2591 1602 repudianda:
2628 1532 2921 1607 Calippicae
2969 1534 3205 1605 periodi,
3236 1550 3303 1594 ac
3336 1550 3527 1591 recen-

1949 1624 2107 1681 tioris
2147 1625 2500 1685 instituenda:
2537 1634 2822 1683 auctorem
2866 1625 3063 1685 fuisse.
3094 1625 3179 1683 Ad
3229 1625 3347 1683 haec
3386 1625 3536 1698 ejus-

1949 1712 2073 1775 dem
2103 1711 2508 1773 Tiberiadensis
2552 1714 2817 1788 synedrii,
2878 1725 2935 1773 et
2979 1715 3049 1771 Β.
3084 1715 3254 1774 Addas
3310 1715 3534 1775 decreto

1952 1807 2274 1867 translatam
2311 1822 2435 1864 esse
2474 1808 2604 1864 anni
2641 1809 2907 1879 epocham
2939 1825 2972 1865 a
3003 1824 3078 1865 ru
3124 1807 3248 1867 Oct.
3295 1809 3364 1867 ad
3406 1824 3535 1866 sxw

258 1883 393 1975 anui
424 1881 721 1959 dispositio
743 1886 887 1962 apud
922 1885 1147 1945 Judaeos
1194 1889 1694 1964 Syromacedonica
1730 1890 1847 1948 sive
1880 1870 1923 1939 Β
1952 1898 2125 1970 Βρεμι,
2141 1916 2267 1956 cum
2300 1908 2377 1957 tot
2410 1901 2541 1957 anni
2573 1870 2859 1959 constituti
2911 1908 3120 1969 essent,
3154 1911 3289 1975 quot
3338 1903 3403 1960 ad
3434 1917 3538 1957 xm

255 1974 539 2047 Calippica
573 1976 695 2045 fuit,
728 1978 887 2052 cujus
913 1980 1128 2036 initium
1166 1983 1234 2037 ab
1262 1981 1514 2040 Octobris
1554 2000 1654 2047 vn.

338 2064 543 2123 Verum
579 2083 703 2131 cum
738 2069 925 2142 cyclus
951 2072 1265 2144 Ca’ippicus
1318 2073 1529 2139 lunaris
1576 2077 1719 2139 idem
1762 2083 1851 2135 est

222 2159 227 2164 ’
259 2172 389 2212 cum
427 2156 671 2227 Juliano,
698 2160 945 2216 lunarem
972 2160 1282 2233 Iudaicum,
1305 2180 1469 2237 quem
1495 2168 1844 2227 verissimum

259 2258 420 2328 putat
471 2248 733 2324 Scaliger,
767 2250 998 2309 excedat
1059 2255 1213 2313 horis
1259 2255 1314 2323 5,
1365 2271 1549 2333 scrup.
1604 2257 1851 2323 Judaicis

264 2338 414 2409 760;
449 2341 714 2413 quoniam
749 2344 885 2417 cycli
917 2342 1435 2405 decemnoveunalis
1465 2364 1729 2407 excessus
1765 2357 1850 2407 est

261 2432 388 2488 hor.
444 2433 496 2498 1,
531 2433 638 2491 485
667 2452 683 2507 ;
718 2444 843 2506 post
877 2436 1058 2509 cyclos
1086 2452 1218 2494 vero
1265 2437 1575 2513 Calippicos
1611 2456 1698 2511 Iv,
1750 2440 1848 2512 qui

260 2522 668 2596 llipparcheum
695 2542 862 2585 unum
889 2526 1119 2599 faciunt,
1147 2529 1212 2584 ad
1243 2529 1410 2587 horas
1432 2530 1524 2600 22,
1557 2530 1663 2586 880
1692 2549 1708 2601 ;
1742 2531 1850 2588 hoc

262 2625 354 2671 est
377 2615 491 2676 fere
512 2617 658 2672 diem
699 2616 938 2676 solidum
970 2633 1232 2678 excessus
1262 2619 1352 2675 ille
1389 2622 1708 2695 perveniat;
1754 2620 1852 2677 Ju-

260 2707 366 2767 daei
394 2708 655 2781 paulatim
696 2709 875 2765 labem
916 2710 1047 2773 anni
1083 2710 1170 2769 sui
1213 2712 1713 2788 deprehenderunt.
1759 2714 1855 2770 Et-

264 2800 417 2855 enim
454 2798 789 2871 Calippicam
824 2801 985 2856 istam
1030 2799 1265 2858 formam
1293 2801 1363 2859 ad
1407 2819 1610 2860 annum
1638 2805 1854 2864 Christi

268 2891 379 2951 '5“
407 2892 748 2949 retinuerunt
773 2934 789 2961 ,
826 2901 884 2947 ut
914 2892 1009 2947 lib.
1042 2909 1078 2947 ιι
1115 2892 1187 2948 De
1217 2894 1422 2953 emend.
1449 2897 1713 2969 scriptum
1746 2906 1850 2955 est.

267 2982 429 3041 Circa
472 2984 617 3040 hunc
643 2999 845 3040 annum
875 3000 1007 3041 vero
1039 2984 1188 3040 bidui
1232 2987 1425 3042 vitium
1457 2988 1856 3045 animadverte-

263 3083 440 3144 runt;
477 3091 603 3131 eum
639 3076 752 3146 jam
790 3076 859 3132 ab
895 3077 1051 3134 initio
1089 3076 1500 3136 Seleucidarum
1531 3097 1711 3140 annus
1749 3081 1855 3138 656

261 3162 565 3234 laberetur,
598 3166 692 3238 qui
717 3176 802 3225 est
821 3183 986 3225 xum
1013 3177 1138 3237 post
1178 3167 1550 3244 iiipparcheas
1591 3173 1851 3244 periodos

261 3257 427 3319 duas.
459 3258 645 3330 Itaque
677 3274 800 3313 cum
838 3257 982 3317 Tisri
1013 3256 1079 3313 Ju
1105 3259 1326 3314 iecorum
1361 3261 1738 3318 Alexandreus
1770 3277 1852 3319 es—

268 3359 359 3411 set
391 3352 442 3405 in
470 3368 599 3407 xxv:
634 3349 954 3422 Sept.,leri_a
988 3368 1066 3421 ιν,
1095 3369 1158 3409 οι
1186 3352 1512 3425 epilogismo
1561 3355 1852 3424 hodierno,

266 3444 386 3501 sive
412 3443 586 3498 lunari
608 3443 844 3521 ἀκριϐεῖ,
884 3445 1166 3503 character
1203 3453 1341 3509 erat,
1365 3446 1425 3510 Ξ,
1450 3445 1507 3510 4,
1540 3446 1672 3513 240,
1699 3447 1850 3521 Sept.

269 3552 403 3617 xxiv
431 3555 445 3591 :
488 3533 565 3589 En
592 3534 733 3595 labes
757 3535 924 3593 bidui.
951 3535 1206 3592 Nondum
1230 3539 1368 3594 enim
1393 3540 1652 3593 rationem
1675 3537 1857 3608 Calip-

268 3629 448 3698 picam
502 3628 565 3683 de
597 3628 714 3685 sede
745 3644 846 3682 sua
883 3627 1301 3683 sollicitaverant
1343 3627 1525 3685 λιιάωὶ
1547 3671 1565 3698 ,
1614 3631 1705 3694 sed
1735 3646 1854 3687 eam

266 3720 446 3775 adlmc
491 3718 804 3773 incolumem
851 3728 1209 3777 servaverant.
1260 3719 1398 3775 Sero
1431 3721 1595 3793 igitur
1634 3720 1852 3779 tandem

266 3825 459 3864 errore
495 3811 737 3880 cognito,
796 3809 1039 3864 adhibita
1085 3810 1141 3864 in
1190 3812 1456 3869 auxilium
1520 3813 1854 3884 astrologia,

267 3915 400 3954 cum
467 3914 671 3953 auunm
745 3900 1143 3967 instituerunt,
1197 3918 1308 3973 quo
1362 3913 1592 3962 utuntur
1670 3905 1850 3962 hodie.

268 3991 644 4059 Quamobrem
676 4009 740 4048 ex
774 3994 1032 4063 opinione
1056 3994 1318 4068 Scaligeri
1364 4013 1545 4053 annus
1575 3998 1664 4053 ille
1695 3996 1859 4070 Syro-

272 4086 691 4155 maeedonicus,
716 4094 771 4142 et
802 4088 1183 4147 Alexandreus
1204 4089 1515 4161 Calippicus
1539 4108 1649 4146 non
1678 4092 1855 4149 solum

268 4177 381 4234 sub
432 4177 610 4248 ipsum
663 4178 945 4237 Passionis
1010 4188 1246 4250 tempus,
1289 4197 1479 4240 verum
1536 4182 1702 4239 etiam
1763 4183 1855 4239 diu

271 4280 468 4343 postea
499 4271 639 4341 apud
665 4271 882 4326 Juda‘os
918 4273 1173 4329 obtinuit.
1219 4275 1324 4330 Sed
1368 4276 1559 4331 eodem
1607 4276 1660 4333 in
1692 4294 1860 4347 opere

276 4362 358 4416 De
385 4366 748 4423 emendatione
797 4367 1123 4423 sententiam
1166 4377 1360 4429 mutat,
1405 4384 1470 4423 ac
1522 4373 1857 4426 contrarium

273 4454 458 4520 docet,
485 4456 578 4510 lib.
618 4472 650 4511 ν
688 4455 707 4527 ζ
726 4472 781 4526 p.
816 4456 921 4513 5'59
945 4459 984 4530 ).
1020 4455 1240 4515 Judazos
1272 4459 1419 4515 enim
1453 4461 1653 4517 asserit
1681 4461 1862 4525 Calip-

1949 1990 2163 2047 dierum
2226 1992 2537 2063 προὴγησιν
2593 1990 2994 2067 requiruntur,
3054 1993 3319 2052 nimirum
3371 1994 3534 2053 4104,

1949 2080 2084 2151 Quae
2112 2081 2296 2139 omnia
2322 2081 2531 2143 claer
2550 2091 2634 2138 est
2667 2081 2854 2141 inania
2881 2094 2936 2138 et
2964 2085 3343 2146 commentitia
3381 2101 3537 2155 esse,

1950 2190 2053 2232 nec
2082 2174 2251 2233 ullius
2288 2174 2579 2244 scriptoris
2615 2173 2972 2243 auctoritate,
3006 2184 3104 2230 aut
3148 2176 3267 2232 ullo
3298 2177 3541 2247 antiqui-

1948 2267 2080 2329 tatis
2121 2264 2438 2325 testimonio
2464 2263 2673 2332 fulciri.
2708 2265 2818 2321 nisi
2866 2265 3147 2323 contraria
3181 2266 3351 2323 etiam
3388 2269 3541 2336 sibi,

1949 2374 2014 2416 ac
2046 2357 2200 2413 nullo
2240 2356 2406 2417 modo
2435 2366 2804 2417 consentanea
2858 2356 3140 2416 dicantur.
3188 2355 3336 2415 Nihil
3388 2360 3540 2415 enim

1950 2449 2093 2522 apud
2156 2448 2492 2520 Scaligerum
2544 2463 2670 2503 cum
2717 2447 2772 2505 in
2806 2447 2904 2505 lib.
2948 2447 3022 2503 De
3066 2449 3297 2517 emend,
3332 2457 3445 2507 tum
3483 2449 3544 2506 in

1951 2540 2102 2614 ἕως.
2135 2540 2440 2603 Canonibus
2477 2550 2586 2605 tam
2617 2541 2814 2603 crebro
2844 2541 3195 2601 decantatum
3226 2549 3335 2609 est,
3366 2559 3543 2619 quam

1952 2631 2220 2688 novitinm
2251 2632 2429 2698 illum,
2471 2638 2531 2688 ut
2572 2640 2756 2698 vocat,
2788 2630 3105 2690 Judtaorum
3139 2648 3373 2702 annum,
3420 2649 3545 2707 quo

1953 2724 2032 2778 uti
2064 2722 2339 2795 hodieque
2392 2722 2595 2787 solent,
2649 2736 2680 2777 a
2723 2719 2791 2777 Β.
2847 2720 3042 2781 Hillele
3092 2721 3254 2799 longe
3299 2732 3422 2794 post
3473 2724 3541 2779 Β.

1955 2813 2232 2871 Samuelis
2268 2824 2322 2871 et
2347 2814 2516 2870 Adda:
2549 2820 2799 2886 tempora
2826 2813 3198 2885 excogitatum
3231 2814 3421 2871 fuisse.
3463 2814 3547 2873 At:

1954 2923 2024 2963 ne
2059 2906 2383 2965 calumniari
2408 2904 2592 2962 sciens
2625 2905 2836 2970 videar,
2863 2920 2989 2960 cum
3022 2905 3110 2973 iis,
3145 2922 3268 2977 quae
3290 2906 3345 2963 in
3374 2921 3543 2977 opere

1955 2997 2051 3055 illo
2086 2998 2159 3054 De
2182 2999 2555 3054 emendatione
2586 2997 2834 3069 scripsit,
2867 2995 3169 3064 conferam,
3204 3014 3329 3069 quae
3358 2998 3412 3053 in
3446 3013 3547 3070 po.

1956 3099 2185 3157 stremo,
2208 3107 2370 3162 quem
2400 3105 2464 3145 ea
2498 3090 2566 3145 de
2599 3105 2659 3145 re
2693 3089 2905 3157 edidit,
2959 3091 3104 3145 libro
3140 3091 3358 3161 penitus
3400 3105 3429 3145 a
3483 3106 3551 3148 se

1955 3180 2172 3239 diversa
2203 3196 2268 3238 ac
2308 3180 2605 3251 pugnantia
2646 3180 2923 3249 leguntur.
2974 3179 3112 3237 Nam
3147 3180 3364 3254 Isagog.
3401 3180 3545 3239 ϐα».

1959 3271 2056 3328 lib.
2090 3287 2177 3338 ut,
2207 3287 2260 3343 p.
2294 3272 2422 3334 215,
2463 3268 2693 3342 Templa,
2715 3271 2910 3342 inquit,
2935 3271 3106 3327 adhuc
3132 3281 3326 3335 stante,
3352 3272 3544 3329 mensis

1961 3379 2101 3419 mere
2132 3363 2337 3417 lunaris
2366 3360 2659 3431 Hipparchi
2683 3363 2737 3418 in
2776 3379 2930 3419 usum
2959 3379 2993 3419 α
3042 3361 3251 3417 Judteis
3304 3369 3547 3429 receptus

1961 3467 2099 3515 erat.
2134 3456 2264 3511 Post
2285 3455 2547 3510 excidium
2567 3453 2770 3525 templi,
2798 3463 2855 3513 ut
2876 3463 3010 3512 esset
3041 3451 3273 3525 formula
3298 3452 3548 3523 quaedam

1961 3558 2210 3620 perpetua
2247 3550 2375 3604 anni
2403 3547 2597 3613 civilis,
2621 3564 2726 3619 quo
2752 3546 3001 3617 pleraque
3038 3546 3206 3601 euntis
3227 3544 3548 3601 Judworunt

1962 3640 2231 3711 διασπορὰ
2257 3650 2514 3706 uteretur,
2552 3638 2726 3710 primo
2774 3624 2958 3709 typum
2992 3636 3282 3708 publicavit
3329 3634 3547 3689 Smnnel

1962 3742 2303 3805 cognomento
2340 3729 2661 3793 Jarchinai,
2711 3730 2922 3783 circiter
2968 3743 3167 3785 «tinum
3214 3724 3414 3782 Christi
3440 3724 3547 3779 (ωδ

1963 3827 2082 3901 plus
2110 3828 2324 3879 minus;
2358 3831 2569 3895 quando
2603 3820 2813 3878 Iudaeis
2846 3821 3118 3893 praecepit,
3156 3818 3430 3885 utrrlicta
3460 3834 3547 3874 re—

1966 3918 2065 3971 teri
2109 3915 2376 3987 Tekuplta,
2428 3914 2485 3968 in
2524 3928 2598 3968 vn
2640 3912 2758 3969 Oct.
2809 3910 3108 3981 Telrupham
3141 3908 3406 3981 Sosigenis
3446 3905 3549 3960 Ju-

1965 4006 2169 4060 lianant
2220 4007 2276 4059 in
2329 4020 2456 4059 xxiv
2516 4002 2665 4073 Sept.
2724 4000 3187 4069 amplecterentur.
3230 3999 3348 4063 Ipse
3383 3999 3549 4053 etiam

1964 4100 2168 4170 primus
2217 4096 2533 4153 Judteorum
2588 4111 2655 4150 ea:
2716 4094 3027 4165 deﬁnitione
3090 4093 3283 4146 mensis
3345 4090 3548 4144 lunaris

1970 4188 2304 4258 Hipparchea
2330 4185 2669 4258 deprehendit
2698 4185 2983 4239 discrimen
3015 4181 3549 4235 enneadecaeteridos

1965 4279 2202 4334 Juliana'
2223 4287 2273 4331 et
2302 4277 2504 4331 lunaris
2526 4293 2635 4329 esse
2661 4275 2778 4331 ltor.
2814 4275 2867 4343 1,
2895 4273 3021 4328 485.
3054 4270 3248 4325 Postea
3303 4268 3428 4339 (lib.
3466 4286 3548 4337 tu,

1968 4392 2016 4429 c.
2045 4373 2173 4444 5,p.
2207 4371 2360 4443 210)
2400 4370 2469 4429 R.
2525 4369 2681 4425 Adda
2722 4369 2836 4423 Bar
2868 4367 3055 4422 Altaba
3102 4366 3182 4419 vir
3220 4364 3415 4419 sa'culo
3454 4379 3549 4427 suo

1967 4464 2278 4518 Juda'orum
2311 4462 2669 4527 doctissimus,
2706 4457 2991 4530 pensitatis
3035 4453 3331 4526 Hipparchi
3377 4453 3547 4507 ratio-

270 4552 401 4622 pica
428 4550 645 4621 periodo
675 4551 745 4605 ad
782 4560 1016 4623 tempora
1046 4569 1207 4627 usque
1244 4553 1558 4609 Diocletiani
1606 4555 1726 4623 plus
1761 4556 1864 4611 mi.
1894 4570 1938 4624 ι)
1970 4557 2142 4618 nibus,
2195 4569 2260 4607 ea:
2326 4553 2516 4624 quibus
2556 4549 3011 4606 enneadecaeteris
3063 4546 3205 4600 luna:
3251 4544 3425 4597 minor
3470 4550 3549 4597 est

275 4660 380 4698 nus
417 4660 539 4698 usos
567 4661 697 4698 esse.
734 4643 836 4700 Sed
866 4661 985 4699 cum
1036 4642 1326 4716 Calippica:
1379 4647 1664 4701 neomenia:
1703 4646 1863 4703 biduo

275 4753 432 4791 ceras
481 4737 787 4792 neomenias
848 4746 1217 4803 morarentur,
1265 4737 1569 4807 synedrium
1626 4738 1867 4794 Tiberia-

275 4829 440 4883 dense
470 4831 768 4884 convocatis
806 4830 991 4901 peritis
1018 4838 1361 4888 astronomia:
1389 4829 1684 4901 magistris,
1729 4830 1868 4884 inter

275 4938 435 4994 quos,
476 4930 532 4975 ut
562 4922 831 4987 existimo,
867 4921 1039 4976 Rabbi
1070 4921 1227 4976 Adda
1271 4921 1415 4991 fuit,
1452 4938 1553 4975 usu
1579 4920 1868 4992 Calippicat

276 5009 488 5080 periodi
516 5027 637 5064 cum
673 5020 916 5080 computo
954 5027 1214 5065 annorum
1237 5011 1531 5066 Alexandri
1564 5010 1726 5069 simul
1772 5010 1868 5065 ab-

275 5114 492 5175 rogato,
529 5122 717 5163 novam
743 5105 870 5159 anni
898 5106 1154 5162 rationem
1200 5107 1454 5172 instituit,
1487 5113 1544 5158 ut
1578 5105 1869 5163 neomenite

274 5211 393 5252 non
428 5213 520 5266 per
568 5197 838 5268 periodos,
900 5198 991 5251 sed
1041 5214 1134 5267 per
1182 5198 1355 5268 ipsum
1402 5206 1602 5251 motum
1639 5196 1870 5253 medium

277 5288 527 5343 lunarem
558 5299 895 5359 putarentur.
926 5288 1057 5344 Cum
1079 5289 1242 5362 igitur
1266 5291 1426 5354 diem,
1459 5288 1551 5342 ubi
1581 5297 1698 5342 erat
1721 5288 1869 5342 locus

279 5377 398 5433 diei
441 5378 827 5445 intercalandi,
853 5382 949 5433 hoc
985 5389 1063 5434 est
1110 5395 1180 5433 vn
1225 5377 1370 5443 Oct.,
1409 5387 1659 5449 putarent
1702 5379 1871 5449 fuisse

280 5472 520 5545 primum
547 5473 709 5537 diem,
741 5474 795 5528 in
827 5489 933 5544 qua
975 5472 1201 5526 mundus
1248 5472 1511 5535 conditus,
1562 5472 1684 5525 hinc
1720 5485 1871 5525 cont-

279 5573 475 5637 putum
504 5582 661 5622 suun:
695 5566 830 5621 inire
857 5565 1214 5621 decreverunt.
1246 5563 1312 5619 Et
1339 5565 1465 5635 quia
1494 5564 1606 5619 dies
1637 5567 1875 5637 a'quino-

282 5655 406 5719 ctii,
425 5665 475 5710 et
508 5657 626 5712 ideo
661 5656 916 5729 Teltuphte
958 5657 1286 5710 autumnalis
1318 5665 1435 5710 erat
1465 5661 1519 5709 in
1543 5671 1670 5710 xxiv
1700 5654 1871 5724 Sept.,

282 5741 699 5808 considerarunt
730 5750 784 5803 in
812 5759 936 5820 quot
966 5749 1121 5803 annis
1153 5747 1292 5803 Tisri
1339 5764 1370 5800 a
1405 5756 1584 5801 centro
1621 5745 1873 5801 Macedm

287 5842 435 5908 nico,
462 5840 517 5898 id
563 5851 641 5897 est
683 5858 717 5896 a
749 5857 820 5901 γη
875 5839 992 5896 Oct.
1037 5838 1105 5893 ad
1138 5854 1264 5897 xxtv
1300 5838 1440 5909 Sept.
1503 5839 1557 5893 in
1603 5838 1874 5892 anteriora

1967 4662 2076 4703 una
2097 4642 2591 4699 enneadecaeteride
2633 4640 2911 4711 Calippica
2935 4638 3051 4695 hor.
3088 4638 3140 4703 1,
3172 4634 3300 4698 185,
3335 4633 3430 4686 Itoc
3459 4647 3552 4689 ex-

1968 4757 2117 4796 cessu
2141 4740 2197 4793 in
2225 4737 2290 4792 19
2309 4735 2617 4801 distributo,
2651 4735 2859 4804 collegit
2888 4733 3003 4790 hor.
3031 4728 3092 4795 0,
3134 4718 3292 4796 827';-
3318 4724 3383 4778 de
3411 4740 3545 4793 qua-

1967 4830 2157 4883 drante
2184 4825 2427 4891 laniena,
2462 4824 2567 4878 sive
2604 4820 2880 4892 Calippico
2901 4814 3267 4873 deducendum
3310 4826 3461 4875 esse;
3491 4817 3551 4863 ut

1968 4922 2155 4977 modus
2196 4918 2323 4973 anni
2365 4917 2438 4975 sit,
2487 4916 2694 4974 dierum
2737 4911 2864 4976 365,
2908 4910 2963 4975 5,
2994 4909 3100 4967 997
3248 4909 3428 4975 Quare
3476 4903 3559 4959 Β..
3595 4985 3599 4989 Ἦ

1967 5010 2125 5063 Adda
2153 5005 2437 5061 lulianum
2468 5019 2690 5065 annuat,
2738 5010 2789 5056 et
2839 4997 3107 5054 Samuelis
3143 4998 3417 5068 Teltuphas
3465 5011 3564 5050 τοι
3594 5014 3600 5046 :

1961 5101 2140 5172 jeclt;
2187 5097 2328 5169 quod
2361 5095 2529 5150 eidem
2560 5092 2781 5147 Iuliano
2828 5092 2914 5145 die
2958 5100 3207 5161 perpetuo
3257 5091 3570 5146 harerentr

1970 5195 2083 5264 ipse
2112 5207 2232 5247 tero
2270 5205 2390 5243 cum
2432 5204 2631 5242 annum
2685 5186 2950 5259 tropicum
3006 5183 3404 5257 Hipparchum
3444 5181 3567 5237 suis

1974 5284 2318 5347 obtrusisset,
2343 5282 2395 5335 in
2423 5297 2525 5351 quo
2554 5287 2672 5350 post
2700 5276 2806 5332 504
2840 5293 3007 5331 annos
3036 5277 3167 5332 solis
3199 5293 3261 5331 ac
3300 5275 3442 5331 lunte
3469 5286 3554 5325 ra-

1975 5377 2141 5430 tiones
2168 5373 2239 5427 ad
2269 5372 2527 5427 amussim
2555 5369 2843 5441 quadrent,
2881 5385 2974 5424 nec
2996 5378 3077 5423 est
3108 5368 3206 5424 illa
3234 5365 3545 5441 προέμππω

1974 5486 2080 5532 atq,
2111 5475 2206 5521 aut
2241 5465 2648 5538 μετέμπτωσις,
2677 5460 2721 5517 Τ
2721 5460 2953 5531 ekuphas
2987 5460 3125 5519 alias
3154 5457 3406 5520 instituit,
3438 5466 3570 5524 qua:-

1974 5574 2096 5612 cum
2141 5556 2427 5612 noviluniis
2477 5554 2598 5625 pari
2634 5569 2854 5627 prorsus
2883 5551 3089 5605 ratione
3111 5565 3143 5607 a
3165 5544 3379 5601 Iuliani
3425 5542 3571 5599 ante}:

1973 5650 2170 5722 epocha
2201 5645 2604 5727 retrocedere)”.

2046 5740 2218 5795 Orsus
2254 5747 2339 5794 est
2364 5720 2549 5794 autem
2599 5752 2629 5791 a
2670 5733 2931 5805 Tekupha
2971 5728 3177 5795 Nisan,
3213 5741 3319 5782 non
3363 5732 3427 5779 ut
3454 5720 3565 5779 εδ.

1978 5832 2143 5901 muel,
2192 5848 2224 5890 a
2272 5831 2535 5906 Tckupha
2577 5827 2721 5893 τίδτὶ
2751 5844 2764 5880 :
2796 5826 3148 5901 priamoque
3193 5818 3359 5877 Nisau
3401 5814 3456 5879 la
3490 5828 3567 5871 ea
