4064 6406
598 416 703 475 9'55

1705 412 2050 471 APPENDIX
2094 413 2726 477 nisscnrartonuu.
3737 404 3816 483 esi

597 543 759 588 nocte
791 531 1099 598 collocavit,
1132 546 1253 601 qua:
1279 540 1467 587 secuta
1504 539 1589 586 est
1618 529 1745 584 Kal.
1782 528 2073 600 Apr.,feria
2102 545 2131 581 v
2165 544 2178 581 :

2296 530 2399 585 ista
2451 530 2679 602 periodo
2723 530 2791 587 ad
2853 532 3165 603 προήγησιν
3206 531 3528 604 σεληνιακήν
3570 533 3817 604 adipiscen-

595 624 757 695 cujus
791 624 1075 680 character
1114 623 1170 687 5,
1203 623 1257 690 1,
1294 622 1584 678 770,anno
1636 621 1883 676 hodierni
1929 620 2187 691 Gallipoli

595 719 738 774 4017
776 720 851 791 (ρ.
888 720 1041 784 216),
1076 727 1131 773 et
1173 718 1243 773 ab
1269 733 1333 773 eo
1366 717 1602 773 deducto
1633 717 1952 772 charactere
1977 731 2050 770 vn
2090 729 2191 769 an-

598 826 821 880 norum,
847 812 1098 868 videlicet
1123 811 1177 876 5,
1216 811 1304 877 15,
1330 809 1454 878 158,
1485 809 1841 879 deprehendit
1863 806 2030 862 Nisan
2059 807 2187 862 anni

598 907 845 964 hodierni
875 905 1135 977 Computi
1170 904 1334 970 4010,
1367 919 1563 974 nempe
1596 902 1650 966 6,
1689 903 1779 967 10,
1812 902 1918 958 620
1949 902 2057 959 :de
2078 917 2190 971 quo

598 995 645 1051 si
704 996 1011 1052 deducatur
1058 997 1345 1049 character
1391 1010 1468 1049 vn
1520 993 1817 1057 mensium,
1888 992 2191 1047 remanebit

597 1082 742 1142 τῖετί
771 1085 1019 1156 ejusdem
1051 1087 1179 1141 anui
1213 1087 1267 1153 2,
1293 1086 1379 1149 17,
1412 1085 1538 1141 409.
1573 1085 1721 1156 Cycli
1748 1085 1845 1138 211
1872 1084 1985 1153 jam
2017 1084 2190 1154 elapsi

598 1187 778 1235 erant.
808 1192 1044 1247 quorum
1072 1177 1359 1232 character
1387 1177 1442 1241 7,
1474 1176 1561 1239 12,
1599 1174 1728 1242 265,
1761 1175 1829 1229 de
1853 1174 1909 1241 2,
1958 1175 2045 1241 17,
2085 1174 2192 1229 469

599 1269 865 1325 deductus
904 1268 1160 1340 relinquit
1195 1268 1430 1339 primum
1460 1266 1601 1323 Tisri
1626 1269 1684 1332 2,
1726 1268 1778 1333 5,
1810 1267 1939 1321 204.

671 1358 955 1414 Postremo
1010 1361 1103 1431 (p.
1159 1361 1307 1432 215)
1362 1358 1431 1416 11.
1507 1359 1666 1415 Hillel
1724 1359 1979 1430 princeps
2045 1368 2199 1411 anno‘

600 1450 806 1506 Christi
837 1450 977 1515 541,
1015 1451 1175 1507 annis
1220 1466 1351 1506 xcut
1394 1453 1462 1507 ab
1490 1451 1643 1507 obitu
1680 1450 1956 1506 Samuelis
1983 1457 2194 1505 utram-

598 1554 709 1610 que
739 1538 1033 1595 factionem
1066 1540 1361 1597 conciliare
1394 1541 1642 1609 studens,
1666 1551 1724 1597 ut
1745 1555 1986 1597 veterem
2020 1540 2192 1598 Hosis

598 1632 884 1702 epocham,
920 1648 1044 1703 quae
1076 1641 1163 1688 est
1195 1650 1271 1689 vn
1300 1632 1547 1702 Octobr.,
1565 1644 1619 1690 et
1652 1650 1853 1690 novam
1886 1634 2189 1707 Sosigenis,

597 1740 723 1794 quae
768 1732 853 1781 est
907 1740 1035 1781 xxiv
1097 1724 1249 1796 Sept.
1308 1727 1796 1797 complecteretur,
1858 1729 2003 1800 quod
2058 1727 2190 1783 anni

597 1825 908 1886 congruunt
948 1817 1142 1872 diebus
1169 1833 1267 1873 xui
1302 1820 1662 1890 προηγήσεως
1696 1820 2057 1894 σεληνιακῆς,
2093 1823 2187 1893 qui

2293 621 2444 688 dam,
2506 638 2574 678 ne
2628 622 2859 679 verbum
2908 622 3152 694 quidem.
3201 620 3411 678 Viderit
3456 636 3578 692 ergo
3623 621 3819 695 Scaliger

2294 714 2440 770 unde
2460 714 2610 769 illam
2638 715 3074 787 exprompserit;
3134 728 3312 784 neque
3339 714 3482 769 enim
3506 713 3707 769 fundum
3728 716 3820 787 ejus

2293 816 2350 863 et
2385 817 2673 865 auctorem
2710 807 2923 880 profert
2956 808 3165 874 ullum;
3210 807 3369 879 quasi
3412 807 3642 863 divinare
3667 823 3722 866 ac
3744 810 3822 864 lin-

2293 914 2443 971 gere,
2472 900 2522 954 id
2554 900 2773 956 demum
2808 902 2883 956 sit
2908 901 3218 965 emendare,
3252 908 3418 970 atque
3445 900 3682 956 ordinare
3715 911 3821 955 tem-

2295 1006 2452 1059 pora.
2492 991 2820 1061 Quanquam
2869 1009 2995 1064 quae
3023 1004 3106 1048 ρει
3135 993 3352 1047 tandem
3402 991 3501 1047 ista
3529 991 3822 1047 conciliatio?

2296 1082 2557 1154 Tekupha
2590 1084 2865 1142 Samuelis
2909 1083 3244 1140 autumnalis
3271 1099 3416 1139 anno
3438 1083 3629 1138 Christi
3656 1084 3824 1139 5441ιι-

2294 1175 2425 1232 cidit
2468 1177 2524 1231 in
2558 1177 2709 1248 Sept.
2744 1194 2882 1233 xxut
2909 1217 2925 1243 ,
2963 1176 3083 1231 hor.
3118 1176 3209 1241 15,
3241 1192 3273 1231 a
3313 1176 3556 1241 meridie,
3581 1176 3729 1234 sive9
3755 1194 3822 1233 no-

2293 1271 2504 1327 cturnis
2532 1289 2547 1326 :
2573 1270 2797 1341 politice
2824 1286 2954 1327 vero
2985 1269 3136 1340 Sept.
3167 1285 3316 1334 xxiv,
3348 1269 3482 1340 eycii
3513 1271 3821 1339 praeterieram

2293 1359 2824 1417 decenm‘ovennales
2876 1375 3033 1415 ccxvr
3070 1375 3084 1411 :
3136 1358 3340 1430 quibus
3386 1358 3675 1430 προήγησις
3718 1357 3822 1415 facta

2292 1452 2507 1509 dierum
2556 1452 2657 1517 15,
2702 1452 2826 1507 hor.
2882 1452 2935 1509 1.
2988 1448 3157 1520 Igitur
3212 1448 3476 1520 Tekupha
3516 1464 3651 1506 anno
3689 1451 3822 1521 primo

2291 1543 2549 1615 Computi
2581 1544 2727 1601 cadit
2754 1545 2810 1599 in
2845 1542 3070 1602 Octobr.
3106 1559 3203 1610 vu,
3238 1542 3362 1598 hor.
3389 1541 3479 1607 10,
3508 1542 3574 1598 ab
3598 1542 3732 1599 initio
3754 1558 3827 1598 no-

2292 1637 2418 1693 ctis.
2457 1636 2562 1691 Sed
2595 1635 2729 1692 hora
2762 1651 2871 1691 una
2902 1634 3227 1707 negligatur.
3257 1631 3398 1699 Quid
3426 1632 3531 1687 hoc
3553 1633 3614 1686 ad
3647 1630 3827 1686 Samue-

2292 1730 2362 1786 lis
2389 1727 2755 1797 Tckupham?
2784 1726 2922 1783 Nam
2954 1727 3023 1783 ad
3058 1726 3469 1781 noviluuiorum
3504 1724 3703 1795 quidem
3726 1739 3827 1795 προ-

2294 1821 2499 1895 ήγησιν
2530 1819 2970 1890 investigandam
2999 1858 3015 1884 ,
3051 1817 3310 1889 quoniam
3338 1815 3615 1872 Iudaicam
3655 1812 3827 1869 hodier-

601 1907 744 1963 inter
780 1923 911 1963 xxiv
939 1908 1091 1980 Sept.
1132 1918 1189 1965 et
1217 1926 1289 1965 vn
1335 1909 1557 1966 Octobr.
1608 1913 1876 1983 interjecti
1908 1922 2037 1970 sunt
2061 1957 2076 1982 ,
2114 1925 2194 1972 tot
2223 1913 2268 1968 Β
2299 1929 2423 1969 nam
2455 1922 2543 1979 et,
2600 1921 2659 1968 ut
2686 1920 2841 1983 putat
2869 1909 3135 1981 Scaliger,
3177 1908 3574 1979 ilippareheam
3603 1906 3715 1961 anni
3742 1904 3829 1960 for-

600 2014 778 2055 annos
814 2001 885 2056 ab
912 2002 1070 2059 initio
1112 2003 1370 2073 Computi
1423 2005 1508 2061 sui
1545 2006 1613 2060 ad
1652 2005 1783 2062 illud
1838 2017 2055 2078 tempus
2084 2027 2189 2066 nu-

600 2093 853 2157 meravit,
887 2109 1084 2166 nempe
1105 2094 1272 2163 4104,
1295 2108 1353 2151 ιιι
1382 2097 1436 2152 in
1468 2097 1564 2154 lib.
1603 2114 1641 2154 ll
1673 2097 1753 2153 De
1775 2101 1983 2156 euiend.
2015 2100 2192 2158 fusius

595 2186 912 2256 exponitur,
959 2187 1051 2243 ubi
1095 2187 1171 2243 ita
1221 2167 1497 2258 proditum
1541 2199 1625 2246 est
1651 2208 1664 2245 :
1694 2189 2001 2248 lustitutam
2044 2195 2192 2251 circa

597 2294 805 2334 annum
840 2279 947 2335 544
972 2280 1255 2350 periodum
1286 2298 1557 2340 annorum
1590 2284 1752 2349 6916,
1783 2286 1963 2343 ductis
1999 2303 2098 2342 xm
2136 2289 2193 2342 in

596 2370 780 2442 eyelos
839 2372 974 2428 solis
1021 2388 1089 2429 ac
1138 2373 1302 2429 lunae.
1365 2374 1541 2445 Cujus
1583 2377 1792 2447 periodi
1837 2394 2019 2435 annus
2049 2377 2192 2434 4105

598 2464 703 2519 init
728 2476 876 2521 anno
902 2464 1109 2522 Christi
1153 2467 1291 2535 544,
1338 2470 1493 2541 cyclo
1525 2470 1669 2526 lunae
1713 2469 1943 2527 Judaico
1984 2488 2037 2538 ι,
2086 2460 2195 2528 lto?

596 2570 763 2613 mano
803 2572 902 2621 ιιι,
947 2558 1080 2615 solis
1109 2575 1221 2616 xvu
1250 2575 1265 2613 :
1300 2577 1412 2631 quo
1447 2561 1667 2634 quidem
1711 2578 1984 2618 annorum
2014 2563 2193 2634 spatio

597 2650 907 2721 προήγησις
947 2651 1159 2707 lunaris
1203 2651 1347 2707 facta
1380 2662 1465 2709 est
1499 2651 1713 2710 dierum
1753 2670 1887 2722 xm,
1935 2655 2058 2712 hor.
2113 2658 2136 2710 1
2175 2676 2188 2711 :

597 2756 720 2813 qua:
745 2743 812 2798 de
845 2758 1032 2798 xsxvn
1062 2744 1291 2810 diebus,
1325 2745 1420 2816 qui
1461 2761 1493 2801 a
1541 2747 1770 2803 Kalend.
1822 2751 1972 2817 Sept.
2018 2750 2193 2806 ﬂuxe-

599 2841 749 2900 runt,
795 2834 1062 2899 detracta,
1116 2837 1433 2906 relinquunt
1457 2837 1576 2895 dies
1613 2856 1765 2895 xxw.
1804 2839 2010 2896 Eodem
2047 2858 2193 2898 anno

597 2924 886 2981 character
944 2925 1087 2983 Tisri
1158 2943 1190 2983 a
1258 2929 1484 2986 mmidie
1541 2947 1679 2986 χχιιι
1745 2932 1897 3004 Sept.
1965 2935 2194 3004 contigit

601 3015 720 3070 hor.
758 3017 844 3084 10,
873 3017 1002 3084 204,
1032 3019 1147 3077 sive
1170 3017 1400 3077 Judaice
1428 3025 1497 3077 ab
1539 3023 1696 3079 initio
1743 3025 1918 3081 noctis
1965 3026 2086 3081 hor.
2133 3028 2190 3094 4,

597 3107 724 3176 204,
756 3111 889 3166 feria
918 3128 975 3166 ιι.
1010 3111 1228 3169 Primus
1255 3123 1435 3169 autem
1459 3116 1594 3188 cyeli
1620 3132 1798 3173 annus
1847 3120 2192 3175 neomeniam

599 3198 742 3255 Tisri
794 3202 985 3258 habuit
1032 3218 1063 3258 a
1108 3204 1335 3259 meridie
1368 3220 1420 3260 vt
1466 3203 1873 3279 Octobr.,bora
1922 3209 2008 3273 11,
2058 3210 2186 3273 204,

598 3294 714 3347 sive
739 3284 964 3349 iudaice
1004 3294 1059 3361 5,
1089 3295 1214 3359 204,
1268 3295 1402 3350 feria
1437 3312 1494 3360 ιι,
1533 3313 1679 3353 anno
1718 3300 1924 3368 periodi
1959 3299 2192 3358 Julianze

597 3382 705 3438 955
734 3400 747 3436 :
776 3384 914 3439 adeo
964 3396 1021 3440 ut
1051 3385 1336 3442 character
1368 3386 1511 3444 Tisri
1546 3389 1619 3445 sit
1662 3389 1731 3455 2,
1765 3390 1833 3455 5,
1884 3392 1992 3449 204
2020 3409 2034 3446 :
2072 3409 2196 3464 qua:

598 3471 753 3527 radix
800 3482 884 3529 est
925 3474 1337 3531 neomeniarum
1389 3478 1635 3533 onmium
1675 3476 2053 3547 Judaicarum,
2090 3482 2197 3539 'l‘e-

595 3564 780 3639 ltupha
816 3583 945 3626 vero
979 3569 1114 3626 hora
1143 3585 1201 3625 rx
1252 3581 1522 3629 nocturna
1553 3573 1690 3641 fuit,
1722 3574 1826 3630 hoc
1850 3584 1934 3632 est
1968 3576 2022 3643 7,
2055 3577 2112 3645 9,
2137 3580 2193 3636 0.

634 3703 922 3775 Befellitur
945 3704 1313 3779 Scaligeriana
1344 3709 1593 3765 doctrina
1638 3712 1705 3767 de
1726 3728 1868 3768 anno
1901 3713 2156 3772 Judaico.

672 3838 799 3896 llaec
826 3849 911 3895 est
942 3838 1328 3912 Scaligerianaa
1361 3845 1623 3901 doctrinae
1647 3862 1886 3912 summa,
1916 3867 2035 3921 quze
2079 3867 2195 3908 me-

604 3932 680 3987 ris
709 3932 1043 4002 cnnjecturis
1074 3949 1139 3989 ac
1173 3936 1405 3991 somniis
1444 3937 1644 3994 referta
1675 3956 1860 3996 secmn
1906 3943 2022 4013 ipsa
2058 3962 2195 4001 cono

603 4023 780 4079 eiliari
810 4039 917 4080 non
951 4033 1147 4094 potest.
1178 4027 1357 4097 Atque
1387 4037 1446 4082 ut
1473 4029 1651 4099 primo
1685 4030 1805 4087 loco
1833 4033 1963 4088 illud
1991 4052 2196 4106 expen-

602 4117 828 4183 damus,
857 4119 1005 4187 qqu
1036 4135 1104 4175 ex
1140 4118 1292 4191 Isag.
1321 4138 1514 4177 canon.
1547 4123 1770 4179 allatum
1799 4136 1884 4181 est
1917 4143 1928 4178 :
1968 4129 2013 4183 si
2061 4140 2199 4185 tem-

603 4209 693 4279 plo
722 4209 902 4265 adhuc
931 4221 1129 4278 stante,
1164 4210 1504 4283 Hipparchea
1541 4217 1668 4270 anui
1727 4215 1902 4273 forma
1934 4237 1963 4274 a
1992 4220 2197 4279 ludatis

601 4302 843 4359 admissa
872 4315 977 4372 est,
1007 4323 1171 4377 supra
1212 4323 1375 4379 quam
1427 4309 1705 4380 Calippica
1746 4312 2003 4381 periodus
2035 4316 2197 4373 annis

603 4398 766 4453 um
788 4412 1077 4454 excessum
1102 4400 1311 4473 colligit
1358 4403 1476 4457 hor.
1505 4404 1560 4471 5,
1601 4404 1723 4467 760,
1762 4407 1813 4461 id
1846 4415 1928 4461 (3:1.
1963 4408 2195 4479 singulis

601 4490 1251 4558 cnm-adeeaeteridibus,
1304 4492 1427 4548 hor.
1494 4495 1559 4562 1,
1602 4497 1743 4563 485,
1777 4507 1832 4554 et
1878 4512 1999 4569 pOst
2041 4517 2197 4557 cccw

2217 3252 2267 3315 C

2294 2023 2441 2062 mam
2493 2006 2716 2062 Samuel
2749 2004 3039 2071 adhibuit,
3079 2003 3352 2073 pertinere
3383 2001 3489 2056 ista
3518 2006 3752 2071 possunt,
3778 1996 3831 2051 ad

2295 2092 2588 2163 Teliuphas
2622 2109 2751 2149 vero
2788 2091 3063 2148 Samuelis
3093 2091 3434 2164 indagandas
3485 2088 3615 2144 nihil
3647 2087 3831 2144 omnino

2296 2186 2623 2253 conferunt;
2677 2202 2803 2243 cum
2837 2186 2885 2242 is
2940 2183 3224 2241 lulianum
3274 2199 3481 2239 annum
3529 2181 3833 2250 Julianasque

2296 2277 2589 2351 Tekuphas
2618 2278 2905 2351 amplexus
2938 2278 3043 2346 sit,
3089 2292 3211 2345 qua:
3265 2277 3474 2331 nullam
3510 2275 3697 2330 habent
3726 2289 3831 2343 προ-

2295 2371 2516 2444 ἠγησιν.
2545 2369 2666 2426 Νοιι
2706 2380 2886 2443 potest
2916 2371 3100 2441 itaque
3131 2368 3226 2423 ulli
3257 2368 3420 2423 alteri
3448 2366 3708 2437 'Iekupha:
3731 2381 3833 2422 con-

2295 2467 2483 2521 venire
2516 2466 2777 2537 periodus
2812 2478 2877 2520 ac
2909 2463 3200 2520 methodus
3227 2461 3341 2529 illa,
3371 2476 3539 2531 quam
3564 2459 3628 2514 11.
3664 2458 3830 2524 Addat;

2294 2558 2410 2615 sive
2441 2560 2563 2630 ejus
2594 2559 2724 2615 anni
2754 2557 2963 2625 formae,
2993 2573 3116 2628 qua:
3143 2573 3329 2628 parem
3354 2556 3556 2613 sideris
3596 2555 3834 2625 utriusque

2295 2653 2606 2723 προήγησιν
2636 2651 2886 2724 agnoscit
2917 2666 2931 2703 :
2971 2651 3036 2706 ad
3069 2648 3338 2705 Julianam
3388 2648 3658 2720 fixamque
3690 2646 3833 2701 Tilm-

2296 2743 2460 2814 pham
2513 2743 2673 2814 plane
2719 2753 2803 2800 est
2834 2743 3065 2800 inutilis.
3112 2741 3220 2798 Sed
3275 2758 3457 2814 neque
3493 2742 3559 2797 ad
3608 2740 3646 2795 Β
3711 2739 3835 2798 Adde

2295 2835 2589 2905 Tckuphas
2616 2833 2807 2889 eadem
2841 2834 2931 2888 illa
2964 2833 3224 2905 periodus
3254 2831 3444 2886 utilior
3471 2841 3554 2888 est
3577 2830 3685 2901 (lib.
3714 2844 3757 2881 Iv
3780 2826 3832 2879 0c

2294 2924 2526 2994 emend.,
2558 2941 2612 2997 p.
2643 2924 2795 2996 261).
2842 2922 3104 2996 Tckupha
3133 2922 3308 2994 prima
3340 2922 3404 2977 R.
3443 2922 3611 2979 Addze
3641 2918 3833 2977 vernalis

2297 3019 2443 3075 cadit
2467 3018 2521 3073 in
2544 3034 2666 3074 eam
2697 3026 2934 3084 noctem,
2964 3033 3087 3087 qua:
3107 3026 3291 3072 secuta
3319 3025 3404 3071 est
3433 3014 3554 3071 Kal.
3587 3015 3702 3086 Apr.
3721 3026 3834 3067 anno

2297 3111 2473 3182 primo
2503 3109 2712 3182 periodi
2742 3109 3000 3176 Iudaica,
3033 3106 3263 3163 Iuliana:
3296 3124 3425 3162 vero
3456 3108 3582 3170 954,
3607 3106 3743 3179 cyclo
3766 3119 3835 3159 suo

2298 3202 2366 3257 lis
2402 3202 2461 3268 2,
2516 3201 2662 3258 luna:
2712 3202 2783 3271 4;
2840 3200 3102 3272 Tekupha
3146 3200 3452 3257 solstitialis
3499 3199 3623 3255 Julii
3669 3198 3718 3265 2,
3760 3211 3834 3251 τιυ-

2301 3295 2562 3350 tumnalis
2591 3294 2718 3349 Kal.
2747 3294 2869 3349 Oct.
2904 3292 3178 3347 Brumalis
3201 3293 3263 3346 51
3301 3293 3520 3348 Decem.
3574 3289 3730 3346 Porro
3759 3288 3836 3343 Τε-

2297 3386 2496 3458 Ιίιιριιω
2529 3386 2868 3442 autumnalis
2892 3386 3179 3441 character
3214 3385 3336 3450 fuit,
3369 3394 3429 3440 ut
3457 3384 3719 3455 Scaligcro
3744 3379 3833 3451 pla-

2297 3488 2402 3545 cet,
2428 3480 2483 3546 5,
2513 3477 2568 3545 9,
2594 3480 2684 3544 41,
2717 3478 2784 3533 14
2813 3479 2944 3549 ipsis
2969 3477 3088 3533 Kal.
3120 3475 3265 3543 Oct.,
3292 3478 3396 3534 hoc
3422 3486 3511 3533 est
3543 3477 3685 3532 horis
3707 3474 3735 3530 9
3765 3486 3837 3527 non

2297 3573 2505 3628 cturnis
2532 3580 2656 3643 post
2682 3588 2791 3626 xxx
2821 3570 2970 3642 Sept.
3006 3571 3148 3626 diem
3195 3569 3330 3626 feria
3360 3570 3413 3634 5,
3453 3571 3606 3640 cyclo
3646 3567 3758 3624 solis
3798 3565 3833 3628 1,

2297 3664 2377 3720 lit.
2410 3663 2740 3728 F.Vernalis
2773 3662 3048 3733 Tckuphae
3076 3667 3360 3719 character
3391 3673 3480 3719 est
3524 3662 3577 3729 4,
3618 3660 3669 3727 0,
3690 3658 3735 3725 0,
3761 3655 3836 3710 mi-

2299 3758 2375 3812 tio
2410 3757 2625 3823 noctis,
2675 3774 2799 3830 qua:
2843 3765 3031 3813 secuta
3076 3765 3161 3812 est
3214 3768 3339 3828 post
3390 3756 3668 3811 meridiem
3713 3747 3836 3823 primi

2297 3849 2504 3921 Aprilis
2533 3848 2661 3905 diei.
2693 3850 2777 3906 Ab
2815 3849 2921 3906 hoc
2964 3865 3109 3904 anno
3141 3849 3208 3903 ad
3237 3846 3443 3904 Christi
3472 3848 3597 3913 544,
3630 3846 3731 3902 sive
3763 3840 3836 3896 ,1η-

2296 3942 2515 3997 daicum
2553 3940 2718 4005 4105,
2752 3942 2921 4011 cyclis
2965 3938 3072 3994 216
3114 3940 3336 4010 elapsis,
3385 3940 3687 4012 προήγηςις
3729 3933 3837 3987 facta

2297 4044 2382 4091 est
2413 4034 2625 4090 dierum
2654 4049 2774 4098 xm,
2808 4035 2955 4088 horto
2980 4034 3026 4087 1.
3053 4029 3237 4099 Quare
3263 4033 3602 4088 autumnalis
3626 4025 3837 4097 'l‘ckupha

2297 4126 2366 4182 Ii.
2397 4128 2566 4183 Adda:
2613 4128 2814 4183 incidet
2841 4127 2893 4181 in
2927 4142 3059 4181 xvtn
3095 4125 3270 4196 Sept.,
3308 4127 3551 4181 vernalis
3585 4126 3633 4179 in
3672 4136 3749 4177 xu
3777 4115 3838 4171 vel

2298 4211 2368 4276 x'x
2402 4219 2604 4276 Martii.
2636 4219 2777 4288 Quid
2816 4219 2981 4291 igitur
3029 4219 3096 4274 ad
3134 4217 3457 4290 Tckupham
3495 4218 3560 4274 R.
3593 4215 3741 4272 Adda:
3771 4228 3839 4284 pc.

2300 4314 2490 4370 riodus
2529 4315 2635 4368 ista
2666 4311 3039 4383 confert.quae
3064 4311 3133 4367 ab
3155 4310 3351 4367 Octob.
3382 4327 3461 4366 vit
3496 4312 3560 4367 ad
3586 4309 3721 4380 Sept.
3744 4316 3841 4359 sxw

2298 4406 2720 4479 praecessionem
2754 4406 2954 4461 habet?
3000 4403 3069 4460 Ut
3094 4406 3241 4460 enim
3280 4403 3564 4477 Tckuphis
3605 4402 3667 4457 li.
3710 4398 3841 4455 Adda:

2298 4500 2507 4556 servire
2561 4498 2762 4570 possit,
2814 4497 3020 4570 periodi
3051 4496 3268 4552 initium
3304 4514 3414 4553 non
3448 4500 3517 4553 ab
3562 4495 3736 4552 Octob.
3764 4506 3838 4553 vn,

603 4595 780 4634 annos
810 4598 977 4637 unum
1012 4583 1125 4640 fere
1150 4584 1580 4656 diem,profeeto
1608 4605 1783 4661 neque
1814 4591 2089 4664 Calippica
2142 4606 2196 4650 et
2224 4614 2277 4676 ι)
2302 4593 2396 4649 sed
2428 4591 2498 4648 ab
2530 4592 2653 4663 ejus
2691 4591 2950 4647 Kalendis
2982 4592 3369 4646 arcessendum
3402 4588 3589 4645 fuerit.
3623 4588 3839 4643 Prazterea

603 4670 943 4728 Alexandrea
984 4676 1240 4744 periodus
1277 4678 1343 4732 ad
1397 4695 1603 4736 ammm
1637 4698 1813 4754 usque
1842 4685 2042 4740 Christi
2076 4688 2198 4757 plus
2224 4670 2265 4676 ⁷
2304 4684 2503 4739 veteris
2550 4684 2682 4739 anni
2723 4682 2936 4739 Judaici
2988 4684 3314 4754 principium
3347 4684 3521 4754 gratis
3548 4698 3577 4737 a
3611 4679 3838 4748 Scaligcro

603 4768 788 4823 minus
832 4767 938 4822 544
979 4780 1189 4826 retenta
1236 4779 1356 4836 est,
1405 4789 1582 4843 neque
1623 4773 1850 4831 biduum
1886 4779 2017 4833 illud
2063 4797 2199 4853 προ-

604 4860 858 4931 ηγὴσεως
890 4861 1217 4929 intervenit,
1247 4863 1670 4936 inducendaque
1700 4870 1884 4924 omnia
1918 4870 2018 4925 ista
2044 4882 2194 4940 sunt,

603 4968 727 5021 quze
771 4953 825 5007 in
880 4954 1035 5009 libris
1084 4954 1163 5009 De
1202 4957 1406 5012 emend.
1456 4958 1662 5028 passim
1712 4958 2094 5029 inculcantur;
2143 4964 2196 5017 in

603 5043 907 5114 primisque
939 5049 1263 5118 scrupulosa
1294 5049 1384 5105 illa
1414 5059 1468 5105 et
1494 5050 1656 5106 anxia
1690 5069 1717 5102 ν
1744 5051 2098 5120 Paschatum,
2132 5071 2199 5112 ac

605 5136 871 5206 postremi
919 5140 1302 5212 σταυρωσίμου
1352 5141 1661 5211 inquisitio,
1696 5159 1818 5213 quae
1862 5145 1916 5199 in
1956 5162 2007 5199 vt
2058 5146 2197 5201 libro

603 5227 950 5299 proponitur,
982 5231 1157 5286 otiosa
1192 5243 1245 5286 et
1269 5233 1481 5289 inutilis
1510 5233 1765 5290 ellieitur.

674 5317 795 5375 Jam
842 5318 973 5373 illud
1009 5321 1076 5375 de
1106 5321 1322 5379 inventa
1371 5341 1402 5379 a
1453 5324 1519 5378 lt.
1555 5324 1742 5381 llillele
1781 5326 2039 5398 periodo,
2072 5344 2199 5384 con-

603 5410 914 5483 ciliatisque
943 5410 1273 5471 faetionibus
1298 5416 1533 5484 duabus,
1568 5433 1677 5487 quo
1712 5421 1930 5492 tandem
1972 5431 2196 5476 auctore

601 5501 948 5557 defenditur?
980 5501 1189 5559 Hebraei
1222 5506 1292 5560 ab
1322 5507 1454 5562 orbe
1479 5509 1701 5563 condito
1746 5509 1811 5564 ad
1851 5509 2055 5566 Christi
2094 5510 2196 5565 Na-

602 5593 768 5649 talem
802 5592 1196 5665 Dionys‘lauum
1232 5612 1408 5652 aliuos
1453 5606 1649 5667 putant
1696 5600 1811 5655 l‘ere
1858 5602 2022 5657 5761.
2069 5600 2197 5658 ideo

602 5698 750 5742 anno
793 5685 1000 5742 Christi
1031 5688 1158 5756 514,
1207 5688 1664 5761 cmpitJudaicus
1691 5692 1850 5767 4105.
1907 5692 2196 5752 Intervalla

606 5787 771 5845 porro
824 5786 1131 5846 temporum
1180 5791 1436 5837 accurate
1484 5798 1586 5852 pro
1637 5784 1853 5840 illorum
1895 5797 2054 5856 captu
2103 5790 2197 5845 de-

603 5869 811 5942 scripta
852 5879 984 5926 sunt
1017 5868 1070 5927 in
1102 5871 1242 5930 libro
1273 5872 1437 5930 διάει
1482 5872 1680 5933 italum.
1714 5876 1791 5935 De
1819 5882 2198 5941 commentitia

2302 4774 2660 4830 constitutum
2692 4784 2775 4830 est
2804 4773 3027 4830 Octobr.
3065 4790 3160 4829 vn.
3183 4771 3373 4844 Neque
3397 4775 3543 4830 enim
3567 4774 3838 4845 argumento

2303 4866 2415 4921 ullo
2463 4866 2774 4922 necessario
2803 4907 2819 4931 ,
2853 4866 2945 4921 sed
2979 4865 3126 4920 inani
3167 4881 3233 4921 ac
3266 4863 3402 4921 falsa
3432 4866 3737 4938 conjectura
3762 4858 3840 4913 fre-

2305 4966 2394 5014 tus
2425 4960 2526 5014 hoc
2565 4967 2862 5013 asseverat.

2373 5049 2510 5105 Nam
2548 5051 2595 5107 si
2625 5051 2752 5121 quis
2782 5050 2921 5106 forte
2954 5059 3183 5121 quzerat,
3217 5066 3316 5104 cur
3337 5050 3425 5105 ille
3448 5047 3744 5103 Juilmorum
3770 5040 3838 5095 Te-

2299 5143 2542 5215 kupham
2598 5146 2851 5214 primam,
2902 5144 3017 5198 sive
3070 5143 3284 5197 initium
3332 5138 3458 5196 anni
3516 5142 3570 5195 in
3622 5139 3732 5195 Oct.
3781 5147 3835 5187 VII

2303 5237 2583 5307 conjiciat,
2632 5237 2729 5291 niti
2770 5238 2872 5290 hoc
2905 5245 3076 5290 totum
3126 5236 3402 5306 negotium
3439 5234 3668 5306 reperiet
3693 5242 3838 5285 emcn-

2302 5331 2397 5385 tita
2434 5331 2524 5386 illa
2571 5330 2743 5385 Grmci
2779 5331 2905 5383 anui
2939 5339 2995 5385 et
3047 5328 3340 5401 Olympiae
3373 5327 3580 5398 periodi
3637 5319 3837 5380 modula-

2304 5424 2472 5488 tione,
2506 5437 2670 5493 quam
2718 5421 2978 5475 omnibus
3004 5419 3227 5484 Graecis,
3281 5418 3528 5489 adeoque
3571 5409 3836 5470 Macedonio

2303 5517 2435 5581 bus,
2471 5526 2584 5571 tum
2622 5515 2677 5569 in
2724 5513 2849 5568 Asia
2883 5510 3439 5585 Syromaeedonibus,
3489 5519 3543 5562 et
3587 5497 3837 5562 SCiPJICMiS

2305 5622 2653 5662 communem
2697 5619 2820 5660 esse
2852 5604 3023 5658 voluit
3055 5624 3066 5657 :
3113 5603 3314 5673 quippe
3347 5602 3568 5658 Graecos
3606 5594 3837 5653 existimat

2304 5715 2513 5755 annum
2543 5699 2802 5754 habuisse
2838 5696 3111 5767 duplicem
3142 5714 3153 5748 :
3185 5694 3503 5765 popularem
3550 5705 3725 5753 unum,
3752 5683 3836 5739 sive

2307 5792 2740 5857 tetractericum,
2775 5806 2888 5862 quo
2923 5790 3119 5861 vulgus
3156 5788 3429 5852 utebatur,
3462 5786 3622 5856 cujus
3666 5786 3834 5836 nienses

2308 5883 2613 5955 tricenarii,
2646 5894 2840 5956 praeter
2889 5881 3164 5949 ultimum,
3208 5879 3295 5937 cui
3341 5872 3830 5937 biduum'velutﬂll‘
