4064 6418
216 437 331 496 957

1173 427 1262 498 ne
1301 442 1490 501 ΑΝΧο
1535 445 1622 502 ετ
1663 447 1773 503 me.
1815 448 2175 511 DOMINICAE
2216 457 2592 519 PASSIONIS.

3391 476 3497 533 953

217 553 474 655 penditis
504 555 678 611 instar
706 556 953 655 adjuugit
991 577 1004 613 :
1039 561 1183 616 unde
1214 563 1321 617 562
1349 564 1542 621 diebus
1579 576 1802 622 consta-
1831 573 1879 630 Α
1908 569 2022 627 bris
2053 577 2413 633 constituant.
2462 578 2625 636 Vides
2659 598 2824 651 quam
2858 588 3109 655 perplexe
3146 586 3199 643 in
3252 589 3354 645 hac
3399 592 3500 645 do—

220 644 355 711 bat;
402 647 649 702 lunarem
696 646 952 716 alterum,
989 666 1019 704 a
1051 667 1161 722 quo
1188 653 1336 708 velut
1366 662 1577 709 stamen
1610 672 1638 709 a
1669 657 1801 711 sub-

219 737 448 802 temine,
484 737 559 793 ita
593 739 872 809 popularis
902 736 1082 796 anuus
1111 744 1443 814 implicatur,
1485 761 1550 801 ac
1580 762 1803 816 percur-

221 826 390 882 ritur.
421 825 730 901 Utrumque
776 841 958 888 certos
981 834 1033 888 in
1062 836 1224 891 orbes
1253 852 1317 892 ac
1346 838 1599 907 periodos
1633 840 1808 894 inclu-

222 918 344 984 dit,
392 922 629 990 primum
688 926 1063 982 tetraeterides
1129 936 1184 981 et
1235 931 1637 998 octaeterides;
1691 940 1806 986 tum

225 1012 493 1081 majores,
531 1021 719 1083 utpote
767 1030 885 1082 xu,
934 1032 997 1072 ac
1032 1032 1198 1073 Lxxw
1241 1035 1549 1088 annorum;
1583 1023 1677 1078 sed
1709 1038 1810 1093 po-

224 1111 436 1158 strema
466 1104 582 1159 haec
619 1106 866 1162 omnium
908 1109 963 1162 in
994 1125 1139 1165 anno
1167 1112 1418 1182 p0pulari
1447 1114 1810 1169 usitatissima

224 1190 371 1259 fuit;
404 1210 570 1263 quam
620 1212 745 1251 cum
772 1199 935 1254 tacite
977 1216 1073 1270 per
1119 1204 1495 1258 tetraeterides
1548 1219 1678 1260 suas
1711 1205 1814 1260 ob-

223 1294 512 1340 servarent
555 1285 871 1343 Graecorum
916 1290 1325 1361 antiquissimi,
1375 1293 1636 1364 Calippus
1691 1310 1811 1349 eam

223 1373 399 1430 certis
462 1375 662 1432 ﬁnibus
709 1392 1093 1451 annorumque
1143 1382 1422 1439 curriculo
1461 1384 1697 1449 deliniit,
1761 1395 1816 1442 et

226 1464 520 1535 periodum
571 1468 721 1523 illam
764 1472 1002 1527 instituit
1046 1488 1319 1529 annorum
1372 1491 1562 1542 ιλιι-ι,
1618 1478 1815 1549 inqua

232 1555 618 1612 tetraeterides
649 1567 777 1613 sunt
804 1575 918 1625 xIx,
956 1561 1186 1633 singula:
1227 1565 1441 1620 dierum
1476 1566 1643 1633 1M7;
1675 1584 1816 1638 quo-

238 1664 364 1702 tum
396 1649 660 1705 ordinarii
691 1661 819 1707 sunt
848 1654 1009 1721 1440,
1033 1659 1360 1725 appendices
1383 1660 1436 1714 7.
1462 1659 1519 1714 In
1550 1661 1640 1727 iis,
1674 1678 1822 1716 men-

227 1739 310 1795 sis
332 1740 597 1796 duntaxat
628 1743 837 1811 primus
869 1745 1080 1804 lunaris
1123 1757 1227 1813 est,
1263 1752 1444 1805 caeteri
1491 1767 1616 1807 cum
1655 1753 1811 1808 trice-

229 1835 378 1888 narii
409 1835 759 1901 sintomms,
804 1853 833 1893 a
883 1839 1062 1894 lunari
1106 1842 1273 1897 modo
1320 1844 1583 1913 paulatim
1633 1847 1823 1902 absce-

229 1926 394 1981 dunt.
436 1926 515 1982 Ex
548 1930 989 1988 letraeteridibus
1013 1947 1077 1989 ac
1107 1908 1349 2003 periodis
1374 1938 1818 2007 antiquissimam
1854 1908 1895 1963 Β

232 2017 370 2073 facit
408 2017 823 2091 Olympiacam;
852 2023 918 2077 ad
949 2024 1109 2093 cujus
1140 2027 1449 2096 exemplum
1497 2038 1822 2100 propagatae

235 2109 421 2165 credit
474 2111 735 2180 reliquas.
774 2109 1033 2182 Ejusdem
1065 2116 1282 2171 initium
1328 2116 1458 2173 Julii
1492 2135 1545 2173 ix
1579 2119 1778 2176 deﬁnit
1801 2162 1816 2189 ,

230 2216 305 2257 eo
334 2208 483 2273 quod
505 2202 807 2275 Olympiaci
842 2221 1044 2277 agones
1079 2217 1204 2278 post
1232 2210 1480 2264 aestivum
1521 2211 1818 2267 solstitium

232 2292 541 2363 pleuilunio
576 2296 1014 2357 celebrabantur.
1043 2297 1348 2354 Solstitium
1379 2309 1561 2355 autem
1589 2317 1696 2355 non
1731 2317 1822 2357 ac-

232 2394 514 2453 curatum,
565 2402 743 2458 neque
788 2388 1058 2457 tropicum
1111 2389 1383 2462 intelligit,
1442 2390 1538 2446 sed
1571 2401 1818 2447 octavam

234 2477 521 2549 signorum
570 2488 802 2549 portent.
849 2479 1121 2547 Quocirca
1168 2499 1295 2537 cum
1347 2498 1414 2538 eo
1474 2498 1644 2547 anno,
1707 2499 1819 2554 quo

232 2568 401 2639 primi
448 2584 653 2642 agones
698 2571 767 2626 ab
814 2568 990 2641 lphito
1026 2572 1316 2628 instaurati
1372 2582 1521 2638 sunt,
1586 2573 1692 2629 hoc
1737 2581 1824 2629 cst

235 2672 354 2729 per.
386 2656 493 2712 Jul.
541 2657 702 2720 3958.
740 2656 1028 2729 Tekupha,
1077 2660 1194 2714 sive
1237 2662 1466 2715 secundi
1494 2659 1822 2731 quadrantis

243 2749 394 2814 finis,
436 2760 488 2804 et
522 2760 718 2805 octava
766 2766 893 2820 pars
921 2750 1120 2805 Caneri
1152 2749 1445 2815 πλατυκῶς
1480 2752 1534 2805 Ῑιι
1570 2767 1662 2806 vnt
1693 2750 1820 2806 Julii

234 2841 384 2895 dien.
436 2842 764 2902 incurreret.
802 2843 923 2897 ideo
954 2859 1004 2897 Ix
1041 2841 1169 2897 Julii
1212 2844 1422 2915 primus
1455 2844 1655 2900 solaris
1694 2846 1824 2899 anni

236 2932 383 2994 dies,
411 2947 475 2987 ac
515 2934 838 3002 quadrantis
870 2933 1088 2988 initium
1123 2936 1380 3005 deinceps
1415 2935 1537 2995 fuit.
1574 2936 1627 2990 in
1661 2952 1824 3007 quem

235 3025 408 3081 etiam
450 3026 795 3081 noviluaium
845 3026 1198 3081 commodum
1253 3027 1463 3081 incidit.
1504 3026 1583 3082 lta
1612 3029 1824 3099 primus

239 3114 606 3170 tetraeteridis
649 3115 856 3171 mensis
901 3116 1111 3172 lunaris
1172 3117 1406 3181 exstitit,
1449 3120 1593 3188 quod
1636 3135 1826 3189 perpe~

1908 665 2082 719 ctrina
2104 681 2349 724 versetur
2380 670 2649 743 Scaliger;
2675 684 2841 745 utque
2870 677 2923 731 in
2947 679 3135 734 eodem
3162 696 3347 750 opere,
3376 696 3502 751 quae

1908 756 2072 827 paulo
2102 768 2228 813 ante
2272 760 2594 827 delinierat,
2638 765 2933 821 contrariis
2975 767 3213 825 decretis
3259 771 3496 839 refellat;

1912 860 2035 901 nam
2067 850 2226 904 modo
2258 854 2576 908 neomenias
2619 854 2901 924 aequabilis
2940 868 2994 911 et
3055 860 3336 928 popularis
3366 863 3498 917 anui

1913 947 2149 994 veterem
2193 940 2248 995 in
2299 942 2466 997 situm
2512 944 2858 1011 conciliatas,
2897 947 3000 1002 hoc
3025 960 3110 1004 est
3139 964 3170 1003 a
3195 966 3230 1004 ι
3269 949 3398 1005 Julii
3429 953 3498 1007 ad

1916 1040 1996 1092 ις,
2034 1037 2089 1082 et
2131 1028 2201 1082 ab
2249 1045 2346 1084 vnt
2397 1030 2464 1084 ad
2499 1046 2572 1085 vn
2606 1030 2727 1087 Oct.
2765 1033 3050 1091 traductas
3081 1037 3307 1103 asserit;
3337 1038 3501 1093 modo

1915 1118 2109 1173 iisdem
2151 1119 2205 1173 in
2241 1120 2439 1177 diebus
2464 1123 2686 1184 retinet,
2725 1140 2789 1179 ac
2816 1139 3004 1180 secum
3039 1126 3381 1182 disconvenit
3411 1144 3502 1182 or.

1914 1209 2044 1264 diue
2090 1218 2225 1265 toto.
2274 1210 2432 1278 Quod
2469 1214 2690 1283 quidem
2739 1224 2855 1270 toto
2906 1217 3012 1271 hoc
3052 1217 3109 1271 in
3142 1232 3329 1287 opere,
3359 1228 3415 1273 et
3447 1220 3501 1272 in

1916 1298 2064 1372 Isag.
2109 1317 2296 1357 canon.
2330 1302 2577 1359 solemne
2618 1305 2828 1360 homini
2881 1321 2945 1361 ac
3013 1315 3341 1378 perpetuum
3376 1318 3503 1364 est:

1918 1396 2084 1466 idque
2114 1397 2454 1466 propediem,
2480 1398 2525 1454 si
2561 1397 2828 1454 Dominus
2859 1398 3094 1464 dederit,
3147 1415 3250 1455 suo
3280 1417 3345 1457 ac
3370 1418 3502 1472 pro-

1919 1485 2041 1556 prio
2096 1485 2236 1540 libro
2293 1484 2823 1547 demonstrabimus,
2863 1501 3026 1556 quem
3071 1487 3396 1557 jamdudum
3447 1490 3508 1544 in

1921 1577 2177 1633 manibus
2224 1577 2512 1633 habemus.
2554 1577 2733 1648 Atque
2781 1578 2903 1647 hic,
2945 1580 3021 1633 uti
3069 1595 3253 1651 spero,
3310 1581 3502 1636 lectori

1923 1670 2083 1725 fidem
2113 1667 2297 1736 faciet,
2318 1684 2447 1739 qua:
2463 1668 2530 1724 de
2556 1669 2811 1725 doctrina
2831 1680 3137 1741 temporum
3169 1689 3198 1727 a
3224 1673 3507 1745 Scaligero

1923 1758 2256 1831 esc0gitata,
2282 1768 2539 1830 tantoque
2562 1759 2796 1825 ambitu,
2827 1777 2892 1815 ac
2923 1776 3120 1831 pompa
3143 1777 3268 1817 cum
3293 1764 3362 1819 ab
3386 1765 3506 1833 ipso

1925 1854 2328 1919 commendata,
2379 1861 2492 1907 tum
2538 1852 2819 1908 fautorum
2861 1864 2914 1909 et
2951 1855 3347 1911 admiratorum
3385 1857 3506 1927 ejus

1922 1943 2119 2014 plausu
2165 1953 2390 2014 excepta
2432 1957 2581 2009 sunt,
2632 1960 2692 2000 ea
2739 1944 2897 2013 falsa,
2962 1945 3165 2016 inepta,
3200 1947 3503 2018 ἀλογίστως

1921 2045 1977 2091 et
2004 2035 2407 2101 ἀναποδείκτως
2432 2036 2604 2093 ell‘usa
2645 2052 2789 2101 esse,
2820 2055 2995 2110 neque
3027 2040 3327 2110 quidquam
3361 2056 3503 2111 pra:-

1928 2135 2013 2183 ter
2058 2128 2300 2198 speciem
2356 2136 2411 2182 et
2452 2129 2879 2185 ostentationem
2914 2132 3142 2188 habere.
3173 2134 3514 2202 Argumento

1922 2217 1995 2273 sit
2022 2216 2203 2273 Attica
2234 2218 2325 2272 illa
2357 2217 2634 2288 periodus,
2666 2234 2834 2289 quam
2870 2222 3008 2275 aleo
3036 2222 3275 2292 gloriose
3318 2230 3375 2276 et
3414 2222 3470 2276 iu
3490 2250 3508 2264 -

1924 2306 2165 2362 solenter
2192 2307 2436 2362 venditat
2479 2328 2491 2362 :
2522 2306 2682 2377 cujus
2713 2323 2813 2363 nos
2852 2308 3116 2379 ineptiam
3176 2322 3231 2365 et
3268 2309 3510 2384 παραλο-

1921 2393 2124 2468 γισμὸν
2153 2397 2464 2452 deterrimus
2493 2397 2548 2451 in
2578 2396 2735 2453 Notis
2764 2399 2831 2453 ad
2859 2396 3250 2455 Themistittm.
3281 2399 3513 2470 Reliqua

1923 2483 2076 2553 operi
2127 2483 2203 2537 illi
2248 2498 2621 2553 reservamus,
2640 2484 2696 2539 in
2736 2500 2847 2556 quo
2894 2495 2949 2541 et
2993 2488 3061 2542 de
3096 2486 3332 2545 Judaieo
3363 2505 3513 2543 anno

1923 2577 2175 2648 pluribus
2204 2576 2599 2646 disputabitur,
2630 2586 2686 2634 et
2714 2578 2807 2633 illa
2832 2579 3004 2635 Grreci
3035 2581 3163 2635 anni
3206 2580 3379 2636 forma
3441 2601 3507 2640 ac

1924 2664 2134 2735 periodi
2167 2663 2501 2735 Olympiaca:
2527 2665 2829 2736 descriptio
2865 2667 3159 2723 refelletur.
3192 2670 3354 2740 Atqui
3388 2670 3519 2726 ficto

1928 2756 2020 2812 illo
2060 2756 2349 2828 utriusque
2394 2766 2653 2812 contextu
2721 2760 2870 2815 velut
2920 2760 3282 2817 fundamento
3330 2763 3519 2819 (mntis

1929 2850 1993 2904 de
2044 2858 2228 2904 vetere
2275 2864 2423 2904 anno
2452 2847 2686 2905 Judaico
2733 2850 2983 2907 doctrina
3035 2853 3333 2909 stabilitur.
3370 2852 3518 2922 Non,

1929 2939 2178 3011 inquam,
2212 2938 2436 2995 aliunde
2474 2938 2758 3012 Scaligcro
2789 2950 3026 3010 constat,
3056 2941 3277 3001 Iudaeos
3307 2946 3516 3016 aliquot

1928 3041 2056 3087 ante
2087 3031 2368 3087 Christum
2403 3032 2623 3088 saeculis
2663 3034 2928 3103 epocbam
2960 3037 3089 3091 anni
3121 3037 3229 3101 sui,
3275 3039 3389 3094 sive
3413 3039 3515 3093 Tc-

1929 3122 2169 3193 kupham
2216 3120 2440 3176 Octobr.
2473 3139 2545 3177 vn
2580 3124 2810 3179 deﬁxam
2846 3127 3129 3189 habuisse.
3171 3145 3335 3199 quant
3369 3131 3516 3201 quod

237 3215 336 3261 tuo
365 3215 641 3262 servatum
684 3217 787 3261 est.
846 3204 1002 3261 Unde
1037 3215 1092 3262 et
1129 3216 1359 3276 quartus
1395 3209 1617 3275 mensis,
1662 3225 1820 3280 quem
1851 3235 1895 3295 ο
1929 3231 1993 3269 ex
2035 3214 2242 3284 periodi
2271 3213 2472 3268 Graecae
2515 3216 2797 3285 popularis
2852 3232 2918 3273 ac
2950 3218 3313 3275 Macedonica:
3345 3223 3516 3277 ratio-

238 3298 390 3370 apud
419 3298 783 3354 Athenienses
824 3298 1259 3371 Pyanepsionem
1293 3299 1464 3356 fuisse
1494 3302 1688 3369 credit,
1721 3315 1828 3356 cce-

239 3390 322 3460 pit
356 3388 611 3445 Octobris
644 3405 741 3455 vn,
776 3400 900 3461 post
933 3391 1303 3444 novilunium.
1355 3389 1534 3460 Atque
1568 3390 1622 3445 in
1682 3391 1828 3446 hunc

240 3480 466 3536 modum
491 3480 685 3551 reliqui
710 3495 948 3544 menses,
978 3490 1032 3536 et
1052 3481 1180 3535 anni
1201 3480 1513 3535 necessario
1541 3488 1823 3546 contextu,

239 3571 394 3627 velut
436 3580 628 3627 catena
674 3572 911 3642 quadam
958 3570 1282 3642 Chrysippci
1340 3569 1435 3624 fati
1467 3569 1704 3624 devincti
1742 3585 1828 3625 sc.-

247 3671 517 3732 quuntur,
550 3661 695 3731 quod
734 3662 787 3714 in
831 3660 1009 3731 primo
1046 3660 1119 3713 De
1152 3659 1357 3713 emend.
1403 3658 1627 3714 uberius
1659 3674 1828 3729 expo-

240 3751 416 3806 nitur.
449 3751 651 3806 Eadem
675 3750 816 3806 serie
840 3751 1123 3805 constabat
1150 3749 1329 3803 Attica
1359 3757 1413 3803 et
1476 3748 1827 3804 Macedonica

241 3844 526 3917 periolus.
556 3841 693 3897 Nam
732 3842 898 3913 hujus
949 3842 1427 3914 ’Υπερϐερεταῖος,
1463 3841 1609 3897 illius
1667 3840 1829 3895 Ἐκα-

240 3931 523 4005 τομόαιὼν
553 3950 582 3986 a
615 3932 853 3987 solstitio
899 3932 1091 3986 inibat.
1130 3929 1249 3985 Jam
1301 3947 1431 3986 vero
1474 3946 1619 3986 anno
1668 3929 1827 4001 lphiti

243 4027 377 4094 €65,
425 4024 632 4096 periodi
665 4024 896 4079 Julianre
939 4024 1098 4087 4402,
1151 4023 1357 4093 periodi
1407 4022 1704 4095 Olympicte
1764 4037 1830 4078 ac

244 4116 607 4173 Macedonicae
652 4130 821 4179 nono,
857 4114 1143 4169 uenmeuia
1189 4113 1349 4184 primi
1399 4115 1604 4168 mensis
1634 4113 1832 4168 accidit

240 4208 375 4267 Julii
401 4224 453 4262 ι.
472 4207 706 4262 Proinde
735 4216 965 4277 quartus
997 4206 1204 4260 mensis
1229 4207 1394 4276 erepit
1421 4203 1676 4261 Octobris
1707 4222 1826 4261 vm.

242 4300 354 4357 Sed
384 4316 507 4354 cum
540 4299 837 4354 neomenize
875 4298 1091 4352 lunares
1116 4298 1168 4351 in
1202 4314 1252 4352 ιιι
1279 4295 1409 4351 Julii
1433 4305 1485 4351 et
1532 4312 1608 4351 vn
1635 4295 1828 4352 Octob.

242 4392 590 4453 incidissent,
621 4406 744 4460 qtae
773 4401 857 4446 est
884 4389 1177 4461 Olympicae
1200 4387 1409 4458 periodi
1428 4396 1580 4443 vetus
1598 4388 1828 4458 cpocha,

241 4501 311 4541 ex
355 4484 561 4555 Calippi
614 4484 935 4554 prarscripto
986 4481 1269 4550 periodum
1328 4488 1701 4544 retexuerunt,
1731 4494 1833 4535 no-

1931 3307 2078 3362 cinio
2127 3315 2361 3376 quartus
2390 3306 2596 3361 mensis
2628 3307 2909 3376 popularis
2940 3309 2992 3363 in
3028 3311 3180 3366 illum
3209 3312 3349 3367 diem
3380 3313 3517 3367 inri-

1930 3398 2086 3453 deret
2130 3409 2196 3452 eo
2230 3412 2400 3461 anno,
2445 3412 2556 3467 quo
2585 3398 3087 3468 Syromaecdonica
3133 3402 3392 3472 periodus
3430 3410 3515 3460 est

1929 3489 2198 3543 instituta.
2235 3485 2339 3542 Sed
2372 3503 2496 3542 cum
2547 3488 2717 3542 multa
2750 3489 2861 3543 sint
2894 3488 2946 3543 in
2977 3499 3089 3545 tota
3126 3491 3229 3547 hac
3255 3491 3525 3564 Scaligt-rr

1929 3581 2192 3651 opinione
2226 3578 2584 3645 confutanda,
2611 3597 2785 3652 eaque
2808 3598 2895 3638 res
2924 3583 3227 3655 longiorem
3283 3600 3347 3640 ac
3378 3601 3517 3655 prae-

1930 3673 2148 3743 cipuam
2199 3672 2629 3742 disputationem
2680 3673 2886 3741 exigat,
2939 3682 3013 3738 et,
3066 3682 3127 3729 ut
3176 3674 3311 3740 dixi,
3363 3676 3517 3732 brevi

1931 3770 2294 3819 consecutura
2330 3762 2441 3828 sit;
2476 3777 2598 3829 nos,
2632 3764 2779 3832 quod
2809 3765 2862 3818 in
2887 3765 3028 3820 libro
3053 3765 3147 3820 illo
3174 3766 3518 3822 demonstra-

1931 3855 2101 3921 bitur,
2136 3855 2332 3911 falsam
2361 3868 2484 3909 esse
2515 3856 2643 3909 anni
2672 3855 2820 3911 illius
2853 3854 3025 3911 Graeci
3076 3871 3140 3912 ac
3182 3853 3519 3913 Macedonici

1931 3951 2265 4000 structuram
2295 3943 2698 4013 pertendimus.
2730 3943 3003 4014 Negamus
3027 3955 3305 4012 constare,
3336 3959 3520 4000 utrum

1933 4053 2081 4092 anno
2115 4038 2208 4092 illo
2262 4053 2377 4107 per.
2415 4035 2535 4092 Jul.
2585 4036 2759 4104 4402,
2806 4038 3086 4108 popularis
3137 4048 3187 4092 et
3236 4038 3521 4109 aequabilis

1933 4123 2433 4195 Syromacedonum
2463 4124 2670 4179 mensis
2711 4125 2762 4177 in
2801 4140 2901 4190 vit,
2936 4134 3031 4179 aut
3056 4141 3153 4179 vm
3189 4123 3308 4180 Oct.
3341 4125 3521 4182 incur-

1933 4218 2089 4271 rerit.
2141 4214 2417 4285 Negamus
2464 4224 2723 4284 praeterea
2776 4213 2998 4269 Judzeos
3041 4214 3317 4268 cardinem
3365 4215 3516 4267 illum

1934 4305 2064 4358 anni
2099 4304 2298 4358 solaris
2345 4302 2661 4373 agnovisse,
2695 4311 2788 4354 aut
2822 4301 2875 4354 in
2908 4316 2974 4354 eo
3004 4301 3305 4355 collocasse
3340 4298 3519 4355 'l‘cku-

1935 4397 2117 4466 pham.
2153 4392 2420 4463 Negamus
2444 4408 2647 4447 annum
2680 4391 2822 4461 apud
2850 4390 3071 4447 Graecos
3126 4401 3222 4446 aut
3260 4390 3516 4461 Syroma-

1938 4484 2177 4538 ccdonas
2225 4480 2545 4552 popularem
2597 4477 2869 4547 ejusmodi
2925 4476 3128 4545 fuisse,
3182 4477 3398 4547 qualem
3452 4492 3517 4531 ex

243 4590 482 4645 vamque
510 4574 877 4629 condiderunt
909 4572 979 4626 ab
1001 4588 1145 4625 amm
1166 4571 1260 4625 illo
1282 4569 1487 4641 periodi
1511 4567 1620 4624 Jul.
1649 4569 1818 4637 4402,
1863 4584 1908 4642 ι)
1938 4572 2151 4628 ollicina
2206 4588 2305 4627 sua
2349 4570 2603 4641 procudit
2653 4570 2918 4640 Scaliger.
2956 4568 3105 4623 Intro
3153 4570 3348 4640 magis,
3381 4576 3435 4623 et
3464 4569 3519 4625 in

246 4666 413 4737 cujus
456 4666 720 4736 epocbam
756 4681 830 4719 vn
871 4662 1122 4718 Octobris
1172 4662 1259 4717 die
1290 4663 1618 4717 delixerunt.
1652 4661 1834 4728 Quare

242 4756 571 4815 Macedones
604 4755 996 4828 llypcrbcretati
1043 4764 1151 4823 tam
1188 4752 1502 4824 popularis,
1542 4768 1707 4822 quam
1746 4752 1833 4806 Iu-

242 4849 402 4906 naris
452 4849 793 4904 neomeniam
841 4863 915 4902 vtt
968 4846 1222 4902 Octobris
1298 4845 1646 4901 inchoarunt.
1707 4845 1835 4900 Ideo

247 4943 449 5000 solaris
491 4943 617 4997 anni
667 4939 1132 5012 Syromaccdonici
1178 4939 1301 5009 fmis
1347 4938 1401 4992 in
1456 4937 1707 4993 Octobris
1782 4954 1833 4992 vr

240 5035 469 5100 incidit;
511 5049 795 5104 eorumque
841 5049 1009 5085 annus
1064 5032 1339 5102 popularis
1398 5047 1666 5099 nunquam
1743 5029 1836 5084 Icos

242 5128 380 5199 ﬁnes
426 5124 794 5178 antevertebat.
830 5121 954 5177 llaec
992 5123 1233 5194 Scaliger
1267 5122 1387 5194 (lib.
1414 5138 1451 5176 tt
1490 5119 1566 5174 De
1600 5119 1834 5180 emend.,

243 5236 302 5291 p.
339 5218 429 5289 9i)
473 5236 486 5272 :
517 5217 609 5288 qui
653 5215 937 5285 antiquum
989 5213 1118 5267 illud
1152 5229 1311 5268 suum
1344 5212 1598 5267 obtinens
1647 5211 1739 5266 lib.
1773 5227 1826 5281 ν,

244 5314 359 5369 hoc
393 5311 569 5381 ipsum
607 5308 799 5364 evertit
836 5307 912 5378 (p.
956 5307 1108 5377 559).
1152 5303 1352 5359 Scribit
1385 5303 1529 5357 enim
1579 5303 1834 5357 ultimum

252 5399 458 5458 solaris
486 5398 615 5452 anni
648 5395 1125 5469 Syromaccdonici
1169 5394 1312 5447 diem
1350 5392 1520 5447 fuisse
1562 5391 1820 5447 Octobris

242 5506 351 5552 ut,
384 5503 448 5543 eo
474 5487 618 5558 quod
649 5485 1098 5557 Hyperbcretzeus
1127 5480 1511 5541 Macedonicus,
1540 5481 1593 5535 in
1618 5497 1653 5535 χ
1689 5479 1819 5535 Julii

241 5581 558 5643 incidisset.
611 5571 798 5648 Itaque
863 5576 1100 5647 primum
1172 5576 1516 5628 novilnnium
1578 5574 1833 5629 Octobris

244 5689 354 5732 vm
383 5671 660 5742 congruit.
691 5669 796 5724 Sed
820 5667 1070 5737 imperite
1103 5665 1282 5721 facere
1306 5664 1547 5732 Judacos,
1570 5666 1662 5735 qui
1689 5679 1837 5720 anno

244 5762 351 5821 illo
397 5777 428 5818 a
460 5758 851 5819 Macedonibus
893 5766 1117 5827 accepto
1159 5756 1398 5827 primum
1450 5757 1833 5823 noviluuinm,

239 5870 414 5926 atque
456 5850 586 5911 anui
619 5850 705 5907 sui
734 5848 1017 5924 aequabilis
1047 5848 1260 5903 initium
1291 5848 1412 5921 ipso
1437 5847 1524 5903 die
1550 5863 1648 5903 \‘lll
1680 5846 1842 5904 Octo-

1939 4681 2118 4721 arcem
2155 4665 2328 4735 ipsam
2360 4662 2685 4734 qutestionis
2718 4661 2922 4717 involo.
2955 4659 3104 4732 Nego
3132 4669 3341 4716 certum
3373 4675 3519 4726 esse,

1939 4768 2069 4808 num
2096 4751 2264 4808 Judaei
2296 4751 2573 4821 Calippica
2620 4751 2715 4805 illa
2747 4750 2950 4814 lunari,
2987 4750 3072 4802 vel
3117 4749 3518 4820 Syromacedo-

1939 4845 2063 4898 nica
2095 4842 2269 4897 forma
2300 4857 2540 4912 unquam
2574 4841 2658 4896 usi
2689 4838 2916 4894 fuerint.
2948 4838 3070 4906 Quo
3099 4837 3425 4893 labefactato
3456 4852 3520 4894 ac

1937 4937 2228 5003 convulso,
2273 4944 2488 4997 cst-tera,
2528 4925 2650 5006 quae
2698 4933 2827 4989 huic
2871 4934 3210 4997 innituntur,
3263 4939 3519 4986 corruant

1938 5039 2160 5080 necesse
2190 5034 2293 5077 est.
2326 5021 2538 5076 Etenim
2576 5021 2846 5076 undenam
2881 5019 3161 5088 Scaligero
3183 5026 3520 5088 compertum

1936 5123 2021 5170 est
2052 5112 2274 5168 Judmos
2323 5113 2572 5167 lunarem
2623 5110 2835 5182 Calippi
2883 5109 3166 5181 periodum
3210 5109 3263 5162 in
3306 5108 3521 5163 civilem

1938 5220 2098 5261 usum
2139 5204 2441 5261 aseivisse?
2487 5203 2715 5274 Opinor,
2736 5218 2905 5257 unum
2951 5201 3083 5257 illud
3138 5210 3519 5274 argumentum

1935 5308 2040 5366 est,
2067 5299 2212 5368 quod
2244 5298 2404 5353 annis
2430 5297 2743 5353 Grmcorum
2771 5306 2880 5352 tam
2903 5295 3339 5353 Machabaaorum
3371 5293 3519 5356 libri,

1938 5408 2099 5462 quam
2120 5391 2388 5463 Joscphus
2404 5406 2468 5447 ac
2485 5387 2676 5458 reliqui
2704 5389 3058 5445 Judaicarum
3086 5404 3266 5445 rerum
3290 5386 3527 5457 scripto-

1939 5498 2027 5539 res
2065 5483 2153 5537 usi
2201 5472 2312 5537 silit
2372 5479 2444 5537 At
2493 5481 2619 5549 quis
2666 5496 2733 5537 ex
2782 5497 2850 5537 eo
2893 5479 3210 5536 necessario
3278 5476 3521 5545 colligat,

1940 5573 2066 5627 anui
2094 5573 2515 5642 dispositionem
2547 5574 2720 5643 ipsam
2755 5572 2977 5628 Judaeos
3007 5567 3342 5640 usurpasse?
3368 5564 3517 5621 Licet

1938 5667 2082 5722 enim
2114 5679 2305 5730 teram,
2345 5665 2460 5722 sive
2486 5667 2751 5737 epocham
2783 5665 2980 5735 ipsam,
3011 5677 3075 5717 ac
3102 5658 3342 5721 titulum,
3378 5655 3518 5713 unde

1938 5757 2111 5815 Grmci
2156 5774 2423 5812 annorum
2456 5773 2682 5813 suorum
2713 5756 3010 5826 primordia
3043 5749 3375 5823 repetebant,
3403 5747 3515 5803 ad-

1942 5849 2216 5906 hibuerim
2253 5847 2457 5916 Judaei,
2502 5864 2627 5905 cum
2673 5840 2999 5903 Graecorum
3037 5860 3125 5902 res
3164 5850 3386 5914 gestas,
3429 5841 3519 5897 vel

1924 6001 1951 6016 ι.
