4064 6410
585 435 689 491 959

1681 416 2019 474 summum
2062 413 2667 471 DlSStlll'F.\TlONU.\l
3706 427 3789 483 vim

591 559 818 605 suorum
851 559 974 596 cum
1013 541 1217 596 Graecis
1256 538 1565 608 implicatas
1604 537 2030 604 perscriberent,
2080 535 2158 586 nio
2199 541 2240 594 Λ
2273 529 2493 583 .Lulmos
2529 531 2752 600 periodo
2785 530 3022 600 quadam
3065 548 3335 590 annorum
3369 551 3472 602 xiv,
3496 537 3603 593 sive
3627 555 3791 605 un"

590 641 701 694 hilo
753 646 934 695 tamen
975 634 1179 694 certius
1213 631 1396 701 colligi
1445 639 1644 699 potest,
1700 629 1916 682 illorum
1963 643 2164 682 annum

587 735 765 799 ipsum
801 728 1071 798 recepisse
1103 725 1252 779 domi
1296 723 1540 785 Iudaeos,
1573 737 1738 790 quam
1783 722 1886 775 hoc
1924 731 2168 790 tempore

589 823 730 894 apud
766 820 931 878 Italos
985 829 1082 876 aut
1107 819 1293 877 Gallos
1328 817 1552 871 lunares
1580 813 1820 869 Arabum
1854 829 2030 868 annos
2071 813 2168 868 ob-

590 912 820 978 servari,
862 912 1007 981 quod
1053 911 1274 966 illorum
1321 908 1556 978 scriptor
1584 905 1937 974 aliquis.t-um
1965 901 2167 958 Turca-

592 1021 712 1058 rum
743 1003 1006 1057 historias
1046 1001 1331 1063 scriberet,
1375 1013 1468 1066 per
1515 995 1726 1066 llegirze
1757 1009 1934 1048 annos
1971 1008 2164 1052 nume-

590 1113 713 1156 rare
740 1107 953 1163 tempus
984 1090 1303 1146 instituerit.
1349 1087 1490 1142 Fieri
1524 1089 1706 1156 itaque
1739 1094 1934 1154 potest,
1963 1093 2020 1138 ut
2052 1083 2167 1139 Ma-

589 1187 940 1246 chabaeorum
973 1192 1164 1239 auctor
1189 1181 1392 1236 Graecis
1423 1181 1475 1232 in
1508 1179 1670 1232 rebus
1689 1177 1932 1232 Graecam
1959 1185 2169 1245 tenipol-

593 1296 713 1334 rum
749 1279 1013 1335 rationem
1049 1271 1415 1344 usurpaverit,
1463 1286 1492 1324 a
1537 1271 1709 1339 patria
1759 1269 2168 1342 domestic-aque

592 1372 896 1436 diversam;
933 1376 1026 1420 aut
1055 1379 1223 1428 certe,
1259 1374 1316 1423 ut
1360 1362 1704 1434 popularium
1751 1376 2023 1414 annorutn
2071 1377 2169 1415 nu-

594 1479 802 1518 merum
829 1475 858 1514 a
895 1460 1209 1514 Graecorum
1240 1471 1347 1514 aera
1387 1453 1697 1518 deduxerit,
1731 1453 2042 1522 solumque,
2089 1451 2166 1506 uti

593 1552 798 1604 dictant
842 1558 947 1611 est,
985 1546 1202 1600 titulum
1251 1544 1567 1599 Graecorum
1608 1541 1675 1595 ad
1704 1557 1834 1596 suos
1869 1557 2045 1596 annos
2078 1557 2170 1596 ac-

591 1639 1041 1694 conmtodaverit.
1091 1636 1224 1703 Quis
1269 1644 1329 1691 ut
1373 1633 1519 1688 aliud
1549 1633 1797 1688 dicamus
1844 1647 2037 1704 cogere
2067 1646 2170 1686 nos

594 1725 879 1796 scriptoris
937 1724 1102 1778 ullius
1154 1721 1478 1776 auctoritate
1517 1713 1727 1790 potest?
1774 1718 2022 1796 Magnam
2067 1719 2169 1774 ho-

595 1819 760 1874 minis
788 1817 1174 1873 conlidentiam
1238 1816 1321 1870 vel
1358 1813 1705 1869 oseitantiam
1733 1820 1946 1881 oportet
1975 1810 2167 1880 fuisse,

595 1914 686 1982 qui
722 1909 1016 1966 levissimis
1052 1907 1389 1978 argumentis
1435 1907 1709 1968 inductus,
1739 1904 2009 1960 allirtnare
2060 1913 2166 1960 tam

596 2000 849 2060 obscuris
879 2001 945 2054 de
971 1999 1134 2054 rebus
1166 1997 1284 2055 sine
1313 1995 1661 2054 haesitatione
1689 1995 1794 2052 ulla
1830 1993 2083 2064 potuerit.

600 2146 716 2211 Quo
751 2146 958 2199 dcumm
984 2162 1120 2197 mmo
1145 2144 1227 2197 usi
1263 2144 1369 2196 sint
1400 2141 1582 2196 Judwi
1608 2184 1623 2209 ,
1658 2143 1746 2196 ubi
1774 2151 1822 2196 et
1858 2141 2174 2197 obscurissi-

741 2233 855 2269 mus
883 2232 948 2270 ea:
980 2215 1278 2285 Epiphanio
1308 2214 1523 2268 illorum
1541 2214 1718 2284 ουσιαι
1738 2214 2040 2284 exponitur.

667 2353 882 2407 Atenitn
913 2351 1091 2409 lunari
1126 2366 1272 2406 anno
1311 2348 1531 2406 Judaeos
1567 2364 1696 2404 usos
1733 2364 1856 2408 esse
1895 2362 2179 2422 propemo-

597 2444 729 2499 dum
789 2444 1050 2499 mortales
1092 2458 1284 2498 onmcs
1337 2442 1675 2502 existimant.
1723 2439 1965 2510 Ecquam
2016 2440 2178 2509 igitur

596 2532 831 2590 lor-tuam
863 2533 1044 2604 potius
1075 2547 1238 2602 quam
1275 2531 1612 2601 Calippicam
1642 2530 1878 2600 amplexi
1909 2530 2082 2590 sunt?
2118 2528 2175 2591 Si

598 2625 1019 2696 llipparcheam,
1056 2633 1130 2690 et,
1167 2638 1332 2694 quam
1359 2621 1830 2682 accuratissimam
1862 2632 2016 2696 putat
2045 2620 2180 2678 Sca-

601 2717 752 2788 liger,
767 2718 1122 2772 recentiorem
1153 2715 1437 2776 Judaicam
1467 2715 1690 2778 dixero,
1721 2712 1898 2769 dicam
1945 2713 2090 2781 quod
2122 2713 2178 2767 in

603 2807 748 2878 Isng.
783 2823 901 2860 can.
935 2807 1076 2862 idem
1118 2806 1207 2860 ille
1245 2806 1464 2866 disertis
1496 2804 1680 2859 verbis
1735 2813 2012 2864 asseverat
2041 2804 2177 2875 (lib.

601 2907 680 2950 ιι.
709 2891 730 2945 Ι
751 2912 864 2965 sag.
895 2911 1039 2958 cau.,
1064 2893 1284 2964 p.215).
1313 2891 1370 2946 In
1393 2909 1502 2963 quo
1527 2907 1722 2964 magno
1740 2907 1798 2946 se
1820 2892 2051 2945 ludibrio
2071 2901 2182 2946 tra—

604 2988 776 3053 ducit,
808 2987 936 3042 dum
987 3003 1085 3043 sua
1120 2986 1303 3042 omnia
1356 2987 1570 3041 decreta
1634 2994 1686 3041 et
1707 2985 1926 3040 oracula
1966 2985 2183 3044 convel-

604 3080 686 3142 lit,
723 3088 778 3134 et
820 3095 943 3150 qua:
996 3088 1145 3134 tanto
1189 3095 1312 3136 cum
1345 3089 1542 3134 conatu
1591 3079 1658 3142 de
1686 3077 1888 3138 Christi
1915 3078 2182 3140 Passione

2269 633 2475 692 potius.

2345 712 2449 781 Qui
2489 711 2710 782 quidem
2777 710 3067 781 Epiphanii
3127 714 3284 770 locus
3334 716 3619 785 plurimum
3665 721 3796 776 debet

2267 802 2638 858 eruditissimo
2667 801 2896 872 Keplero
2919 845 2932 866 ,
2975 805 3068 872 qui
3117 804 3172 858 in
3204 803 3418 875 Eulog“
3462 807 3797 878 clueuologieis

2269 893 2704 950 luculentissima
2739 894 3111 964 disputatione
3168 895 3220 950 id
3269 897 3540 966 pressum,
3569 909 3623 954 ut
3647 914 3704 953 ex
3729 899 3798 958 his

2269 988 2502 1046 salebris
2532 1003 2828 1058 emergere,
2859 1004 2921 1046 ac
2945 990 3119 1050 lucem
3143 988 3381 1060 aliquam
3411 989 3494 1045 his
3521 989 3573 1047 in
3603 991 3798 1049 terrearis

2269 1080 2471 1134 intueri
2509 1095 2822 1149 posse-mus.
2867 1079 3051 1142 Neque
3082 1080 3228 1133 enim
3253 1089 3338 1141 est
3364 1079 3508 1141 ullus
3537 1081 3666 1150 apud
3695 1080 3797 1150 ιρι.

2268 1177 2528 1246 phanium
2560 1174 2844 1229 obscurior
2867 1190 2931 1228 ac
2960 1171 3228 1233 diﬂ‘tcilior
3256 1170 3520 1231 locus.Ac
3544 1187 3640 1235 me,
3658 1172 3799 1240 prius-

2269 1283 2434 1336 quam
2463 1265 2682 1335 Kepleti
2731 1262 3140 1322 Commentario
3193 1269 3388 1322 nactus
3434 1275 3631 1322 essem,
3667 1261 3796 1315 velte-

2270 1368 2481 1412 menter
2511 1364 2777 1421 torserat;
2801 1364 2854 1408 ct
2876 1351 3122 1412 nonnihil
3148 1361 3322 1410 tamen
3352 1365 3499 1406 eram
3523 1359 3797 1414 assecutus;

2269 1448 2416 1520 quod
2449 1448 2596 1502 illius
2645 1462 2746 1515 ope
2802 1444 3144 1516 postmodum
3178 1441 3470 1510 expoliisse
3507 1457 3590 1498 me
3631 1439 3800 1502 lateor,

2270 1555 2336 1595 ac
2371 1539 2618 1608 (taedam
2655 1537 2816 1595 etiam
2848 1536 3010 1606 paulo
3038 1549 3101 1588 ac
3129 1534 3218 1588 ille
3248 1532 3374 1588 fecit
3400 1531 3558 1590 aliter
3581 1530 3802 1599 explicas-

2271 1647 2349 1688 se.
2380 1629 2531 1686 Licet
2562 1635 2744 1688 autem
2780 1643 2846 1681 ne
2870 1626 2986 1696 ipse
3014 1625 3232 1696 quidem
3263 1623 3368 1680 sibi
3401 1619 3655 1692 Keplerus
3676 1620 3804 1676 satis-

2273 1719 2459 1782 faciat,
2495 1733 2671 1788 neque
2701 1731 2803 1787 ego
2835 1714 3092 1769 extricari
3117 1726 3276 1783 posse
3318 1711 3587 1770 conﬁdam
3610 1709 3802 1772 orantia;

2272 1808 2420 1880 quod
2449 1824 2611 1866 nemo
2639 1817 2830 1881 prazter
2858 1803 3222 1877 Epiphaniam
3277 1802 3414 1874 cycfi
3449 1801 3607 1856 istius
3645 1800 3807 1854 memi-

2274 1901 2440 1966 nerit,
2464 1909 2518 1955 et
2549 1899 2713 1954 verba
2739 1898 2856 1967 ipsa
2886 1896 3148 1952 mendosa
3177 1896 3310 1958 sint,
3333 1909 3628 1964 proponam
3643 1902 3810 1954 tamen,

2272 1992 2453 2064 quoad
2515 1988 2839 2046 brevissime
2898 1986 3326 2058 planissimeque
3370 1995 3578 2054 potero,
3611 1988 3810 2051 quaeaut

2272 2099 2399 2141 vera
2432 2097 2554 2142 esse
2579 2081 2786 2156 judico,
2822 2086 2919 2136 aut
2958 2087 3106 2134 certe
3139 2075 3282 2132 viris
3306 2075 3581 2146 prepiora.

2343 2174 2422 2230 Ac
2448 2173 2686 2243 primum
2715 2169 3142 2231 obscurissimos
3171 2164 3261 2222 ille
3315 2165 3626 2222 Iudaeorum
3657 2163 3814 2232 cyelus

2273 2264 2629 2338 exponendo:
2651 2263 2864 2318 videtur
2895 2280 2908 2315 :
2939 2276 3046 2331 quo
3069 2263 3291 2331 cognito
3316 2273 3438 2330 quae
3464 2259 3538 2312 sit
3568 2254 3813 2324 Epiphanii

2275 2358 2342 2413 de
2372 2355 2633 2410 Passieno
2661 2350 2870 2408 Christi
2896 2349 3166 2406 sententia
3195 2346 3410 2404 facilius
3438 2357 3784 2414 assentiamur.

2345 2444 2737 2515 Judaicicycli,
2782 2458 2892 2513 quo
2923 2440 3128 2496 Christi
3179 2438 3394 2495 Domini
3450 2448 3685 2506 tempore
3713 2447 3817 2488 usos

2277 2555 2397 2594 esse
2423 2545 2577 2608 putat
2610 2534 2970 2606 Epiphanius.
2999 2531 3304 2602 explicandi
3372 2529 3504 2594 linis
3557 2543 3618 2590 ac
3652 2539 3817 2595 scopas

2277 2639 2392 2693 est;
2423 2638 2482 2688 ut
2510 2635 2767 2697 appareat
2793 2622 3012 2680 Iudaeos
3037 2638 3186 2679 anno
3207 2622 3326 2692 ipso
3353 2619 3636 2678 Passionis
3664 2618 3817 2679 biduo,

2278 2720 2362 2774 vel
2393 2719 2556 2773 etiam
2585 2717 2768 2771 triluo
2801 2731 2832 2770 a
2860 2715 3004 2770 lunze
3039 2712 3344 2770 ratiociniis
3396 2712 3699 2766 aberrasse.
3733 2708 3819 2776 Cy.

2282 2812 2426 2868 clum
2460 2825 2626 2880 porro
2657 2809 2730 2862 ita
2759 2807 2874 2864 fere
2903 2806 3188 2862 describit.
3217 2804 3438 2862 Judaeos
3467 2805 3661 2860 asserit
3690 2802 3821 2854 luna-

2283 2919 2394 2958 rem
2428 2916 2631 2956 annum
2663 2900 3019 2955 constituisse
3063 2898 3276 2953 dierum
3322 2895 3428 2954 554
3449 2937 3466 2962 ,
3513 2895 3747 2950 horarum
3769 2891 3818 2954 8;

2283 3011 2404 3068 qua:
2429 2993 2651 3064 quidem
2709 2993 2859 3047 horae
2908 2991 3084 3047 tribus
3145 2989 3306 3045 annis
3353 2989 3503 3044 diem
3542 2987 3820 3042 conﬁciunt.

2283 3085 2364 3140 Ad
2407 3086 2520 3141 haec
2559 3083 2614 3138 in
2673 3085 2837 3138 annis
2889 3099 2976 3138 xw
3008 3082 3250 3152 quinque
3282 3097 3503 3140 menses
3533 3074 3822 3138 intercalari,

605 3171 806 3241 διτρὶυε
853 3179 1160 3225 aSll'llxel'al
1185 3211 1199 3235 ν
1251 3186 1387 3231 Ιιονιι
1437 3171 1527 3266 illi}
1580 3171 1854 3229 Sententia
1881 3171 2140 3232 Convellit
2166 3187 2182 3237 ;
2211 3203 2256 3266 ο
2287 3179 2544 3248 quoniam
2572 3193 2602 3232 e
2629 3177 2762 3232 solis
2792 3191 2980 3240 cursu,
3015 3177 3109 3246 qui
3138 3184 3222 3230 est
3247 3175 3460 3231 dierum
3487 3174 3621 3234 565,
3654 3173 3756 3225 hor.
3781 3168 3821 3230 6,

606 3265 700 3320 sed
738 3274 986 3319 neutram
1019 3264 1296 3336 periodum
1322 3264 1463 3332 apud
1489 3258 1707 3320 Judaeos
1731 3281 1832 3325 usu
1856 3279 1921 3323 ac
1945 3279 2182 3325 consue-
2220 3258 2242 3276 Ἴ

609 3359 795 3414 tudine
827 3366 1096 3428 receptam
1155 3359 1312 3414 facile
1359 3361 1590 3416 dixerim
1620 3377 1633 3413 :
1673 3360 1922 3415 lunarem
1955 3355 2178 3414 cuidem

608 3459 815 3504 motum
873 3459 1149 3522 utcunque
1197 3452 1319 3508 illos
1365 3452 1584 3522 assequi
1629 3450 1870 3507 voluisse
1900 3451 2173 3519 suspicor.

614 3537 750 3593 Nam
778 3540 830 3596 id
862 3542 1051 3598 suadet
1080 3540 1388 3612 Iosephus;
1430 3544 1520 3613 qui
1555 3543 1649 3598 lib.
1678 3558 1736 3602 ιιι
1768 3541 2077 3616 Orig.,cap.
2099 3540 2184 3607 lt),

609 3633 675 3685 de
699 3631 966 3690 Pasebate
996 3634 1244 3701 loquens,
1304 3633 1396 3704 Τῷ
1418 3634 1474 3687 δὲ
1507 3635 1656 3705 μηνὶ,
1688 3633 1899 3703 inquit,
1931 3631 2011 3708 τῷ
2043 3630 2185 3688 Ξαν-

610 3722 765 3792 Θικῷ,
791 3724 848 3788 ὃς
874 3724 1079 3780 Νισσὰν
1106 3727 1234 3795 παρ’
1261 3726 1390 3795 ἡμῖν
1424 3724 1670 3780 καλεῖται
1697 3763 1712 3787 ,
1763 3725 1857 3777 καὶ
1888 3722 1980 3781 τοῦ
2029 3723 2184 3786 ἔτους

609 3814 756 3865 ἐστὶν
804 3813 968 3886 ἀρχὴ,
1022 3813 1585 3886 τεσσαρεσκαιδεκάτη
1632 3814 1773 3872 κατὰ
1834 3813 2094 3885 σελήνην,
2128 3815 2186 3866 ὲν

611 3901 754 3972 κριῷ
798 3901 892 3955 τοῦ
924 3903 1074 3974 ἡλίου
1120 3903 1479 3967 καθεστῶτος.
1527 3903 1748 3961 Necnon
1798 3914 1849 3961 et
1881 3903 2058 3970 Philo,
2091 3904 2185 3974 qui

613 3992 708 4048 lib.
753 3992 825 4046 De
855 3996 961 4050 vita
1001 3995 1164 4049 Musis
1207 3996 1320 4051 haec
1353 3996 1545 4050 scribit
1576 4011 1589 4048 :
1621 3995 1711 4067 Τῷ
1731 3996 1795 4069 δὴ
1830 3997 1959 4067 μηῶ⁵
1989 3996 2183 4068 τούτῳ,

613 4085 741 4156 περὶ
752 4103 804 4138 τε
816 4086 1344 4158 σσαρεσκαιδεκὰτην
1369 4089 1581 4158 ἡμέραν
1607 4088 1890 4158 μέλλοντος
1913 4089 2005 4143 τοῦ
2031 4088 2189 4161 σελη-

612 4175 798 4230 vitam?)
825 4177 1020 4234 κύκλου
1046 4178 1290 4247 γίνεσθαι
1316 4179 1655 4252 πλησιςραοῠς
1675 4220 1689 4243 ,
1721 4181 1914 4250 ἄγεται
1959 4181 2028 4234 τὰ
2057 4183 2188 4236 Δια.-

613 4267 1212 4344 6ατήρια,δημοφανὴς
1264 4271 1450 4342 ἑορτή.
1507 4271 1777 4326 Nimirum
1832 4272 1885 4325 id
1922 4271 2186 4326 inanimo

615 4359 723 4414 illis
751 4369 885 4424 erat,
930 4371 986 4416 ιιι
1012 4360 1078 4414 ad
1113 4361 1255 4423 Iunce
1307 4370 1486 4417 motus
1554 4362 1778 4434 prepius
1828 4359 2182 4425 accederent;

613 4451 718 4509 etsi
753 4462 970 4524 propter
1003 4453 1138 4523 cyeli
1198 4453 1371 4509 labem
1415 4469 1481 4510 ac
1511 4455 1700 4510 vitium
1732 4452 2002 4507 interdum
2029 4452 2188 4506 aber-

2293 3272 2481 3330 ltoram
2511 3285 2674 3334 unam
2709 3276 3044 3338 cxpnngunt.
3105 3265 3242 3320 Nam
3297 3265 3345 3320 si
3379 3267 3548 3321 horas
3579 3260 3822 3336 adieceris.

2291 3363 2576 3418 restabant
2605 3361 2712 3416 365
2741 3361 2860 3415 dies
2891 3357 3044 3431 παρὰ
3095 3359 3246 3429 ὥραν
3276 3358 3425 3428 μίαν.
3467 3355 3619 3411 Unde
3656 3354 3723 3410 illi
3760 3365 3820 3406 se-

2292 3449 2406 3504 xies
2456 3448 2830 3518 multiplicatis
2875 3446 3286 3518 quatuordecim
3360 3446 3566 3510 annis,
3621 3453 3820 3498 mensem

2291 3556 2462 3600 tinum
2512 3539 2882 3609 octuagesimo
2930 3545 3126 3606 quarto
3174 3535 3501 3592 intercalant
3525 3532 3821 3598 anno;adeu

2291 3640 2351 3689 ut
2388 3630 2441 3690 in
2473 3638 2647 3688 totum
2676 3645 2803 3682 xxx:
2840 3641 3056 3682 menses
3088 3627 3141 3681 in
3168 3641 3343 3680 annos
3366 3641 3553 3680 ωηεν
3592 3625 3821 3694 imputet:-

2292 3732 2404 3789 tur,
2455 3736 2580 3776 cum
2615 3729 2761 3775 recta
2811 3720 2947 3775 ratio
2977 3735 3108 3772 χχχι
3150 3733 3385 3782 menses,
3431 3728 3493 3772 et
3551 3717 3664 3775 dies
3704 3727 3822 3773 xxiv,

2293 3830 2417 3874 cum
2455 3815 2607 3869 horis
2649 3815 2682 3868 5
2719 3814 2981 3882 requirat.
3027 3811 3153 3868 llaec
3205 3811 3630 3880 Epiphaniusze
3661 3807 3822 3877 quibus

2293 3905 2572 3962 nonnullis
2605 3903 2930 3964 emendatis,
2965 3920 3088 3973 qua:
3139 3902 3459 3972 singillatim
3501 3901 3822 3958 excutientur,

2293 3996 2437 4059 hanc
2466 3994 2602 4065 cycli
2635 3993 2867 4048 formam
2901 3991 3165 4059 Iieplerus
3197 3990 3359 4044 eruit.

2368 4087 2567 4156 Duplex
2593 4084 2733 4155 apud
2761 4082 2977 4138 Judaeos
3011 4083 3216 4136 lunaris
3245 4082 3372 4136 olim
3400 4079 3590 4151 cyclus
3624 4076 3822 4132 exstitit:

2295 4179 2428 4236 alter
2459 4193 2548 4232 xw
2579 4189 2845 4229 annorum
2869 4214 2884 4239 ,
2943 4173 3161 4236 minor;
3202 4171 3336 4226 alter
3370 4187 3574 4226 Luxtv
3600 4189 3612 4223 :
3641 4177 3828 4232 uterque

2294 4268 2671 4338 septenarius;
2705 4265 2862 4339 cujus
2912 4264 3124 4321 numeri
3162 4271 3379 4336 propter
3413 4260 3728 4316 Sabbaticos
3751 4273 3822 4311 an-

2294 4375 2395 4415 nos
2419 4359 2684 4414 rationem
2713 4357 2964 4410 videntur
3009 4354 3288 4409 habuisse.
3333 4347 3820 4410 Tessaradecaeteris

2293 4467 2359 4510 ex
2401 4452 2617 4509 illorum
2657 4449 2906 4504 instituto
2963 4448 3210 4520 syzygias
3266 4445 3426 4499 habet
3476 4445 3722 4514 integras,
3752 4433 3822 4490 sed

618 4555 819 4600 rarent.
854 4545 1008 4612 Quod
1039 4556 1093 4601 et
1130 4545 1572 4601 Christianorum
1623 4545 1875 4614 exemplo
1914 4543 2184 4598 declarari
2225 4555 2266 4614 ι’)
2297 4541 2435 4595 infra
2473 4541 2670 4601 solaris
2697 4541 2824 4599 anni
2853 4539 3074 4596 modum
3106 4537 3377 4594 consistit.
3414 4535 3548 4591 Post
3570 4551 3618 4588 vr
3647 4533 3821 4589 demum

618 4645 815 4708 potest.
846 4636 982 4691 Nam
1016 4645 1076 4692 ut
1111 4637 1188 4692 illi
1235 4653 1358 4692 cum
1390 4635 1675 4692 Paschalis
1716 4636 2086 4691 celebritatem
2122 4635 2191 4689 ad

616 4729 761 4786 lunzc
781 4729 1116 4800 ψηφισμούς,
1155 4741 1420 4800 quantum
1455 4728 1632 4783 civilis
1658 4743 1792 4782 usus
1824 4727 2050 4796 patitur,
2076 4726 2193 4779 exi-

616 4836 744 4889 gere
766 4831 1110 4885 conarentur,
1142 4819 1304 4888 idque
1330 4820 1383 4872 in
1406 4817 1623 4873 Nicaeno
1653 4817 1886 4873 concilio
1910 4817 2190 4871 decretum

615 4917 782 4974 esset,
813 4908 866 4963 in
895 4918 1046 4963 tanta
1083 4924 1265 4963 rerum
1299 4907 1794 4963 astronomicarum
1851 4909 1970 4962 lucc
2005 4921 2069 4959 ac
2101 4921 2195 4975 pe-

619 4997 765 5060 ritia,
802 5006 980 5056 tamen
1003 4997 1239 5067 ell‘ugere
1267 5012 1374 5052 non
1408 5007 1725 5066 potuerunt,
1745 4999 1877 5066 quin
1906 4997 2190 5050 collectam

619 5089 829 5155 aliquot
853 5090 1066 5146 sacculis
1095 5090 1272 5148 labem
1304 5104 1573 5149 annorum
1596 5090 1664 5146 ad
1699 5089 1813 5144 haec
1839 5098 2024 5142 nostra
2055 5097 2194 5142 tvm-

621 5192 751 5248 pora
775 5187 1168 5249 propagarent;
1195 5189 1304 5234 uta
1335 5178 1467 5234 solis
1494 5187 1642 5239 motu
1670 5177 1854 5232 decem
1885 5186 2027 5232 totos
2053 5179 2193 5240 dies,

622 5286 652 5326 a
684 5271 860 5329 lunari
887 5279 1122 5344 quatuor
1148 5272 1484 5330 aberrarunt.
1512 5270 1780 5342 Quocirca
1822 5271 1960 5326 idem
1991 5269 2194 5325 Judzeis

620 5362 871 5418 evenisse
908 5377 1016 5418 non
1055 5361 1265 5426 dubito,
1309 5371 1371 5418 ut
1397 5377 1585 5418 eorum
1651 5362 1953 5418 ncomenize
2009 5361 2193 5424 biduo,

623 5470 690 5510 ac
714 5454 895 5514 triduo
926 5469 1316 5524 nonnunquam
1346 5470 1377 5508 a
1407 5455 1601 5510 mediis
1659 5454 1803 5513 luna:
1845 5453 2088 5508 motibus
2130 5467 2196 5506 ac

624 5548 768 5608 veris
783 5546 952 5604 etiam
980 5544 1348 5607 deﬂecterent.
1372 5544 1447 5599 De
1467 5545 1618 5616 cyclo
1659 5555 1713 5600 et
1745 5561 2018 5602 annorum
2042 5545 2194 5607 orbe,

623 5634 679 5698 in
708 5651 870 5706 quem
896 5637 1211 5690 ncomeuias
1245 5634 1584 5699 incluserint,
1608 5637 1709 5691 etsi
1738 5637 1872 5693 nihil
1901 5637 2195 5692 admodum

625 5723 844 5790 deliniri,
876 5725 1172 5783 verisimile
1198 5737 1378 5782 tatuen
1407 5726 1663 5788 arbitror,
1700 5727 1847 5795 quod
1879 5729 1931 5780 in
1953 5727 2055 5780 hac
2084 5726 2194 5780 ha:-

627 5817 734 5872 resi
760 5815 1098 5890 Epiphanius
1129 5818 1373 5898 exponit,
1412 5834 1544 5874 usos
1571 5832 1690 5874 esse
1713 5819 1911 5874 Christi
1950 5830 2192 5888 tempore

2294 4633 2876 4690 tessaradecaeteridas
2928 4629 3089 4684 ambo
3135 4631 3186 4681 in
3227 4627 3576 4682 entrcordiam
3621 4621 3732 4679 anni
3761 4627 3822 4672 ut.

2291 4741 2506 4795 cunque
2537 4725 2782 4779 redeunt.
2818 4721 2939 4775 Dixi
2969 4722 3214 4774 lunarem
3258 4733 3461 4773 annum
3505 4714 3704 4771 deliniri
3737 4711 3828 4762 dim

2293 4814 2396 4872 bus
2424 4813 2548 4876 ⁸554,
2577 4814 2696 4868 hor.
2729 4811 2780 4864 8.
2825 4810 2957 4876 Qtne
2988 4811 3034 4866 si
3065 4820 3264 4880 quater
3299 4818 3353 4864 et
3388 4807 3569 4867 decies
3609 4800 3819 4870 multipli-

2293 4918 2505 4970 centur,
2537 4906 2653 4961 dies
2680 4905 2920 4961 elIiciunt
2947 4903 3108 4967 49-36,
3160 4903 3323 4958 horas
3372 4901 3495 4961 lli,
3523 4901 3635 4955 sive
3658 4898 3756 4951 dies
3779 4892 3820 4955 4.

2295 4999 2412 5052 hor.
2445 4998 2531 5061 l6,
2567 4997 2670 5052 hoc
2707 5004 2791 5051 est
2815 4996 2929 5050 dies
2965 4994 3075 5051 fere
3108 4994 3162 5048 5.
3198 4993 3475 5048 Accedunt
3515 4987 3820 5047 intercalaris

2293 5105 2510 5144 menses
2535 5089 2809 5158 quinque,
2856 5087 3067 5144 dierum
3103 5085 3300 5154 singuli
3335 5083 3424 5148 29,
3479 5085 3600 5137 hor.
3657 5078 3732 5132 l2.
3775 5071 3819 5124 lli

2293 5182 2408 5235 dies
2439 5181 2560 5247 H7,
2586 5196 2709 5234 cum
2740 5179 2890 5234 horis
2923 5177 2990 5235 l2
3011 5177 3325 5233 conﬁciunt.
3365 5174 3442 5230 Ex
3477 5173 3672 5242 quibus
3706 5181 3818 5224 sum-

2297 5290 2382 5330 ma
2436 5273 2703 5328 conflatur
2739 5272 2946 5328 dierum
2989 5271 3148 5334 5l05,
3203 5269 3324 5322 hor.
3384 5266 3464 5320 l2.
3501 5263 3760 5321 Postremo
3788 5252 3819 5308 si

2301 5366 2401 5419 ll”)
2427 5365 2546 5420 illas
2571 5369 2732 5418 horas
2763 5362 3011 5434 adiicias,
3043 5361 3158 5416 sive
3189 5360 3307 5414 dies
3335 5360 3390 5422 4,
3422 5358 3543 5410 hor.
3591 5354 3679 5410 l6.
3708 5346 3826 5405 colll-

2296 5466 2496 5526 guntnr
2517 5455 2634 5510 dies
2666 5453 2826 5518 5l08,
2861 5452 2981 5506 hor.
3013 5459 3067 5507 .t.
3115 5449 3156 5503 E
3177 5450 3377 5520 quibus
3404 5449 3470 5503 15
3504 5443 3724 5503 Iulianis
3747 5453 3819 5492 au-

2297 5549 2383 5602 nis
2412 5547 2683 5604 deductis.
2713 5544 2804 5613 qui
2855 5553 2985 5599 sunt
3025 5543 3142 5598 dies
3169 5540 3329 5606 4743,
3369 5540 3486 5594 hor.
3539 5536 3607 5602 6,
3666 5539 3818 5598 supcr-

2296 5647 2456 5694 erunt
2478 5637 2606 5700 559,
2639 5638 2760 5692 hor.
2787 5637 2880 5701 2‘2,
2905 5636 3019 5692 sive
3052 5634 3156 5690 560
3187 5634 3322 5696 dies,
3359 5646 3462 5687 una
3499 5629 3628 5684 hora
3657 5624 3819 5682 minus-

2297 5727 2456 5794 Quod
2501 5727 2549 5782 si
2605 5728 2832 5796 praecise
2885 5725 3004 5780 dies
3034 5725 3086 5778 in
3134 5723 3292 5779 annis
3335 5736 3417 5777 ιιν
3449 5714 3817 5774 intercalentun

2301 5818 2534 5892 primum
2579 5816 2724 5886 quod
2775 5815 2849 5870 ait
2901 5813 3255 5886 Epiphanius,
3284 5809 3438 5872 tertio
3468 5820 3679 5879 quoque
3708 5805 3818 5854 am."
