4064 6406
235 404 322 460 901

1113 395 1200 448 DE
1239 393 1424 450 ANNO
1462 390 1549 448 ET
1593 387 1703 444 DIE
1742 376 2103 442 DOMINICIE
2147 385 2518 440 PASSIONIS.

3361 383 3466 443 96-2

233 520 365 573 diem
414 514 594 584 adjici,
629 514 680 568 id
712 514 779 569 de
813 512 1005 579 primis
1057 528 1130 566 xu
1179 515 1338 568 annis
1386 509 1792 580 intelligendum
1823 510 1868 565 Α
1900 506 2218 575 probantur.
2250 507 2490 559 Primum
2521 505 2661 559 enim
2680 520 2801 560 eum
2823 504 3158 576 Epiphanius
3175 505 3338 570 dicat,
3369 505 3465 560 ιυ-

231 611 328 666 erit
364 626 376 661 :
412 616 466 661 at
486 606 699 660 decimo
749 606 929 670 tertio,
965 613 1022 658 et
1073 614 1268 674 quarto
1318 603 1478 658 annis
1507 603 1622 656 dies
1652 613 1796 653 unus

234 707 527 768 competet;
563 698 636 751 ita
666 694 872 751 utanni
902 711 989 751 atv
1023 697 1142 751 dies
1174 695 1424 750 auferant
1458 689 1599 750 5108
1621 735 1634 758 ,
1672 692 1791 747 hor.

233 791 317 858 12,
341 806 372 846 e
407 790 602 860 quibus
631 790 828 844 ablatis
855 791 1014 844 annis
1053 803 1174 853 xm,
1207 788 1488 843 restabant
1514 783 1638 846 500,
1671 783 1792 837 hor.

233 881 281 934 6.
321 880 511 935 Verum
543 880 801 949 quoniam
833 879 1026 933 ultimo
1048 878 1142 932 illo
1174 893 1318 932 anno
1336 875 1493 930 horae
1525 875 1645 929 dum
1672 874 1796 927 sub-

234 974 368 1028 trahi
418 972 631 1038 debent,
695 970 1211 1026 tessaradecaeteris
1281 969 1476 1024 diebus
1524 965 1795 1022 constabit

235 1063 386 1129 5108,
423 1065 540 1117 1ιοι·.
587 1063 674 1130 10,
714 1065 780 1118 de
825 1063 1026 1133 quibus
1047 1062 1278 1118 detracti
1307 1061 1433 1114 anni
1483 1073 1604 1123 xm,
1636 1059 1795 1112 relin-

233 1165 398 1225 quunt
437 1153 552 1209 dies
576 1154 700 1219 500,
755 1155 875 1208 hor.
902 1153 955 1207 4.
994 1151 1116 1206 Jam
1160 1168 1290 1206 vero
1332 1152 1460 1205 anni
1493 1148 1692 1202 Juliani
1730 1147 1794 1201 14

232 1247 342 1301 dies
371 1245 570 1300 habent
597 1245 754 1308 5115,
782 1247 901 1302 hor.
940 1246 1022 1298 12.
1052 1245 1093 1298 Ε
1117 1246 1318 1315 quibus
1340 1243 1596 1298 detractis
1628 1241 1788 1322 5.108,

233 1336 315 1400 10,
346 1336 539 1406 reliqui
573 1344 700 1390 sunt
728 1337 845 1391 dies
880 1336 932 1400 5,
970 1337 1025 1389 2.
1060 1335 1165 1390 Sed
1198 1335 1393 1390 ablatis
1418 1335 1632 1387 duabus
1683 1333 1792 1385 illis

232 1427 392 1491 horis,
429 1426 724 1482 discrimen
775 1426 1358 1481 tessaradeeaeteridos
1389 1425 1599 1477 lunaris
1631 1433 1684 1477 et
1705 1436 1794 1478 so-

230 1519 353 1572 laris
378 1527 460 1573 est
488 1519 697 1573 dierum
719 1518 980 1588 quinque,
1013 1518 1105 1586 qui
1135 1531 1164 1570 e
1195 1515 1360 1586 cyclis
1399 1514 1546 1568 senis
1581 1513 1790 1568 collecti

229 1619 344 1678 post
398 1623 596 1665 Lxxxlv
639 1622 812 1665 annos
851 1609 967 1664 dies
1025 1609 1341 1676 relinquuat
1386 1607 1476 1672 50,
1510 1607 1601 1676 qui
1638 1606 1792 1661 initio

229 1703 348 1756 anui
377 1702 444 1757 85
473 1703 884 1757 intercalantur.
940 1693 1121 1768 Quare
1151 1702 1658 1757 tessaradecaetcris
1689 1699 1789 1755 Ju-

1895 604 2041 657 dmos
2065 602 2131 655 de
2152 602 2285 656 solis
2313 616 2496 663 cursu,
2537 601 2638 655 hoc
2665 611 2745 656 est
2767 602 2870 656 505
2898 592 2938 666 1·
2964 601 3151 655 horam
3184 601 3469 668 decedere,

1896 696 2010 749 sive
2052 694 2433 749 duodecimam
2459 692 2551 745 τοῦ
2582 693 2920 763 νυχθημέρου
2954 699 3184 762 partem,
3215 693 3358 760 quol
3393 693 3467 746 lla

1896 787 2161 855 Keplerus
2207 785 2424 854 accipit,
2478 791 2538 837 ιιι
2585 783 2798 837 decimo
2829 789 3025 852 quarto
3053 796 3273 852 quoque
3320 795 3468 835 anno

1896 878 2042 932 hora:
2067 875 2169 930 illa:
2200 874 2321 928 dum
2345 875 2752 937 subtrahuntur,
2778 871 2920 926 idem
2953 871 3082 926 etin
3111 871 3287 925 lunari
3319 886 3464 925 anno

1896 968 2213 1039 imprudens
2253 967 2384 1021 facit
2417 983 2431 1019 :
2484 970 2627 1036 quod
2660 980 2836 1034 neque
2863 978 3046 1018 verum
3073 979 3104 1019 e
3136 974 3174 1030 t,
3207 979 3307 1018 nec
3334 962 3460 1032 Epi-

1895 1058 2124 1128 phanius
2146 1057 2433 1126 signiﬁcat.
2470 1055 2602 1108 Nam
2631 1069 2753 1108 cum
2789 1067 2876 1107 xlv
2908 1054 3037 1108 anni
3073 1054 3292 1109 lunares
3324 1054 3467 1107 duo-

1893 1153 2068 1206 decim
2108 1153 2271 1205 horas
2302 1165 2465 1219 supra
2497 1147 2638 1204 5108
2683 1150 2799 1204 dies
2845 1149 3150 1218 colligant,
3204 1142 3469 1218 chlerus

1893 1246 2079 1300 decem
2135 1251 2342 1296 tantum
2396 1243 2559 1294 horas
2609 1241 2874 1305 attribuit,
2932 1245 3212 1308 propterea
3247 1238 3388 1308 quod
3439 1251 3474 1291 θ

1891 1333 2032 1390 5108
2061 1332 2274 1395 diebus,
2306 1329 2566 1398 horisque
2594 1330 2678 1394 12,
2719 1328 2980 1383 tredecim
3027 1328 3188 1383 annis
3236 1323 3475 1382 Iulianis

1890 1424 2172 1488 detractis,
2198 1437 2322 1476 eum
2349 1421 2545 1476 residui
2579 1421 2687 1475 sint
2715 1420 2830 1474 dies
2862 1420 2916 1483 5,
2951 1418 3098 1472 hora:
3121 1418 3175 1482 2,
3199 1419 3297 1473 has
3324 1418 3474 1487 ipsas

1893 1516 2055 1570 horas
2085 1515 2220 1568 duas
2249 1511 2458 1567 eximit.
2507 1511 2686 1576 Quare
2733 1519 2842 1564 tam
2903 1509 2956 1562 in
3016 1507 3192 1562 lunari
3232 1517 3472 1562 twsara-

1891 1605 2251 1669 decaeteride,
2289 1613 2448 1673 quam
2481 1603 2535 1654 in
2562 1597 2799 1665 Iuliana,
2835 1600 3000 1654 horas
3045 1600 3281 1654 detrahit
3309 1600 3469 1664 duas,

1892 1697 2136 1764 adeoque
2166 1704 2290 1765 post
2323 1692 2422 1746 168
2449 1707 2624 1746 annos
2673 1689 2965 1758 utrobique
2997 1688 3114 1744 dies
3143 1703 3286 1742 unus
3323 1690 3468 1758 peri-

231 1794 362 1848 liaua
415 1795 609 1850 diebus
657 1804 872 1851 constat
919 1795 1081 1860 5115,
1138 1795 1257 1848 hor.
1296 1793 1384 1858 1'0,
1421 1793 1630 1849 lunaris
1662 1809 1791 1848 vero
1824 1843 1865 1860 ἢ
1896 1787 2093 1840 mitur:
2121 1783 2267 1855 qttod
2295 1785 2346 1837 in
2380 1798 2523 1836 anno
2557 1780 2737 1834 lunari
2764 1795 2992 1850 prorsus
3020 1789 3104 1834 est
3137 1779 3465 1834 inauditum.

230 1885 387 1947 5108,
444 1885 531 1940 10.
592 1885 724 1953 Quae
771 1888 824 1941 in
883 1888 1028 1942 civili
1084 1901 1186 1942 usu
1250 1888 1322 1942 ita
1356 1888 1788 1956 dispensantur:

230 1980 394 2048 prima
422 1979 934 2035 tesseradeea'eteris
963 1979 1080 2034 dies
1112 1979 1273 2033 habet
1315 1978 1473 2044 5109,
1512 1987 1564 2032 et
1608 1979 1676 2033 de
1705 1991 1796 2047 po-

231 2068 432 2123 steriori
457 2068 876 2136 quatuordecim
912 2067 1077 2122 horas
1099 2065 1340 2135 decerpit
1374 2067 1655 2133 ;secunda
1678 2067 1796 2120 dies

229 2158 427 2212 obtinet
465 2157 629 2222 5108,
663 2158 903 2226 reliquas
930 2169 1058 2212 vero
1119 2155 1186 2210 10
1239 2156 1405 2210 horas
1434 2157 1499 2210 ad
1535 2169 1796 2225 compen-

231 2249 416 2303 sanda's
475 2249 686 2318 priores
740 2248 806 2302 14
835 2257 1060 2318 erogat:
1114 2255 1323 2302 restant
1361 2247 1510 2301 horae
1562 2247 1791 2317 4;quae

232 2349 341 2408 post
365 2355 419 2393 ιιι
447 2340 662 2411 eyelum
691 2353 934 2409 repensze
965 2354 1016 2393 v1
1053 2340 1217 2394 horas
1259 2339 1508 2395 residuas
1549 2338 1790 2408 faciunt;

229 2445 444 2502 quartus
473 2436 662 2507 cyclu‘s
712 2436 877 2490 horas
907 2430 973 2488 16
1001 2435 1239 2505 reliquas
1289 2435 1487 2502 habet;
1539 2438 1725 2507 cyclus
1763 2453 1791 2490 v

228 2523 358 2581 diem
389 2541 560 2581 unum
589 2526 793 2596 adjicit.
829 2527 926 2582 Est
948 2527 1090 2581 enim
1122 2520 1334 2582 dierum
1365 2528 1596 2593 5109,et
1629 2529 1792 2583 hci-as

229 2619 471 2689 relinquit
518 2619 673 2674 duas.
719 2618 916 2690 Cyclus
957 2619 1177 2674 demum
1203 2628 1392 2675 sextus
1432 2621 1598 2675 horas
1636 2619 1672 2673 2
1708 2631 1792 2674 re-

228 2709 429 2779 linquit.
467 2709 817 2779 colligantur
847 2707 965 2763 dies
1022 2709 1074 2762 in
1106 2719 1155 2762 vi
1186 2710 1360 2778 cyclis
1418 2703 1614 2770 50050.
1669 2710 1789 2763 hor.

229 2800 307 2853 12.
353 2799 566 2866 Quibus
597 2799 642 2854 si
679 2797 849 2854 addas
886 2798 1003 2852 dies
1030 2799 1120 2861 50,
1152 2799 1246 2868 qui
1275 2814 1340 2853 ex
1374 2800 1406 2853 5
1431 2808 1789 2868 c0Itsurgunt,

225 2906 354 2960 quos
381 2891 612 2962 singulae
645 2874 1222 2944 tessaradecaeterides
1275 2891 1482 2946 salares
1507 2904 1676 2960 supra
1705 2891 1790 2944 lu-

228 2996 374 3038 nares
427 2982 715 3052 colligunt,
767 2982 882 3037 dies
923 2982 1163 3036 conlient
1213 2978 1414 3044 50080,
1451 2983 1569 3036 hor.
1606 2983 1693 3037 12.
1725 2982 1794 3036 At

227 3074 342 3128 anni
364 3072 568 3128 Iuliani
599 3073 668 3128 81
698 3071 814 3128 dies
848 3073 1124 3142 postulant
1156 3071 1353 3127 50081.
1385 3072 1694 3127 Dill‘erentia
1725 3073 1792 3126 12

229 3164 510 3230 horarum;
563 3180 690 3234 quae
746 3163 1088 3234 perimuntur
1124 3165 1180 3217 in
1231 3163 1399 3232 cyclis
1453 3177 1528 3224 vr,
1583 3162 1688 3217 hoc
1709 3172 1794 3217 est
1819 3201 1865 3263 ο

226 3255 355 3311 bime
403 3256 456 3310 in
503 3270 834 3325 unaquaque
866 3253 1440 3310 tessaradecaeteride.
1483 3253 1790 3323 Quarepo-

226 3352 413 3398 strem'a
425 3345 645 3416 syzygia
669 3343 859 3413 primas
889 3342 1792 3412 ogdoecontatessaradeeaeteritiis

225 3434 332 3490 dies
357 3436 587 3507 requirit
613 3435 987 3490 tantummodo
1012 3433 1104 3498 29,
1158 3434 1276 3488 hor.
1316 3433 1404 3487 12.
1441 3434 1544 3488 Sed
1584 3434 1639 3488 in
1687 3449 1790 3488 usu

226 3527 358 3580 civili
393 3527 632 3583 tricenos
658 3527 858 3590 aufert,
887 3536 941 3581 et
969 3526 1037 3581 de
1072 3527 1320 3597 sequenti
1367 3527 1432 3580 12
1473 3527 1638 3581 horas
1671 3542 1792 3580 mu-

228 3619 426 3680 tuatur;
457 3630 488 3669 e
538 3615 736 3683 quibus
779 3614 964 3669 decem
998 3615 1050 3668 in
1093 3615 1270 3685 primo
1314 3616 1469 3686 cyclo
1505 3616 1788 3681 restitutis,

225 3705 632 3775 conmensanda:
661 3713 791 3762 'sunt
817 3706 958 3761 dum.
995 3705 1089 3762 llis
1118 3708 1186 3760 iw
1213 3709 1452 3763 secunda
1483 3711 1791 3763 tessarade-

226 3795 483 3851 eaeteride
508 3796 733 3866 perinde
761 3796 1008 3860 redditis,
1035 3797 1324 3866 superllme
1356 3809 1487 3852 sunt
1509 3799 1561 3853 8.
1600 3797 1654 3852 lu
1679 3808 1790 3854 ter-

231 3885 298 3940 tia
345 3888 899 3943 mssat-ndecaeteride
955 3890 1179 3959 reliquae
1233 3890 1372 3944 ﬁunt
1409 3891 1557 3944 hora:
1609 3888 1790 3944 18.1n

229 3985 409 4043 quarta
429 3977 618 4032 addito
653 3979 744 4033 die
769 3979 962 4044 solido,
994 3989 1203 4036 restant
1227 3981 1346 4036 hor.
1379 3981 1436 4036 4.
1464 3980 1594 4037 Post
1631 3982 1793 4051 quiu-

229 4076 328 4121 tam
385 4069 990 4126 tessaradeeaeteridem
1041 4071 1107 4126 111
1157 4072 1306 4127 hora:
1361 4083 1674 4141 supersunt.
1729 4074 1790 4128 1n

228 4168 369 4215 sexta
409 4163 528 4216 dies
571 4177 714 4216 unus
758 4162 1033 4216 eximitur.
1062 4162 1408 4234 Colliguntur
1438 4164 1557 4219 dies
1585 4166 1788 4220 30650.

228 4250 457 4321 Adiectis
503 4253 701 4308 diebus
727 4254 815 4315 50,
869 4253 1006 4306 ﬁunt
1035 4254 1233 4308 50680.
1281 4253 1462 4320 Quare
1491 4258 1650 4311 annis
1695 4256 1792 4311 168

227 4343 337 4398 dies
379 4359 530 4399 unus
579 4343 856 4398 eximitur.
889 4341 1004 4398 Hoc
1055 4344 1200 4398 enim
1255 4355 1530 4414 spectasse
1570 4344 1794 4403 Iudaeos

230 4431 482 4503 Keplerus
514 4435 816 4499 existimat,
853 4437 914 4489 ut
942 4435 1084 4504 quod
1110 4450 1313 4490 annum
1351 4437 1632 4492 Julian-um
1677 4441 1792 4494 sci-

1894 1881 2159 1944 Alterum,
2190 1877 2332 1947 quod
2359 1875 2717 1945 Epiphaniam
2744 1873 3028 1942 scripsisse
3049 1881 3222 1942 putat.
3247 1873 3325 1937 τξ¹
3344 1872 3469 1943 ὴμέ-

1898 1984 2016 2044 ραι,
2049 1969 2198 2042 παρὰ
2243 1968 2392 2039 ὥρας
2433 1966 2547 2028 δύο,
2595 1979 2695 2034 pro
2741 1962 2847 2027 τξε¹
2879 1962 3084 2033 ἡμέραι.
3124 1963 3275 2033 παρὰ
3322 1960 3472 2032 ὦρίν

1897 2064 2067 2134 μίαν,
2117 2063 2222 2115 hoc
2275 2070 2359 2114 est
2408 2058 2574 2112 horas
2620 2056 2654 2110 4
2686 2070 2849 2125 supra
2880 2055 2996 2110 dies
3024 2054 3128 2107 500
3169 2065 3471 2123 superesse.

1893 2153 2028 2209 Nam
2054 2155 2106 2207 in
2140 2153 2350 2206 dierum
2383 2161 2613 2203 numero
2648 2155 2793 2200 recte
2823 2145 3129 2214 quinariam
3177 2153 3360 2197 notam
3391 2142 3470 2195 iu-

1894 2244 2192 2301 ducendam
2223 2239 2459 2296 censuit:
2485 2238 2575 2294 sed
2610 2246 2668 2290 ut
2698 2236 2848 2308 παρά
2901 2235 3043 2289 idem
3071 2233 3141 2288 sit
3169 2249 3234 2287 ac
3258 2245 3470 2302 ψειεν,

1893 2336 2146 2393 assentiri
2174 2349 2278 2388 non
2305 2346 2546 2402 possum,
2578 2329 2704 2399 quia
2732 2326 3002 2382 deiectum
3034 2325 3212 2395 potius
3239 2324 3290 2378 in
3318 2324 3471 2392 ejusd-

1893 2427 2037 2482 modi
2092 2423 2495 2481 eonstruuione
2547 2419 2817 2489 signiﬁcat
2848 2432 2861 2469 :
2897 2425 3090 2485 estque
3127 2412 3279 2484 παρὰ
3321 2412 3471 2484 ὥραν

1896 2516 2046 2588 μίαν,
2102 2531 2208 2567 una
2252 2513 2380 2565 liora
2413 2510 2607 2563 minus.
2655 2505 2811 2572 Quod
2847 2514 2901 2560 et
2934 2502 3168 2560 subinde
3212 2501 3472 2572 Keplerns

1893 2610 2168 2682 agnoscit;
2191 2618 2243 2662 et
2277 2607 2510 2676 priorem
2545 2603 2692 2658 illam
2726 2601 2990 2655 rationem
3028 2598 3172 2653 haud
3193 2599 3325 2653 satis
3357 2597 3472 2666 pla-

1893 2718 2015 2758 cere
2039 2700 2142 2755 sibi
2171 2699 2386 2752 fatetur.
2419 2697 2589 2762 Igitur
2620 2693 2909 2763 diligenter
2936 2691 3219 2746 subducais
3262 2701 3326 2744 ac
3353 2699 3466 2744 ten-

1895 2792 2024 2847 tatis
2063 2789 2341 2850 omnibus,
2387 2785 2590 2854 quibus
2633 2781 3010 2836 difﬁcillimum
3059 2780 3205 2833 hunc
3255 2779 3469 2849 cyelum

1895 2894 2134 2940 tractare
2178 2889 2341 2950 atque
2363 2879 2639 2933 illustrare
2696 2887 3002 2945 possemus.
3054 2871 3254 2942 duplici
3289 2872 3340 2924 id
3372 2887 3462 2925 ra-

1893 2978 2041 3032 tione
2071 2971 2434 3045 perfecimus;
2459 2980 2690 3037 quarum
2720 2963 3056 3028 alterutram,
3089 2962 3193 3017 nisi
3211 2961 3474 3029 fallimur,

1893 3083 2050 3139 aequo
2075 3074 2238 3134 atque
2277 3059 2495 3116 erudito
2534 3055 2721 3113 lectori
2747 3055 3126 3125 probabimus.

1964 3248 2146 3306 Prima
2174 3255 2355 3299 autem
2383 3248 2461 3296 est
2493 3236 2763 3308 ejusmodi
2795 3253 2809 3292 :
2849 3233 3016 3290 Judaei
3053 3233 3263 3305 cyelnm
3315 3248 3471 3288 usur-

1894 3344 2097 3414 pabant
2141 3336 2443 3407 duplicem,
2497 3330 2794 3400 majorem,
2854 3342 2918 3382 ac
2972 3326 3240 3380 minorem
3275 3340 3288 3375 :
3330 3324 3473 3414 hunc

1894 3413 2004 3499 atv,
2043 3431 2195 3486 illum
2229 3440 2432 3482 Lxxxw
2458 3434 2752 3477 annormn.
2786 3417 3054 3471 Lunarem
3085 3431 3288 3469 annum
3311 3413 3473 3469 iidem

1893 3523 2121 3596 praecise
2153 3519 2367 3573 dierum
2393 3512 2522 3574 554,
2551 3510 2812 3563 horarum
2860 3508 2896 3561 8
2930 3507 3356 3562 constituebant.
3397 3505 3474 3559 Ita

1893 3615 1947 3668 in
1974 3604 2527 3667 tessaradecaeteride
2549 3602 2667 3656 dies
2705 3609 2865 3654 erant
2893 3597 3055 3658 5108.
3084 3598 3302 3653 horael.
3332 3596 3474 3651 Anni

1893 3704 2117 3758 lunares
2149 3713 2240 3755 xw
2267 3695 2544 3766 simplices
2587 3691 2704 3747 dies
2731 3690 2989 3761 colligunt
3025 3688 3188 3754 4950,
3220 3688 3470 3760 syzygias

1895 3794 2018 3860 168,
2046 3790 2271 3847 alternis
2294 3787 2504 3858 plenas.
2534 3794 2589 3839 et
2617 3797 2800 3845 cavas,
2829 3782 2930 3835 hoc
2967 3789 3046 3834 est
3079 3779 3146 3832 81
3178 3779 3362 3849 plenas
3393 3785 3470 3831 to-

1894 3885 2170 3953 tidemque
2228 3893 2411 3934 cavas.
2476 3873 2754 3930 Accedunt
2817 3871 3172 3926 embolimaeae
3245 3870 3473 3941 syzygia:

1893 3976 2064 4046 plenae
2089 3989 2141 4038 ν,
2179 3971 2293 4026 sive
2319 3965 2435 4024 dies
2469 3965 2591 4021 150.
2623 3963 2787 4017 Fiunt
2818 3962 2871 4016 in
2910 3957 3470 4016 tessaradccaeteride

1893 4068 2011 4123 dies
2047 4063 2208 4126 5106,
2247 4059 2479 4133 syzygiaa
2509 4057 2680 4127 plen-.e
2724 4054 2813 4120 89,
2843 4068 2989 4108 cava:
3019 4053 3124 4116 81;
3168 4059 3464 4119 supersunt

1893 4157 2011 4212 dies
2037 4154 2093 4219 2,
2125 4155 2276 4208 hora:
2305 4151 2359 4205 4.
2397 4145 2704 4203 Reservatis
2747 4143 2898 4197 horis
2925 4143 2978 4196 in
3008 4142 3168 4194 tinem
3193 4141 3329 4211 cycli
3366 4155 3472 4193 ma-

1889 4248 2026 4319 joris
2055 4287 2070 4314 ,
2122 4244 2392 4314 reliquum
2442 4239 2668 4294 biduum
2719 4229 2787 4290 ad
2835 4235 2970 4289 duas
3017 4247 3180 4287 caras
3227 4233 3470 4319 syzygias

1894 4317 2211 4408 adjunctum
2243 4334 2474 4388 totidem
2506 4345 2536 4385 e
2564 4343 2822 4384 cavarum
2849 4341 3079 4381 numero
3114 4325 3370 4380 detrahit.
3398 4317 3468 4379 lta

1897 4434 2032 4488 ﬁunt
2055 4430 2118 4485 91
2152 4429 2347 4500 plenae,
2401 4440 2546 4480 cara:
2575 4423 2645 4477 82
2675 4423 2728 4476 in
2754 4429 2862 4474 tota
2899 4415 3469 4480 tcssaradecaeteride,

229 4529 577 4595 rent-tropico
608 4526 870 4596 majorem
904 4539 1046 4590 esse,
1083 4542 1259 4595 neque
1282 4529 1354 4582 de
1393 4529 1586 4598 tropici
1617 4546 1791 4599 quan-
1825 4531 1867 4586 D
1896 4525 2016 4579 dies
2065 4519 2227 4575 5108.
2263 4517 2420 4584 Quod
2454 4515 2500 4571 si
2529 4513 2654 4584 quis
2700 4510 3266 4599 embolimosimenses
3292 4521 3326 4560 ν
3361 4505 3467 4599 sin-

231 4617 376 4673 titate
406 4623 704 4681 constaret,
739 4619 792 4672 in
821 4617 982 4672 annis
1025 4617 1127 4671 168
1155 4618 1298 4672 diem
1329 4635 1500 4673 unum
1545 4622 1793 4676 detrahe-

229 4719 374 4776 rent;
400 4711 496 4781 qui
547 4719 677 4766 suut
699 4711 838 4780 cycli
872 4711 1112 4765 minores
1149 4725 1248 4776 xn,
1293 4713 1530 4783 majores
1561 4731 1618 4769 ιι.
1659 4714 1792 4771 Nam

233 4802 326 4856 108
351 4802 555 4858 Juliani
571 4804 692 4858 dies
719 4803 999 4873 postulant
1019 4803 1217 4858 01502.
1253 4805 1319 4859 At
1357 4807 1494 4874 cycli
1530 4809 1641 4862 duo
1674 4823 1794 4862 ma-

224 4893 366 4962 jores
394 4905 449 4951 et
477 4895 582 4950 168
632 4896 762 4951 anni
806 4895 1024 4965 'tropici,
1075 4897 1190 4951 dies
1217 4896 1417 4953 61561.
1466 4901 1544 4953 ιω
1570 4900 1794 4968 quidem

226 4983 394 5040 Judaei
425 4995 552 5052 post
586 4999 761 5041 annos
789 4983 860 5039 84
910 4985 1095 5040 lunam
1125 5001 1250 5041 cum
1282 4987 1398 5042 sole
1432 4987 1588 5056 paria
1611 4986 1796 5042 facere

227 5076 327 5132 sibi
353 5085 759 5147 persuaserant.
783 5074 898 5130 Sed
929 5087 1038 5130 non
1063 5076 1136 5130 ita
1157 5081 1262 5132 est.
1292 5078 1427 5131 Nam
1454 5075 1526 5130 84
1547 5076 1675 5130 anui
1714 5077 1797 5131 lu-

230 5179 408 5234 nares,
439 5167 547 5223 b'oc
575 5175 660 5222 est
691 5167 828 5238 cycli
859 5165 1388 5222 decemnovennales
1419 5167 1456 5220 4
1486 5177 1610 5222 eam
1641 5176 1796 5222 oeta-

227 5257 427 5313 eteride
457 5258 822 5328 dies-enimat
850 5256 1051 5322 50082,
1086 5258 1214 5312 hor.
1244 5257 1298 5322 6,
1323 5257 1405 5311 51'
1431 5256 1561 5311 fere.
1595 5257 1800 5312 Biscri.

229 5365 349 5405 men
399 5368 437 5405 a
469 5350 700 5406 Iulianis
751 5351 916 5406 annis
963 5349 1034 5404 81
1069 5360 1154 5405 est
1196 5349 1300 5405 diei
1346 5349 1400 5413 1,
1443 5349 1566 5403 hor,
1599 5348 1655 5412 0,
1685 5347 1795 5403 51’.

229 5439 404 5505 Quare
439 5442 611 5497 biduo
633 5441 1029 5512 propemodum
1048 5439 1348 5495 neomeniae
1372 5437 1606 5508 politiae
1654 5436 1800 5492 anti-

227 5527 476 5598 cipa-ntur
509 5531 562 5585 in
590 5531 750 5603 eyeio
766 5528 1022 5585 Judaico.

294 5618 418 5677 Hae
445 5622 760 5676 summatim
783 5620 1050 5690 Kepterus
1068 5635 1083 5685 ;
1104 5619 1204 5691 qui
1242 5619 1296 5674 in
1325 5618 1514 5674 Graeco
1536 5629 1799 5675 contextu

228 5713 487 5767 nomth
526 5721 846 5780 commutat,
874 5727 999 5783 quae
1039 5713 1202 5782 paulo
1239 5720 1366 5783 post
1391 5711 1796 5766 adnotab'rmus.

231 5806 388 5874 Atqui
409 5807 534 5862 duo
563 5815 692 5864 sunt
721 5806 776 5862 in
803 5805 1164 5882 ejus_ratione
1187 5820 1315 5875 quae
1347 5804 1479 5859 mihi
1519 5818 1625 5860 non
1663 5802 1798 5860 satis

1896 4614 2053 4685 gulos
2104 4612 2319 4665 dierum
2369 4609 2636 4662 duntaxat
2683 4602 2776 4665 29,
2822 4602 2943 4655 hor.
3003 4591 3070 4653 12
3123 4611 3245 4652 esse
3294 4595 3468 4685 malit,

1896 4684 2058 4760 addat
2086 4702 2153 4756 ad
2187 4699 2347 4764 1950,
2385 4699 2501 4754 dies
2530 4696 2652 4758 147,
2707 4695 2825 4748 hor.
2867 4692 2952 4747 12.
2989 4690 3329 4762 Colliguntur
3355 4684 3467 4744 dies

1897 4799 2058 4862 5105,
2099 4797 2222 4851 hor.
2255 4793 2360 4858 12;
2391 4806 2513 4861 quae
2546 4805 2575 4844 e
2607 4786 2763 4850 5108,
2800 4785 2919 4840 hor.
2955 4784 2988 4838 4
3014 4781 3276 4848 detracta,
3309 4777 3467 4835 relin-

1896 4896 2074 4961 quunt
2101 4887 2218 4941 dies
2252 4885 2309 4945 4,
2343 4883 2460 4936 hor.
2501 4879 2587 4935 16.
2612 4877 2866 4948 Equibus
2895 4873 3179 4929 duodecim
3209 4867 3358 4927 horae
3381 4873 3467 4928 de-

1896 4981 2093 5040 ductae,
2121 4985 2176 5032 et
2197 4973 2264 5030 ad
2297 4973 2543 5025 ultimam
2576 4965 2951 5022 intercalarem
2983 4961 3280 5034 syzygiam,
3306 4976 3468 5031 quam

1897 5070 2110 5125 dierum
2144 5065 2238 5131 29,
2271 5065 2393 5118 hor.
2428 5063 2495 5115 12
2546 5057 2839 5114 statuimus
2882 5054 3226 5119 accedentes,
3255 5052 3469 5122 plenam

1898 5162 2048 5218 illam
2078 5159 2340 5216 eﬁieiunt.
2365 5145 2508 5208 Tum
2564 5166 2693 5205 vero
2727 5158 2963 5220 quatuor
3010 5139 3084 5201 illi
3115 5139 3232 5201 dies
3265 5160 3295 5200 e
3325 5145 3470 5201 cavis

1899 5255 2142 5329 syzygiis
2171 5253 2395 5308 totidem
2425 5249 2616 5320 plenas
2670 5244 3036 5329 constituunt.
3092 5229 3260 5329 Unde;
3300 5241 3470 5311 plena

1899 5327 2135 5421 svzygia:
2161 5342 2466 5399 conﬂantur
2501 5339 2592 5403 9-1,
2623 5352 2771 5392 cava!
2797 5327 2890 5398 82,
2928 5342 2989 5421 ut
3032 5341 3215 5388 antea.
3244 5327 3468 5421 Restant

1898 5410 2130 5496 ιιὶπὲι.
2153 5436 2420 5490 Caeterum
2443 5427 2788 5488 anniJuliani
2820 5427 2907 5494 14,
2927 5419 3044 5481 dies
3061 5424 3285 5492 exigunt
3306 5410 3468 5486 5115,

1899 5530 2065 5585 hor-as
2100 5526 2187 5581 12.
2217 5524 2488 5579 Lunarem
2536 5520 2702 5591 igitur
2737 5505 3343 5573 tessaradecaeteridem
3382 5524 3460 5563 εο-

1900 5618 2033 5674 laris
2053 5624 2281 5686 superat
2310 5613 2504 5669 diebus
2536 5611 2591 5676 5,
2621 5610 2743 5664 hor.
2785 5606 2840 5662 8.
2873 5599 2976 5662 Sed
3010 5602 3468 5659 tessatadecaete-

1899 5709 2045 5763 rides
2079 5708 2300 5762 lunares
2348 5720 2424 5770 γι,
2463 5703 2577 5759 sive
2626 5699 2756 5755 anni
2806 5711 3005 5753 Lxxxw
3035 5688 3152 5749 dies
3204 5687 3465 5760 colligunt

1903 5789 2078 5856 10679
2100 5838 2115 5864 ,
2146 5797 2355 5856 solares
2391 5809 2519 5851 vero
2551 5791 2796 5858 totidem,
2836 5788 2954 5844 dies
3001 5781 3196 5842 40681.
3236 5777 3466 5837 Biduum
