4064 6406
592 355 698 408 953

1735 350 2072 406 APPENDIX
2118 350 2739 413 lHSSEliTATiUNL'M.
3720 372 3800 431 901

593 489 724 543 ergo
771 472 920 527 deest
952 471 1690 541 og-iocconta:cssaracteridi
1729 474 1906 528 lunari
1927 476 1995 530 ad
2047 477 2180 531 solis
2209 480 2253 536 Α
2287 477 2462 533 tiones
2481 479 2810 550 aquuarei.
2849 481 2922 536 Ex
2951 499 3062 554 quo
3098 485 3228 541 illttd
3246 487 3407 540 etiam
3436 498 3802 562 apparet,cuju3

595 568 840 621 rationes
867 565 1269 634 adipiserndas.

668 656 867 712 Verum
892 658 1130 713 aliudcst
1146 657 1432 728 τεχνικῶς,
1464 667 1510 712 et
1539 658 1602 712 ad
1625 659 1936 713 methodunt
1964 660 2174 730 cyclum

596 749 938 813 describere;
974 750 1121 803 aliud
1151 751 1216 803 ad
1245 749 1458 803 civilem
1489 760 1705 821 captum
1739 753 2173 806 acconttnodarv.

596 839 1132 896 Tessaradecaeteris
1178 840 1405 894 Jttdaica
1459 859 1524 895 ex
1586 843 1858 906 methodo,
1907 851 1959 896 et
2017 860 2176 912 φυσι-

597 934 707 997 κῶς
735 935 851 990 dies
884 936 1074 988 habuit
1113 936 1275 999 5108,
1325 937 1486 990 horas
1516 937 1580 1002 Ii;
1614 935 1828 990 Jnliana
1862 952 1988 990 vero
2014 937 2174 1000 5115,

597 1027 716 1079 hor.
754 1027 840 1083 1‘2;
861 1027 1034 1096 major
1053 1029 1167 1082 lucc
1195 1039 1278 1082 est
1307 1029 1393 1082 illa
1426 1029 1619 1082 diebus
1642 1030 1694 1092 5,
1717 1030 1836 1081 hor.
1863 1029 1913 1082 8.
1945 1029 2012 1083 At
2032 1031 2179 1082 πολι-

593 1118 765 1180 τικῶς
783 1119 1022 1173 solidies
1054 1129 1429 1184 numerantur,
1458 1120 1603 1174 hunc
1627 1120 1972 1185 dill‘ernntnr,
2004 1123 2178 1178 donec

598 1210 832 1263 solidum
863 1210 1005 1262 diem
1034 1211 1326 1279 :ttligerittl.
1360 1210 1626 1275 Quocirca
1659 1211 1808 1280 prior
1835 1213 2022 1282 cyclus
2061 1214 2178 1267 dies

597 1302 810 1353 olit'net
839 1299 996 1364 5108,
1034 1301 1285 1370 syzygias
1317 1300 1436 1361 175,
1471 1316 1702 1368 quat-um
1741 1303 1911 1370 plcme
1936 1315 2063 1356 sunt
2087 1303 2174 1366 91,

597 1407 743 1443 cavae
773 1391 842 1442 82
871 1405 882 1440 :
930 1405 1052 1458 quae
1083 1389 1325 1453 alternis,
1356 1391 1535 1458 quoad
1572 1391 1686 1444 lieri
1724 1399 1921 1460 potest,
1948 1392 2166 1459 dispen-

597 1489 809 1542 santur,
850 1496 1042 1535 novem
1085 1481 1347 1549 exceptis,
1389 1482 1591 1551 quibus
1615 1481 1789 1550 plenae
1821 1496 1986 1535 cavas
2015 1497 2176 1535 cxce—

598 1571 750 1626 tlunt.
780 1572 936 1627 llone
979 1573 1012 1625 4
1055 1577 1107 1626 itt
1153 1574 1289 1644 cycli
1333 1574 1558 1644 majoris
1607 1575 1766 1629 linem
1804 1584 2175 1628 reserv'antur.

598 1665 808 1720 Rursus
879 1664 1094 1721 Juliana
1144 1667 1657 1723 tessararlecaeteris
1710 1667 1942 1723 civiliter
1986 1666 2178 1720 diebus

595 1767 812 1813 constat
826 1759 889 1814 51
905 1759 1122 1822 15;ιιιιιιι
1137 1758 1280 1811 hora:
1299 1758 1765 1827 12relinquuntur.
1781 1759 1984 1814 Desunt
1998 1761 2179 1829 itaque

2281 584 2445 623 causa
2477 571 2905 639 disputationem
2935 574 3076 628 hanc
3101 577 3331 646 ingressi
3362 585 3805 650 sumus;qttemad-

2283 665 2504 717 tnodunt
2540 664 2800 722 Judaicns
2828 669 3012 738 cyclus
3057 672 3368 725 neomenias
3395 673 3642 742 codestes,
3664 679 3806 733 triduo

2282 756 2362 809 vel
2386 756 2716 824 quatriduo;
2762 761 3089 828 mquinoctia
3128 762 3292 816 biduo
3325 766 3576 832 paulatim
3603 769 3808 823 antever-

2283 858 2377 902 1a1.
2411 846 2519 901 Etsi
2556 864 2663 902 non
2696 850 2819 918 plus
2850 851 2998 906 bidui
3028 855 3407 910 antecessione
3467 857 3578 912 ﬁeri
3617 862 3808 915 credidit

2283 938 2652 1009 Epiphanius;
2686 945 2788 996 hoc
2815 945 3074 999 estanuis
3098 962 3294 1000 untv
3321 947 3598 1004 lunaribus
3625 953 3805 1008 totidem

2282 1045 2311 1082 a
2341 1028 2545 1084 Judzeis
2589 1031 2901 1100 assignatus
2949 1034 3100 1096 dies,
3140 1044 3274 1104 quot
3327 1037 3380 1091 in
3432 1039 3584 1094 annis
3618 1038 3808 1098 Juliattis

2282 1123 2496 1180 insunt:
2536 1140 2730 1194 nempe
2762 1126 2928 1181 40681
2966 1145 2976 1178 :
3008 1137 3066 1182 ttt
3104 1138 3214 1182 tum
3260 1130 3408 1199 justa
3449 1134 3805 1189 neomcniamm

2280 1215 2728 1302 ἀποκοατάστασις
2757 1233 2880 1272 esse
2914 1221 3171 1288 potuerit.
3203 1219 3337 1274 Nam
3359 1238 3422 1276 ex
3457 1223 3597 1279 illius
3619 1225 3706 1279 hoc
3720 1243 3810 1279 vir-

2283 1305 2366 1359 bis
2411 1316 2586 1374 potest
2615 1307 2794 1378 colligi
2822 1326 2836 1374 ;
2878 1309 3078 1376 quibus
3103 1311 3499 1378 aequinoctium
3543 1327 3602 1367 ac
3630 1314 3810 1383 plenilu-

2281 1395 2432 1448 nium
2465 1395 2553 1450 dic
2580 1396 2758 1452 Martii
2789 1415 2900 1452 xxu
2944 1399 3237 1470 contigisse
3284 1401 3629 1464 docuit,1’eria
3655 1419 3687 1468 ι,
3713 1420 3808 1457 cunt

2282 1485 2336 1538 in
2362 1485 2560 1541 vitioso
2584 1485 2900 1542 .ludaeorum
2933 1489 3083 1560 cyclo
3115 1490 3165 1544 id
3193 1491 3455 1546 acciderit
3492 1493 3576 1547 die
3605 1509 3684 1547 xx.
3705 1493 3808 1547 Nam

2282 1592 2375 1631 xw
2410 1577 2596 1630 lunam
2629 1578 2704 1630 ait
2751 1578 3049 1632 incurrisse
3086 1579 3138 1632 in
3171 1578 3360 1633 feriam
3391 1596 3448 1644 v,
3495 1597 3611 1650 quae
3653 1596 3813 1636 conve-

2283 1667 2462 1720 niebat
2488 1666 2662 1721 Martii
2688 1684 2797 1720 χιχ.
2830 1666 3059 1722 Biduum
3082 1669 3249 1738 igitur
3264 1670 3331 1724 ad
3347 1669 3630 1727 Judaicutn
3648 1687 3812 1726 annum

2287 1766 2393 1811 tam
2427 1758 2686 1818 solarem.
2722 1775 2886 1828 quam
2937 1759 3179 1814 iuuarent
3217 1760 3390 1816 defuit
3425 1761 3693 1832 Epiphanii
3717 1779 3815 1819 scn-

597 1855 740 1903 tuna:
771 1851 836 1904 ad
870 1849 1105 1904 solarcm
1159 1857 1366 1903 motum
1399 1859 1514 1903 dies
1547 1849 1600 1902 5.
1658 1849 1807 1914 Quos
1838 1848 2177 1918 Epiphanius
2214 1837 2250 1889 Β
2283 1855 2448 1908 tentia
2487 1875 2497 1908 :
2533 1855 2678 1925 quod
2705 1865 2762 1910 ιιι
2785 1857 3118 1921 ostenderet,
3168 1868 3335 1912 totam
3372 1860 3518 1914 illam
3541 1860 3604 1915 de
3627 1860 3816 1915 Judaico

597 1941 652 1994 in
711 1940 1148 2010 octuagesimnm
1192 1949 1452 2006 quartum
1504 1955 1731 2004 annum,
1762 1941 1875 1994 sive
1903 1940 2037 2010 ejcli
2071 1956 2182 1994 ma-

591 2032 734 2100 joris
763 2033 924 2086 tinem
958 2038 1266 2085 rescrvatos
1295 2032 1474 2094 docet,
1501 2043 1559 2085 ut
1585 2040 1694 2086 tum
1729 2032 1943 2086 demum
1968 2033 2178 2088 solidus

595 2125 804 2177 mensis
835 2134 988 2177 extra
1019 2125 1264 2177 ordinem
1297 2125 1652 2179 intercalatus
1678 2125 1859 2181 fuerit.
1879 2125 2047 2196 Igitur
2074 2129 2176 2182 inv

593 2217 870 2285 prioribus
899 2217 1090 2286 cyt-lis,
1127 2217 1218 2286 qui
1252 2218 1452 2287 singuli
1484 2219 1599 2274 dies
1644 2219 1846 2273 habent
1895 2220 2056 2286 5108,
2090 2237 2179 2292 sy-

595 2310 761 2379 zygiae
787 2319 914 2363 sunt
965 2310 1086 2369 175,
1130 2311 1302 2378 plena:
1357 2311 1446 2374 91,
1489 2326 1636 2365 cava:
1683 2311 1773 2364 82.
1817 2311 2174 2377 Postremus,

591 2405 708 2457 sive
745 2414 954 2468 sextus,
996 2403 1116 2457 dies
1155 2404 1366 2475 colligit
1400 2405 1562 2470 5109,
1601 2405 1788 2460 addito
1819 2422 1951 2472 uno,
1983 2407 2074 2476 qui
2110 2424 2174 2462 ex

590 2496 678 2549 bo;
698 2496 743 2550 is
776 2495 809 2548 4
838 2498 1235 2566 appendicibus
1266 2497 1561 2552 conﬂatur.
1613 2499 1826 2553 Accidit
1849 2500 2041 2554 deinde
2064 2501 2176 2570 ple-

588 2605 692 2642 nus
722 2605 787 2643 ex
817 2589 1010 2643 diebus
1051 2589 1082 2643 5
1135 2591 1378 2653 mensis,
1437 2591 1530 2658 qui
1583 2590 1815 2661 singulis
1867 2593 2174 2647 tessarade-

587 2681 962 2736 caeteridibus.
1009 2683 1184 2737 relicti
1232 2693 1378 2737 sunt.
1429 2686 1505 2737 lta
1553 2686 1788 2755 syzygiis
1823 2694 2038 2739 constat
2090 2686 2177 2740 hic

587 2776 773 2847 cyclns
803 2776 1029 2829 ultimus
1060 2777 1182 2840 17-1,
1203 2777 1376 2845 plenis
1401 2777 1492 2840 95,
1524 2777 1676 2831 cavis
1705 2777 1791 2830 81.
1827 2777 2178 2847 Colligutttur

587 2866 823 2937 syzygia:
876 2867 930 2919 itt
977 2865 1047 2920 81
1097 2866 1276 2928 annis,
1333 2866 1508 2932 1039;
1567 2881 1801 2935 quarunt
1831 2867 2003 2935 plena:
2043 2881 2177 2923 sunt

589 2957 718 3023 548,
761 2972 908 3011 cava:
941 2957 1036 3011 491
1066 2975 1080 3025 ;
1125 2958 1424 3011 dilferentia
1481 2959 1788 3027 plenarum,
1811 2969 1866 3012 et
1893 2973 2174 3027 cavarum,

585 3048 676 3102 45.
728 3047 853 3102 Dies
902 3063 1066 3118 porro
1099 3059 1228 3103 sunt
1253 3048 1452 3102 40679.
1485 3049 1564 3102 Ad
1595 3049 1740 3103 hunc
1775 3049 2000 3104 modum
2026 3052 2176 3105 ordi-

586 3141 706 3196 nari
740 3151 994 3212 poterunt
1027 3143 1268 3197 minores
1297 3142 1388 3197 isti
1424 3143 1583 3214 cycli.
1645 3141 1842 3197 Verum
1870 3145 1915 3200 si
1945 3143 2172 3201 alternis

585 3236 872 3306 plenorum
911 3250 1283 3304 carorumque
1323 3236 1596 3290 mensium
1652 3247 2008 3307 propagatam
2041 3251 2170 3293 suc-

583 3331 892 3387 cessionem
928 3332 1184 3393 velimus,
1212 3330 1508 3384 bt-llissime
1539 3330 1590 3384 id
1612 3330 1727 3382 lieri
1757 3331 1968 3398 potuit:
1993 3345 2172 3398 quan-

579 3425 877 3495 doquidem
931 3426 1049 3479 dies
1098 3423 1274 3479 10679
1323 3441 1417 3494 per
1459 3423 1527 3478 59
1560 3424 1718 3479 divisi
1755 3423 1888 3478 dant
1918 3425 2170 3494 syzygias

581 3518 770 3588 plenas
795 3518 921 3582 5:10,
948 3533 1111 3574 cavas
1145 3518 1269 3582 519,
1299 3531 1352 3572 et
1377 3517 1447 3571 28
1469 3517 1586 3572 dies
1609 3517 1873 3587 reliquos,
1897 3517 1990 3586 qui
2018 3525 2074 3569 nt
2101 3514 2167 3569 ad

577 3609 783 3680 justam
846 3610 1122 3680 syzygiam
1173 3611 1516 3678 perveniant,
1579 3623 1723 3662 unus
1773 3608 1894 3662 dies
1943 3622 1974 3662 e
2010 3607 2169 3676 plena

580 3701 839 3770 quapiam
873 3699 1083 3752 detrahi
1122 3709 1330 3768 potest;
1363 3713 1473 3767 quo
1514 3699 1626 3754 sint
1651 3700 1820 3768 plenae
1850 3697 1977 3761 519,
2014 3711 2164 3753 cava:

585 3795 710 3849 521.
744 3792 859 3848 Hoc
886 3793 933 3846 si
957 3791 1130 3845 Judrei
1162 3800 1276 3845 tum
1311 3789 1670 3857 instituerint,
1711 3790 2170 3846 tessaradecaete—

581 3893 756 3948 rident
811 3892 878 3946 ad
915 3889 1229 3944 methodum
1282 3890 1550 3942 duntaxat
1607 3896 1982 3958 usurparunt;
2039 3903 2165 3943 cum

581 3983 818 4039 civiliter
869 3995 1081 4035 ιιιοιιδρε
1132 3979 1362 4034 alternis
1393 3977 1462 4034 50
1496 3988 1550 4033 et
1577 3979 1648 4033 29
1682 3979 1797 4034 dies
1836 3977 2194 4034 obtinerent.-

580 4076 796 4131 Atenim
833 4074 982 4128 orbis
1037 4074 1124 4127 hic
1155 4086 1424 4126 annorum
1484 4086 1686 4126 Lxxxw
1737 4071 1891 4125 abest
1933 4086 1963 4124 a
2000 4071 2168 4126 solari

581 4167 870 4223 ratiocinio
896 4168 1062 4222 biduo
1085 4166 1325 4233 integro;
1357 4181 1387 4220 a
1419 4165 1598 4218 lunari
1633 4165 1921 4233 vero-plus
1962 4164 2164 4219 triduo.

580 4261 715 4316 Nam
739 4258 941 4314 Iuliani
967 4258 1035 4312 81
1065 4259 1223 4313 annis
1245 4259 1362 4312 dies
1391 4259 1686 4312 coniiciunt
1708 4257 1915 4322 40681;
1946 4257 2166 4311 lunares

579 4369 710 4410 vero
741 4353 1043 4409 secundum
1080 4351 1290 4405 medios
1319 4358 1501 4405 metus
1529 4349 1724 4412 40682,
1778 4349 1902 4404 hor.
1957 4348 2010 4411 6,
2058 4347 2161 4403 51’.

579 4445 791 4502 Desunt
868 4446 1053 4515 itaque
1124 4441 1871 4513 ogdoecontatessaraeteridi
1923 4439 2165 4495 Judaicaa

577 4540 703 4595 dies
759 4541 813 4602 5,
851 4541 968 4593 hor.
1001 4537 1055 4592 ’1.
1093 4536 1237 4591 Sane
1267 4535 1473 4590 Judwis
1508 4535 1561 4588 in
1599 4534 1704 4590 hoc
1735 4549 2004 4588 annorum
2055 4532 2164 4588 cir-
2195 4554 2240 4608 Β

577 4629 730 4684 cuitu
779 4643 905 4682 cum
940 4626 1218 4680 lunarium
1259 4624 1670 4678 ncotncniarum
1720 4623 2164 4676 ἀποκατάστασιν

576 4721 731 4788 ﬁeri;
767 4729 880 4774 tum
915 4719 1083 4774 solem
1113 4733 1236 4773 cum
1268 4716 1396 4770 luna
1422 4716 1574 4786 paria
1607 4715 1805 4779 facere,
1838 4729 2164 4785 persuasum

575 4828 702 4868 esse
731 4811 990 4882 oportuit.
1017 4807 1459 4878 Alioquinullam
1487 4807 1623 4878 cycli
1650 4807 1816 4876 hujus
1848 4805 2164 4861 instituendi

573 4917 806 4959 causam
834 4902 1173 4957 habuissent.
1201 4899 1383 4966 Quare
1415 4907 1523 4952 tam
1547 4897 1599 4951 in
1628 4899 1826 4953 solaris
1847 4898 1975 4951 anni
1999 4912 2163 4966 quam

579 4995 794 5048 iunaris
823 4993 986 5047 modo
1039 4989 1346 5045 deﬁniendo
1401 4989 1691 5042 aberrasse
1727 5003 1956 5043 necesse
1983 4997 2067 5041 est
2098 4987 2167 5041 ab

585 5086 874 5152 utriusque
928 5082 1271 5148 rationibus;
1332 5089 1386 5134 et.
1425 5081 1672 5134 lunarem
1701 5079 1920 5148 quidem
1952 5077 2163 5132 dierum

578 5176 709 5235 551.
741 5175 1002 5228 horarum
1033 5173 1066 5226 8
1100 5172 1328 5242 praecise
1348 5169 1734 5235 constituisse;
1772 5169 2003 5224 solaretn
2035 5181 2168 5222 vero

582 5267 710 5333 565,
753 5266 876 5320 hor.
905 5262 960 5328 5,
993 5250 1264 5329 minus-3
1303 5263 1417 5320 sive
1443 5251 1495 5334 ζ,
1531 5276 1728 5331 nempe
1781 5262 1990 5316 dierum
2034 5260 2162 5325 565,

579 5364 702 5420 hor.
741 5359 792 5425 5.,
814 5359 899 5414 51'
917 5353 953 5428 ξι
971 5358 1075 5422 vel,
1103 5356 1227 5424 565,
1243 5359 1337 5420 51,
1366 5360 1446 5413 17¹
1467 5352 1522 5430 -‘,-.
1542 5359 1698 5425 Quod
1722 5357 1958 5414 fortasse
1975 5373 2163 5413 verum

576 5465 683 5511 est.
717 5450 856 5506 Nam
891 5450 1035 5522 quod
1067 5449 1132 5504 ad
1162 5449 1330 5504 solem
1357 5459 1584 5520 spectat,
1619 5438 1756 5505 cum.
1779 5449 1961 5504 minus
1997 5463 2163 5519 quam

576 5549 616 5602 6
662 5548 829 5603 horas
881 5545 1207 5617 appendices
1261 5543 1326 5598 ad
1371 5543 1476 5599 565
1525 5544 1641 5598 dies
1692 5543 2000 5596 addendum
2045 5553 2167 5594 esse

583 5637 807 5703 scirent,
856 5636 901 5693 si
943 5638 1189 5691 lunarem
1221 5650 1427 5690 annum
1481 5634 1708 5704 praecise
1755 5634 1968 5689 dierum
2026 5631 2163 5700 554,

583 5729 705 5786 hor.
735 5730 769 5785 8
803 5729 1063 5795 facerent,
1095 5744 1216 5784 eam
1245 5729 1346 5784 soli
1393 5726 1754 5799 quantitatem
1791 5726 2036 5779 tribttere
2069 5739 2163 5794 po-

584 5829 827 5891 tuerunt,
855 5838 976 5894 quae
1010 5837 1156 5880 anno
1191 5821 1524 5895 septenario,
1569 5819 1621 5876 id
1671 5829 1754 5876 est
1780 5817 1872 5883 81,
1904 5817 2048 5872 lunae
2083 5831 2164 5872 ra-

2279 1945 2432 2016 eyclo
2460 1945 2902 2000 dissertationcm
2935 1963 3225 2018 aggressus
3253 1961 3354 2015 est,
3413 1951 3736 2023 indidemque
3774 1955 3817 2010 id

2277 2037 2423 2106 quod
2446 2039 2608 2092 modo
2638 2039 2843 2094 dictum
2872 2049 2957 2094 est
2987 2041 3292 2108 eonllcitur,
3334 2041 3551 2099 Judaeus
3575 2046 3818 2116 utriusque

2278 2129 2406 2182 anni
2443 2130 2892 2185 ἀποκατάστασιν
2913 2131 3103 2187 diebus
3132 2132 3310 2187 40679
3328 2135 3513 2204 perﬁci
3530 2137 3815 2201 credidisse;

2279 2218 2644 2289 Epiphanium
2672 2239 2802 2278 vero
2835 2223 3060 2278 biduum
3099 2226 3276 2281 solum
3307 2229 3590 2284 amborum
3617 2230 3816 2285 siderum

2277 2311 2560 2380 pariandis
2591 2313 2899 2369 rationibus
2931 2316 3122 2370 deesse
3155 2317 3312 2371 velle.

2349 2402 2476 2459 llaec
2504 2414 2585 2460 est
2617 2407 2766 2476 prior
2797 2407 2960 2476 hujus
2988 2408 3120 2479 cycli
3155 2407 3366 2464 Judaici
3401 2411 3702 2481 descriptio,
3719 2425 3818 2480 (ιι-1ο

2280 2493 2568 2564 Epiphanii
2615 2497 2795 2554 verbis
2844 2498 3117 2561 innititur,
3166 2500 3296 2554 dum
3349 2502 3426 2554 ait
3475 2500 3677 2557 Jndatei
3717 2500 3817 2556 anni

2277 2588 2636 2656 quantitatem
2690 2589 2900 2643 dierum
2940 2606 3062 2644 esse
3109 2591 3250 2654 551,
3282 2592 3403 2646 hor.
3437 2592 3471 2647 8
3505 2593 3728 2662 prrecise.
3754 2589 3816 2644 ita

2277 2679 2423 2732 enim
2459 2679 2514 2732 in
2557 2681 2715 2735 annis
2765 2696 2855 2735 xw
2899 2681 3048 2736 hora:
3084 2683 3330 2737 conﬁunt
3373 2685 3501 2749 112,
3527 2685 3635 2740 sive
3659 2684 3758 2738 dies
3774 2684 3818 2746 1,

2278 2769 2398 2824 ltor.
2439 2771 2526 2824 16.
2556 2771 2633 2825 Ex
2670 2788 2779 2842 quo
2805 2787 3021 2826 summa
3063 2773 3273 2828 dierum
3311 2782 3424 2829 toto
3461 2775 3608 2845 cycio
3635 2789 3820 2829 consur-

2277 2861 2355 2932 git
2389 2861 2545 2928 5108,
2582 2863 2700 2918 hor.
2725 2865 2778 2918 4.
2795 2864 2956 2920 Addit
2991 2867 3185 2921 deinde
3212 2883 3244 2920 v
3271 2882 3394 2922 esse
3411 2855 3641 2922 menses
3668 2865 3819 2920 embo-

2279 2953 2613 3010 lintos.Tunt
2656 2957 2820 3012 horas
2855 2958 3064 3014 detrahi
3095 2959 3232 3015 duas
3260 2960 3327 3014 de
3356 2960 3492 3016 solis
3522 2959 3817 3022 cursu.Que

2278 3050 2620 3106 subobscure
2644 3060 2806 3116 sunt;
2839 3052 2934 3106 sed
2984 3060 3264 3121 utcunque
3318 3051 3398 3106 sic
3441 3051 3690 3122 explicari
3719 3064 3819 3120 pos-

2280 3150 2428 3196 sunt.
2466 3141 2703 3197 Causam
2735 3141 2911 3210 alfert,
2943 3159 3045 3197 cur
3081 3159 3147 3198 ex
3177 3144 3338 3200 annis
3373 3161 3468 3199 xiv
3495 3145 3694 3216 cyclum
3715 3158 3820 3197 con-

2279 3231 2568 3286 ﬂaverint:
2602 3233 2748 3304 quod
2788 3233 3048 3288 nimirum
3084 3233 3268 3288 lunam
3307 3235 3412 3290 hoc
3444 3236 3503 3290 in
3537 3235 3726 3290 minore
3744 3248 3817 3303 cy-

2279 3323 2363 3380 clo
2396 3325 2636 3379 nondum
2661 3340 2785 3380 cum
2811 3325 2926 3380 sole
2951 3325 3242 3381 conciliare
3273 3327 3567 3394 voluerint,
3617 3326 3702 3382 sed
3725 3326 3817 3380 dies

2279 3416 2583 3487 superﬂuos
2605 3417 2845 3487 quinque
2869 3432 2991 3471 cum
3012 3417 3160 3473 boris
3185 3417 3218 3472 8
3249 3418 3599 3474 reservarint.
3615 3419 3683 3472 Ita
3703 3417 3815 3470 enim

2279 3512 2359 3578 tit,
2395 3519 2453 3564 ut
2475 3509 2522 3564 si
2557 3525 2622 3564 ex
2659 3524 2807 3564 anno
2842 3507 3060 3564 Juliano
3082 3508 3297 3564 decimo
3327 3521 3531 3581 quarto
3562 3510 3670 3566 dies
3698 3505 3818 3562 aufe-

2278 3619 2369 3657 ras
2403 3619 2432 3655 v
2465 3603 2584 3656 hor.
2616 3601 2680 3664 8,
2726 3599 3001 3669 supersint
3043 3599 3172 3664 560,
3213 3601 3394 3656 minus
3446 3601 3592 3656 boris
3619 3597 3814 3654 duabus.

2193 3695 2196 3698 ’
2277 3691 2410 3747 Nam
2454 3693 2500 3746 si
2546 3707 2612 3746 ex
2651 3690 2846 3745 diebus
2871 3690 3042 3754 5108,
3083 3690 3201 3745 hor.
3235 3689 3291 3755 -1,
3332 3689 3582 3746 Julianus
3618 3687 3818 3744 xmexi-

2278 3799 2420 3845 mas,
2470 3783 2586 3837 sive
2628 3783 2745 3838 dies
2788 3781 2967 3848 4718,
3004 3782 3123 3836 hor.
3169 3783 3237 3841 6.
3279 3782 3562 3838 restabant
3600 3783 3702 3836 dies
3737 3777 3818 3830 33-9

2281 3875 2428 3930 hora:
2457 3873 2549 3927 ἓξ.
2589 3871 2744 3927 Unde
2789 3873 3109 3943 corrigenda
3143 3871 3431 3942 Epiphanii
3463 3873 3645 3936 verba,
3673 3878 3722 3925 et
3760 3867 3815 3922 ita

2277 3963 2557 4034 dirigenda
2600 3971 2729 4019 sunt
2763 3981 2776 4016 :
2813 3961 2912 4016 Διὰ
2943 3964 3003 4015 τὸ
3040 3962 3394 4035 ἀφαιρεῖσθαι
3435 3963 3548 4017 ἀπὸ
3578 3960 3666 4015 τοῦ
3692 3961 3815 4031 ἡλια-

2277 4057 2376 4112 κοῦ
2401 4057 2602 4129 δρόμου
2623 4056 2731 4110 τῶν
2760 4055 2866 4122 τξε’
2887 4055 3108 4126 ἡμερῶν
3133 4056 3294 4109 πέντε
3326 4056 3432 4126 me
3441 4073 3568 4127 ρας,
3591 4055 3680 4109 καὶ
3716 4054 3815 4124 μίαν

2275 4148 2447 4219 ὤραν·
2473 4146 2915 4220 προστιθεμένων
2934 4145 3041 4216 γὰρ
3069 4146 3177 4198 τῶν
3203 4145 3384 4215 ὡρῶν,
3411 4146 3599 4199 λοιπὸν
3619 4146 3815 4214 γίνονται

2274 4239 2352 4305 τε
2376 4239 2582 4310 ἡμέραι.
2614 4237 2765 4310 παρὰ
2806 4237 2956 4310 ὥραν
3007 4237 3154 4307 μίαν.
3191 4236 3261 4290 At
3301 4239 3352 4290 in
3388 4236 3499 4292 line
3543 4234 3734 4292 numeri
3758 4233 3814 4287 ita

2276 4330 2411 4401 leg.:
2434 4331 2646 4394 Οῖτινες
2675 4327 2884 4397 ὤφελον
2917 4323 3056 4381 εἶναι
3083 4325 3227 4379 κατὰ
3263 4326 3362 4398 τὴν
3385 4325 3666 4398 ἀκρίϐειαν
3689 4321 3816 4394 τριά-

2275 4439 2440 4476 κοντα
2473 4425 2664 4493 μῆνες,
2691 4421 2786 4474 καὶ
2811 4420 2984 4473 εἴκοσι
3012 4417 3156 4472 ὀκτὼ
3180 4417 3403 4489 ἡμέραι.
3435 4417 3562 4473 Vult
3593 4416 3722 4473 enim
3739 4413 3815 4468 Ju-

2273 4517 2423 4572 datos
2461 4516 2515 4570 in
2542 4529 2718 4573 annos
2756 4513 2824 4567 81
2854 4526 3072 4567 menses
3113 4511 3470 4566 intercalasse
3499 4513 3596 4576 51,
3626 4524 3735 4564 cum
3759 4504 3813 4559 50

2269 4611 2538 4665 duntaxat
2579 4623 2704 4663 cum
2751 4606 2822 4660 “£8
2863 4606 3059 4660 diebus
3103 4604 3408 4674 computari
3455 4599 3812 4665 debentium:

2270 4711 2356 4757 est
2385 4703 2630 4773 syzygizc.
2652 4699 2812 4764 1059,
2839 4698 3031 4754 etdies
3071 4697 3161 4752 28.
3204 4698 3281 4751 lta
3317 4697 3542 4752 biduum
3573 4696 3712 4749 abest
3734 4689 3809 4743 111-

2270 4793 2459 4848 daicus
2500 4794 2686 4865 cyclus
2714 4808 2744 4846 a
2783 4791 3059 4846 solaribus
3111 4791 3272 4846 annis
3326 4790 3614 4861 84;qucm
3653 4797 3702 4842 et
3738 4797 3812 4853 cy-

2269 4883 2413 4938 clum
2437 4883 2684 4938 lunarem
2717 4880 2920 4954 ἀκριϐῆ
2954 4889 3108 4950 putat.
3127 4880 3484 4950 Epiphanius.

2345 4973 2605 5045 Sequitur
2653 4973 3052 5042 interpretandi
3092 4972 3230 5043 cycli
3285 4972 3426 5026 ratio
3473 4971 3659 5031 altera,
3689 4972 3807 5020 utet

2271 5067 2782 5122 tessaradecaetcris
2836 5065 2956 5120 dies
3009 5067 3208 5119 haheat
3261 5063 3437 5127 5108,
3498 5064 3618 5118 hor.
3663 5061 3808 5121 12,6

2268 5155 2993 5227 ogdoecontatessaraeteris
3050 5155 3165 5211 dies
3214 5156 3440 5225 praecise
3479 5154 3642 5210 10681
3671 5148 3808 5220 ;qui-

2269 5249 2372 5303 bus
2399 5249 2738 5303 vertentibus
2779 5248 2907 5301 luna
2953 5246 3172 5300 Judaitxa
3219 5262 3344 5301 cum
3396 5246 3509 5302 sole
3563 5246 3731 5300 redeat
3764 5239 3804 5293 in

2269 5343 2638 5408 colicordiatn,
2672 5341 2767 5396 sed
2805 5356 2836 5395 a
2886 5340 3082 5395 mediis
3123 5340 3266 5394 luna:
3299 5339 3536 5394 motibus
3568 5336 3719 5392 biduo
3751 5330 3807 5384 ei-

2267 5438 2444 5493 viliter
2473 5436 2708 5490 aberret.
2736 5432 2891 5499 Quod
2923 5442 3032 5486 tam
3073 5431 3127 5485 in
3163 5431 3392 5497 minore,
3431 5445 3593 5501 quam
3635 5425 3806 5494 majore

2267 5529 2420 5601 cyclo
2447 5526 2733 5597 τεχνικῶς,
2775 5535 2870 5580 aut
2899 5523 3136 5580 civiliter
3170 5523 3286 5578 ﬁeri
3321 5524 3425 5578 hoc
3455 5521 3615 5576 modo
3637 5523 3802 5589 potest.

2270 5625 2803 5684 Tessaradecaeteris
2840 5625 3022 5688 habet,
3056 5632 3113 5677 ut
3149 5622 3354 5678 dictum
3379 5629 3490 5683 est,
3525 5619 3636 5674 dies
3670 5610 3801 5669 5108.

2268 5717 2388 5772 hor.
2437 5717 2540 5782 12,
2571 5717 2697 5772 anni
2735 5715 2959 5772 lunares
2997 5713 3273 5784 simplices
3320 5712 3437 5766 dies
3466 5711 3600 5770 551,
3629 5709 3732 5761 hor.
3756 5698 3797 5754 8-

2268 5813 2350 5868 34'
2388 5804 2437 5884 ξς
2473 5815 2689 5890 syzygia
2722 5831 2850 5873 vero
2893 5815 2982 5881 29,
3017 5813 3104 5880 1‘2,
3153 5810 3236 5868 41'
3263 5797 3386 5881 {ﬁt
3419 5807 3535 5864 1am
3579 5807 3634 5861 in
3663 5810 3802 5856 tessa‘
