4064 6406
237 359 340 414 905

1153 355 1243 411 nn
1277 330 1465 411 ANNO
1497 355 1585 411 ET
1629 354 1739 412 DIE
1780 355 2138 413 noutxtm;
2184 357 2563 414 PASSIONlS.

3410 353 3518 412 986

236 472 635 532 radecaetcridc
674 470 907 546 syzygizc
941 482 1072 528 sunt
1113 472 1360 543 totidem,
1389 441 1524 546 quot
1566 475 1620 530 in
1653 474 1820 545 priori
1851 480 1897 538 Α
1929 476 2095 533 thodo
2123 478 2177 547 4,
2211 479 2332 533 lior.
2365 478 2448 533 16.
2482 476 2712 549 Reliqua
2757 493 2789 534 e
2833 477 3211 550 superioribus
3256 476 3518 535 facillima

233 569 526 629 methodo,
560 564 666 621 nisi
715 582 821 620 una
863 563 1092 622 forsitan
1143 567 1320 639 plenis
1360 582 1681 623 accrescere
1729 568 1823 623 dc-

238 661 390 723 bcat,
423 656 736 728 anticipatis
776 673 844 711 ex
884 666 1144 727 sequente
1171 658 1323 730 cyt-lo
1368 674 1441 712 xu
1490 659 1663 724 lteris,
1701 674 1824 730 quae

235 750 301 804 ad
351 764 429 803 xit
467 748 773 819 superlluas
812 748 1013 818 prioris
1053 748 1251 804 additae
1292 750 1435 803 diem
1473 748 1717 815 faciant;
1764 759 1823 805 ιιι

235 842 301 897 sit
355 843 509 911 prior
557 842 743 913 cyclus
790 842 1000 895 dierum
1053 840 1211 898 5109.
1264 840 1418 898 Tunc
1461 843 1605 897 enim
1653 843 1823 913 plenae

234 932 467 1003 syzygiaa
483 931 574 997 92,
592 947 741 986 cava:
758 930 820 985 81
859 932 1210 987 numeranda:
1230 942 1381 989 sunt.
1408 933 1697 990 Secundus
1726 951 1823 1006 cy-

233 1025 354 1082 clus
377 1024 494 1081 dies
521 1024 743 1080 habebit
778 1024 956 1090 5l08;
985 1026 1178 1081 tertius
1216 1026 1504 1082 duodecim
1536 1027 1687 1082 horis
1721 1044 1821 1082 an-

235 1118 470 1189 ticipatis
521 1118 589 1173 de
636 1128 834 1189 quarto
888 1119 1080 1189 cyclo,
1137 1119 1588 1190 5l09:quartus
1646 1120 1817 1186 5108;

233 1211 457 1283 quintus
506 1209 693 1274 5|09;
722 1221 912 1266 sextus
961 1211 1123 1276 5108,
1173 1211 1470 1283 additoqne
1526 1212 1821 1268 tricenario

232 1315 421 1358 mense
458 1316 524 1355 ex
558 1300 767 1370 epactis
818 1299 1091 1354 solaribus
1135 1300 1473 1369 singularum
1514 1299 1823 1355 tessaradc—

232 1393 568 1467 caeteridum
597 1432 609 1457 ,
638 1393 972 1464 colliguntur
1018 1393 1137 1448 dies
1179 1392 1347 1447 4008i
1374 1433 1389 1457 ,
1428 1407 1645 1448 menses
1676 1391 1819 1462 pleni

231 1484 357 1549 550,
392 1484 513 1540 cavi
563 1483 693 1547 489,
724 1494 777 1539 et
819 1484 872 1538 in
908 1494 1083 1539 totmn
1130 1484 1290 1540 l039.
1336 1482 1509 1538 Porro
1554 1481 1820 1553 τεχνικῶς

230 1579 344 1634 dies
380 1577 548 1643 5l08,
577 1577 700 1633 hor.
736 1577 805 1630 12
832 1592 896 1631 ex
944 1578 1088 1631 5115
1119 1578 1238 1633 hor.
1272 1576 1360 1642 12,
1386 1576 1480 1647 qui
1512 1584 1597 1631 est
1642 1574 1819 1630 Julia-

230 1686 423 1725 norum
455 1668 874 1741 quatudrdecim
924 1670 1141 1734 modus,
1188 1669 1440 1736 detracti,
1474 1677 1696 1739 epactas
1732 1681 1818 1721 re—

231 1761 485 1832 linquunt
534 1761 757 1833 prmeise
795 1762 913 1817 dies
962 1777 1028 1827 v,
1072 1761 1166 1830 qui
1212 1761 1267 1816 in
1308 1760 1563 1815 ultimum
1603 1760 1816 1831 cyclum

230 1848 574 1910 dili‘eruntur.

297 2026 506 2083 Prrcter
529 2026 745 2083 civilem
783 2028 928 2083 hanc
981 2028 1318 2099 singularum
1349 2029 1818 2086 tessaradecaete-

231 2121 405 2176 ridum
450 2120 898 2191 dispositionem,
935 2123 989 2176 in
1041 2138 1148 2192 qua
1200 2123 1347 2192 pleni
1397 2139 1614 2179 menses
1653 2139 1819 2179 cavos

230 2222 491 2283 superant
524 2212 613 2280 6|,
642 2213 768 2277 alia,
793 2223 854 2268 ut
884 2213 938 2267 in
972 2213 1153 2283 priore
1176 2214 1456 2281 methodo,
1475 2214 1820 2269 administra-

230 2309 272 2361 ri
301 2308 497 2377 potuit,
531 2307 764 2379 eleganti
794 2322 1057 2363 cavorum
1102 2307 1504 2378 plenorumque
1546 2308 1817 2364 mensium

231 2411 390 2470 atque
412 2400 675 2470 mquabili
713 2401 1088 2456 successione.
1124 2400 1261 2455 Nam
1292 2401 1410 2456 dies
1442 2400 1610 2455 5068i
1654 2417 1818 2473 syzy-

229 2491 342 2560 gias
359 2491 638 2561 complent
654 2491 881 2545 alternis
901 2492 1116 2562 plenas,
1138 2502 1191 2546 et
1214 2507 1377 2547 cavas
1397 2491 1557 2556 1010,
1573 2503 1626 2547 et
1647 2509 1816 2548 unum

231 2591 482 2651 praetcrea
524 2583 690 2637 diem.
724 2581 800 2636 Ita
859 2585 1033 2653 plenae
1085 2593 1213 2638 sunt
1245 2585 1372 2649 521,
1411 2600 1559 2641 cava:
1590 2586 1721 2641 5l9.
1758 2585 1817 2642 In

232 2683 337 2727 tota
375 2689 504 2730 vero
545 2675 768 2745 periodo
794 2675 1075 2730 embolimi
1118 2692 1336 2732 menses
1371 2678 1518 2748 pleni
1545 2689 1677 2734 sunt
1704 2681 1765 2736 3|
1798 2697 1814 2749 ;

231 2764 319 2818 Sed
335 2780 457 2819 cum
492 2764 636 2820 1010
667 2768 899 2839 syzygize
930 2769 1151 2825 lunares
1180 2771 1455 2840 postulent
1475 2772 1592 2826 dies
1617 2772 1816 2838 50682,

233 2854 387 2912 horas
416 2856 467 2926 6,
485 2857 593 2923 51’,
627 2858 857 2915 deerunt
894 2860 962 2915 ad
1009 2860 1255 2915 ultimam
1290 2863 1671 2932 complendam
1701 2865 1816 2919 dies

233 2949 283 3013 1,
320 2949 438 3008 hor.
460 2952 523 3007 7.
554 2952 680 3009 Ideo
706 2969 991 3024 perperam
1036 2955 1111 3010 illi
1137 2956 1346 3026 justam
1378 2960 1657 3029 syzygiam
1693 2973 1819 3013 con-

232 3040 453 3108 ﬂabant,
485 3060 615 3102 cum
664 3060 772 3101 non
819 3046 1087 3117 amplius.
1118 3064 1285 3117 quam
1331 3047 1401 3101 28
1438 3048 1577 3122 dies,
1604 3048 1754 3105 horae
1782 3049 1817 3107 6

232 3144 598 3203 superessent.
631 3133 689 3190 Si
711 3136 858 3191 enim
890 3152 956 3193 ex
990 3138 1082 3201 29,
1104 3138 1192 3203 52,
1225 3138 1330 3204 Μ’,
1364 3155 1487 3211 qum
1519 3150 1605 3196 est
1636 3142 1812 3198 media

232 3226 469 3297 syzygia,
511 3225 756 3281 deducas
792 3227 843 3294 1,
876 3226 933 3295 6,
975 3224 1055 3282 Li'
1099 3240 1430 3300 supererunt
1453 3230 1544 3299 28,
1580 3231 1634 3296 5,
1666 3232 1750 3288 55'
1793 3252 1813 3290 :

232 3314 330 3371 hoc
364 3326 447 3373 est
487 3317 665 3370 εἴκοσι
716 3317 861 3373 ὀκτὼ
914 3316 1148 3391 ἡμέραι,
1194 3321 1290 3375 καὶ
1336 3314 1479 3393 ὧραι
1522 3324 1711 3394 τρεῖς,
1755 3333 1816 3379 ut

233 3407 367 3476 apud
420 3405 788 3477 Epiphaniam
836 3409 1243 3464 emendandum
1292 3409 1477 3466 fuerit.
1509 3409 1601 3466 Sic
1645 3412 1816 3467 biduo

231 3497 338 3557 fere
361 3500 554 3555 civiles
572 3501 885 3557 neomenias
910 3501 1009 3565 τὰς
1037 3501 1283 3572 ἀκριϐεῖς
1318 3502 1717 3574 anticipahunt.
1752 3505 1817 3559 Et

232 3593 476 3661 quoniam
508 3593 571 3648 lto
591 3593 776 3665 plcrns
810 3593 1031 3664 eonjicit
1063 3592 1304 3661 Iudaeos,
1334 3604 1393 3651 ut
1414 3611 1618 3651 annum
1645 3596 1817 3667 tropi-

232 3700 350 3741 cnru
381 3704 504 3744 cum
535 3684 757 3743 Juliano
784 3686 1165 3754 conciliarent,
1194 3704 1366 3744 unum
1406 3689 1549 3745 diem
1581 3696 1702 3758 post
1723 3704 1816 3758 cy-

233 3776 340 3832 clos
369 3778 610 3850 majores
633 3777 795 3848 duos,
820 3779 939 3837 sive
966 3795 1141 3836 annos
1191 3781 1293 3835 168
1328 3781 1620 3847 exemisse,
1652 3789 1817 3850 atque

236 3869 391 3926 horas
422 3873 478 3927 ir.
534 3882 869 3945 unaquaque
918 3874 1472 3931 tessaradecaeteride
1502 3875 1678 3941 duas;
1712 3876 1817 3931 hoc

234 3962 279 4017 si
306 3980 488 4020 verum
545 3971 652 4036 est,
699 3966 1220 4025 tessaradecaeteris
1251 3967 1474 4043 Juliana
1501 3969 1619 4026 dies
1646 3969 1815 4024 habeo

235 4056 484 4127 bit5|l5,
523 4059 648 4120 hor.
684 4059 774 4117 10.
801 4059 848 4116 Δ
875 4060 1082 4132 quibus
1105 4061 1349 4133 quinque
1371 4062 1564 4119 diebus
1594 4061 1813 4126 ablatis,

234 4151 323 4220 qui
364 4152 416 4208 in
460 4154 677 4226 cyclum
734 4163 1076 4226 postremum
1108 4166 1486 4222 reservantur,
1518 4163 1815 4225 supersunt

232 4240 390 4309 5l08,
420 4244 508 4300 -l0.
545 4244 618 4300 De
668 4245 872 4315 quibus
911 4244 1160 4302 detracta
1196 4244 1504 4315 quantitate
1554 4243 1813 4299 tredecim

235 4348 496 4391 annorum
541 4335 914 4401 Julianorum,
943 4336 1193 4392 decimus
1241 4344 1474 4406 quartus
1500 4334 1621 4390 dies
1657 4333 1814 4391 aufe-

236 4436 312 4480 ret
333 4428 436 4483 560
469 4432 509 4510 -ξ
529 4468 547 4495 ,
598 4426 656 4483 iit
686 4427 829 4497 apud
852 4426 1215 4498 Epiphanium
1248 4426 1349 4497 legi
1379 4434 1626 4496 oporteat
1654 4426 1817 4479 :Aot-

1923 581 2071 628 Sunt.

1990 662 2203 735 Negare
2256 664 2500 735 profecto
2558 678 2720 719 nemo
2767 666 3120 735 potest,quin
3158 663 3367 721 utravis
3428 664 3520 722 ilia

1924 756 2063 810 ratio
2100 772 2224 811 cum
2274 757 2559 828 Epiphanii
2605 757 2783 812 verbis
2809 767 3094 829 congruat.
3124 757 3393 813 Caeterum
3423 756 3523 812 Ju-

1923 842 2072 897 dzeos
2101 851 2181 899 vel
2216 845 2336 910 hac,
2366 845 2449 899 vel
2477 845 2641 900 simili
2688 861 2953 899 annorum
3004 848 3367 917 dispositione
3415 850 3521 904 sub

1926 934 2156 998 Christi,
2205 934 2445 1005 adeoque
2476 937 2581 991 sub
2625 934 2829 991 Nicmni
2867 939 3082 993 concilii
3108 948 3351 1009 tempera
3384 956 3520 995 usos

1924 1044 2067 1094 esse,
2096 1045 2218 1099 qua:
2237 1044 2266 1083 a
2290 1030 2425 1085 solis
2456 1031 2694 1085 motibus
2712 1031 3012 1099 aberraret,
3040 1036 3204 1090 multa
3232 1044 3519 1104 sunt,qu.e

1924 1120 2274 1190 persuadent.
2301 1119 2405 1175 Sed
2431 1121 2560 1174 illm!
2591 1121 2873 1191 inprimis,
2898 1123 3041 1192 quod
3075 1130 3258 1192 postea
3295 1122 3521 1178 demon-

1925 1210 2258 1268 strabimus:
2291 1208 2502 1265 Pascha
2542 1210 2596 1264 in
2629 1222 2905 1281 postremo
2940 1226 3153 1277 mense,
3197 1212 3249 1267 id
3286 1225 3367 1268 est
3393 1223 3519 1269 ante

1923 1300 2312 1371 aequinoctium
2369 1318 2401 1357 ιι
2439 1300 2644 1358 Iuda-is
2694 1304 2893 1373 smpius
2930 1315 3234 1374 peractum.
3283 1305 3520 1363 Necesse

1922 1397 2007 1444 est
2030 1388 2214 1460 itaque
2245 1391 2419 1446 labem
2444 1392 2682 1462 aliquam
2705 1395 2769 1448 ad
2793 1396 3025 1450 solarem
3057 1397 3275 1452 illorum
3310 1413 3517 1453 annum

1923 1479 2223 1548 accidisse;
2278 1493 2500 1552 propter
2526 1498 2690 1552 quam
2728 1498 2758 1537 a
2808 1485 2992 1553 priore
3022 1486 3232 1554 epocha
3294 1488 3517 1543 luxatus

1924 1568 1979 1623 in
2005 1572 2281 1626 anteriora
2325 1574 2647 1628 recesserit:
2679 1574 2989 1644 cujusmodi
3025 1576 3214 1633 vitium
3247 1578 3384 1633 alias
3415 1579 3515 1634 tri-

1925 1661 2053 1728 dui,
2091 1662 2242 1718 bidui
2272 1665 2411 1720 alias
2442 1666 2674 1731 exstitit,
2715 1667 2767 1721 in
2802 1668 2999 1724 Anrcis
3040 1672 3285 1726 numeris
3318 1686 3432 1743 xix,
3460 1680 3516 1726 et

1925 1768 2023 1808 vni
2049 1752 2466 1821 Alexandrinis;
2496 1771 2638 1827 quos
2672 1757 2843 1813 Judaei
2876 1759 3151 1830 simplices
3180 1760 3512 1817 habuerunt.

1851 1840 1895 1895 Β
1926 1843 1981 1897 1η
2029 1844 2115 1899 his
2151 1847 2294 1900 enim
2329 1847 2541 1902 decima
2571 1857 2765 1919 quarta
2818 1849 3047 1913 lunaris,
3080 1861 3134 1905 et
3165 1851 3384 1921 quidem
3408 1852 3515 1908 I‘a-

1922 1935 2127 1992 schalis
2152 1934 2374 1992 .ludaica
2422 1939 2474 1992 in
2508 1954 2642 1994 mn
2676 1954 2741 1994 ac
2776 1956 2867 1994 nx
2899 1939 3076 1995 Martii
3106 1944 3381 2008 convenit,
3426 1944 3512 1999 bi-

1921 2027 2052 2091 duo,
2089 2028 2165 2082 uti
2196 2029 2329 2096 dixi,
2369 2031 2622 2086 triduove
2670 2040 2797 2086 ante
2839 2047 3067 2086 vernum
3099 2036 3509 2103 aequinoctium.

1921 2119 2056 2187 Qum
2087 2122 2305 2192 quidem
2336 2124 2487 2180 labes
2519 2124 2573 2178 in
2606 2125 2708 2180 hoc
2743 2124 3031 2196 Epiphanii
3065 2127 3219 2197 cyclo
3247 2128 3512 2198 paulatim

1921 2215 2154 2270 exsistit.
2206 2215 2484 2286 Siquidem
2528 2216 2580 2271 in
2613 2217 2780 2287 priori
2814 2217 3091 2282 methodo,
3139 2218 3183 2272 si
3228 2223 3513 2277 neomenia

1920 2305 2082 2376 primi
2117 2306 2323 2361 mensis
2354 2307 3145 2377 ogdoecontatessaraeteridos
3178 2310 3229 2362 in
3260 2311 3511 2380 aequino-

1919 2399 2090 2454 ctium
2127 2399 2354 2464 incidat,
2390 2409 2578 2472 utpnta
2615 2400 2684 2454 22
2718 2400 2913 2466 Martii,
2935 2412 3060 2472 post
3092 2402 3163 2457 8i
3210 2418 3411 2467 annos,
3440 2406 3510 2460 ad

1919 2492 1991 2547 20
2017 2493 2314 2564 perveniet,
2336 2503 2497 2564 atque
2531 2495 2603 2549 ita
2635 2494 2893 2564 deinceps
2932 2496 3074 2549 κατὰ
3100 2496 3403 2567 μετάϐασιν
3431 2499 3513 2563 εἰς

1918 2584 1987 2638 τὰ
2040 2582 2457 2655 προηγούμενα;
2519 2584 2624 2639 nisi
2666 2584 3028 2652 castigatione
3082 2593 3137 2638 et
3172 2586 3381 2639 dierum
3417 2587 3515 2640 ad-

1915 2677 2151 2748 iectione
2184 2686 2504 2733 coercentur
2535 2695 2549 2733 :
2578 2678 2721 2749 quod
2752 2677 3046 2733 identidem
3075 2678 3270 2732 fecisse
3297 2688 3511 2743 tempo-

1922 2786 2042 2824 rum
2094 2770 2235 2840 apud
2267 2768 2486 2826 Judmos
2537 2772 2909 2838 moderatores
2958 2772 3254 2827 verisimile
3296 2783 3401 2835 est,
3447 2788 3515 2829 ac

1918 2861 2237 2917 ncoinenias
2273 2862 2567 2933 aliquando
2595 2862 2805 2919 tardius
2841 2863 3123 2920 indixisse.
3158 2865 3226 2918 At
3255 2865 3308 2919 in
3335 2876 3517 2934 poste-

1918 2951 2354 3016 rioremethodo
2382 2962 2508 3025 post
2542 2954 2613 3009 84
2651 2970 2829 3011 annos
2853 2955 3150 3011 ncomeniae
3177 2954 3420 3012 Judaica:
3448 2957 3516 3013 ad

1917 3044 2138 3101 eosdem
2175 3044 2425 3102 Iulianos
2464 3045 2582 3103 dies
2611 3044 2874 3113 redeunt;
2897 3048 2992 3103 sed
3016 3048 3270 3104 caelestes
3295 3064 3517 3103 neome-

1919 3136 2040 3191 nias
2072 3152 2182 3191 uno
2231 3136 2341 3201 die,
2377 3136 2530 3193 horis
2582 3137 2612 3189 7
2644 3139 2969 3209 anticipant.
3006 3139 3186 3208 Quare
3221 3142 3397 3212 prima
3426 3142 3515 3200 illa

1918 3230 2063 3287 ratio
2087 3229 2154 3284 ad
2184 3228 2471 3300 Epiplianii
2495 3240 2732 3286 mentem
2764 3231 3077 3301 plusculum
3112 3233 3324 3287 videtur
3352 3248 3514 3289 acceo

1917 3318 2066 3384 dere,
2096 3334 2221 3373 cum
2268 3318 2338 3373 ab
2384 3319 2716 3389 acquinoctio
2757 3322 3058 3391 prmscrtim
3095 3324 3393 3379 recessisse
3416 3319 3515 3378 Ju-

1918 3412 2106 3469 daicas
2138 3412 2457 3467 neomenias
2492 3414 2793 3468 existimari
2824 3414 2971 3470 velit.
3007 3413 3112 3470 Sed
3143 3426 3197 3471 ut
3230 3416 3364 3486 ipsis
3389 3432 3514 3487 pro-

1916 3506 2207 3579 pemodum
2260 3505 2517 3560 sensibus
2569 3520 2657 3560 res
2690 3513 2801 3561 tota
2854 3506 3197 3576 subjiciatur,
3239 3508 3376 3580 cycli
3411 3506 3512 3563 Ju-
3568 3514 3571 3517 '

1918 3598 2059 3654 (laici
2085 3598 2341 3669 majoris,
2390 3597 2507 3653 sive
2537 3599 3229 3654 tessaraczcdecaeteiislnm
3255 3616 3303 3653 vi
3325 3609 3511 3671 typum

1918 3686 2008 3743 hic
2040 3687 2295 3744 adtexam
2352 3703 2415 3742 ea
2448 3688 2594 3742 civili
2656 3688 2830 3743 [urina
2882 3704 2950 3744 ac
2985 3690 3367 3760 dispositione,
3390 3707 3513 3761 qua:

1917 3798 1986 3837 ex
2024 3780 2315 3852 Epiphanii
2359 3780 2730 3851 disputatione
2774 3780 3132 3851 probabiliter
3175 3781 3385 3837 institui
3413 3798 3512 3853 po-

1921 3881 2119 3939 tes!,ex
2155 3886 2264 3941 qua
2313 3868 2671 3926 manifestum
2716 3871 2851 3939 crit,
2886 3871 3348 3941 quemadmodum
3379 3889 3512 3928 nco-

1924 3964 2120 4019 menius
2141 3963 2309 4019 biduo
2338 3963 2408 4019 ab
2441 3964 2647 4035 epocha
2672 3964 2837 4020 solari
2861 3964 3121 4034 paulatim
3154 3963 3207 4018 iu
3240 3966 3514 4021 anteriora

1917 4056 2223 4112 discedant.
2263 4054 2527 4113 Sumatur
2562 4057 2748 4129 igitur,
2803 4066 2865 4112 ut
2920 4057 2973 4112 in
3035 4058 3210 4129 prima
3258 4058 3514 4114 methodo

1918 4146 2125 4201 dictttm
2155 4155 2259 4212 est,
2315 4147 2453 4218 cycli
2506 4147 2731 4217 majoris
2766 4149 3046 4218 quantitas
3074 4148 3283 4202 dierum
3313 4147 3511 4204 50679.

1918 4238 2089 4308 Cujus
2116 4238 2331 4294 initium
2357 4241 2592 4295 ducatur
2623 4241 2693 4295 ab
2718 4256 2862 4295 anno
2882 4256 2995 4309 per.
3020 4239 3130 4296 Jul.
3161 4241 3326 4307 4665,
3360 4243 3515 4313 cyclo

1919 4328 2062 4385 luna:
2086 4328 2141 4395 8,
2169 4330 2302 4385 solis
2334 4330 2422 4397 15,
2454 4330 2634 4385 littera
2675 4329 2737 4395 ϐ,
2762 4346 2909 4386 anno
2944 4341 3071 4386 ante
3099 4331 3301 4386 Christi
3349 4331 3515 4389 Nata-

1920 4421 2024 4479 lem
2074 4423 2163 4478 5|.
2194 4424 2273 4480 Ita
2305 4439 2431 4479 cum
2482 4422 2687 4478 Christi
2732 4422 2925 4479 Passio
2957 4440 3023 4479 ex
3058 4423 3350 4495 Epiphanii
3382 4442 3511 4481 sen-

234 4516 330 4572 πδν
354 4520 593 4588 γίνονται
621 4519 699 4584 τε
721 4519 960 4593 ἡμέραι,
986 4519 1083 4572 καὶ
1127 4520 1280 4590 τρεῖς
1309 4510 1450 4589 ὧραι
1483 4518 1635 4589 παρὰ
1665 4516 1816 4588 ὥραν

1921 4515 2089 4570 tentia
2116 4516 2277 4571 cadat
2307 4516 2361 4569 in
2392 4531 2597 4571 annum
2623 4515 2899 4571 Julianum
2926 4516 3015 4583 76,
3048 4534 3170 4573 :rrae
3188 4517 3514 4574 Christiana:

236 4608 381 4680 μίαν.
423 4612 546 4668 Dies
580 4623 764 4668 autem
807 4615 861 4668 in
901 4612 1059 4683 cyclo
1091 4611 1286 4682 majori
1328 4610 1569 4667 condent
1612 4608 1813 4675 50680,

234 4703 319 4770 12,
344 4707 435 4776 qui
470 4723 499 4762 a
538 4707 711 4762 lunari
762 4716 910 4763 motu
955 4706 1156 4762 absunt
1195 4704 1390 4761 diebus
1421 4704 1534 4760 fere
1574 4704 1814 4772 duobus,

234 4792 333 4851 hoc
370 4809 457 4856 est
512 4802 560 4864 1,
593 4802 713 4855 hor.
769 4800 858 4855 18.
889 4801 1160 4868 Quocirca
1212 4797 1435 4856 Judaeos
1471 4797 1816 4869 Epiphanius

231 4891 416 4946 scribit
434 4894 640 4948 medias
657 4893 974 4949 neomenias
1000 4893 1360 4964 anticipantes
1376 4892 1815 4958 hiduu,ultimam

232 4982 572 5040 tricenariam
620 4987 958 5057 imputasse,
1001 5002 1126 5044 cum
1169 4988 1288 5044 dies
1320 4988 1588 5043 duntaxat
1640 4985 1817 5040 forent

231 5070 318 5140 28,
337 5075 457 5131 hor.
477 5077 531 5133 6.
549 5078 726 5151 Atque
745 5080 859 5134 haec
878 5080 1147 5150 posterior
1165 5080 1301 5151 cycli
1330 5077 1698 5135 conformatio
1717 5076 1817 5133 ali-

232 5173 310 5221 ter
344 5167 628 5227 iutcllectis
658 5170 951 5242 Epiphanii
995 5171 1179 5226 verbis
1216 5169 1511 5242 approbari
1561 5169 1813 5236 videtur;

234 5258 483 5317 nimirum
521 5278 645 5319 cum
674 5264 889 5329 scribit,
923 5264 1083 5320 tertio
1109 5279 1332 5336 quoque
1356 5279 1505 5320 anno
1534 5263 1679 5320 diem
1724 5277 1817 5319 ac-

232 5361 472 5417 crescere
501 5371 568 5411 ex
619 5358 770 5413 horis
806 5356 860 5423 8,
892 5373 1018 5429 quae
1044 5358 1277 5428 singulis
1321 5357 1484 5413 annis
1517 5356 1810 5412 accedunt.

232 5437 362 5498 Nam
393 5446 508 5503 huic
543 5448 616 5504 ita
648 5460 882 5521 possunt
910 5450 1107 5521 accipi,
1132 5459 1192 5506 ut
1228 5464 1376 5504 anno
1399 5463 1522 5516 χιιι,
1549 5450 1697 5504 hora:
1722 5446 1812 5513 12,

236 5535 561 5612 totidemque
614 5559 761 5600 anno
795 5559 887 5600 XIV
933 5543 1419 5609 additae,biennio
1468 5542 1616 5598 diem
1667 5541 1818 5598 colli-

232 5640 384 5699 lﬂﬂl;
416 5633 562 5705 quod
593 5636 646 5691 in
685 5637 833 5694 hunc
878 5652 1148 5693 annorum
1183 5637 1373 5694 orbem
1419 5637 1640 5694 lunares
1682 5651 1815 5694 neo-

236 5722 422 5778 nienizn
437 5738 718 5797 cogantur.
734 5730 811 5788 ita
829 5732 1018 5804 cyclus
1036 5731 1244 5804 integer
1265 5732 1382 5788 dies
1403 5731 1629 5803 prtecise
1650 5731 1814 5803 quiu-

238 5825 337 5881 que
363 5819 665 5887 superﬂuos
694 5823 800 5881 sibi
832 5822 1067 5882 vindica'
1106 5841 1120 5878 :
1155 5841 1262 5881 non
1300 5834 1361 5881 ut
1394 5824 1449 5880 ἰι
1475 5824 1662 5897 priore
1691 5838 1808 5881 mc-

1920 4610 2228 4667 communis
2256 4609 2346 4674 5|,
2389 4609 2495 4665 erit
2529 4608 2577 4664 is
2623 4624 2803 4665 annus
2824 4610 2962 4681 cycli
3005 4610 3234 4680 majoris
3277 4611 3365 4675 82,
3400 4618 3514 4668 tes-

1918 4703 2405 4760 saradecaeteridis
2436 4719 2567 4759 vero
2593 4714 2758 4760 sextae
2788 4720 2969 4760 annus
3004 4706 3091 4772 15,
3123 4706 3274 4777 cyclo
3295 4704 3514 4764 Nicamo

1921 4795 2009 4859 15,
2047 4795 2183 4851 solis
2211 4795 2301 4859 12,
2336 4795 2417 4849 lit.
2454 4794 2521 4849 ὓ.

1991 4886 2088 4944 His
2137 4872 2557 4954 animadversis,
2610 4886 2976 4941 constituatur
3004 4888 3289 4942 neomenia
3344 4885 3513 4945 Nisan

1919 4979 2307 5056 cycloNiraeno
2337 4982 2370 5037 8
2403 4981 2456 5035 in
2485 4994 2631 5035 anno
2661 4980 2840 5051 primo
2878 4981 3380 5037 tessaracaedecaet.
3414 4981 3518 5049 pri-

1919 5075 2254 5144 mat-Aprilis
2282 5088 2357 5129 rt.
2390 5073 2604 5129 Etenim
2649 5089 2795 5127 anno
2838 5072 3050 5143 periodi
3091 5073 3322 5129 Iuliana:
3348 5074 3514 5139 4665,

1917 5169 2073 5242 cyclo
2125 5166 2180 5235 8,
2237 5167 2576 5224 novilunium
2641 5167 2881 5221 medium
2920 5182 2986 5223 ex
3040 5164 3250 5222 Mulieri
3292 5165 3517 5224 Tabulis

1918 5262 2121 5320 accidit
2148 5262 2284 5332 Apr.
2312 5278 2387 5327 vr,
2418 5261 2564 5318 circa
2598 5260 2833 5316 mediam
2867 5269 3105 5327 noctem,
3133 5261 3236 5316 hoc
3263 5268 3349 5316 est
3377 5261 3511 5330 Apr.

1917 5354 2050 5422 6,0,
2085 5353 2191 5409 58'.
2237 5351 2483 5423 Reliqua:
2534 5353 2839 5408 neomeniaa
2900 5353 3214 5409 necessario
3250 5358 3511 5406 contextu

1915 5462 2037 5503 sese
2063 5455 2179 5502 toto
2200 5446 2255 5500 in
2277 5446 2432 5517 cyclo
2457 5453 2891 5516 consequentur,
2915 5454 2975 5499 ut
2998 5459 3063 5499 ex
3091 5442 3195 5497 hoc
3237 5441 3513 5512 diagram-

1846 5531 1853 5537 ’
1916 5551 2062 5599 male
2087 5542 2277 5614 liquet.
2301 5538 2360 5596 In
2398 5556 2510 5612 quo
2543 5541 2766 5596 ordines
2819 5551 2951 5596 sunt
2973 5538 3008 5593 8
3035 5555 3053 5592 :
3098 5537 3310 5607 primus
3341 5547 3516 5590 anno-

1916 5650 2041 5692 rum
2098 5646 2391 5691 numerum
2445 5633 2717 5700 continet;
2761 5629 3037 5687 secundus
3085 5626 3298 5699 cyclum
3342 5625 3513 5692 solis;

1915 5727 2275 5793 tertiuslunae
2303 5725 2541 5799 cyelum,
2590 5733 2887 5793 utrumque
2918 5718 3233 5783 Nimirum;
3282 5724 3514 5787 quartus

1914 5822 2129 5881 dierum
2166 5837 2479 5888 numerum,
2512 5820 2608 5893 qui
2663 5815 2897 5889 singulis
2942 5813 3100 5872 annis
3153 5819 3501 5887 competunt,
