4064 6404
242 430 337 492 969
1140 424 1229 479 DE
1263 423 1451 480 ANNO
1489 424 1579 481 ET
1621 423 1734 479 DIE
1776 422 2131 480 DOMINICA‘I
2171 420 2557 479 PASSIONIS.
3392 423 3498 477 910

1492 544 2106 608 TESSARADECAET.
2131 543 2195 600 V.

371 632 514 696 Anni
743 637 893 708 Cycli
927 635 1129 708 Nieagni
1277 638 1400 694 Dies
1486 654 1661 693 anno.-
1889 637 2188 708 Neomenia
2397 634 2589 708 Neom.
2805 637 3052 703 Qualitas
3287 636 3417 692 Dies

345 711 557 769 Periodi
642 705 806 764 Solis'
1054 707 1222 770 Luna
1395 725 1520 766 rum
1947 707 2115 770 Nisan
2425 705 2561 761 feria
2851 708 2982 762 anni
3241 709 3455 764 collecti

431 804 500 860 57
608 800 702 855 X°V
1001 799 1090 856 VII
1425 803 1519 857 ὑπ.
1562 801 1668 858 585
1741 802 1812 858 XI

1910 801 1968 858 ll.
2147 829 2156 842 ι
2398 800 2440 852 C
2623 799 2659 856 2
2767 797 2923 854 Εωιι.
2964 799 3026 853 Ρ.
3329 801 3440 857 585

431 875 500 931 58
607 870 726 926 XVI
996 867 1113 925 VIII
1562 872 1669 934 554
1741 872 1806 930 IV

1910 892 1939 928 ι.
2409 870 2450 923 Β
2627 871 2664 924 2
3334 873 3439 928 759

298 947 336 1000 Β
432 944 502 1004 59
609 939 752 995 XVII
993 939 1066 994 IX
1560 942 1665 997 554
1739 942 1812 995 Χ)

1927 940 2002 996 l\I.
2358 938 2401 991 A
2431 941 2477 996 G
2620 940 2655 994 6
3297 942 3440 998 1095

428 1017 499 1072 60
606 1009 776 1066 XVIII
995 1009 1042 1062 X
1425 1011 1520 1067 ὑπ.
1561 1012 1666 1067 584
1737 1011 1804 1066 XI

1914 1053 1928 1066 .
2400 1012 2442 1065 F
2619 1013 2656 1066 5
2765 1009 2923 1065 Emb.
2958 1011 3022 1066 (Ξ.
3297 1013 3436 1066 1477

430 1088 492 1141 61
607 1081 732 1138 XIX
993 1079 1066 1136 XI
1560 1082 1667 1137 554
1738 1082 1812 1135 Χ)

1969 1080 2104 1139 Mar.
2393 1080 2436 1134 Ε
2615 1081 2652 1136 2
3301 1085 3324 1138 1
3337 1083 3435 1140 851

430 1158 500 1216 62
609 1152 708 1207 XX
993 1149 1087 1205 XII
1563 1153 1669 1212 554
1737 1152 1812 1206 XI

1910 1154 1939 1205 ι.
2393 1151 2434 1204 1)
2614 1153 2650 1205 6
3297 1154 3440 1209 2185

295 1228 333 1282 Β
432 1229 502 1283 65
606 1221 729 1277 XXI
996 1220 1116 1278 XIII
1417 1225 1513 1277 ὑπ.
1555 1223 1662 1278 585
1740 1223 1812 1276 VI?

1910 1221 1957 1275 ιι.
2351 1221 2393 1275 C
2425 1221 2467 1274 B
2612 1223 2646 1276 5
2759 1221 2918 1278 Emb.
2947 1221 3012 1277 P.
3299 1225 3442 1279 2570

429 1299 499 1353 61»
605 1292 751 1347 XXII
995 1290 1116 1347 XIV
1560 1291 1664 1348 554
1739 1291 1954 1346 XXVIII
1987 1289 2060 1348 Μ.
2389 1294 2434 1345 A
2615 1293 2650 1347 5
3298 1295 3443 1350 2924

427 1368 498 1424 65
604 1361 775 1418 XXIII
993 1363 1090 1419 XV
1560 1363 1666 1419 585
1736 1362 1812 1417 XI

1918 1361 1989 1416 LI.
2382 1362 2429 1416 G
2611 1365 2643 1416 7
2751 1362 2906 1419 Emb.
2943 1363 3006 1418 C.
3298 1365 3438 1421 5507

430 1441 500 1494 66
607 1431 780 1488 XXIV
991 1433 1115 1490 XVI
1420 1434 1514 1488 ὑπ.
1557 1433 1663 1489 555
1739 1433 1804 1487 IV

1910 1449 1944 1488 ).
2389 1433 2428 1487 F
2609 1432 2644 1486 5
3299 1436 3444 1492 5062

292 1513 332 1565 Β
429 1510 499 1564 67
608 1503 755 1560 XXV
991 1504 1132 1558 XVII
1557 1503 1662 1559 554
1731 1503 1812 1557 XX

1966 1503 2036 1558 Μ.
2339 1500 2382 1556 Ε
2419 1501 2459 1554 D
2606 1504 2641 1557 5
3298 1506 3443 1560 4016

428 1579 499 1634 68
608 1573 776 1631 XXVI
992 1572 1164 1629 XVIII
1555 1574 1661 1629 584
1731 1573 1852 1628 XIII
1904 1573 1977 1628 M.
2377 1572 2419 1627 C
2612 1575 2645 1627 7
2753 1573 2910 1630 Emb.
2945 1573 3008 1629 P.
3297 1576 3442 1630 4400

424 1650 498 1705 69
607 1645 798 1702 XXVII
989 1643 1115 1700 XIX
1421 1646 1518 1698 ὑπ.
1557 1644 1662 1699 555
1737 1643 1812 1697 IA

2388 1642 2430 1696 B
2609 1643 2645 1697 6
3297 1647 3442 1700 4755

429 1720 498 1774 70
606 1716 823 1775 XXVIII
993 1716 1018 1771 l
1561 1715 1666 1776 554
1736 1714 1812 1769 XI

1913 1713 2049 1770 Mar.
2385 1714 2432 1767 A
2610 1714 2644 1767 4
3297 1717 3356 1773 51
3370 1719 3440 1772 09

2910 1806 3258 1866 (Ξοιιίιωιιιιιιι
3299 1811 3416 1866 dies
3451 1812 3505 1866 in

1497 1875 2113 1940 TESSARADECAET.
2155 1875 2242 1932 VI.
2973 1875 3016 1929 V
3049 1875 3231 1950 Cyclis
3251 1880 3453 1936 25541.

292 1978 329 2030 Β
430 1973 495 2026 71
614 1971 634 2026 1
1004 1970 1049 2026 II
1571 1973 1678 2030 585.
1750 1971 1795 2038 Χ

2324 1969 2369 2029 .G
2400 1969 2441 2025 F
2605 1972 2628 2024 1
2749 1971 2908 2026 Emb.
2950 1971 3013 2026 C.
3334 1976 3440 2030 585

432 2043 508 2098 72
613 2042 657 2096 II
1004 2041 1075 2096 III
1434 2044 1532 2096 ὑπ.
1572 2043 1677 2098 555
1747 2041 1812 2098 Χῖ

1910 2041 1966 2096 IIl
2004 2040 2070 2096 Μ.
2361 2040 2404 2094 Ε
2606 2041 2640 2094 6
3335 2047 3439 2101 758

433 2114 506 2167 75
615 2113 683 2168 III
1005 2110 1076 2164 IV
1572 2112 1676 2168 584
1746 2111 1916 2166 XVIII
1951 2111 2021 2165 II.
2362 2110 2406 2163 D
2603 2112 2639 2164 4
2749 2109 3008 2166 Emb.P.
3296 2116 3440 2171 1122

431 2184 505 2246 74
613 2182 679 2236 ιν
1006 2182 1050 2251 v
1570 2183 1676 2238 534
1753 2181 1812 2235 vn

1910 2199 1950 2236 3.
2359 2181 2401 2236 C
2603 2183 2639 2234 5
3296 2187 3439 2241 1476

293 2257 332 2309 Β
430 2253 505 2308 75
616 2252 659 2308 V
1009 2250 1072 2303 VI
1432 2253 1526 2306 ὑπ.
1571 2253 1676 2307 555
1748 2251 1812 2306 Χ]

1924 2252 1994 2306 Μ.
2319 2252 2361 2304 Β
2398 2253 2440 2308 Α
2603 2251 2636 2304 7
3295 2257 3431 2312 1851

429 2325 502 2377 76
617 2322 682 2377 \‘I
1006 2320 1097 2373 VII
1570 2324 1677 2377 585
1748 2321 1812 2375 X‘

1910 2321 1949 2377 I.
2359 2321 2403 2375 G
2604 2322 2639 2374 5
2705 2336 2710 2340 '
2744 2321 2902 2378 Emb.
2931 2322 2992 2378 C.
3296 2327 3441 2382 2214

430 2394 499 2447 τι
613 2393 703 2447 vn
1005 2389 1121 2443 vm
1571 2393 1676 2447 554
1750 2392 1788 2444 ιι
1825 2394 1923 2460 Ap.
2364 2392 2404 2447 F
2595 2395 2636 2448 5
3294 2397 3436 2453 esus

429 2465 502 2519 78
615 2466 729 2520 VIII
1005 2461 1075 2515 IX
1434 2462 1529 2515 ὑπ.
1571 2463 1674 2517 555
1747 2462 1812 2516 Χ]

1924 2462 1972 2517 Μ
1984 2506 1995 2517 .
2362 2461 2404 2515 Ε
2603 2465 2635 2515 7
3293 2469 3438 2524 2925

291 2537 331 2588 n
429 2535 502 2589 79
613 2533 681 2604 ix
1003 2531 1077 2604 ξς,
1569 2532 1675 2604 584
1745 2533 1812 2604 xi

1910 2575 1922 2590 .
2313 2532 2436 2594 DC
2600 2535 2636 2589 5
2743 2532 2996 2589 Emb.I‘.
3192 2563 3194 2566 τ
3290 2540 3506 2604 5507(0)

429 2605 504 2684 ἕρ
1437 2675 1455 2684 -
1567 2603 1676 2684 ἓξὲξ

1910 2605 1996 2684 ἐί-
2359 2604 2401 2684 [.3
2603 2605 2638 2684 1
3283 2601 3504 2684 566W)

430 2675 495 2728 81
614 2674 680 2728 XI
1001 2670 1098 2726 XII
1431 2675 1528 2730 ὑπ.
1567 2675 1674 2730 555
1745 2673 1812 2728 XI

1910 2674 1968 2729 II.
2361 2676 2405 2727 A
2605 2675 2628 2728 1
3291 2681 3434 2735 4016

429 2746 504 2820 .8?
610 2744 724 2820 ἓξὲξ,
1001 2739 1123 2820 1i!!!
1563 2746 1671 2820 ἓξὲξ
1741 2744 1916 2820 1w.-
1941 2814 1988 2820 __
2325 2745 2440 2820 _G..
2605 2745 2640 2820 6
2751 2747 2910 2803 Emb-
2943 2746 3007 2804 αι
3289 2751 3505 2820 ιδειθιε)

290 2815 330 2868 Β
427 2817 500 2871 85
610 2814 728 2868 XIII
1001 2811 1123 2866 XIV
1561 2816 1670 2870 554
1741 2815 1812 2870 XI

1941 2814 1988 2874 M
2001 2855 2013 2868 .
2323 2815 2365 2872 Ε
2403 2812 2444 2866 Ε
2606 2816 2642 2876 4
3293 2821 3438 2877 4755

432 2886 506 2941 84
615 2883 735 2939 XIV
999 2882 1097 2938 XV
1425 2887 1520 2943 ὑπ.
1561 2887 1666 2944 555
1737 2886 1812 2940 XI

1919 2926 1934 2941 .
2368 2886 2407 2939 0
2612 2888 2635 2940 1
3295 2891 3436 2948 5108

2911 2984 3258 3056 (ζιιηίςιιηῑιιι-
3297 2988 3415 3043 dies
3449 2989 3505 3044 in

2943 3055 3011 3110 Vl
3034 3055 3212 3128 Cyclis
3241 3057 3436 3114 50649.

289 3171 344 3226 In
381 3170 484 3227 hoc
534 3169 685 3240 cyclo
714 3168 991 3225 embolimi
1033 3177 1162 3224 sunt
1202 3186 1333 3224 xxx.
1387 3168 1458 3224 At
1492 3169 1679 3240 cyclus
1708 3167 1804 3220 de-
1833 3169 1878 3232 Α
1904 3148 2030 3222 Vrum
2075 3167 2130 3221 in
2179 3182 2504 3239 unaquaque
2552 3171 3105 3226 tessaradecaeteride
3172 3171 3262 3226 ille
3313 3188 3504 3226 nume-

222 3262 351 3317 sinit
384 3262 438 3317 in
473 3277 532 3316 Iv
563 3261 739 3316 Martii
770 3279 784 3316 :
824 3261 895 3316 ita
928 3270 988 3315 ut
1041 3263 1419 3333 ogdoecontat.
1455 3275 1492 3314 ιι
1527 3258 1752 3329 incipiat
1777 3273 1808 3312 a

221 3369 250 3405 ν
292 3353 498 3408 Martii.
546 3351 808 3410 Ascendit
849 3351 1017 3422 igitur
1073 3351 1357 3408 neomenia
1399 3351 1468 3405 5?.
1506 3350 1700 3405 diebus
1741 3349 1810 3403 ab

222 3443 426 3511 epocha
473 3441 695 3496 Iuliana
742 3441 903 3510 primi
954 3441 1126 3512 cycli,
1186 3457 1308 3512 qum
1350 3448 1436 3496 est
1481 3456 1532 3494 v1
1580 3439 1806 3510 Aprilis.

221 3535 398 3600 Quare
462 3535 630 3590 debet
685 3533 999 3588 intercalari
1047 3534 1252 3588 mensis
1306 3532 1654 3596 tricenarius,
1698 3546 1809 3601 quo

222 3627 513 3679 neomenia
562 3624 975 3680 submovebitnr
1007 3623 1060 3677 in
1096 3639 1148 3677 IV
1192 3623 1326 3694 Apr.
1356 3633 1410 3678 et
1437 3624 1605 3678 biduo
1634 3639 1664 3678 a
1699 3624 1811 3692 pri-

219 3734 308 3773 sca
361 3717 582 3789 epocha
634 3716 874 3771 recedet.
924 3716 1079 3782 Quod
1131 3725 1249 3770 erat
1295 3715 1806 3770 demonstrandum.

221 3810 324 3866 Sed
363 3809 712 3882 Epiphanius
759 3809 835 3864 ait
877 3824 1122 3864 mensem
1159 3808 1310 3862 illum
1356 3807 1560 3862 embol.
1605 3805 1812 3861 tricesi-

217 3919 366 3957 mum
405 3904 654 3973 primum
695 3899 897 3970 conjici
933 3900 985 3954 in
1035 3915 1242 3954 annum
1279 3899 1371 3954 85.
1407 3897 1596 3970 Itaque
1631 3913 1810 3956 annus

217 3996 432 4063 primus
461 3995 603 4066 cycli
647 3992 876 4049 secundi
913 3992 1074 4048 inibit
1104 4010 1138 4047 χ
1167 3991 1370 4048 Martii.
1415 3989 1517 4047 Ubi
1553 3997 1608 4047 et
1634 3989 1809 4047 Judaei

213 4088 426 4158 cyclum
457 4086 718 4154 ﬁgebant,
757 4085 884 4154 quia
912 4083 1135 4140 citimns
1164 4085 1387 4140 illorum
1421 4083 1688 4140 terminus
1721 4081 1811 4137 tri-

214 4177 322 4230 duo
353 4177 644 4232 Niczenum
682 4173 977 4228 antecedit.

280 4268 564 4322 Caeterum
592 4264 865 4320 Victorius
890 4265 1202 4334 Aquitanus
1235 4265 1288 4319 in
1325 4265 1512 4320 eadem
1550 4263 1640 4319 illa
1664 4263 1810 4319 Prte-

215 4359 444 4427 Iationc,
484 4359 625 4429 cycli
663 4372 861 4411 untv
912 4371 1182 4411 annorum
1223 4355 1494 4421 meminit,
1545 4365 1806 4426 tanquam

212 4469 239 4506 a
284 4451 581 4506 nonnullis
626 4449 691 4504 ad
739 4447 1006 4502 Paschale
1054 4447 1328 4518 negotium
1379 4447 1804 4503 accommodati.

1911 3274 2007 3313 rus
2039 3269 2143 3325 est,
2173 3275 2333 3328 quem
2363 3261 2772 3327 constituimus,
2814 3261 2976 3327 5108,
3009 3264 3094 3317 vel
3125 3263 3291 3328 5l09,
3326 3265 3500 3318 semel

1911 3366 2042 3406 vero
2065 3351 2200 3408 5l07
2225 3369 2240 3416 ;
2270 3353 2413 3406 civili
2448 3353 2500 3408 id
2534 3353 2746 3407 ratione
2771 3355 3102 3422 postulante.
3136 3354 3276 3408 Tum
3309 3372 3497 3427 περιτ-

1909 3441 2001 3494 ταὶ
2052 3440 2254 3512 ἡμέραι
2300 3441 2465 3496 tertio
2522 3457 2740 3512 quoque
2795 3457 2971 3509 anno;
3027 3444 3308 3502 embolimi
3370 3463 3499 3502 γεγε»

1911 3549 2128 3592 menses
2158 3533 2387 3598 ἐναλλάξ
2432 3534 2574 3604 pleni
2597 3573 2613 3595 ,
2652 3535 2917 3605 carique,
2967 3546 3018 3591 ct
3062 3536 3115 3590 in
3148 3537 3376 3608 singulis
3407 3555 3500 3610 cy-

1910 3625 2010 3680 clis
2041 3641 2104 3690 v;
2162 3625 2214 3679 in
2261 3627 2866 3695 tessaradecaeteribus,
2906 3627 3184 3682 embolimi
3219 3645 3348 3686 xxx.
3386 3629 3500 3685 Ιιιιο

1909 3734 2041 3774 vero
2073 3735 2226 3773 χλιιι.
2270 3719 2406 3773 Nam
2439 3719 2661 3780 totidem
2706 3720 2960 3789 imputari
3007 3721 3242 3788 debent;
3285 3732 3346 3778 nt
3387 3723 3498 3785 sint

1911 3809 2027 3864 dies
2061 3809 2114 3864 in
2157 3809 2784 3882 ogdoecontatessaraet.
2826 3811 3024 3867 50679.
3056 3813 3126 3867 At
3158 3813 3498 3884 Epiphanius

1911 3901 2162 3955 ultimum
2196 3902 2615 3958 embolimorum
2652 3904 2717 3958 ad
2761 3903 2981 3960 initium
3021 3905 3157 3977 cycli
3186 3909 3495 3976 sequentis,

1910 3994 2025 4048 sive
2065 4010 2270 4049 annum
2302 3995 2374 4049 85
2417 3995 2612 4066 reiicit.
2671 3995 2825 4050 Unde
2871 3998 3022 4068 prior
3068 3998 3257 4068 cyclus
3302 3998 3498 4056 diebus

1912 4093 2135 4140 constat.-
2158 4082 2335 4142 50649
2361 4105 2374 4152 ;
2410 4087 2686 4142 secundus
2713 4087 2912 4154 $709,
2941 4088 3274 4159 habebitque
3301 4090 3495 4145 embo-

1909 4176 2070 4232 limos
2107 4177 2213 4238 52:
2282 4179 2484 4249 alioqui
2536 4180 2763 4234 nimium
2811 4181 2880 4234 ab
2938 4181 3145 4249 epocha
3197 4183 3498 4237 neomcnia:

1909 4270 2247 4332 recederent.
2289 4270 2530 4338 Quarum
2571 4272 2790 4343 quidem
2835 4273 3247 4328 nemneniarum
3284 4275 3497 4345 προέμ-

1909 4378 2136 4427 πτωσιν,
2177 4370 2232 4416 et
2261 4363 2559 4432 μετάϐασιν
2592 4366 2672 4426 εἰς
2697 4363 2765 4417 τὰ
2795 4362 3188 4434 προηγούμενα
3216 4365 3269 4419 in
3301 4365 3491 4420 eodem

1912 4450 2312 4518 Diagrammate
2351 4461 2509 4522 potes
2557 4452 2776 4506 intueri.
2826 4450 2962 4506 Nam
3019 4461 3143 4520 post
3189 4452 3494 4521 quamlibet

217 4543 286 4598 Ut
315 4549 589 4614 appareat
624 4558 733 4594 non
765 4538 985 4595 .Iudmos
1011 4540 1212 4605 solum,
1242 4538 1336 4594 sed
1376 4547 1430 4593 et
1459 4538 1808 4594 Christianos
1842 4530 1882 4584 Β
1913 4542 2540 4609 tessaradeeaeteridem,
2573 4560 2604 4597 v
2634 4543 2776 4598 dieb.
2833 4552 2888 4598 et
2933 4543 3083 4599 horis
3129 4543 3163 4598 8
3206 4546 3490 4597 neomenia

212 4636 494 4708 ejusmodi
531 4648 800 4690 annorum
847 4633 979 4686 orbe
1028 4646 1160 4686 usos
1186 4630 1482 4698 aliquando
1514 4628 1709 4686 fuisse.
1745 4629 1812 4685 Et

212 4740 341 4784 ante
385 4727 699 4791 Victorium
738 4724 978 4796 Cyrillus
1019 4723 1071 4776 in
1115 4721 1478 4785 I’razfatione,
1526 4737 1691 4792 quam
1741 4723 1808 4777 ad

207 4821 428 4894 eyelum
457 4835 626 4876 suum
658 4817 848 4880 edidit,
867 4831 990 4885 quae
1022 4815 1076 4868 in
1105 4815 1298 4870 eodem
1325 4816 1514 4871 codice
1535 4815 1808 4880 exstabat,

209 4909 576 4980 reprehendit
605 4908 762 4970 illos,
801 4907 894 4977 qui
929 4921 1132 4960 Lxxxw
1175 4920 1447 4962 annorum
1493 4907 1809 4976 pasehalem

205 5005 427 5078 cyclum
478 5001 860 5062 instituerunt,
912 4999 1028 5053 sive
1064 5009 1268 5069 septem
1304 4999 1806 5070 quatuordeeenni—

203 5106 406 5151 talum.
435 5097 523 5148 Ita
547 5093 692 5148 enim
719 5091 949 5147 Latinus
983 5088 1252 5161 interpres
1281 5093 1570 5146 convertit.

207 5209 545 5265 Declaratur
564 5206 828 5269 Judaicus
855 5205 946 5259 ille
966 5204 1169 5288 cpt-tm,
1190 5202 1405 5274 ejusque
1433 5206 1803 5273 opportunitas

883 5286 1142 5345 aperitur.

275 5368 407 5424 Fuit
443 5368 589 5432 hinc,
624 5367 705 5422 vel
748 5382 870 5422 esse
912 5367 1109 5438 potuit,
1140 5364 1316 5420 civilis
1341 5364 1628 5434 utriusque
1665 5365 1802 5437 cycli

200 5461 507 5532 dispositio
548 5477 560 5513 :
612 5461 664 5514 in
717 5475 825 5529 qua
877 5460 943 5513 ad
1002 5457 1264 5517 amussim
1316 5458 1596 5513 observata
1656 5459 1801 5514 vides

201 5553 416 5620 omnia,
451 5565 584 5622 qua:
605 5551 766 5620 paulo
795 5557 921 5604 ante
948 5547 1217 5618 disputata
1253 5555 1398 5602 sunt.
1430 5545 1564 5602 Nam
1597 5556 1652 5603 et
1686 5548 1802 5605 die-

1910 4633 2077 4688 Nisan
2125 4633 2357 4703 primam
2411 4636 2676 4704 epocham
2735 4634 3042 4689 antevertit.
3101 4632 3170 4688 Ut
3218 4634 3264 4689 si
3318 4633 3494 4702 primo

1917 4739 2064 4779 anno
2093 4724 2230 4794 cycli
2273 4725 2560 4780 neomenia
2593 4723 2758 4779 Nisan
2790 4726 2924 4793 Apr.
2961 4739 3011 4778 vt
3043 4723 3330 4792 contigerit
3360 4722 3492 4776 hora

1911 4817 2105 4872 merid.
2130 4817 2338 4874 exactis
2372 4833 2463 4873 xw
2496 4817 2674 4873 annis.
2703 4816 2770 4871 ad
2803 4815 2920 4870 Kal.
2956 4815 3091 4886 Apr.
3122 4814 3491 4884 regredietur;

1908 4916 1964 4962 et
1995 4909 2049 4963 in
2075 4909 2265 4964 horam
2303 4925 2356 4963 Iv
2379 4920 2500 4980 post
2525 4909 2758 4964 mediam
2787 4917 3000 4963 noctein
3029 4907 3227 4970 incidet
3254 4906 3309 4960 in
3335 4905 3400 4958 A.
3427 4904 3492 4960 D.

1915 4998 2032 5055 Kal.
2067 4999 2199 5070 Apr.
2233 5010 2397 5071 atque
2433 5003 2505 5057 ita
2533 5001 2790 5070 deinceps
2833 4999 3116 5055 neomenia
3159 4996 3385 5053 Iudaica
3426 5000 3495 5052 ab

1911 5093 2116 5162 epocha
2169 5093 2328 5162 primi
2372 5094 2611 5160 mensis,
2640 5101 2695 5146 et
2737 5091 2901 5146 solari
2937 5090 3152 5160 longius
3200 5089 3490 5156 abscedet,

1911 5183 2089 5242 donec
2123 5185 2370 5238 volvente
2401 5183 2608 5253 majore
2653 5183 2839 5254 cyclo,
2887 5197 3012 5236 cum
3042 5181 3156 5250 jam
3193 5196 3342 5235 χχχιι
3374 5178 3494 5233 die-

1910 5275 2015 5331 bus
2041 5283 2313 5336 retroacta
2347 5275 2529 5342 fuerit,
2555 5274 2968 5332 interealatione
3003 5273 3149 5344 pleni
3192 5270 3398 5331 mensis
3424 5270 3493 5324 ad

1910 5367 2197 5437 pristinam
2241 5367 2505 5438 epocham
2544 5376 2798 5422 revocata
2842 5366 3006 5422 biduo
3052 5365 3317 5420 duntaxat
3346 5361 3488 5417 anti-

1911 5455 2132 5529 cipabit.

1983 5548 2202 5618 lipoeha
2251 5550 2550 5606 neomenia:
2601 5547 2771 5606 Nisan
2825 5549 2878 5604 in
2931 5547 3083 5620 cyclo
3126 5540 3347 5594 Nlcamo
3390 5551 3484 5592 vnt

297 5711 354 5773 α)
395 5710 600 5762 Annus
648 5706 1023 5776 Baptismhex
1060 5702 1386 5776 Epiphanio
1415 5704 1482 5776 ⁸Ῑιι
1531 5721 1624 5776 vni
1672 5703 1934 5761 Novemb.

295 5771 354 5848 ὁ)
391 5778 508 5832 Hic
559 5786 640 5832 est
683 5771 855 5848 annus
918 5771 1194 5848 Baptismi
1224 5771 1522 5848 secundum
1579 5775 1805 5832 Latinos
1838 5794 1886 5832 vn
1915 5777 2038 5830 Jan.

249 5844 349 5925 (ε)
395 5850 506 5905 Hic
544 5857 628 5901 est
662 5863 794 5902 ann.
823 5845 1105 5900 Passionis
1131 5860 1196 5899 ex
1224 5844 1490 5916 Epiphan.

563 5941 831 5999 I’ATnOL.
881 5938 999 5998 Gn.
1055 5937 1240 5998 XLII.

3081 5919 3154 5978 31
