4064 6406
598 405 699 464 971

1695 405 2047 463 APPENDIX
2083 406 2721 468 DISSERTATIONUM.
3712 426 3793 485 971

601 529 686 575 est
715 519 921 590 Aprilis
941 534 994 573 vt
1017 534 1031 585 ;
1056 518 1209 591 cyclo
1235 531 1370 576 vero
1387 535 1488 576 xm
1516 530 1598 577 est
1622 520 1800 578 Martii
1830 540 1931 594 xu,
1950 539 2017 578 eo
2041 525 2185 592 quod
2215 527 2259 584 Α
2289 525 2498 595 aliquot
2537 529 2826 584 neomenia
2868 527 3037 585 Nisan
3069 532 3134 586 ad
3169 549 3198 586 v
3254 532 3428 590 Martii
3460 537 3653 594 redacta
3690 540 3794 596 (οτι-ι

599 612 803 667 Christi
849 612 1080 678 saeculo,
1128 613 1281 684 eyelo
1313 628 1414 667 xm
1463 616 1748 671 neomenia
1778 617 1832 670 in
1863 617 2013 671 illum
2041 617 2185 671 diem

600 703 956 758 incurrebat:
1002 719 1033 758 a
1065 720 1176 772 quo
1206 705 1311 760 sub
1360 703 1558 760 Nicaeni
1607 707 1823 761 concilii
1856 720 2070 777 tempus
2115 707 2185 761 ad

599 808 657 849 si
682 794 922 850 transiit.
981 793 1086 849 Sed
1134 796 1188 849 in
1235 794 1463 852 Iudaico
1487 798 1641 869 cyclo
1666 798 1839 868 prima
1875 800 2185 856 tcssarade—

598 897 737 945 eaet.
784 891 1122 945 neomeniam
1157 891 1376 948 exhibet
1408 892 1461 947 in
1506 908 1607 958 xu,
1642 894 1878 949 secunda
1916 894 1968 948 in
2012 910 2098 958 xl,
2131 902 2188 949 et

597 982 673 1039 ita
708 982 963 1054 deinceps
1018 1000 1193 1055 usque
1238 987 1306 1040 ad
1360 1002 1451 1054 rx;
1483 996 1538 1042 ct
1597 996 1817 1058 propter
1855 988 2184 1045 incidentem

598 1075 907 1130 hisextilem
946 1076 1088 1131 diem
1125 1079 1191 1131 ad
1228 1093 1324 1134 vut
1365 1080 1530 1133 etiam
1565 1080 1816 1135 recurrit.
1847 1081 2008 1137 Anno
2061 1082 2186 1151 qui-

597 1167 720 1220 dem
754 1165 973 1222 Iuliano
1006 1167 1073 1222 76
1108 1166 1275 1224 Nisan
1326 1168 1502 1224 Martii
1537 1187 1590 1226 Ix
1621 1169 1755 1225 feria
1788 1188 1841 1225 vr
1884 1175 2182 1229 convenie-

598 1256 719 1323 bat,
751 1257 898 1327 quod
930 1256 996 1312 ad
1020 1257 1306 1329 Epiphanii
1341 1261 1689 1326 sententiam,
1721 1270 2002 1332 totamque
2034 1263 2181 1319 illam

597 1349 665 1404 de
695 1348 976 1406 Passionis
1000 1364 1145 1404 anno
1180 1365 1246 1405 ac
1276 1350 1364 1407 die
1409 1353 1766 1421 quaestionem
1800 1353 2180 1424 explicandam

599 1440 1061 1510 opportunissime
1099 1441 1315 1497 cecidit.
1361 1440 1504 1509 Quin
1547 1452 1600 1498 et
1631 1443 1861 1499 alterum
1901 1444 2181 1509 laterculi,

597 1550 661 1589 ac
689 1533 898 1590 Iudaici
932 1534 1075 1588 illius
1108 1534 1246 1606 cycli
1281 1532 1521 1590 fructum
1573 1546 1740 1606 atque
1782 1552 1943 1592 usum
1988 1538 2183 1605 paucis

595 1626 856 1695 aperiam.
888 1623 1037 1679 Scito
1063 1625 1228 1696 igitur
1251 1626 1590 1696 probabilem
1615 1642 1679 1681 ex
1706 1641 1772 1682 eo
1790 1641 2016 1681 causam
2035 1628 2182 1692 elici,

593 1731 690 1770 rur
740 1714 1054 1771 Iudmorum
1100 1714 1268 1771 Nisan
1319 1716 1389 1770 ab
1436 1717 1641 1787 epocha
1692 1718 1899 1783 veteri,
1952 1718 2059 1773 hoc
2099 1727 2184 1774 est

592 1811 965 1880 mquiuoctio,
1011 1811 1310 1881 itidemque
1340 1811 1659 1868 Latinorum
1712 1812 1921 1883 primus
1977 1814 2184 1870 mensis

2289 616 2660 687 deprehensa,
2691 621 2828 691 eycii
2857 622 3010 685 labe,
3040 625 3282 679 animum
3328 626 3395 680 ad
3425 629 3798 686 emendationem

2288 708 2620 781 adiecerint,
2668 720 2725 767 et
2770 712 2879 768 alio
2918 713 3056 785 cycli
3091 730 3287 785 genere
3335 718 3640 785 constituto,
3670 719 3801 791 hujus

2288 801 2502 856 initium
2558 803 2615 857 in
2666 802 2859 859 eodem
2914 805 3008 859 illo
3070 822 3215 861 anno
3279 806 3531 874 ﬁxeriut,
3576 810 3659 879 qui
3705 827 3802 866 eam

2287 889 3061 959 ogdoecontatessaraeteridis
3122 895 3403 964 sequentis
3481 895 3704 966 primus,
3756 913 3806 952 sc

2286 976 2514 1046 proinde
2553 977 2930 1035 embolimaeus
2990 994 3113 1036 esse
3158 982 3414 1048 deberet;
3462 983 3598 1038 hunc
3635 985 3804 1054 ipsum,

2287 1070 2476 1133 utpote
2504 1064 2643 1134 cycli
2672 1066 2910 1122 recentis
2944 1066 3158 1121 initium
3177 1108 3192 1129 ,
3230 1083 3573 1123 communem
3601 1069 3804 1124 fecerint.

2286 1147 2364 1204 Ita
2398 1151 2646 1222 contigit,
2677 1161 2737 1207 ut
2761 1152 3017 1222 deinceps
3043 1154 3228 1209 citima
3257 1158 3539 1211 neomenia
3580 1156 3632 1211 in
3669 1155 3807 1212 lanii

2288 1257 2340 1309 v,
2368 1258 2462 1297 xlv
2493 1242 2622 1298 luna
2652 1242 2829 1299 Martii
2858 1260 2992 1300 xvm
3027 1247 3359 1304 constiterit.

2289 1352 2621 1423 Epiphanius
2652 1356 2717 1410 ab
2752 1358 2928 1428 inepta
2961 1358 3221 1431 Scaligeri
3269 1362 3652 1432 reprehensione
3679 1367 3811 1421 vindi-

2989 1443 3159 1485 catur.

2358 1514 2647 1574 Postremo
2676 1520 2744 1574 de
2769 1521 2867 1576 hoc
2887 1519 3203 1579 Iudaeorum
3227 1526 3381 1596 cyclo
3412 1526 3685 1597 disputans

2290 1611 2423 1689 liger
2460 1611 2552 1666 lib.
2588 1629 2624 1667 ιι
2662 1611 2739 1666 De
2780 1614 3011 1681 emend.,
3038 1630 3093 1684 p.
3142 1617 3245 1672 146
3279 1636 3295 1673 :
3371 1617 3703 1689 Epiphaniam
3741 1637 3815 1673 no-

2287 1688 2482 1769 strum,
2510 1716 2568 1760 ut
2603 1718 2651 1762 et
2703 1723 2881 1762 omnes
2916 1717 3108 1763 ueteres
3146 1711 3429 1781 scriptores
3474 1713 3570 1765 hac
3615 1714 3664 1766 in
3700 1725 3817 1780 parte

2289 1796 2446 1868 (haec
2499 1797 2640 1853 enim
2691 1799 2838 1854 illius
2893 1801 3054 1854 verba
3110 1802 3297 1871 sunt),
3337 1801 3654 1872 negligentia
3686 1805 3818 1873 enim

584 1874 959 1959 .abcrraverit.
1014 1904 1173 1970 Quod
1214 1874 1359 1960 cutim
1412 1920 1497 1960 xlv
1548 1874 1728 1961 Nisan.
1768 1906 1824 1961 in
1871 1907 2183 1977 aequinoctii
2218 1874 2259 1929 Β
2288 1887 2514 1945 mera"
2538 1908 2592 1947 ⁸⁸
2617 1903 2774 1963 ηεθαι
2804 1908 2976 1962 Ροδεθ·
3002 1892 3107 1950 sed
3133 1913 3237 1950 ηοη
3267 1899 3478 1963 meliori
3527 1899 3706 1968 inquit.
3739 1909 3816 1953 ιεδ·

588 1996 740 2049 diem
792 1995 969 2066 ipsum
1041 1997 1171 2052 olim
1224 1996 1517 2061 inciderit,
1575 1998 1773 2052 docent
1828 1998 2184 2055 vetustissimi

590 2088 914 2144 Iudaeorum
950 2089 1197 2162 magistri
1228 2109 1242 2145 :
1276 2092 1329 2145 in
1351 2090 1546 2162 primis
1582 2092 1913 2164 Agathobuli
1953 2090 2188 2148 dum-Et

595 2178 947 2235 Ariswbulus
978 2180 1170 2235 horum
1198 2180 1521 2253 discipulus,
1553 2182 1646 2253 qui
1681 2199 1823 2238 unus
1856 2199 1886 2237 e
1911 2183 2050 2237 LXX
2089 2182 2187 2239 Se-

594 2270 841 2325 nioribus
875 2269 976 2327 fuit
999 2313 1014 2338 ,
1047 2272 1189 2343 apud
1225 2272 1546 2331 Anatolium
1578 2275 1631 2329 in
1663 2273 2002 2346 fragmento,
2035 2275 2183 2346 quod

594 2360 795 2417 Euseb.
823 2361 957 2416 citat
1002 2362 1039 2416 l.
1071 2379 1146 2418 νιι
1187 2360 1357 2429 Ilist.,
1411 2380 1461 2419 c.
1493 2364 1585 2419 27.
1625 2366 1893 2421 Asserunt
1927 2366 2073 2420 enim
2118 2363 2187 2419 τὰ

602 2450 930 2523 διαδατήρια
947 2451 1097 2506 Θύειν
1116 2453 1226 2506 δεῖν
1258 2452 1374 2525 μετ’
1407 2453 1695 2527 ἰσημερίαν
1716 2453 1940 2527 ἐαρινὴν
1967 2453 2188 2525 μεσοῦν-

592 2543 799 2606 τοςτοῦ
839 2541 1058 2615 πρώτον
1112 2543 1301 2615 μηνός.
1345 2545 1492 2601 Idem
1534 2556 1590 2600 et
1632 2545 1870 2603 Musaeus
1901 2557 2054 2603 vetus
2081 2545 2184 2601 Iu-

593 2639 834 2692 dzeorum
864 2638 1100 2707 scriptor
1133 2639 1343 2694 docuit.
1390 2639 1497 2695 Sed
1535 2650 1588 2694 et
1622 2638 1779 2695 Philo
1830 2639 1924 2695 lib.
1969 2638 2046 2695 De
2076 2640 2187 2695 vita

592 2727 816 2781 Mosis‘:
848 2728 959 2800 Τὴν
1011 2729 1188 2801 ἀρχὴν
1214 2730 1314 2795 τῆς
1358 2729 1583 2801 ἐαρινῆς
1627 2730 1917 2801 ἰσημερίας
1966 2729 2184 2803 πρῶτον

593 2818 902 2889 ἀναγράφει
945 2819 1092 2890 μῆνα
1136 2820 1398 2891 Μωῦσῆς.
1436 2819 1790 2892 Astipulatur
1827 2829 1883 2875 et
1913 2818 2184 2892 Iosephus

595 2911 633 2964 l.
666 2910 935 2982 ttI‘Orig.,
963 2927 1015 2966 c.
1052 2910 1119 2966 10
1153 2927 1167 2961 :
1199 2911 1289 2983 Τῷ
1313 2911 1370 2965 δὲ
1398 2911 1530 2983 μηνὶ
1559 2910 1638 2982 τῷ
1668 2910 1938 2981 Ξανθικῷ,
1962 2911 2022 2976 ὃς
2048 2912 2183 2966 Νισ·

600 3003 700 3058 σὰν
730 3003 860 3075 παρ’
886 3005 1019 3076 ἡμῖν
1054 3004 1319 3068 καλεῖται,
1360 3004 1454 3058 καὶ
1496 3002 1591 3057 τοῦ
1628 3002 1783 3068 ἔτους
1823 3004 1972 3058 ἐστὶν
1999 3003 2144 3078 ἀρχὴ
2169 3044 2184 3069 ,

597 3090 1170 3167 τεσσαρεσκαιδεκάτη
1238 3095 1380 3149 κατὰ
1454 3094 1682 3167 σελήνην
1758 3097 1817 3149 ὲν
1874 3096 2032 3169 Κριῷ
2086 3096 2182 3151 τοῦ

594 3185 746 3257 ἡλίου
812 3185 1176 3250 καθεστῶτος.

596 3279 650 3333 in
677 3278 1065 3349 aequinoctium
1100 3279 1410 3334 incurrebat
1452 3278 1648 3347 priscis
1677 3278 1786 3334 iliis
1816 3280 2178 3350 temporibus,

593 3381 648 3425 et
674 3386 738 3426 ex
777 3368 943 3426 Musis
978 3371 1250 3426 instituto.
1283 3369 1351 3425 At
1380 3378 1566 3440 postea
1598 3370 1947 3442 praescriptos
1980 3372 2181 3428 limites

594 3462 1005 3532 transgrediens
1037 3461 1431 3532 aequinocuum
1462 3462 1657 3517 diebus
1691 3462 1901 3532 aliquot
1929 3468 2182 3519 anteces-

593 3555 683 3610 sit.
720 3553 1017 3610 Testantur
1044 3554 1148 3609 hoc
1180 3555 1555 3609 vetustissima
1590 3553 2030 3609 Christianorum
2062 3569 2179 3610 meo

594 3647 871 3712 nimenta;
900 3661 1023 3715 quae
1056 3643 1370 3701 Indarorum
1398 3643 1608 3700 Pascha
1632 3645 2018 3715 aequinoctium
2046 3662 2183 3717 pne-

593 3741 843 3797 vertere,
894 3741 949 3788 et
992 3734 1045 3787 in
1093 3749 1169 3787 xu
1223 3749 1412 3790 mense
1451 3735 1715 3790 celebrari
1784 3750 2181 3809 nonnunquam

595 3825 914 3880 admonent.
968 3825 1190 3880 Canonc
1232 3840 1280 3880 vl
1340 3825 1529 3895 Apost.
1567 3827 1605 3880 l.
1645 3839 1699 3881 ιε
1733 3825 1802 3881 Εἴ
1836 3845 1924 3892 τις
1959 3829 2183 3883 ὲπῖσκο-

595 3915 776 3986 πος,ἣ
808 3912 1198 3987 πρεσϐύτερος,
1234 3916 1268 3988 ἢ
1298 3916 1545 3983 διάκονος
1582 3918 1683 3990 τὴν
1717 3918 1879 3988 ἁγίαν
1929 3918 2025 3972 τοῦ
2067 3920 2182 3975 Πά·

596 3996 702 4079 σᾷα
746 4006 962 4080 ἡμέραν
996 4005 1102 4078 πρὸ
1133 4006 1233 4078 τῆς
1268 4009 1492 4082 ἐαρινῆς
1525 4010 1815 4084 ἰσημερίας
1861 4011 2002 4084 μετὰ
2051 4013 2183 4067 Ἰον-

592 4097 760 4152 δαὶων
784 4097 1092 4172 ἐπιτελέσῃ,
1128 4098 1517 4172 καθαιρείσθω.
1553 4100 1729 4169 Quem
1757 4102 1826 4157 ad
1858 4104 2039 4159 locum
2076 4121 2182 4159 nu-

593 4198 751 4258 gatur
774 4188 1063 4245 Balsamon
1092 4210 1105 4246 :
1129 4207 1255 4247 cum
1280 4202 1441 4264 negat
1462 4193 1685 4266 ἐαρινὴν
1713 4194 2005 4268 ἰσημερίαν
2030 4205 2183 4251 ceno

592 4282 980 4338 dic-committi
1001 4324 1017 4349 ,
1046 4282 1171 4337 ἀλλ’·
1189 4285 1279 4338 ὅτε
1302 4284 1441 4358 τύχῃ
1473 4301 1537 4341 ex
1574 4287 1710 4343 solis
1739 4286 1991 4358 lunaeque
2020 4302 2182 4343 revo-

592 4370 917 4435 lutionibus,
949 4372 1093 4440 quod
1140 4381 1224 4426 est
1248 4373 1477 4443 puerile.
1528 4373 1609 4428 Ad
1638 4374 1753 4430 haec
1780 4374 2183 4432 Constantinus

592 4461 646 4515 in
679 4461 905 4532 epistola
927 4502 942 4529 ,
969 4477 1139 4531 quam
1179 4463 1245 4517 ad
1272 4462 1548 4519 Eeciesias
1580 4475 1705 4534 post
1733 4463 2018 4520 Nicaanum
2046 4482 2177 4522 con-

591 4547 778 4602 cilium
825 4548 1067 4617 scripsit,
1106 4550 1252 4619 apud
1308 4549 1571 4608 Euselnl.
1626 4567 1687 4607 ιιι
1736 4550 1821 4631 De

591 4633 811 4691 Iudmos
843 4636 1034 4691 eodem
1058 4652 1203 4691 anno
1228 4637 1425 4706 duplex
1457 4636 1667 4694 Pascha
1691 4639 1988 4695 celebrare.
2021 4639 2178 4707 Quod

596 4724 851 4778 vidi-licet
873 4726 1029 4795 cyclo
1054 4740 1148 4779 xix
1174 4734 1227 4779 et
1252 4739 1343 4779 νιιι
1371 4723 1607 4781 Nicaenis
1633 4734 1759 4782 ante
1785 4728 2179 4797 aequinoctium

597 4811 808 4870 Pascha
837 4815 1054 4870 illorum
1086 4814 1369 4870 incideret.
1405 4816 1562 4884 Quod
1586 4826 1640 4873 et
1666 4818 1758 4872 alii
1790 4819 2038 4890 plerique
2070 4829 2178 4874 tam

595 4908 970 4965 Occidentales
1011 4923 1175 4979 quam
1203 4908 1509 4965 Orientales
1539 4911 1736 4964 imitati
1765 4911 2008 4966 citimam
2049 4927 2181 4967 nco-

596 5000 832 5053 meniam
864 5000 1041 5056 Martii
1073 5020 1104 5057 ν
1135 5003 1394 5065 ﬁxerunt,
1425 5019 1519 5058 xlv
1547 5018 1680 5059 vero
1711 5002 1889 5058 Martii
1926 5019 2082 5071 svnt,
2121 5014 2181 5060 ut

594 5100 781 5161 postea
812 5092 1043 5148 dicetur.
1073 5094 1338 5164 Equidem
1364 5094 1577 5152 Iudaeis
1620 5112 1729 5152 non
1760 5097 2002 5153 arbitror
2029 5110 2179 5154 certe

592 5182 824 5238 consilio
862 5186 1184 5254 aequinoctii
1229 5189 1375 5244 diem
1403 5228 1417 5253 ,
1461 5203 1624 5258 quem
1670 5202 1736 5243 ex
1790 5190 2183 5246 astronomieis

592 5275 796 5332 tabulis
825 5276 1156 5347 investigare
1187 5293 1438 5349 possent,
1467 5290 1578 5337 tam
1607 5283 1897 5355 insigniter
1927 5293 2181 5342 antever-

590 5372 726 5427 tisse
745 5409 761 5436 ,
790 5371 883 5426 sed
910 5370 1371 5441 imprudentibus
1396 5389 1463 5429 ex
1499 5378 1744 5447 corrupti
1775 5377 2015 5448 alicujus
2040 5380 2178 5452 cyeli

594 5462 850 5519 tnethodo
884 5463 1144 5532 paulatim
1166 5464 1356 5519 vitium
1388 5465 1532 5522 istud
1555 5468 1822 5525 oblatum.
1846 5469 2175 5542 Cujusmodi

598 5556 899 5612 methodns-
937 5573 991 5611 ιιι
1062 5558 1351 5628 superiore
1411 5559 1673 5618 laterculo
1725 5562 1863 5619 satis
1913 5574 2176 5635 apparet;

591 5659 720 5701 nam
746 5650 954 5704 exactis
1003 5665 1205 5705 Lxxxtv
1242 5652 1402 5706 annis
1432 5655 1719 5710 neomenia
1746 5654 2076 5727 Nisan,qn:e
2108 5659 2179 5713 ab

591 5731 793 5799 Aprilis
823 5748 876 5786 νι
912 5745 1185 5803 cmperat,
1225 5739 1279 5792 in
1335 5737 1510 5794 Martii
1555 5757 1587 5795 ν
1647 5744 1935 5813 reperitur.
1968 5743 2181 5811 Quam-

494 5900 509 5915 .
592 5822 783 5877 ciuem
827 5827 1073 5885 accidere
1116 5831 1246 5885 illud
1302 5834 1510 5903 potuit,
1557 5846 1614 5891 ut
1654 5852 1773 5891 cum
1821 5846 1940 5908 post
1999 5855 2178 5897 annos

1256 3184 1431 3256 igitur
1492 3184 1808 3241 Iudaeorum
1870 3202 1961 3241 xw
2012 3184 2181 3243 Nisan
2213 3206 2257 3266 ο

2289 1988 2781 2041 saractedecaeteris
2811 2026 2827 2050 ,
2866 2001 3028 2055 quam
3056 2003 3158 2042 non
3183 1988 3354 2042 solum
3390 2001 3447 2044 ut
3477 1991 3681 2060 probant
3702 2000 3746 2044 et
3766 1991 3822 2043 lc-

2287 2074 2526 2145 gitimam
2562 2076 2781 2130 adducit
2809 2078 2949 2133 idem
2986 2078 3316 2150 Epiphanius
3344 2123 3360 2147 ,
3388 2086 3479 2137 sed
3516 2080 3718 2139 Juda'os
3741 2098 3820 2135 non

2287 2163 2457 2218 aliam
2491 2167 2752 2221 rationem
2800 2169 2855 2222 in
2906 2186 3046 2225 anno
3093 2171 3274 2226 lunari
3316 2174 3463 2243 sequi
3513 2175 3648 2238 ruit,
3696 2191 3823 2244 quam

2289 2254 2437 2310 illius
2469 2259 2790 2314 methodum.
2823 2259 2961 2316 Tum
2991 2262 3276 2334 Epiphanii
3316 2265 3501 2321 verbis
3529 2266 3712 2331 allatis,
3735 2268 3823 2336 pri-

2290 2363 2439 2402 mum
2478 2348 2607 2403 illud
2656 2352 3038 2421 reprehendit,
3077 2355 3226 2425 quod
3265 2356 3514 2423 dixerat;
3548 2357 3601 2412 in
3625 2367 3725 2413 tres
3747 2372 3825 2411 an-

2291 2455 2391 2497 nos
2442 2442 2585 2498 diem
2623 2460 2791 2498 unum
2830 2460 2896 2500 ex
2937 2445 3088 2501 horis
3132 2448 3166 2501 8
3218 2448 3455 2504 residuis
3487 2449 3747 2519 imputari.
3772 2450 3825 2502 At

2290 2536 2490 2605 falsum
2517 2538 2640 2602 erit,
2673 2538 2849 2609 inquit
2876 2580 2891 2604 ,
2941 2556 3105 2593 unam
3135 2549 3343 2594 tantum
3369 2541 3512 2596 diem
3554 2553 3665 2612 post
3699 2542 3828 2594 trien-

2288 2629 2439 2683 nium
2467 2645 2802 2697 accrescere,
2838 2648 2957 2685 rum
3002 2632 3373 2704 relinquantur
3416 2644 3538 2704 post
3584 2633 3826 2687 triennium

2289 2721 2401 2775 dies
2431 2721 2560 2786 duo,
2587 2722 2733 2777 liora:
2770 2722 2857 2786 18,
2889 2733 3214 2794 quantarum
3239 2724 3333 2787 ει,
3361 2735 3441 2779 est
3476 2736 3659 2790 totum,
3683 2734 3763 2779 aut
3785 2724 3827 2787 9,

2288 2823 2608 2885 quantum»:
2666 2815 2756 2870 12.
2845 2817 3048 2873 Deinde
3099 2817 3245 2888 quod
3294 2820 3459 2876 armis
3514 2837 3602 2875 xlv
3649 2820 3826 2891 ryclum

2289 2907 2607 2974 deﬁnierat,
2641 2908 2747 2965 hoc
2792 2910 2955 2966 modo
2992 2910 3289 2981 redarguit.
3346 2910 3523 2985 Negat
3554 2914 3690 2969 enim
3724 2928 3827 2983 prte-

2291 2999 2461 3053 cisam
2516 2999 2682 3054 ullam
2733 3001 2998 3057 rationem
3052 3002 3167 3057 ﬁeri
3223 3018 3409 3074 posse.
3469 3004 3611 3060 Nam
3659 3005 3828 3059 Iuliani

2290 3089 2419 3143 anni
2448 3090 2563 3143 dies
2614 3089 2868 3162 colligunt
2900 3092 3042 3147 5H3
3067 3136 3079 3159 ,
3106 3094 3268 3148 haras
3316 3095 3424 3161 19.;
3475 3098 3601 3151 anni
3655 3096 3829 3151 lunares

2294 3178 2509 3237 totidem
2554 3180 2821 3250 simplices
2842 3222 2855 3243 ,
2890 3181 3067 3239 4956:
3102 3184 3408 3254 differentia
3441 3187 3555 3240 dies
3594 3185 3719 3249 157,
3762 3184 3827 3239 12.

2292 3267 2369 3323 De
2409 3270 2597 3339 quibus
2643 3271 3038 3325 intercalantur
3083 3274 3225 3342 pleni
3273 3290 3475 3329 menses
3505 3293 3559 3343 ι’,
3602 3282 3828 3330 remanent

2288 3361 2401 3415 dies
2434 3362 2486 3426 7,
2518 3362 2605 3417 12.
2634 3361 2757 3417 1am
2783 3363 2816 3418 8
2843 3364 2988 3419 hora:
3012 3367 3369 3436 quaterdecies
3400 3371 3718 3423 constituunt
3743 3368 3829 3421 dies

2290 3454 2345 3519 4,
2377 3453 2466 3510 16.
2503 3454 2635 3521 Quae
2662 3473 2871 3511 summa
2904 3458 2969 3513 de
2997 3458 3182 3514 diebus
3218 3459 3271 3522 7,
3302 3459 3392 3529 12,
3427 3462 3663 3517 detracta
3699 3459 3829 3515 relin-

2289 3546 2404 3616 quit
2430 3546 2786 3617 di/ferentiam
2815 3564 2949 3603 certe
2974 3550 3402 3615 tessaradecael.,
3428 3562 3482 3606 et
3504 3552 3653 3623 [alue
3676 3549 3829 3613 dicti,

2296 3637 2381 3692 1‘2.
2432 3636 2556 3694 Haec
2583 3637 2847 3710 Scaliger.
2887 3639 2943 3695 In
2975 3656 3083 3711 qua
3118 3642 3335 3713 quidem
3364 3641 3653 3715 Epiphanii
3684 3657 3831 3714 repre-

2292 3727 2559 3784 hensione
2600 3744 2873 3783 summam
2935 3729 3152 3801 praefert
3193 3731 3536 3788 obtrectandi
3594 3731 3830 3788 libidinem

2291 3836 2417 3876 cum
2457 3821 2571 3892 pari
2602 3821 2684 3875 vel
2722 3821 2963 3889 inscitia,
2994 3822 3081 3877 vel
3126 3822 3431 3895 ἅπροσεξεᾳ
3470 3824 3830 3895 coniunctam:

2292 3928 2418 3969 nam
2462 3921 2517 3969 et
2537 3913 2812 3969 immerito
2858 3912 3223 3985 Epiphanium
3286 3928 3549 3984 accusat;
3585 3917 3830 3989 quiquam

2290 4020 2321 4060 a
2361 4003 2564 4062 Iudaeis
2611 4014 2837 4062 noverat
2885 4006 3167 4062 observari
3219 4016 3533 4080 temporum
3580 4010 3829 4070 rationem,

2290 4114 2411 4154 cam
2438 4098 2850 4154 commentariis
2897 4100 3014 4155 suis
3040 4099 3313 4170 exposuit.
3353 4098 3409 4154 In
3441 4116 3554 4171 quo
3582 4100 3708 4156 nihil
3745 4099 3833 4169 ipse

2291 4196 2501 4258 peccat.
2534 4186 2722 4259 Neque
2762 4204 2891 4245 vero
2924 4191 3135 4261 cyelum
3181 4189 3329 4246 hunc
3352 4232 3367 4257 ,
3436 4201 3498 4245 ut
3531 4192 3740 4259 probum
3783 4202 3832 4242 ac

2293 4278 2629 4350 legitimum,
2663 4281 2937 4347 obtrusit,
2981 4280 3124 4352 quod
3189 4282 3561 4339 calumniatur
3607 4281 3829 4352 Scaliger.

2293 4368 2407 4423 lmo
2432 4383 2463 4425 e
2483 4372 2763 4426 contrario
2811 4374 3069 4429 vitiosum
3104 4374 3278 4431 fuisse
3312 4391 3417 4430 non
3449 4378 3679 4433 obscure
3701 4372 3833 4448 signi-

2294 4461 2440 4528 ﬁcat,
2467 4476 2593 4517 cum
2619 4463 2787 4519 biduo
2835 4478 2866 4518 a
2906 4465 3237 4526 cmlestibus
3255 4467 3561 4523 ncomeniis
3588 4468 3833 4522 aberrasse

1626 4567 1687 4607 ιιι
1736 4550 1812 4607 De
1840 4555 1950 4607 vita
1974 4552 2179 4618 Const.,
2212 4567 2264 4626 ι)
2294 4553 2472 4619 docet,
2502 4562 2562 4607 ut
2589 4554 2808 4610 abunde
2839 4556 3176 4612 declaratum
3215 4568 3319 4612 (ist.

2356 4642 2475 4699 Iam
2510 4646 2641 4700 illud
2672 4648 2924 4714 inscitizn,
2964 4659 3020 4705 et
3058 4651 3279 4721 quidem
3336 4652 3564 4708 minime
3611 4646 3831 4721 vulgaris.

2284 4736 2428 4805 quod
2458 4735 2822 4807 Epiphaniam
2880 4757 2947 4795 ne
3002 4741 3265 4797 intellexit
3307 4743 3551 4814 quidem.
3602 4742 3722 4809 Qua:
3767 4746 3830 4793 est

2283 4830 2428 4881 enim
2481 4829 2584 4884 ista
2619 4831 3017 4900 reprehensio:
3071 4849 3180 4888 non
3230 4850 3392 4906 posse
3425 4850 3489 4889 ex
3542 4836 3689 4889 horis
3715 4840 3828 4889 octo.

2285 4935 2406 4990 qua:
2433 4937 2598 4993 supra
2647 4923 2753 4978 551
2796 4925 2909 4980 dies
2945 4926 3174 4997 singulis
3204 4929 3367 4983 annis
3393 4934 3759 4989 accensentur,
3787 4920 3827 4974 in

2287 5021 2398 5068 tres
2446 5029 2621 5071 annos
2675 5016 2819 5071 diem
2866 5018 3083 5086 conﬁci,
3132 5036 3255 5074 cum
3307 5008 3687 5091 relinquantur
3734 5024 3830 5088 post

2286 5105 2580 5160 triennium
2615 5106 2732 5162 dies
2754 5108 2809 5174 Ξ,
2848 5109 2969 5165 hor.
3010 5111 3116 5167 18?
3140 5111 3221 5166 An
3249 5122 3374 5167 octo
3400 5122 3481 5168 ter
3511 5110 3826 5182 multiplicata

2283 5194 2356 5249 ει
2389 5212 2497 5252 non
2527 5197 2813 5256 eﬁiciunt?
2847 5203 3012 5273 Atqui
3048 5203 3154 5259 hoc
3195 5206 3374 5260 solum
3422 5205 3596 5261 voluit
3632 5202 3828 5274 Epipha-

2285 5287 2448 5344 nius:
2491 5290 2664 5347 tribus
2703 5292 2866 5349 antiis
2891 5293 3176 5352 lunaribus
3205 5295 3349 5350 diem
3395 5305 3713 5367 competere.
3745 5287 3825 5344 Sed

2287 5381 2424 5437 mira
2444 5382 2561 5439 haec
2583 5384 2942 5443 hallucinatio
2957 5387 3224 5461 Sca‘ligeri
3250 5409 3266 5459 ;
3295 5391 3439 5461 quod
3471 5390 3752 5447 triennium
3772 5383 3829 5438 Ιιιο

2286 5487 2420 5527 nare
2447 5490 2572 5529 cum
2604 5472 2825 5532 Iuliano
2870 5479 3181 5550 comparari
3210 5480 3460 5537 credidit.
3500 5479 3637 5535 Nam
3679 5477 3827 5532 triete-

2286 5564 2366 5620 ris
2389 5562 2607 5621 Iuliana
2653 5566 2774 5622 dies
2804 5567 2968 5624 habet
3001 5570 3156 5635 1095,
3190 5571 3278 5639 18,
3327 5574 3545 5629 lunares
3574 5570 3696 5627 anni
3738 5577 3827 5622 tres

2286 5658 2582 5728 simplices,
2610 5658 2769 5725 1062,
2799 5660 3000 5718 additis
3032 5671 3112 5718 ter
3140 5673 3265 5720 octo
3295 5665 3445 5722 horis
3466 5706 3481 5730 ,
3523 5673 3578 5720 ct
3630 5664 3826 5718 interca-

2286 5748 2384 5802 lari
2416 5749 2585 5819 pleno
2619 5765 2833 5818 mense,
2862 5753 3002 5809 ﬁunt
3028 5755 3187 5820 1095,
3233 5758 3324 5826 qui
3355 5759 3423 5813 de
3441 5756 3660 5812 Iuliano
3684 5755 3825 5809 trien-

2284 5843 2377 5897 nio
2403 5843 2658 5909 detracti,
2686 5846 3007 5918 relinquunt
3034 5851 3151 5906 dies
3175 5818 3235 5922 ‘2,
3253 5818 3349 5907 '18.
3390 5850 3489 5907 Sed
3519 5851 3622 5907 hoc
3646 5846 3706 5905 ad
3722 5818 3851 5914 Ειθί·τ
