4064 6400
242 420 341 477 973

1146 416 1236 474 DE
1272 418 1460 474 ANNO
1497 418 1583 474 ET
1626 419 1736 477 DIE
1773 420 2126 480 ῦΟΜΙΝΙΒίΕ
2163 424 2544 481 PASSIONIS.

3371 416 3477 472 97".

243 527 420 602 phanii
442 534 679 582 mentem
701 566 717 593 ,
762 537 818 583 et
850 526 1166 583 institutum
1213 528 1350 583 nihil
1375 529 1651 599 pertinet:
1695 546 1803 585 non

1913 535 2071 605 Atqui
2101 538 2401 592 neomenia:
2430 535 2634 592 Christi
2663 545 2909 605 tempore
2945 532 3156 589 tardius
3185 531 3472 604 continge-

243 622 379 675 enim
430 616 566 672 duas
598 617 739 671 inter
791 631 851 671 se
887 617 1195 672 trieterides
1250 628 1559 687 comparat;
1599 620 1693 674 sed
1737 620 1807 675 de

244 710 410 767 lunari
440 709 705 764 duntaxat
749 707 985 762 triennio
1017 708 1281 777 loquitur.
1345 707 1548 764 Caetera
1580 725 1704 779 qua:
1738 709 1807 764 de

243 803 367 860 solis
394 800 631 870 ὑπεροχῇ
650 798 895 869 quinque
924 796 1039 853 fere
1059 799 1270 853 dierum
1301 798 1508 870 objicit,
1532 815 1654 869 qua:
1670 814 1806 868 pra:-

243 895 403 950 cisam
461 891 723 945 rationem
790 898 846 945 et
893 890 1339 944 ἀποκατάστασιν
1391 891 1803 945 neomeniarum

244 984 590 1055 prohibeant,
633 980 793 1036 facile
827 996 896 1035 ex
936 980 1006 1035 iis
1038 995 1162 1049 quae
1218 990 1376 1034 antea
1409 979 1800 1043 disseruimus,

245 1083 463 1147 possunt
505 1072 698 1130 refelli.
738 1070 856 1127 Non
890 1073 1038 1127 enim
1073 1072 1286 1143 cyelum
1327 1073 1598 1126 duntaxat
1633 1086 1806 1125 anno-

241 1183 354 1221 rum
395 1165 462 1218 14
487 1179 781 1234 usurpasse
815 1162 1036 1220 Iudaeos
1084 1172 1272 1218 censet
1308 1161 1646 1233 Epiphanius
1670 1178 1686 1227 ;
1710 1170 1808 1217 aut

241 1261 291 1314 in
316 1274 380 1313 eo
426 1259 710 1327 praecisum
762 1258 1051 1326 utriusque
1105 1255 1303 1311 sideris
1359 1255 1804 1310 conciliationem

239 1350 384 1417 lieri;
412 1350 506 1404 sed
559 1349 611 1403 id
639 1349 708 1403 84
741 1349 961 1404 demum
996 1349 1158 1403 annis
1192 1347 1425 1404 evolutis
1461 1348 1698 1403 obtineri
1736 1362 1804 1401 ex

237 1442 540 1497 Judazorum
575 1442 833 1511 opinione
880 1442 1090 1497 docuit.
1138 1442 1209 1496 At
1264 1442 1320 1495 in
1348 1439 1807 1497 tessaradecaete-

238 1536 367 1603 ride,
397 1535 675 1589 lunarium
717 1535 980 1590 duntaxat
1022 1535 1370 1606 syzygiarum
1420 1529 1806 1586 ἀποκατάστα-

240 1645 318 1682 σιν
366 1626 768 1697 repraesentari,
828 1627 1121 1681 reservatis
1177 1624 1370 1680 diebus
1406 1640 1461 1688 v,
1509 1638 1635 1693 quae
1678 1629 1809 1676 sunt

237 1723 431 1785 cpacta:
451 1716 697 1778 lunares,
718 1716 772 1770 in
807 1731 1012 1770 annum
1047 1714 1117 1769 84
1142 1723 1460 1779 exeuntem,
1497 1713 1581 1768 vel
1611 1713 1807 1766 ineun-

238 1816 337 1862 tem
371 1806 461 1862 85.
497 1808 629 1872 Quae
656 1807 841 1860 omnia
872 1806 1210 1876 perpendere
1241 1805 1363 1874 ejus
1394 1806 1674 1864 intererat,
1711 1802 1805 1872 qui

1908 627 2040 683 bant
2066 646 2082 683 :
2119 640 2246 699 puta
2271 628 2607 684 novilunium
2655 628 2808 699 eyelo
2840 642 2962 688 xm.
2987 626 3269 681 accidebat
3297 625 3476 680 Martii

1906 732 2007 782 xu,
2061 718 2246 789 plenil.
2297 735 2424 773 xxv.
2464 716 2601 773 Nam
2643 716 2862 773 Juliano
2895 718 3014 787 ipso
3059 716 3148 782 76,
3186 725 3244 772 ut
3274 715 3478 772 Paulus

1905 809 2253 881 Forosempr.
2280 812 2556 877 observat,
2587 810 2942 866 commissum
2977 817 3063 863 est
3083 808 3138 863 in
3172 808 3478 864 meridiano

1906 899 2398 974 Hierosolymitano
2424 901 2601 956 Martii
2619 917 2697 965 xt,
2727 900 2794 955 l9
2819 901 2922 965 5P,
2956 897 3072 963 li",
3094 900 3198 955 hoc
3221 907 3306 955 est
3331 899 3446 953 Mar
3463 928 3476 938 -

1904 990 1965 1046 tii
1995 1007 2107 1057 xtt;
2147 991 2507 1060 plenilunium
2542 990 2721 1046 Martii
2756 1006 2908 1057 xxvt,
2943 990 3029 1053 Ην.
3066 991 3170 1056 ιδ’,
3214 990 3344 1051 14η,
3375 990 3480 1045 hoc

1905 1091 1991 1139 est
2008 1082 2188 1138 Martii
2217 1100 2390 1139 xxvtt.
2426 1082 2529 1138 Sed
2554 1083 2774 1154 politice
2793 1082 2972 1138 Martii
3000 1099 3149 1146 xxvr,
3199 1082 3327 1152 quia
3352 1097 3481 1137 neo-

1906 1173 2090 1227 menia
2109 1171 2290 1227 Martii
2323 1188 2419 1228 xu.
2457 1171 2657 1227 Verum
2688 1174 3049 1244 προηγήσεως
3097 1171 3305 1226 lunaris
3333 1171 3481 1226 nulla

1906 1271 2020 1317 tum
2066 1262 2301 1328 mentio;
2338 1277 2508 1331 quate
2557 1278 2664 1317 non
2714 1262 3058 1327 dubitabant,
3109 1261 3244 1332 quin
3277 1261 3482 1316 Christi

1907 1361 2151 1422 tempore
2178 1393 2195 1419 ,
2231 1355 2480 1408 eumdem
2529 1352 2682 1407 illum
2714 1352 2880 1408 situm
2925 1353 3281 1420 habuissent,
3331 1353 3483 1424 quia

1905 1444 2126 1499 Nicaeae
2152 1443 2390 1498 concilio
2413 1444 2745 1500 constitutus
2775 1444 2972 1501 fuerat.
3014 1444 3129 1501 lloe
3160 1445 3326 1517 igitur
3353 1444 3483 1514 Epi-

1906 1537 2166 1605 phanium
2222 1532 2435 1600 fefellit;
2467 1534 2616 1604 quod
2653 1542 2710 1590 et
2735 1533 3040 1605 plenilunii,
3074 1546 3128 1590 et
3168 1535 3481 1604 aequinoctii

1906 1626 1994 1679 die
2015 1623 2220 1679 Ch‘risti
2259 1624 2715 1680 resurrectionem
2755 1623 3024 1679 accidisse
3056 1625 3323 1680 crederet.
3363 1622 3479 1690 Qua

1907 1714 2174 1786 προλήψει
2191 1714 2304 1785 jatn
2336 1715 2601 1780 imbutus,
2632 1715 2876 1770 animum
2909 1713 3109 1784 adjecit
3134 1714 3200 1768 ad
3238 1715 3483 1784 aequino-

1907 1808 2002 1863 ctii
2025 1808 2166 1862 diem
2197 1824 2212 1861 :
2240 1805 2386 1877 quod
2412 1822 2536 1862 cum
2563 1816 2772 1862 veteres
2798 1821 3012 1871 omnes,
3038 1806 3134 1876 qui
3161 1803 3481 1861 Diocletiani

239 1904 329 1951 aut
357 1895 584 1952 alterius
622 1911 863 1951 errorem
893 1910 1125 1966 arguere
1155 1896 1318 1951 vellet
1340 1934 1357 1958 ,
1402 1903 1497 1949 aut
1523 1894 1806 1951 existinta-
1837 1889 1877 1943 B
1906 1911 2070 1951 atram
2094 1896 2314 1966 paulum
2341 1906 2769 1964 antecesserant,
2801 1907 2857 1951 et
2889 1896 3176 1952 Anatolius
3198 1895 3254 1950 in
3288 1894 3483 1965 primis

238 1989 362 2044 tioni
388 2004 503 2045 sum
528 1989 835 2045 consulere.

325 2121 644 2193 Explicatur
667 2139 695 2178 e
724 2122 1084 2193 superioribus
1120 2120 1408 2192 Epiphanii
1438 2120 1702 2174 doctrina.

303 2256 577 2312 llaetenus
626 2252 939 2309 Judaeorttm
996 2252 1313 2310 reconditus
1371 2252 1462 2307 ille
1504 2251 1692 2323 cyclus
1741 2265 1808 2305 cx

238 2346 521 2419 Epiphanii
570 2347 839 2403 sententia
893 2346 1206 2401 declaratus
1266 2353 1369 2410 est,
1422 2345 1515 2399 sed
1568 2342 1807 2397 nondum

237 2456 395 2514 opera
418 2441 574 2497 omni
627 2438 871 2496 defuncti
896 2454 1109 2494 sumus.
1141 2437 1447 2492 Plurimum
1479 2434 1623 2490 enim
1655 2434 1722 2488 iis
1754 2433 1807 2487 in

237 2534 427 2602 verbis,
453 2534 550 2606 qui
586 2533 721 2605 cycli
769 2531 1169 2587 enarrationem
1202 2528 1566 2592 antecedunt,
1609 2528 1810 2581 obseu-

238 2628 426 2694 ritatis,
453 2642 523 2683 ac
550 2625 812 2682 molestiae
832 2631 1099 2694 superest,
1129 2635 1248 2693 qua:
1282 2619 1621 2688 diligentiam
1650 2634 1680 2672 a
1708 2632 1809 2672 no-

236 2719 338 2785 bis,
363 2718 679 2790 patientiam
704 2732 733 2771 a
764 2716 968 2770 lectore
1000 2720 1336 2768 mereantur.
1361 2709 1468 2766 Sed
1501 2724 1565 2765 ea
1590 2722 1812 2780 quoque

236 2812 471 2882 ejusdem
510 2807 811 2866 doctissimi
834 2802 1487 2861 mathematieibenelicio
1515 2800 1808 2866 illustrata,

236 2903 609 2972 explicataque
635 2908 764 2956 sunt
799 2912 815 2952 :
852 2897 1012 2967 cujus
1035 2895 1257 2966 quidem
1292 2893 1362 2949 de
1389 2893 1498 2948 hoc
1532 2893 1653 2948 loco
1677 2905 1812 2947 con-

234 2992 492 3063 jecturam
546 2991 810 3047 nonnulla
841 2997 1028 3045 nostra
1054 2985 1371 3044 accessione
1417 2984 1809 3056 locupletatam

238 3085 417 3155 paucis
450 3083 716 3154 aperiam.

302 3176 716 3246 IEquinoetium
745 3187 971 3228 vernum
1000 3169 1240 3226 medium
1264 3167 1395 3225 Julii
1425 3167 1655 3224 Caesaris
1693 3180 1809 3222 aevo

238 3268 289 3323 in
316 3269 384 3324 25
409 3267 591 3323 Martii
627 3264 988 3321 conveniebat
1012 3278 1026 3315 :
1069 3276 1179 3332 quo
1200 3259 1289 3315 die
1319 3259 1599 3315 Christum
1626 3272 1812 3313 resur-

239 3359 460 3425 rexisse,
486 3355 784 3413 concilium
807 3351 1144 3408 Caesariense
1174 3348 1277 3403 sub
1303 3346 1526 3401 Victore
1552 3342 1811 3415 pontifice

240 3449 565 3505 celebratum
620 3461 767 3500 anno
821 3441 1025 3501 Christi
1065 3439 1168 3494 198
1214 3438 1582 3493 decreverat:
1651 3432 1812 3503 cujus

241 3540 603 3614 fragmentum
626 3538 769 3610 apud
804 3537 1024 3601 Bedam,
1052 3535 1149 3591 lib.
1173 3533 1247 3589 De
1268 3532 1462 3602 azquin.
1495 3543 1664 3585 verno
1686 3569 1700 3587 .
1732 3527 1815 3582 sic

239 3651 296 3691 se
330 3637 525 3696 habet;
558 3633 763 3688 Passus
788 3646 1010 3701 namque
1048 3628 1302 3683 Dominus
1325 3626 1390 3679 ab
1421 3620 1805 3688 xtKarl.Apr..

237 3746 339 3799 qua
368 3739 520 3783 nocte
546 3744 579 3780 α
616 3723 824 3779 Judteis
856 3722 1082 3776 traditus
1115 3728 1192 3785 est
1216 3760 1232 3785 ,
1269 3729 1321 3772 et
1363 3733 1396 3770 α
1424 3729 1503 3769 vtt
1538 3711 1673 3784 (sed
1716 3725 1811 3763 vrtt

238 3819 681 3881 rescribendum,
724 3814 1003 3886 quomodo
1054 3810 1108 3866 in
1156 3805 1547 3878 antiquissimo
1594 3804 1654 3855 Ρ.
1697 3799 1817 3854 Sir-

241 3886 420 3965 ntondi
452 3909 646 3966 codice
678 3907 1001 3976 reperimus.
1029 3902 1084 3955 In
1110 3916 1221 3971 quo
1245 3910 1505 3970 praterea
1545 3895 1676 3951 illud
1712 3893 1814 3948 oh-

240 4006 615 4058 servavintus:
657 4000 1022 4071 fragmentum
1068 3996 1225 4061 illud,
1276 3994 1421 4066 quod
1448 3994 1515 4048 ad
1563 3988 1721 4045 Beda:
1750 3989 1817 4043 ιι-

239 4095 436 4151 bellum
467 4096 538 4150 de
568 4091 900 4165 aequinoctio
937 4098 1248 4145 attexurum
1280 4096 1386 4152 est,
1431 4100 1556 4140 cum
1593 4084 1698 4138 hac
1730 4083 1817 4136 in-

240 4189 540 4258 scriptione
583 4200 597 4237 :
662 4185 737 4239 De
783 4182 1118 4237 ordinatione
1159 4180 1417 4249 feriarum
1482 4173 1818 4245 paschalium

238 4295 329 4347 per
361 4274 743 4346 Theophilum;
792 4271 1019 4327 alterius
1064 4268 1304 4324 auctoris
1362 4264 1525 4320 titulo
1569 4270 1816 4317 notatum

239 4383 397 4424 esse:
448 4366 711 4421 nimirum
756 4364 901 4419 isto:
940 4360 1135 4429 Incipit
1178 4354 1402 4427 epistola
1462 4352 1703 4423 Philippi
1753 4354 1818 4407 de

242 4457 469 4530 Pascha)
520 4457 652 4513 Kal.
727 4454 1036 4510 resurrexit.
1077 4447 1349 4516 Quomodo
1396 4462 1520 4517 ergo
1568 4455 1672 4500 tres
1704 4445 1816 4500 dies

1909 1988 1963 2042 in
1992 2002 2101 2042 xxtt
2152 1986 2334 2043 Martii
2368 1987 2872 2057 deprehendissent,
2930 1986 3151 2042 tametsi
3201 1983 3484 2042 Nieaenum

1910 2087 2096 2148 postea
2124 2093 2216 2132 xxt
2245 2078 2389 2133 diem
2415 2077 2737 2149 praelixissct
2758 2119 2773 2145 ,
2801 2078 3163 2134 nihilominus
3201 2078 3486 2133 existima-

1907 2170 1987 2225 vit
2017 2169 2295 2226 Christum
2331 2170 2512 2226 Martii
2569 2186 2680 2226 xxn
2717 2172 3124 2237 resin-rexisse;
3165 2178 3222 2225 et
3262 2171 3483 2241 quidem

1907 2260 2380 2331 plenilunio,quod
2434 2260 2666 2331 ipsemet
2715 2261 2918 2317 diserte
2948 2261 3243 2330 significat,
3275 2274 3399 2315 cum
3429 2259 3484 2313 in

1909 2367 1965 2406 xl
1988 2349 2107 2407 Kal.
2141 2354 2273 2422 Apr.
2300 2351 2661 2423 plenilunium
2712 2367 2836 2408 eum
2875 2353 3205 2423 aequinoctio
3250 2351 3481 2408 confert.

1906 2443 2095 2515 Neque
2121 2459 2252 2501 vero
2300 2444 2500 2501 mirum
2529 2453 2615 2502 est
2642 2446 2709 2501 de
2742 2446 3057 2517 aequinoctii
3094 2436 3486 2517 anticipatione

1908 2537 2045 2593 nihil
2069 2536 2374 2609 Epiphanio
2396 2547 2510 2593 tum
2543 2538 2597 2591 in
2628 2547 2861 2593 mentem
2885 2539 3134 2605 venisse;
3164 2553 3289 2593 cum
3312 2552 3487 2607 neque

1909 2630 2119 2700 aliquot
2143 2638 2332 2699 postea
2348 2629 2565 2686 saeculis
2585 2645 2702 2685 com
2710 2640 2966 2701 putorum
2987 2628 3484 2686 ecclesiasticorum

1910 2738 2019 2778 non
2044 2722 2311 2792 ignobiles
2336 2721 2633 2792 scriptores
2664 2723 2964 2793 quidquam
2998 2722 3265 2791 ejusmodi
3299 2722 3485 2794 suspi-

1910 2812 2026 2868 cari
2047 2811 2340 2882 potuerint.
2371 2810 2443 2866 Ut
2474 2811 2527 2865 in
2566 2811 2757 2882 primis
2786 2810 2929 2866 Beda
2963 2828 2978 2866 :
3005 2811 3163 2883 cujus
3203 2820 3400 2867 aestum
3424 2826 3489 2866 ac

1912 2901 2333 2958 sollicitudinem
2381 2917 2507 2958 eum
2559 2902 2681 2958 aliis
2715 2901 2770 2956 in
2798 2901 2953 2967 locis,
2992 2912 3107 2957 tum
3146 2902 3197 2956 in
3250 2917 3372 2973 cap.
3418 2902 3492 2956 45

1912 2993 2031 3049 libri
2071 2992 2150 3048 De
2177 3001 2372 3048 natura
2405 3009 2601 3062 rerum,
2632 2992 3013 3064 intelligimus.
3037 2991 3182 3059 Quin
3212 3000 3267 3048 et
3299 2999 3489 3047 nostra

1910 3087 2076 3141 etiam
2109 3094 2268 3141 aetate
2310 3086 2632 3157 eltronologi
2685 3086 2910 3156 quidam
2959 3100 3069 3140 non
3109 3083 3487 3140 animadversa

1910 3177 2361 3248 aequinoctiorum
2387 3178 2717 3250 προηγήσει,
2733 3193 2858 3234 cum
2881 3177 3194 3248 aequinoctii
3220 3177 3375 3232 verni
3401 3176 3490 3232 die

1911 3269 2193 3325 conditum
2217 3268 2534 3325 universum
2558 3277 2836 3331 censeant,
2864 3267 3043 3324 Martii
3073 3284 3161 3322 xxt
3198 3268 3486 3323 deﬁniunt.

1914 3357 2240 3415 Simillimus
2270 3358 2437 3426 igitur
2460 3357 2751 3437 Epiphanii
2774 3357 2944 3413 fuisse
2964 3358 3170 3412 videtur
3210 3372 3393 3427 error,
3411 3371 3489 3425 ut,

1913 3466 2038 3507 cum
2068 3452 2398 3523 aequinoctio
2432 3451 2553 3522 ipso
2582 3466 2647 3506 ac
2672 3449 2972 3520 plenilunio
2991 3448 3363 3504 resurrexisse
3388 3448 3492 3503 Do-

1915 3545 2122 3598 minum
2158 3552 2405 3615 putaret,
2433 3559 2547 3599 xxn
2571 3544 2624 3599 id
2650 3542 2828 3597 Martii
2858 3541 3155 3613 contigisse
3186 3540 3486 3611 scripserit.

1915 3630 1985 3686 Et
2011 3634 2271 3702 quoniam
2300 3631 2590 3688 Judaicum
2622 3633 2839 3703 cyclum
2869 3631 3036 3688 biduo
3075 3631 3326 3696 ctelestes
3355 3646 3488 3686 neo-

1915 3721 2127 3777 meuias
2150 3735 2544 3790 nonnunquam
2564 3730 2901 3776 antevertere
2917 3719 3151 3787 videbat,
3184 3720 3347 3791 idque
3372 3721 3490 3790 ipso

1916 3812 2187 3883 passionis
2241 3827 2383 3869 anno
2412 3811 2651 3879 factum,
2691 3811 2883 3867 vitium
2932 3811 3086 3877 illud,
3117 3826 3183 3867 ac
3213 3812 3493 3882 popularis

1916 3901 2227 3959 Neomenias
2252 3902 2704 3958 retrocessionem
2742 3917 2867 3958 cum
2921 3902 3015 3958 illo
3059 3902 3179 3972 ipso
3204 3900 3293 3957 die
3316 3901 3493 3957 Martii

1919 4011 2033 4050 χχιι
2060 3995 2312 4052 contulit.
2351 3993 2491 4050 Cum
2523 3994 2690 4064 igitur
2716 3994 2847 4048 luna
2876 4009 2946 4048 xv
2989 3994 3043 4048 in
3080 3993 3493 4064 aequinoctium,

1919 4086 2024 4142 hoc
2058 4094 2165 4151 est,
2193 4095 2254 4141 ut
2282 4084 2424 4141 falso
2475 4084 2727 4151 credidit,
2788 4081 2968 4140 Martii
2997 4100 3114 4140 xm
3165 4085 3492 4151 incurrerit,

1917 4192 2094 4247 eoque
2140 4177 2230 4232 die
2273 4177 2526 4233 Christus
2584 4177 2980 4240 resurrexerit,
3028 4191 3249 4246 passum
3279 4187 3496 4246 oportet

1918 4262 2099 4319 Martii
2131 4263 2360 4325 xx,luna
2391 4280 2491 4320 xm
2540 4262 2795 4332 Nicaeus;
2821 4265 2977 4335 legali
3009 4273 3190 4319 autem
3219 4281 3375 4322 creua
3400 4265 3494 4321 de-

1920 4355 2190 4423 functum,
2208 4370 2273 4410 ac
2299 4355 2753 4425 comprehensum
2776 4370 2868 4409 xix
2896 4355 3076 4410 Martii
3097 4356 3162 4409 ad
3186 4369 3492 4425 vesperam,

1920 4456 2153 4502 exeunte
2181 4447 2306 4501 luna
2336 4445 2555 4501 Nicena
2588 4462 2689 4510 xtt,
2720 4446 2941 4502 ineunte
2987 4462 3108 4501 χιιι.
3142 4446 3305 4516 Atqui
3335 4461 3492 4502 omna

239 4551 635 4606 exeluduntur?
688 4548 860 4619 Igitur
899 4561 968 4600 ex
1013 4542 1231 4600 concilii
1286 4539 1556 4595 sententia
1590 4576 1606 4603 ,
1657 4536 1817 4592 Chri-
1850 4564 1892 4617 ί)
1920 4533 2194 4604 paschalis
2214 4533 2344 4588 luna
2366 4549 2456 4588 xtv
2476 4533 2542 4587 ad
2562 4548 2840 4602 vesperam
2864 4532 3103 4603 legitime
3125 4532 3185 4588 fit
3208 4552 3221 4588 :
3243 4533 3495 4588 Christus

239 4653 355 4700 stus
382 4658 586 4714 passus
608 4650 697 4696 est
725 4636 903 4693 Martii
934 4650 1066 4690 xxtn
1084 4642 1173 4696 ,et
1205 4647 1311 4686 xxv
1360 4628 1683 4685 resurrexit.
1709 4627 1813 4694 Qui

239 4741 353 4796 dies
373 4756 503 4797 cum
520 4737 754 4794 Caesaris
780 4743 1025 4802 tempore
1044 4726 1356 4798 aequinoctii
1369 4725 1553 4790 medii,
1586 4739 1651 4780 ac
1676 4722 1817 4792 poli-

238 4832 333 4887 tici
363 4832 526 4887 sedes
550 4829 780 4889 fuisset,
808 4825 969 4894 vulgo
991 4833 1315 4892 persuasum
1344 4824 1465 4872 erat
1485 4854 1501 4880 ,
1535 4814 1817 4870 Christum

238 4922 293 4976 in
330 4919 665 4991 aequinoctio
711 4913 1100 4972 resurrexisse.
1139 4908 1460 4965 Necessario
1512 4906 1604 4962 hic
1642 4921 1819 4961 annus

238 5027 359 5069 esse
382 5013 547 5068 debet
564 5009 818 5065 Julianus
847 5006 940 5072 76,
976 5020 1099 5059 uerae
1141 5000 1483 5073 Dionysianae
1513 4998 1576 5053 3|
1600 5039 1615 5064 ,
1667 4998 1821 5069 cyclo

239 5104 383 5159 ltum
414 5118 539 5168 xm,
589 5102 724 5157 solis
768 5114 867 5160 ιιι,
899 5096 1075 5151 littera
1106 5094 1260 5150 Dom.
1305 5091 1372 5146 (ἔ.
1401 5090 1630 5145 Constat
1671 5089 1817 5143 enim

242 5195 527 5251 Christum
558 5193 691 5248 feria
716 5207 748 5246 v
771 5190 840 5244 ad
870 5202 1152 5259 vesperam
1171 5185 1629 5254 comprehensum
1656 5219 1672 5245 ,
1696 5195 1820 5249 pas-

239 5302 363 5341 sum
390 5301 471 5351 vt,
503 5295 559 5340 et
600 5282 882 5340 Dominica
923 5278 1309 5335 resurrexisse.
1359 5274 1432 5329 At
1485 5288 1666 5331 annus
1706 5272 1817 5335 iile,

241 5392 403 5447 quem
435 5378 573 5442 dixi,
600 5376 768 5432 ferias
809 5374 948 5428 istas
986 5368 1267 5439 praefinitis
1299 5381 1332 5420 a
1356 5364 1592 5420 concilio
1627 5363 1821 5418 diebus

241 5471 483 5526 exhibet.
514 5469 610 5525 Est
632 5469 797 5540 igitur
817 5464 1069 5520 Julianus
1094 5461 1183 5526 76,
1209 5460 1428 5515 Tiberio
1457 5475 1491 5512 v
1518 5466 1575 5512 et
1621 5454 1822 5526 Sejano

240 5575 408 5629 coss.,
437 5561 749 5633 cyclolunte
768 5572 885 5613 xtn.
915 5556 1183 5610 Caeterum
1206 5564 1331 5607 cum
1363 5549 1551 5620 cyclus
1570 5544 1824 5603 Nicaeus

240 5665 338 5706 xm
368 5651 713 5706 novilunium
738 5645 995 5719 paschale
1021 5643 1378 5698 constitueret
1407 5636 1586 5692 Martii
1621 5651 1674 5690 ιιι
1704 5633 1822 5704 νιεη

241 5741 516 5798 nilunium
555 5757 683 5807 xxv,
711 5755 779 5797 cx
802 5734 1019 5793 concilii
1054 5730 1381 5788 auctoritate
1407 5727 1685 5799 plerisque
1707 5739 1824 5795 per-

240 5847 468 5889 suasum
494 5832 617 5897 fuit,
651 5832 931 5886 Christum
952 5825 1251 5900 plenilunio
1284 5826 1405 5895 ipso
1432 5821 1821 5880 resurrexisse.

1922 4641 2053 4682 vero
2081 4626 2321 4697 legitimo
2376 4626 2564 4695 utique
2614 4634 2860 4694 tempore
2891 4625 3205 4680 celebravit.
3259 4623 3496 4680 Proinde

1920 4736 1997 4775 ιιι
2030 4718 2247 4775 Nictcna
2290 4718 2495 4775 ludatis
2520 4720 2574 4775 in
2619 4720 2712 4774 illo
2742 4720 2942 4774 vitioso
2963 4719 3116 4791 cyclo
3138 4734 3230 4772 xrv
3255 4732 3377 4773 esse
3403 4719 3496 4772 dc-

1921 4811 2070 4878 buit,
2115 4819 2171 4866 et
2227 4812 2513 4881 sequenti,
2557 4810 2664 4867 hoc
2696 4820 2779 4866 est
2822 4827 2889 4863 xx
2945 4809 3146 4875 Martii,
3187 4810 3313 4863 luna
3375 4824 3443 4862 xv
3479 4827 3492 4863 :

1919 4903 2164 4971 adeoque
2183 4899 2476 4957 Neomenia
2507 4900 2731 4957 Iudaica
2768 4900 2947 4955 Martii
2992 4916 3046 4955 vt
3094 4900 3370 4962 convenit,
3401 4897 3496 4951 Ni-

1921 5010 2070 5050 caena
2100 5010 2230 5050 vero
2251 5009 2368 5051 vnt.
2397 4992 2551 5049 Unde
2576 5007 2921 5063 consequens
2952 5001 3037 5048 est
3062 5007 3093 5047 a
3133 4991 3450 5048 coelestibus
3481 5028 3496 5057 ,

1921 5100 1987 5140 ac
2037 5083 2271 5140 biit-aenis
2321 5082 2578 5139 Judaicas
2632 5081 2961 5138 Neomenias
2989 5083 3156 5139 biduo
3186 5083 3496 5139 deerrasse.

1920 5175 2024 5230 Per
2058 5176 2198 5231 idem
2228 5184 2444 5243 tempus
2466 5173 2637 5243 Judaei
2660 5182 2866 5231 certam
2901 5176 2974 5231 ob
3011 5190 3258 5238 causam,
3297 5175 3365 5230 de
3390 5189 3497 5245 qua

1919 5267 2084 5337 paulo
2112 5278 2238 5337 post
2263 5276 2472 5338 agetur,
2492 5267 2708 5327 Pascha
2734 5268 2792 5323 in
2824 5276 3141 5339 sequentem
3181 5284 3211 5322 a
3258 5266 3498 5334 legitimo

1921 5364 2088 5425 diem.
2121 5364 2225 5419 hoc
2252 5372 2339 5418 est
2363 5364 2416 5419 in
2449 5362 2769 5429 Sabbatum,
2801 5349 2925 5418 sive
2973 5378 3065 5416 xxi
3100 5359 3278 5415 Martii
3316 5366 3499 5411 trans-

1922 5456 2189 5519 tulerunt,
2220 5470 2322 5511 nec
2346 5455 2537 5511 eodem
2559 5470 2671 5526 quo
2695 5454 2951 5511 Christus
2994 5452 3082 5507 die
3129 5449 3498 5523 celebrarunt.

1924 5545 2022 5603 llic
2041 5547 2187 5601 enim
2210 5541 2325 5621 ἐνῇ
2355 5547 2466 5600 ἔδει
2487 5547 2637 5601 θύειν
2668 5546 2875 5619 ἡμέρᾳ,
2903 5546 3008 5599 hoc
3030 5550 3113 5599 est
3148 5555 3240 5595 xtv
3259 5538 3393 5593 luna
3417 5538 3496 5593 ei.

1923 5638 2023 5693 vili
2047 5654 2111 5694 ac
2132 5638 2356 5709 politiea
2382 5638 2699 5699 celebravit,
2730 5650 2840 5692 non
2866 5634 3055 5704 utique
3075 5627 3309 5694 cmlesti,
3332 5635 3497 5697 atque

1921 5746 1991 5786 ex
2034 5731 2239 5796 medio,
2291 5740 2346 5785 et
2377 5730 2753 5787 astronomico
2798 5727 3038 5783 siderum
3088 5719 3380 5779 ratiocinio
3402 5718 3497 5774 de-

1922 5835 2193 5895 prompta,
2253 5822 2321 5880 de
2367 5838 2473 5892 qua
2505 5822 2641 5876 nihil
2670 5837 2700 5876 a
2750 5817 3057 5889 legislature
3090 5811 3490 5887 praescriptum.
