4064 6410
599 414 707 467 117Ξί

600 531 668 584 At
697 529 869 584 Judaei
907 545 970 582 xv
998 528 1126 582 luna
1157 533 1420 596 sequente
1445 541 1534 580 xv1
1581 525 1788 581 Pascha
1833 537 2181 598 peregerunt.

597 621 784 689 Neque
820 632 948 672 vero
975 617 1126 672 solus
1155 617 1210 672 id
1237 617 1494 672 Christus
1526 617 1722 674 fecisse
1746 619 1982 682 videtur,
2014 627 2075 673 ut
2106 619 2184 673 le-

597 712 846 779 gltitnutn
896 717 1133 776 tempus,
1183 718 1238 764 et
1267 724 1296 764 a
1349 709 1460 765 Deo
1509 712 1896 774 constitutum,
1944 711 2182 767 inventis

600 802 884 856 hominum
935 801 1262 869 anteferret;
1295 802 1391 858 sed
1419 803 1510 856 alii
1551 803 1795 872 plerique
1845 803 2004 872 patrii
2033 803 2184 857 insti-

596 895 696 950 tuti
734 895 1044 950 tenaciores
1076 911 1139 949 ac
1168 897 1307 951 ritus
1336 915 1349 949 :
1399 897 1542 950 unde
1583 897 1832 968 θόρυϐος,
1873 909 1928 952 et
1961 906 2182 967 pertur-

599 986 747 1040 batio
773 986 826 1040 in
852 985 1168 1040 celebritate
1197 985 1311 1055 ipsa
1339 985 1622 1042 Paschatis
1643 996 1856 1041 exorta.
1876 984 1994 1040 Non
2015 986 2180 1041 aliam

597 1075 909 1148 Epiphauii,
958 1093 1082 1134 cum
1135 1079 1250 1133 haec
1298 1079 1586 1142 scriberet,
1625 1090 1862 1134 mentem
1917 1094 2042 1136 esse
2081 1082 2181 1136 de-

597 1170 802 1234 buisse,
839 1171 998 1227 facile
1057 1172 1232 1242 ipsius
1281 1173 1445 1228 verba
1490 1173 1888 1228 demonstrant.
1938 1172 2005 1228 At
2034 1174 2180 1228 enim

597 1264 787 1318 multis
845 1264 1022 1319 modis
1076 1264 1442 1319 hallucinatur
1500 1264 1858 1335 Epiphanius.
1934 1265 2180 1320 Primum

594 1356 741 1409 enim
777 1356 1096 1411 neomenias
1140 1354 1390 1410 Nicaanas
1441 1356 1598 1415 lixas,
1646 1370 1711 1410 ac
1743 1367 2034 1426 perpetuas
2060 1372 2184 1412 esse

595 1446 787 1500 credit.
827 1444 1030 1499 Deinde
1083 1445 1495 1514 aequinoctium,
1527 1446 1675 1515 quod
1719 1460 1787 1500 ex
1826 1447 2081 1502 Anatolio
2129 1455 2185 1501 et

597 1535 986 1590 vetustioribus
1038 1532 1310 1604 Egyptiis
1361 1533 1415 1587 in
1468 1548 1576 1587 χχιι
1613 1532 1799 1588 Martii
1852 1532 2180 1598 collocabat,

594 1626 785 1681 eodem
817 1625 906 1679 die
932 1624 1138 1680 Christi
1169 1625 1334 1680 etiam
1363 1633 1611 1695 tempore
1649 1624 2010 1679 commissum
2036 1625 2184 1680 arbi-

593 1729 788 1774 tratur.
821 1717 942 1785 Quo
975 1734 1039 1772 ex
1073 1733 1260 1773 errore
1297 1717 1502 1773 factum
1535 1726 1654 1782 est,
1701 1727 1762 1772 ut
1791 1733 1915 1788 qua:
1958 1718 2012 1772 in
2045 1733 2181 1772 xxttt

594 1812 794 1875 Martii,
853 1813 957 1867 hoc
1001 1821 1086 1866 est
1121 1811 1339 1866 tertium
1389 1820 1515 1865 ante
1569 1810 1961 1880 aequinoctium
2013 1811 2180 1876 diem,

590 1912 965 1973 cumputerent
989 1943 1004 1967 ,
1049 1918 1112 1958 ea
1145 1902 1211 1957 ad
1237 1901 1416 1958 Martii
1445 1919 1514 1958 xx
1547 1903 1910 1958 transtulerit.
1943 1902 2181 1960 Proinde

589 1991 778 2046 lunam
803 1993 948 2048 illam
983 2002 1142 2048 vocat
1165 1993 1436 2050 decimam
1458 1993 1707 2063 quintam
1759 1993 1813 2048 in
1838 1991 2060 2050 Νίσαιηο
2087 2010 2182 2066 cy-

1729 411 2076 467 API’IQNIMX
2112 409 2748 468 DISSER'I’A'I'IONUM.

3728 419 3805 475 93f;

2215 531 2259 587 Α
2289 525 2396 589 clo,
2431 540 2556 595 quae
2579 535 2697 578 erat
2726 522 2946 578 Niea‘na
2985 537 3096 588 xu,
3134 521 3345 578 Christi
3391 539 3516 578 vero
3561 531 3731 586 sarculo
3754 551 3810 603 xi,

2285 617 2466 672 Martii
2497 633 2607 671 χιιι
2638 637 2650 682 ;
2686 626 2740 672 et
2766 616 3121 672 characteres
3144 614 3384 682 dierum,
3409 617 3527 673 sive
3556 619 3814 679 l'eriaseoa-

2286 713 2470 766 turhat
2498 730 2512 766 :
2542 712 2744 781 quippe
2771 711 2952 765 Martii
2993 726 3086 774 xx,
3132 726 3246 782 quo
3270 727 3492 782 passum
3533 713 3813 774 Salvatorem

2284 805 2502 867 asserit,
2533 802 2810 857 feriatum
2845 811 2965 858 erat
2996 803 3193 870 tertia;
3231 813 3287 858 at
3329 820 3464 869 xxtt,
3498 805 3622 863 feria
3662 825 3704 865 ν.
3730 810 3816 867 Sed

2287 897 2400 949 haec
2431 896 2614 950 minus
2644 903 2774 949 tunc
2817 895 3207 950 animadvertit
3239 895 3588 966 Epiphanius,
3609 899 3655 954 id
3681 917 3814 956 unum

2283 986 2555 1055 cogitans,
2584 987 3052 1056 quemadmodum
3073 987 3223 1042 bidui
3250 988 3428 1042 labem
3458 989 3595 1044 illam
3619 992 3816 1062 explica-

2285 1086 2384 1132 ret.
2414 1077 2560 1133 Sane
2596 1079 2741 1133 Iume
2770 1079 2888 1133 ista
2918 1076 3174 1144 Nicaeum,
3199 1094 3338 1149 quas
3373 1079 3440 1134 ad
3499 1097 3682 1136 annum
3715 1098 3814 1152 pas-

2285 1167 2457 1223 sionis
2520 1167 2862 1238 Epiphanius
2913 1171 3316 1234 accommodat,
3349 1172 3505 1241 eyelo
3541 1186 3623 1225 xvt
3667 1186 3817 1227 conve-

2285 1259 2464 1322 niunt,
2523 1276 2630 1314 non
2692 1276 2814 1324 xm,
2868 1261 2974 1316 hoc
3021 1270 3106 1315 est
3153 1275 3299 1314 anno
3329 1261 3536 1318 Christi
3567 1264 3650 1318 51.
3687 1265 3818 1319 Ferit!

2284 1366 2415 1406 vero
2446 1352 2601 1424 cycla
2652 1350 2877 1409 Niczeno
2907 1354 3073 1410 solari
3099 1371 3190 1420 xv,
3249 1355 3353 1412 hoc
3379 1366 3464 1412 est
3491 1373 3628 1412 anno
3657 1357 3817 1414 Christi

2283 1444 2374 1499 53.
2409 1443 2564 1512 Quos
2616 1448 2821 1518 cyclos,
2880 1456 3045 1518 atque
3095 1463 3274 1504 annos
3336 1449 3568 1506 invicem
3609 1451 3820 1506 confusos

2284 1537 2525 1592 alienum
2555 1539 2608 1592 in
2643 1555 2848 1594 annum
2881 1540 3125 1596 intrusit.
3155 1540 3312 1607 Quod
3340 1542 3486 1596 enim
3515 1558 3635 1597 xxxi
3658 1559 3819 1598 annum

2284 1644 2407 1685 atrae
2439 1629 2784 1700 Dionysiana:
2831 1631 3071 1700 passioni
3112 1632 3402 1696 dicaverit,
3433 1647 3500 1687 ex
3535 1647 3670 1688 coss.
3713 1635 3824 1689 serie

2286 1722 2448 1792 p.1qu
2497 1730 2624 1777 ante
2675 1721 3018 1778 declaratum
3076 1732 3180 1778 est.
3247 1724 3430 1791 Atque
3483 1733 3541 1778 ut
3582 1723 3823 1794 Epiphanii

2287 1828 2463 1876 mens,
2491 1822 2545 1866 et
2573 1813 2690 1869 haec
2722 1823 2908 1868 nostra
2934 1812 3235 1884 disputatio
3268 1814 3446 1884 magis
3468 1815 3729 1885 perspicua
3751 1814 3823 1878 sit,

2286 1904 2566 1976 cyclorum
2601 1903 2974 1976 feriarumque
3033 1905 3503 1976 perturbationem
3527 1906 3696 1962 hocin
3724 1906 3828 1959 Dia-

2289 2007 2593 2068 grammate
2616 2013 2940 2068 proponam.

789 2167 1213 2209 LATERCULUM
1249 2166 1554 2209 LUNABUM
1589 2166 1664 2210 AC
1710 2165 2068 2220 FERIAIIL‘M,
2109 2169 2181 2210 ΤΔ

2279 2171 2576 2214 νκιιΑιιυιιι
2613 2172 2789 2224 QUAM
2831 2171 3238 2227 VITIOSABUM,
3280 2175 3407 2218 ΛΒΤ
3444 2174 3666 2217 FALSA-

1679 2247 1838 2301 RUM,
1872 2247 2045 2290 ANNO
2085 2248 2423 2293 DOMINICE
2457 2251 2802 2295 PASSIONIS.

1296 2347 1451 2402 Luna
1481 2343 1574 2400 Ni-
1652 2345 1807 2402 Luna
1838 2345 1937 2400 Ni-
2007 2346 2166 2402 Luna
2191 2346 2291 2402 Ju-
2365 2349 2520 2405 Luna
2551 2349 2648 2405 .lu-
2856 2350 3006 2406 Luna
3511 2352 3670 2407 Feria:

780 2419 902 2474 Kal.
1042 2417 1220 2494 Martii
1295 2433 1445 2472 caena
1490 2431 1581 2472 ve-
1653 2417 1940 2494 cmttaEpi-
2012 2419 2168 2474 daica
2197 2435 2293 2476 ve-
2367 2422 2524 2494 daica
2561 2437 2648 2494 ηι-
2747 2436 2816 2477 ex
2837 2423 3031 2494 vitiosa
3101 2422 3386 2478 Ferizeve-
3443 2422 3696 2494 Epiphan.

1049 2491 1188 2544 dics.
1409 2504 1490 2542 ra.
1693 2487 1903 2558 phanii.
2119 2504 2201 2544 ra.
2370 2492 2489 2562 ipsa
2568 2493 2652 2545 vi-
2766 2493 3008 2564 Epiphan
3027 2533 3040 2546 .
3211 2509 3306 2548 rae.
3491 2487 3505 2494 ’
3526 2487 3684 2550 falsae.

2390 2565 2552 2617 tiosa.
2806 2573 3002 2618 tuente.

802 2655 866 2708 16
1013 2651 1156 2708 XVII
1442 2652 1474 2703 7
1726 2652 1797 2706 10
2155 2651 2181 2704 ﬁ

2513 2656 2547 2709 9
2870 2655 2938 2710 12
3221 2657 3255 2708 7
3608 2658 3642 2710 '5

799 2725 869 2778 ’15
1015 2721 1179 2777 XVIII
1435 2725 1470 2775 8
1726 2723 1784 2776 11
2155 2723 2181 2776 'I

2471 2725 2541 2779 10
2870 2727 2940 2781 15
3227 2729 3249 2780 1
3612 2729 3645 2782 4

805 2794 872 2848 14
1016 2793 1134 2848 XIX
1435 2796 1468 2848 9
1724 2792 1795 2846 12
2153 2795 2181 2848 8

2475 2796 2536 2848 11
2869 2798 2938 2852 tl
3221 2801 3256 2852 2
3614 2799 3646 2851 5

802 2865 872 2918 15
1014 2861 1110 2918 XX
1406 2862 1474 2917 10
1726 2863 1795 2917 15
2154 2867 2181 2920 ἒ]

2479 2865 2547 2920 12
2874 2870 2936 2922 1-5
3216 2871 3254 2922 5
3612 2869 3644 2920 6

803 2934 872 2988 12
1018 2933 1140 2988 XXI
1408 2935 1466 2986 11
1728 2933 1795 2986 14
2121 2935 2181 2988 1(]

2479 2936 2548 2990 15
3225 2941 3258 2991 4
3614 2941 3644 2992 7

801 3005 863 3058 11
1021 3003 1161 3058 XXII
1403 3003 1473 3057 12
1728 3003 1796 3056 15
2119 3006 2181 3060 11

2481 3005 2548 3062 14
3226 3003 3260 3054 εἰ
3614 3011 3637 3063 1

833 3081 869 3130 0
1018 3073 1185 3130 XXIII
1407 3075 1475 3128 15
2124 3075 2181 3130 Ii

2481 3078 2550 3131 I5
3223 3085 3256 3134 li

836 3149 870 3200 9
1020 3143 1187 3199 XXIV
1407 3149 1474 3198 N
2125 3146 2181 3201 13

2481 3146 2549 3204 18
3225 3153 3255 3204 7

837 3219 870 3269 8
1018 3215 1162 3271 XXV
1407 3215 1474 3271 15
2119 3217 2181 3269 14

3220 3223 3243 3274 1

837 3290 868 3340 7
1013 3285 1182 3342 XXVI
2119 3287 2189 3340 15

600 3445 779 3502 Habes
811 3446 864 3500 in
901 3447 1002 3503 hac
1034 3445 1224 3501 tabula
1272 3446 1528 3500 lunarqu
1576 3459 1644 3499 ac
1690 3441 1956 3499 feriarum
1999 3443 2188 3514 dispo-

588 3541 787 3604 situm;
819 3537 1131 3609 cujusmodi
1171 3551 1318 3592 anno
1349 3536 1442 3592 illo
1477 3533 1699 3590 Iuliano
1741 3533 1809 3590 76
1847 3543 1958 3589 tam
1994 3549 2185 3590 revera

589 3629 711 3696 l‘uit,
742 3643 906 3698 quam
938 3637 994 3684 et
1017 3645 1092 3683 ex
1125 3626 1332 3682 Nieami
1364 3625 1585 3682 concilii
1624 3626 1881 3681 instituto
1922 3636 1978 3680 et
2009 3641 2077 3681 ex
2103 3627 2188 3681 vi-

589 3722 731 3778 tioso
759 3720 1074 3778 Iudaeorum
1121 3721 1296 3792 cyclo,
1349 3731 1404 3776 et
1453 3733 1733 3790 postremo
1774 3735 1840 3774 ex
1893 3719 2182 3790 l-Ipiphauii

589 3827 754 3867 sensu
785 3825 908 3866 esse
949 3811 1143 3880 potuit.

590 3924 879 3994 Colligitur
932 3941 958 3977 e
1017 3923 1380 3992 superioribus
1435 3921 1727 3994 Epiphanii
1768 3922 1832 3974 de
1881 3936 2000 3974 vero
2042 3936 2180 3974 anno

635 3997 654 4014 ⁵
738 3993 744 3994 ί
977 3994 1255 4048 Passionis
1288 4008 1352 4047 ac
1387 3994 1473 4047 die
1507 3993 1787 4048 sententia.

665 4087 926 4156 Superest
963 4095 1024 4140 ut
1066 4086 1134 4140 ad
1167 4100 1294 4140 eum
1333 4099 1492 4140 usum
1523 4084 1820 4154 ﬁnemque,
1851 4085 2012 4154 cujus
2053 4098 2180 4152 gra-

590 4181 664 4237 tia
719 4179 997 4250 disputata
1048 4188 1197 4244 sunt,
1251 4177 1536 4247 superiora
1583 4177 1773 4231 omnia
1827 4188 2179 4234 revocentur.

591 4275 688 4328 Est
717 4283 899 4328 autem
933 4272 981 4327 is
1021 4271 1396 4341 potissimum,
1451 4279 1512 4325 ut
1545 4283 1736 4324 verum
1769 4284 1837 4325 ex
1889 4268 2181 4340 Epiphanii

588 4365 916 4420 auctoritate
959 4363 1243 4420 Passionis
1291 4371 1510 4431 tempus
1543 4361 1840 4431 aliquando
1881 4370 2178 4417 statuatur.

591 4460 649 4514 Si
699 4459 825 4530 quis
871 4457 1036 4528 igitur
1083 4456 1427 4510 aberrantem
1471 4453 1808 4509 sanctissimi
1859 4452 2036 4510 Patris
2063 4454 2183 4523 opi-

590 4552 810 4606 nionem
841 4548 894 4602 in
926 4547 1070 4602 viam
1104 4546 1368 4602 reducere
1398 4545 1548 4608 velit,
1593 4554 1650 4600 et
1685 4546 1772 4600 his
1802 4544 2044 4600 tenebris
2083 4545 2184 4600 ob-

589 4643 813 4697 ductam
857 4639 1140 4694 veritatem
1181 4639 1232 4692 in
1262 4639 1442 4693 lucem
1475 4638 1783 4700 extrahere,
1819 4637 1924 4692 hoc
1959 4653 1990 4691 e
2020 4652 2182 4707 supe-

589 4738 732 4790 riore
770 4743 960 4788 nostra
989 4733 1057 4787 de
1086 4729 1316 4786 Iudaico
1341 4728 1495 4800 cyclo
1521 4727 1908 4784 dissertatione
1947 4726 2021 4781 ita
2048 4741 2180 4782 con-

590 4835 875 4899 sequetur.
905 4824 1179 4892 Quoniam
1211 4821 1355 4892 apud
1379 4829 1588 4876 veteres
1618 4817 1840 4876 Iudaeos
1877 4835 1969 4874 xiv
2008 4817 2178 4875 Nisan

589 4919 644 4972 in
685 4917 1070 4989 aequinoctium
1105 4914 1367 4975 cadebat,
1399 4910 1547 4981 quod
1588 4909 1796 4965 Christi
1837 4910 2039 4966 saeculo
2071 4925 2179 4964 xxv

589 5011 766 5066 Martii
802 5008 1099 5072 πολιτικῶς
1145 5006 1469 5078 quadrabat,
1505 5003 1693 5060 citima
1749 5003 2035 5058 neomenia
2086 5002 2180 5057 Ni-

590 5118 690 5158 san
717 5101 972 5157 convenit
1009 5099 1190 5156 Martii
1219 5115 1332 5166 xit;
1360 5113 1523 5168 quem
1555 5096 1610 5151 in
1642 5095 1786 5151 diem
1818 5096 1922 5150 sub
1961 5095 2176 5150 initium

593 5191 1393 5267 ogdoecontatessaraeteridos
1434 5190 1687 5246 incurrit.
1718 5187 1922 5243 Verum
1971 5189 2044 5244 ob
2086 5203 2180 5260 cy-

590 5290 660 5346 cli
689 5288 1013 5360 pravitatem
1046 5285 1332 5340 neomenia
1367 5283 1574 5339 sensim
1602 5282 1670 5338 ad
1697 5298 1751 5336 ιιι
1781 5279 1961 5336 Martii
1983 5296 2182 5350 perve-

591 5384 708 5450 nit;
759 5379 972 5437 decima
1017 5389 1215 5448 quarta
1250 5391 1379 5432 vero
1420 5375 1548 5431 luna
1600 5374 1667 5429 ad
1701 5372 1879 5427 Martii
1927 5388 2040 5426 xxu
2075 5389 2090 5426 :
2126 5371 2180 5427 id

585 5475 737 5547 quod
762 5489 910 5529 anno
938 5473 1076 5544 cycli
1103 5486 1294 5527 LXXXII
1323 5469 1622 5539 contigisse
1645 5465 1974 5522 Laterculus
1997 5465 2178 5522 docet.

593 5569 723 5623 Erat
766 5578 950 5622 autem
998 5566 1046 5621 is
1075 5580 1256 5620 annus
1299 5577 1380 5617 ex
1435 5557 1722 5630 hypothesi
1777 5557 2029 5613 Julianus
2075 5556 2180 5623 76;

586 5660 849 5731 idemque
897 5657 1176 5715 Passionis
1222 5669 1424 5710 anuus.
1485 5651 1756 5719 Quocirca
1818 5664 2016 5721 passus
2078 5648 2184 5704 erit

584 5751 847 5805 Christus
877 5749 1057 5803 Martii
1102 5763 1236 5801 xxtn
1266 5786 1281 5808 ,
1335 5744 1467 5800 I'eria
1513 5759 1598 5810 vn,
1633 5742 1764 5795 luna
1811 5739 2041 5796 .Iudaica
2089 5755 2179 5806 xv,

591 5837 813 5896 Ricula
844 5857 941 5894 xui
962 5879 978 5902 ,
1012 5855 1134 5909 qute
1175 5839 1366 5893 eadem
1398 5837 1599 5902 media,
1632 5849 1730 5890 seu
1776 5832 2017 5890 etelesds
2063 5841 2183 5888 erat

2215 3449 2258 3507 C
2293 3460 2391 3500 xu.
2448 3445 2763 3502 Cclehrarit
2816 3461 2984 3519 porro
3052 3446 3303 3504 Christus
3361 3450 3602 3519 typicum
3659 3442 3829 3499 Pasrlta

2289 3537 2467 3594 Martii
2503 3555 2614 3594 xxn
2646 3541 2710 3594 ad
2745 3554 3052 3610 vesperam,
3090 3547 3334 3596 excutite
3379 3555 3475 3594 xiv
3525 3539 3751 3602 Iudaica,
3787 3550 3828 3589 ct

2289 3630 2510 3687 ineunte
2539 3647 2630 3698 xv,
2677 3633 2738 3685 ἐν
2851 3632 2959 3686 ἔδει
2989 3631 3162 3687 θύειν.
3236 3631 3524 3696 ΡΙιειπ-ἰεεί,
3575 3642 3829 3699 eorumque

2287 3730 2585 3779 sectatores
2611 3723 2823 3779 Pascha
2855 3735 3181 3795 peregerunt
3221 3723 3398 3778 Martii
3439 3741 3576 3780 xxut
3599 3766 3616 3788 ,
3642 3723 3752 3776 luna
3778 3733 3828 3773 xv

2285 3823 2540 3878 exeunte,
2587 3814 2812 3869 ineunte
2841 3829 2954 3869 xw.
3016 3812 3132 3871 Non
3180 3815 3326 3870 aliud
3391 3815 3695 3884 Scripturus
3735 3817 3829 3895 erat

2286 3903 2645 3976 Epiphanius,
2679 3907 2724 3962 si
2771 3916 2866 3962 aut
2907 3907 3219 3978 aequinoctii
3252 3909 3562 3979 προήγησιν
3599 3902 3820 3975 agnovis-

2285 4006 2387 4061 set,
2421 4006 2514 4052 aut
2536 3998 2607 4053 de
2634 3999 2803 4054 solari
2841 4000 3014 4073 cyclo,
3057 4015 3121 4055 ac
3157 3999 3306 4054 feriis
3335 4001 3419 4054 vel
3459 3999 3719 4054 tantillum
3755 4008 3827 4046 cu-

2285 4090 2533 4160 gitasset.
2581 4088 2691 4144 Sed
2747 4091 2836 4146 ille
2882 4091 3293 4162 qualiscunque
3323 4092 3544 4146 tandem
3577 4098 3655 4144 est
3683 4098 3826 4144 error.

2283 4181 2547 4250 prteclaro
2583 4197 2649 4238 ac
2707 4183 2972 4255 singulari
3017 4183 3141 4254 ejus
3181 4183 3445 4239 doctrinae
3495 4183 3667 4238 fructu
3704 4192 3826 4233 com-

2283 4280 2568 4342 pensatur,
2625 4286 2733 4343 qua
2798 4288 2898 4327 nos
2940 4273 3070 4327 anni
3123 4270 3335 4327 Iudaici
3395 4268 3826 4341 perturbationem

2285 4378 2429 4416 unus
2457 4362 2660 4418 docuit.
2699 4361 2815 4429 Qua
2850 4378 2910 4418 re
2947 4363 3109 4432 longo
3142 4362 3428 4417 Intervallo
3465 4359 3824 4416 animadversa.

2284 4453 2519 4508 summis
2548 4453 2834 4518 molestiis,
2881 4462 2936 4507 et
2975 4451 3446 4508 iuextricabilibus
3497 4447 3825 4505 dilicultattnu

2285 4545 2498 4614 laqueis
2537 4545 2778 4614 expediti
2823 4559 3041 4609 sumus,
3061 4553 3224 4614 atque
3277 4543 3384 4599 hoc
3409 4543 3630 4598 demum
3671 4535 3826 4594 didici-

2285 4649 2444 4688 mus:
2493 4649 2682 4688 verum
2711 4632 3011 4688 Dominicte
3040 4633 3313 4703 passionis
3359 4647 3565 4687 annum
3607 4631 3826 4684 hactenus

2285 4727 2488 4781 frustra
2528 4741 2624 4796 per
2649 4725 3050 4781 astronomicos
3080 4726 3304 4789 abacos,
3349 4733 3404 4780 et
3431 4724 3681 4780 caelestes
3707 4716 3826 4772 side-

2214 4809 2258 4864 D
2290 4832 2411 4873 rum
2443 4829 2627 4874 motus
2655 4817 2967 4888 Indagatum
3013 4816 3228 4872 fuisse:
3281 4816 3432 4886 quod
3477 4826 3593 4872 tum
3631 4809 3826 4878 deuiam:

2288 4925 2478 4965 verum
2521 4909 2683 4975 foret,
2713 4909 2758 4965 si
2789 4908 2960 4964 Judaei
3011 4909 3226 4964 lunaris
3270 4918 3326 4963 et
3360 4908 3558 4963 solaris
3601 4904 3720 4960 anni
3760 4915 3823 4952 ta-

2289 5011 2402 5057 tam
2443 5017 2511 5057 ac
2556 5009 2895 5056 constantem
2926 5002 3194 5056 rationem
3235 5000 3555 5056 tenuissent.
3593 4995 3690 5052 Sed
3726 5006 3822 5048 cum

2287 5096 2358 5150 ab
2382 5110 2447 5150 ea
2475 5095 2738 5165 majorem
2774 5095 2828 5149 in
2849 5093 3072 5148 modum
3099 5093 3436 5155 deﬂexerint,
3467 5104 3527 5146 ut
3553 5091 3704 5162 paulo
3729 5091 3824 5154 pm!

2289 5186 2514 5256 copiose
2542 5185 2936 5252 declarabitur,
2990 5185 3120 5252 alia,
3168 5185 3216 5240 si
3264 5186 3530 5254 sapimus,
3565 5175 3821 5238 insistendt

2286 5277 2374 5332 via
2399 5285 2502 5343 est,
2535 5285 2599 5332 ut
2645 5276 2973 5332 auctoritate
3007 5279 3178 5347 magis
3229 5276 3557 5344 scriptorum
3599 5280 3820 5327 veterum.

2284 5387 2352 5428 ac
2397 5384 2695 5435 consensu,
2740 5384 2907 5440 quam
2959 5379 3219 5425 accurata
3277 5367 3583 5424 cmlestium
3615 5370 3821 5419 motuum

2284 5463 2649 5532 descriptione
2678 5461 2940 5517 nitamur.

2354 5555 2424 5609 At
2455 5570 2582 5609 vero
2617 5553 2716 5608 fuit
2753 5555 2845 5609 illa
2877 5553 3115 5609 maxime
3150 5552 3459 5609 communis
3487 5547 3819 5618 antiquiorum

2280 5648 2510 5718 opinio:
2561 5645 2844 5702 Christum
2881 5646 3087 5702 Tiberii
3121 5661 3267 5701 anno
3307 5661 3438 5700 xvut
3463 5688 3478 5710 ,
3525 5641 3730 5697 Iuliano
3769 5630 3818 5682 Ἱΰ

2279 5754 2504 5810 Passum
2531 5752 2691 5804 esse;
2720 5738 2868 5808 quod
2915 5734 3251 5809 Epiphanius
3281 5737 3563 5807 amplexus
3591 5741 3688 5793 est,
3722 5736 3816 5781 cum

2279 5846 2484 5886 annuat
2516 5829 2670 5885 illum
2701 5829 3028 5901 designavit,
3077 5845 3187 5900 quo
3218 5827 3471 5884 Tiberius
3505 5843 3579 5890 vt,
3620 5833 3670 5878 et
3695 5817 3815 5886 Βάκ
