4064 6404
279 470 376 525 977

277 601 378 642 nus
401 603 545 645 coss.
582 592 824 661 fuerunt,
878 601 1032 670 cyclo
1073 605 1214 662 luna:
1250 626 1378 675 xui,
1410 615 1543 670 solis

281 676 546 735 Vinicium
591 693 646 739 et
691 685 1008 760 Longinum
1046 711 1332 768 perperam
1391 708 1650 775 ascribat,
1707 715 1849 782 quod

279 782 375 834 par
417 785 583 827 unum
614 790 758 833 coss.
817 781 870 835 in
912 784 1023 840 duo
1078 789 1412 851 d-istraxerit.
1447 797 1542 854 Est
1574 781 1752 858 autem
1804 807 1851 862 is

481 866 684 962 olytup.
725 871 863 939 202,
904 884 1174 938 secundus
1203 887 1412 954 exiens,
1452 906 1566 962 per.
1619 893 1850 952 Juliante

269 951 427 1007 47-14.
485 956 802 1027 Cujusmodi
863 982 1132 1026 annorum
1211 951 1416 1032 nexum
1452 951 1847 1042 'certissimum

268 1057 407 1106 esse,
437 1047 708 1106 rationum
734 1059 982 1114 omnium
1022 1077 1293 1121 momenta
1323 1072 1667 1138 persuadent.
1693 1074 1846 1141 Quod

267 1143 442 1188 autem
473 1135 675 1196 Tiberii
711 1160 817 1199 xui
845 1162 1100 1219 exeunte,
1146 1135 1368 1215 Juliano
1401 1162 1598 1219 76dioc
1631 1135 1845 1240 est'cy-

266 1225 351 1329 clo
380 1243 475 1282 xm
507 1245 703 1299 passus
755 1239 846 1300 sit,
879 1243 1313 1304 demonstratum
1367 1262 1450 1308 est
1494 1270 1523 1309 a
1551 1225 1843 1329 plerisque.

265 1311 394 1382 Nos,
431 1323 693 1388 quoniam
720 1327 791 1384 ita
823 1347 1046 1391 necesse
1069 1346 1174 1401 est,
1209 1355 1425 1396 summa
1461 1346 1842 1414 probationum

264 1408 436 1477 capita
465 1411 776 1475 lihabimus.

329 1498 585 1559 Omnium
619 1510 797 1578 primo
836 1524 994 1572 vetus
1041 1520 1132 1575 illa
1175 1524 1396 1581 traditio
1419 1537 1524 1595 est,
1579 1545 1744 1599 quam
1789 1533 1843 1587 in

263 1589 582 1652 Caesariensi
605 1604 839 1661 concilio
873 1620 1094 1667 secutos
1125 1629 1247 1670 esse
1261 1614 1450 1674 Patres
1479 1620 1840 1691 fragmentum

264 1679 391 1735 illud
429 1685 656 1755 indicat,
699 1697 846 1763 quod
891 1697 1032 1754 Beda
1067 1704 1406 1776 descripsit:
1472 1679 1844 1769 ubivtlhristus

260 1783 321 1824 ea
343 1787 502 1829 nocte
536 1781 1001 1852 traditusdieitur,
1029 1805 1154 1860 qua:
1194 1799 1442 1867 sequitur
1465 1817 1519 1854 ιιι
1539 1801 1654 1856 Kal.
1675 1804 1840 1873 Apr.;

262 1877 451 1930 passus
477 1885 606 1926 vero
633 1890 664 1927 ιι
683 1875 800 1930 Ka!.
827 1880 1153 1953 Apr.,atque
1172 1903 1267 1943 vni
1298 1889 1413 1945 Kal.
1449 1897 1839 1950 rosuri-exisse.

263 1950 426 2021 Igitur
453 1958 694 2018 litteram
722 1964 989 2026 Dominic.
1030 1973 1200 2030 fuisse
1234 1978 1279 2032 G
1309 1997 1532 2037 necesse
1561 1995 1663 2046 est,
1693 1987 1844 2056 cyclo
1879 1999 1918 2052 Β

259 2049 390 2103 solis
431 2067 547 2117 xit;
598 2072 760 2124 quem
837 2079 1014 2119 annus
1064 2066 1314 2126 Julianus
1349 2073 1418 2127 76
1471 2049 1846 2134 exliibet.'Sed

258 2143 400 2208 quod
437 2144 703 2207 Delie-rius
734 2166 919 2208 noster
940 2158 1080 2214 hanc
1102 2161 1325 2217 Patrqu
1362 2167 1676 2236 opinionem
1705 2172 1845 2226 sedis

257 2231 564 2294 apostolica:
602 2236 1045 2311 declarationem,
1089 2266 1154 2303 ac
1191 2253 1329 2307 velut
1370 2231 1630 2312 Ecclesia:
1661 2259 1846 2328 deﬁni-

259 2321 450 2420 tionem
494 2329 762 2420 appellat,
818 2334 988 2392 nihilo
1023 2339 1077 2394 id
1107 2343 1292 2398 verius
1338 2355 1442 2410 est,
1479 2363 1644 2416 quam
1698 2321 1845 2420 quod

256 2411 440 2472 eadem
490 2415 549 2470 in
608 2423 819 2492 synodo
864 2427 1072 2484 dictum
1131 2442 1238 2500 est,
1284 2411 1679 2505 aequinoctium
1717 2411 1844 2495 'xxv

255 2502 426 2562 Martii
458 2514 757 2582 committi,
789 2521 936 2574 anno
985 2521 1190 2580 Christi
1223 2527 1325 2582 198
1343 2502 1368 2594 ;_
1391 2537 1465 2596 et,
1497 2531 1641 2600 quod
1685 2533 1844 2604 longe

253 2598 548 2656 absurdius
581 2613 688 2672 est,
730 2608 921 2664 eodem
955 2612 1049 2669 illo
1096 2615 1186 2670 die
1215 2617 1375 2674 initio
1423 2598 1631 2676 conditi
1689 2598 1842 2680 orbis

256 2690 500 2750 haesisse.
555 2694 757 2754 Notum
794 2703 942 2757 enim
989 2719 1074 2761 est
1123 2711 1363 2766 rationes
1411 2714 1580 2782 ipsas,
1612 2731 1736 2785 quae
1784 2717 1840 2772 in

251 2786 500 2842 conciliis
557 2789 884 2857 afferuntur,
933 2811 1112 2867 neque
1167 2815 1327 2858 veras
1378 2818 1503 2859 esse
1550 2817 1838 2876 perpetuo,

253 2891 420 2946 neque
453 2879 602 2934 inter
632 2882 760 2937 fidei
799 2885 1018 2942 decreta
1045 2893 1280 2948 censeri.
1325 2892 1498 2951 Habet
1525 2906 1704 2953 tamen
1736 2916 1838 2955 au—

253 2968 468 3024 ctoritas
516 2968 608 3023 illa
642 2987 991 3030 communem
1045 2979 1114 3034 de
1158 2983 1430 3051 passionis
1474 2990 1837 3044 resurrectio-

254 3057 442 3129 nisque
462 3059 560 3115 die
607 3061 769 3118 fidem
812 3069 1316 3128 vetustissimorum
1348 3085 1657 3146 temporum
1693 3095 1708 3132 :
1768 3080 1837 3134 ad

248 3162 404 3216 quam
446 3161 508 3206 et
550 3152 642 3208 illa
688 3155 1035 3228 adiungenda
1093 3164 1409 3220 testimonia
1453 3178 1603 3234 sunt,
1635 3171 1836 3240 quibus

251 3245 423 3309 passio
452 3245 675 3302 Domini
709 3250 763 3303 in
791 3256 856 3307 A.
905 3253 972 3306 D.
1007 3270 1041 3308 ι
1080 3254 1202 3311 Kal.
1238 3259 1398 3329 Apr.,
1434 3261 1539 3318 hoc
1568 3272 1654 3318 est
1696 3280 1831 3319 χχιιι

249 3333 450 3405 Martii;
516 3343 851 3398 resurrectio
898 3361 1030 3402 vero
1079 3349 1133 3403 in
1186 3366 1282 3406 vni
1340 3352 1462 3408 Kal.
1510 3356 1829 3426 conjicitur;
1859 3333 1904 3390 ο

250 3443 407 3496 quam
435 3430 645 3488 Graecis
674 3435 868 3491 tribuit
892 3435 1097 3494 Paulus
1149 3439 1595 3513 Forosempron.,
1617 3455 1672 3500 et
1726 3446 1833 3502 La-

251 3523 483 3579 ctantius
543 3536 771 3582 secutus
822 3538 909 3585 est
961 3530 1056 3585 lib.
1099 3548 1173 3598 iv,
1204 3550 1328 3605 cap.
1380 3537 1448 3591 10
1503 3539 1607 3594 Ubi
1633 3541 1834 3596 asserit

253 3629 392 3669 anno
418 3632 485 3670 xv
515 3616 746 3684 Tiberii,
783 3619 1032 3678 Geminis
1057 3623 1276 3682 duobus
1305 3643 1430 3683 coss
1462 3641 1609 3691 ,ante
1628 3633 1772 3686 diem
1800 3651 1830 3688 κ

250 3703 362 3760 Kal.
388 3709 521 3778 Apr.
572 3709 856 3766 Christum
890 3715 1044 3769 cruci
1094 3719 1336 3773 allixum.
1374 3720 1477 3775 Sed
1505 3738 1603 3791 pro
1640 3741 1667 3778 ιι
1705 3723 1824 3780 KH.

248 3797 460 3864 quidam
477 3803 698 3857 codices
723 3819 796 3858 vn
824 3805 1045 3862 habent.

317 3889 516 3947 Paulus
546 3909 679 3948 vero
711 3895 1066 3969 Forosempr.
1096 3911 1224 3956 ante
1257 3904 1402 3959 diem
1431 3906 1698 3962 decimam
1726 3910 1832 3964 Ka-

248 3981 526 4040 lendarum
581 3987 720 4041 idem
771 4006 893 4046 esse
941 4002 1126 4062 putat,
1157 3997 1307 4065 quod
1349 4014 1402 4052 xr
1440 3999 1651 4066 Kal.,et
1675 4001 1828 4058 Pauli

243 4072 535 4142 juriseons.
573 4079 752 4134 verbis
786 4082 988 4149 utitur,
1020 4085 1114 4154 qui
1159 4092 1236 4142 ait
1277 4105 1291 4142 :
1331 4089 1467 4142 Ante
1489 4091 1628 4145 diem
1654 4109 1684 4145 ιι
1714 4091 1829 4147 Ka-

245 4165 536 4235 lendarum,
571 4181 620 4223 et
661 4182 779 4240 post
811 4174 952 4227 diem
995 4192 1027 4228 x
1053 4174 1284 4233 Kalend.
1313 4196 1458 4249 teque
1480 4195 1700 4252 utroque
1721 4202 1830 4240 ser-

245 4275 389 4314 mone
414 4277 466 4315 xi
491 4264 606 4316 dies
627 4265 945 4332 signiﬁcari.
976 4265 1173 4321 Verum
1210 4272 1472 4325 memlosa
1489 4273 1657 4329 lectio
1678 4273 1830 4331 Pau-

245 4351 352 4406 lum
401 4353 1022 4426 Foroscmproniensem
1054 4359 1106 4412 iu
1135 4375 1380 4416 errorem
1423 4365 1656 4420 induxit.
1685 4367 1828 4424 Nam

245 4441 278 4496 l.
309 4444 431 4509 152,
471 4445 500 4518 §
536 4447 561 4500 1
601 4446 676 4500 οε
705 4447 842 4502 verb.
885 4449 1068 4519 signif.
1115 4451 1548 4520 iurisconsultus
1587 4457 1659 4510 ita
1699 4474 1827 4528 pro-

243 4538 457 4592 nuntiat
484 4556 499 4592 :
526 4541 591 4594 Λ.
619 4538 687 4593 1).
714 4556 743 4592 x
767 4539 894 4593 Kal.
920 4553 1036 4609 post
1060 4543 1202 4596 diem
1231 4561 1262 4598 ιι
1308 4543 1437 4599 Kal.
1479 4558 1664 4602 neutro
1700 4523 1829 4604 -εειθ-

1196 494 1282 549 DE
1321 498 1508 554 ANNO
1549 502 1636 557 ET
1672 505 1781 560 DIE
1819 507 2171 567 DOMlNlCE
2211 514 2586 577 PASSIONIS.

3441 539 3547 596 978

1589 635 1662 672 ιιι
1691 638 1705 675 :
1749 624 1855 677 etsi
1885 630 1932 687 Α
1961 626 2037 680 illi
2072 629 2354 701 suﬂragati
2383 647 2530 704 sunt,
2561 638 2651 707 qui
2684 655 2811 695 xviii
2841 641 3041 698 Tiberii
3066 625 3226 701 anno
3247 653 3546 724 contigisse

1963 729 2209 775 narrant.
2242 720 2377 777 Nam
2409 723 2614 781 Tiberii
2665 743 2837 786 annos
2889 731 3138 803 Judaico,
3173 739 3252 792 vel
3280 720 3544 797 ecclesia-

1960 809 2101 864 stico
2141 828 2293 868 more
2326 816 2394 869 ab
2425 819 2778 876 antecedente
2822 821 2986 878 Nisan
3037 839 3348 885 numerant.
3378 832 3540 902 Atqui

1959 915 2104 958 anno
2130 902 2350 962 Juliano
2383 908 2472 975 76,
2509 910 2792 968 desinente
2811 914 3022 971 decimo
3049 920 3279 988 septimo
3312 920 3538 990 Tiberii,

1957 1015 2090 1054 ιιι-ιιι
2119 1000 2258 1056 iniit.
2287 1002 2428 1070 Quin
2453 1007 2616 1062 etiam
2647 1009 2981 1079 Apollinaris
3032 1002 3374 1073 Laodicenus
3396 1021 3538 1088 apud

1957 1088 2698 1164 Hieronymum.Comment.
2731 1101 2798 1156 ad
2831 1117 2951 1173 cap.
2991 1121 3042 1158 ix
3074 1104 3230 1167 Dan..
3259 1123 3382 1162 cum
3420 1119 3542 1179 post

1955 1198 2159 1238 annmu
2186 1184 2466 1244 Passionis
2493 1190 2788 1248 Dominicte
2835 1209 2930 1249 sex
2963 1195 3162 1251 Tiberii
3194 1215 3369 1255 annos
3401 1217 3538 1254 euu-

1957 1286 2152 1340 tucrat,
2189 1280 2419 1335 omnino
2477 1297 2702 1349 passum
2759 1287 3066 1342 arbitratur
3120 1301 3354 1346 exeunte
3404 1307 3533 1347 xvn.

1954 1369 2238 1426 Accedunt
2269 1382 2323 1426 ει
2352 1383 2626 1430 certorum
2673 1378 2955 1434 intervalla
2995 1391 3326 1451 temporum,
3359 1399 3480 1454 quae
3506 1400 3539 1439 a

1956 1459 2216 1516 Passione
2247 1475 2655 1531 computantur.
2687 1467 2757 1523 Ut
2796 1485 2920 1524 eum
2952 1469 3190 1527 Jacobus
3221 1473 3536 1528 minor‘xxx

1954 1565 2128 1605 armos
2177 1549 2572 1624 Hierosolymis
2600 1557 2903 1626 praefuisse,
2937 1571 2989 1614 et
3018 1559 3250 1617 Neronis
3272 1579 3418 1619 anno
3453 1580 3540 1619 se-

1953 1643 2123 1710 ptimo
2157 1644 2260 1698 sub
2296 1647 2609 1714 paschalem
2650 1649 3019 1705 celebritatem
3065 1653 3384 1710 interfectus
3411 1671 3536 1711 esse

1951 1732 2150 1787 dicitur
2171 1734 2240 1788 ab
2266 1733 2598 1808 Hieroaymo
2625 1740 2719 1795 lib.
2753 1740 2825 1795 De
2854 1745 3034 1810 script.
3060 1746 3414 1824 eccles.,q110tl
3437 1747 3535 1802 Ju-

1953 1823 2100 1880 liauo
2125 1825 2226 1880 106
2258 1830 2528 1898 congruit.
2560 1832 2732 1901 Igitur
2772 1850 2913 1887 anno
2961 1835 3026 1889 76
3062 1823 3278 1892 Juliano
3303 1855 3538 1908 prtecsse

1950 1916 2134 1986 cmpit.
2161 1917 2293 1973 llem
2327 1919 2530 1976 Paulus
2572 1925 2854 1992 apostolus
2891 1927 3034 1994 apud
3061 1929 3312 1983 eutndem
3343 1930 3536 1985 Ilioru-

1951 2022 2172 2076 nyuium
2223 2023 2372 2064 anno
2427 2009 2529 2066 x‘xv
2573 2025 2698 2085 post
2744 2014 3060 2073 Passio-em
3096 2019 3334 2085 Domini,
3367 2021 3538 2077 Nero-

1951 2097 2034 2150 nis
2058 2098 2346 2155 tt.vinctus
2382 2101 2611 2158 Romam
2645 2107 2884 2162 mittitur
2913 2129 2924 2164 :
2954 2111 3044 2165 ubi
3077 2121 3130 2166 et
3179 2111 3410 2168 Neronis
3438 2133 3536 2168 an-

1953 2205 2024 2244 no
2051 2205 2158 2254 xw,
2195 2203 2312 2258 post
2331 2192 2648 2251 Passionem
2673 2213 2883 2265 xxxvn,
2913 2203 3094 2270 capite
3119 2212 3404 2262 truncatus
3429 2218 3532 2269 εει,

1951 2275 2216 2346 Capitone
2239 2290 2292 2334 et
2317 2279 2460 2336 Rufo
2483 2299 2652 2350 eoss.,
2674 2284 2890 2340 Juliano
2916 2289 3031 2343 112.
3056 2290 3288 2344 Neronis
3319 2294 3537 2348 iuitium

1948 2371 2175 2438 contigit
2212 2383 2333 2441 post
2367 2387 2599 2431 mortem
2649 2378 2860 2432 Claudii
2893 2421 2907 2446 ,
2938 2379 3158 2436 Juliano
3190 2384 3278 2446 99,
3321 2398 3438 2453 post
3473 2401 3532 2439 ιιι

1950 2456 2027 2512 ltl.
2081 2458 2273 2516 Octob.
2309 2462 2448 2533 Ergo
2504 2481 2684 2522 annus
2711 2485 2801 2522 xw
2831 2472 2998 2540 cmpit
3050 2476 3119 2527 ab
3149 2472 3370 2529 Octobri
3402 2478 3533 2532 anni

1944 2548 2141 2605 Juliani
2184 2555 2308 2608 “‘2.
2342 2556 2448 2611 Sed
2482 2556 2850 2632 Hieronymus
2893 2565 3181 2621 manifeste
3209 2583 3384 2622 annos
3432 2585 3533 2622 exs

1944 2644 2158 2698 orditur
2207 2646 2276 2700 ab
2308 2652 2648 2704 antecedenti
2705 2651 2988 2709 I’ascliatc.
3023 2655 3283 2726 Adeoque
3319 2675 3382 2712 er
3411 2659 3533 2728 ejus

1945 2733 2234 2790 ratiocinio
2280 2734 2533 2791 Passieni
2565 2739 2777 2795 Domini
2814 2758 2993 2800 anmts
3017 2748 3286 2801 astruilur
3332 2749 3417 2803 76.
3455 2747 3530 2802 lla

1943 2821 2159 2890 Petrus,
2185 2828 2378 2883 eodem
2405 2827 2739 2903 Hieronymo
2758 2845 2915 2902 teste,
2948 2851 3094 2891 anno
3128 2855 3164 2893 ιι
3186 2840 3395 2894 Claudii
3425 2840 3533 2895 Ho-

1943 2931 2089 2969 mam
2126 2917 2367 2983 advenit,
2413 2921 2503 2975 ubi
2528 2938 2633 2975 xxv
2680 2939 2855 2980 annos
2897 2927 3153 2984 Ecclesiae
3183 2931 3420 2999 pnefuit,
3479 2942 3533 2987 et

1941 3023 2126 3063 xxxvii
2146 3010 2607 3080 postPassionem
2637 3032 2804 3082 anno,
2834 3016 3071 3077 Neronis
3091 3038 3336 3088 xw,cum
3363 3024 3532 3080 Paulo

1943 3114 2168 3158 net-atus
2201 3113 2306 3159 est.
2348 3103 2594 3176 Denique
2642 3107 3139 3184 Hierosolymitana
3165 3115 3347 3171 clades
3381 3119 3494 3173 acei
3515 3148 3531 3158 -

1939 3191 2020 3244 dit
2055 3207 2202 3247 anno
2257 3210 2324 3248 XL
2374 3206 2494 3262 post
2529 3196 2871 3266 Passionem,
2907 3212 2966 3256 ut
3020 3215 3228 3260 veteres
3285 3209 3530 3278 plerique

1939 3288 2234 3348 testantur,
2295 3281 2681 3357 Hieronymus,
2713 3289 2982 3348 Eusebius
3019 3293 3054 3346 l.
3092 3310 3148 3348 ιιι
3189 3295 3361 3362 llist.,
3393 3313 3443 3351 c.
3468 3303 3527 3365 8,

1935 3381 1989 3427 et
2011 3373 2104 3426 lib.
2144 3389 2195 3428 vr
2232 3374 2310 3429 De
2339 3377 2677 3447 dentonst.,c.
2714 3380 2799 3443 16,
2825 3379 3276 3452 Chrysostomus,
3304 3403 3370 3442 ac
3399 3389 3528 3443 reli-

1935 3463 2050 3533 qui.
2083 3462 2283 3520 Eversa
2327 3476 2457 3521 suut
2486 3478 2668 3523 autem
2694 3470 3068 3546 Hierosolyma
3105 3493 3250 3533 anno
3284 3482 3528 3536 secundo

1937 3552 2283 3624 Vespasiani,
2321 3557 2540 3614 Juliano
2595 3577 2742 3616 anno
2797 3565 2918 3629 “5,
2969 3568 3199 3636 proinde
3249 3587 3394 3624 anno
3459 3571 3529 3628 76

1935 3646 2138 3701 Christi
2180 3646 2373 3704 Passio
2403 3652 2675 3720 congruit.
2713 3654 2919 3709 Caetera
2959 3672 3025 3710 ex
3077 3658 3292 3714 Dekerii
3338 3668 3392 3716 et
3420 3661 3526 3718 Ke-

1936 3738 2066 3808 pleri
2101 3737 2523 3796 Commentariis
2557 3749 2846 3812 repetenda
2875 3758 3022 3803 sunt.

2006 3832 2071 3886 At
2117 3849 2377 3904 urgemur
2407 3833 2722 3906 Plilcgontis
2751 3837 2802 3892 in
2841 3841 3053 3909 primis,
3083 3853 3132 3897 et
3163 3842 3342 3900 Thalli
3374 3852 3527 3902 testi-

1937 3925 2143 3987 monio,
2192 3925 2284 3994 qui
2335 3942 2483 3982 anno
2531 3943 2582 3981 tv
2629 3929 2834 3999 olymp.
2888 3931 2995 3986 202
3024 3934 3340 3991 horribilem
3393 3940 3525 3993 solis

1933 4011 2163 4080 eclipsin
2208 4013 2477 4070 accidisse
2532 4029 2862 4085 memorant,
2914 4022 3017 4077 hoc
3049 4034 3133 4078 est
3159 4024 3380 4083 Juliano
3409 4012 3477 4083 73
3508 4050 3522 4083 :

1933 4119 2098 4173 quam
2150 4105 2298 4159 illam
2357 4108 2528 4177 ipsam
2563 4126 2705 4176 esse,
2735 4129 2858 4181 qua:
2914 4116 3018 4169 sub
3063 4117 3282 4173 Domini
3333 4137 3521 4176 necem

1932 4197 2182 4266 contigit,
2219 4201 2429 4269 antiqui
2475 4201 2666 4258 Patres
2721 4205 3172 4274 interpretantur,
3204 4213 3519 4282 Africanus,

1933 4284 2321 4359 Hieronymus,
2351 4290 2639 4358 Eusebius,
2673 4303 2727 4348 et
2757 4297 2870 4349 alii.
2921 4297 3034 4352 Hoc
3077 4311 3400 4370 argumento
3438 4305 3522 4357 in-

1932 4390 2078 4434 stant
2119 4380 2193 4434 illi
2236 4383 2507 4452 pra-cipue
2553 4386 2647 4455 qui
2700 4387 2851 4455 plura
2888 4405 3052 4458 quam
3096 4393 3198 4446 tria
3251 4393 3518 4451 Paschata

1933 4472 2226 4527 Dominutu
2258 4480 2504 4546 exegisse
2550 4481 2910 4546 contendunt,
2943 4498 3119 4553 neque
3149 4486 3283 4541 satis
3311 4488 3521 4556 puden-

1932 4568 2002 4620 tis
2024 4581 2145 4620 esse
2179 4565 2421 4622 hominis
2448 4570 2784 4634 existimant,
2815 4583 2978 4627 lanttc
3003 4577 3350 4632 auctoritatis
3381 4594 3518 4648 prte—

243 4643 388 4685 mone
410 4647 464 4685 ll
497 4632 610 4686 dies
637 4634 1028 4703 signiﬁcamuf-
1058 4634 1222 4692 Cerle
1253 4638 1317 4692 Αο
1355 4639 1416 4693 Ι).
1453 4656 1484 4693 Χ
1518 4639 1637 4694 Kal.
1683 4643 1824 4698 idem
1858 4655 2140 4733 Djudicio
2194 4671 2258 4711 ac
2315 4667 2391 4711 tot
2457 4660 2786 4729 scriptorum
2827 4666 3177 4720 consensioni
3227 4632 3510 4738 refragari.

239 4729 321 4773 est
348 4723 493 4792 quod
527 4739 556 4776 ιι
576 4721 720 4790 Kal,
750 4726 1214 4794 quemadmodum
1246 4740 1373 4784 ante
1406 4730 1525 4790 Kal.
1548 4735 1827 4803 proximas

247 4809 385 4867 idem
411 4822 499 4869 est
529 4815 675 4884 quod
699 4813 820 4869 Kal.
857 4816 1142 4885 proximis,
1175 4819 1212 4874 l.
1256 4819 1325 4874 56
1357 4821 1385 4889 ξ
1414 4823 1520 4887 Qui
1550 4826 1628 4876 ita
1658 4827 1826 4895 stipu-

240 4899 406 4977 latur,
438 4903 502 4959 D.
537 4906 605 4962 de
653 4905 816 4961 Verb.
851 4907 974 4962 Obl.
1031 4909 1375 4966 Subauditur
1400 4914 1546 4967 enim
1583 4916 1823 4985 aliquid;

242 5003 300 5048 ut
321 4997 393 5052 sit
427 4997 638 5069 integra
691 5002 896 5057 locutio
918 5041 933 5066 ,
983 5013 1108 5057 ante
1150 5006 1292 5058 diem
1324 5006 1648 5062 absolutum.
1687 5008 1826 5065 Hine

238 5096 321 5141 est
363 5092 511 5159 que-.l
552 5091 848 5150 Gallicana:
879 5095 1596 5159 Ecclesinesurreciionis
1623 5102 1821 5158 festum

241 5178 292 5232 iu
326 5195 432 5234 xxv
493 5182 675 5240 Martii
705 5186 1018 5253 defixerint,
1057 5201 1116 5245 ut
1146 5203 1341 5247 auctor
1377 5203 1461 5249 est
1497 5194 1637 5250 Beda
1673 5211 1686 5247 :
1731 5197 1824 5265 qui

238 5279 291 5322 et
319 5271 434 5341 ipse
469 5275 564 5330 lib.
598 5277 675 5331 De
706 5287 862 5348 temp.
887 5291 1154 5353 rut.,cap.
1186 5287 1277 5351 67,
1301 5286 1518 5340 decimo
1549 5287 1668 5342 Kal.
1697 5305 1823 5358 pas-

240 5377 356 5418 sum
391 5369 670 5426 existimat
704 5373 1016 5440 Christum,
1070 5379 1171 5433 etsi
1200 5395 1322 5448 cap.
1367 5381 1457 5446 47,
1489 5381 1540 5435 id
1571 5399 1663 5437 rm
1699 5383 1818 5439 Kal.

240 5455 440 5515 factum
469 5477 765 5522 asscveret.
795 5467 957 5523 Plura
992 5472 1134 5539 apud
1179 5470 1466 5528 Dekerium
1503 5475 1670 5529 videri
1695 5493 1823 5548 pos-

239 5561 381 5607 sunt.
419 5554 634 5622 Quibus
672 5561 1005 5617 testimoniis
1046 5563 1301 5628 efﬁcitur,
1356 5565 1575 5623 Juliano
1602 5569 1670 5624 76
1695 5586 1820 5639 pas-

238 5656 356 5699 sum
373 5661 496 5702 esse
524 5649 832 5719 Dominum,
864 5654 1041 5710 Martii
1077 5673 1234 5713 χχιιι.
1264 5659 1441 5730 Atque
1465 5662 1822 5734 haecinsuper

239 5734 476 5794 Africani
525 5747 880 5802 vetustissimi
931 5749 1166 5821 theologi
1204 5753 1476 5807 statuentia
1526 5752 1658 5819 fuit;
1724 5757 1820 5826 qui

239 5843 458 5895 passum
491 5835 663 5890 voluit
686 5838 966 5895 Christum
1000 5857 1144 5896 anno
1181 5845 1202 5897 1
1245 5844 1448 5915 olymp.
1486 5846 1611 5912 sua,
1647 5858 1704 5902 ut
1735 5865 1820 5904 reo

238 5924 340 5976 ιρι-ι
357 5921 624 5984 Eusebius
651 5929 729 5998 (in
755 5930 953 5988 Chron.
981 5933 1164 5989 (Iero
1181 5951 1234 6006 p.
1265 5938 1375 6007 65).
1411 5938 1512 5992 Cui
1545 5951 1597 5993 et
1626 5940 1817 5997 Patres

1936 4746 2039 4800 Sed
2073 4747 2204 4800 illud
2239 4748 2291 4800 iu
2318 4748 2508 4817 primis
2555 4751 2680 4806 volo
2731 4751 2862 4806 mihi
2914 4758 3297 4825 respondeant,
3349 4775 3514 4815 eosne

1932 4846 2143 4906 putent,
2162 4853 2190 4891 a
2216 4840 2417 4909 quibus
2448 4839 2763 4910 Plilegontis
2788 4845 3159 4901 testimonium
3182 4849 3518 4920 didicerunt,

1933 4930 2285 5001 Plilegoutem
2334 4934 2512 5003 ipsum
2546 4934 2764 5005 legisse.
2817 4936 2973 5004 Quod
3000 4941 3090 4992 ubi
3125 4940 3362 4998 confessi
3396 4943 3515 4999 fue-

1931 5020 2070 5082 rint,
2106 5029 2220 5075 tutu
2252 5024 2385 5094 quid
2418 5039 2600 5079 causa:
2638 5034 2710 5080 srt
2739 5027 3034 5095 explicent,
3062 5046 3162 5082 cur
3201 5031 3387 5094 iidem,
3418 5035 3515 5103 qui

1931 5113 2111 5167 solare
2135 5114 2458 5185 deliquium,
2493 5118 2638 5186 quod
2665 5135 2696 5172 a
2712 5116 3006 5190 Phlegonte
3021 5132 3522 5200 commemoratur,

1928 5205 2059 5259 illud
2100 5222 2224 5261 esse
2280 5218 2550 5272 statuunt,
2603 5210 2750 5278 quod
2803 5211 2908 5264 sub
2945 5212 3149 5267 Christi
3190 5218 3513 5271 Passioueni

1927 5298 2176 5366 contigit,
2210 5296 2459 5355 Passieni
2483 5310 2663 5353 tamen
2692 5301 2792 5369 ipsi
2820 5319 2927 5357 non
2957 5315 3211 5373 quartqu
3247 5308 3512 5376 olympia-

1926 5390 2013 5443 tlis
2060 5406 2264 5444 annum
2333 5393 2427 5445 srd
2472 5393 2798 5460 secundum,
2851 5396 3140 5450 tertiumve
3180 5397 3507 5465 prazliuiaut.

1927 5480 2217 5536 Africanus
2239 5483 2386 5536 enim
2416 5485 2560 5553 apud
2592 5483 2982 5557 Hieronymum
3021 5486 3072 5541 in
3105 5494 3337 5555 eapntix
3372 5485 3508 5539 Dan.

1924 5582 1979 5625 et
2003 5572 2054 5625 iu
2081 5571 2300 5628 Eusebii
2337 5574 2680 5646 fragmentis,
2711 5593 2832 5647 pag.
2860 5578 2949 5640 65,
2974 5578 3249 5632 Christum
3283 5592 3508 5645 passum

1924 5667 2164 5718 asseruit
2213 5681 2361 5719 anno
2384 5667 2628 5722 secundo
2688 5669 2892 5739 olyinp.
2941 5668 3080 5732 (ιο-2.,
3119 5667 3388 5722 Eusebius
3458 5677 3514 5721 et

1926 5752 2296 5826 Hieronymus
2349 5772 2494 5810 anno
2561 5759 2744 5812 tertio.
2791 5757 2932 5824 Quid
2983 5767 3167 5812 autem
3215 5758 3514 5813 absurdius

1923 5858 2027 5912 est,
2055 5865 2218 5918 quam
2265 5848 2580 5918 Phlegontis
2603 5851 2868 5906 adversus
2901 5852 3129 5921 gentiles
3163 5853 3510 5912 auctoritate.

1923 5952 2086 6012 atque
2113 5942 2300 6014 celipsi
2319 5942 2410 5998 illa
2444 5945 2576 6000 solis
2612 5953 2876 6011 utentem,
2918 5960 3083 6014 quam
3115 5945 3160 6000 is
3186 5952 3388 6012 quarto
3411 5958 3512 5998 au-
