4064 6420
628 475 724 531 970

1731 467 2084 529 APPENDIX
2124 464 2679 528 DISSERTATION-U
2689 468 2760 526 M.
3728 476 3802 532 θῦεν

600 604 695 665 ,ιιο
734 585 1033 655 contigisse
1057 585 1294 650 dixerat,
1330 600 1440 641 non
1487 586 1665 641 eidem
1705 601 1853 641 anno
1886 583 2209 639 Passionem
2238 587 2287 644 Α
2315 600 2464 640 anno
2494 584 2588 639 illo
2618 586 2688 640 34
2725 586 2879 657 eyclo
2932 587 3074 642 luna!
3120 601 3234 653 xw,
3270 587 3406 643 solis
3447 603 3508 642 xv
3532 587 3804 647 novilonium

623 677 904 733 tribuere?
935 675 1305 743 Quamobrem
1328 691 1397 732 ne
1446 676 1583 733 tanti
1632 675 1895 745 stuporis,
1937 681 2102 742 atque
2127 671 2213 725 in—

621 769 815 832 scitiae,
869 767 981 823 imo
1029 768 1506 838 praevaricationis
1553 765 1866 837 gravissimi
1901 765 1978 818 illi
2018 763 2214 817 Patres

618 866 948 929 arguantur,
995 874 1062 915 eo
1105 860 1326 915 demum
1394 858 1709 915 necessario
1765 855 2104 922 redigimur,
2152 862 2214 908 ut

622 949 939 1020 Phlegontis
992 951 1367 1008 testimonium
1400 951 1534 1006 illud
1586 951 1781 1005 vitiose
1831 950 1902 1002 ab
1946 945 2211 1011 librariis,

621 1054 716 1100 aut
762 1042 1099 1116 Hieronymo
1132 1045 1252 1115 ipso
1308 1044 1561 1099 dicamus
1595 1044 1649 1098 in
1682 1039 1973 1098 Chronicis
1990 1052 2215 1109 expres-

622 1151 770 1190 sum.
797 1134 944 1192 Sane
976 1151 1031 1190 tn
1075 1132 1268 1191 Graeco
1315 1135 1538 1191 Eusebii
1583 1132 1865 1197 Chronico,
1914 1145 2038 1201 pag.
2087 1125 2211 1191 ll8.

624 1226 698 1281 ita
750 1226 1014 1297 scriptum
1085 1236 1222 1281 est:
1288 1224 1378 1296 Τῷ
1428 1226 1485 1279 δὲ
1542 1224 1652 1278 ἔτει
1707 1224 1808 1294 τῆς
1859 1219 1940 1292 σβ¹
2013 1218 2213 1288 Ὀλυμ-

623 1317 831 1381 πιάδος·
866 1327 925 1373 ιιι
954 1326 1213 1388 appareat
1240 1317 1495 1371 extritam
1529 1314 1699 1371 fuisse
1752 1311 2089 1369 numeralem
2116 1325 2215 1364 no-

626 1419 761 1476 tam,
808 1424 906 1479 pro
954 1423 1063 1478 qua
1110 1418 1442 1478 anagnostes
1512 1402 1838 1477 Hieronymi
1903 1400 1970 1469 6',
2025 1401 2078 1455 id
2129 1410 2215 1456 est

623 1511 879 1571 quartum
936 1514 1144 1554 annum
1196 1498 1407 1570 legerit,
1452 1513 1577 1553 eum
1616 1505 1762 1552 esset
1794 1491 2112 1565 coniunctio
2131 1491 2210 1547 δέ.

621 1592 691 1645 At
719 1589 978 1660 Keplerus
994 1590 1050 1644 in
1067 1587 1279 1660 Eclogis
1300 1586 1653 1658 Phlegontem
1684 1583 1997 1656 suspicatur
2019 1583 2086 1638 de
2105 1581 2212 1637 alia

623 1681 759 1737 solis
788 1680 979 1752 eclipsi
1007 1681 1274 1745 locutum,
1321 1694 1446 1749 quae
1476 1693 1623 1733 anno
1664 1677 1842 1748 primo
1879 1672 2214 1746 olymp.‘202

623 1774 875 1845 contigit,
925 1771 1063 1830 Nov.
1121 1788 1272 1839 xxiv,
1323 1787 1470 1827 anno
1514 1769 1737 1825 Juliauo
1769 1768 1858 1835 74,
1899 1765 2210 1839 quasqueiu

622 1866 777 1931 Asia,
804 1867 891 1921 vel
926 1865 1083 1939 Syria
1122 1866 1309 1922 totalis
1338 1865 1462 1931 fuit,
1492 1865 1626 1919 hora
1655 1878 1785 1928 una,
1813 1873 1978 1931 atque
2036 1860 2210 1915 altera

2317 696 2507 736 verum
2542 682 2737 737 incidit
2769 682 2826 737 in
2848 681 3028 738 Martii
3056 699 3134 747 ιι,
3168 682 3322 739 horis
3351 698 3381 733 ν
3402 697 3523 737 ευιιι
3544 683 3706 739 triente
3726 684 3810 741 fere

2282 785 2346 851 pa
2381 770 2559 826 media
2612 781 2793 837 nocte,
2843 781 2972 829 octo
3006 774 3227 829 circiter
3275 773 3427 829 horis
3481 781 3590 843 post
3628 773 3808 828 mediam

2310 860 2779 929 coniunctionem,
2813 878 2937 932 qua:
2961 878 3142 918 veram
3169 863 3481 928 antecessit,
3501 863 3550 916 in
3576 861 3813 916 meridiano

2313 947 2833 1022 Hierosolymitano.
2868 949 3053 1019 Quare
3103 952 3301 1008 falsum
3353 961 3439 1007 est
3476 951 3619 1008 tertio
3644 950 3811 1007 demum

2311 1042 2422 1106 die,
2444 1044 2549 1099 hoc
2565 1053 2652 1100 est
2677 1061 2753 1101 xu
2780 1044 2983 1110 Martii,
3012 1046 3358 1103 neomeniam
3383 1059 3505 1100 esse
3523 1043 3738 1099 deﬁxam.

2379 1133 2502 1190 Col.
2528 1133 2634 1190 935
2666 1134 2728 1192 C.
2752 1135 2982 1206 Πάσχει
3001 1135 3241 1206 δὲέντῇ
3255 1135 3688 1206 «mammam
3701 1131 3815 1189 Nulla

2316 1222 2536 1296 Sibylla:
2557 1223 2709 1292 folia,
2736 1242 2912 1297 neque
2940 1225 3203 1299 Sphingis
3239 1227 3525 1297 aenigmata
3544 1240 3656 1281 cum
3671 1240 3815 1280 eorum

2314 1332 2440 1387 quas
2458 1326 2763 1388 sequuntur
2785 1318 3121 1375 obscuritate
3135 1319 3371 1374 conierri
3390 1326 3634 1388 possunt:
3662 1331 3818 1388 quaene

2313 1407 2402 1463 ille
2438 1408 2659 1479 quidem
2707 1408 3117 1465 eruditissimus
3145 1410 3561 1466 mathematicus
3592 1418 3820 1466 assecutus

2311 1508 2423 1566 est,
2448 1500 2542 1572 qui
2566 1502 2712 1558 hunc
2732 1502 2946 1574 cyelum
2974 1501 3331 1558 solertissime
3350 1501 3649 1558 declaravit.
3668 1503 3716 1557 ln
3746 1501 3822 1571 pri-

2312 1590 2419 1646 mis
2440 1590 2585 1645 enim
2610 1589 2830 1648 Iudaeos
2854 1591 2933 1646 ait
2960 1591 3283 1664 ὑπερὸάσει,
3308 1592 3412 1649 hoc
3424 1601 3509 1648 est
3533 1591 3825 1648 translatione

2313 1680 2525 1738 Pascha
2544 1682 2921 1750 submovisse;
2947 1683 3226 1739 Christum
3253 1698 3385 1738 vero
3413 1683 3744 1754 passumluna
3756 1696 3825 1735 xu

2313 1788 2477 1831 νυκτε
2487 1773 2606 1843 ρινῇ
2624 1771 2785 1843 μέσῃ.
2805 1772 3017 1842 Optime
3035 1771 3297 1843 Keplerus
3310 1772 3497 1828 lunam
3512 1770 3831 1828 hicNicamam

2314 1862 2587 1933 intelligit.
2633 1861 2838 1920 Passus
2877 1870 2960 1919 est
3002 1874 3215 1929 autem,
3251 1872 3309 1919 ut
3333 1866 3507 1920 credit
3529 1863 3829 1936 Epiphanius,

624 1965 752 2012 ante
781 1934 1081 2013 meridiem.
1108 1954 1262 2023 Quod
1286 1971 1410 2011 cum
1459 1953 1772 2019 Africanus,
1798 1961 1854 2008 et
1878 1952 1968 2006 alii
1996 1950 2062 2004 ad
2087 1965 2209 2005 eam
2241 1934 2284 1990 Β
2319 1970 2417 2008 xm
2450 1953 2571 2010 Kal.
2602 1956 2756 2026 Apr.,
2786 1956 2840 2011 id
2866 1965 2952 2012 est
2980 1955 3157 2013 Martii
3181 1974 3274 2012 xx.
3305 1957 3473 2028 Atqui
3503 1934 3623 2013 luna
3647 1964 3743 2012 tum
3760 1953 3831 2009 Ni-

624 2048 1027 2121 olympiadem.
1064 2063 1173 2119 qua
1225 2062 1420 2118 passus
1468 2054 1554 2101 est
1590 2043 1879 2107 Dominus,
1916 2043 2211 2099 convenire

622 2150 927 2202 cernerent.
958 2140 1100 2197 idem
1132 2139 1266 2195 illud
1296 2138 1597 2210 deliquium
1633 2138 1767 2193 solis
1802 2152 1925 2192 esse
1951 2136 2052 2192 sibi
2089 2149 2213 2205 per-

623 2241 944 2297 suaserunt,
974 2233 1142 2302 quod,
1173 2230 1397 2287 Christo
1425 2230 1691 2300 patiente,
1737 2226 1932 2299 praeter
1953 2235 2208 2280 naturam

621 2332 900 2382 evenerat.
929 2324 1218 2380 Postremo
1252 2339 1378 2379 cum
1410 2322 1672 2378 obductio
1697 2322 1788 2376 illa
1812 2319 1953 2376 lucis
1983 2326 2211 2374 natura-

622 2417 690 2472 lis
721 2432 828 2471 non
870 2416 1060 2481 fuerit,
1084 2430 1266 2486 neque
1289 2430 1356 2471 ex
1395 2412 1801 2469 mathematicis
1823 2410 2026 2467 tabulis
2054 2410 2210 2465 inda-

620 2508 737 2578 gari
763 2507 1020 2579 potuerit,
1055 2522 1163 2562 non
1194 2505 1416 2562 aliunde
1448 2504 1709 2577 Phlegon,
1743 2504 1790 2559 si
1820 2502 1943 2572 ejus
1971 2500 2207 2555 mentio-

620 2618 744 2659 nem
781 2602 982 2674 attigit,
1015 2617 1183 2672 quam
1235 2616 1303 2657 ex
1342 2601 1577 2656 aliorum
1618 2599 2005 2656 testiﬁcatione
2058 2597 2206 2652 illam

618 2694 930 2763 comperit:
968 2693 1022 2746 in
1052 2708 1163 2762 quo
1196 2690 1356 2748 facile
1382 2691 1539 2747 locus
1573 2690 1751 2747 errori
1785 2688 1912 2755 fuit,
1956 2697 2015 2744 ut
2071 2689 2209 2743 alter

619 2801 722 2856 pro
756 2786 930 2841 altero
982 2800 1164 2840 annus
1214 2784 1286 2840 ab
1334 2799 1403 2839 eo
1453 2783 1911 2841 substitueretur.
1945 2782 2105 2837 Aliud
2138 2797 2208 2836 ex

620 2874 866 2947 Dionysii
902 2876 1242 2947 Areopagitae
1273 2874 1505 2932 historia
1528 2875 1670 2931 solet
1701 2874 1891 2952 objici.
1927 2873 2028 2929 llic
2059 2872 2204 2928 enim

618 2966 781 3037 epist.
828 2982 902 3022 vu
954 2967 1023 3022 ad
1063 2964 1419 3038 Polycarpum
1456 2982 1740 3038 exponens
1768 2982 1892 3037 quae
1930 2966 2050 3037 ipso
2078 2964 2209 3021 Pas-

621 3058 797 3115 sionis
829 3068 1076 3129 tempore
1108 3074 1235 3114 cum
1263 3059 1644 3131 Apollophane
1675 3057 1944 3130 Heliopoli
1972 3057 2204 3121 viderat,

619 3150 980 3220 plenilunium
1010 3160 1141 3207 tunc
1185 3150 1359 3208 fuisse
1397 3151 1691 3223 signiﬁcat.
1734 3149 1869 3205 Nam
1910 3158 2035 3222 post
2071 3149 2208 3205 ecli-

616 3243 767 3316 psin,
801 3243 897 3297 καὶ
926 3244 1025 3314 τὴν
1052 3243 1473 3316 ὲπιπρόσθησιν,
1503 3245 1584 3307 εἰς
1612 3244 1672 3297 τὸ
1702 3243 1798 3297 τοῦ
1832 3243 1985 3316 ἡλίου
2012 3242 2210 3313 διάμε-

614 3354 746 3410 τρον
767 3335 1451 3408 ἀντικαταστῆναι,1ιιιιιιιη
1488 3335 1709 3402 asserit,
1743 3335 1848 3391 hoc
1872 3346 1957 3391 est
1980 3336 2035 3389 in
2075 3349 2203 3389 eum

615 3428 741 3485 εωιί
799 3428 984 3485 locum
1035 3441 1374 3497 pervenisse,
1405 3426 1501 3499 qui
1534 3443 1567 3483 e
1604 3426 1874 3483 diametro
1920 3426 2091 3483 solem
2122 3441 2210 3480 rc—

614 3520 874 3591 spieeret.
895 3519 1000 3578 Sed
1031 3534 1097 3578 ex
1139 3518 1247 3575 illis
1284 3518 1531 3592 Dionysii
1558 3519 1738 3575 verbis
1758 3518 1897 3574 nihil
1928 3518 1996 3574 de
2034 3517 2210 3589 pleni-

615 3609 773 3668 Iunio
818 3612 1127 3683 colligitur;
1180 3620 1241 3668 ut
1296 3611 1444 3668 enim
1513 3611 1700 3666 lunam
1747 3619 1881 3665 tunc
1925 3609 2208 3681 ἀμφίκυρο

613 3717 707 3756 τον
739 3701 910 3758 fuisse
945 3705 1161 3771 demus,
1183 3720 1310 3759 cum
1342 3720 1404 3760 ea
1444 3708 1570 3775 post
1593 3701 1993 3773 ὲπιπρόσθησιν
2028 3701 2210 3772 pristi-

616 3806 750 3846 num
783 3792 850 3846 ad
877 3791 1058 3847 locum
1108 3794 1512 3864 regrederetur,
1541 3806 1639 3864 per
1665 3806 1785 3846 eam
1818 3791 1942 3847 cceli
1967 3791 2206 3863 plagam,

617 3899 743 3954 qua:
774 3884 878 3940 soli
910 3899 979 3939 ex
996 3884 1228 3940 adverso
1260 3895 1383 3939 erat
1409 3882 1682 3955 opposita,
1715 3882 2005 3937 transiisse
2027 3882 2206 3938 solum

618 3976 846 4041 dicitur,
886 3991 996 4031 non
1025 3980 1079 4031 in
1116 3991 1181 4032 ea
1208 3977 1548 4034 constitisse.
1572 3976 1706 4034 Plus
1733 3975 1881 4033 enim
1918 3973 2209 4029 dimidiato

498 4086 509 4093 '
620 4071 757 4128 orbe
798 4071 1091 4142 percurrit,
1135 4071 1408 4138 Quocirca
1436 4071 1576 4126 nihil
1607 4072 1857 4141 estquod
1890 4067 2206 4143 Epiphunii,

616 4164 866 4236 adeoque
904 4164 1186 4220 communi
1236 4163 1591 4234 antiquorum
1638 4162 1866 4220 Patrum
1919 4171 2208 4220 sententue
2270 4214 2277 4219 .

615 4257 685 4313 de
717 4271 848 4314 vero
899 4256 1183 4314 Passionis
1217 4272 1366 4313 anno
1398 4259 1677 4329 negotium
1724 4257 1986 4315 facessat.
2046 4256 2207 4313 Nunc

612 4350 859 4406 auctoris
912 4350 1077 4407 verba
1130 4349 1450 4423 singillatim
1484 4353 1897 4422 expendemus;
1938 4351 1984 4407 si
2026 4351 2203 4422 prius,

614 4444 762 4516 quod
815 4443 1210 4515 propemodum
1237 4445 1538 4510 exciderat,
1595 4444 1813 4501 Onul'rii
1849 4461 1918 4502 ex
1965 4445 2205 4503 Gaurion

614 4536 945 4593 seintentiam
1009 4537 1077 4592 de
1128 4537 1336 4594 Christi
1389 4535 1657 4593 Passione
1714 4538 2053 4594 refellamus.
2103 4537 2207 4595 Hic

2312 2062 2486 2112 ozena,
2527 2048 2720 2104 eodem
2747 2047 3055 2118 Epiphanio
3083 2058 3330 2110 auctore.
3371 2050 3475 2106 fuit
3507 2066 3620 2117 xm,
3652 2050 3742 2105 sub
3765 2063 3833 2102 ve-

2312 2154 2531 2209 speram
2570 2148 2754 2196 autem
2786 2142 2953 2211 coepit
2982 2156 3096 2206 xiv,
3131 2157 3256 2197 cum
3295 2141 3350 2197 in
3379 2143 3535 2214 cyclo
3552 2140 3757 2196 Judaieo
3773 2137 3835 2193 vi-

2311 2234 2455 2290 tioso
2479 2244 2628 2290 esset
2662 2250 2755 2299 xv,
2789 2245 3051 2305 sequente
3081 2250 3196 2290 ιη.
3223 2235 3329 2292 Sed
3350 2236 3476 2289 καθ’
3501 2233 3770 2305 ὑπέρὸασιν
3785 2231 3836 2285 ab

2314 2322 2511 2377 iisdem
2554 2338 2642 2378 xtv
2684 2320 2828 2378 facta
2867 2332 2970 2388 est,
3003 2337 3130 2378 cum
3159 2324 3216 2378 in
3248 2339 3371 2380 eam
3402 2322 3609 2380 Pascha
3635 2320 3835 2392 traiecis-

2312 2422 2456 2471 sent.
2486 2414 2689 2471 Verum
2731 2415 2799 2471 de
2840 2417 2945 2471 hac
2989 2417 3293 2486 posteriore
3317 2416 3496 2487 accipi
3528 2431 3628 2471 non
3654 2423 3837 2485 potest:

2311 2507 2439 2577 quia
2470 2509 2792 2581 νυκτερινήν
2814 2509 2964 2565 illam
2998 2516 3171 2565 vocat.
3189 2507 3395 2566 Judaeis
3420 2524 3551 2565 vero
3572 2517 3685 2579 post
3712 2504 3837 2577 μετά-

2312 2599 2471 2654 ϐασιν
2491 2616 2582 2655 xiv
2604 2600 2770 2656 desiit
2790 2602 2843 2657 in
2868 2619 2967 2659 xv:
2988 2604 3218 2675 ideoque
3248 2603 3351 2659 fuit
3372 2601 3608 2676 ἡμερινὴ
3634 2618 3711 2656 xv.
3732 2598 3839 2654 Fieri

2311 2700 2514 2761 potest,
2544 2700 2606 2747 ut
2623 2694 3064 2750 emendationem
3086 2695 3178 2750 hic
3207 2696 3362 2752 locus
3387 2697 3588 2766 potius,
3610 2708 3755 2764 quam
3776 2692 3839 2745 in-

2311 2783 2757 2852 terpretationem
2785 2785 3062 2856 requirat:
3089 2786 3491 2857 legendumque
3507 2786 3610 2852 sit;
3636 2798 3843 2855 τρισκαι-

2309 2873 2510 2945 δεκάτη
2533 2874 2769 2948 ἡμερινὴ
2800 2877 2964 2949 μέσηο
3007 2877 3112 2934 hoc
3128 2886 3214 2933 est
3241 2880 3365 2933 luna
3392 2893 3517 2940 xtu,
3537 2891 3654 2947 quae
3671 2875 3732 2929 ab
3747 2882 3841 2929 ortu

2310 2968 2446 3023 solis
2476 2968 2687 3039 incipit,
2722 2969 2958 3036 labente,
2994 2970 3106 3025 imo
3139 2969 3452 3041 μεσαζοὼῃ
3484 2970 3588 3026 sub
3611 2965 3842 3023 meridiem

2310 3060 2564 3117 videlicet
2612 3060 2742 3128 diei,
2789 3076 2901 3131 quo
2943 3062 3175 3118 civiliter
3227 3077 3325 3116 xm
3369 3061 3501 3117 luna
3551 3065 3841 3115 numeratur.

2309 3151 2467 3219 Quod
2502 3152 2610 3209 nisi
2633 3152 2709 3207 ita
2733 3162 2840 3219 est,
2871 3153 3009 3208 nihil
3045 3154 3288 3210 occurrit
3325 3153 3530 3222 aptius.
3556 3166 3710 3222 quam
3730 3145 3845 3218 quod

2315 3242 2546 3313 Keplero
2585 3243 2812 3314 placuit,
2854 3244 3123 3301 decimam
3167 3253 3413 3315 quartam
3457 3243 3741 3303 Nicaeum,
3775 3251 3843 3290 vo-

2266 3321 2281 3342 ⁸
2314 3334 2431 3390 cari
2472 3350 2607 3403 xm;
2647 3335 2793 3406 quod
2836 3336 2889 3391 in
2939 3351 3060 3391 eam
3094 3345 3309 3392 noctem
3338 3335 3579 3399 desinat,
3606 3352 3633 3387 a
3660 3346 3755 3403 qua
3780 3342 3847 3383 xu

2311 3424 2529 3479 initium
2561 3426 2809 3496 accepit:
2838 3427 3299 3497 quemadmodum
3322 3425 3444 3482 dies
3475 3427 3778 3496 Azymorunt
3795 3417 3847 3470 ab

2310 3517 2663 3588 cyangelistis
2695 3517 2996 3574 Parasceve
3037 3520 3152 3588 ipsa
3187 3516 3499 3583 Paschalis,
3541 3517 3653 3573 sive
3677 3511 3848 3568 decima

2310 3618 2506 3679 quarta
2549 3610 2757 3666 mensis
2791 3611 3098 3682 appellatur
3123 3610 3266 3664 κατὰ
3295 3608 3590 3681 πρόληψιν.
3638 3606 3732 3661 Sed
3758 3611 3846 3655 tum

2314 3702 2457 3774 μέση
2491 3717 2620 3768 vox,
2651 3702 2697 3757 si
2724 3701 3006 3758 meridiem
3033 3701 3323 3773 signiticet.
3353 3716 3553 3771 parum
3574 3707 3690 3767 apte
3703 3694 3850 3750 coha-

2311 3793 2470 3849 rebit.
2507 3792 2621 3848 Non
2655 3793 2800 3849 enim
2834 3801 2920 3850 est
2955 3791 3244 3865 νυκτερινὴ
3284 3790 3452 3862 μέση,
3503 3805 3623 3861 quae
3669 3780 3849 3841 nonnisi

2311 3896 2437 3957 post
2464 3902 2747 3957 vesperam
2776 3886 2963 3957 capit.
3010 3886 3117 3941 Sed
3159 3900 3338 3955 neque
3367 3884 3583 3940 medios
3615 3879 3678 3936 ad
3706 3885 3852 3934 motus

2310 3981 2714 4037 astronomicos
2757 3995 2877 4037 mea
2926 3980 3196 4036 sententia
3244 3977 3494 4049 respexit
3535 3970 3849 4047 Epiphanius.

2311 4074 2677 4141 Quamobrem
2703 4074 2765 4128 τὸ
2795 4075 2935 4147 μέση
2961 4073 3152 4130 abesse
3176 4088 3272 4143 per
3294 4086 3382 4128 me
3405 4070 3631 4142 quidem
3658 4071 3825 4137 potest.

2382 4166 2521 4221 Ibid.
2549 4166 2898 4236 Προέλαϐον
2926 4166 3058 4237 γὰρ.
3096 4166 3195 4221 καὶ
3214 4165 3465 4237 ἔφαγον.
3485 4165 3589 4220 llic
3611 4164 3695 4218 ille
3713 4158 3852 4214 nodus

2306 4270 2390 4317 est
2411 4258 2805 4333 propemodum
2819 4259 3235 4321 inextricabilis,
3250 4272 3412 4327 quem
3430 4254 3773 4313 acutissimus
3784 4246 3855 4303 ille

2308 4354 2733 4411 tnathematicus
2775 4366 2888 4409 non
2918 4350 3190 4409 dissolvit.
3234 4348 3327 4405 Sic
3367 4349 3519 4404 enim
3567 4349 3853 4413 interPWW

2307 4456 2397 4503 tur
2430 4466 2444 4502 :
2475 4447 2733 4504 Christus
2765 4461 2890 4503 cum
2924 4443 3130 4502 Judasis
3155 4441 3489 4516 quihusdam
3520 4438 3726 4496 Pascha
3748 4430 3857 4488 obiit

2309 4539 2439 4594 luna
2472 4536 2704 4595 Jodaica
2737 4538 2934 4594 vitiosa
2975 4553 3065 4592 xiv
3099 4544 3353 4601 exeunte,
3386 4533 3617 4591 N‘icatua
3645 4545 3737 4592 xu,
3772 4526 3853 4578 hoc

612 4629 760 4684 enim
800 4643 928 4683 cum
960 4645 1107 4685 anno
1135 4645 1260 4686 serae
1286 4629 1641 4702 Dionysianae.
1672 4631 1742 4686 54
1766 4631 1915 4687 illam
1940 4632 2207 4688 accidisse
2238 4648 2284 4705 [ι
2316 4638 2403 4685 εει
2427 4644 2517 4685 xlv
2548 4628 2670 4686 Kal.
2710 4630 2868 4700 Apr.,
2899 4628 3236 4700 pridieejus
3274 4627 3383 4683 diei
3418 4641 3532 4696 quo
3558 4634 3747 4696 passus
3769 4623 3854 4673 est.

612 4722 922 4785 conﬁrmet,
951 4721 1132 4778 Martii
1162 4739 1314 4789 xxvi,
1338 4724 1469 4779 luna
1498 4741 1656 4793 xvut,
1689 4741 1814 4796 quae
1847 4728 2207 4782 antecedente

2307 4723 2485 4778 Biduo
2536 4722 2708 4793 igitur
2737 4721 3018 4779 Nicanam
3058 4722 3243 4777 lunam
3293 4720 3639 4790 anticipavit.
3682 4713 3854 4769 Idcirco

614 4828 843 4884 vespera
869 4813 985 4884 jam
1034 4815 1291 4872 inchoata
1327 4815 1529 4885 fuerat,
1569 4817 1790 4875 Judaeos
1828 4820 2028 4875 asserit
2069 4836 2203 4875 neo-
2248 4816 2633 4890 \npoﬂcmov,
2668 4817 2846 4886 inquit
2867 4815 3228 4888 Epiphanius,
3259 4816 3355 4870 καὶ
3373 4813 3582 4884 ἔφαγον
3612 4810 3673 4867 τὸ
3696 4805 3856 4873 Ιιάσια

613 4905 852 4962 meniam
884 4922 1044 4963 nona
1077 4907 1227 4963 coitu
1259 4908 1634 4976 luminarium,
1673 4911 1768 4967 sed
1802 4927 1833 4966 a
1868 4913 2206 4968 corniculuta

612 4997 791 5068 elligie
817 4999 1077 5070 coepisse,
1125 5001 1233 5057 hoc
1254 5009 1340 5058 est
1362 5003 1522 5058 tertio
1553 5002 1644 5059 die
1668 5012 1801 5081 post
1820 5004 2163 5059 novilunium
2187 5021 2200 5035 -

612 5088 764 5161 quod
796 5106 850 5145 ιιι
880 5091 971 5147 die
1001 5091 1182 5148 Martii
1215 5094 1362 5150 circa
1395 5094 1530 5151 solis
1554 5109 1812 5151 occasum
1843 5098 2201 5154 commissum

611 5192 719 5239 est.
776 5182 933 5238 Unde
986 5185 1166 5243 civilis
1217 5202 1409 5243 eorum
1460 5186 1746 5245 neomenia
1796 5188 1906 5243 ἀπὸ
1957 5190 2057 5263 τῆς
2096 5191 2204 5260 φά-

612 5289 755 5338 σεως
788 5273 915 5333 iniit
946 5273 1120 5330 Martii
1158 5292 1256 5332 xu.
1291 5278 1460 5349 Igitur
1497 5279 1710 5355 decima
1750 5280 1942 5352 quinta
1974 5282 2206 5337 incurrit

611 5368 666 5424 in
694 5383 823 5423 xxvr
847 5364 1048 5423 Martii.
1076 5367 1203 5425 Haec
1233 5368 1521 5428 Onufrius.
1558 5370 1692 5439 Quae
1716 5389 1843 5430 cum
1873 5390 1939 5430 ex
1972 5373 2202 5432 Judaica
2263 5426 2269 5432 .

610 5458 862 5515 doctrina
887 5457 1142 5515 hausisse
1182 5474 1242 5515 se
1270 5460 1611 5531 proﬁteatur,
1645 5463 1880 5519 multum
1911 5472 2096 5520 tamen
2131 5464 2203 5519 ab

610 5566 673 5608 ea
696 5549 1034 5622 discrepant.
1058 5550 1247 5624 Neque
1279 5554 1427 5608 enim
1469 5558 1759 5612 ncomeuia
1795 5573 1922 5613 cum
1951 5558 2062 5611 ἀπὸ
2097 5558 2201 5630 τῆς

608 5644 828 5712 φάσεως
861 5647 1307 5713 constitueretur,
1331 5648 1509 5704 triduo
1534 5650 1606 5705 ab
1626 5665 1754 5706 vero
1784 5652 1929 5707 coitu
1956 5668 2198 5724 unquam

611 5734 808 5799 abluit,
841 5737 937 5791 sed
982 5754 1094 5794 uno
1117 5738 1182 5794 ad
1239 5753 1511 5796 summam
1548 5742 1638 5799 die
1664 5751 1788 5813 post
1841 5744 1993 5800 illum
2021 5745 2201 5801 civilis

611 5826 900 5883 neomenia
925 5828 1238 5886 denuntiari
1289 5833 1519 5897 solebat,
1551 5843 1612 5889 ut
1660 5850 1725 5890 ex
1760 5835 1825 5890 ll.
1862 5836 2014 5894 Mose
2064 5853 2202 5895 con-

614 5923 740 5976 aut.
778 5916 985 5990 Deque
1016 5921 1138 5979 vide
1169 5921 1423 5982 Glossam
1454 5941 1578 5999 cap.
1618 5928 1643 5982 l
1703 5927 1998 5986 Kiddusch.
2032 5930 2198 6003 Atqui

2307 4910 2476 4964 biduo
2504 4918 2630 4964 ante
2655 4908 2958 4980 legitimum
2984 4916 3220 4976 tempus,
3251 4905 3399 4977 quod
3412 4913 3540 4960 erat
3558 4917 3651 4958 xlv
3674 4890 3855 4953 Νἱειιιί

2308 5001 2509 5057 cadens
2538 5001 2593 5056 in
2618 5016 2702 5056 xu
2733 4998 2852 5055 Kal.
2875 4998 3045 5066 Quasi
3068 5000 3181 5054 haec
3202 4998 3390 5064 verba,
3410 4993 3733 5069 προέλαϐον,
3753 4996 3854 5045 etc-.

2306 5106 2416 5147 non
2466 5091 2535 5148 de
2572 5090 2778 5147 Iudaeis
2818 5090 3076 5146 omnibus
3119 5086 3438 5159 accipienda
3480 5085 3632 5150 sint,
3680 5079 3767 5139 sed
3806 5076 3855 5129 de

2304 5184 2524 5241 Christo
2551 5194 2608 5241 et
2633 5184 2920 5256 apostolis,
2953 5198 3019 5240 ac
3049 5183 3094 5238 si
3142 5182 3235 5252 qui
3264 5190 3393 5237 sunt
3422 5179 3542 5245 alii,
3583 5175 3680 5247 qui
3716 5167 3853 5240 ωιὶο-

2260 5320 2267 5325 .
2306 5291 2427 5331 rum
2463 5278 2605 5331 ritus
2630 5276 3064 5332 observaverint.
3099 5271 3235 5328 Nam
3264 5270 3409 5343 quod
3440 5269 3507 5333 ad
3555 5265 3767 5322 Iudaeus
3791 5271 3854 5312 re-

2305 5368 2490 5440 liquos
2515 5369 2731 5437 attinet,
2759 5366 2971 5423 Pascha
3001 5380 3162 5421 suum
3192 5365 3247 5419 in
3276 5371 3556 5433 posterum
3584 5359 3744 5417 diem,
3774 5351 3852 5404 hoc

2304 5472 2387 5519 est
2411 5479 2508 5518 xm
2536 5461 2808 5533 Kal.,quo
2847 5476 3046 5531 passus
3074 5467 3157 5517 est
3185 5457 3462 5519 Christus,
3489 5454 3618 5509 καθ’
3649 5445 3855 5519 ὑπέρϐι-

2306 5574 2390 5611 σιν
2431 5558 2790 5628 trajecerunt.
2838 5556 2994 5613 Unde
3026 5571 3134 5611 non
3165 5554 3354 5620 biduo,
3403 5561 3462 5607 ut
3499 5549 3619 5614 alii,
3646 5543 3740 5601 sed
3766 5548 3853 5593 uno

2305 5660 2521 5707 tantum
2548 5651 2638 5707 die
2664 5649 2946 5708 Nicaeuam
2990 5665 3081 5706 xlv
3123 5647 3582 5717 anticipaverum,
3621 5638 3743 5711 quia
3773 5629 3855 5685 Ju-

2301 5742 2462 5799 daiea
2493 5742 2690 5798 vitiosa
2733 5758 2823 5806 xv,
2872 5738 3090 5795 Niceena
3138 5752 3237 5792 xm
3287 5735 3656 5792 celebrarunt.
3706 5723 3854 5790 Quare

2303 5837 2528 5909 scripsit
2574 5834 2937 5907 Epiphanius,
2999 5828 3455 5903 ὑπερϐεϐηκότων
3509 5823 3696 5880 αὐτῶν
3750 5814 3855 5886 μίαν

2304 5928 2539 6003 ἡμέραν·
2572 5928 2719 6000 quod
2749 5938 2804 5985 et
2842 5927 3045 5998 reperit
3076 5939 3228 5983 nutu.
3260 5923 3350 5979 27.
3392 5922 3593 5979 Verum
3627 5911 3764 5990 quod
3787 5920 3851 5964 se.
