4064 6432
332 376 442 434 ειει

1266 379 1356 436 DE
1393 382 1583 440 ANNO
1621 383 1710 439 ΕΤ
1749 384 1864 440 DIE
1921 382 2274 442 DOMlNiCIE
2313 382 2692 441 PASSIONIS.

3514 376 3618 436 982

335 493 565 563 quitur,
599 493 735 552 feria
768 497 925 552 tertia
959 470 1178 554 Pascha
1193 503 1516 571 comedisse,
1544 506 1689 575 quod
1722 506 1858 563 feria
1889 523 1922 561 v
1951 518 1999 574 Λ
2027 507 2135 562 hoc
2165 518 2351 563 tamen
2383 506 2697 577 signiﬁcare
2747 503 2980 568 videtur,
3028 500 3250 557 Judaios
3302 497 3620 561 nonnullos,

338 584 550 642 factum
574 589 837 658 oportuit,
869 588 925 643 in
955 604 1121 659 quam
1157 608 1245 646 xiv
1277 594 1406 649 luna
1446 595 1715 667 (Judaica,
1754 608 1811 654 et
1847 600 1929 655 vi-

337 676 509 747 tiosa)
536 689 889 742 convenerat.
924 697 1122 752 parum
1157 685 1258 740 sibi
1293 697 1550 745 constare
1587 700 1772 746 censet
1801 690 1928 760 Epi-

338 768 649 837 phanium;
683 772 777 842 qui
809 772 1032 843 quidem
1064 775 1199 832 feria
1228 779 1383 833 tertia
1415 779 1691 836 Christum
1720 781 1926 839 Pascha

339 857 624 929 peregisse
645 862 791 927 velit,
816 878 939 918 cum
964 865 1093 921 luna
1115 866 1169 918 in
1194 882 1283 920 χιν
1304 870 1637 936 praestiterit.
1666 869 1763 927 Est
1780 872 1925 927 enim

339 957 537 1003 contra
568 946 848 1021 Evangelii
881 952 1063 1019 fidem,
1111 953 1390 1011 Christum
1431 957 1566 1014 feria
1613 975 1673 1015 ιιι
1721 959 1926 1017 Pascha

340 1039 672 1120 celebrasse.
719 1041 1011 1115 Propterea
1056 1047 1129 1101 ita
1171 1050 1560 1120 corrigendum
1596 1053 1877 1108 existimat
1912 1072 1925 1108 :

341 1129 624 1187 Christum
655 1134 707 1189 id
737 1136 913 1206 egisse
937 1138 1069 1194 feria
1096 1156 1148 1207 ν,
1182 1143 1325 1211 quod
1354 1145 1657 1212 oportuerit
1692 1161 1788 1200 vn.
1815 1147 1929 1217 Ego

339 1238 479 1278 vero
511 1240 636 1281 cum
678 1228 922 1283 nondum
962 1233 1274 1301 suspicarer
1309 1233 1673 1305 Epiphanium
1703 1238 1811 1294 alio
1845 1241 1929 1295 die

340 1311 626 1371 Christum
658 1317 819 1383 velle,
848 1335 1013 1389 quam
1048 1322 1183 1377 feria
1217 1339 1251 1378 v
1280 1321 1488 1381 Pascha
1510 1343 1672 1382 suum
1700 1328 1926 1396 obiisse,

340 1406 468 1462 haec
503 1424 625 1478 qua:
649 1409 718 1466 de
746 1425 832 1478 ιιι,
862 1425 915 1466 tv
950 1414 1274 1485 caeterisque
1311 1415 1466 1473 feriis
1501 1419 1696 1487 injicit,
1729 1421 1927 1475 simili-

343 1498 557 1555 tudinis
582 1517 749 1558 causa
776 1514 1035 1573 usurpata
1066 1507 1429 1564 credideram.
1471 1508 1608 1567 Nam
1639 1514 1768 1583 quia
1797 1514 1927 1568 luna

340 1589 573 1650 Judaica
605 1609 715 1660 xiv,
746 1592 965 1651 Nictena
994 1612 1124 1652 vero
1153 1614 1231 1653 xtt
1269 1601 1658 1668 celebraverat,
1707 1613 1767 1659 ut
1805 1620 1926 1659 eam

341 1682 486 1754 cycli
532 1686 852 1754 pravitatem
883 1688 1058 1743 oculis
1085 1689 1401 1759 subjiceret,
1441 1691 1591 1748 hunc
1617 1694 1670 1747 in
1707 1696 1927 1751 modum

343 1774 631 1831 declarare
669 1777 946 1835 voluisse:
973 1780 1196 1849 perinde
1230 1781 1377 1838 istud
1415 1798 1559 1849 esse,
1595 1799 1659 1839 ac
1685 1786 1732 1841 si
1760 1786 1930 1858 tinga-

344 1881 477 1922 mus
511 1865 802 1924 Judaicum
838 1871 1053 1941 cyclum
1083 1873 1198 1928 vitii
1229 1874 1366 1929 nihil
1397 1874 1677 1943 habuisse,
1714 1892 1934 1934 revera-
1967 1870 2009 1926 Β
2039 1881 2142 1936 hoc
2190 1879 2356 1936 modo
2404 1877 2788 1935 constituenda
2830 1894 2844 1929 :

343 1972 461 2026 que
480 1956 663 2013 lunam
694 1975 786 2015 xtv
822 1959 1100 2018 Nicaenam
1129 1963 1184 2018 in
1214 1963 1395 2019 Martii
1430 1981 1525 2022 xix
1559 1967 1841 2034 incidisse,
1867 1984 1933 2025 ac

345 2057 469 2102 tum
496 2050 795 2119 cogitemus
825 2051 1105 2109 Christum
1135 2054 1304 2111 biduo
1330 2056 1477 2111 illam
1505 2066 1932 2116 antevertentem

345 2152 445 2191 xvi
468 2135 589 2193 Kal.
621 2139 739 2195 sive
752 2138 932 2196 Martii
962 2158 1076 2199 xvu
1108 2143 1314 2202 Pascha
1335 2145 1660 2213 comedisse,
1686 2147 1821 2203 feria
1846 2165 1931 2215 ιιι,

342 2228 501 2298 quod
531 2227 665 2284 feria
692 2245 743 2295 v,
780 2230 886 2287 hoc
913 2242 998 2288 est
1023 2233 1203 2289 Martii
1235 2250 1348 2299 xix,
1379 2234 1493 2289 fieri
1522 2237 1769 2294 decebat.
1799 2236 1932 2292 Tam

343 2332 483 2387 ergo
508 2317 704 2374 vitiose
727 2320 916 2389 cyclus
938 2322 1029 2376 ille
1057 2320 1321 2378 Judaicus
1352 2323 1719 2380 decimonono
1754 2324 1935 2383 Martii

345 2406 537 2461 lunam
577 2424 668 2465 ιιιν
700 2410 952 2466 exhibuit
980 2430 995 2468 :
1024 2422 1248 2484 tamque
1271 2414 1554 2470 abnormis
1582 2432 1612 2470 a
1642 2431 1771 2472 vero
1792 2418 1937 2473 luna:

344 2499 644 2555 ratiocinio
686 2500 788 2557 fuit
829 2504 920 2559 illa
949 2520 981 2559 v
1014 2504 1148 2560 feria
1194 2504 1372 2561 Martii
1417 2522 1531 2571 xix,
1579 2523 1745 2577 quam
1778 2511 1935 2565 tertia

342 2607 479 2647 cum
506 2594 698 2661 quinta
720 2603 1071 2665 comparata;
1105 2596 1153 2652 si
1183 2596 1299 2652 haec
1324 2597 1440 2667 ipsa
1469 2597 1690 2654 Nicaena
1721 2599 1933 2657 fuisset.

342 2684 599 2754 Denique
638 2693 751 2741 tota
795 2688 908 2743 haec
949 2688 1238 2758 Epipbauii
1272 2689 1575 2759 disputatio
1613 2690 1934 2765 ὑποθετικὴ,

341 2782 407 2830 et
435 2774 594 2844 λόγου
626 2777 787 2849 χάριν
826 2790 1106 2850 assumpta
1153 2780 1286 2836 mihi
1322 2781 1630 2836 videbatur.
1665 2781 1809 2838 Sane
1840 2800 1939 2839 ne-

343 2866 469 2934 gari
503 2881 609 2919 non
645 2876 845 2935 potest,
879 2883 1048 2938 quam
1096 2869 1143 2923 si
1172 2867 1309 2924 feria
1355 2886 1385 2924 v
1426 2871 1735 2927 celebrasse
1778 2873 1938 2928 Chri-

345 2966 499 3010 stum
534 2955 955 3024 existimaverit,
990 2959 1346 3029 probabiliter
1376 2960 1484 3017 ista
1509 2961 1782 3018 dicantur.

429 3067 628 3123 Verum
672 3070 803 3125 dum
836 3071 963 3140 haec
1004 3075 1270 3130 attentius
1308 3083 1650 3144 perscrutor,
1695 3076 1938 3146 comperi

344 3161 521 3215 aliam
542 3163 876 3219 sanctissimi
909 3164 1089 3221 Patris
1108 3166 1422 3237 Opinionem
1449 3166 1641 3232 fuisse,
1671 3176 1726 3222 et
1741 3167 1933 3223 falsam

346 3253 503 3307 illam
537 3254 780 3323 quidem,
823 3257 918 3311 sed
950 3256 1021 3311 ab
1048 3273 1117 3312 eo
1147 3268 1330 3313 tamen
1374 3259 1669 3337 aliquoties
1696 3259 1939 3314 inculca-

347 3353 467 3397 tam
492 3359 508 3397 :
545 3345 806 3400 nimirum
837 3344 1058 3402 Judaeos
1091 3347 1382 3419 plerosque
1412 3364 1539 3405 cum
1575 3348 1798 3408 Christo
1829 3349 1936 3404 Pa-

347 3434 492 3488 scha
517 3450 678 3489 suum
706 3437 915 3493 obiisse
943 3452 1052 3493 non
1084 3438 1221 3494 feria
1251 3455 1304 3504 v,
1332 3440 1447 3495 sive
1471 3439 1644 3509 pridie
1662 3440 1783 3509 ejus
1805 3441 1935 3508 dici,

346 3541 468 3596 quo
500 3541 696 3595 passus
718 3537 823 3593 est,
865 3528 961 3583 sed
1000 3527 1136 3583 feria
1166 3529 1346 3585 tertia.
1375 3528 1533 3596 Quod
1557 3528 1738 3599 ipsum
1759 3530 1937 3585 diser-

348 3617 584 3672 tissimis
608 3618 792 3673 verbis
820 3619 983 3674 docet
1010 3620 1064 3673 in
1090 3620 1241 3675 calce
1272 3619 1501 3674 Panarii
1532 3619 1721 3690 hujus,
1747 3619 1800 3674 in
1833 3620 1940 3673 Ex-

349 3709 629 3781 positione
682 3710 828 3776 tidei,
854 3727 1010 3768 num.
1052 3712 1143 3775 22,
1194 3713 1287 3767 ubi
1316 3713 1393 3768 de
1438 3711 1695 3768 Ecclesia:
1742 3713 1940 3768 ritibus

349 3816 526 3871 agens
546 3801 798 3857 meminit
818 3803 960 3857 inter
980 3810 1178 3858 caatera
1205 3804 1400 3875 jejunii
1425 3812 1657 3875 quartae,
1687 3819 1752 3859 ac
1775 3816 1941 3859 sexta:

352 3891 531 3960 feriae,
567 3894 727 3964 cujus
770 3894 1003 3950 instituti
1048 3910 1275 3951 causam
1320 3898 1543 3968 aperit:
1611 3896 1943 3969 Ἐπειδήπερ

350 3984 749 4057 ἐπιφωσκούσῃ
795 3985 1013 4058 τετράδι
1054 3987 1364 4061 συνελήφθη
1408 3989 1438 4042 ὁ
1482 3987 1708 4060 Κύριος,
1738 3989 1836 4042 καὶ
1863 3987 1944 4059 τῷ

353 4074 728 4146 πῳσαὸϐάτῳ
782 4075 1127 4148 ισταυρὼθη.
1182 4078 1449 4144 Quoniam
1497 4080 1709 4134 ineunte
1747 4087 1946 4149 quarta

352 4169 500 4240 [eriu
530 4169 933 4238 comprehensus
980 4181 1058 4224 est
1109 4170 1389 4236 Dominus,
1422 4183 1474 4227 et
1512 4173 1650 4242 feria
1698 4189 1730 4228 v
1770 4175 1946 4228 cruci-

354 4261 525 4325 ﬁxus.
562 4261 682 4327 Quo
713 4263 892 4330 posito
927 4278 1273 4333 consequens
1308 4274 1412 4328 est,
1446 4264 1727 4321 Christum
1755 4281 1820 4321 ea
1847 4281 1947 4321 no-

353 4363 471 4417 rte,
501 4368 623 4423 qua:
649 4353 838 4410 feriam
877 4371 937 4410 ιιι
968 4355 1239 4426 sequitur,
1270 4367 1324 4411 et
1352 4355 1581 4412 Iudaico
1606 4357 1755 4413 feria:
1778 4374 1828 4413 tv
1852 4358 1947 4413 tri-

355 4446 570 4512 buitur,
607 4460 825 4516 captum
858 4463 1001 4515 esse,
1034 4463 1160 4503 eum
1201 4448 1365 4518 paulo
1404 4458 1530 4505 ante
1561 4448 1771 4505 Pascha
1806 4451 1947 4505 cele-

2032 599 2285 656 videlieet
2313 599 2644 659 Pharisaaos.
2703 611 2767 652 ac
2814 594 3056 660 Scribas,
3090 606 3441 649 communem
3475 591 3620 645 hunc

2030 705 2274 747 errorem
2322 692 2617 747 emendare
2661 685 3185 759 cupientesJ‘ascha
3229 699 3393 740 suum
3444 683 3500 737 in
3551 697 3618 735 xx

2030 782 2211 838 Martii
2241 783 2385 839 diem
2415 782 2720 846 distulisse,
2766 793 2876 850 quo
2927 793 3125 850 passus
3176 786 3262 832 est
3314 775 3614 830 Christus:

2030 889 2144 946 quo
2176 875 2440 930 nimirum
2471 872 2700 945 prepius
2739 870 2807 925 ad
2846 867 3233 940 aequinoctium
3272 867 3617 931 accederent,

2029 969 2115 1024 vel
2145 968 2310 1025 etiam
2340 968 2563 1024 caeleste
2592 964 2892 1037 plrniluniu
2904 979 2981 1018 ιιι.
3010 960 3147 1015 Nam
3179 962 3284 1015 hoc
3311 960 3477 1015 verba
3500 959 3616 1030 ipsa

2030 1060 2196 1116 tacite
2238 1060 2623 1115 demonstrant
2653 1078 2667 1113 :
2702 1058 2811 1112 Καὶ
2857 1054 3118 1126 ἰσημερία
3150 1053 3256 1124 πρὸ
3280 1052 3473 1107 ἕνδεκα
3502 1053 3621 1107 Κα-

2029 1150 2236 1204 λανδῶν
2283 1150 2628 1223 Ἀπριλλίων,
2675 1149 2742 1203 δι’
2782 1147 2852 1220 ἢν
2905 1143 3271 1217 πλανηθέντες
3315 1141 3619 1215 ὺπέρὸατον

2035 1242 2164 1313 μίαν
2198 1241 2410 1314 ἡμέραν
2451 1241 2739 1314 ἐποίησαν.
2787 1238 2929 1308 Ergo
2960 1236 3049 1290 διὰ
3088 1234 3188 1307 τὴν
3229 1234 3537 1307 ἰσημερίαν,
3566 1243 3621 1288 et

2030 1330 2266 1387 fortasse
2299 1340 2517 1402 propter
2540 1329 2944 1424 lunamgetiam,
2976 1343 3045 1383 ne
3067 1335 3353 1394 tantopere
3377 1325 3445 1379 ab
3470 1335 3621 1378 utro-

2030 1440 2137 1495 que
2169 1426 2502 1488 recederent,
2531 1424 2674 1478 dietn
2728 1417 3077 1477 ililfuderant.
3108 1417 3329 1474 Poterat
3356 1417 3501 1471 enim
3539 1417 3621 1471 rel

2031 1515 2149 1585 ipse
2197 1515 2394 1571 sideris
2452 1525 2705 1584 aspectus
2752 1513 2872 1567 vitii
2925 1512 3049 1566 illos
3096 1510 3422 1573 admonere;
3473 1507 3620 1577 quod

2032 1608 2224 1663 saltem
2262 1607 2618 1663 minuendum
2650 1622 2772 1662 esse
2802 1606 3187 1660 decreverunt.
3554 1596 3562 1601 ’

2102 1699 2241 1754 Cum
2287 1700 2404 1755 haec
2435 1697 2777 1768 Epiphanius
2823 1694 3112 1750 manifeste
3155 1692 3378 1757 sentiat,
3424 1698 3618 1745 czctera

2032 1805 2157 1861 quis
2195 1791 2264 1846 ab
2306 1805 2374 1846 eo
2412 1791 2669 1845 dicuntur
2713 1788 2902 1843 eodem
2950 1784 3233 1855 dirigenda
3275 1793 3425 1848 sunt,
3457 1793 3621 1850 atque

2896 1874 3153 1930 Christus
3199 1872 3371 1942 legale
3408 1871 3619 1928 Pascha

2038 1973 2327 2029 celebravit
2359 1987 2485 2027 cum
2510 1971 2794 2041 plerisque
2819 1966 3026 2023 iudicis
3053 1982 3143 2020 xvi
3182 1964 3302 2018 Kal.
3329 1963 3618 2033 Apr.,feria

2040 2082 2124 2126 ιιι.
2154 2067 2285 2121 luna
2316 2062 2548 2119 Judaica
2587 2063 2783 2117 vitiosa
2825 2075 2929 2125 xu,
2953 2075 3078 2116 cum
3122 2056 3255 2112 feria
3290 2072 3322 2106 v
3357 2056 3485 2110 luna
3531 2071 3619 2108 xiv

2037 2157 2232 2212 vitiosa
2270 2156 2456 2227 perlici
2487 2153 2759 2210 debuerit.
2789 2152 2966 2207 Biduo
3013 2151 3179 2222 igitur
3212 2149 3523 2205 antevertit.
3553 2150 3621 2201 At

2037 2245 2327 2312 Pharisaei,
2354 2243 2643 2315 Judaeique
2668 2242 2761 2298 alii
2795 2242 2923 2297 luna
2959 2240 3185 2296 Iudaica
3214 2254 3283 2293 xv
3315 2236 3492 2293 Martii
3527 2253 3618 2297 xx,

2036 2354 2148 2410 quo
2186 2337 2274 2393 die
2315 2352 2511 2408 passus
2547 2346 2634 2392 est
2675 2333 2949 2399 Christus,
2992 2331 3114 2386 καθ’
3166 2329 3471 2399 ὑπέρϐασιν
3513 2328 3617 2383 dici

2038 2433 2204 2486 unius
2234 2446 2264 2485 a
2290 2430 2418 2485 luna
2450 2444 2539 2483 XIV
2571 2428 2638 2483 ad
2669 2444 2757 2482 xv.
2797 2425 2875 2480 Ex
2907 2425 2977 2480 iis
3006 2422 3175 2478 falsos
3194 2436 3292 2477 eos
3323 2434 3446 2476 esse
3485 2434 3618 2473 con-

2038 2531 2173 2589 stat,
2220 2521 2316 2592 qui
2357 2519 2668 2591 Epiphanio
2714 2517 3031 2574 Crazeorum
3073 2514 3401 2571 sententiam
3449 2512 3621 2567 ascri-

2040 2613 2210 2679 bunt;
2249 2612 2399 2682 quod
2435 2610 2691 2665 Christus
2732 2607 2941 2663 Pascha
2987 2608 3114 2660 luna
3165 2619 3264 2659 xui
3308 2603 3620 2661 celebrarit.

2039 2715 2168 2762 ante
2191 2703 2433 2770 Judaeos,
2471 2703 2567 2774 qui
2600 2702 2652 2756 id
2677 2700 2938 2772 postridie
2962 2698 3289 2770 peregerint.
3322 2693 3441 2750 Non
3473 2695 3619 2748 enim

2039 2810 2137 2850 xm
2161 2795 2315 2860 luna,
2346 2793 2443 2848 sed
2469 2790 2856 2848 xanhristum
2891 2789 2944 2844 id
2973 2791 3151 2858 egisse
3185 2792 3397 2848 censet,
3422 2794 3618 2853 quate—

2043 2902 2146 2944 nus
2176 2886 2308 2942 feria
2337 2901 2400 2940 ιιι
2433 2884 2732 2953 contigisse
2758 2890 2931 2952 putat.
2964 2877 3122 2946 Quod
3153 2876 3199 2933 si
3227 2893 3294 2932 ex
3319 2875 3620 2933 communi.

2039 2978 2459 3047 certissimaque
2488 2974 2759 3031 sententia
2785 2971 2919 3028 feria
2948 2986 2981 3025 v
3013 2970 3322 3026 celebrasse
3341 2966 3622 3021 Christum

2041 3068 2342 3122 arbitratus
2378 3074 2546 3129 esset,
2585 3078 2694 3118 non
2741 3063 2847 3117 alia
2892 3061 3044 3125 luna,
3088 3074 3253 3129 quam
3284 3071 3408 3126 quae
3443 3070 3510 3109 cx
3543 3055 3623 3106 vi-

2041 3158 2184 3212 tioso
2222 3156 2376 3227 cyclo
2417 3170 2511 3209 xtv
2561 3152 2723 3217 foret,
2763 3151 2968 3207 factum
3022 3156 3310 3204 assereret.
3362 3145 3515 3200 Unde
3555 3159 3619 3197 ex

2038 3244 2376 3315 castigatiori
2398 3243 2687 3314 Epiphanii
2706 3240 2918 3312 judicio
2939 3238 3309 3294 definiendum
3332 3244 3436 3297 est,
3462 3233 3623 3289 Chri-

2040 3348 2183 3392 stum
2217 3335 2352 3392 feria
2381 3351 2434 3400 v,
2467 3335 2598 3390 luna
2628 3350 2719 3388 xw
2745 3346 2872 3388 cum
2897 3328 3179 3385 nonnullis
3202 3326 3431 3389 Judaeis,
3463 3334 3622 3378 crete-

2038 3445 2133 3485 ros
2170 3444 2299 3485 vero
2329 3444 2454 3485 cum
2479 3425 2792 3488 Pharisaeis,
2819 3422 2951 3477 feria
2971 3438 3023 3476 Vl
3058 3420 3269 3475 Pascha
3293 3418 3619 3473 comedisse.

2039 3523 2155 3588 Qua
2198 3537 2264 3576 ex
2315 3518 2605 3590 Epiphanii
2644 3517 2905 3587 Opinione
2947 3516 3056 3568 duo
3098 3513 3451 3582 colliguntur,
3501 3526 3623 3580 qua:

2039 3627 2164 3667 cum
2194 3611 2260 3666 de
2294 3609 2575 3664 Passionis
2614 3621 2759 3661 anno
2798 3602 3081 3674 qumritur,
3125 3600 3393 3656 acerrime
3436 3599 3623 3669 dispu-

2041 3702 2143 3756 tari
2185 3700 2363 3756 solent
2397 3716 2411 3752 :
2445 3698 2679 3752 alterum
2723 3694 3042 3749 Iudaeorum
3076 3691 3355 3762 principes
3388 3706 3497 3743 non
3531 3705 3624 3743 eo-

2040 3793 2163 3848 dem
2190 3806 2317 3847 cum
2343 3790 2564 3845 Christo
2584 3788 2673 3843 die
2695 3786 2932 3857 legitimo
2950 3784 3074 3855 agni
3094 3784 3255 3853 epulo
3277 3781 3623 3854 perfunctos;

2042 3885 2275 3938 alterum
2303 3896 2429 3936 eum
2461 3881 2583 3935 sine
2620 3877 3049 3933 commutatione
3091 3874 3272 3942 aliqua
3316 3883 3622 3941 temporum

2045 3990 2108 4031 ac
2148 3973 2411 4028 fe5torum
2456 3971 2507 4025 id
2558 3968 2809 4025 accidere
2851 3983 2962 4021 non
3005 3965 3265 4036 potuerit,
3312 3964 3623 4019 translatio-

2044 4082 2167 4122 nem
2216 4065 2453 4133 aliquam
2497 4062 2606 4117 illis
2636 4059 2973 4130 temporibus
3014 4057 3312 4112 exstitisse.
3340 4055 3521 4120 Quaie
3559 4054 3627 4107 ad

2048 4158 2189 4211 hanc
2209 4152 2498 4224 Epiphanii
2526 4151 2953 4220 disputationem
2985 4149 3368 4203 illustrandum
3403 4146 3625 4201 totidem

2048 4246 2154 4300 illa:
2180 4243 2510 4314 quaestiones
2540 4240 2727 4310 paucis
2752 4239 2857 4295 hoc
2895 4239 3016 4292 loco
3044 4237 3409 4306 disceptandas
3439 4244 3590 4290 sunt.

2053 4356 2242 4412 Utrum
2265 4353 2442 4409 Judwi
2464 4352 2816 4407 translatione
2848 4351 3107 4420 festorum
3130 4348 3258 4403 olim
3293 4349 3375 4401 usi
3403 4348 3623 4417 fuerint.

2117 4446 2175 4500 la
2203 4444 2491 4499 recentiori
2512 4441 2827 4497 Iudaeorum
2858 4448 3120 4508 computo
3161 4438 3541 4508 scrupulosus,
3571 4449 3624 4491 et

358 4540 598 4596 brasset.
634 4540 895 4596 Audierat
924 4541 1128 4611 itaque,
1159 4550 1216 4596 et
1249 4557 1282 4596 a
1317 4542 1620 4612 majoribus
1660 4555 1942 4614 acceperat
1980 4560 2018 4614 υ
2049 4538 2247 4591 anxius
2279 4534 2503 4605 quidam
2546 4542 2629 4587 cst
2668 4532 2880 4587 dierum
2918 4531 3164 4585 delectus
3193 4529 3261 4583 ad
3309 4529 3627 4583 neomenias

357 4630 725 4701 Epiphanius,
777 4633 917 4687 duas
962 4632 1083 4687 illas
1133 4631 1301 4689 ferias
1340 4631 1637 4689 Dominica:
1688 4633 1942 4690 Passieni

356 4725 669 4782 recolendae
691 4728 1025 4796 praestitutas
1046 4724 1241 4791 fuisse,
1263 4741 1325 4781 ac
1341 4726 1553 4797 jejunio
1573 4737 1943 4783 consecratas.

354 4818 503 4874 Cum
548 4828 729 4873 autem
777 4828 928 4873 certe
953 4827 1256 4884 constaret,
1306 4818 1442 4875 feria
1474 4835 1528 4874 vt
1560 4820 1615 4874 in
1645 4835 1808 4876 cruce
1835 4821 1949 4876 suf-

357 4910 537 4965 ﬁxum
566 4925 709 4978 esse,
734 4910 883 4965 nulla
916 4911 1189 4980 passionis
1217 4910 1338 4982 ejus
1362 4919 1568 4968 restare
1595 4911 1712 4967 visa
1736 4921 1821 4968 est
1843 4913 1949 4968 alia

360 5011 516 5070 pars,
547 5014 713 5069 quam
748 4999 1190 5069 comprehensio,
1218 5009 1274 5056 et
1307 5001 1567 5071 alligatio.
1606 5001 1839 5056 Proinde
1869 5000 1950 5058 fc-

360 5088 453 5143 ria
482 5103 535 5141 tv
571 5096 860 5158 appetente
891 5097 1050 5158 captu
1065 5105 1109 5142 'n
1152 5098 1319 5160 atque
1347 5089 1588 5145 vinctum
1618 5104 1741 5146 esse
1773 5088 1953 5145 Domi-

361 5192 505 5234 num
533 5178 785 5234 credidit.
818 5177 1006 5248 Neque
1048 5193 1179 5234 vero
1215 5179 1325 5233 alio
1358 5187 1622 5249 tempore,
1646 5195 1812 5248 quam
1840 5196 1951 5250 quo

357 5268 543 5327 Judaei
569 5270 835 5340 plerique,
864 5269 1142 5326 celebrare
1171 5272 1362 5327 voluit.
1391 5271 1558 5342 Igitur
1586 5272 1752 5327 etiam
1774 5270 1952 5327 Judati

361 5360 507 5417 feria
557 5362 716 5417 tertia
774 5372 1122 5433 peregerunt.
1180 5361 1408 5428 Vitiosc,
1440 5363 1565 5432 quis
1597 5363 1793 5434 negat?
1848 5364 1953 5420 Sed

360 5447 519 5520 quod
550 5449 787 5504 maxima
817 5465 945 5519 pars
967 5465 1036 5505 eo
1071 5451 1161 5505 die
1184 5450 1394 5506 Pascha
1424 5451 1754 5518 cometlcrct,
1786 5452 1954 5508 biduo

358 5553 498 5595 cum
532 5538 637 5595 illis
674 5540 1013 5611 anticipavit.
1050 5540 1181 5596 Erat
1201 5542 1350 5596 enim
1399 5541 1530 5597 feria
1563 5558 1590 5593 v
1635 5541 1814 5598 Martii
1863 5562 1952 5600 xix

358 5628 780 5696 celebrandum,
809 5646 937 5686 cum
967 5632 1023 5686 in
1054 5632 1200 5686 hunc
1225 5632 1368 5688 diem
1397 5649 1487 5687 xtv
1513 5631 1737 5688 Judaica
1762 5636 1954 5692 vitiosa

296 5750 309 5756 -
357 5731 744 5779 concurreret.
768 5722 883 5778 Cur
907 5735 1089 5779 autem
1121 5724 1258 5780 adeo
1293 5740 1637 5797 praepropere
1662 5726 1837 5784 Judaei
1864 5732 1954 5785 Isti

362 5812 587 5871 Pascha
638 5814 1005 5885 eomederent,
1058 5818 1515 5873 causamattulit
1571 5820 1797 5875 nullam.
1847 5822 1952 5877 Sed

2050 4627 2312 4699 figendas.
2349 4624 2425 4679 De
2451 4640 2556 4693 quo
2583 4623 2751 4678 multa
2783 4623 2838 4677 in
2864 4620 3247 4676 Thalmudicis
3285 4627 3627 4676 commenta-

2048 4720 2162 4777 riis.
2200 4715 2455 4770 Tractatu
2489 4719 2551 4768 de
2578 4716 2706 4767 anni
2741 4716 2935 4784 capite,
2963 4721 3020 4769 et
3049 4713 3102 4767 in
3127 4721 3275 4766 tome
3320 4711 3497 4782 primo
3528 4710 3628 4766 Jad

2051 4811 2114 4864 ιι.
2141 4807 2310 4869 Mosc,
2343 4805 2523 4861 Tract.
2552 4802 2830 4860 Kiddusch
2857 4802 3184 4859 hakltodeseh
3206 4816 3225 4855 :
3260 4808 3481 4858 necnon
3498 4813 3555 4856 et
3574 4804 3628 4857 in

2049 4908 2198 4959 nam;
2224 4908 2368 4964 -ιῃιτ
2401 4895 2468 4951 Β.
2494 4896 2738 4960 lsachar,
2771 4897 2877 4951 ben
2916 4893 3249 4954 Mordechai.
3292 4894 3527 4963 aliisque
3568 4894 3632 4949 Ii-

2051 4995 2166 5051 bris
2192 5010 2207 5046 :
2244 4993 2298 5047 in
2329 4992 2533 5062 quibus
2564 4990 2791 5045 infinitae
2823 4989 3045 5059 regulae,
3074 5002 3139 5043 ac
3171 4987 3456 5042 cautiones
3492 5002 3631 5057 pra:-

2051 5087 2266 5157 scriptre
2291 5095 2439 5141 sunt.
2476 5082 2719 5138 Duorum
2749 5096 2878 5136 vero
2928 5078 3223 5144 mensium,
3254 5076 3397 5134 Tisri
3435 5093 3501 5133 ae
3535 5076 3632 5132 Ni-

2051 5196 2172 5247 san,
2207 5179 2261 5234 in
2281 5178 2473 5249 primis
2513 5173 2813 5230 ncomenite
2844 5173 2914 5228 ab
2943 5171 3051 5227 illis
3080 5171 3466 5237 observantur,
3493 5186 3630 5239 qua-

2052 5288 2173 5328 rum
2204 5270 2707 5327 lransferendarum
2728 5281 2897 5322 causa
2920 5265 3117 5335 duplex
3141 5265 3342 5320 ibidem
3364 5264 3590 5318 ali'ertur
3614 5281 3628 5317 :

2054 5364 2343 5429 naturalis,
2379 5371 2475 5417 aut
2502 5360 2694 5416 civilis.
2728 5357 2944 5413 Etenim
2979 5371 3108 5412 cum
3134 5372 3300 5426 supra
3331 5354 3495 5407 ferias
3530 5369 3630 5408 ex-

2054 5466 2339 5513 currentes
2368 5452 2615 5508 minutiae
2661 5451 2729 5506 ad
2766 5452 2934 5506 horas
2980 5449 3048 5504 18
3078 5448 3421 5518 perveniunt,
3462 5456 3510 5499 et
3545 5446 3626 5499 ιιι-
3719 5469 3722 5472 ~

2055 5548 2206 5602 naris
2233 5543 2514 5616 ψηφισμός
2562 5543 2845 5598 meridiem
2883 5539 2991 5596 diei
3037 5537 3376 5607 insequentis
3417 5535 3633 5605 attingit

2058 5641 2205 5711 (nam
2254 5636 2427 5693 Judaei
2461 5635 2608 5691 diem
2656 5635 2726 5689 ab
2761 5634 2919 5689 initio
2969 5629 3145 5686 noctis
3187 5629 3565 5698 auspicantur,
3601 5643 3631 5680 a

2056 5745 2167 5801 quo
2201 5730 2268 5784 18
2302 5729 2450 5784 horai
2484 5735 2812 5797 computata:
2841 5724 2947 5778 diei
2984 5722 3161 5778 civilis
3202 5718 3482 5790 sequentis
3515 5734 3627 5772 me~

2060 5823 2252 5879 ridicm
2284 5816 2709 5889 assequuntur);
2737 5826 2850 5871 tum
2881 5816 2933 5868 in
2973 5814 3200 5868 alterum
3232 5810 3423 5865 feriam
3461 5819 3625 5865 natu.
