4064 6404
594 341 699 398 983

1700 350 2049 414 APPENDIX
2089 352 2738 419 DISSEBTATIONUM.
3715 369 3793 430 98l

594 459 730 515 ralis
786 463 1091 520 neomenire
1138 467 1428 524 translatio
1475 469 1591 526 fieri
1628 471 1854 531 dicitur;
1895 477 2001 534 Sed
2047 493 2172 536 cum
2203 487 2250 544 Α
2279 479 2483 554 sephus
2523 482 2794 538 decimam
2840 490 3092 553 quartam
3137 481 3306 540 Nisan
3355 483 3656 542 convenisse
3687 488 3797 544 dicat

594 555 1022 622 opportunitatis
1067 557 1303 636 alicujus
1348 562 1526 632 gratia
1567 563 1686 620 dies
1717 565 2064 637 diti'unditur,
2098 571 2178 626 ei-

592 645 700 701 vile
746 647 850 702 hoc
890 656 1060 704 totum
1099 659 1210 719 est,
1254 661 1309 708 et
1353 654 1422 708 ab
1465 655 1748 711 hominum
1791 660 2070 716 voluntate
2123 671 2178 717 et

592 737 933 795 institutione
965 741 1250 811 dependet.
1284 743 1362 798 Ex
1398 745 1504 801 huc
1537 746 1690 802 fonte
1729 749 1987 804 feriarum
2020 751 2166 822 apud

590 823 808 883 Judazos
847 838 978 884 sunt
1001 840 1128 886 nata
1151 833 1422 899 divortia;
1454 851 1578 890 nam
1606 836 1725 892 alite
1747 839 1984 903 rejiculte
2007 851 2170 906 sunt;

591 921 712 977 alite
760 924 974 992 probae,
1019 939 1083 980 ac
1126 925 1405 996 legitimae.
1451 926 1718 997 Rejicula,
1766 945 1889 999 qua:
1930 914 2062 991 51:9
2104 932 2174 986 ab

591 1012 701 1067 illis
740 1013 962 1080 dicitur,
999 1023 1084 1070 est
1127 1017 1322 1087 triplex
1351 1031 1474 1087 qua:
1518 1018 1572 1072 in
1617 1017 1762 1074 Tisri
1801 1021 2040 1092 τεχνικῷ
2068 1021 2173 1078 hoc

588 1105 856 1161 vocabulo
887 1108 1200 1164 continetur
1222 1115 1347 1168 τ”ικ
1381 1110 1523 1164 Adit.
1558 1109 1747 1181 Itaque
1769 1109 1912 1168 Tisri
1943 1128 2171 1167 neome-

589 1194 680 1250 nia
721 1212 1003 1267 nunquam
1039 1198 1230 1269 incipit
1263 1215 1293 1254 a
1329 1200 1463 1255 feria
1494 1217 1533 1260 ι.
1579 1211 1632 1256 tv
1662 1202 1745 1257 vel
1799 1219 1875 1258 vt.
1909 1201 1966 1257 ln
2000 1202 2169 1259 Nisart

589 1302 721 1342 vero
758 1299 842 1343 est
869 1295 992 1349 1'1:
1031 1289 1187 1344 Badu
1217 1307 1234 1345 :
1267 1292 1644 1364 significatque
1678 1295 2024 1350 neomeniam
2070 1293 2168 1349 Ni-

589 1395 687 1435 san
719 1397 999 1450 nunquam
1035 1383 1089 1437 in
1117 1382 1305 1438 feriam
1352 1386 1549 1442 cadere
1587 1404 1650 1451 tt,
1712 1403 1764 1442 tv
1802 1388 1886 1442 vel
1921 1404 1993 1442 vt.
2023 1387 2171 1443 Beli-

588 1487 713 1564 quae
733 1484 969 1564 quatuor
987 1473 1136 1530 feria:
1161 1485 1366 1564 mytnp
1389 1477 1685 1534 Kebihhotlt
1711 1481 1998 1544 dicuntur;
2021 1481 2168 1552 quod

586 1563 642 1616 in
665 1563 733 1620 iis
763 1563 1023 1637 figantur,
1054 1567 1506 1641 retineantttrque
1539 1574 1858 1628 neomenize.
1879 1573 2168 1646 Nt'gligen-

583 1655 776 1711 darum
816 1673 983 1728 porro
1011 1658 1275 1715 feriarum
1310 1664 1496 1718 cautio
1528 1664 1654 1720 inde
1695 1665 2024 1734 profluxisse
2065 1681 2168 1736 pu-

582 1753 752 1815 tatur,
785 1760 932 1818 quod
957 1748 1069 1805 duo
1095 1747 1362 1814 Sabbata,
1387 1754 1503 1808 sive
1533 1752 1671 1809 festa
1705 1755 1760 1808 itt
1797 1752 1944 1810 Tisri
1969 1756 2164 1825 praecl.

582 1851 689 1907 pue
709 1839 971 1896 continua
989 1856 1109 1896 esse
1141 1843 1369 1908 nollent,
1395 1845 1541 1914 quod
1565 1846 1612 1900 is
1639 1846 1846 1902 mensis
1875 1855 2019 1902 totus
2049 1846 2160 1902 fere
2197 1825 2237 1880 Β

581 1930 1025 1988 solemnitatibus
1053 1943 1391 2006 occupatur:
1427 1952 1552 1992 nam
1583 1939 1628 1992 si
1663 1937 1808 1993 Tisri
1843 1939 1897 1993 in
1930 1937 2158 1993 feriamt

583 2023 810 2087 incidat,
837 2023 1050 2080 decima
1071 2026 1261 2096 quinta
1285 2029 1374 2083 die
1402 2031 1507 2084 erit
1537 2028 1894 2102 Scenopegia‘,
1912 2032 2163 2100 proxime

581 2121 708 2182 post
744 2111 1047 2169 Sabbatum
1074 2131 1090 2181 ;
1119 2118 1166 2172 si
1198 2117 1250 2171 in
1277 2133 1352 2181 tv,
1377 2119 1588 2174 decima
1619 2120 1758 2188 dies,
1799 2137 1922 2192 quae
1960 2119 2160 2176 festum

579 2213 666 2262 est
700 2205 1014 2276 Kippurim,
1044 2209 1100 2263 in
1131 2225 1186 2264 vr
1209 2208 1400 2266 feriam
1439 2213 1680 2269 incurret
1708 2231 1723 2278 ;
1751 2214 1797 2269 si
1835 2214 1890 2268 in
1924 2229 1976 2268 vr
2005 2213 2162 2269 deni-

579 2312 689 2368 que
709 2297 992 2366 ceciderit,
1012 2299 1352 2374 Scenopegia
1377 2320 1430 2358 rt
1452 2304 1584 2360 feria
1605 2307 1852 2376 proxime
1874 2313 2002 2362 ante
2027 2304 2164 2360 Sab-

580 2389 769 2445 hatum
817 2391 1118 2464 continget.
1169 2392 1226 2448 In
1272 2393 1443 2451 Nisan
1483 2397 1588 2452 alia
1641 2412 1810 2454 causa
1851 2406 1955 2462 eat,
1993 2411 2160 2466 quam

577 2481 815 2536 duorum
851 2481 1221 2539 Sabbatorum
1254 2486 1634 2557 continuatio;
1666 2504 1793 2544 nam
1834 2497 1889 2544 et
1911 2503 1976 2543 ea
2008 2487 2162 2542 devi-

579 2574 684 2628 tari
715 2573 888 2630 niltilo
921 2577 1099 2646 magis
1142 2579 1365 2647 poterit,
1397 2587 1456 2634 ut
1481 2593 1606 2636 cum
1656 2581 1946 2636 neomenia
1989 2578 2158 2636 Nisau

576 2666 771 2736 incipit
800 2681 831 2721 a
866 2665 1000 2723 feria
1037 2685 1075 2734 t,
1111 2683 1235 2739 quae
1279 2670 1519 2741 legitima
1554 2682 1672 2736 est;
1712 2673 1926 2728 decima
1959 2679 2157 2742 quarta

575 2757 667 2812 die
701 2756 1000 2813 Sabbatum
1028 2770 1134 2824 est,
1159 2771 1214 2815 et
1243 2763 1494 2830 sequenti
1525 2764 1774 2818 solemne
1799 2763 2155 2834 Azymorum.

575 2849 784 2904 Caetera
831 2865 958 2906 cum
1003 2850 1149 2920 apud
1184 2849 1464 2917 Hebraeos,
1497 2863 1609 2909 tum
1654 2869 1720 2910 ex
1765 2853 1979 2909 Latinis
2015 2852 2159 2923 apud

574 2939 804 2996 Paulum
829 2939 1254 3014 Forosempron.
1294 2945 1392 3000 lib.
1424 2961 1542 3010 vnt,
1569 2961 1686 3016 par.
1721 2962 1782 3010 ιι,
1817 2945 2157 3002 Munstarum

575 3034 630 3088 in
669 3033 922 3098 Kalend.,
960 3050 1173 3091 necnon
1202 3046 1255 3092 et
1307 3035 1508 3108 Scalig.
1537 3054 1575 3093 tt
1601 3048 1656 3093 et
1696 3052 1774 3093 vtt
1825 3038 1900 3092 De
1947 3037 2154 3092 emend.

573 3135 734 3198 temp.
762 3128 866 3198 legi
901 3135 1178 3198 poterunt,
1211 3130 1414 3200 quibus
1441 3135 1634 3186 met-ito
1665 3131 2110 3202 supersedemus.
2187 3163 2230 3218 ο

646 3220 803 3277 Nunc
853 3222 985 3294 illud
1029 3223 1083 3276 in
1129 3222 1572 3293 disquisitionem
1617 3232 1871 3291 vocatur,
1918 3222 2158 3278 fueritne

573 3311 772 3380 priscis
825 3324 1090 3382 usurpata
1142 3313 1480 3382 temporibus
1525 3313 1740 3369 dierum
1785 3329 1850 3369 ac
1893 3313 2156 3369 feriarum

573 3404 666 3459 illa
691 3403 974 3461 distinctio
1000 3423 1016 3459 :
1041 3405 1179 3462 adeo
1217 3415 1279 3460 ut
1317 3421 1429 3476 quo
1472 3420 1618 3462 anno
1649 3419 1846 3476 passus
1880 3415 1965 3462 est
1995 3405 2159 3461 Chri-

573 3507 713 3564 stus,
737 3496 911 3554 Judazi
935 3514 1002 3555 ex
1037 3501 1353 3570 praescripta
1395 3499 1631 3556 formula
1666 3500 1877 3556 Pascha
1909 3509 2156 3556 transtu-

571 3589 760 3645 lerint.
793 3590 1257 3662 Antiquissimum
1294 3592 1442 3647 hunc
1466 3607 1676 3647 morem
1724 3593 1893 3646 fuisse
1937 3600 1992 3646 et
2032 3600 2159 3646 ante

573 3682 986 3738 Seleucidarum
1023 3692 1266 3754 tempora
1298 3693 1598 3754 receptum,
1631 3682 2156 3753 defenditScaliger,

569 3783 626 3829 et
655 3789 754 3830 cur
784 3775 837 3829 id
879 3774 935 3829 in
973 3772 1118 3830 'l‘isri
1160 3776 1466 3845 praesertim
1511 3776 1867 3830 observatum
1901 3776 1993 3840 sit,
2025 3791 2158 3830 cau-

571 3879 689 3920 sam
719 3879 843 3920 esse
889 3873 1062 3934 putat,
1090 3865 1355 3935 quoniam
1388 3881 1531 3938 :egre
1577 3874 1762 3922 coctos
1801 3868 1956 3922 cibos
1984 3867 2155 3922 biduo

570 3971 793 4012 servare
831 3965 1057 4025 possent
1101 3957 1154 4010 in
1199 3957 1311 4012 illis
1342 3957 1682 4028 regionibus,
1722 3973 1846 4028 quae
1888 3966 2157 4012 autumno

570 4047 1000 4105 ferventissimae
1027 4065 1150 4105 esse
1181 4050 1382 4106 solent.
1421 4051 1555 4117 Quae
1583 4051 1725 4106 ratio
1767 4050 1932 4106 tacite
1974 4049 2028 4104 id
2064 4067 2159 4106 su-

569 4137 871 4210 mit,’quod
905 4139 1014 4194 alio
1053 4140 1176 4196 loco
1217 4141 1518 4196 refutatum
1562 4149 1678 4203 est;
1721 4142 1888 4197 nullis
1927 4143 2156 4196 omnino

569 4231 726 4288 festis
751 4232 945 4288 diebtts
971 4233 1178 4289 cibaria
1211 4249 1449 4305 coquere
1480 4233 1686 4291 ludatis
1710 4235 1793 4292 fas
1815 4234 2006 4292 fuisse.
2041 4235 2158 4292 Hoc

569 4337 701 4382 vero
728 4325 796 4382 de
826 4327 960 4382 solis
988 4325 1244 4382 Sabbatis
1271 4339 1388 4392 aut,
1413 4330 1457 4384 si
1482 4328 1646 4394 forte,
1671 4328 1957 4400 Kippurim
1986 4330 2156 4385 etiam

567 4414 656 4470 die
686 4425 1017 4485 praeceptum
1061 4419 1115 4470 in
1157 4417 1274 4488 lege
1311 4418 1481 4475 veteri
1512 4420 2016 4476 demonstravimus
2050 4439 2062 4474 :
2100 4420 2153 4473 in

2283 581 2408 629 cum
2451 587 2540 627 xtv
2570 573 2778 628 mensis
2809 572 3037 628 Juliani.
3069 567 3200 629 Erat
3228 581 3406 631 annus
3437 576 3628 645 primus
3649 589 3698 632 vt
3727 594 3798 649 pe-

2279 663 2419 719 riodi
2458 675 2849 720 contractuum
2882 678 2898 722 ι
2931 663 3076 721 Tisri
3107 675 3162 719 vr
3213 666 3394 737 Sept.,
3415 666 3542 723 feria
3581 680 3644 733 tv,
3677 672 3798 742 cyclo

2278 754 2415 809 solis
2446 767 2583 809 χχιι.
2609 753 2902 809 Translata
2941 755 3125 824 itaque
3160 765 3449 810 neomema
3481 757 3532 810 in
3563 770 3591 810 v
3612 757 3797 813 feriant:

2276 854 2331 900 et
2353 854 2640 915 propterea
2661 843 2829 900 Nisan
2859 861 2890 900 a
2916 861 2989 899 vn
3022 845 3076 900 in
3102 860 3140 912 ι,
3167 861 3276 916 qua
3302 844 3424 900 Kal.
3447 847 3545 916 Ap.
3574 849 3799 912 convenit,

2276 937 2431 1008 cyclo
2466 936 2600 993 solis
2632 952 2794 1002 xxnt,
2821 936 3112 993 traductus
3143 947 3247 992 est.

2348 1025 2544 1082 Verum
2577 1028 2628 1082 in
2661 1035 2896 1099 utraque
2927 1029 3395 1085 demonstratione
3425 1029 3510 1084 sui
3546 1029 3718 1084 similis
3741 1041 3804 1084 est

2275 1117 2537 1190 Scaliger,
2581 1128 2636 1174 et
2669 1120 2737 1174 ad
2768 1120 2822 1175 id
2881 1120 3026 1190 quod
3056 1120 3285 1175 dubium
3315 1126 3401 1174 est
3443 1119 3800 1189 approbantium

2271 1211 2436 1267 dubia
2475 1213 2651 1284 magis
2675 1213 2855 1277 ati‘ert,
2881 1221 2936 1267 et
2967 1213 3194 1267 incerta.
3243 1211 3378 1277 Quis
3415 1212 3562 1265 enim
3592 1211 3684 1266 hoc
3717 1213 3803 1280 prir-

2272 1319 2421 1358 mum
2446 1303 2521 1358 illi
2549 1304 2908 1368 concesserit,-
2942 1315 3149 1358 annurn
3196 1317 3320 1359 esse
3364 1301 3633 1358 Passionis
3661 1303 3800 1361 illum.

2270 1409 2432 1463 quem
2494 1395 2608 1463 ipse
2669 1395 2895 1459 statuit,
2963 1392 3246 1448 Iulianum
3305 1392 3402 1456 78,
3475 1403 3591 1447 arma
3642 1389 3804 1461 Diony-

2271 1484 2438 1539 siame
2467 1483 2577 1538 55?
2605 1483 2745 1550 Quid
2789 1484 2835 1540 si
2884 1493 3137 1554 praeterea
3194 1497 3262 1536 ne
3297 1481 3681 1536 Alexandream
3707 1479 3801 1548 qui-

2269 1575 2392 1630 dem
2423 1576 2582 1632 istam
2609 1576 2894 1644 periodum
2939 1573 3112 1629 Judaei
3155 1588 3398 1644 unquam
3433 1571 3657 1642 amplexi
3685 1567 3801 1624 siuti

2270 1669 2323 1723 itl
2352 1667 2497 1738 quod
2527 1677 2688 1722 antea
2723 1665 2829 1722 dist
2849 1666 3106 1722 tissimus.
3138 1665 3319 1731 Quare
3347 1663 3436 1718 vel
3453 1662 3707 1718 levissima
3735 1659 3804 1715 itt-

2270 1759 2543 1814 ficiatione
2588 1759 2982 1813 demonstratio
3051 1757 3426 1828 Scaligeriana
3487 1753 3802 1819 convellitur,

2267 1869 2431 1923 neque
2452 1852 2665 1922 proﬁcit
2688 1851 2880 1906 hilum.
2904 1848 3090 1921 Neque
3115 1863 3248 1905 vero
3277 1847 3526 1914 solidior,
3555 1863 3616 1902 ac
3631 1843 3806 1900 firmior

2265 1957 2350 1999 est
2389 1944 2582 2004 altera.
2628 1957 2728 1998 nec
2760 1942 2946 1998 minus
2978 1941 3153 2008 falsis,
3183 1949 3238 1996 et
3266 1940 3518 1995 obscuris
3554 1936 3806 2009 postulatis

2265 2034 2536 2088 innititur.
2569 2030 2708 2088 Nam
2740 2033 2884 2102 quod
2915 2030 3209 2102 .loseplmm
3248 2031 3326 2085 ait
3361 2044 3452 2084 xtv
3490 2028 3648 2084 Nisan
3700 2039 3805 2080 cum

2264 2123 2468 2194 Aprilis
2504 2138 2594 2176 xtv
2625 2137 2774 2177 anno
2821 2122 3022 2177 excidii
3063 2117 3279 2176 Iudaici
3314 2120 3663 2191 conjungere,
3689 2129 3807 2172 nan-

2264 2230 2430 2285 quam
2468 2215 2518 2269 id
2548 2213 2824 2284 JoSt-phus
2850 2215 2988 2269 dixit
3025 2233 3039 2268 :
3087 2215 3181 2269 sed
3211 2215 3547 2286 Azymorum
3579 2213 3708 2266 diem
3730 2222 3806 2263 ιιι

2267 2307 2522 2362 Χ·ιιιι1ιίοἰ
2554 2308 2758 2362 mensis
2812 2307 3076 2361 neci-tisse
3135 2307 3296 2360 docet
3354 2305 3454 2359 lib.
3505 2321 3538 2357 v
3585 2303 3651 2357 De
3690 2317 3804 2364 επ..

2263 2417 2314 2456 c.
2369 2400 2428 2452 Η
2479 2415 2492 2454 :
2531 2399 2640 2452 Kal
2686 2398 2788 2468 τῆς
2842 2398 2952 2451 τῶν
2999 2397 3251 2467 Ἀζύμων
3285 2397 3554 2465 ἐνστάσης
3604 2393 3807 2464 ἡμέρας,

2261 2488 2834 2561 τεσσαρεσκαιδεκάτῃ
2869 2485 3138 2542 Ξανθικοῦ
3191 2487 3379 2558 μηνὸς.
3421 2488 3482 2538 ὲν
3595 2481 3808 2536 δοκοῦσιν

2275 2575 2521 2635 Ἰουδαῖοι
2545 2579 2639 2632 τὸν
2658 2577 2875 2649 πρῶτον
2892 2577 3273 2647 ἀπαλλαγῆναι
3299 2576 3493 2647 καιρὸν
3509 2571 3806 2642 Αἰγυπτίων.

2263 2671 2594 2728 Xantbieutn
2625 2671 2731 2726 hoc
2761 2669 2882 2724 loco
2907 2668 3190 2724 Julianum
3213 2667 3456 2738 Aprilem
3486 2681 3607 2722 esse
3634 2665 3811 2720 divinat

2267 2766 2512 2836 Scaliger
2546 2783 2559 2817 :
2606 2764 2765 2834 quasi
2805 2772 3065 2834 perpetuo
3102 2761 3483 2818 Macedonicas
3525 2760 3643 2814 illas
3680 2771 3810 2812 men-

2263 2860 2406 2914 sium
2469 2857 2862 2928 appellationes
2919 2854 3155 2912 Iulianis
3210 2856 3497 2911 mensibus
3542 2850 3806 2908 indiderit:

2263 2946 2409 3018 quod
2438 2957 2522 3002 est
2551 2945 2932 3001 falsissimum.
2959 2943 3095 2999 Nam
3126 2944 3441 3000 Xanthicus
3463 2951 3808 3013 saepenumero

2264 3039 2406 3093 idem
2448 3047 2533 3093 est
2578 3053 2644 3092 ac
2684 3035 2876 3103 Nisan,
2925 3047 2982 3091 ut
3019 3036 3114 3090 lib.
3156 3052 3216 3090 ιιι
3271 3035 3449 3107 Orig.,
3503 3051 3554 3090 c.
3603 3028 3806 3098 1οςΤῷ

2262 3130 2321 3185 δὲ
2373 3131 2505 3202 μηνὶ
2555 3128 2633 3200 τῷ
2674 3127 2948 3198 Ξανθικῷ,
2986 3127 3045 3190 ὃς
3085 3128 3296 3181 Νισσὰν
3330 3127 3465 3198 παρ’
3496 3128 3622 3198 ἡμῖν
3660 3122 3812 3178 καλεῖ-

2263 3246 2386 3292 ται,
2447 3227 2542 3282 καὶ
2587 3225 2682 3280 τοῦ
2741 3224 2896 3288 ἔτους
2949 3225 3099 3277 ἐστὶν
3148 3224 3324 3294 ἀρχὴ,
3393 3218 3810 3292 τεσσαρεσκαιδε·

2263 3319 2404 3392 κάτῃ
2449 3316 2592 3372 κατὰ
2631 3303 2883 3388 σελήνην,
2927 3316 2984 3367 ἐν
3037 3313 3177 3386 κριῷ
3219 3313 3313 3367 τοῦ
3361 3314 3518 3384 ἡλίου
3567 3307 3807 3365 adﬂasti?»

2260 3430 2374 3476 τος,
2414 3409 2773 3469 etc..Pascba
2803 3408 3065 3464 celebrari
3097 3407 3288 3463 scribit
3323 3426 3336 3462 :
3365 3408 3515 3477 quod
3539 3416 3658 3462 etc.
3689 3403 3737 3464 9,
3759 3402 3813 3454 de

2262 3515 2453 3556 mense
2484 3500 2718 3555 dixerat.

2332 3592 2778 3649 Translationum
2810 3599 3134 3647 vetustatem
3162 3591 3362 3646 asserit
3387 3599 3443 3645 et
3474 3590 3670 3644 Paulus
3694 3585 3811 3639 Μίιιο

2259 3685 2637 3755 delburgensis
2674 3683 2769 3737 lib.
2803 3697 2900 3737 vm
2935 3683 3107 3753 partis
3151 3698 3213 3748 tt,
3247 3699 3312 3738 ex
3353 3697 3533 3752 eaque
3569 3676 3815 3736 Passionis

2260 3779 2476 3835 Domini
2535 3788 2751 3848 tempus
2805 3777 3078 3846 explorat.
3133 3775 3239 3830 Sed
3302 3775 3357 3830 in
3417 3773 3708 3827 Annalibus
3758 3767 3814 3822 ad

2259 3891 2312 3930 a.
2349 3875 2442 3940 54,
2474 3889 2529 3928 ιι.
2569 3872 2664 3934 54,
2687 3874 2954 3927 acerrime
2978 3885 3104 3925 cum
3128 3870 3196 3923 iis
3221 3869 3602 3938 expostulatur
3625 3865 3711 3935 qui
3737 3877 3816 3916 no-

2259 3979 2382 4022 vam
2425 3964 2494 4019 de
2543 3962 2810 4017 translato
2853 3959 3121 4016 Paschate
3173 3959 3227 4012 in
3272 3956 3576 4012 Ecclesiam
3625 3953 3709 4007 Dei
3749 3950 3816 4004 in-

2257 4063 2525 4113 vexerunt
2550 4055 2864 4124 opinionem
2885 4091 2901 4116 ,
2937 4066 3062 4106 cum
3094 4050 3148 4104 id
3179 4048 3323 4104 Deus
3351 4047 3676 4120 gravissime
3701 4056 3818 4113 prat-

2257 4149 2482 4221 ceperit,
2519 4162 2587 4202 ne
2629 4147 2737 4200 alia
2775 4145 2886 4208 die,
2921 4157 3086 4213 quam
3129 4158 3218 4196 xtv
3265 4141 3393 4195 luna
3444 4140 3515 4194 ad
3563 4147 3814 4206 vesperam

2259 4257 2477 4298 sacrum
2524 4239 2736 4295 Pascha
2787 4237 3176 4293 celebraretur.
3219 4232 3370 4288 Unde
3407 4233 3507 4302 qui
3562 4237 3816 4301 propterea

2257 4331 2403 4401 quod
2457 4327 2725 4383 immundi
2748 4333 2966 4388 essent,
3010 4338 3101 4379 xtv
3137 4323 3226 4379 die
3261 4322 3419 4393 pritui
3467 4319 3672 4376 mensis
3711 4329 3817 4386 per-

2258 4437 2421 4492 agere
2459 4420 2807 4490 nequissent,
2855 4431 2964 4472 non
2996 4416 3052 4470 in
3085 4425 3422 4486 sequentem,
3455 4425 3554 4468 aut
3598 4409 3816 4468 tertium,

567 4506 798 4574 reliquis
823 4506 1166 4562 solemnibus
1197 4508 1456 4562 servilem
1491 4525 1716 4576 operam
1759 4510 2028 4564 duntaxat
2057 4523 2156 4562 ex-
2187 4517 2232 4574 1)
2257 4517 2584 4580 quartumve
2605 4508 2771 4574 diem,
2799 4507 2894 4562 sed
2934 4507 2988 4561 in
3021 4521 3111 4560 xlv
3142 4506 3326 4560 lunam
3367 4505 3582 4560 mensis
3615 4494 3814 4556 secundi

567 4606 815 4666 ceptam;
847 4605 904 4651 at
941 4613 1062 4668 qua:
1108 4599 1176 4653 ad
1224 4600 1424 4654 victum
1469 4601 1707 4655 attinent
1753 4601 1902 4656 licite
1946 4615 2158 4670 praepa-

569 4703 742 4743 rasse.
768 4685 873 4742 Sed
907 4679 1270 4747 nihilominus
1295 4692 1713 4748 translationem
1737 4693 2154 4750 characterismi

568 4776 714 4833 TiSI'i
741 4777 846 4833 sub
881 4775 1182 4834 Seleucidis
1225 4779 1572 4834 observatam
1603 4781 1804 4849 probat
1835 4781 1930 4834 lib.
1961 4795 2024 4845 ll,
2061 4780 2153 4835 ubi

569 4869 640 4925 de
682 4871 913 4940 periodo
948 4869 1266 4927 Judaeorum
1305 4874 1651 4928 Alexandrea
1693 4873 1938 4938 disserit,
1986 4873 2156 4943 idque

569 4963 780 5034 aliquot
798 4965 1065 5036 exemplis
1089 4967 1391 5022 confirmat.
1431 4967 1590 5022 Velut
1617 4967 1760 5037 quod
1793 4981 1940 5021 anno
1965 4965 2155 5021 Domi-

568 5056 711 5111 niese
756 5055 1040 5113 Passionis
1076 5058 1257 5123 Tisri,
1294 5074 1420 5114 cum
1460 5060 1514 5114 in
1554 5073 1686 5114 xxtv
1724 5057 2056 5129 Sept.,feria
2105 5074 2156 5113 tv

571 5145 892 5211 incidisset,
933 5147 989 5200 in
1028 5149 1278 5216 quintam
1327 5150 1658 5204 translatum
1706 5159 1824 5215 est;
1872 5160 2155 5218 propterea

567 5237 715 5310 quod
746 5235 914 5294 Nisan
962 5237 1016 5291 in
1049 5239 1372 5305 Sabbatum,
1398 5240 1502 5297 hoc
1531 5252 1614 5296 est
1655 5258 1687 5296 a
1727 5257 1778 5294 νι
1818 5239 1953 5294 feria
1982 5241 2036 5294 in
2079 5254 2153 5294 vtt

568 5328 878 5384 transierit.
921 5325 1057 5381 Nam
1097 5338 1218 5383 erat
1258 5345 1438 5386 anuus
1480 5331 1859 5386 Alexandreus
1910 5330 2051 5397 544,
2101 5339 2157 5385 et

567 5416 799 5486 proinde
832 5433 902 5471 xt.
941 5416 1150 5487 periodi
1185 5433 1235 5472 v.
1287 5416 1381 5474 Sic
1428 5435 1574 5475 anno
1621 5420 1827 5475 Christi
1873 5437 1974 5474 Lxx
2013 5420 2156 5476 Neo~

570 5507 748 5563 menia
781 5506 949 5565 Nisan
983 5524 1107 5562 cum
1139 5525 1207 5564 ex
1232 5509 1577 5566 Alexandreo
1603 5511 1756 5582 cyclo
1779 5511 1832 5566 in
1857 5509 2053 5566 feriant
2079 5527 2152 5564 vtt

570 5601 911 5664 conveniret,
945 5600 998 5654 in
1033 5615 1047 5653 t
1085 5602 1352 5656 translata
1384 5611 1483 5656 est.
1524 5603 1668 5672 Ergo
1693 5613 1747 5658 et
1783 5603 1925 5659 Tisri
1962 5619 1990 5656 a
2017 5603 2153 5659 feria

572 5704 625 5742 tv
669 5690 723 5744 in
768 5708 822 5756 v,
860 5707 1006 5746 anno
1044 5693 1389 5746 embolimato
1426 5691 1715 5748 tlefectivo.
1761 5695 1920 5760 Quod
1968 5705 2151 5750 autem

573 5778 738 5836 Nisan
773 5781 910 5836 feria
941 5784 1115 5851 prima
1153 5784 1380 5854 coeperit
1412 5801 1476 5840 ex
1508 5797 1575 5840 eo
1605 5785 1845 5857 colligit,
1883 5789 2028 5858 quod
2055 5787 2154 5843 Jo-

2262 4603 2449 4670 rejecti
2499 4610 2650 4667 sunt,
2693 4599 2838 4670 quod
2883 4609 2938 4654 et
2982 4599 3227 4654 Ezechias
3265 4598 3410 4667 regis
3462 4595 3710 4665 exemplo
3735 4590 3817 4645 de-

2260 4701 2532 4750 monstrat
2571 4691 2615 4745 ll
2663 4691 2843 4747 Paral.
2889 4707 3013 4761 cap.
3056 4706 3186 4744 xxx.
3219 4689 3384 4759 Atqui
3418 4688 3526 4742 hoc
3556 4696 3815 4755 argumen-

2261 4798 2374 4841 tum
2401 4794 2592 4840 contra
2622 4783 2888 4839 festorum
2947 4782 3356 4837 translatimtem
3394 4778 3512 4833 leve
3551 4773 3814 4831 admodum

2261 4879 2496 4933 videtur.
2540 4875 2805 4940 Primutn,
2854 4875 2984 4943 quia
3019 4888 3291 4943 nusquam
3326 4871 3381 4926 in
3415 4872 3592 4925 sacris
3621 4864 3816 4921 Litteris

2258 4978 2590 5041 praeceptum
2619 4976 2724 5032 est,
2761 4975 2820 5020 ttt
2859 4965 2991 5019 luna
3019 4979 3109 5018 xw
3139 4962 3348 5018 Pascha
3393 4961 3713 5019 celebretur,
3741 4967 3816 5008 ne-

2257 5079 2364 5133 que
2394 5063 2538 5116 lunae
2571 5060 2778 5115 mentio
2810 5057 2888 5123 fit,
2919 5057 3014 5112 sed
3046 5057 3274 5110 decimae
3296 5063 3506 5124 quartae
3545 5052 3653 5106 diei
3677 5044 3816 5118 primi

2257 5153 2483 5208 mensis.
2517 5153 2597 5205 An
2630 5165 2761 5204 vero
2785 5149 2970 5203 lunam
3005 5163 3092 5202 xw
3117 5147 3199 5202 sic
3224 5145 3574 5200 observatam
3601 5154 3716 5197 esse
3735 5152 3815 5207 pu-

2257 5244 2392 5298 tabit
2427 5241 2647 5310 aliquis,
2679 5249 2740 5295 ut
2771 5240 2904 5303 veri,
2930 5240 3013 5294 vel
3045 5237 3209 5294 medii
3234 5235 3424 5292 saltent
3456 5233 3656 5290 sideris
3675 5230 3814 5298 hujus

2257 5343 2439 5389 motus
2467 5331 2788 5402 explorandi
2828 5329 3069 5385 fuerint?
3096 5327 3216 5384 Non
3259 5327 3404 5382 enim
3445 5326 3556 5380 hoc
3584 5324 3638 5378 in
3668 5318 3811 5379 civili,

2254 5435 2310 5481 et
2338 5423 2594 5494 aequabili
2627 5438 2730 5477 usu
2756 5422 3004 5492 przcstari
3034 5420 3231 5491 potuit.
3259 5416 3374 5472 Hoc
3401 5425 3583 5471 atttem
3608 5420 3810 5472 remoto,

2256 5515 2394 5569 nihil
2441 5513 2693 5583 superior
2731 5513 2837 5567 ista
2877 5510 3223 5567 ratiocinatio
3261 5508 3468 5579 colligit
3509 5525 3523 5560 :
3569 5521 3691 5560 nam
3734 5499 3811 5569 qui

2259 5605 2552 5661 translatas
2587 5617 2708 5659 esse
2746 5604 2912 5659 fet-ias
2958 5602 3278 5668 defendunt,
3317 5618 3420 5656 non
3467 5599 3522 5653 id
3558 5600 3806 5652 asserunt,

2256 5697 2364 5752 alio
2382 5695 2490 5763 die,
2519 5712 2682 5765 quam
2711 5711 2801 5750 xw
2833 5696 2900 5750 ad
2932 5709 3218 5765 vesperam
3246 5692 3446 5748 Pascha
3469 5690 3807 5747 celebratum;

2257 5789 2350 5846 sed
2391 5788 2736 5845 neomeniam
2780 5788 2978 5859 ipsum,
3010 5803 3042 5844 a
3065 5802 3174 5859 qua
3209 5803 3300 5844 xiv
3341 5785 3459 5842 dies
3490 5791 3801 5840 numeratur.
