4064 6402
265 411 365 472 985

1176 418 1267 475 DE
1304 411 1494 479 ANNO
1553 421 1640 478 ET
1683 387 1793 483 eis
1838 423 2193 486 nuntiatam
2233 431 2611 490 PASSIONIS.

3429 439 3534 497 986

266 531 486 584 alterum
526 529 580 584 in
619 531 763 588 diem
812 534 1096 605 trajectam
1143 539 1484 616 existimant.
1543 543 1655 599 lloc
1697 561 1830 600 vero
1863 552 1908 610 Λ
1938 558 2078 604 sent.
2135 547 2304 604 Erant
2339 538 2390 604 ii
2440 548 2650 618 Nisan,
2715 551 2817 618 Ab,
2871 552 3013 619 Elui,
3070 554 3237 616 Tisri,
3298 555 3532 619 Casseu,

266 629 487 690 negant,
532 637 760 679 necesse
803 623 1007 694 fuisse,
1054 637 1114 682 ut
1155 629 1396 686 instante
1442 634 1559 702 ipso
1600 637 1841 694 caelestis

268 707 536 776 plenilunii
577 710 667 765 die
705 711 977 770 festivitas
1019 717 1274 786 iniretur,
1313 737 1436 776 cum
1472 725 1554 778 vel
1594 741 1659 779 ex
1702 727 1839 798 eycli

266 798 464 852 lunaris
496 800 651 866 vitio,
682 803 765 857 vel
802 821 868 860 ex
899 808 1117 875 φάσεως
1154 810 1556 882 observatione,
1601 833 1689 870 xiv
1722 819 1839 873 dies

265 890 484 958 mensis,
516 893 641 948 luna
677 910 768 964 xv,
813 909 909 952 aut
937 915 1027 953 xvr
1055 918 1177 958 esse
1211 908 1470 972 potuerit.

334 983 452 1038 llzec
484 984 715 1040 dixerim
752 1003 861 1043 non
898 999 958 1044 ut
982 992 1128 1048 illico
1161 997 1435 1065 politicam
1478 999 1622 1053 illam
1653 1014 1840 1054 recen-

263 1074 410 1130 tioris
442 1079 681 1147 computi
714 1083 1127 1139 translationem
1156 1089 1297 1156 apud
1341 1088 1560 1146 Judazos
1600 1101 1833 1159 veteres,

261 1166 500 1234 adeoque
538 1168 740 1224 Christi
773 1181 1016 1243 tempore
1049 1190 1366 1248 usurpatam
1400 1199 1522 1238 esse
1553 1183 1833 1240 definiam.

261 1254 370 1311 iloc
399 1258 542 1312 enim
564 1261 646 1314 vel
672 1260 843 1317 Judaei
876 1265 977 1335 ipsi
1010 1281 1230 1338 negant.
1269 1273 1550 1342 Siquidem
1590 1275 1654 1331 [ἰ.
1687 1275 1838 1333 Mose

261 1347 366 1440 ben
413 1349 652 1407 Maimon
708 1370 828 1426 cap.
879 1357 910 1408 '7
974 1358 1253 1418 Kiddusch
1303 1363 1673 1438 hakhodesch,
1717 1368 1743 1440 ἐ
1802 1368 1834 1422 7

258 1450 308 1492 et
343 1438 394 1501 8,
432 1441 781 1511 rejectionem
829 1447 1092 1506 feriarum
1137 1464 1318 1508 natam
1370 1472 1436 1511 ex
1483 1472 1549 1512 eo
1593 1438 1836 1530 tempore

256 1545 372 1584 esse
418 1543 591 1602 putat.
636 1552 746 1605 quo
798 1540 864 1593 ad
909 1543 1124 1599 ’medios
1171 1555 1372 1611 motus,
1423 1549 1567 1604 veris
1607 1561 1835 1620 pra-ter-

257 1621 452 1684 missis,
483 1639 798 1708 computum
843 1645 1004 1686 suum
1053 1635 1289 1705 dirigere
1328 1649 1644 1708 cmperunt:
1671 1649 1831 1702 ’JE‘D‘I

254 1719 510 1818 pinam
545 1702 638 1777 755
672 1727 799 1818 rjm
846 1729 982 1782 mia
1021 1736 1088 1786 ru
1131 1702 1344 1814 piari:
1391 1702 1575 1818 py:ij
1625 1743 1710 1818 pa
1746 1745 1835 1793 ma

254 1788 322 1862 ⁵³⁵
355 1813 585 1869 ’νίν-ππ
635 1797 843 1872 mra:
892 1825 1107 1902 mm
1137 1788 1300 1879 ἠψπ
1351 1788 1556 1905 visu
1595 1788 1708 1884 se;

253 1901 358 1955 tam
392 1907 572 1987 mula
601 1891 1253 1998 mitur-313553531112:
1279 1889 1383 1968 νεὶ
1408 1889 1600 1972 vniam
1639 1923 1833 1998 mpm
1868 1889 1906 1944 Β

257 1998 271 2014 ο
308 1993 500 2046 iniam
537 1974 684 2076 'vup
733 1974 870 2051 πῖνέ
897 1974 1055 2057 ποιλεὸ
1095 2004 1180 2054 ri:
1212 2007 1390 2059 ατη-ιτ.
1405 1999 1577 2064 Quam
1611 2002 1673 2055 ob
1704 1974 1831 2056 'cau-

251 2090 359 2127 sam
396 2077 448 2129 in
493 2078 592 2131 hoc
625 2091 872 2148 computo
922 2087 1260 2139 neomeniam
1313 2106 1416 2142 non
1470 2090 1732 2146 collocant
1775 2095 1829 2147 in

251 2164 378 2230 feria
409 2182 447 2231 I,
497 2184 550 2221 iv
583 2179 635 2222 et
673 2187 725 2224 vi
759 2173 976 2243 (nempe
1014 2175 1066 2228 in
1105 2175 1319 2247 Tisri)?
1355 2179 1432 2232 0b
1472 2181 1527 2232 id
1565 2183 1827 2249 videlicet,

256 2259 392 2324 quod
447 2271 734 2329 computus
791 2267 889 2318 iste
952 2274 1389 2322 accommodatus
1434 2282 1510 2324 est
1566 2273 1636 2325 ad
1704 2291 1830 2327 ευηά

246 2349 538 2416 functiones
582 2357 709 2409 solis
739 2375 800 2411 ac
831 2359 994 2419 lunw,
1042 2363 1333 2415 secundant
1367 2366 1598 2418 medium
1629 2378 1828 2422 malum

249 2443 453 2498 illorum
482 2449 748 2511 siderum,
785 2469 887 2504 non
926 2452 1112 2506 habita
1147 2455 1352 2507 ratione
1388 2458 1494 2508 veri
1524 2459 1827 2512 earumdem

247 2534 362 2602 loci,
409 2541 552 2610 quod
585 2541 705 2608 jam
753 2545 1102 2598 ostendimus.
1164 2547 1452 2615 Propterea
1494 2548 1606 2602 dies
1659 2561 1825 2606 certos

247 2629 628 2694 prie/inierunt,
666 2635 861 2702 quibus
899 2639 1200 2691 neomcnias
1238 2638 1546 2707 deﬁgerent,
1592 2651 1640 2693 et
1687 2642 1825 2696 alios

248 2720 510 2787 rejiculos,
545 2734 600 2775 ut
626 2741 688 2777 ea
721 2727 928 2779 ratione
965 2741 1139 2790 verant
1170 2729 1596 2796 conjunctionem
1619 2733 1825 2802 assequi

244 2822 464 2878 pessent.
508 2813 875 2880 Quamobrem
909 2833 1032 2871 cum
1061 2835 1125 2873 ex
1159 2821 1546 2876 observatione
1583 2826 1684 2894 τῆς
1724 2825 1826 2892 φά-

247 2916 396 2967 σεως,
429 2914 486 2959 et
523 2907 635 2960 veri
669 2911 1187 2996 motus‘ratiociniis
1224 2921 1349 2966 ante
1377 2921 1430 2967 et
1465 2923 1592 2983 post
1623 2915 1824 2970 (Lhristi

245 2997 552 3062 passionem
583 2999 789 3068 aliquot
827 3003 988 3057 annis
1049 3004 1370 3060 neomeuias
1409 3005 1726 3073 iudixerint,
1769 3015 1827 3062 nt

247 3085 377 3142 idem
418 3101 615 3144 auctor
635 3101 720 3146 est
751 3091 952 3157 Moses,
993 3109 1339 3164 consequens
1374 3106 1457 3151 est
1495 3098 1588 3152 diu
1632 3108 1822 3168 postea

244 3181 682 3247 superstitionem
717 3183 863 3237 illam
898 3184 1283 3241 introductam.

1943 638 2092 693 Adar
2125 659 2140 694 :
2169 639 2236 696 de
2265 640 2468 711 quibus
2512 659 2636 714 cap.
2666 645 2700 699 5
2727 637 2903 700 Moses
2942 647 3183 700 disserit.
3221 645 3315 700 His
3354 655 3533 702 stante

1945 734 2144 803 templo
2197 746 2415 805 propter
2474 735 2681 792 Pascha
2736 737 2955 802 minus,
3027 737 3134 807 ljar
3198 747 3527 794 accesserat.

1944 824 2110 894 Igitur
2146 836 2505 898 posteaquam
2557 829 2782 894 auditis,
2819 831 3244 900 approbatisque
3276 831 3526 897 testibus,

1941 919 2033 987 qui
2065 935 2122 973 se
2155 930 2468 975 nascentem
2494 923 2680 977 lunam
2709 919 2911 978 vidisse
2943 924 3373 987 conﬁrmabant,
3399 936 3530 977 neo-

1941 1012 2121 1065 mcnia
2149 1014 2484 1069 sanctiﬁcata
2515 1013 2713 1079 fuerat,
2743 1016 2796 1068 in
2823 1013 2968 1069 Tisri
2997 1031 3059 1069 ac
3090 1013 3256 1070 Nisan
3288 1056 3303 1079 ,
3349 1016 3527 1085 primo

1941 1101 2059 1171 ipso
2085 1104 2171 1158 die
2196 1115 2319 1174 post
2346 1106 2477 1159 solis
2520 1117 2699 1160 ortum
2733 1107 2940 1178 egressi
2980 1107 3176 1174 nuntii,
3201 1117 3252 1162 et
3281 1106 3528 1162 Palaesti-

1941 1210 2068 1249 nam
2104 1198 2391 1265 gbenntes,
2423 1199 2642 1269 longius
2668 1201 3058 1265 excurrebant,
3093 1215 3156 1254 ac
3181 1200 3523 1254 neomeniam

1939 1285 2271 1343 indirebant.
2325 1287 2381 1343 In
2441 1288 2802 1346 vicinioribus
2866 1292 3116 1360 oppidis,
3171 1309 3281 1358 quo
3349 1291 3526 1346 nuntii

1938 1380 2102 1434 citius
2133 1382 2470 1450 aspirabant,
2497 1401 2605 1437 uno
2626 1393 2838 1439 tantum
2871 1385 2959 1439 die
2986 1401 3000 1448 ;
3039 1385 3091 1438 in
3125 1384 3528 1455 longinquiori-

1941 1471 2043 1527 bus
2077 1473 2242 1527 biduo
2284 1475 2608 1530 neomenias
2635 1477 2889 1546 agebant,
2924 1476 3070 1546 quod
3099 1475 3290 1530 incerti
3320 1484 3524 1538 essent,

1936 1574 2097 1630 quem
2145 1563 2286 1617 diem
2335 1563 2664 1636 Synedrium
2723 1565 3068 1637 praetixisset.
3114 1566 3208 1630 De,
3239 1582 3351 1637 quo
3404 1567 3528 1620 vide

1937 1669 2056 1721 cap.
2088 1651 2120 1707 5
2153 1655 2438 1713 Tractatus
2469 1658 2533 1713 [ἶ.
2569 1657 2934 1714 Maimonidm.
2991 1663 3170 1731 Atque
3199 1660 3300 1715 hoc
3332 1659 3525 1713 bodie-

1937 1758 2043 1813 q‘ne
2067 1743 2236 1800 Judzci
2284 1747 2341 1801 ἐν
2380 1751 2446 1820 τῇ
2482 1750 2753 1821 διασπορᾷ
2790 1752 3047 1812 retinent,
3080 1761 3135 1805 et
3172 1752 3270 1814 τὰς
3311 1753 3528 1821 ἱερομη-

1935 1823 2070 1896 νίας.
2097 1837 2260 1892 biduo
2304 1840 2603 1905 celebrant,
2657 1843 2758 1896 hoc
2799 1852 2882 1896 est
2921 1843 3018 1913 τὴν
3069 1842 3356 1913 τριακάδα,
3410 1843 3526 1896 sive

1938 1925 2064 1996 ἕνην
2148 1929 2241 1982 καὶ
2281 1930 2442 1998 νέαν,
2493 1948 2556 1986 ac
2601 1931 2918 2003 νουμηνίαν.
2971 1930 3126 1987 Unde
3179 1935 3246 1986 ab
3302 1931 3524 1986 lloratio

1933 2018 2138 2072 dietum
2167 2039 2180 2074 :

2119 2154 2296 2210 Hodie
2323 2158 2592 2211 tricesmta
2625 2157 2880 2237 Subbata:

2004 2285 2075 2341 Ut
2108 2297 2288 2344 autem
2323 2289 2630 2345 evidentius
2671 2298 2924 2353 constet,
2965 2309 3128 2362 quam
3175 2293 3518 2359 inconstans,

1931 2386 1986 2433 et
2025 2381 2308 2436 mutabilis
2359 2391 2506 2437 esset
2565 2385 2978 2437 noenu-uiarum
3033 2385 3320 2450 deﬁnitio,
3366 2386 3522 2441 lucu-

1933 2473 2111 2529 lentus
2191 2474 2414 2543 quidam
2476 2475 2631 2530 locus
2691 2485 2774 2530 cst
2835 2474 2889 2529 in
2951 2492 3072 2546 cap.
3138 2477 3170 2530 5
3226 2475 3520 2535 Tractatus

1930 2565 2229 2636 ejusdem,§
2256 2565 2322 2619 15
2349 2573 2400 2620 et
2435 2567 2695 2637 16,qnem
2731 2569 2816 2622 hic
2859 2569 3086 2622 totidem
3119 2570 3301 2624 verbis
3340 2571 3517 2625 ascri-

1932 2659 2076 2712 bam.
2136 2655 2282 2710 Nihil
2339 2658 2483 2712 enim
2540 2659 2606 2712 ad
2670 2659 3043 2728 conjecturam
3103 2671 3350 2714 nostram
3408 2663 3516 2717 dici

1931 2757 2108 2819 potest
2165 2751 2368 2820 aptius.
2421 2759 2522 2809 1N2
2571 2733 2665 2809 N51
2702 2735 2748 2809 ’ὅ
2786 2761 2902 2810 D1?
2941 2735 3004 2810 '73
3038 2761 3226 2810 name
3258 2761 3338 2838 ἶντ
3375 2763 3516 2812 1·νὲ

1928 2851 2150 2900 11‘le
2206 2851 2310 2900 TDD
2354 2849 2540 2901 τιτΠἾΠΠ
2586 2855 2668 2900 Ν
2714 2853 2874 2904 ΤἿΞἙἹ
2909 2852 3066 2927 ι’]ωέιέ
3098 2850 3342 2902 ῚἺΞἽΣΨΠἸ
3380 2853 3521 2909 D’W

1927 2939 2105 3018 ΠἽὩΠ]
2145 2940 2353 3018 D’P‘a‘l'l
2392 2941 2547 3018 0.9137.
2568 2943 2670 3018 Ἶβέ
2707 2941 2844 2991 DiD’
2883 2940 2933 2987 ’.Ἱ
2971 2942 3034 2990 πκ
3073 2940 3120 2991 "l’
3155 2943 3299 2993 'ii'lN1
3335 2946 3399 2992 ΓΠ
3429 2943 3521 2995 ’ΞΣ

1926 3027 2028 3079 is:
2063 3003 2238 3080 iram
2275 3005 2502 3079 Diuma
2537 3003 2624 3078 ‘7";
2663 3027 2817 3078 mare
2842 3027 3004 3079 um:
3022 3031 3208 3081 amrin
3243 3033 3326 3080 rm
3361 3032 3519 3081 isi-ir:

1927 3119 2220 3170 nmmum
2274 3097 2392 3170 Lm:
2449 3120 2580 3170 om:
2628 3096 2811 3197 prima
2861 3122 3096 3197 parm:
3141 3124 3326 3197 gmina
3377 3125 3518 3196 me:

1848 3223 1890 3280 ο
1923 3209 2187 3290 psam-mi
2233 3210 2471 3290 napi-ra:
2520 3190 2698 3266 tan-Sa
2746 3189 3018 3290 primum
3076 3189 3310 3290 micam
3368 3189 3516 3264 om

314 3269 512 3327 Verum
548 3273 674 3343 quia
710 3289 771 3328 ex
816 3275 1130 3344 Epiphanii,
1166 3277 1509 3348 aliorumque
1553 3280 1819 3350 gravissi-

1925 3269 2053 3351 ἔφη’
2074 3275 2231 3351 ‘rmn
2266 3269 2331 3350 ru
2365 3302 2512 3351 amri
2549 3301 2716 3378 1:31p?
2752 3269 2876 3352 a‘w
2907 3293 2993 3353 '1':
3029 3279 3307 3380 primum
3344 3304 3517 3358 rm:

243 3375 448 3418 morum
484 3363 864 3434 theologorum
897 3368 1186 3433 sententia,
1219 3368 1474 3424 Christus
1499 3372 1676 3440 pridie
1701 3373 1820 3441 ejus

241 3451 360 3513 diei.
417 3471 532 3526 quo
572 3456 776 3511 Scriba:
813 3466 867 3510 et
901 3456 1161 3513 Pharisaei
1202 3459 1412 3515 Pascha
1445 3463 1817 3530 'celebrarunt,

243 3543 426 3599 ultimo
449 3545 738 3608 Paschate,
767 3563 830 3602 ac
853 3549 1189 3604 solemnibus
1222 3552 1564 3607 caeremoniis
1596 3551 1818 3608 functus

241 3642 352 3698 est;
394 3635 631 3690 ineunda
673 3639 971 3707 probabilis
1022 3641 1205 3710 aliqua
1259 3643 1400 3696 ratio
1446 3654 1550 3708 est,
1601 3656 1821 3715 propter

240 3739 397 3792 quam
445 3728 624 3783 Judaei
673 3730 880 3784 Pascha
917 3747 947 3784 a
984 3732 1226 3800 legitimo
1277 3735 1366 3790 die
1402 3737 1456 3791 in
1499 3748 1817 3808 sequentem

241 3818 585 3874 contulerint.
626 3819 718 3874 Est
750 3835 812 3874 ea
854 3836 1002 3887 vero,
1035 3825 1137 3878 nisi
1171 3825 1351 3891 fallor,
1385 3827 1530 3882 haud
1559 3829 1816 3893 absurda,

239 3909 390 3977 cujus
431 3927 500 3966 ex
547 3913 905 3967 rahbinorum
957 3919 1372 3975 commentariis
1439 3919 1816 3991 coniecturam

240 4013 349 4068 cepi
359 4018 406 4055 m
416 4019 500 4060 us.

307 4091 570 4150 Scribunt
605 4097 704 4160 illi,
749 4099 1001 4171 interque
1033 4112 1260 4158 caeteros
1301 4102 1366 4156 ii.
1412 4101 1591 4158 Moses
1632 4103 1684 4157 in
1727 4104 1819 4157 illo

241 4189 490 4250 tractatu,
533 4202 698 4256 quem
757 4205 899 4260 saepe
944 4195 1276 4258 memoravi,
1323 4192 1608 4247 differendi
1655 4194 1817 4262 primi

238 4277 458 4338 mensis,
485 4291 552 4331 ac
580 4277 870 4334 Paschalis
921 4293 1118 4336 causas
1167 4283 1294 4335 olim
1343 4283 1621 4337 exstitisse
1665 4297 1819 4337 com-

236 4364 436 4434 plures,
487 4382 629 4438 quas
670 4379 827 4425 antea
865 4371 1289 4441 perstrinximus
1327 4391 1339 4425 :
1375 4381 1434 4424 ut
1468 4387 1591 4426 cum
1634 4373 1818 4442 fruges

236 4458 563 4515 arborumve
623 4460 834 4518 fructus
894 4464 1133 4518 nondum
1198 4465 1397 4518 maturi
1462 4465 1814 4530 viderentur;

1921 3391 2118 3441 ΠΞἸἹΞὩ
2152 3388 2379 3442 ΠΝῘὩΞῚ
2395 3393 2612 3445 omni:
2632 3391 2810 3446 ειν-ιιή
2836 3392 2979 3447 ῚἺῚΞΣῙ
3009 3392 3117 3445 Dm
3142 3400 3152 3442 ἒ
3176 3395 3364 3450 ἽΖἹἪΞ
3392 3395 3516 3445 Ὶῖἓῖζΐ

1919 3483 2093 3536 rrmm
2153 3481 2360 3559 i'i‘iPi'iJ‘l
2411 3481 2615 3532 D’Jili‘l
2680 3483 2862 3537 D’D'Ti’
2916 3484 3104 3533 D’iL’JN
3153 3485 3330 3540 Dl'ﬁii‘l
3392 3486 3515 3537 "io'l'l

1919 3574 2104 3652 trima
2166 3547 2329 3622 unis“)
2379 3571 2549 3652 parum
2611 3573 2854 3652 ειν-ππ.
2900 3575 3025 3624 una
3074 3574 3297 3652 rumpi:
3351 3574 3512 3624 via-1:.

1919 3632 2069 3713 15"):
2099 3663 2242 3715 min
2276 3632 2444 3713 Πκ-ἶει
2498 3640 2652 3716 Βυκτι
2702 3639 2927 3716 nimim
2995 3632 3154 3714 min.
3210 3632 3509 3726 Ῥυδιιμιαηι

1924 3747 2243 3814 Synedrium
2297 3755 2406 3798 toto
2457 3748 2542 3799 die
2578 3749 2840 3800 tricesimo
2869 3747 3133 3812 consedit;
3174 3765 3335 3818 neque
3366 3751 3511 3802 testis

1923 3836 2064 3890 ullus
2103 3838 2335 3899 advenit,
2364 3853 2571 3890 summa
2615 3837 2850 3891 diluculo
2897 3848 3145 3910 surgunt,
3190 3853 3237 3892 et
3284 3857 3511 3893 mensem

1921 3928 2278 3992 intercalant;
2311 3929 2758 3998 quemadmodum
2790 3930 2844 3982 in
2879 3931 2976 3983 hoc
3007 3931 3181 4000 capite
3209 3931 3505 3984 declaravi-

1922 4035 2057 4072 mus.
2111 4019 2266 4084 Quod
2307 4021 2353 4072 si
2398 4031 2517 4088 post
2549 4029 2798 4090 quartum
2864 4023 3168 4091 quintumve
3212 4024 3349 4077 diem
3395 4025 3514 4078 lon-

1921 4112 2099 4180 ginqui
2129 4121 2280 4165 testes
2310 4113 2585 4175 accedant,
2621 4130 2683 4166 ac
2712 4127 2767 4166 se
2799 4112 2981 4166 lunam
3016 4131 3111 4166 suo
3137 4125 3364 4184 tempore
3387 4132 3512 4185 pro-

1921 4205 2156 4271 spexisse
2203 4206 2541 4271 confirment,
2585 4204 2681 4255 hoc
2719 4214 2796 4256 est
2846 4205 3116 4257 tricesima
3167 4214 3350 4269 nocte;
3403 4208 3508 4259 imo

1920 4307 2039 4345 vero
2081 4292 2296 4345 etiamsi
2343 4291 2439 4345 sub
2482 4293 2640 4368 ﬁnem
2684 4293 2880 4346 mensis
2929 4293 3235 4358 adveniant,
3277 4296 3506 4363 primum

1920 4380 2128 4451 quidem
2162 4395 2409 4449 magnum
2448 4380 2556 4432 illis
2600 4389 2852 4433 terrorem
2890 4380 3168 4450 objiciunt,
3199 4394 3247 4436 et
3280 4386 3508 4437 inlerro-
3596 4387 3602 4394 ’

1921 4471 2225 4544 gationibus
2259 4475 2549 4537 lacessunt,
2578 4489 2640 4525 ac
2675 4473 2938 4527 morosius
2976 4475 3351 4546 interrogando
3378 4475 3509 4543 fati-

235 4553 276 4605 si
315 4555 607 4627 interrupti
645 4568 838 4628 pontes
883 4570 1086 4623 essent,
1145 4561 1463 4615 fornaccsve
1503 4561 1718 4624 dirutas,
1751 4578 1816 4617 ac
1849 4575 1890 4628 ι)
1920 4575 2082 4635 gant;
2117 4569 2166 4618 cl
2212 4563 2430 4617 illorum
2473 4565 2832 4618 testimonium
2879 4566 3244 4636 scrupulosius
3294 4568 3503 4621 exarui-

235 4645 438 4712 reliqua
486 4647 539 4700 id
588 4663 790 4717 genus,
841 4665 965 4719 qua:
1016 4650 1422 4704 solemnitatem
1471 4650 1816 4720 impedirent.

234 4733 307 4789 De
330 4739 536 4806 quibus
564 4753 860 4795 consessus
887 4741 1056 4803 illius,
1091 4756 1250 4810 quem
1274 4749 1354 4828 ΓΠ
1381 4749 1486 4800 τινι
1508 4743 1814 4807 nominant,

231 4827 508 4884 decretum
529 4833 1106 4902 eratexspectamlum.
1128 4833 1208 4886 Ita
1225 4827 1403 4897 ﬁebat,
1427 4843 1487 4887 ut
1505 4835 1712 4888 incerta
1729 4850 1816 4889 res

235 4921 530 4977 admodum
551 4933 696 4979 esset
711 4925 871 4994 primi
891 4926 1116 4986 mensis,
1132 4941 1196 4981 ac
1220 4926 1500 4981 Paschatis
1516 4936 1748 4996 tempus,
1763 4935 1817 4981 et

233 5009 283 5065 in
305 5012 525 5069 illorum
548 5017 810 5071 arbitratu
832 5018 1009 5087 posita
1034 5037 1046 5072 :
1074 5021 1533 5089 quemadmodum
1555 5019 1693 5089 apud
1711 5019 1818 5074 “oe

231 5115 426 5159 manus
444 5123 510 5158 ex
534 5109 849 5177 pontificum
874 5109 1098 5165 libidine
1119 5113 1390 5176 contrahi,
1413 5124 1506 5166 aut
1525 5113 1816 5166 intercala-

228 5193 377 5252 tione
407 5199 639 5268 proferri
683 5215 955 5256 annorum
1007 5203 1182 5270 spatia
1221 5203 1488 5258 solebant.
1539 5203 1721 5270 Quare
1757 5215 1816 5259 ut

230 5282 391 5340 iidem
437 5288 527 5340 isti
552 5289 834 5356 pontifices
877 5292 1158 5347 mensibus
1193 5293 1423 5362 singulis
1459 5291 1674 5356 Kalare,
1712 5293 1816 5347 hoc

228 5385 308 5431 est
349 5377 625 5436 Kalendas
660 5383 987 5436 denuntiare
1012 5384 1297 5437 solebant:
1323 5383 1404 5438 sic
1425 5383 1566 5451 apud
1596 5381 1816 5438 iudices

229 5465 581 5539 Syuedrium,
615 5474 762 5542 quod
804 5474 1129 5528 ordinandis
1167 5474 1509 5544 temporibus
1558 5482 1809 5543 praeerat,

227 5571 504 5636 certorum
556 5566 828 5619 mensium
871 5565 1189 5620 neomenias
1236 5581 1329 5634 per
1375 5565 1631 5632 nuntios,
1673 5580 1811 5636 quos

232 5633 448 5710 minim
521 5656 805 5720 vocabant,
874 5656 1115 5710 indicere
1185 5667 1563 5720 consueverat,
1620 5670 1809 5710 eorum

231 5739 485 5799 videlicet
526 5747 818 5809 mensium,
860 5747 1062 5816 quibus
1093 5747 1358 5802 solemnia
1391 5749 1640 5816 quautam
1672 5748 1811 5803 festa

227 5836 648 5903 peragebantur,
678 5851 912 5908 quorum
943 5846 1186 5909 tempora
1217 5837 1429 5893 diliicile
1459 5837 1656 5907 conjici
1684 5853 1810 5907 pos-

1924 4666 2074 4722 nant,
2113 4665 2267 4722 atque
2303 4656 2358 4709 ἱιι
2405 4673 2582 4711 omnes
2617 4674 2670 4710 88
2697 4669 2875 4728 partes
2907 4670 3134 4720 versant,
3169 4677 3272 4729 quo
3316 4676 3505 4714 novam

1920 4747 2074 4800 illam
2129 4749 2608 4817 sanctiﬁcationem
2646 4750 2944 4816 declinent,
3026 4761 3304 4822 postquam
3347 4754 3505 4806 semel

1919 4841 2298 4897 intercalatum
2341 4852 2439 4894 est.
2486 4841 2677 4895 Verum
2717 4844 2764 4895 si
2802 4852 2954 4897 testes
2999 4844 3082 4896 illi
3116 4845 3171 4897 in
3206 4846 3504 4901 testimonio

1919 4951 2015 4988 suo
2047 4943 2344 4988 constantes
2393 4932 2615 5000 fuerint,
2649 4933 2806 5002 idque
2837 4949 3013 4987 verum
3062 4935 3275 4987 omnino
3315 4935 3504 5004 depre-

1918 5027 2134 5080 hensum
2167 5025 2366 5094 fuerit;
2405 5026 2495 5079 sed
2539 5037 2587 5078 et
2625 5025 2724 5094 ipsi
2772 5034 2924 5078 testes
2967 5027 3080 5080 noti
3114 5043 3176 5079 ac
3221 5028 3502 5096 prudentes

1917 5119 2059 5181 sint;
2094 5133 2156 5169 ac
2183 5116 2406 5184 denique
2432 5117 2556 5180 rite,
2593 5126 2642 5169 et
2677 5125 2733 5168 ut
2764 5129 2862 5184 par
2897 5127 2972 5169 est
3017 5118 3351 5186 exploratum
3382 5119 3506 5171 illo-

1917 5219 2036 5256 rum
2069 5203 2430 5256 testimonium
2463 5203 2645 5272 fuerit,
2679 5203 2743 5257 de
2786 5205 2990 5275 integro
3032 5208 3357 5260 ueomcnimn
3410 5208 3502 5259 de-

1917 5295 2134 5362 ﬁniunt,
2167 5309 2227 5345 ac
2260 5309 2488 5347 mmsem
2539 5293 2691 5346 illum
2727 5305 3077 5358 retemcnterm
3123 5297 3386 5349 tricesimo
3417 5298 3501 5349 die

1915 5386 2201 5454 superioris
2235 5393 2542 5454 computare
2590 5387 2699 5438 dies
2743 5385 2891 5438 illius
2934 5383 3230 5454 incipiunt:
3258 5387 3491 5455 quando-

1915 5479 2124 5548 quidem
2154 5493 2252 5529 sua
2283 5478 2336 5529 in
2369 5486 2519 5530 nocte
2547 5478 2675 5531 luna
2712 5492 2991 5547 conspecta
3017 5489 3116 5531 est.
3149 5475 3496 5530 Manifestum

1914 5571 2084 5619 estex
2109 5564 2250 5629 loco,
2281 5563 2491 5618 Christi
2517 5563 2731 5618 Domini
2765 5574 3007 5635 tempore
3049 5564 3364 5619 neomenias
3386 5579 3496 5616 non

1916 5663 2025 5708 tam
2059 5663 2207 5708 certo
2236 5655 2559 5710 constitutas
2584 5655 2776 5721 fuisse,
2817 5667 2872 5710 ut
2907 5671 3013 5708 non
3042 5655 3125 5708 vel
3155 5653 3349 5708 aﬂ‘ccto
3377 5654 3492 5721 jam

1915 5760 2101 5801 mense
2126 5756 2392 5808 retexere,
2420 5761 2485 5800 ac
2523 5757 2821 5802 retractare
2856 5745 3065 5800 licitum
3109 5754 3288 5808 esset,
3327 5744 3495 5798 adco-

1914 5851 2023 5907 que
2066 5837 2440 5894 solemnitatcs
2486 5839 2658 5908 ipsas,
2691 5854 2814 5909 qua:
2856 5853 2886 5894 a
2924 5837 3131 5893 mensis
3156 5836 3332 5907 capite
3361 5851 3507 5904 pen--
