4064 6406
582 396 684 454 987

584 515 799 576 derent,
834 509 887 562 in
929 510 1068 563 alios
1110 505 1227 562 dies
1274 506 1555 562 incidisse.
1597 506 1779 577 Quare
1815 523 1938 561 cum
1989 514 2163 560 totum
2203 510 2246 566 Α

587 603 693 657 hoc
721 601 1002 671 negotium
1055 614 1342 668 perperam
1367 614 1399 652 a
1430 599 1811 654 stolidissimis
1841 598 2178 670 magistrati—

589 694 710 757 bus,
737 702 791 748 et
818 700 1009 746 contra
1031 689 1302 760 majorum
1329 689 1469 744 ritus
1496 689 1998 753 administraretur,
2026 704 2179 760 gras-

587 795 744 839 sante
777 783 1189 854 superstitione,
1223 782 1777 852 corruptissimisque
1816 781 2174 852 temporibus,

585 875 882 929 verisimile
917 883 1003 930 est
1042 873 1259 944 aliquos
1302 882 1571 942 repertos,
1610 874 1702 943 qui
1744 874 1884 929 hanc
1923 889 2180 930 caeremo-

586 967 842 1029 uiarum,
890 967 1211 1036 rituumque
1249 966 1755 1036 perturbationem,
1801 978 2075 1035 quatenus
2121 969 2174 1022 in

587 1055 722 1126 ipsis
763 1064 916 1120 erat,
963 1057 1259 1111 emendare
1307 1056 1614 1122 studerent,
1660 1066 1714 1110 et
1754 1073 1877 1126 quae
1923 1058 2175 1127 privatim

587 1147 742 1201 obire
773 1155 1030 1216 poterant
1063 1161 1220 1202 saera
1268 1147 1530 1218 legitimis
1580 1148 1919 1217 temporibus
1956 1150 2179 1218 perlice-

586 1247 727 1293 rent.
763 1239 1086 1309 Cujusmodi
1129 1239 1405 1309 paschalis
1449 1240 1570 1308 agni
1623 1255 1780 1294 coena
1817 1239 1919 1296 fuit
1964 1259 2176 1311 :quam

589 1347 733 1386 anno
760 1347 875 1386 suae
904 1330 1185 1386 Passionis
1215 1331 1468 1386 Christus
1509 1347 1636 1386 cum
1689 1333 1977 1402 apostolis,
2011 1345 2178 1404 atque

589 1423 713 1478 aliis
737 1424 904 1478 etiam
940 1422 1175 1478 fortasse
1195 1422 1396 1478 Judatis
1425 1423 1623 1494 pridie,
1642 1441 1807 1496 quam
1831 1427 2012 1482 caeteri
2040 1442 2178 1497 prte-

593 1520 812 1578 postere
860 1511 912 1565 id
962 1509 1228 1579 facerent,
1268 1528 1537 1583 usurpare
1590 1513 1804 1569 maluit.
1844 1513 2032 1586 Neque
2076 1517 2178 1572 hoc

588 1601 775 1662 unius,
818 1601 1114 1656 alteriusve
1157 1603 1264 1656 diei
1299 1603 1598 1658 discrimen
1649 1603 2027 1662 admirabilius
2056 1623 2178 1662 esse

587 1689 770 1755 debet,
806 1707 972 1761 quam
1001 1691 1146 1760 quod
1172 1691 1506 1748 Christianis
1542 1692 1675 1762 ipsis
1713 1709 1820 1747 non
1861 1695 2024 1749 modo
2052 1706 2178 1752 ante

590 1776 826 1836 Victoris
869 1797 1022 1850 papa:
1056 1781 1361 1849 decretum,
1405 1792 1500 1836 aut
1527 1781 1808 1839 Nicaznum
1843 1785 2174 1849 concilium;

587 1886 775 1925 verum
819 1872 985 1926 etiam
1021 1873 1234 1943 aliquot
1275 1883 1461 1943 postea
1510 1877 1730 1933 saeculis
1773 1879 1993 1946 accidit,
2026 1887 2085 1934 ut
2119 1880 2174 1934 in
2207 1873 2248 1927 Β

589 1962 1012 2032 religiosissima
1052 1963 1340 2020 Paschalis
1371 1967 1685 2023 celebritate
1713 1986 1823 2024 uno
1855 1971 2178 2041 plerumque

592 2068 802 2116 mense,
838 2069 1235 2125 nonnunquam
1265 2057 1459 2112 diebus
1489 2074 1587 2120 vn,
1625 2074 1656 2114 a
1709 2075 1765 2114 se
1797 2061 2027 2117 invicem
2067 2062 2176 2118 dif-

591 2143 818 2198 ferrent.
856 2144 930 2199 De
961 2161 1074 2214 quo
1106 2147 1369 2202 nonnulla
1406 2149 1473 2202 ad
1508 2147 1798 2219 Nicephori
1833 2150 2175 2208 Breviarinm

594 2239 648 2289 in
673 2236 996 2309 Προοεωρίᾳ
1021 2239 1152 2293 olim
1182 2240 1583 2298 adnotavimus.
1617 2242 1717 2298 Ubi
1748 2263 1855 2300 non
1886 2247 2062 2309 solum
2093 2247 2177 2301 in-

590 2340 671 2381 ter
705 2330 1012 2395 lnereticos,
1044 2331 1158 2385 sive
1185 2331 1716 2397 Quartadecimanos
1756 2345 1809 2390 et
1844 2337 2173 2405 catholicos,

587 2418 682 2473 sed
710 2420 851 2474 inter
880 2421 1221 2478 orthodoxos
1251 2423 1400 2492 ipsos
1430 2422 1692 2496 ﬂagrasse
1715 2427 2032 2483 istiusmodi
2064 2429 2178 2485 dis-

588 2508 728 2564 sidia
763 2512 989 2581 planum
1028 2510 1282 2568 fecimus.

592 2625 784 2680 Utrum
816 2625 1062 2682 Christus
1091 2629 1272 2682 eodem
1299 2645 1400 2696 quo
1429 2626 1613 2683 ,Ινάωὶ
1635 2631 1812 2684 εωιει·ἱ
1841 2631 1926 2686 die
1961 2629 2177 2687 Pascha

1240 2697 1540 2754 celebrarit.

659 2786 945 2841 Celebrem
972 2804 1066 2856 per
1100 2805 1221 2844 sese
1260 2790 1623 2858 quaestionem
1666 2791 2021 2862 insigniorem
2056 2795 2178 2850 red-

590 2878 726 2932 didit
762 2877 1080 2934 Crtecorum
1115 2879 1548 2952 Latinorumque
1588 2885 1961 2939 controversia
2004 2904 2018 2940 :
2053 2903 2177 2942 nam

592 2969 692 3035 illi,
728 2980 786 3023 ut
817 2987 932 3024 sua:
965 2971 1033 3025 de
1068 2969 1399 3027 fermentata
1426 2989 1568 3043 pane
1612 2976 1900 3030 sententiae
1937 2978 2179 3046 patroci-

592 3071 814 3126 nentur,
841 3062 1122 3116 Christum
1155 3063 1450 3118 Dominum
1480 3081 1589 3119 non
1631 3066 1763 3120 luna
1799 3084 1909 3132 xlv,
1941 3071 2034 3124 sed
2055 3087 2176 3138 xm,

591 3153 803 3208 Pascha
829 3155 1012 3226 egisse
1042 3157 1489 3226 pertinacissime
1518 3159 1844 3226 defendunt,
1873 3179 1998 3217 cum
2033 3180 2178 3220 non-

590 3246 720 3299 dum
759 3245 932 3302 Judiei
984 3249 1195 3320 azymis
1245 3261 1553 3306 uterentur.
1601 3253 1803 3308 Contra
1856 3253 2060 3324 Latini,
2109 3273 2178 3313 ne

592 3335 697 3390 hoc
727 3335 832 3392 sibi
876 3342 942 3393 de
975 3339 1194 3396 Domini
1225 3344 1477 3412 exemplo
1513 3345 1828 3413 praesidium
1861 3350 2178 3419 extorqueri

593 3425 858 3491 sinerent,
904 3439 1181 3499 negarunt
1222 3431 1352 3496 alio,
1403 3448 1571 3502 quam
1607 3451 1716 3504 quo
1759 3433 1930 3491 Judaei
1971 3441 2177 3504 caeteri,

591 3518 697 3582 die,
733 3518 1034 3589 legitimum
1064 3537 1266 3590 agnum
1298 3525 1625 3591 comedisse,
1665 3529 1768 3582 hoc
1811 3541 1899 3584 est
1929 3547 2019 3584 xlv
2051 3532 2180 3586 luna

593 3609 697 3663 sub
729 3625 1032 3679 veSperam.
1077 3611 1185 3668 Sed
1215 3615 1316 3669 ista
1347 3615 1611 3672 Graecula:
1645 3617 1793 3675 faecis
1820 3622 2027 3690 Opinio,
2051 3639 2184 3692 qna-

594 3709 753 3756 tenus
779 3701 1062 3758 Christum
1101 3705 1221 3760 sine
1253 3709 1464 3777 azymis
1491 3709 1800 3766 celebrasse
1845 3711 2056 3768 Pascha
2081 3715 2180 3770 do-

591 3801 698 3852 cet,
726 3793 958 3848 inscitiae
981 3803 1036 3850 et
1055 3796 1417 3853 absurditatis
1438 3799 1602 3854 habet
1626 3802 1944 3871 plurimum.
1967 3804 2180 3861 Etenim

593 3904 929 3958 quocunque
979 3891 1198 3944 tandem
1244 3893 1332 3947 die
1391 3892 1602 3949 Pascha
1659 3897 1912 3953 Christus
1959 3900 2177 3967 ohierit,

595 3993 721 4031 cum
759 3995 864 4032 una
895 3989 949 4033 et
974 3981 1307 4051 Azymorum
1331 3982 1657 4039 solemnitas
1677 3985 1970 4042 delibanda
1992 3987 2176 4052 fuerit,

594 4084 705 4122 non
757 4071 935 4138 magis
985 4071 1105 4125 sine
1150 4073 1359 4142 azymis
1405 4075 1603 4143 potuit,
1644 4091 1807 4146 quam
1857 4081 1976 4134 sine
2016 4096 2177 4151 agno,

595 4161 828 4216 solemni
881 4162 1009 4217 huic
1053 4161 1303 4232 religioni
1378 4165 1719 4223 satisfacere.
1773 4168 2009 4226 Proinde
2069 4189 2182 4227 non

596 4248 922 4304 fermentato
962 4267 1098 4306 usus
1131 4261 1238 4316 est,
1273 4268 1341 4307 ne
1389 4253 1585 4324 legem,
1630 4257 1790 4328 cujus
1821 4269 2018 4314 auctor
2042 4270 2180 4328 erat,

593 4339 936 4411 infringeret.
972 4341 1080 4396 Sed
1129 4359 1307 4412 neque
1348 4361 1533 4400 verum
1581 4359 1686 4413 est,
1719 4351 1865 4420 quod
1896 4351 2091 4416 Graeci,
2131 4364 2183 4408 ct

593 4431 734 4486 inter
757 4443 985 4489 caeteros
1034 4435 1336 4499 Cedrenus,
1377 4452 1442 4492 ac
1489 4437 1832 4510 Nicephorus
1877 4443 2178 4509 affirmant,

2205 3205 2253 3269 C

1680 389 2027 450 APPENDIX
2064 387 2697 448 DISSERTATIONUM.

3716 400 3798 457 988

2274 507 2526 562 ctoritate
2553 510 2824 573 nituntur,
2859 507 3118 572 hlattbmi,
3145 508 3311 565 Marci
3365 526 3429 564 ae
3466 510 3628 566 Lucae.
3667 511 3790 578 Quo-

2285 615 2406 653 rmn
2456 599 2666 669 primus
2717 592 2836 670 cap.
2897 617 3044 665 xxvi,
3077 601 3157 655 5:
3209 603 3285 672 Τῇ
3327 597 3389 654 δὲ
3423 601 3618 676 πρώτῃ,
3643 605 3802 674 inquit,

2282 689 2392 742 τῶν
2433 689 2683 760 Ἀζύμων
2719 690 3024 761 προσῆλθον
3051 693 3099 744 οἱ
3120 691 3383 761 μαθηταὶ,
3414 692 3585 745 Prima
3611 695 3682 746 die
3705 712 3807 763 asy-

2284 798 2489 835 morum
2519 793 2848 836 accesserunt
2874 783 3162 852 discipuli;
3194 783 3410 837 Marcus
3441 801 3562 838 vero
3588 801 3692 853 cap.
3722 803 3809 850 xiv,

2287 873 2355 926 12
2376 893 2388 927 :
2411 874 2520 927 Καὶ
2542 876 2606 943 τῇ
2632 871 2822 944 πρώτῃ
2844 873 3027 944 ἡμέρᾳ
3054 873 3162 925 τῶν
3199 872 3324 936 Ἀζύ
3335 891 3469 943 μων,
3491 874 3573 926 ὅτε
3593 874 3645 926 τὸ
3661 875 3813 944 Πάσχα
3842 896 3846 906 ·

2285 961 2464 1024 ἔθυον,
2500 961 2689 1015 Prima
2712 962 2797 1015 die
2830 977 3141 1030 azymorum
3161 1003 3174 1025 ,
3209 963 3418 1032 quando
3449 963 3644 1016 Pascha
3677 967 3811 1016 sacri-

2283 1055 2515 1122 ﬁcabant
2536 1069 2554 1116 ;
2578 1054 2812 1122 denique
2830 1053 3008 1107 Lucas
3037 1069 3154 1122 cap.
3188 1069 3278 1117 xx,
3306 1053 3338 1103 7
3365 1071 3379 1106 :
3409 1049 3571 1105 Ἦλθε
3598 1053 3648 1105 δὲ
3668 1055 3814 1123 ἡμέρα.

2283 1145 2392 1198 τῶν
2428 1145 2698 1216 Ἀζύμων,
2730 1147 2788 1198 ἐν
2879 1145 2987 1197 ἔδει
3014 1143 3234 1199 Θύεσθαι
3266 1144 3327 1197 τὸ
3358 1145 3563 1215 Πάσχα,
3585 1143 3712 1197 Venit
3727 1147 3812 1199 dics

2284 1253 2617 1308 azymorum,
2647 1240 2702 1290 in
2730 1254 2834 1307 qua
2871 1239 3143 1306 oportebat
3188 1237 3467 1289 immolare
3494 1235 3702 1290 Pascha.
3727 1236 3814 1289 Ma-

2283 1329 2481 1383 nifeste
2521 1329 2753 1398 primam
2790 1329 3120 1400 Azymorum
3146 1328 3439 1398 appellant,
3469 1343 3587 1397 quae
3617 1344 3644 1381 a
3668 1344 3815 1396 vespe-

2284 1436 2342 1476 ra
2366 1419 2513 1474 feriae
2536 1436 2565 1472 v
2593 1420 2776 1490 erepit,
2806 1437 2912 1489 qua
2947 1421 3036 1474 die
3065 1417 3274 1474 Pascha
3319 1421 3385 1473 de
3421 1435 3570 1473 more
3615 1421 3676 1472 ah
3716 1435 3816 1488 apo-

2285 1512 2442 1568 stolis
2491 1521 2895 1581 praeparatmn,
2949 1523 2999 1566 et
3052 1509 3434 1580 patrifamilias
3488 1511 3816 1565 denuntiatum

2283 1605 2519 1658 videtur.

2355 1695 2459 1748 Alii
2486 1710 2636 1756 vero,
2662 1693 2753 1763 qui
2780 1709 2904 1747 cum
2937 1692 3268 1763 Epiphanio,
3304 1694 3624 1759 czeterisque
3647 1694 3821 1764 gravis-

2285 1786 2439 1842 simis
2489 1786 2850 1855 scriptoribus
2906 1795 3106 1853 negant
3138 1785 3329 1838 eodem
3370 1785 3460 1838 die
3494 1783 3689 1838 Pascha
3709 1789 3824 1839 cele-

2278 1880 2517 1942 bratum,
2563 1876 2794 1932 Joannis
2856 1877 3232 1930 testimonium
3295 1874 3614 1945 proferunt;
3660 1877 3740 1944 qui
3783 1875 3823 1927 id

2279 1979 2482 2040 aperte,
2518 1985 2581 2024 ac
2613 1969 2746 2023 citra
2786 1969 3046 2038 ambages
3089 1968 3360 2035 significat
3395 1981 3408 2017 :
3460 1968 3684 2036 primum
3725 1982 3823 2034 cap.

2279 2060 2438 2126 xm,l
2469 2077 2485 2114 :
2515 2059 2628 2129 Πρὸ
2665 2059 2765 2129 τῆς
2786 2057 2979 2128 ἑορτῆς
3003 2057 3095 2110 τοῦ
3121 2057 3335 2126 Πάσχα,
3363 2057 3554 2111 scribit
3584 2055 3825 2110 Christum

2277 2153 2536 2221 paschale
2577 2165 2678 2205 suo
2712 2149 3029 2204 defunctum
3061 2189 3075 2212 ,
3126 2151 3175 2201 id
3222 2158 3307 2202 est
3341 2151 3479 2203 Ante
3525 2147 3704 2216 festum
3740 2146 3827 2199 Pu-

2277 2245 2434 2298 schav.
2471 2241 2601 2297 Item
2634 2258 2755 2311 cap.
2794 2258 2954 2306 xvm,
2984 2242 3076 2303 ‘28,
3103 2241 3324 2295 Judzeos
3353 2241 3432 2295 ait
3481 2239 3605 2309 ipso
3641 2241 3720 2292 die
3751 2253 3830 2306 pa-

2278 2349 2528 2389 rasceves
2557 2332 2761 2401 ingredi
2784 2332 3016 2385 noluisse
3037 2331 3378 2399 prwtoriunt,
3429 2346 3491 2382 ne
3532 2329 3829 2382 contamina-

2288 2432 2493 2486 rentur,
2526 2423 2616 2476 sed
2637 2434 2693 2473 ut
2717 2421 3042 2474 comedet-ent
3079 2419 3304 2474 Pascha.
3345 2419 3426 2473 Ad
3453 2419 3567 2472 haec
3593 2433 3702 2485 cap.
3739 2432 3830 2479 xix,

2281 2517 2366 2572 id:
2402 2517 2532 2570 Erat
2552 2525 2729 2569 autem
2749 2529 3030 2584 parauere
3065 2511 3304 2573 Paschw,
3334 2512 3471 2564 hora
3514 2511 3661 2581 quasi
3691 2522 3831 2562 sexta.

2277 2608 2486 2664 Cretera
2537 2607 2617 2661 vel
2680 2605 3017 2669 testimonia,
3069 2605 3154 2659 vel
3203 2613 3538 2672 argumenta
3588 2611 3829 2670 praetereo.

2282 2704 2424 2758 Sunt
2451 2702 2596 2758 enim
2626 2701 2728 2756 ista
2772 2701 3070 2772 prazcipua.

2347 2794 2471 2850 Jam
2508 2795 2560 2848 in
2599 2803 2750 2849 tanto
2811 2793 3132 2862 opinionum
3175 2791 3674 2860 aucloritatumque
3721 2801 3831 2842 con-

2280 2887 2451 2949 flictu,
2469 2887 2521 2940 in
2546 2901 2612 2940 eo
2637 2885 2982 2954 potissimum
3003 2883 3468 2953 acquiesceudum
3491 2883 3690 2951 judico,
3713 2881 3831 2950 quod

2281 2978 2350 3032 iis
2393 2975 2727 3031 testimoniis
2773 2974 3110 3043 approbatur
3137 3013 3151 3038 ,
3206 2961 3330 3042 q'uae
3360 2973 3415 3026 in
3454 2974 3676 3026 alteram
3720 2968 3834 3023 trahi

2281 3067 2606 3124 sententiam
2642 3074 2938 3136 nequeant,
2986 3081 3112 3119 cum
3172 3074 3390 3129 caetera,
3447 3081 3570 3134 qua:
3596 3059 3831 3117 contraria

2282 3159 2555 3225 videntur,
2594 3157 2874 3212 conciliari
2907 3157 3282 3225 explicarique
3343 3155 3582 3225 possint.
3626 3154 3690 3206 At
3716 3151 3835 3220 ejus—

2288 3251 2433 3308 modi
2467 3261 2550 3306 est
2577 3249 2846 3320 posterior
2878 3248 2991 3314 illa,
3047 3263 3212 3317 quam
3265 3247 3609 3316 Epiphanius
3653 3253 3836 3299 secutus

2282 3353 2385 3409 est,
2411 3343 2719 3398 sententia:
2752 3342 2839 3396 cui
2865 3357 2971 3396 non
3007 3341 3192 3409 pauci,
3247 3339 3527 3409 iidemque
3555 3335 3838 3392 auctoritate

2282 3445 2335 3490 et
2361 3436 2668 3490 eruditione
2709 3434 2982 3505 principes
3011 3449 3073 3488 su
3087 3433 3293 3503 ﬂragati
3327 3442 3500 3487 sunt:
3536 3430 3836 3497 maximeque

2283 3527 2487 3583 Paulus
2515 3526 2842 3597 Burgensis;
2878 3524 3084 3580 Paulus
3127 3523 3702 3594 Forosempronieosis
3745 3521 3837 3589 epi-

2284 3634 2517 3686 scopus;
2548 3616 2790 3673 Joannes
2813 3617 3067 3681 Lucidus,
3094 3615 3287 3669 Onufri
3299 3632 3383 3680 us,
3407 3613 3717 3677 Janseuius,
3737 3609 3837 3664 Mal-

2283 3711 2520 3765 donatus
2556 3717 2761 3774 noster,
2810 3715 2865 3762 et
2892 3707 3006 3760 alii.
3043 3706 3367 3776 Quanquam
3407 3720 3468 3761 et
3499 3707 3558 3772 ii,
3589 3716 3642 3760 et
3677 3717 3837 3756 omnes

2285 3802 2417 3865 fere,
2445 3802 2539 3871 qui
2587 3801 2851 3855 hactenus
2897 3798 3036 3852 hanc
3083 3798 3400 3868 opinionem
3435 3798 3670 3868 amplexi
3714 3804 3835 3852 sunt,

2285 3896 2350 3948 ad
2382 3894 2651 3964 vulgatam
2689 3893 2836 3946 illam
2864 3890 3126 3946 festorum
3163 3891 3606 3956 translationem,
3629 3903 3679 3946 et
3707 3889 3838 3943 feria-

2286 3999 2407 4037 rum
2439 3984 2706 4037 delectum
2729 3978 3023 4048 confugere
3044 3981 3244 4047 solent,
3286 3982 3720 4050 existimantque
3748 3976 3835 4045 pri-

2285 4091 2436 4129 ιιιιιιιι
2469 4091 2555 4146 ιη)
2575 4089 2788 4130 morum
2819 4073 2961 4128 diem
3011 4088 3295 4143 nunquam
3327 4088 3360 4128 a
3390 4073 3602 4142 Judaeis
3649 4071 3770 4126 feria
3795 4081 3837 4119 τι

2285 4165 2639 4221 celebratmn.
2672 4163 2875 4220 Verum
2905 4163 3148 4218 nondum
3195 4161 3344 4218 istud
3377 4161 3589 4218 Christi
3623 4167 3834 4228 tempore

2284 4259 2641 4314 constitutum
2673 4257 2864 4324 fuisse,
2887 4258 3086 4313 docent
3119 4256 3340 4326 ipsimet
3367 4251 3613 4308 Hebraei.
3641 4251 3714 4304 Ac
3733 4259 3837 4318 pro.

2287 4351 2428 4405 fecto
2459 4351 2504 4405 si
2540 4350 2980 4427 reﬁciendarum,
3013 4348 3578 4417 asciscendarumque
3611 4343 3837 4399 feriarum

2285 4443 2558 4497 ordinaria
2592 4430 2781 4498 finisset
2809 4442 2898 4495 illa
2927 4441 3090 4507 ratio,
3127 4450 3292 4510 atque
3321 4438 3390 4493 ab
3425 4436 3696 4492 universis
3715 4447 3840 4487 rece-

595 4522 874 4580 Christum
903 4526 991 4579 die
1011 4529 1215 4582 mensis
1240 4546 1359 4596 xm,
1387 4548 1493 4586 non
1533 4547 1623 4586 xlv
1647 4534 1955 4602 paschalem
1979 4537 2182 4591 obiisse
2218 4539 2258 4592 D
2289 4545 2400 4604 pta,
2428 4551 2605 4604 neque
2625 4534 2883 4590 Christus
2909 4534 3192 4594 Dominus,
3219 4549 3321 4589 nec
3338 4534 3431 4587 ulli
3458 4534 3680 4587 omnino
3694 4523 3835 4582 ιιιιύῖυὶ

595 4630 859 4671 ctnnam:
910 4634 1087 4690 neque
1128 4623 1180 4675 id
1232 4621 1572 4692 Epiphanius
1635 4627 1835 4693 sentit;
1894 4635 1953 4681 ut
1995 4632 2176 4699 magni

594 4707 817 4776 quidam
849 4709 953 4762 viri
989 4713 1364 4768 crediderunt.
1393 4713 1508 4770 lmo
1552 4733 1679 4771 vero
1714 4719 1876 4773 etiam
1915 4729 2045 4774 ante
2079 4737 2177 4774 xm

596 4801 782 4856 lunam
816 4803 997 4875 egisse
1039 4803 1250 4861 Pascha
1287 4809 1499 4872 statuit,
1539 4809 1642 4865 hoc
1680 4821 1766 4866 est
1807 4823 2038 4868 exeunte
2078 4813 2179 4869 Ju-

595 4893 751 4948 daica
781 4895 912 4949 luna
951 4912 1051 4960 xli,
1093 4897 1310 4954 Nicaena
1341 4916 1473 4954 vero
1509 4918 1585 4967 xl,
1621 4912 1680 4958 ut
1718 4919 1820 4958 suo
1850 4904 1970 4960 loco
2000 4905 2180 4961 decla-

597 4992 777 5038 ratum
807 4994 909 5040 est.
947 4986 1053 5041 Sed
1093 4991 1402 5046 obscuritas
1447 4993 1552 5048 loci
1593 4993 1744 5060 facit,
1785 5007 1846 5050 ut
1876 4997 1942 5050 iis
1984 5014 2180 5053 concc-

596 5074 771 5128 denda
816 5078 970 5130 venia
1017 5082 1109 5146 sit,
1171 5081 1267 5150 qui
1317 5081 1457 5138 falso
1508 5084 1797 5156 Epiphanii
1852 5090 2176 5143 sententiam

597 5167 938 5236 interpretati
962 5182 1111 5228 sunt.
1148 5174 1350 5230 Verum
1385 5179 1588 5233 omissa
1625 5178 2001 5236 Grazculorum
2041 5197 2178 5237 con--

593 5259 887 5326 troiersia,
923 5277 1046 5330 qua:
1076 5264 1410 5322 difﬁcultatis
1461 5269 1624 5323 habet
1670 5270 1828 5337 nihil,
1876 5271 1930 5326 in
1968 5273 2176 5344 reliqua

591 5351 741 5404 omni
795 5354 1101 5421 quaestione
1157 5361 1443 5415 tractanda
1495 5377 1562 5415 eo
1619 5362 1898 5420 breviores
1947 5367 2175 5434 erimus,

593 5443 737 5509 quod
767 5446 1011 5515 plerique
1040 5449 1156 5505 suis
1185 5450 1336 5505 illam
1370 5453 1593 5522 scriptis
1628 5455 1917 5524 diligenter
1942 5459 2180 5527 explica-

596 5541 740 5585 runt.
779 5534 1147 5601 Quamobrem
1181 5541 1470 5610 utriusque
1510 5545 1683 5612 partis
1715 5546 1957 5602 rationes
1986 5549 2176 5617 paucis

594 5622 928 5678 aestimanda:
950 5636 1099 5681 sunt.

664 5713 770 5779 Qui
799 5715 986 5770 eadem
1017 5718 1125 5783 die,
1157 5736 1264 5790 qua
1308 5721 1486 5778 Judaei
1527 5726 1732 5788 caeteri,
1767 5727 1971 5782 Pascha
2029 5733 2175 5786 cele-

598 5799 786 5859 brasse
816 5805 1100 5863 Christum
1121 5812 1345 5879 volunt,
1376 5815 1832 5883 evangelistarum
1870 5823 2032 5877 trium
2071 5841 2171 5879 au-

2291 4627 2633 4690 neomenias,
2693 4626 2970 4697 festosque
3011 4626 3145 4681 dics-
3187 4626 3386 4688 aliter,
3421 4641 3590 4695 quam
3619 4639 3681 4677 ex
3729 4618 3836 4688 legis

2290 4720 2447 4774 istius
2481 4719 2797 4788 praescripto
2837 4719 3225 4773 celebrassent.
3255 4715 3374 4771 Non
3412 4718 3564 4772 enim
3608 4725 3833 4784 ptzecepa‘,

2290 4828 2389 4866 nec
2411 4811 2641 4878 abrupta
2676 4809 2779 4864 fuit
2803 4810 3060 4864 feriarmn
3092 4811 3182 4863 illa
3206 4809 3460 4870 mutatio.
3489 4809 3588 4864 sed
3607 4808 3714 4877 jam
3743 4813 3836 4856 tum

2288 4901 2342 4954 in
2378 4901 2498 4970 ipso
2528 4900 2656 4954 anni
2705 4899 2880 4969 capite
2908 4899 3179 4968 provideri
3247 4913 3314 4952 ac
3341 4895 3618 4966 designari
3637 4900 3835 4948 mnsit-

2286 5001 2456 5059 verat.
2482 4992 2637 5047 Velut
2667 5007 2811 5044 anno
2842 4991 3114 5060 passionis
3137 4989 3339 5044 factum
3371 5003 3495 5043 esse
3519 5001 3587 5040 ex
3613 4981 3837 5054 opinione

2291 5084 2554 5152 Scaligeri
2586 5100 2751 5154 supra
2777 5083 3020 5136 diximus
3060 5100 3074 5136 :
3123 5081 3175 5134 in
3200 5097 3311 5152 quo
3346 5095 3472 5136 cum
3498 5077 3642 5132 Tisri
3675 5091 3702 5128 a
3727 5072 3832 5126 feria

2288 5194 2339 5232 tv
2367 5178 2420 5230 in
2451 5193 2480 5229 v
2516 5177 2852 5240 transiisset,
2887 5189 3231 5243 consequens
3256 5171 3380 5236 fuit,
3407 5180 3467 5225 ut
3484 5181 3542 5226 et
3565 5169 3722 5224 Nisan
3749 5181 3775 5217 a
3793 5177 3831 5214 ιι

2299 5270 2718 5330 suhmiweretnr
2765 5270 2818 5322 in
2849 5283 2944 5320 vn.
2978 5265 3092 5321 Hoc
3119 5265 3281 5334 igitur
3313 5264 3358 5320 si
3384 5263 3614 5335 vulgare
3641 5277 3704 5316 ac
3725 5270 3833 5334 pel“

2287 5370 2510 5432 pctuum
2543 5372 2714 5424 esset,
2743 5374 2904 5414 nemo
2927 5376 2958 5412 ει
2986 5357 3265 5415 communi
3291 5355 3688 5412 cuttsnetudine
3711 5361 3834 5406 lece—

2285 5456 2456 5510 derct.
2491 5452 2762 5520 Quocirca
2792 5451 3282 5506 extraordinariam
3315 5449 3635 5520 quamdam,
3659 5453 3714 5502 et
3739 5443 3834 5500 sin-

2289 5546 2531 5614 gularem
2570 5545 3037 5613 perturbationem
3081 5542 3359 5598 exstitisse
3409 5537 3706 5596 verisimile
3745 5541 3832 5594 (λιιι

2302 5654 2408 5709 tua:
2441 5653 2507 5692 eo
2556 5639 2821 5692 duntaxat
2867 5652 3057 5691 mense
3106 5634 3416 5706 contigerit,
3465 5647 3583 5704 quo
3607 5627 3832 5702 Christus

2287 5748 2484 5802 passus
2511 5741 2595 5786 est
2627 5750 2638 5786 :
2668 5731 2804 5785 adeo
2834 5741 2893 5784 ut
2934 5746 3040 5784 non
3072 5729 3189 5799 ipse
3215 5728 3396 5808 solum
3421 5741 3556 5782 cum
3583 5719 3829 5806 apostolis.

2286 5826 2376 5880 scd
2406 5835 2456 5880 et
2485 5824 2576 5879 alii
2600 5823 2818 5878 diverso
2847 5839 2876 5877 a
2906 5822 3117 5879 caeteris
3141 5821 3228 5878 dic
3251 5819 3608 5878 eelebrarint.
3637 5813 3762 5872 Hal
3783 5815 3829 5864 ει
