4064 6430
347 452 461 513 989

1288 451 1373 508 DE
1411 449 1601 527 ANNO
1642 449 1732 506 ΕΤ
1772 448 1886 508 DIE
1927 449 2283 508 ΒΟΜΙΝΙΟᾹΞ
2327 450 2702 509 PASSIONIS.

3519 427 3627 512 996

347 573 489 630 illud
520 571 812 645 Epiphanii
840 574 1004 629 verba
1035 573 1152 645 ipsa
1182 575 1486 642 declarant,
1522 590 1647 630 cum
1684 574 1931 645 θόρυϐον,
1965 581 2010 637 Α
2036 574 2389 644 evangelistis
2441 581 2634 633 contra
2688 572 2831 625 hanc
2879 569 3193 639 opinionem
3248 568 3622 636 adducuntur,

346 678 419 719 ac
444 663 843 719 dissensionem
900 662 958 719 in
1012 666 1262 721 obeunda
1319 665 1635 721 celebritate
1675 663 1935 720 incidisse

345 753 682 824 significant.

421 844 580 901 Hunc
614 847 670 901 in
718 846 942 902 modum
988 847 1259 916 explicata
1300 864 1331 902 a
1363 850 1524 908 nobis
1586 867 1653 908 ac
1709 849 1930 907 defensa

344 937 660 992 communis
692 937 782 991 illa
826 939 1094 993 sententia
1129 940 1301 994 multo
1336 956 1500 1009 quam
1532 942 1699 997 altera
1734 943 1933 1011 proba-

343 1028 517 1084 bilior
564 1028 701 1084 mihi
731 1029 969 1096 videtur,
998 1045 1124 1084 cum
1172 1039 1279 1086 tam
1311 1032 1514 1086 diserta
1564 1048 1931 1102 expressaque

340 1118 575 1176 Joannis
620 1122 932 1176 testimonia
971 1121 1116 1185 sint,
1169 1122 1315 1177 nulla
1365 1137 1425 1178 ut
1457 1124 1730 1178 cavillatio
1758 1124 1932 1193 possit

340 1209 587 1265 eludere.
618 1208 775 1278 Quod
821 1212 964 1265 enim
996 1211 1135 1266 diem
1164 1212 1357 1281 festum
1414 1210 1633 1268 Pascha:
1661 1228 1758 1282 pro
1785 1213 1928 1269 civili

340 1300 470 1370 ipso
501 1301 587 1355 die
608 1342 624 1368 ,
659 1317 724 1356 ac
755 1300 848 1356 τοῦ
882 1301 1229 1373 νυχθημέρου
1272 1302 1561 1372 posteriori
1600 1309 1755 1372 parte
1782 1300 1926 1356 sumi

338 1390 568 1460 quidam
602 1392 941 1457 existimant,
976 1409 1152 1464 quam
1183 1395 1429 1462 sequenti
1460 1401 1583 1447 ortu
1621 1391 1754 1447 solis
1791 1390 1928 1445 inci-

323 1474 497 1552 peret
524 1501 537 1537 :
571 1481 623 1538 id
653 1484 745 1537 alii
772 1484 966 1539 merito
998 1485 1305 1554 repudiant.
1354 1481 1545 1552 Neque
1588 1483 1735 1537 enim
1767 1496 1926 1537 com~

338 1575 540 1630 modus
571 1575 660 1630 hic
712 1591 910 1637 sensus
948 1576 1165 1631 videtur
1193 1591 1206 1626 :
1234 1576 1372 1629 Ante
1415 1577 1608 1645 festum
1644 1573 1925 1628 Paschalis

335 1665 587 1721 Christus
618 1665 833 1721 Pascha
862 1668 1144 1722 celebravit
1170 1684 1188 1722 :
1220 1668 1361 1738 quod
1386 1683 1451 1722 ex
1473 1668 1576 1722 ista
1610 1665 1924 1736 responsio-

333 1773 413 1814 ne
444 1757 711 1828 sequitur.
757 1757 976 1813 Falsum
1019 1770 1073 1813 et
1100 1759 1232 1812 illud
1263 1772 1369 1824 est,
1402 1758 1549 1828 quod
1584 1758 1651 1812 de
1683 1758 1924 1812 secundo

330 1847 572 1906 Joannis
604 1851 920 1905 testimonio
951 1850 1154 1906 dicitur
1185 1869 1198 1905 :
1232 1850 1563 1905 Mauducare
1595 1849 1827 1917 Pascha,
1856 1850 1923 1904 de

2043 665 2195 719 nul'o
2225 665 2444 733 negotio
2476 663 2863 719 conciliantur.
2897 659 3136 713 Primam
3169 659 3315 714 enim
3349 660 3423 715 illi
3475 660 3622 716 diem

2041 757 2374 828 Azymorum
2412 763 2613 810 vocant
2652 769 2771 808 eam
2804 751 3031 816 scilicet,
3058 752 3219 820 cujus
3254 752 3307 804 in
3338 766 3621 819 vesperam

2039 846 2266 902 Pascha:
2298 846 2594 902 celebritas
2619 885 2634 909 ,
2664 854 2719 899 et
2748 842 3081 914 Azymorum
3110 841 3325 895 initium
3371 842 3622 897 incurre-

2039 948 2141 1002 ret,
2172 938 2362 1004 utique
2392 953 2458 992 ex
2488 938 2623 1005 lege,
2666 933 3045 1001 majorumque
3082 931 3436 1000 praescripto:
3472 930 3620 998 quod

2038 1031 2481 1084 animadvertens
2526 1025 2703 1080 Lucas
2746 1022 3042 1093 prudenter
3088 1019 3314 1090 adjecit,
3346 1013 3466 1093 ὲνῇ
3511 1018 3622 1072 ἔδει

2038 1121 2284 1185 θύεσθαι,
2314 1121 2472 1190 quasi
2512 1117 2735 1173 Scribas
2768 1131 2834 1171 ac
2873 1114 3180 1169 Phariszeos
3211 1112 3431 1182 oblique
3470 1122 3621 1167 nota-

2037 1221 2140 1281 ret,
2176 1212 2270 1282 qui
2302 1213 2360 1264 ὲν
2462 1209 2566 1262 οὐκ
2584 1208 2692 1261 ἔδει
2719 1206 3185 1261 sacriticaverant.
3210 1203 3445 1272 Adjuvat
3464 1217 3617 1258 com-

2036 1316 2260 1358 munem
2296 1301 2439 1355 hanc
2487 1297 2998 1368 interpretationem
3051 1293 3371 1363 conjectura
3405 1292 3497 1347 illa
3527 1306 3623 1348 nov

2034 1401 2172 1454 stra,
2229 1406 2396 1461 quam
2460 1398 2621 1444 antea
2681 1386 3109 1457 proposuimus:
3160 1383 3431 1453 ejusmodi
3492 1391 3621 1438 tunc

2036 1482 2203 1539 fuisse
2234 1482 2605 1538 celebritatem
2642 1478 2956 1541 Paschalis,
2999 1486 3060 1531 ut
3113 1490 3241 1529 cum
3290 1482 3620 1545 pratpostere

2033 1586 2099 1626 ac
2131 1571 2445 1641 perturbate
2488 1585 2518 1624 a
2552 1568 2789 1624 concilio
2820 1566 3204 1622 denuntiatum
3234 1571 3401 1628 esset,
3452 1571 3620 1632 atque

2032 1661 2196 1717 etiam
2228 1662 2305 1716 illi
2335 1660 2574 1715 fortasse
2593 1659 2956 1729 praestitutam
2991 1656 3361 1718 neomeuiam,
3385 1653 3616 1710 Pascha-

2034 1753 2213 1821 tisque
2246 1752 2390 1806 diem
2429 1749 2822 1813 retexuissent,
2855 1747 3103 1816 plerique
3136 1760 3261 1799 cum
3307 1743 3531 1799 Christo
3560 1753 3616 1796 et

2031 1841 2296 1911 apostolis
2337 1842 2479 1895 diem
2514 1840 2668 1893 illum
2689 1836 3091 1893 observandum
3143 1834 3475 1904 putaverint,
3502 1847 3615 1903 quo

330 1957 670 2014 quocunque
711 1941 1057 1998 victimarum
1090 1946 1348 2012 usurpari
1399 1958 1597 2014 genere
1620 1984 1636 2008 ,
1675 1957 1795 2013 qua:
1828 1957 1923 2012 per
1955 1940 1995 1994 Β
2027 1935 2199 2005 prius,
2232 1941 2287 1988 et
2308 1932 2530 2001 quidem
2557 1930 2800 2001 legitimo
2831 1938 3076 1997 tempore
3108 1925 3286 1980 fuerat
3320 1924 3610 1989 indictum,

332 2042 598 2103 septenos
623 2032 741 2089 dies
765 2033 1141 2088 immolantur.
1181 2033 1339 2099 Quod
1377 2048 1445 2088 ex
1478 2031 1772 2088 Deuteron.
1807 2048 1919 2098 xvt,

329 2123 396 2188 2,
429 2132 485 2179 et
517 2121 557 2177 ll
589 2121 853 2194 Paralip.,
898 2138 1019 2194 cap.
1068 2139 1174 2178 xxx
1262 2139 1327 2178 ac
1387 2122 1922 2192 xxxv,comprobare

330 2213 555 2270 nititur.
574 2212 769 2270 Nullus
794 2223 878 2269 est
898 2214 1043 2269 enim
1065 2213 1364 2284 Scriptura:
1385 2213 1558 2279 locus,
1575 2212 1664 2266 ubi
1689 2210 1925 2266 Pascha-

330 2306 432 2370 tis,
460 2305 575 2361 sive
624 2304 800 2362 Phase
846 2305 1113 2361 vocabulo
1165 2305 1484 2361 holocausta
1536 2319 1600 2359 ac
1651 2302 1919 2359 sacrificia

327 2406 532 2453 caetera
594 2397 1004 2469 signiﬁcentur,
1061 2406 1120 2451 ut
1152 2399 1223 2451 sit
1285 2396 1422 2451 idem
1466 2395 1795 2459 sacrificare,
1839 2394 1921 2447 vel

328 2489 674 2545 manducare
705 2487 905 2555 Phase,
942 2489 1091 2559 quod
1149 2504 1244 2544 cas
1276 2487 1562 2542 immolare
1600 2502 1664 2541 ac
1693 2487 1924 2539 mandu-

328 2598 465 2637 care
495 2582 767 2648 victimas,
792 2599 916 2652 qua:
944 2598 1038 2652 per
1065 2593 1324 2650 septenos
1355 2596 1674 2651 azymorum
1705 2579 1822 2632 dies
1865 2578 1917 2631 in

329 2673 540 2744 templo
572 2673 971 2728 maelahautur.
1022 2672 1099 2727 Ac
1150 2671 1557 2727 Deuteronontii
1590 2670 1809 2741 quidem
1840 2668 1921 2723 lo-

326 2778 438 2818 cus
464 2762 535 2816 ita
560 2761 949 2831 concipiendos
990 2773 1074 2818 est
1103 2778 1116 2815 :
1160 2761 1574 2831 Immolabisque
1612 2760 1781 2814 Phase
1812 2759 1921 2813 Do-

326 2856 481 2910 mino
531 2853 637 2908 Deo
670 2862 796 2909 tuo:
830 2870 969 2920 oves,
1021 2863 1070 2908 et
1118 2856 1288 2908 boves.
1315 2852 1483 2916 LXX,
1507 2852 1611 2905 Kal
1648 2851 1833 2916 θύσεις
1857 2851 1919 2905 τὸ

324 2946 530 3017 Πάσχα
550 2946 740 3018 Κυρίῳ
769 2945 851 3017 τῷ
880 2945 999 3017 Θεῷ
1027 2963 1143 3010 σου,
1171 2946 1414 3017 πρόϐατα
1444 2944 1537 2998 καὶ
1568 2944 1713 3015 βόας.
1758 2943 1922 3000 lubet

327 3038 599 3093 nimirum
631 3048 824 3106 praeter
853 3036 1065 3093 Pascha
1100 3040 1264 3093 etiam
1298 3038 1438 3092 alias
1464 3037 1736 3091 immolari
1760 3038 1918 3092 victi-

328 3144 457 3185 tnas
484 3147 499 3197 ;
524 3145 632 3184 non
658 3139 839 3185 autem
863 3146 958 3186 eas
987 3131 1241 3185 victimas
1270 3129 1506 3199 appellat
1544 3127 1741 3182 Phase.
1797 3126 1916 3182 1am

326 3221 491 3288 illud,
522 3222 664 3291 quod
698 3220 739 3276 ll
772 3220 976 3289 Paral.,
997 3238 1045 3277 c.
1096 3221 1539 3292 xxxv,scriplutn
1598 3219 1871 3274 aﬂirmant
1899 3236 1914 3286 ;

325 3314 475 3381 quod
500 3329 571 3367 vn
599 3312 783 3367 diebus
813 3312 1065 3383 agebatur
1092 3310 1285 3373 Phase,
1320 3320 1368 3363 et
1392 3309 1918 3364 contedebaturPha-

326 3421 413 3467 se,
434 3405 578 3460 unde
607 3405 917 3473 acceperint
954 3403 1163 3457 nescio.
1196 3401 1477 3472 Nusquam
1506 3402 1654 3455 enim
1702 3403 1753 3455 id
1784 3402 1917 3470 legi-

326 3504 446 3551 tur.
478 3494 619 3562 Quin
658 3496 840 3565 potius
864 3494 1077 3549 Pascha
1109 3493 1322 3549 caeteris
1360 3494 1430 3547 ab
1471 3492 1759 3547 sacrificiis
1802 3508 1918 3547 ma-

326 3586 534 3643 nifeste
565 3586 929 3654 discernitur,
973 3603 1094 3657 cap.
1128 3603 1258 3651 xxx,
1286 3600 1430 3640 com.
1468 3583 1548 3646 l5,
1582 3594 1634 3638 el
1666 3599 1714 3639 c.
1750 3601 1913 3653 xxxv,

325 3694 477 3736 com.
519 3680 584 3734 16
605 3688 659 3734 et
691 3679 777 3734 l7.
1712 3682 1717 3687 ‘

409 3771 689 3827 Postremo
736 3771 1094 3826 Parascevem
1150 3769 1374 3825 Pascha:
1404 3769 1649 3824 inaudita
1681 3771 1914 3840 quadam

327 3865 593 3935 loquendi
634 3864 849 3918 ratione
900 3863 1103 3918 dictam
1156 3863 1347 3916 volunt
1389 3861 1748 3917 Parascevem
1779 3861 1916 3917 Sali-

328 3958 471 4021 hati,
507 3972 628 4027 quae
656 3957 845 4010 eadem
870 3965 924 4009 et
943 3954 1171 4019 Pascha,
1207 3955 1325 4010 sive
1350 3954 1527 4024 prima
1556 3955 1674 4011 dies
1695 3970 1918 4026 azymo-

331 4066 459 4105 rum
488 4058 653 4104 esset.
672 4046 865 4118 Neque
886 4047 1032 4101 enim
1048 4044 1337 4102 Paschalis
1364 4046 1530 4100 ullam
1559 4043 1915 4102 Parascevem

328 4140 508 4197 fuisse
548 4151 799 4203 censent;
839 4138 1100 4208 quoniam
1134 4138 1282 4191 nulla
1332 4137 1505 4207 pridie
1534 4137 1680 4191 illius
1701 4137 1807 4191 diei
1839 4138 1918 4191 ci-

326 4232 486 4289 baria
520 4231 872 4299 parabantur,
899 4244 1024 4283 eum
1057 4228 1110 4283 id
1156 4229 1275 4299 ipso
1338 4227 1476 4283 festo
1503 4227 1692 4282 liceret
1735 4243 1912 4298 agere.

326 4321 536 4378 Verum
571 4321 694 4391 quis
722 4329 826 4387 est,
852 4320 947 4390 qui
978 4318 1319 4373 tolerabilem
1352 4320 1492 4373 hanc
1518 4319 1774 4389 loquendi
1812 4318 1919 4373 for-

327 4430 477 4470 tnam
512 4423 663 4483 putet
715 4427 858 4480 esse,
893 4420 954 4465 ut
985 4409 1293 4467 Parasceve
1325 4408 1613 4466 Paschalis
1647 4411 1720 4466 sit
1750 4410 1916 4465 Para-

325 4522 493 4563 seeve
526 4504 772 4567 Sabbati,
802 4504 856 4558 in
908 4518 1073 4573 quam
1103 4502 1357 4557 inciderit
1395 4501 1648 4558 Pascha?
1673 4500 1912 4557 Nimium

2026 2042 2206 2097 neque
2258 2041 2456 2080 vanam
2511 2023 2659 2077 illam
2722 2021 3114 2092 magistrorum
3165 2016 3612 2072 relractationem

2024 2118 2359 2175 curaverint.
2404 2115 2481 2170 Ex
2524 2131 2636 2187 quo
2668 2113 2872 2168 factum
2909 2110 2979 2167 sit
3009 2152 3024 2175 ,
3059 2118 3119 2165 ut
3153 2108 3390 2180 apostoli
3425 2115 3614 2178 parata

2030 2210 2174 2280 apud
2202 2210 2355 2263 illum
2383 2208 2654 2277 hospitem
2688 2202 2875 2259 omnia
2911 2200 3239 2270 repererint.

2092 2300 2210 2355 Col.
2229 2299 2336 2355 933
2353 2298 2416 2355 D.
2440 2294 2929 2365 XvMaderewt
2944 2291 3013 2346 δὲ
3037 2290 3110 2359 τῇ
3133 2291 3322 2359 τρίτῃ.
3346 2287 3466 2344 Jam
3492 2289 3608 2345 hzec

2022 2389 2205 2446 facilia
2257 2398 2405 2452 sunt,
2465 2387 2739 2442 intellecta
2769 2383 2934 2439 semel
2983 2380 3271 2452 Epiphanii
3317 2381 3606 2435 sententia.

2023 2483 2346 2552 Quanquam
2372 2479 2721 2535 librariorum
2744 2476 2903 2546 culpa
2924 2474 3173 2543 quaedam
3198 2485 3328 2528 sunt
3347 2481 3607 2537 concepta

2023 2590 2307 2646 perperam
2326 2590 2341 2640 ;
2368 2587 2491 2642 qua:
2510 2570 2911 2639 Diagrammate
2925 2563 3243 2635 corrigenda
3262 2572 3410 2617 sunt.
3433 2561 3606 2617 Caete-

2024 2683 2146 2721 rum
2172 2665 2442 2737 ήμερινήν
2493 2678 2613 2717 eam
2659 2661 2846 2714 lunam
2879 2665 3060 2721 vocat,
3112 2672 3235 2725 quae
3272 2654 3504 2709 civiliter
3535 2660 3606 2712 ah

2025 2767 2146 2813 ortu
2174 2758 2308 2812 solis
2340 2754 2408 2808 ad
2450 2767 2704 2808 occasum
2749 2749 3094 2818 perdueitur;
3126 2746 3446 2816 νυκτερινήν
3476 2759 3606 2799 vero

2031 2863 2154 2919 quae
2201 2856 2417 2900 noctem
2454 2849 2701 2906 occupat.
2735 2838 2855 2906 Qua
2884 2853 2952 2893 ex
2996 2835 3380 2890 observatione
3413 2848 3607 2888 corru-

2023 2949 2126 3010 pta:
2154 2935 2404 2993 lectionis
2437 2933 2629 2987 vilium
2672 2946 2769 3001 per
2796 2944 2917 2983 sese
2957 2926 3224 2997 proditur.
3279 2922 3472 2979 Scribe
3504 2923 3607 2994 igi-

2023 3040 2150 3094 tur,
2188 3037 2414 3082 auctore
2455 3023 2726 3094 Keplero:
2780 3020 3015 3090 Πέμπτη
3061 3017 3481 3090 τρισκαιδεκάτῃ
3510 3034 3607 3071 νυ-

2021 3119 2268 3190 κτερινὴ,
2291 3114 2531 3188 ἡμερινὴ
2554 3114 2612 3167 δὲ
2656 3099 2958 3180 δωδεκάτη.
2989 3108 3146 3176 Quod
3190 3110 3382 3177 utique
3417 3122 3607 3162 ncces-

2020 3209 2226 3265 sarium
2257 3219 2363 3271 est,
2394 3207 2439 3262 si
2473 3205 2672 3276 τετράς
2724 3202 2909 3268 fuerit,
2943 3200 3221 3271 δωδεκάτη
3278 3200 3603 3271 νυκτερινὴ,

2019 3315 2144 3354 nam
2179 3299 2261 3353 hac
2289 3298 2391 3352 sibi
2436 3297 2668 3350 invicem
2716 3292 3038 3355 succedunt,
3090 3301 3288 3357 utquae
3315 3291 3603 3361 νυκτερινὴ

2018 3391 2207 3453 fuerit,
2242 3389 2335 3444 flat
2371 3388 2624 3459 ἡμερινή.
2654 3383 2849 3438 Notum
2876 3382 3021 3437 enim
3055 3391 3141 3436 est
3186 3379 3405 3436 Judteos
3444 3396 3473 3434 a
3506 3397 3606 3434 no-

2019 3493 2103 3539 cte
2136 3483 2278 3537 diem
2299 3480 2592 3549 auspicari.
2615 3478 2851 3534 Deinde:
2890 3476 3278 3546 Προσάὁϐατον
3304 3491 3607 3547 τεσσαρεσ-

2020 3572 2321 3642 καιδεκάτη
2343 3570 2631 3641 νυκτερινὴ
2672 3568 2780 3641 πρὸ
2807 3566 3105 3637 δεκατριῶν
3134 3565 3273 3620 Kak.
3325 3564 3462 3620 Nam
3512 3582 3606 3621 su-

2017 3665 2201 3737 perior
2246 3665 2364 3732 dies
2407 3663 2517 3734 πρὸ
2563 3661 2978 3731 δεκατεσσάρων
3028 3659 3145 3729 jam
3206 3658 3414 3713 habuit.
3468 3656 3602 3712 llcm

2018 3757 2294 3811 Σάϐϐατον
2323 3753 2782 3822 πεντεκαιδεκάτη
2799 3752 3111 3822 νυκτερινὴ.
3132 3748 3267 3804 Nam
3291 3751 3357 3805 de
3385 3748 3604 3805 Nil-anna

2019 3850 2147 3904 luna
2175 3847 2432 3918 loquitur,
2458 3862 2565 3899 non
2602 3846 2668 3899 de
2690 3841 2938 3897 Judaica.
2976 3840 3109 3907 Quae
3141 3842 3326 3896 omnia
3346 3856 3413 3895 ex
3448 3854 3604 3911 supe-

2018 3940 2150 3997 riori
2181 3941 2445 3996 laterculo
2478 3937 2768 4009 repetenda
2804 3944 2955 3992 sunt.

2089 4054 2227 4109 Ibid.
2240 4051 2706 4124 Ἐπιερώσκουσα
2722 4050 3007 4121 Κυρτακή.
3026 4050 3129 4117 Qui
3149 4051 3292 4113 hunc
3314 4047 3603 4119 Epiphanii

2018 4147 2199 4202 locum
2232 4145 2526 4215 percurrit,
2557 4145 2845 4214 diligenter
2874 4145 2923 4197 id
2949 4142 3384 4198 animadvertere
3409 4141 3601 4205 debet;

2017 4234 2161 4305 quod
2189 4232 2462 4304 superiori
2496 4232 2887 4289 dissertatione
2934 4232 3159 4300 copiose
3189 4229 3449 4284 traditum
3478 4238 3599 4294 est;

2017 4326 2156 4382 falsa
2184 4327 2299 4382 haec
2323 4341 2466 4387 esse,
2492 4341 2616 4395 quae
2645 4323 2713 4378 de
2741 4323 2870 4378 luna
2917 4322 3177 4377 dicuntur
3222 4321 3432 4384 omnia,
3455 4327 3511 4373 et
3534 4335 3600 4374 ex

2017 4416 2308 4488 Epiphanii
2339 4414 2767 4470 hallucinatione
2785 4412 3026 4484 profecta
3052 4431 3068 4480 ;
3093 4412 3187 4485 qui
3206 4411 3600 4482 aequinoctium

2022 4524 2052 4563 a
2081 4525 2185 4563 xxv
2240 4506 2422 4562 Martii
2454 4506 2521 4561 ad
2554 4521 2666 4559 xm
2695 4521 2710 4569 ;
2740 4504 3100 4574 plenilunium
3132 4519 3260 4558 vero
3308 4503 3378 4557 ab
3406 4502 3596 4557 eadem

326 4600 438 4653 hoc
465 4597 760 4652 absurdum
794 4603 897 4650 est.
924 4593 1032 4649 Sed
1064 4602 1119 4648 et
1148 4594 1278 4649 illud
1316 4593 1696 4660 falsissimum,
1724 4594 1914 4665 prima:
1948 4613 1989 4668 ι)
2020 4616 2126 4654 xxv
2151 4600 2238 4655 die
2260 4614 2325 4654 ex
2357 4596 2575 4652 Nica-na
2616 4595 2876 4659 formula,
2912 4594 2992 4650 vel
3020 4596 3202 4666 potius
3230 4610 3263 4649 a
3300 4610 3424 4649 atva
3474 4609 3600 4664 per-

323 4688 439 4745 dici
470 4689 822 4760 Azymorum,
858 4694 1294 4755 ceterorumque
1338 4685 1604 4741 festorum
1652 4685 1916 4741 Parasee-

323 4795 451 4835 vent
486 4780 686 4833 nullam
714 4776 906 4840 fuisse,
941 4778 1087 4847 quod
1112 4793 1177 4832 ex
1203 4776 1556 4832 Hebraeorum
1599 4779 1820 4850 scriptis
1844 4780 1913 4835 ab

322 4872 453 4930 aliis
488 4872 781 4925 refutatum
812 4877 917 4933 est,
950 4878 1010 4923 ut
1039 4874 1092 4923 in
1116 4885 1183 4925 eo
1207 4870 1534 4925 commorari
1560 4871 1695 4925 nihil
1721 4872 1793 4926 sit
1820 4889 1913 4927 ne-

321 4980 505 5021 cesse.
542 4960 638 5016 Est
661 4959 795 5016 illud
826 4959 1048 5031 quidem
1076 4969 1221 5015 recte
1253 4960 1306 5014 in
1338 4958 1635 5014 Annalibus
1661 4962 1914 5017 observa-

323 5069 470 5121 tum,
502 5055 649 5110 nulla
671 5053 973 5108 Para5ceve
998 5052 1065 5107 ad
1097 5053 1251 5108 cibos
1278 5055 1331 5107 ir.
1356 5053 1552 5108 festum
1574 5055 1716 5109 diem
1748 5072 1914 5126 appa-

321 5148 530 5206 randos
558 5164 696 5218 opus
729 5148 919 5213 fuisse,
955 5145 1102 5217 quod
1127 5146 1181 5200 in
1212 5146 1345 5201 solis
1389 5145 1644 5203 Sahbalis
1674 5134 1912 5217 coquere

320 5240 484 5297 cibos
539 5239 886 5294 interdictum
928 5245 1096 5303 esset,
1129 5236 1318 5292 liceret
1349 5236 1402 5291 in
1437 5237 1649 5293 caeteris
1669 5280 1684 5304 ,
1716 5240 1770 5292 in
1799 5255 1911 5309 quo

322 5331 622 5401 plerosque
646 5328 796 5384 viros
844 5328 1089 5384 eruditos
1127 5328 1490 5383 hallucinatos
1536 5343 1659 5384 esse
1694 5331 1911 5385 monui—

321 5434 474 5477 mus.
504 5418 607 5475 Se.l
634 5431 833 5490 printer
871 5419 1077 5474 cibaria
1108 5429 1324 5475 constat
1357 5419 1463 5473 alia
1494 5421 1743 5490 quaedam
1771 5437 1911 5491 pra:-

319 5509 509 5584 parari
556 5510 909 5581 oportuisse,
961 5526 1085 5581 qun
1118 5519 1213 5565 aut
1260 5512 1466 5581 absque
1515 5513 1699 5567 servili
1744 5528 1910 5583 Opere

319 5599 577 5675 praestari
608 5616 714 5655 non
744 5609 987 5671 possent,
1008 5611 1103 5656 aut
1132 5600 1200 5655 ad
1237 5602 1411 5672 ipsius
1452 5601 1573 5657 festi
1621 5604 1908 5660 celebrita-

316 5707 435 5752 tem
468 5693 757 5747 ineundum
802 5694 1067 5749 anteverti
1109 5694 1386 5749 deberent.
1452 5696 1720 5761 Quocirca
1772 5698 1907 5752 nihil

314 5792 434 5847 est.
471 5785 616 5857 quod
644 5786 907 5843 adversus
936 5794 1045 5842 tam
1079 5786 1382 5842 evidentem
1419 5786 1647 5844 Joannis
1672 5792 1907 5846 auctori-

315 5887 488 5937 tatem
532 5878 701 5950 possit
753 5878 948 5950 excipi.
991 5877 1061 5934 At
1118 5895 1247 5936 vero
1292 5898 1414 5954 qum
1441 5899 1504 5939 ex
1551 5871 1672 5939 aliis
1724 5885 1900 5940 tribus

2016 4693 2143 4747 inde
2172 4694 2238 4746 ad
2266 4706 2378 4745 χιιι
2409 4689 2767 4745 transtulerit.
2804 4688 2925 4757 Quo
2947 4690 3149 4759 posito,
3180 4689 3456 4759 cyclorum
3479 4703 3599 4743 om-

2016 4784 2167 4838 nium
2197 4798 2261 4838 ac
2289 4781 2551 4837 feriarum
2578 4780 2845 4837 rationem
2883 4779 3208 4850 permiscuit
3239 4795 3252 4829 :
3295 4796 3419 4849 qua:
3458 4795 3598 4849 quo-

2013 4892 2140 4931 nam
2178 4884 2342 4946 pacto
2372 4873 2573 4944 corrigi
2600 4880 2854 4940 possent,
2889 4883 2944 4927 et
2992 4872 3045 4926 in
3097 4872 3239 4925 viam
3294 4872 3364 4925 ab
3409 4887 3599 4926 errore

2012 4967 2229 5033 deduci,
2255 4980 2422 5035 supra
2454 4964 2876 5020 declaravimns.
2914 4962 3082 5033 Igitur
3130 4979 3196 5018 ex
3228 4972 3308 5018 tot
3343 4978 3598 5019 errorum

2013 5058 2349 5130 argumentis
2376 5066 2501 5111 nata
2537 5065 2622 5111 est
2645 5056 2841 5111 vitiosa
2888 5054 2980 5109 illa
3031 5053 3167 5109 feria
3206 5070 3351 5110 anno
3377 5053 3597 5109 Juliano

2015 5150 2105 5218 76,
2139 5150 2243 5204 hoc
2265 5158 2342 5203 est
2373 5145 2655 5203 Dominica
2687 5145 2865 5201 Martii
2891 5162 3030 5209 xxtt,
3056 5161 3181 5201 eum
3215 5162 3405 5200 revera
3451 5160 3598 5201 esset

2012 5243 2149 5298 feria
2184 5256 2237 5297 ν.
2264 5237 2686 5311 Ἐπιφώσκουσα
2713 5253 2843 5308 ergo
2888 5239 3146 5310 Κυριακή
3191 5239 3376 5292 lunam
3406 5238 3596 5293 habuit

2014 5350 2079 5388 xv
2126 5332 2406 5386 diurnam.
2459 5329 2561 5386 llic
2615 5326 3005 5400 ἔπιφώσκουσα.
3066 5329 3282 5399 proprie
3332 5327 3587 5383 sumitur.

2012 5425 2223 5495 Quippe
2258 5440 2371 5478 χχιι
2398 5423 2487 5478 die
2502 5423 2571 5478 ab
2589 5436 2712 5477 ortn
2737 5423 2872 5478 solis
2900 5422 3069 5492 coepit
3096 5438 3161 5476 xv
3192 5421 3421 5476 diurna:
3448 5418 3589 5471 unde

2012 5517 2246 5590 ἡμερινή
2297 5532 2393 5586 pro
2450 5518 2737 5587 νυκτερινὴ
2793 5514 3200 5571 substituimus.
3250 5508 3507 5579 Alioquin
3553 5509 3586 5577 ὴ

2011 5609 2265 5681 Κυριακὴ
2294 5624 2361 5662 xv
2385 5609 2669 5679 νυκτερινὴ
2704 5607 2809 5661 dici
2835 5614 3032 5676 potest,
3056 5603 3102 5658 si
3134 5602 3253 5673 ejus
3270 5600 3484 5655 initium
3518 5600 3587 5652 ah

2010 5699 2364 5754 antecedente
2420 5708 2577 5753 nocte
2623 5705 2927 5767 reputatur.
2990 5692 3177 5763 Neque
3222 5706 3329 5744 vox
3373 5691 3577 5760 ὲπιφῶο

2012 5805 2220 5865 σκουσα
2253 5789 2550 5858 quidquam
2586 5788 2810 5852 obstat;
2847 5800 2968 5857 qure
3007 5797 3247 5854 persaepe
3309 5780 3377 5835 de
3403 5780 3588 5861 illucc—

2010 5891 2196 5941 scente
2229 5882 2337 5947 die,
2369 5895 2759 5951 nonnunquam
2798 5879 2941 5934 etde
2981 5878 3089 5933 diei
3126 5870 3357 5931 Judatco
3388 5875 3583 5945 princi-
