4064 6442
513 475 608 534 99!

1624 466 1979 526 APPENDIX
2015 465 2658 525 DISSERTATIONUM.
2708 488 2713 493 ·
3678 473 3765 531 99!

515 594 627 660 pio,
658 588 774 645 sive
798 597 960 647 nocte
986 586 1340 645 antecedente
1364 587 1795 659 soletnsarpari.
1822 586 1939 642 Non
1959 585 2104 655 quod
2136 594 2181 652 Α
2211 583 2567 640 Alexandrini
2628 582 2927 655 scriptores
2966 599 3046 639 xu
3084 582 3231 650 Kal.,
3260 584 3363 641 hoc
3390 596 3474 641 est
3499 601 3584 640 xxi
3613 586 3765 643 Martii

517 681 608 731 lnx
632 677 814 749 aliqua
861 678 977 734 sive
1030 679 1195 745 lunae,
1226 678 1341 734 sive
1387 678 1671 734 stellarum
1703 679 1895 734 saltem
1920 678 2108 733 oriens

520 779 792 840 utcunque
845 770 993 826 diem
1042 770 1380 843 auspicetur,
1442 771 1588 842 quod
1643 771 2004 827 Casaubonus
2054 771 2108 827 itt

521 860 754 916 Exercit.
799 860 885 925 16,
919 878 1074 918 num.
1108 863 1392 935 15,verum
1420 864 1718 931 existimat,
1753 871 1810 918 ut
1842 878 1968 918 cum
1999 862 2111 918 Lu-

518 966 614 1009 cas
647 954 723 1008 ait
755 968 879 1025 cap.
930 970 1089 1019 χχιιι,
1124 956 1195 1011 54
1224 972 1239 1008 :
1306 957 1420 1011 Kal.
1458 957 1736 1011 Σάϐϐατον
1794 955 2109 1029 ἑπέφωσκε,

521 1046 601 1101 sic
623 1045 1002 1118 accipiendum
1030 1047 1123 1111 sit,
1156 1056 1215 1101 ιιι
1268 1049 1312 1103 si
1358 1048 1607 1111 dixisset,
1628 1048 1738 1102 Καὶ
1786 1047 2112 1118 ἐπέφωσκεν

521 1138 558 1210 ή
588 1138 843 1211 σελὴνηή
876 1139 1087 1208 ἄγουσα
1118 1139 1179 1193 τὸ
1206 1139 1507 1195 Σάϐϐατον.
1542 1138 1668 1195 Haec
1702 1140 1850 1195 enim
1891 1152 2115 1196 senten-

522 1229 597 1284 tia
623 1228 969 1285 subabsurda
989 1238 1045 1285 et
1062 1244 1465 1301 supervacanea
1493 1216 1732 1287 videtur.
1754 1231 1955 1287 Verum
1987 1231 2117 1288 sim-

527 1320 760 1391 pliciter,
791 1332 847 1378 et
883 1321 1037 1377 nullo
1069 1322 1179 1376 alio
1207 1321 1871 1392 ειυιιευάίιοέεπιφώσκειν
1903 1332 1989 1379 est
2021 1341 2118 1394 ap-

525 1420 722 1480 petere,
746 1411 832 1465 vel
852 1412 1008 1479 inire,
1033 1412 1338 1467 adventare.
1369 1411 1484 1468 lloc
1515 1424 1696 1469 autem
1719 1429 1787 1469 ex
1821 1429 1888 1470 eo
1924 1425 2115 1471 natum

527 1505 789 1572 arbitror,
809 1505 957 1576 quod
988 1521 1112 1561 cum
1143 1504 1345 1575 prima,
1380 1520 1445 1561 ac
1477 1514 1689 1562 natur-re
1728 1508 1969 1563 maxime
1984 1524 2119 1563 con-

529 1605 789 1651 sentane‘a
810 1595 916 1652 diei
958 1597 1248 1667 appellatio
1271 1597 1449 1653 lucem
1469 1597 1761 1668 signiticet,
1792 1607 2119 1669 tempusque

529 1689 598 1743 ab
624 1697 749 1743 ortu
785 1688 920 1745 solis
948 1686 1017 1744 ad
1039 1702 1300 1744 occasum
1324 1705 1340 1755 ;
1373 1689 1633 1759 pleraque
1653 1698 1841 1759 postea
1866 1688 2119 1744 nationes

529 1780 700 1837 variis
742 1789 1051 1852 temporum
1081 1781 1253 1838 initiis
1285 1782 1606 1838 constitutis
1640 1783 1784 1837 diem
1842 1782 2121 1838 nihilomi-

531 1888 635 1930 nus
649 1874 1012 1946 appellarunt,
1036 1874 1274 1945 spatium
1301 1874 1433 1930 illud
1464 1875 1746 1945 temporis,
1776 1874 1923 1946 quod
1959 1875 2028 1931 ab
2054 1891 2121 1931 eo

2210 677 2599 747 equinoctinm
2627 675 2901 743 ﬁxerunt,
2939 684 3000 731 ut
3023 675 3171 731 inter
3203 676 3340 731 alios
3365 675 3638 731 Proterius
3659 678 3767 732 Ale-

2213 768 2515 825 xandrinus
2580 767 2721 839 apud
2773 767 2977 823 Bedam
3008 768 3106 823 lib.
3166 767 3246 823 De
3288 769 3543 838 (equinae.
3575 771 3769 833 vernali,

2212 861 2308 933 qui
2361 870 2446 917 est
2478 870 2629 917 torno
2661 858 2749 915 Ill.
2796 857 2868 924 is,
2894 860 3145 931 inquam,
3179 874 3285 914 xxv
3317 854 3671 924 Phamenoth,
3691 861 3772 930 qni

2213 962 2299 1009 est
2328 967 2405 1008 xu
2438 950 2562 1008 Kal.
2597 951 2755 1023 Apr.,
2792 950 3187 1022 aequinoctium
3247 950 3569 1012 collocavit.
3602 950 3774 1007 Leonis

2214 1060 2369 1118 papae
2410 1045 2771 1116 temporibus.
2804 1043 2996 1114 itaque
3026 1043 3363 1115 μνημονικὸν
3387 1053 3473 1098 est
3501 1042 3777 1113 ἁμάρτημα

2215 1136 2578 1192 eruditissimi
2615 1134 3005 1208 chleri,dutn
3036 1136 3090 1190 in
3109 1134 3484 1207 Eclogis,pag.
3515 1134 3635 1195 193,
3660 1133 3774 1189 Pro-

2218 1229 2416 1286 terium
2442 1231 2519 1285 ait
2540 1231 2691 1287 circa
2722 1230 2942 1285 initium
2979 1229 3311 1285 Diocletiani
3334 1227 3712 1299 aequinoctium
3732 1244 3775 1284 ιιι

2218 1321 2339 1379 Kal.
2369 1321 2673 1385 deliniissc;
2698 1321 2793 1378 sed
2818 1321 3075 1378 Anatolio
3106 1322 3159 1376 id
3191 1323 3470 1385 convenit,
3499 1319 3653 1386 cujus
3675 1320 3779 1374 illn-

2217 1426 2332 1469 sue
2393 1413 2757 1485 fragmentum
2804 1412 3070 1469 describit
3104 1411 3377 1469 Eusebius
3405 1412 3502 1468 lib.
3555 1428 3650 1479 vn,
3676 1428 3777 1481 cap.

2219 1505 2387 1574 26,ex
2414 1506 2661 1573 ejusdem
2682 1503 3044 1561 Paschalibus
3063 1506 3393 1571 canonibus,
3419 1502 3567 1574 quod
3594 1513 3644 1558 et
3661 1502 3779 1556 Beda

2220 1604 2618 1654 commemorat
2667 1595 2761 1653 lib.
2816 1595 2895 1652 De
2932 1598 3247 1668 aequinoctio
3276 1611 3297 1649 :
3344 1595 3437 1651 ubi
3466 1603 3523 1650 et
3573 1594 3780 1650 Anatolii

2222 1689 2388 1745 verba
2443 1704 2510 1745 cx
2586 1689 3044 1760 depravatissima
3124 1687 3306 1743 Ruﬁni
3365 1687 3783 1758 interpretatione

2219 1796 2507 1853 perperam
2531 1791 2753 1852 accepta
2787 1782 3023 1837 alienam
3053 1781 3110 1835 in
3135 1780 3462 1836 sententiam
3500 1778 3778 1849 detorquet.

2222 1870 2407 1940 Quare
2451 1887 2577 1927 cum
2628 1886 2695 1927 ex
2728 1888 2796 1928 eo
2826 1871 3066 1927 Anatolii
3113 1871 3375 1933 decreto,
3427 1877 3681 1938 tanquam
3727 1884 3782 1921 ex

531 1976 758 2038 puncto,
784 1968 933 2039 quod
961 1967 1066 2024 sibi
1094 1975 1423 2031 statuerant,
1450 1967 1518 2022 ad
1555 1967 1697 2023 idem
1733 1981 1995 2039 punctum
2030 1985 2122 2024 re-
2154 1955 2196 2012 Β
2228 1967 2379 2023 fonte
2401 1965 2690 2038 Epiphanii
2713 1965 2963 2022 doctrina
2988 1963 3330 2035 proﬂuxerit,
3354 1962 3515 2017 nobis
3539 1962 3781 2032 integrum

533 2056 792 2113 volvitur.
821 2055 1004 2124 Quare
1031 2067 1091 2114 ut
1122 2059 1176 2114 in
1206 2058 1472 2129 primaria
1502 2057 1614 2123 illa,
1656 2075 1722 2116 ac
1751 2060 1988 2116 naturali
2013 2060 2121 2117 diei

535 2149 762 2205 natione
793 2148 1130 2220 ὲπιφώσκειν
1153 2150 1372 2221 proprie
1399 2149 1518 2205 dies
1551 2149 1754 2205 dicitur
1779 2192 1794 2217 ,
1825 2151 1971 2221 quod
2001 2150 2124 2218 ejus

536 2238 695 2292 initio
726 2239 805 2292 sol
838 2239 1036 2303 oritur,
1089 2249 1149 2293 ιιι
1181 2246 1235 2294 et
1269 2236 1474 2312 ἡμέρα,
1520 2238 1629 2293 ἀπὸ
1672 2240 1784 2311 τῆς
1839 2238 2005 2312 ἠοῦς,
2047 2239 2123 2296 ita

535 2328 818 2385 translatis
861 2330 930 2385 ad
969 2330 1210 2401 reliquas
1245 2330 1453 2386 formas
1487 2330 1596 2386 diei
1636 2329 2122 2402 appellationibus,

536 2421 680 2477 idem
700 2421 805 2477 hoc
837 2429 1163 2493 usurpatum
1195 2421 1334 2477 initii
1365 2422 1693 2479 vocabulum
1722 2432 1809 2480 est
1842 2442 1854 2479 :
1883 2423 1988 2479 etsi
2019 2422 2124 2477 mi—

536 2530 642 2571 nus
671 2528 838 2586 quam
871 2512 985 2569 illic
1014 2514 1255 2585 praprie.
1295 2512 1423 2569 Sive
1459 2514 1625 2585 igitur
1654 2528 1685 2570 a
1720 2515 1901 2570 media
1936 2524 2122 2581 nocte,

537 2611 653 2666 sive
688 2620 718 2663 ιι
758 2609 1010 2676 meridie,
1044 2611 1161 2664 sive
1192 2612 1262 2665 ab
1292 2609 1449 2664 initio
1475 2608 1674 2673 noctis,
1708 2608 1813 2662 diei
1849 2615 2128 2676 repetatur

536 2699 846 2765 exordium,
875 2699 1216 2771 ὲπιφώσκειν
1241 2700 1445 2771 ubique
1471 2701 1611 2766 dies,
1636 2699 1743 2754 hoc
1771 2709 1855 2753 est
1878 2696 2129 2753 inchoari

537 2799 594 2844 et
616 2791 756 2845 inire
779 2791 1103 2861 simpliciter
1131 2792 1366 2846 dicetur.
1402 2788 1882 2856 Quemadmodum
1920 2804 2129 2860 νουμη-

539 2881 661 2946 νῑας
694 2896 796 2936 \ox
845 2898 970 2938 cum
1007 2892 1322 2938 nascentem
1358 2883 1541 2936 lunam
1578 2880 1797 2952 proprie
1837 2880 2126 2952 signiticet,

541 2975 609 3028 ad
635 2974 820 3029 omnia
876 2976 1152 3030 mensium
1185 2974 1364 3038 initia,
1390 2974 1559 3029 etiam
1599 2973 1827 3028 minime
1851 2972 2130 3027 lunarium

545 3064 892 3130 transfertur,
923 3077 1051 3136 puta
1083 3066 1502 3121 tricetuiriorunt
1561 3075 1615 3120 rt
1646 3061 2125 3137 ASgyptiacornm.

545 3155 700 3212 Unde
724 3157 828 3212 alia
861 3166 945 3213 est
971 3158 1239 3229 νουμηνία
1280 3157 1419 3212 κατὰ
1453 3159 1719 3231 σελήνην,
1758 3159 1865 3214 alia
1890 3159 1951 3213 οὐ
1986 3156 2131 3212 κατὰ

545 3247 796 3321 σελήνην.
827 3246 943 3305 Hoc
970 3262 1072 3319 ego
1103 3265 1268 3305 sensu
1290 3249 1371 3323 τῷ
1395 3249 1734 3321 ἑπιφὼσκειν
1767 3251 2130 3323 evangelistas

544 3343 869 3413 simpliciter
884 3357 1017 3398 usos
1036 3342 1296 3408 arbitror,
1324 3350 1385 3396 ut
1406 3357 1534 3398 cum
1561 3341 1753 3397 Matth.
1775 3357 1898 3413 cap.
1934 3357 2130 3408 xxvut,

546 3432 600 3497 Ι,
626 3433 699 3489 ita
731 3435 974 3505 loquitur
1006 3452 1020 3489 :
1074 3433 1202 3505 Ὀψὲ
1226 3433 1284 3488 δὲ
1313 3434 1423 3487 τῶν
1466 3433 1789 3500 Σαϐὄάτων,
1834 3433 1901 3505 τῇ
1926 3435 2137 3503 ἐπιφω-

547 3530 755 3603 σκούσῃ
767 3531 847 3594 εἰς
865 3530 995 3602 μίαν
1007 3529 1117 3585 τῶν
1140 3530 1456 3585 Σαδϐἀτων.
1474 3528 1578 3586 Ubi
1613 3529 1758 3585 nulla
1780 3535 2135 3600 argumenta~

561 3621 712 3675 tione
733 3636 874 3691 opus
898 3628 982 3676 est
1007 3632 1066 3676 ut
1084 3621 1166 3676 vel
1184 3620 1302 3676 dies
1330 3621 1449 3690 ipsa
1476 3635 1508 3674 a
1537 3628 1699 3674 nocte
1727 3618 1996 3688 incipiens
2020 3626 2138 3672 tum

547 3711 791 3773 demum,
824 3726 949 3767 cum
984 3712 1067 3767 sol
1103 3708 1652 3780 oritur-,‘zmcpdisxew
1675 3710 1933 3778 dicatur;
1968 3709 2053 3766 vel
2081 3717 2141 3766 ut

548 3803 677 3859 luna
707 3814 802 3858 aut
834 3803 1015 3860 sidera
1036 3803 1459 3859 subaudiantur.
1491 3799 1628 3856 Nam
1660 3803 1751 3857 hic
1780 3816 1904 3858 meo
1930 3800 2141 3873 judicio

506 3910 752 3952 .sensus
808 3902 931 3950 est:
989 3893 1256 3951 confectis
1294 3894 1572 3960 Sabbatis,
1624 3892 1740 3949 sive
1795 3892 2140 3949 hebdomada

553 3993 802 4055 peracta,
834 3984 924 4039 die
951 3985 1222 4053 sequenti,
1246 3999 1368 4055 quae
1398 3983 1571 4038 inibat
1606 3998 1730 4038 cum
1763 3982 1897 4039 feria
1930 3984 2139 4054 prima;

553 4077 701 4147 quod
730 4077 973 4147 apertius
998 4070 1159 4131 Luca:
1185 4090 1306 4146 cap.
1333 4091 1491 4140 mu,
1528 4075 1617 4140 54,
1647 4075 1993 4131 declaratur:
2031 4075 2144 4129 Καὶ

560 4168 745 4241 ἡμέρα
766 4165 837 4241 ἦν
864 4164 1214 4241 παρασκενὴ,
1246 4169 1342 4223 καὶ
1375 4168 1653 4222 Σάϐϐατον
1672 4168 1986 4237 ἐπέφωσκε.
2041 4166 2143 4222 Ubi

555 4263 783 4317 verbum
840 4261 1130 4332 ὲπέφωσκε
1191 4261 1397 4316 nullam
1434 4262 1613 4317 lucem
1675 4261 1985 4331 signiﬁcat,
2047 4262 2143 4316 sed

556 4353 797 4409 initium.
829 4355 898 4409 A‘t
927 4355 1066 4425 apud
1097 4352 1466 4425 Epiphaniam
1514 4356 1569 4409 in
1612 4351 1954 4425 Expositione
1976 4353 2103 4424 ﬁdei
2127 4395 2142 4420 ,

556 4460 708 4501 num.
723 4446 818 4512 εε,
843 4446 987 4502 circa
1009 4446 1345 4519 gallicinium
1373 4447 1477 4518 τῆς
1493 4448 1780 4519 Κυριακῆς
1800 4445 2146 4519 ἐπιφωσκού-

556 4552 660 4609 σης
696 4539 832 4594 solvi
884 4539 1141 4609 paschale
1178 4538 1448 4609 jejunium
1484 4540 1706 4606 dicitur,
1749 4543 1856 4595 hoc
1904 4551 1990 4594 est
2024 4547 2147 4609 post

2158 3303 2205 3362 C

2223 2069 2335 2110 non
2367 2062 2472 2119 est,
2507 2065 2621 2109 tam
2645 2054 2919 2109 illustrem
2948 2052 3383 2124 disputationem
3416 2049 3637 2106 silentio
3673 2064 3790 2120 prae-

2226 2144 2554 2202 termittere.

2497 2300 2742 2355 Anatolii
2774 2301 3002 2372 insignis
3025 2299 3179 2355 locus
3212 2300 3550 2372 expeditur.

2306 2434 2455 2491 Vixit
2482 2433 2776 2491 Anatolius
2816 2432 3143 2491 Diocletiani
3188 2432 3305 2489 fere
3331 2444 3595 2503 tempore,
3623 2446 3794 2502 genere

2229 2527 2660 2589 Alexandrinus,
2685 2524 2781 2597 qui
2808 2541 2934 2580 cum
2961 2526 3028 2579 ad
3054 2525 3327 2597 synodum
3359 2523 3663 2579 Antiochia:
3683 2538 3795 2577 cun-

2231 2631 2314 2677 tra
2342 2619 2574 2675 Paulum
2627 2615 3052 2673 Samosatenum
3101 2617 3366 2684 habitam,
3405 2615 3669 2671 Laodicea
3711 2613 3795 2667 iter

2234 2714 2497 2778 haberet,
2532 2711 2818 2782 cpiscopus
2869 2726 2899 2766 ι
2938 2708 3267 2767 Laodicenis
3315 2710 3525 2765 electus
3562 2716 3659 2764 est.
3692 2704 3796 2761 Flo-

2234 2804 2346 2860 ruit
2400 2803 2568 2875 igitur
2621 2803 2726 2860 sub
2762 2801 3049 2859 Aureliani
3080 2818 3146 2859 ac
3192 2802 3523 2858 Diocletiani
3555 2811 3792 2871 tempora,

2235 2893 2318 2949 vir
2349 2894 2402 2950 in
2447 2894 2641 2965 primis
2687 2895 2983 2962 eruditus,
3037 2904 3094 2949 et
3150 2892 3561 2949 mathematicis
3615 2891 3796 2945 artibus

2235 2987 2512 3045 excultus.
3362 2980 3365 2981 ν

2308 3081 2414 3150 Qui
2441 3082 2584 3138 inter
2612 3090 2825 3137 caetera
2851 3094 3094 3135 canones
3127 3074 3431 3134 Paschales
3455 3074 3714 3139 condidit;
3740 3086 3795 3126 ex

2237 3176 2440 3246 quibus
2465 3176 2581 3231 lucc
2602 3173 2872 3229 Eusebius
2922 3170 3187 3243 excripsit
3218 3189 3234 3227 :
3272 3170 3431 3242 Ἔχει
3452 3170 3631 3224 τοίνυν
3659 3170 3710 3220 ὲν
3732 3163 3797 3234 τῷ

2240 3267 2443 3341 πρώτῳ
2471 3266 2583 3321 ἔτει
2605 3265 2706 3338 τὴν
2734 3263 3040 3337 νουμηνίαν
3072 3262 3169 3316 τοῦ
3214 3261 3438 3336 πρώτου
3474 3261 3671 3334 μηνός⁹
3696 3259 3797 3328 ἥτις

2242 3360 2462 3431 ἁπάσης
2502 3357 2653 3412 ἐστὶν
2688 3358 2789 3429 τῆς
2826 3354 3509 3428 ὲννεακαιδεκαετηρίδος,
3556 3352 3653 3424 τῆς
3696 3348 3796 3404 κατ’

2240 3450 2572 3522 Αἰγυπτίους
2627 3451 2726 3522 μὲν
2768 3449 3032 3521 Φαμενὼθ
3087 3448 3222 3521 ἕκτῃ
3293 3449 3392 3502 καὶ
3442 3447 3641 3511 εἰκάδι,
3677 3456 3796 3496 κατα

2241 3544 2300 3599 δὲ
2345 3543 2474 3608 τοὺς
2530 3541 2862 3598 Μακεδόνων
2925 3541 3103 3613 μῆνας
3159 3540 3401 3611 Δύστρου
3454 3538 3679 3608 δευτέρᾳ
3718 3532 3797 3586 καὶ

2241 3636 2454 3701 εἰκάδι,
2505 3634 2583 3699 ὡς
2644 3633 2691 3687 δ’
2743 3634 2810 3688 ἂν
2856 3618 3063 3687 εἴποιεν
3122 3632 3421 3704 Ῥωμαῖοι,
3474 3630 3583 3703 πρὸ
3633 3630 3798 3682 ἕνδεκα

2243 3726 2537 3783 Καλανδῶν
2583 3724 2929 3797 Ἀπριλλίων.
2977 3723 3312 3796 Εὑρίσκεται
3342 3723 3399 3777 δὲ
3426 3725 3459 3778 ὁ
3487 3724 3635 3794 ἥλιος
3663 3722 3715 3772 ὲν
3741 3719 3795 3787 τῇ

2244 3816 2582 3892 προκειμένῃ
2605 3815 2867 3887 Φαμενὼθ
2905 3815 3043 3889 ἕκτῃ
3078 3814 3175 3870 καὶ
3202 3814 3403 3881 εἰκάδι,
3430 3816 3495 3869 οὐ
3522 3813 3675 3885 μόνον
3697 3812 3798 3863 ὲπιο

2244 3911 2347 3976 ϐὰς
2384 3907 2480 3963 τοῦ
2523 3907 2743 3980 πρώτου
2792 3908 3104 3980 τμήματος,
3139 3906 3255 3961 ἀλλ’
3295 3907 3398 3979 ἤδη
3431 3908 3530 3961 καὶ
3562 3904 3797 3974 τετάρτην

2244 4002 2461 4075 ἡμέραν
2494 4002 2553 4056 ὲν
2584 3999 2734 4072 αὐτῷ
2757 4000 3240 4072 διαπορευόμενος.
3273 3999 3447 4053 Τοῦτο
3474 3998 3531 4052 δὲ
3553 3997 3611 4053 τὸ
3632 3995 3797 4068 τμῆμα

2247 4093 2465 4166 πρῶτον
2488 4092 2985 4164 δωδεκατημόριον,
3013 4092 3106 4146 καὶ
3144 4090 3486 4163 ἰσημερινὸν,
3522 4091 3614 4144 καὶ
3640 4084 3795 4159 μηνῶν

2246 4183 2443 4259 ᾁρχὴν,
2479 4187 2575 4239 καὶ
2603 4184 2845 4257 κεφαλὴν
2872 4185 2967 4238 τοῦ
2998 4184 3221 4249 κύκλου,
3261 4183 3356 4236 καὶ
3384 4182 3581 4253 ἄφεσιν
3602 4179 3688 4234 τοῦ
3709 4177 3796 4230 τῶν

2248 4276 2539 4351 πλανητῶν
2559 4277 2763 4350 δρόμου
2808 4276 2994 4330 καλεῖν
3017 4274 3277 4329 εἰώθασι·
3309 4275 3371 4328 τὸ
3397 4274 3454 4328 δὲ
3488 4274 3592 4347 πρὸ
3612 4271 3794 4332 τούτου,

2250 4369 2441 4441 μηνῶν
2482 4368 2732 4441 ἔσχατον,
2768 4370 2863 4423 καὶ
2896 4369 3096 4440 τμῆμα
3136 4368 3461 4432 δωδέκατον,
3510 4367 3603 4421 καὶ
3641 4363 3791 4416 τελευο

2246 4463 2396 4514 ταῖον
2429 4459 2901 4532 δωδεκατημόριον
2919 4500 2934 4525 ,
2965 4460 3060 4514 καὶ
3094 4459 3245 4522 τέλος
3271 4460 3372 4530 τῆς
3401 4458 3512 4511 τῶν
3546 4449 3794 4524 πλανητῶν

2248 4551 2485 4606 ὲπιόδου.
2522 4552 2612 4605 Διὸ
2644 4553 2740 4606 καὶ
2777 4553 2904 4616 τοὺς
2934 4554 2992 4606 ἐν
3022 4550 3169 4623 αὐτῷ
3196 4550 3516 4621 τιθεμένους
3551 4548 3636 4600 τὸν
3668 4541 3793 4614 πρῶ·

557 4632 792 4687 mediant
827 4640 1064 4698 noctem,
1102 4647 1131 4687 a
1170 4647 1278 4702 qua
1312 4632 1459 4688 diem
1494 4632 1793 4688 Christiani
1856 4632 2131 4689 inchoant.

2247 4660 2339 4696 τον
2372 4642 2537 4714 μῆνα,
2584 4641 2681 4696 καὶ
2713 4642 2813 4713 τὴν
2858 4641 3458 4713 τεσσαρεσκαιδεκάτην
3498 4638 3587 4692 τοῦ
3635 4634 3794 4701 Πάσχα

556 4722 688 4778 item
716 4725 885 4796 paulo
910 4735 1034 4796 post
1072 4727 1265 4781 scribit
1290 4726 1590 4783 nonnullos
1641 4726 1980 4783 hebdomada
2012 4742 2143 4783 san-

555 4824 647 4872 ctu
675 4817 900 4889 vigilare
953 4817 1054 4889 τὴν
1113 4816 1254 4889 μετὰ
1300 4817 1401 4890 τὴν
1430 4820 1691 4890 πέμπτην
1720 4818 2144 4888 ὲπιφώσκουσαν

556 4907 640 4969 εἰς
662 4906 726 4960 τὸ
748 4906 1148 4979 προσάσδατον.
1184 4906 1288 4964 Ubi
1316 4907 1653 4978 ὲπιφὼσκειν
1681 4909 1899 4966 videtur
1924 4910 2146 4981 proprie

559 5000 882 5068 sumpsisse,
915 5001 1071 5070 quasi
1102 5014 1209 5056 nox
1240 5001 1503 5072 postridie
1534 5002 1799 5071 lucescat,
1839 5004 1945 5060 hoc
1977 5014 2061 5060 est
2090 5005 2145 5058 in

560 5087 739 5143 lucem
775 5089 1014 5146 desinat.
1045 5089 1271 5148 Noctem
1305 5090 1452 5147 enim
1509 5092 1783 5166 intelligit.
1816 5108 1939 5165 quae
1977 5093 2146 5149 Pam-

558 5192 772 5235 soerent
802 5181 1075 5249 praecedit.

628 5270 751 5326 Coi.
772 5272 879 5327 954
899 5272 1085 5326 Ι).Καὶ
1112 5273 1204 5329 ὅτι
1238 5274 1579 5342 ἀνάστασις
1609 5275 1707 5331 καὶ
1734 5275 2032 5345 ἱσημερία.
2067 5274 2146 5330 En

560 5363 766 5419 erroris
803 5372 1207 5436 argumentum.
1252 5365 1531 5425 Christum
1567 5370 1735 5430 enim.
1778 5385 1939 5439 quem
1976 5368 2149 5438 :eqni-

563 5457 748 5512 noctio
762 5457 881 5528 ipso
895 5459 1266 5515 resurrexisse
1280 5461 1565 5525 didicerat,
1592 5463 1694 5518 hoc
1713 5472 1799 5518 est
1821 5478 1925 5517 xxv
1945 5460 2147 5530 Martii,

562 5563 629 5603 eo
649 5550 736 5605 die
754 5554 1128 5608 resurrexisse
1154 5554 1404 5621 credidit,
1422 5573 1532 5626 quo
1550 5556 1869 5611 Diocletiani
1900 5565 2147 5626 tempore

563 5642 951 5712 aequinoctium
1010 5644 1235 5714 incidit;
1289 5662 1415 5701 nam
1446 5663 1513 5702 ex
1543 5649 1813 5713 Anatolio,
1848 5657 1908 5703 ut
1931 5649 2147 5717 opinor,

566 5747 621 5794 et
653 5738 1037 5797 Alexandrinis
1084 5742 1364 5797 veteribus
1406 5742 1794 5813 :equinoctium
1823 5741 2002 5796 Martii
2037 5757 2150 5796 xxu

570 5835 782 5893 statuit.
807 5847 933 5888 cum
957 5832 1238 5889 Nicaemtm
1285 5834 1496 5905 aliquot
1517 5835 1675 5890 annis
1702 5844 1889 5905 postea
1918 5837 1973 5889 in
2001 5833 2149 5890 vice-

570 5920 770 5975 simum
817 5936 1056 5990 primum
1106 5924 1371 5982 intulerit.
1430 5924 1584 5983 Unde
1634 5928 1725 5996 qui
1759 5935 2148 5984 successerunt

2247 4736 2367 4788 κατ’
2398 4732 2567 4806 αὐτὴν
2592 4728 2974 4805 λαμϐἁνοντας
3015 4733 3077 4785 οὐ
3119 4731 3356 4804 μικρῶς,
3396 4731 3507 4784 οὐδ’
3535 4729 3608 4792 ὡς
3638 4726 3795 4792 ἔτυχεν

2247 4827 2587 4900 ἁμαρτάνειν
2613 4826 2821 4898 φαμέν.
2848 4823 2976 4880 Haec
3002 4840 3101 4879 nos
3134 4824 3324 4878 Latine
3352 4823 3424 4877 ita
3453 4818 3791 4877 reddidimus:

2248 4918 2424 4974 [labet
2453 4935 2609 4976 narro
2639 4917 2695 4972 in
2723 4934 2862 4972 anno
2887 4917 3060 4987 primo
3084 4915 3272 4969 mensis
3288 4915 3447 4981 primi
3467 4909 3788 4967 neomeniant;

2248 5027 2366 5082 qua:
2387 5012 2547 5065 totius
2583 5007 3107 5065 enmadecaeteridos
3137 5005 3349 5059 initium
3371 5014 3478 5068 est,
3506 4994 3791 5055 Phamenotll

2248 5103 2536 5157 secundum
2604 5100 2887 5173 Egyptios
2957 5114 3120 5161 xm,
3180 5093 3471 5150 secundum
3512 5091 3789 5146 Macedones

2250 5192 2434 5263 Dystri
2489 5209 2622 5258 xm,
2650 5201 2707 5244 ut
2742 5202 2917 5244 autent
2945 5188 3181 5243 Romano
3200 5202 3338 5239 more
3365 5184 3573 5254 loquar,
3606 5197 3654 5235 xl
3681 5175 3784 5231 Kal.

2250 5284 2381 5353 Apr.
2416 5283 2532 5348 Quo
2556 5282 2764 5353 quidem
2794 5280 2880 5334 die
2902 5296 3030 5334 xxv:
3062 5277 3411 5339 Phamenoth,
3435 5276 3515 5329 sol
3534 5291 3632 5327 non
3666 5268 3789 5322 modo

2251 5376 2480 5446 primum
2503 5374 2744 5444 signiferi
2781 5382 3102 5444 segmentum
3124 5371 3384 5440 ingressus
3425 5365 3695 5435 reperitur,
3719 5356 3790 5410 πά

2251 5468 2409 5522 etiam
2448 5476 2697 5536 quartum
2723 5463 2841 5534 jam
2871 5465 2927 5517 in
2958 5462 3053 5516 illo
3096 5462 3237 5515 diem
3280 5460 3613 5530 percurrisse.
3656 5456 3789 5519 Atqu!

2252 5559 2348 5612 hoc
2395 5557 2629 5625 primum
2680 5562 3004 5624 segmentum
3059 5550 3537 5613 dodecatemorion,
3573 5557 3618 5599 et
3664 5536 3789 5609 ωᾳιιί·

2246 5648 2500 5713 ἠοιῚὶαΙε,
2534 5656 2582 5701 et
2608 5647 2865 5700 mensium
2905 5642 3277 5714 primordium,
3314 5658 3378 5694 ac
3413 5640 3541 5711 rycli
3568 5638 3784 5704 caput.“

2256 5739 2515 5811 quosdam
2550 5736 2688 5791 velut
2734 5736 3070 5806 planetarum
3101 5735 3357 5786 circuitus
3387 5744 3612 5784 carceres
3641 5730 3788 5789 φρει·

2256 5833 2368 5887 lare
2400 5831 2592 5885 solent.
2645 5827 2999 5894 Quamobrem
3033 5827 3123 5896 qui
3151 5827 3207 5878 in
3240 5840 3301 5877 eo
3340 5824 3565 5893 primum
3600 5825 3785 5870 mensem

2259 5925 2613 5989 constituunt,
2654 5930 2705 5976 et
2755 5922 2808 5975 in
2846 5935 2906 5974 eo
2951 5918 3213 5974 decimam
3253 5923 3497 5969 anartnm
3534 5910 3783 5965 vastitatem
