4064 6406
250 419 347 475 993

1156 418 1247 473 DE
1285 416 1473 474 ANNO
1511 418 1604 473 ΕΤ
1645 418 1755 473 DIE
1795 419 2150 478 UOMlNlC/E
2187 424 2567 487 PASSIUNIS.

3403 434 3511 494 994

248 541 516 602 usurpant,
558 547 643 586 eos
680 549 783 588 non
830 533 1166 589 mediocriter
1206 535 1458 591 aberrare
1506 536 1816 593 statuimus.
1853 538 1896 595 A
1925 544 2070 607 poris
2094 552 2356 599 momento
2386 545 2485 603 illa
2519 554 2712 616 quarta
2743 562 2870 617 pars
2902 546 3034 609 diei,
3070 562 3190 617 qua:
3228 548 3508 603 annuatim

243 626 375 682 Cum
402 626 566 697 igitur
592 626 983 696 aequinoctium
1028 626 1209 683 Martii
1254 645 1368 684 xxu
1406 628 1644 693 ﬁxisset,
1687 643 1818 698 per-

245 720 435 773 mirum
461 720 564 774 hoc
596 719 876 789 plerisque
907 720 1088 774 visum
1116 730 1221 780 est.
1263 721 1358 791 qui
1393 730 1450 776 et
1479 721 1817 778 recentiores

242 812 635 867 Alexandrinos
657 812 977 881 scriptores,
1009 823 1086 875 et.
1126 815 1271 884 quod
1312 824 1480 885 caput
1502 823 1605 878 est,
1634 812 1812 869 Nicae-

242 920 362 959 nam
396 904 668 974 synodum
704 905 971 960 vicesimo
1018 905 1196 975 primo
1239 904 1420 961 Martii
1460 906 1814 962 constituisse

240 998 615 1051 meminerant.
650 995 770 1062 Qua
793 996 861 1051 de
892 1012 949 1049 re
990 995 1137 1050 Beda
1163 995 1457 1051 consultus
1483 1010 1814 1066 magnopere

238 1097 459 1151 aestuat;
499 1096 554 1142 et
599 1103 628 1143 a
666 1086 867 1142 Ruﬁno
916 1088 1206 1158 corr‘upta,
1264 1088 1340 1142 uti
1385 1086 1530 1155 dixi,
1577 1087 1811 1142 Anatolii

237 1181 391 1235 verba
418 1180 719 1250 proferens,
761 1181 1003 1235 alienum
1044 1181 1113 1238 iis
1154 1197 1375 1235 sensum
1411 1182 1809 1237 accommodat.

237 1272 460 1326 Ruﬁnus
482 1271 628 1325 enim
670 1272 746 1325 ita
783 1272 967 1342 priora
1002 1272 1238 1326 reddidit
1277 1290 1291 1326 :
1328 1270 1425 1324 Est
1452 1287 1576 1341 ergo
1608 1271 1664 1323 in
1697 1271 1811 1339 pri-

234 1379 315 1417 mo
350 1379 488 1416 anno
515 1362 730 1417 initium
759 1364 919 1432 primi
959 1364 1173 1426 mensis,
1205 1363 1418 1433 quando
1448 1374 1525 1417 est
1553 1362 1728 1416 decem
1759 1370 1809 1416 et

232 1471 405 1509 novem
434 1471 696 1509 annorum
720 1456 954 1519 initium,
975 1456 1263 1510 secundum
1291 1454 1577 1525 Egyptios
1598 1454 1811 1526 quidem

231 1536 557 1602 Phamenotlt
588 1562 756 1615 xxw;
795 1548 1083 1603 secundum
1114 1547 1377 1600 Rontanos
1405 1562 1525 1600 vero
1567 1562 1619 1599 XI
1675 1543 1806 1597 Kal.

233 1647 360 1711 Apr.
400 1640 462 1695 In
482 1658 587 1712 qua
615 1641 700 1694 die
724 1640 997 1694 invenitur
1018 1639 1098 1694 sol
1116 1656 1222 1693 non
1250 1640 1418 1692 solum
1444 1639 1809 1692 conscendisse

229 1742 449 1812 primam
483 1748 712 1809 partem,
746 1753 926 1793 rerum
956 1737 1118 1791 etiam
1138 1746 1387 1807 quartam
1404 1735 1523 1806 jam
1545 1736 1601 1789 in
1620 1735 1807 1790 eadem

229 1832 308 1886 die
331 1830 543 1895 habere,
577 1830 632 1882 id
658 1839 735 1883 est
764 1829 820 1883 in
852 1828 1028 1897 prima
1053 1843 1119 1881 ex
1148 1842 1225 1881 ιιι
1257 1827 1519 1897 partibus,
1546 1835 1652 1883 etc.
1674 1826 1805 1895 Qum

229 1922 363 1977 Beda
386 1921 467 1978 sic
503 1922 706 1992 accipit
745 1918 1274 1991 :Equinoctiumob
1297 1918 1598 1975 bissextum
1632 1919 1806 1975 inter-
1838 1899 1881 1954 Β

227 2014 350 2069 (1ιιιιι
380 2013 438 2069 in
470 2028 546 2069 xtt
570 2011 1011 2078 'Kal.,interdum
1034 2013 1087 2066 in
1129 2026 1182 2066 xl
1218 2011 1473 2066 incurrit.
1504 2008 1643 2066 Nam
1679 2026 1803 2065 cum

226 2103 471 2161 Julianus
503 2118 687 2159 annus
720 2101 1105 2173 Egyptiaeum
1141 2110 1197 2156 et
1238 2101 1540 2171 simplicem
1573 2102 1724 2157 horis
1750 2116 1802 2156 t't

229 2185 461 2267 superet.
504 2194 823 2264 aequinoctii
859 2193 1248 2265 μετέμπτωσις
1280 2193 1341 2246 lit
1374 2192 1428 2246 in
1464 2206 1609 2245 anno
1646 2206 1802 2246 enm-

229 2287 395 2344 muni.
444 2286 630 2354 Quare
684 2285 758 2342 sit
792 2283 1184 2355 tequinoetium
1237 2283 1532 2353 auneipso
1590 2282 1804 2340 bissex-

229 2380 302 2435 tili
330 2394 422 2434 xxt
461 2378 668 2444 Martii,
706 2393 875 2433 mane
925 2392 1073 2432 anno
1107 2377 1285 2447 primo
1321 2384 1447 2446 post
1498 2375 1800 2431 bissextum

228 2470 423 2529 incidet
446 2472 502 2528 in
533 2471 821 2527 meridiem
860 2489 875 2527 :
914 2485 1061 2525 anno
1085 2485 1123 2524 ιι
1152 2480 1277 2540 post
1296 2469 1596 2524 bissextum
1620 2469 1676 2523 in
1704 2483 1803 2524 oc-

226 2580 405 2621 casum
459 2564 570 2621 dlei
629 2578 758 2630 nt,
822 2578 970 2618 anno
1021 2579 1083 2618 ιιι
1133 2563 1189 2618 in
1260 2563 1496 2618 mediam
1548 2571 1798 2625 noctem;

227 2671 366 2712 anno
398 2673 451 2712 IV
481 2672 583 2729 per
608 2656 1083 2712 intercalationem
1120 2670 1150 2709 a
1181 2670 1295 2708 xxu
1328 2654 1526 2709 iterum
1550 2653 1609 2708 in
1639 2661 1804 2708 xxtet

227 2748 550 2804 matutinum
579 2756 803 2818 tempus
838 2746 1074 2802 recedet.
1115 2746 1253 2800 Cum
1293 2746 1460 2817 igitur
1501 2745 1555 2799 in
1606 2759 1800 2815 vespe-

228 2855 357 2906 ram,
395 2840 481 2895 vel
521 2839 760 2895 mediam
806 2846 1027 2893 noctem
1071 2837 1283 2903 incidit,
1329 2836 1396 2890 ad
1432 2850 1483 2890 xt
1528 2835 1650 2891 Kal.
1678 2851 1803 2906 per-

229 2928 380 2995 tinet;
404 2929 636 3000 eoqnod
666 2943 773 2983 nos
796 2928 919 2999 ipsa
940 2926 1390 2983 Christianorum
1417 2926 1524 2980 ritu
1549 2928 1799 2996 sequenti

228 3020 366 3077 ferite
402 3023 683 3077 tribuitur.
718 3021 860 3075 Cum
898 3031 1082 3074 autem
1131 3020 1196 3072 ad
1244 3018 1526 3074 meridiem
1562 3017 1646 3072 vel
1684 3034 1800 3072 ma-

227 3113 451 3169 tutinum
485 3123 706 3185 tempus
743 3112 1012 3183 pervenit,
1038 3110 1218 3167 Martii
1253 3125 1366 3177 xxt,
1393 3110 1510 3166 sive
1534 3124 1613 3165 xu
1668 3110 1796 3164 Kal.

226 3206 344 3274 Apr.
388 3213 698 3275 arrogatur.
755 3202 926 3269 Unde,
973 3202 1173 3273 inquit,
1231 3202 1467 3258 consulte
1514 3202 1799 3257 Anatolius

226 3311 321 3349 non
344 3306 477 3351 retat
503 3298 562 3351 in
598 3312 674 3360 ιι,
707 3298 800 3350 sed
826 3304 948 3350 ante
980 3311 1034 3349 ιι
1064 3293 1113 3348 Κ
1120 3294 1194 3349 al.
1256 3295 1385 3364 Apr.
1421 3293 1633 3348 Pascha
1675 3293 1802 3347 cele-

225 3386 377 3442 brari.
408 3388 531 3443 Non
558 3388 699 3443 enim
726 3390 898 3451 prima
942 3388 1082 3442 sedis
1120 3387 1508 3458 tequiuoctialis
1540 3396 1798 3454 tempora,

225 3477 308 3529 sed
334 3477 523 3533 ultima
562 3478 793 3549 signavit
835 3493 855 3532 :
897 3479 997 3532 hoc
1042 3488 1119 3532 est
1158 3494 1242 3544 ea,
1288 3495 1321 3531 a
1359 3476 1547 3548 quibus
1578 3475 1800 3531 Pascha:

224 3566 617 3622 celebrationem
652 3569 882 3637 incipere
919 3584 1070 3638 posse
1118 3577 1355 3624 noverat.
1398 3569 1535 3623 Cum
1578 3568 1715 3622 enim
1759 3583 1797 3621 ιι

226 3659 366 3713 velut
392 3676 532 3714 anno
554 3670 670 3730 post
700 3660 991 3715 bissextum
1023 3660 1247 3716 Pascha:
1267 3660 1379 3715 dies
1414 3659 1719 3714 Dominicus
1742 3662 1799 3713 in

224 3766 273 3805 λι
304 3750 429 3809 Kal.
461 3755 594 3824 Apr.
631 3755 945 3821 occurrerit,
977 3764 1186 3809 constat
1210 3754 1484 3820 nimirum,
1508 3754 1647 3826 quod
1678 3770 1799 3807 cum

223 3848 525 3911 tequinoctio
551 3845 777 3902 Pascha:
797 3848 909 3903 dies
934 3848 1218 3901 inchoatur
1238 3862 1257 3901 :
1287 3846 1442 3916 cujus
1471 3845 1800 3900 cteremoniaz

222 3949 388 4007 partes
421 3940 758 3995 celebrantur
779 3942 952 4011 prima
969 3951 1148 4006 nocte;
1172 3957 1290 3995 cum
1305 3940 1488 3995 eadem
1508 3939 1795 4003 mediante,

224 4032 295 4085 vel
319 4032 596 4086 inchoante
617 4032 929 4101 perﬁciatur
952 4033 1350 4103 aequinoctium.
1391 4030 1523 4085 Tum
1552 4047 1669 4085 vero
1697 4031 1799 4085 rite

226 4122 421 4180 Pascha
448 4124 757 4196 peragitur;
811 4127 936 4196 quia
968 4124 1392 4189 resurrectionis,
1416 4139 1534 4193 qute
1558 4122 1796 4177 diluculo

223 4217 360 4284 facta
384 4230 481 4285 est,
511 4218 784 4288 prazcipua
826 4233 951 4287 pars
987 4225 1104 4287 post
1145 4217 1520 4286 a'quinoctium
1562 4216 1798 4270 celebra-

223 4317 321 4362 tur.
347 4309 473 4367 Hazc
510 4310 627 4365 fere
659 4309 801 4364 Beda
826 4309 922 4365 lib.
958 4309 1030 4363 De
1069 4309 1265 4379 a'quin.
1301 4307 1404 4374 Qui
1437 4306 1519 4364 sic
1550 4307 1793 4363 Anatolii

223 4402 377 4458 verba
401 4404 645 4459 declarat
674 4420 689 4459 :
723 4402 860 4457 Cum
894 4403 1005 4458 duo
1028 4402 1137 4458 sint
1168 4403 1499 4472 azquinoctio
1540 4402 1793 4458 attributi

221 4495 351 4563 dies,
380 4497 699 4553 Anatolium
737 4496 805 4552 de
832 4495 1138 4567 posteriore
1168 4495 1349 4567 loqui:
1404 4496 1457 4549 in
1500 4510 1613 4566 quo
1646 4495 1795 4551 scili-

1925 647 2223 689 accrescere
2262 634 2420 699 solet,
2475 639 2762 694 secundum
2824 651 3072 694 naturam
3116 639 3352 709 perfecta
3394 655 3510 696 esse

1924 723 2278 795 dignoscitur.
2336 726 2518 794 Quare
2560 729 2645 786 sol
2692 746 2816 789 cum
2857 731 3252 801 aequinoctium
3299 732 3505 804 attigit.

1918 814 2033 883 jam
2080 814 2187 870 diei
2241 820 2605 888 quadrantem
2662 821 2918 878 absolvit.
2963 821 3132 889 Quasi
3174 822 3325 883 dicat
3371 824 3509 881 :Ab

1920 906 2249 974 aequinoctio
2285 924 2395 963 uno
2420 927 2595 966 verno
2624 913 2691 968 ad
2725 914 2982 977 alterum.
3006 917 3129 971 dies
3159 917 3509 974 intercedunt

1921 997 2076 1052 solidi
2110 1012 2335 1066 cccuv,
2380 1009 2438 1057 et
2474 1002 2624 1058 horae
2665 1020 2741 1059 vt.
2792 1006 2996 1061 Verum
3038 1017 3099 1069 ut
3140 1018 3405 1079 quantum
3434 1010 3508 1064 ab

1918 1087 2157 1143 Anatolii
2202 1105 2366 1145 sensu
2423 1091 2715 1158 deerrarit,
2768 1096 3064 1167 intelligas,
3111 1097 3346 1168 insignis
3389 1100 3505 1168 pri-

1920 1195 2070 1234 mum
2105 1180 2197 1236 ille
2230 1181 2387 1239 locus
2421 1199 2452 1238 a
2488 1185 2650 1243 nobis
2688 1188 3073 1257 explanandus
3104 1197 3210 1244 est.

1985 1269 2186 1327 Censet
2237 1272 2403 1343 igitur
2448 1275 2742 1332 Anatolius
2793 1294 3039 1337 mensem
3096 1280 3335 1349 primum
3368 1280 3499 1335 anni

1918 1363 2079 1431 primi
2118 1364 2283 1421 totius
2323 1368 2459 1437 cyeli
2494 1369 3015 1427 decemnovennalis
3059 1372 3362 1443 νουμηνίαν
3399 1372 3504 1427 hs-

1917 1451 2045 1506 bere
2083 1452 2136 1507 in
2185 1471 2310 1509 xxvt
2362 1456 2726 1523 Pllameuoth,
2780 1461 2896 1516 sive
2942 1461 3122 1519 Martii
3157 1479 3294 1527 χιιι,
3330 1462 3415 1518 vel
3444 1478 3502 1518 xl

1916 1540 2036 1598 Kal.
2073 1544 2230 1615 Apr.,
2272 1563 2383 1617 qua
2416 1549 2503 1604 die
2533 1551 2614 1605 sol
2651 1554 2886 1621 primum
2912 1553 3124 1608 zodiaci
3159 1564 3500 1625 segmentum

1914 1636 2203 1704 percurrit.
2230 1637 2390 1703 Quod
2437 1644 3069 1712 segmentum,primum
3112 1641 3499 1712 δωδεκατημόο

1917 1741 2053 1797 ριον,
2094 1738 2151 1784 et
2199 1729 2544 1801 ἰσημερινὸν,
2589 1742 2645 1787 et
2681 1734 3010 1804 principium
3048 1735 3359 1801 mensium,
3402 1734 3502 1789 ad-

1912 1833 2088 1888 eoque
2139 1822 2275 1891 cycli
2334 1824 2506 1879 totius
2568 1825 2840 1895 appellat,
2887 1836 2941 1881 et
2989 1826 3184 1894 ἄφεισιν
3238 1825 3334 1879 τοῦ
3387 1824 3499 1878 τῶν

1912 1909 2203 1981 πλανητῶν
2230 1912 2469 1985 δρόμου,
2504 1915 2610 1971 hoc
2639 1926 2746 1979 est.
2778 1919 2924 1971 velut
2968 1933 3219 1973 carceres
3255 1932 3325 1973 ex
3374 1917 3502 1986 qui-

1912 2001 2017 2057 bus
2056 2003 2407 2061 emit-tuntttr.
2453 2004 2592 2061 Nam
2651 2009 3040 2064 absolutionem
3106 2009 3338 2064 ltulinus
3387 2024 3497 2062 non

1911 2104 2057 2152 recte
2086 2096 2477 2167 interpretatus
2505 2111 2615 2163 est,
2650 2100 2759 2157 nisi
2793 2100 3001 2156 absolvi
3022 2101 3211 2156 stellas
3232 2101 3309 2157 sit
3330 2099 3497 2160 idem.

1910 2189 2054 2259 quod
2075 2189 2273 2244 emitti.
2301 2190 2628 2261 Quanquam
2670 2191 2885 2262 epoeha
2925 2192 3039 2255 illa,
3074 2192 3194 2247 sive
3230 2200 3496 2261 punctum

1910 2283 2477 2354 aequinoctialeddem
2514 2284 2795 2354 sequentis
2822 2299 3024 2340 cursus
3053 2284 3270 2340 initium
3299 2292 3405 2345 est.
3441 2293 3499 2338 et

1909 2374 2286 2431 antecedentis
2314 2376 2586 2430 tenniuus
2616 2392 2632 2430 :
2668 2377 2816 2430 unde
2849 2376 3205 2431 vehementer
3234 2389 3334 2431 eos
3384 2374 3501 2429 Ιιοια·

1910 2469 2141 2524 lucinari
2199 2467 2400 2533 docet,
2467 2468 2562 2539 qui
2643 2468 2698 2522 in
2768 2469 3047 2522 anteriore
3106 2476 3498 2539 postremoque

1909 2567 2190 2631 segmento
2252 2574 2497 2614 mensem
2566 2559 2846 2629 primum,
2904 2568 2960 2614 et
3026 2575 3118 2614 xtv
3178 2560 3493 2629 paschalem

1908 2650 2271 2706 constituunt.
2312 2649 2503 2705 Grieea
2542 2650 2689 2704 enim
2720 2653 2788 2704 ad
2820 2650 2970 2706 hunc
3008 2664 3232 2705 sensum
3269 2664 3496 2706 aecotn.

1910 2743 2180 2799 medenda
2229 2758 2353 2798 esse
2395 2743 2570 2799 series
2623 2745 2741 2813 ipsa
2793 2743 3063 2799 orationis
3116 2743 3365 2798 indicat:
3404 2744 3497 2796 Διὺ

1908 2837 2004 2891 καὶ
2026 2837 2156 2901 τοὺς
2180 2837 2240 2889 ὲν
2261 2835 2411 2908 αὐτῷ
2432 2835 2755 2909 τιθεμένους
2785 2836 2879 2890 τὸν
2910 2836 3128 2906 πρῶτον
3164 2837 3330 2907 μῆνα.
3360 2836 3499 2891 Pro—

1912 2943 2108 2983 nemen
2138 2927 2290 2999 αὐτῷ
2316 2930 2383 2983 ad
2405 2928 2716 2983 τελευταῖον
2740 2927 3237 3001 δωδεκατημόριον,
3264 2936 3319 2983 et
3341 2928 3500 2992 τέλος

1907 3022 2008 3091 τῆς
2056 3021 2166 3074 τῶν
2225 3020 2513 3093 πλανητῶν
2569 3020 2822 3092 περιόδου
2872 3021 3130 3092 pertinet.
3181 3018 3294 3077 Nec
3351 3031 3499 3076 recte

1908 3111 2130 3181 quidam
2178 3112 2475 3165 emendant
2527 3110 2635 3183 πρὸ
2681 3109 2873 3165 αὐτοῦ.
2928 3110 3067 3166 Nam
3109 3110 3180 3167 de
3212 3118 3505 3180 postremo

1910 3212 2191 3274 segmento
2223 3204 2487 3273 loquitur.
2526 3204 2714 3274 Pergit
2746 3204 2946 3260 deinde
2978 3219 2995 3258 :
3030 3205 3143 3258 Καὶ
3170 3203 3272 3276 τὴν
3303 3204 3361 3257 ιδ’
3398 3203 3495 3259 τοῦ

1903 3297 2097 3366 Πάσχα
2132 3297 2256 3350 κατ’
2287 3296 2460 3366 αὐτὴν
2501 3296 2888 3367 λαμϐάνοντας
2908 3297 2975 3349 οὐ
3006 3295 3246 3367 μικρῶς,
3275 3295 3384 3350 οὐδ’
3415 3296 3495 3360 ὡς

1900 3388 2093 3459 ἔτυχεν
2142 3388 2481 3458 ἁμαρτάνειν
2529 3387 2734 3459 φαμέν.
2793 3388 2900 3443 Pro
2952 3387 3081 3441 κατ’
3135 3387 3310 3457 αὐτήν
3365 3404 3491 3442 om-

1902 3478 2035 3533 nino
2083 3476 2204 3531 κατ’
2254 3477 2389 3531 αὐτό
2453 3477 2744 3548 legendum
2801 3478 3029 3534 allirmo.
3057 3476 3206 3532 Nihil
3230 3480 3377 3533 enim
3407 3490 3493 3535 cst

1900 3587 2011 3642 quo
2088 3569 2379 3626 commode
2455 3586 2760 3641 pronomen
2835 3571 2968 3626 illud
3058 3570 3349 3626 referatur.
3419 3574 3492 3626 At

1899 3664 2151 3735 proxime
2193 3663 2427 3721 dixerat.
2483 3662 2610 3725 τοὺς
2648 3663 2708 3715 ὲν
2759 3661 2907 3734 αὺτῷ
2947 3662 3288 3732 τιθεμένους,
3336 3662 3491 3717 vitle-

1899 3757 2025 3811 licet
2055 3754 2346 3825 τελευταίῳ
2381 3757 2654 3827 τμήματι.
2695 3754 2851 3821 Quod
2904 3757 2951 3810 si
2999 3755 3124 3824 quis
3161 3755 3227 3809 ad
3262 3770 3325 3809 ea
3366 3769 3490 3823 qua:

1900 3850 2194 3904 remotiora
2233 3857 2385 3915 sunt,
2416 3858 2545 3919 puta
2586 3848 2773 3921 μηνῶν
2804 3849 2999 3921 ἀρχήν,
3036 3857 3088 3903 et
3126 3847 3392 3920 κεφαλήν,
3436 3859 3491 3901 et

1899 3941 2096 4011 ἄφεσιν
2149 3942 2423 4012 pertinere
2472 3942 2816 4007 contendat;
2870 3942 3216 3996 contrarium
3264 3939 3488 4011 quidem

1899 4035 2040 4105 eius,
2088 4034 2234 4105 quod
2288 4050 2619 4104 pugnamus,
2673 4033 2934 4104 quodque
2991 4034 3308 4088 Anatolium
3363 4048 3493 4088 sen-

1899 4127 2042 4181 sisse
2078 4127 2356 4189 volumus.
2387 4141 2451 4180 ex
2494 4142 2557 4180 ea
2586 4126 2842 4181 oratione
2884 4130 3169 4195 sequetur.
3216 4123 3485 4179 Nimirum

1898 4233 2007 4273 non
2060 4217 2223 4292 licere
2286 4233 2379 4272 xnv
2450 4218 2764 4287 paschalem
2818 4216 3006 4285 primo
3062 4216 3154 4270 illo
3197 4216 3319 4280 die,
3379 4232 3489 4285 quo

1898 4308 2283 4379 aequinoctium
2314 4308 2627 4370 coniicitur.
2680 4308 2774 4363 sed
2830 4308 2884 4362 in
2920 4307 3489 4377 superioriotmemate

1898 4399 2163 4470 deﬁgere;
2216 4398 2450 4467 ichque
2484 4397 2699 4452 Pascha
2734 4413 2849 4452 xxu
2884 4398 2973 4452 die
3000 4397 3266 4452 celebrari
3294 4412 3483 4470 posse.

1900 4490 1961 4546 Si
1976 4489 2125 4545 enim
2150 4487 2307 4545 nefas
2327 4498 2413 4543 est
2439 4487 2564 4541 κατ’
2591 4489 2663 4542 αὐ
2675 4488 2766 4560 τὴν
2786 4487 2885 4560 τὴν
2912 4487 3125 4560 ἡμέραν
3145 4490 3483 4560 aequinoctii,

222 4599 481 4646 cetuoete
511 4590 625 4656 illa,
651 4604 774 4660 quae
803 4605 893 4645 xu
916 4586 1095 4643 Martii
1127 4586 1271 4642 diem
1314 4586 1586 4657 sequitur,
1622 4585 1794 4655 aequi-
1822 4594 1869 4650 ι)
1900 4597 1991 4638 xtv
2028 4580 2339 4653 pascltalem
2386 4594 2621 4651 ponere.
2672 4580 2796 4635 licet
2857 4580 3024 4649 igitur
3068 4581 3318 4649 proximo
3356 4589 3486 4635 ante

222 4682 454 4736 noctium
486 4679 774 4751 contingit.
810 4677 924 4733 lmo
968 4694 1098 4733 vero
1129 4678 1197 4733 de
1231 4677 1539 4748 vespertino
1573 4675 1794 4747 potissi-

222 4785 366 4826 mum
401 4772 732 4842 aequinoctio
773 4769 1059 4841 intelligit;
1103 4769 1251 4840 quod
1305 4767 1598 4822 Anatolius
1650 4766 1796 4823 dicat

221 4861 598 4919 celebrandum
633 4862 844 4918 Pascha
867 4903 882 4930 ,
924 4859 1145 4931 quando
1177 4859 1305 4914 luna
1342 4860 1444 4914 soli
1487 4858 1736 4929 opposita
1765 4872 1796 4912 e

222 4956 436 5024 regione
461 4953 911 5027 deprehenditur,
965 4954 1047 5008 sic
1093 4961 1154 5007 ut
1193 4952 1433 5007 vernalis
1478 4945 1793 5021 aequinoctii

222 5051 424 5111 partem
459 5044 541 5098 sol
585 5044 864 5109 obtineat;
906 5042 1037 5097 luna
1070 5057 1202 5097 vero
1239 5041 1575 5096 autumnalis
1604 5058 1617 5093 :
1648 5037 1792 5104 Quid

223 5150 360 5205 ergo,
388 5136 584 5206 inquit,
621 5134 948 5200 mirandum,
996 5137 1041 5189 si
1083 5134 1139 5188 in
1169 5150 1224 5189 XI
1276 5133 1397 5189 Kal.
1435 5136 1632 5203 tequin.
1674 5132 1797 5203 fieri

222 5223 377 5289 dicat,
411 5242 531 5280 cum
575 5226 638 5280 de
692 5225 790 5280 illa
833 5226 974 5297 loqui
1008 5241 1062 5279 se
1111 5228 1245 5279 hora
1283 5225 1539 5285 declaret,
1580 5224 1794 5295 quando

224 5317 485 5372 occidente
531 5318 601 5371 ad
639 5334 907 5388 vesperam
943 5317 1050 5371 sole
1090 5317 1219 5370 luna
1256 5332 1283 5371 e
1320 5317 1591 5370 contrario
1635 5331 1793 5370 suum

224 5408 417 5461 attollit
440 5407 933 5479 exortum?Pergit
966 5408 1186 5469 deinde,
1225 5415 1280 5462 et
1315 5408 1461 5478 quod
1504 5407 1795 5462 Anatolius

226 5497 520 5567 scripserat
554 5519 567 5555 :
599 5501 658 5554 in
683 5517 739 5555 χι
773 5499 900 5555 Kal.
934 5502 1065 5571 Apr.
1102 5500 1267 5554 solem
1297 5516 1396 5553 non
1443 5509 1652 5553 tantum
1684 5501 1796 5569 prio

224 5601 360 5641 mam
398 5600 601 5658 partem
638 5589 733 5645 τοῦ
768 5589 1245 5661 δωδεκατημορίου
1286 5592 1672 5655 conscendisse,
1706 5607 1794 5644 ve-

225 5690 335 5728 rum
376 5679 535 5732 etiam
568 5688 819 5751 quartam
857 5679 980 5749 jam
1017 5681 1072 5732 in
1114 5679 1304 5733 eodem
1330 5679 1414 5732 die
1453 5681 1675 5744 habere;
1715 5682 1795 5739 sic

225 5768 469 5835 exponit:
501 5768 641 5834 Quia
659 5771 865 5841 quoties
896 5768 1268 5838 a’mtinoctiale
1300 5780 1502 5841 tempus
1521 5771 1686 5842 juxta
1710 5790 1794 5828 ra-

228 5855 409 5913 tionem
436 5862 717 5933 prarfatam
739 5863 791 5917 in
806 5877 860 5917 ιι
891 5860 1018 5916 Kal.
1048 5861 1259 5931 incidit,
1283 5865 1434 5920 toties
1458 5866 1511 5919 in
1530 5865 1644 5936 ipso
1668 5875 1793 5920 tem-

1901 4674 2051 4728 illam
2098 4672 2205 4739 die,
2243 4681 2304 4727 ut
2349 4673 2599 4728 citimum
2644 4672 2856 4727 Pascha
2900 4687 3011 4726 χιιι
3048 4671 3228 4726 Martii
3276 4674 3485 4728 consti-

1901 4776 2106 4835 tuatur,
2158 4766 2304 4836 quod
2359 4774 2414 4820 et
2459 4781 2651 4820 verum
2700 4773 2786 4822 est
2839 4773 2965 4835 post
3014 4762 3218 4818 Nicsaui
3264 4765 3483 4820 concilii

1901 4866 2145 4929 tempora
2168 4858 2375 4913 licitum
2400 4873 2542 4913 esse.
2587 4858 2787 4913 Verum
2812 4858 2916 4913 hoc
2942 4858 3257 4913 Anatolium
3283 4858 3480 4913 existi-

1900 4964 2099 5012 masse,
2125 4958 2220 5003 aut
2242 4951 2306 5003 ad
2324 4964 2443 5003 eam
2466 4959 2701 5004 mentem
2730 4949 2874 5007 illius
2895 4949 3085 5004 referri
3107 4952 3272 5005 verba
3295 4965 3481 5021 posse,

1900 5039 1953 5094 id
1982 5054 2112 5094 vero
2151 5048 2466 5095 constanter
2495 5055 2651 5110 nego.
2686 5038 2742 5093 In
2772 5039 2970 5107 «primis
3000 5041 3147 5096 enim
3180 5042 3482 5099 absurdum

1898 5140 2002 5197 est,
2059 5148 2358 5203 pronomen
2416 5133 2588 5204 αὐτήν
2640 5147 2765 5187 eum
2818 5132 2887 5189 iis
2940 5134 3307 5206 conjungere,
3359 5151 3485 5206 qua

1901 5234 2054 5280 tanto
2085 5233 2211 5280 ante
2241 5225 2510 5281 orationis
2544 5225 2829 5280 intervallo
2874 5226 3050 5295 posita
3093 5237 3240 5283 sunt.
3277 5226 3483 5281 Deinde

1898 5316 2095 5373 refellit
2138 5332 2234 5373 eos
2277 5316 2585 5384 Anatolius,
2635 5318 2728 5388 qui
2768 5326 2894 5373 ante
2936 5318 3174 5388 primum
3229 5331 3483 5388 segmen-

1900 5419 2038 5475 tum,
2068 5419 2121 5464 et
2151 5410 2460 5481 aequinoctii
2486 5411 2631 5465 diem
2671 5412 2907 5482 primum
2937 5426 3184 5468 mensem
3230 5410 3479 5465 celebra-
3525 5401 3551 5438 ε’

1898 5501 2065 5566 bant;
2093 5500 2236 5569 quod
2280 5515 2390 5556 non
2429 5499 2756 5564 [ποι-ειη,θί
2803 5517 2895 5555 xtv
2935 5501 3244 5570 pasehalem
3275 5497 3330 5552 in
3361 5497 3482 5566 ipso

1896 5588 2262 5659 aequinoctiali
2284 5589 2371 5644 die
2404 5590 2732 5646 collocarent
2762 5609 2777 5646 :
2812 5591 2920 5644 hoc
2947 5589 3093 5643 enim
3124 5587 3285 5657 primi
3319 5599 3479 5640 men-

1897 5682 1974 5736 sis
2003 5680 2218 5735 initium
2252 5690 2356 5736 est.
2392 5680 2471 5736 Ad
2508 5682 2624 5738 luce
2667 5698 2791 5752 quae
2819 5697 2884 5736 ex
2920 5679 3235 5734 Iudaeorum
3263 5676 3480 5747 placitis

1896 5775 1964 5831 ad
1990 5789 2142 5830 suam
2178 5774 2324 5828 illam
2362 5774 2702 5843 probandum
2750 5773 3077 5829 sententiam
3123 5767 3302 5834 adest,
3351 5769 3479 5823 nul.

1898 5866 2010 5921 lum
2053 5864 2337 5921 dubitandi
2372 5864 2552 5920 locum
2602 5865 2938 5933 relinquunt.
2968 5860 3307 5917 Statuebam
3328 5861 3480 5916 enim
