4064 6420
544 428 652 488 935
1630 421 1858 478 APPEN
1867 418 1981 475 DIX
2024 422 2088 474 ιιι
2097 417 2666 475 εεειιτΑτιοΝυιι.
2750 410 2767 457 δ
3680 418 3771 476 εκ

542 548 790 605 seniores
827 544 936 609 illi,
989 550 1116 612 post
1159 541 1517 597 commissum
1566 537 1988 609 aequinoctium,
2051 533 2120 590 ad
2150 542 2194 597 Α
2224 535 2368 590 Bais
2407 535 2593 591 minus
2634 528 3132 600 animadvertisset,
3166 531 3307 588 falso
3339 528 3568 587 credidit
3594 529 3770 586 Anato-

543 651 850 707 vesperam,
898 650 1009 704 quo
1043 644 1288 703 tempore
1312 633 1441 687 luna
1472 633 1526 687 in
1578 632 1752 685 altero
1790 628 2122 697 aequinoctio

543 746 576 785 e
614 729 837 797 regione
895 727 1067 782 solem
1120 725 1381 793 respicit,
1450 723 1550 795 τὴν
1594 721 1705 776 τῶν
1753 717 2125 789 διαϐατηρίων

2224 627 2358 681 lium
2385 632 2506 680 eam
2530 625 2693 695 primi
2751 623 2958 678 mensis
2988 624 3332 678 neomeniam
3357 619 3772 683 constituisse,in

2226 731 2393 786 quam
2417 714 2664 769 cltimum
2706 712 2913 768 Pascha
2957 714 3299 766 conveniret.
3339 709 3476 763 Nam
3518 709 3607 779 qui
3638 717 3777 778 negat

545 819 760 889 supra»),
795 818 898 871 hoc
933 824 1017 870 est
1046 813 1258 869 Pascha
1289 811 1703 881 Judaicumiagi
1751 807 1968 862 debere.
2014 804 2127 859 lloc
2227 821 2319 860 xiv
2352 805 2662 876 paschalem
2695 813 2821 859 ante
2847 803 3063 857 initium
3103 802 3265 872 primi
3301 801 3507 856 mensis
3540 800 3775 865 incidere,

543 916 727 959 autem
788 918 883 957 χιιι
942 902 1068 957 luna
1133 901 1199 955 ad
1262 915 1546 970 vesperam
1628 896 1959 952 celebratum
2018 903 2125 948 est.

551 997 691 1066 Ergo
733 1012 822 1051 xiv
866 996 921 1049 in
956 995 1134 1064 ipsum
1162 994 1549 1063 aequinoctium
1580 991 1776 1045 cadere
1806 988 1987 1050 debet,
2019 1001 2127 1040 non

551 1086 859 1158 praecedere
908 1104 923 1141 :
971 1087 1101 1156 quia
1157 1084 1297 1156 μετὰ
1333 1083 1433 1155 τὴν
1487 1080 1798 1152 ἰσημερίαν,
1835 1089 1896 1132 ιιι
1929 1078 2131 1147 saepius

552 1179 770 1245 repetit,
800 1175 1025 1230 iudaice
1052 1173 1262 1228 Pascha
1292 1171 1658 1242 peragendum
1680 1177 1786 1224 est.

510 1286 525 1336 τ
618 1269 756 1322 Cum
777 1264 1009 1336 igiturid
1022 1266 1165 1335 quod
1185 1265 1399 1319 dixerat
1416 1280 1481 1316 ex
1501 1260 1820 1316 .ludteorum
1845 1259 2131 1315 doctorum

551 1358 823 1414 sententia
868 1355 1172 1427 profectum
1207 1363 1460 1420 asserat;
1492 1351 1670 1407 Judaei
1705 1366 1873 1421 porro
1913 1364 2006 1405 xiv
2036 1363 2136 1404 ne-

517 1448 680 1531 Egerit
719 1458 846 1502 ante
885 1447 1277 1516 aquiuoctiutu
1325 1444 1492 1499 indici
1543 1456 1708 1513 posse
1740 1439 2133 1496 :manifestum

552 1548 653 1606 est,
702 1540 1016 1594 Anatolium
1069 1537 1215 1592 nolle
1263 1551 1356 1590 xtv
1404 1545 1534 1590 ante
1583 1534 1762 1602 ipsum
1819 1530 2134 1601 aequinoctii

552 1631 695 1685 diem
729 1640 991 1685 statuere.
1035 1627 1352 1684 Praesertim
1400 1641 1526 1681 cmn
1571 1624 1891 1678 Christiana
1937 1637 2029 1676 xiv
2070 1637 2139 1674 ex

549 1720 920 1776 vetustissima
956 1719 1254 1775 traditione
1282 1721 1338 1771 in
1378 1714 1773 1785 :equinoetium
1799 1711 2001 1780 ipsum,
2028 1724 2138 1763 non

566 1822 695 1868 ante
735 1812 886 1867 hunc
922 1811 1067 1866 diem
1104 1810 1350 1865 incidere
1390 1809 1604 1864 debeat.
1643 1803 1913 1870 Quocirca
1944 1801 2138 1856 vitiosa

2228 897 2394 965 idque
2433 897 2611 966 ipsum
2672 895 2880 950 mensis
2918 894 3134 949 initium
3175 909 3231 948 χι
3273 892 3395 949 Kal.
3438 894 3588 963 figit,
3626 892 3777 945 mani-

2235 987 2375 1043 feste
2396 988 2650 1058 prohibet
2680 986 2802 1056 ipso
2828 986 3034 1040 mensis
3073 984 3233 1038 initio
3259 983 3471 1038 Pascha
3503 983 3777 1046 celebrari;

2232 1079 2377 1148 quod
2421 1078 2468 1132 si
2510 1078 2621 1143 fiat,
2657 1078 2771 1147 jam
2827 1093 2916 1132 xlv
2969 1086 3123 1130 extra
3172 1076 3374 1145 prioris
3423 1076 3625 1130 mensis
3667 1073 3780 1127 fines

2233 1168 2421 1239 egredi
2452 1178 2507 1222 et
2536 1168 2588 1221 in
2622 1168 2873 1221 ultimum
2906 1165 3058 1231 rejici
3091 1178 3314 1220 necesse
3338 1165 3432 1219 sit.

2305 1257 2442 1314 Nam
2494 1259 2640 1328 quod
2688 1259 3018 1328 aequinoctio
3065 1257 3289 1312 biduum
3336 1255 3503 1309 tribui
3561 1264 3783 1321 oportere

2234 1358 2444 1414 narrat,
2493 1364 2669 1419 eoque
2713 1350 2810 1419 qui
2855 1349 3123 1418 posterior
3157 1356 3243 1403 est
3291 1347 3382 1402 die
3418 1344 3627 1400 Pascha
3663 1344 3784 1398 cele-

2236 1443 2406 1508 brari,
2430 1443 2498 1497 de
2539 1458 2650 1513 quo
2684 1450 2739 1497 et
2783 1441 3095 1495 Anatoliunt
3140 1439 3288 1510 loqui
3320 1448 3496 1508 putat,
3533 1451 3709 1490 verum
3740 1436 3782 1488 id

2237 1536 2459 1605 quidem
2482 1544 2568 1589 est
2593 1534 2981 1604 aequinoctium
3003 1528 3384 1603 μετεμπτώσει
3410 1529 3463 1582 in
3497 1534 3784 1597 sequentem

2239 1627 2384 1681 diem
2413 1640 2706 1680 excurrere
2735 1639 2751 1678 :
2783 1628 2877 1679 sed
2912 1639 2981 1679 ex
3007 1622 3276 1677 ambobus
3301 1620 3523 1691 politice
3554 1619 3619 1671 ad
3644 1616 3788 1687 aequi-

2241 1717 2410 1771 noctii
2444 1717 2664 1782 sedem,
2696 1715 2938 1784 annique
2982 1712 3264 1768 cardinem
3313 1710 3407 1765 ille
3451 1709 3717 1778 deligitur,
3742 1706 3788 1759 in

2242 1822 2354 1877 quo
2403 1809 2699 1877 praecipue,
2731 1814 2786 1860 et
2815 1806 3054 1860 maxima
3103 1802 3368 1872 temporis
3400 1808 3557 1871 parte
3596 1798 3790 1854 retineri

552 1912 640 1959 est
673 1903 894 1973 vulgata
926 1902 1017 1956 illa
1052 1901 1215 1956 lectio
1252 1899 1372 1954 κατ’
1410 1897 1602 1966 αὐτήν,
1637 1903 1691 1950 et
1731 1894 1852 1947 κατ’
1885 1892 2018 1945 αὐτό
2052 1907 2137 1946 re-

2247 1900 2484 1953 creditur
2517 1916 2533 1953 :
2569 1915 2676 1952 non
2708 1899 2755 1953 is
2802 1898 2857 1952 in
2886 1910 3048 1966 quem
3078 1893 3345 1963 evagandi
3385 1891 3605 1947 licentia
3636 1888 3796 1957 paula-

559 1995 931 2051 scribendum.
974 1990 1134 2047 Hunc
1164 1989 1409 2045 Anatolii
1448 1988 1629 2043 locum
1680 1983 2017 2040 novissimus
2048 1982 2133 2037 in-

560 2098 771 2157 terpres
806 2086 955 2156 (nam
989 2084 1060 2140 de
1111 2082 1313 2138 Ruﬁno
1342 2079 1695 2151 postmodum
1738 2076 1988 2148 agemus)
2019 2088 2139 2129 ma-

559 2192 797 2249 gnOpere
832 2176 1170 2246 depravavit.
1215 2171 1309 2228 Sic
1354 2173 1502 2226 enim
1560 2168 1755 2225 vertit:
1798 2166 2138 2237 Quapropter

552 2270 645 2334 qui
672 2268 992 2338 principium
1018 2267 1179 2336 primi
1209 2264 1405 2320 mensis
1432 2265 1490 2317 in
1518 2260 1613 2316 illo
1643 2276 1771 2315 XXVI
1794 2259 1880 2314 die
1901 2258 2136 2313 Phame-

556 2361 681 2414 notlt
718 2376 831 2415 esse
876 2366 1090 2429 putant,
1143 2357 1212 2410 ad
1247 2371 1335 2409 xtv
1376 2354 1518 2408 diem
1566 2353 1808 2420 proxime
1845 2350 2155 2413 secundum

555 2451 733 2518 illum,
781 2451 974 2521 festum
1010 2448 1297 2504 Paschalis
1341 2446 1716 2501 celebrandum
1752 2442 2019 2510 statuunt,
2050 2457 2156 2511 eos.

556 2544 882 2598 vehementer
922 2557 1119 2596 errare
1144 2540 1396 2594 dicimus.
1429 2535 1651 2592 Putavit
1694 2533 1843 2606 αὐτῷ
1886 2533 1956 2589 ad
2009 2547 2141 2589 xxVI

559 2637 701 2690 diem
728 2635 1022 2705 pertinere,
1041 2647 1167 2687 cum
1191 2631 1259 2686 de
1285 2638 1564 2700 postremo
1583 2624 1832 2697 signiferi
1855 2632 2141 2696 segmento

560 2728 635 2782 sit
654 2725 1057 2796 accipiendum.
1077 2721 1446 2789 Quamobrem
1472 2736 1540 2775 ex
1561 2719 1853 2788 disputatis
1875 2717 2143 2773 hactenus

560 2827 807 2891 apparet,
851 2819 1090 2888 primum
1133 2830 1379 2871 mensem
1407 2812 1729 2883 Trepicum,
1762 2812 1880 2867 sive
1914 2809 2142 2882 Κριῶνα

562 2912 655 2966 hic
681 2911 751 2964 alt
787 2908 1048 2963 Anatolio
1085 2906 1335 2977 intelligi.
1373 2903 1563 2975 Neque
1595 2903 1744 2958 enim
1776 2902 1989 2957 lunaris
2021 2916 2145 2957 esse

561 3012 763 3075 potest,
799 3017 924 3057 cum
959 3001 1013 3055 in
1052 2997 1427 3055 Alexandrino
1457 2996 1610 3067 cyclo
1658 2992 1947 3063 neomenia
1981 2990 2146 3062 pritni

563 3096 772 3151 mensis
810 3092 964 3165 cyclo
996 3091 1175 3162 printo
1209 3098 1283 3146 s:t
1314 3087 1496 3143 hlartii
1529 3102 1709 3142 xxttt:
1746 3098 1873 3139 nam
1912 3083 2147 3137 Alexan-

562 3189 708 3244 drini
739 3187 877 3258 cycli
903 3200 1083 3239 annus
1114 3182 1326 3253 primus
1355 3179 1668 3252 pasehalem
1701 3174 2050 3232 neomeniam
2077 3174 2146 3229 ab

2238 1990 2336 2045 tim
2370 1989 2701 2057 effunditur;
2737 2003 2837 2043 nec
2879 1988 2933 2041 in
2966 2001 3031 2041 co
3078 1995 3257 2039 tamen
3302 1983 3515 2038 diutius
3546 1980 3793 2040 consistit,

2238 2098 2429 2139 verum
2482 2081 2902 2137 intercalatione
2925 2075 3161 2133 subinde
3192 2075 3339 2130 velut.
3378 2073 3619 2145 quodam
3658 2069 3795 2124 freno

2239 2182 2527 2228 revocatur
2570 2188 2585 2225 :
2636 2167 2948 2240 cuiusmodi
2995 2182 3063 2221 ex
3111 2165 3348 2219 Anatolii
3400 2162 3656 2233 opinione
3697 2174 3795 2214 χχιι

2239 2265 2420 2321 Martii
2449 2263 2729 2320 exstitisse
2769 2259 2914 2316 Beda
2949 2267 3157 2314 narrat.
3180 2255 3340 2325 Quod
3368 2270 3533 2311 secus
3553 2268 3611 2309 se
3633 2251 3795 2306 habet.

2240 2358 2458 2427 Alioqui
2503 2357 2550 2411 si
2599 2355 2922 2425 plerumque
2973 2352 3027 2407 in
3078 2365 3170 2406 xxt
3207 2347 3388 2402 Martii
3433 2345 3796 2418 aequinoctium

2240 2449 2641 2514 contineretur,
2676 2461 2743 2502 ac
2780 2443 2998 2500 ιιοιιιιὶειί
3046 2441 3309 2513 secundo,
3364 2440 3449 2494 vel
3492 2438 3650 2493 tertio
3694 2444 3800 2506 post

2241 2543 2540 2599 bissextum
2559 2552 2704 2593 anno
2726 2537 2795 2593 ad
2812 2552 2926 2591 χχιι
2952 2534 3232 2591 accederet
3257 2550 3271 2587 :
3301 2533 3413 2589 imo
3436 2546 3569 2585 vero
3589 2545 3656 2586 ne
3675 2536 3802 2583 utro-

2240 2650 2353 2706 que
2378 2634 2473 2689 illo
2501 2648 2648 2688 anno
2672 2630 2896 2700 quidem
2920 2627 3102 2684 civilis
3126 2625 3233 2680 diei
3270 2634 3450 2678 metas
3483 2622 3760 2690 attingeret
3784 2632 3796 2669 ς

2244 2727 2350 2782 hoc
2378 2733 2463 2782 est
2484 2740 2591 2778 non
2626 2723 2766 2777 ultra
2797 2720 3032 2775 mediam
3061 2726 3276 2772 noctem
3308 2731 3360 2770 a.
3385 2715 3442 2769 ιι.
3468 2730 3522 2769 χι
3547 2711 3662 2767 Kal.
3684 2710 3798 2780 Apr.

2244 2831 2526 2888 nunquam
2558 2814 2847 2869 Anatolius
2863 2825 2977 2866 χχιι
3005 2808 3193 2880 potius
3242 2820 3407 2877 quam
3438 2819 3531 2859 χχι
3561 2800 3801 2857 annicar-

2243 2910 2450 2973 dinem,
2480 2922 2546 2963 ac
2574 2905 2886 2977 paschalem
2918 2901 3211 2958 terminum
3234 2897 3592 2968 assiguasset.
3621 2890 3798 2958 Quent-

2246 3000 2540 3056 admodum
2609 2998 2714 3052 hoc
2762 3004 3013 3064 tempore
3057 2999 3181 3061 post
3215 2988 3611 3061 Gregorianatn
3637 2996 3800 3037 recen-

2246 3094 2482 3157 sionetn,
2528 3090 2659 3144 licet
2697 3086 3086 3158 tequinoctium
3135 3080 3278 3135 κατὰ
3326 3078 3708 3156 μετὲμπῖωσιν
3754 3071 3798 3124 iu

2248 3181 2502 3254 aequabili
2537 3196 2683 3235 anno
2721 3178 2788 3233 ad
2821 3175 3054 3231 mediam
3114 3172 3227 3227 fere
3269 3179 3510 3233 noctem,
3547 3182 3667 3237 qua-
3701 3176 3799 3217 χχιι

563 3284 669 3339 hoc
693 3243 1018 3348 die‘incipit,
1052 3243 1372 3330 Latinorum
1400 3287 1531 3327 vero
1556 3279 1682 3342 post
1711 3266 2144 3324 Alexandrinum

2250 3243 2561 3337 antecedit,
2609 3268 2920 3341 perveniat;
2958 3264 3320 3320 nihilominus
3355 3263 3411 3315 in
3456 3276 3547 3315 χχι
3589 3256 3801 3313 deﬁxum

565 3380 840 3443 receptum
870 3370 1078 3440 primus
1104 3367 1292 3439 cyclus
1310 3364 1578 3434 iniitApr.
1600 3379 1676 3427 tv,
1698 3361 1898 3432 quiest
1918 3358 2150 3413 Alexan-

562 3464 758 3521 drinus
802 3462 989 3534 cyclus
1020 3460 1268 3525 ultimus,
1301 3466 1362 3512 ιιι
1403 3456 1557 3521 alibi,
1598 3453 1711 3509 Deo
1744 3454 1930 3516 dante,
1966 3449 2147 3506 fusius

563 3556 902 3612 docebimus.
927 3554 1065 3608 Cum
1102 3551 1271 3622 igitur
1306 3548 1600 3604 neomenia
1629 3544 1795 3616 primi
1831 3542 2039 3598 mensis
2066 3541 2148 3596 lu-

564 3649 717 3703 naris
756 3660 821 3701 ea
862 3645 968 3712 sit,
1009 3658 1131 3715 quae
1168 3650 1295 3714 post
1335 3637 1733 3710 aequinoctium
1771 3634 2020 3706 proxime
2061 3648 2148 3688 se-

565 3740 776 3810 quitur,
814 3745 1043 3807 apparet
1076 3749 1176 3789 cur
1209 3729 1593 3795 Alexandrini,
1628 3735 1685 3783 et
1715 3742 1812 3782 eos
1848 3724 2021 3781 secuti
2051 3721 2150 3777 Ni-

569 3831 709 3888 cteni
738 3829 927 3883 Patres
966 3827 1181 3897 cyclnm
1210 3840 1224 3878 ι
1253 3822 1435 3878 Martii
1471 3836 1609 3876 xxut
1641 3818 1934 3875 statuerint
1961 3835 1975 3871 :
2002 3815 2149 3887 quod

569 3923 825 3981 videlicet
871 3921 1151 3985 Anatolii,
1198 3929 1638 3987 caiterorumque
1684 3913 1961 3986 paschalis
2008 3912 2146 3984 cycli

567 4016 914 4073 conditorum
943 4014 1027 4068 vel
1053 4022 1320 4082 tempore,
1347 4010 1433 4065 vel
1467 4008 1688 4064 decreto
1716 4004 2036 4076 aequinoctii
2072 4019 2153 4059 se-

568 4109 665 4165 des
693 4115 842 4165 esset
877 4106 1057 4162 Martii
1104 4120 1245 4161 xxii.
1281 4102 1440 4160 Unde
1489 4102 1619 4157 licet
1653 4086 2044 4171 atquiuoctium
2093 4094 2149 4150 in

568 4215 666 4256 χχι
691 4208 876 4271 postea
906 4197 1205 4260 transierit,
1226 4211 1329 4252 uec
1348 4194 1534 4251 citima
1558 4192 1849 4248 neomenia
1871 4205 1984 4244 χχιι
2008 4188 2151 4243 Mar-

569 4293 631 4348 tii
670 4291 986 4364 contigerit,
1041 4288 1403 4345 nihilominus
1430 4287 1645 4358 cyclum
1697 4283 1933 4355 primum
1984 4280 2152 4337 veteri

569 4385 802 4442 statione
830 4398 939 4439 non
962 4383 1334 4439 dimoverunt.
1361 4379 1546 4448 Quare
1563 4375 1869 4451 .neomenia
1888 4375 2169 4447 Krionos,

568 4480 685 4534 sive
737 4476 946 4533 mensis
998 4475 1162 4545 primi
1213 4473 1417 4530 solaris
1469 4477 1556 4526 est
1608 4469 1834 4523 citimus
1884 4465 2169 4537 terminus

569 4570 870 4641 paschalis,
910 4569 1026 4624 sive
1058 4582 1171 4630 xiv,
1205 4581 1330 4636 quae
1365 4580 1434 4619 ex
1462 4561 1699 4617 Anatolii
1734 4559 1872 4615 scito
1897 4556 2154 4612 convenit
2185 4593 2231 4650 η

570 4663 725 4734 cyclo
773 4677 803 4715 v
842 4678 856 4715 :
911 4673 1037 4715 nam
1081 4658 1268 4729 cyclus
1316 4652 1854 4714 deccmnoveuualis,
1899 4649 2014 4703 sive
2061 4663 2156 4717 pa-

572 4753 797 4818 schalis,
849 4760 1075 4806 auctore
1118 4749 1286 4811 Beda,
1327 4748 1397 4801 ad
1443 4745 1728 4807 terminos,
1754 4742 1871 4797 sive
1910 4739 2155 4793 decimas

572 4856 800 4916 quartas
846 4836 1079 4899 lunares
1114 4840 1525 4912 investigandas
1579 4833 2031 4892 accommodatus
2072 4840 2158 4884 est

574 4938 650 4991 uti
676 4937 862 5008 cyclus
892 4935 1103 4991 lunaris
1134 4933 1200 4989 ad
1231 4932 1536 4987 uuvilunia.
1567 4929 1800 4997 ideoque
1826 4924 2023 4979 metito
2047 4922 2156 4991 pri-

574 5043 699 5084 mus
727 5029 1002 5098 pasehalis
1040 5027 1244 5082 mensis
1291 5041 1321 5079 a
1366 5024 1542 5095 priuta
1584 5037 1672 5074 xw
1710 5017 1913 5094 cmpit,
1948 5016 2049 5068 hoc
2074 5021 2169 5085 est

576 5121 645 5174 ah
688 5120 1001 5187 aequinoctii
1044 5116 1339 5188 die;quod
1380 5113 1672 5170 Anatolius
1717 5109 1771 5163 in
1821 5106 2000 5161 Martii
2043 5119 2153 5158 χχιι

577 5208 961 5265 constituerat.
991 5205 1230 5276 indeque
1270 5212 1493 5260 constat
1530 5219 1641 5257 non
1686 5202 1740 5255 in
1773 5198 2028 5254 munibus
2064 5211 2159 5266 pa-

576 5298 781 5356 schalis
822 5296 1030 5351 mensis
1065 5295 1262 5351 diebus
1292 5295 1501 5351 Pascha
1530 5291 1797 5350 celebrari
1835 5304 2034 5360 posse;
2062 5287 2155 5342 sed

576 5390 923 5447 neomeniam
954 5388 1075 5456 ejus
1116 5389 1320 5459 excipi,
1352 5404 1473 5457 qum
1498 5396 1603 5449 est,
1640 5385 1720 5439 uti
1763 5382 1901 5440 dixi.
1931 5395 2021 5433 xiv
2066 5394 2159 5450 cy-

575 5484 644 5539 cli
675 5500 726 5538 v.
750 5481 910 5549 Quod
942 5482 1118 5551 ipsum
1149 5487 1204 5534 et
1225 5479 1515 5547 Anatolius
1552 5477 1778 5536 indicat,
1804 5488 1927 5529 cum
1955 5486 2050 5526 eos
2078 5485 2158 5524 re.

576 5575 884 5643 prehendit,
909 5573 1002 5643 qui
1033 5573 1086 5627 in
1111 5571 1382 5641 superiori
1404 5578 1709 5640 segmento,
1731 5564 1878 5636 quod
1904 5564 2156 5618 ultimttm

578 5673 683 5729 est,
714 5666 950 5734 primum
1003 5680 1273 5728 mensem,
1314 5672 1368 5718 et
1421 5678 1509 5716 xiv
1566 5661 1813 5713 lunarem
1864 5657 2156 5711 collocant.

580 5752 935 5824 Consequens
967 5756 1112 5811 enim
1142 5765 1225 5812 est
1256 5755 1500 5811 decimas
1527 5759 1756 5821 quartas
1788 5749 2011 5802 lunares
2042 5763 2160 5801 om-

587 5859 684 5902 nes
705 5845 843 5900 intra
866 5849 1024 5916 primi
1055 5851 1262 5905 mensis
1284 5848 1548 5918 eporltam
1571 5842 1835 5899 coerceri.
1855 5840 2011 5908 Quod
2037 5857 2156 5897 cum

2248 3376 2368 3431 est;
2395 3364 2540 3435 quod
2576 3377 2701 3416 eum
2742 3360 2888 3415 diem
2928 3366 3042 3411 toto
3082 3354 3195 3411 fere
3217 3352 3441 3411 Iuliano
3466 3346 3803 3421 quadriennio

2248 3455 2540 3526 percurrit.
2583 3451 2699 3507 Non
2738 3463 2820 3506 est
2860 3451 3026 3519 igitur
3063 3445 3468 3504 dubitandum,
3508 3440 3640 3511 quin
3677 3438 3801 3490 Aua-

2251 3548 2419 3602 tolius
2460 3562 2514 3600 xt
2555 3544 2678 3600 Kal.
2712 3543 2850 3613 Apr.
2871 3539 3258 3611 aequinoctium
3290 3535 3457 3590 civile
3483 3530 3726 3588 statuerit
3746 3530 3800 3580 ad

2249 3654 2376 3693 eum
2409 3637 2657 3700 modum,
2715 3649 2827 3706 quo
2869 3641 2994 3703 post
3024 3628 3306 3684 Nicmnum
3340 3625 3635 3681 concilium
3665 3622 3714 3674 in
3740 3632 3803 3673 χιι

2254 3731 2485 3787 Kalend.
2537 3729 2861 3784 translatum
2897 3734 2983 3780 est
3025 3744 3040 3778 :
3083 3723 3219 3779 adeo
3250 3730 3309 3776 ut
3345 3719 3495 3773 nulla
3547 3731 3633 3772 xiv
3672 3714 3803 3776 luna,

2250 3839 2375 3894 qua:
2411 3831 2536 3877 ante
2579 3838 2630 3875 χι
2666 3818 3122 3879 Kuh-accideret,
3171 3812 3453 3885 paschalis
3516 3808 3801 3863 haberetur.

2251 3918 2311 3973 ιιι
2342 3916 2489 3971 enim
2516 3913 2755 3968 Anatolii
2788 3910 2952 3966 verba
2977 3906 3339 3964 disertissime
3376 3913 3665 3959 testantur.

2325 4008 2470 4063 Sane
2508 4007 2553 4062 si
2587 4005 2821 4059 mediam
2850 4001 2978 4056 anni
3021 3998 3218 4070 tropici
3249 3995 3485 4053 formam
3525 3992 3801 4064 sequimur,

2253 4099 2565 4173 cuiusmodi
2602 4108 2685 4153 est
2741 4093 3107 4166 Alphonsina,
3145 4107 3267 4163 quae
3303 4088 3520 4145 steteris
3549 4081 3805 4153 anteponi-

2255 4168 2365 4255 tur,
2407 4187 2647 4243 Anatolii
2689 4195 2932 4255 tempore
2964 4178 3354 4254 aequinoctium
3400 4177 3684 4244 utriusque
3715 4168 3803 4223 diei

2255 4291 2462 4353 partem
2495 4295 2561 4335 ex
2597 4292 2755 4349 teque
2789 4276 2895 4331 sibi
2936 4274 3267 4331 vindicabat.
3301 4269 3455 4325 Vixit
3479 4271 3624 4325 enim
3650 4263 3803 4322 medio

2256 4370 2370 4427 fere
2424 4368 2584 4424 tertio
2638 4374 2763 4438 post
2811 4374 2991 4419 ortum
3041 4361 3246 4417 Christi
3295 4360 3521 4416 saeculo.
3586 4357 3803 4423 Cumque

2257 4476 2402 4516 anno
2443 4458 2648 4515 Christi
2687 4455 2795 4511 200
2832 4454 3222 4526 aequinoctium
3264 4466 3491 4506 vernum
3547 4443 3804 4516 contigerit

2259 4552 2434 4607 Martii
2457 4565 2571 4614 χχι,
2601 4548 2752 4603 horis
2773 4545 3037 4616 7,l6',l5"
3057 4553 3176 4615 post
3206 4542 3513 4608 meridiem,
3533 4554 3672 4595 anno
3695 4548 3803 4589 vero

2259 4644 2363 4699 500
2394 4641 2572 4698 Martii
2605 4655 2697 4705 xx,
2740 4638 2891 4693 horis
2931 4638 3019 4700 l5,
3050 4633 3261 4702 22’,55"
3290 4652 3304 4689 :
3343 4634 3388 4689 si
3425 4646 3702 4687 excessum
3728 4628 3805 4682 Al-

2258 4735 2593 4805 phousinum
2633 4746 2700 4786 ex
2739 4744 2898 4800 atquo
2940 4728 3220 4800 partiaris,
3263 4726 3507 4780 invenies
3538 4740 3570 4779 a
3608 4718 3804 4778 meridie

2258 4825 2430 4880 ferme
2476 4839 2567 4879 χχι
2614 4821 2793 4877 Martii
2830 4820 2899 4875 ad
2947 4818 3231 4873 meridiem
3282 4832 3397 4872 χχιι
3443 4810 3802 4885 tequinoctium

2258 4918 2402 4971 ultro
2441 4916 2686 4985 citroque
2719 4926 3076 4968 commeasse.
3107 4906 3212 4964 Sed
3255 4908 3541 4962 Anatolius
3586 4904 3802 4976 aequino.

2258 5011 2425 5064 ctiuut
2466 5007 2622 5072 illud,
2662 5005 2806 5076 quod
2846 5020 2876 5058 a
2920 5001 3223 5072 majoribus
3275 5007 3580 5070 acceperat,
3621 4997 3671 5050 in
3712 5005 3801 5047 χχιι

2260 5100 2505 5164 retinuit,
2537 5114 2662 5153 cum
2693 5096 3019 5150 Ptolemmus
3060 5104 3173 5147 toto
3212 5101 3338 5146 ante
3373 5090 3571 5145 saeculo
3603 5096 3800 5141 vernum

2258 5190 2651 5261 aequinoctium
2699 5203 2812 5242 χχιι
2863 5184 3041 5241 Martii
3090 5185 3145 5239 in
3196 5182 3423 5237 meridie
3465 5180 3800 5234 observasst-t.

2259 5298 2405 5336 anno
2453 5279 2658 5336 Christi
2686 5279 2810 5345 140,
2853 5276 3163 5333 bissextili.
3205 5285 3261 5330 ut
3296 5273 3401 5328 hac
3435 5273 3643 5327 ratione
3686 5269 3802 5322 inter

2258 5374 2540 5430 meridiem
2572 5388 2686 5428 χχιι
2735 5383 2790 5426 et
2814 5386 2955 5425 χχιιι
2985 5366 3426 5441 progrederetur.
3453 5363 3606 5431 Quod
3635 5361 3676 5415 si
3703 5356 3801 5411 Ριοο

2259 5463 2479 5520 lemaici
2534 5471 2589 5518 et
2616 5460 2945 5532 Ilipparchei
2977 5458 3107 5513 anni
3139 5454 3396 5522 fortnam,
3432 5471 3551 5526 quae
3592 5449 3690 5508 300
3722 5463 3801 5501 an-

2259 5556 2348 5613 nis
2386 5557 2531 5611 diem
2575 5546 2746 5609 unum
2789 5544 3032 5621 perimit,
3065 5547 3357 5601 Anatolius
3405 5544 3679 5615 amplexus
3715 5537 3797 5595 sil;

2260 5665 2384 5706 cum
2418 5650 2727 5720 προήγησις
2758 5633 2882 5715 plus
2910 5643 3091 5697 minus
3118 5654 3388 5694 annorum
3429 5642 3639 5691 centum
3664 5631 3800 5683 horas

2260 5758 2359 5798 vrtt
2415 5718 2674 5813 postulet,
2731 5735 2980 5792 invenies
3019 5718 3254 5787 Anatolii
3295 5744 3411 5784 arvo
3444 5720 3797 5796 aequinoctium

2263 5839 2317 5891 in
2358 5849 2507 5903 anno
2523 5831 2792 5889 bissextili
2821 5828 3119 5901 contigisse
3145 5835 3270 5881 octo
3300 5822 3513 5879 circiter
3537 5815 3681 5871 horis
3698 5818 3805 5893 ante
