4064 6406
221 424 322 482 997

1174 428 1264 484 DE
1302 429 1491 487 ANNO
1525 430 1614 487 ET
1656 430 1771 486 DIE
1809 429 2166 493 DOMINICIE
2202 437 2575 496 PASSIONIS.

3388 433 3493 509 992i

225 543 494 598 inieridiem
520 543 626 598 dici
655 560 792 611 ssn,
821 546 1161 618 proindeque
1196 550 1502 611 bellissime
1536 554 1688 610 hunc
1718 554 1801 623 ip—
1831 555 1877 611 Α
1906 553 2098 611 Latina
2141 557 2326 615 Butiui
2376 562 2627 618 versione
2680 564 2947 621 celebrari
2978 575 3182 638 potest.
3213 568 3490 643 Scriptum

223 651 336 688 sum
360 636 501 691 diem
535 637 1102 708 eivilemmquinoctio
1127 644 1529 710 praestitutum.
1556 644 1800 700 Tametsi

225 725 334 778 ﬁeri
364 736 561 794 potest,
597 735 658 781 ιιι
687 728 954 799 tropicam
986 729 1134 785 illam
1165 733 1556 805 προέμπτωσιν
1584 737 1801 806 penitus

222 814 669 882 dissimulaverit,
707 828 765 872 ιιι
802 827 925 888 post
950 817 1230 875 Niczenum
1265 824 1559 880 concilium
1591 827 1804 897 aliquot

224 906 434 977 seculis
479 909 787 979 ignoratam
826 925 953 965 esse
997 921 1251 976 constat;
1287 924 1343 968 et
1392 916 1462 972 ab
1504 917 1624 986 ipso
1659 919 1799 973 Beda

223 997 488 1068 praecipue
517 1017 531 1054 :
564 1001 657 1071 qui
681 1012 975 1072 propterea
1008 1006 1198 1062 multis
1227 1007 1407 1064 modis
1431 1008 1801 1067 hallucinatus

223 1098 323 1150 est,
354 1103 477 1141 nam
519 1105 583 1143 es
626 1091 816 1146 eadem
857 1092 1145 1164 hypothesi
1189 1095 1350 1152 Beda:
1388 1101 1592 1155 saeculo
1628 1102 1795 1172 aequi-

225 1179 457 1234 noctium
498 1181 715 1253 longius
745 1199 776 1237 a
803 1200 915 1239 xxn
948 1198 1270 1254 recesserat,
1313 1197 1369 1245 et
1398 1190 1465 1244 ad
1505 1207 1641 1246 xvm
1677 1209 1800 1263 per-

224 1276 457 1322 venerat.
485 1269 551 1323 Et
579 1278 759 1325 tamen
793 1272 859 1327 ad
917 1273 1325 1347 horologiorum
1353 1294 1803 1351 gnomonumque

225 1357 375 1412 ﬁdem
407 1369 696 1428 provocat;
733 1371 792 1417 ut
830 1365 1222 1433 aequinoctium
1250 1367 1489 1426 Nicacnis
1520 1371 1653 1441 ipsis
1678 1388 1803 1427 car-

222 1449 436 1506 dinibus
469 1453 728 1508 ascribat.

233 1561 455 1633 insignis
511 1582 681 1631 error,
744 1569 851 1623 imo
894 1570 1107 1626 hrcresis
1145 1571 1422 1629 Scotorum
1471 1577 1701 1631 maxime
1738 1594 1804 1632 ea:

292 1633 432 1713 falsa
472 1635 664 1713 ‘liuﬁni
728 1640 1159 1713 interpretatione
1205 1656 1331 1699 nata
1386 1645 1714 1713 declaratur,
1750 1657 1803 1702 et

290 1706 573 1761 Anatolius
598 1725 632 1761 a
664 1706 932 1764 calumnia
959 1711 1235 1767 liberatur.

292 1817 487 1877 Verum
507 1835 567 1879 ut
588 1832 695 1879 tam
721 1825 974 1882 absurdce
1000 1827 1469 1899 interpretationis
1490 1831 1806 1901 errorisque

223 1910 418 1968 fontem
471 1917 823 1984 aperiamus,
870 1919 1013 1975 scito
1055 1935 1160 1974 non
1205 1929 1313 1975 tam
1352 1937 1472 1976 eam
1510 1921 1668 1978 Beda:
1706 1925 1804 1978 ho-
1837 1898 1880 1953 Β

222 2004 378 2061 minis
406 2005 794 2073 eruditissimi,
824 2017 878 2063 et
907 2009 961 2063 in
1006 2025 1073 2064 eo
1114 2026 1314 2081 genere
1363 2014 1803 2072 exercitatissimi

222 2098 430 2167 culpam
461 2114 610 2162 esse,
637 2100 729 2170 qui
754 2100 991 2155 Anatolii
1017 2101 1205 2157 Graeca
1235 2119 1343 2155 non
1372 2104 1604 2167 viderat,
1632 2122 1797 2177 quam

222 2186 396 2244 Bulini
446 2191 753 2260 scriptoris,
841 2201 900 2247 ut
952 2209 1144 2249 omnes
1195 2204 1418 2258 norunt,
1449 2196 1801 2266 ineptissimi,

219 2280 308 2350 qui
349 2281 401 2335 in
443 2283 762 2339 mutilandis
789 2285 1265 2356 depravandisque
1293 2295 1539 2342 veterum
1582 2288 1804 2358 scriptis

219 2373 394 2440 potius
425 2390 593 2444 quam
652 2375 1077 2445 interpretandis
1111 2378 1314 2449 stylum
1339 2395 1499 2434 suum
1534 2382 1800 2435 exercuit.

224 2462 316 2519 llic
335 2466 479 2520 enim
505 2482 575 2521 es
608 2466 850 2521 Anatolii
885 2467 1070 2522 verbis
1106 2470 1373 2523 nonnulla
1403 2471 1647 2538 sustulit,
1679 2487 1804 2541 qua:

224 2563 325 2610 tam
353 2554 511 2612 Beda:
545 2572 712 2627 quam
744 2559 870 2613 aliis
901 2559 1231 2628 quibusdam
1261 2562 1566 2629 turpissimi
1597 2563 1803 2619 erroris

221 2648 557 2703 occasionem
587 2648 876 2704 dederunt.
909 2649 1046 2705 Cum
1078 2650 1529 2708 enimAnatolius
1560 2654 1803 2723 scripse-

222 2739 326 2795 rit:
352 2741 443 2794 Διὸ
480 2742 578 2796 καὶ
616 2743 743 2806 τοὺς
787 2743 847 2797 ἐν
884 2743 1033 2814 αὐτῷ
1079 2742 1396 2815 τιθεμένους
1448 2744 1541 2798 τδν
1587 2744 1804 2829 πρῶτον

225 2833 380 2903 μῆνα,
415 2835 508 2889 καὶ
540 2834 642 2906 τὴν
679 2836 1285 2908 τεσσαρεσκαιδεκάτην
1325 2835 1420 2890 τοῦ
1454 2835 1649 2908 Πάσχα
1681 2837 1802 2890 κατ’

217 2923 379 2995 αὐτὴν
402 2923 787 2996 λαμϐάνοντας
814 2927 874 2979 οὐ
911 2926 1147 2998 μικρῶς,
1175 2926 1282 2980 οὐδ’
1304 2927 1380 2990 ὡς
1402 2926 1592 2997 ἔτυχεν
1623 2926 1805 2998 ἁμαρ-

221 3015 389 3067 ⁸ιτὰνειν
412 3015 617 3089 φαμέν.
648 3015 761 3073 lloc
789 3027 872 3073 cst
899 3037 912 3073 :
940 3019 1074 3074 Cum
1099 3028 1398 3089 postremus
1427 3020 1649 3084 mensis,
1673 3018 1805 3072 ulti-

224 3123 453 3178 mumque
487 3108 701 3163 zodiaci
754 3122 1077 3181 segmentum
1127 3113 1367 3180 proxime
1415 3115 1612 3182 τμῆμα
1658 3111 1804 3164 istud

226 3195 530 3269 ἰσημερινόν
573 3187 872 3266 antecedat,
904 3200 1227 3255 vehementer
1253 3200 1574 3253 hatlucinari
1599 3216 1803 3254 necesse

220 3302 292 3341 est
321 3307 427 3358 eos,
455 3293 547 3362 qui
572 3292 804 3360 primum
833 3308 1081 3358 mensem,
1112 3299 1162 3346 et
1193 3308 1282 3346 xw
1316 3292 1597 3347 Paschatis
1630 3292 1681 3344 in
1709 3291 1800 3343 εει.»

224 3382 390 3451 utique
420 3395 687 3452 postremo
727 3393 991 3454 segmento
1035 3383 1321 3438 collocant.
1370 3382 1505 3437 Nam
1550 3398 1649 3453 pro
1680 3384 1798 3435 κατ’

223 3474 405 3546 αὑτὴν,
440 3478 567 3531 κατ’
588 3477 721 3531 αὐτό
761 3479 1047 3548 legendum
1090 3492 1234 3540 esse,
1268 3491 1448 3541 nemo,
1489 3484 1548 3530 ut
1584 3476 1798 3545 opinor,

222 3565 487 3633 negaverit
518 3583 684 3623 :cum
722 3569 856 3634 lucc,
901 3569 1151 3639 inquam,
1199 3569 1366 3640 hujus
1396 3568 1499 3623 loci
1532 3569 1799 3623 sententia

223 3654 308 3720 sit,
338 3655 569 3714 Buliuus
623 3660 697 3714 ita
730 3660 895 3714 vertit
924 3677 938 3715 :
976 3660 1041 3713 Et
1064 3660 1182 3715 ideo
1214 3677 1315 3714 non
1351 3676 1537 3730 parum
1571 3660 1800 3713 dicimus

223 3747 513 3819 delinquere
539 3767 651 3818 eos,
678 3752 767 3822 qui
789 3762 911 3806 ante
939 3753 1157 3807 initium
1183 3753 1278 3807 hoc
1300 3754 1417 3807 novi
1438 3753 1566 3807 anni
1589 3751 1800 3807 Pascha

220 3851 401 3908 putant
434 3860 548 3899 esse
597 3843 993 3899 celebrandum.
1040 3843 1143 3900 Ubi
1187 3846 1301 3900 haec
1348 3845 1511 3900 verba
1563 3844 1658 3899 καὶ
1701 3842 1801 3915 τὴν

220 3946 538 4007 τεσσαρεσκ.
567 3934 661 3989 τοῦ
697 3936 912 4008 Πάσχα,
949 3951 1017 3992 ac
1051 3953 1141 3991 stv
1166 3936 1440 4006 paschalis
1468 3936 1799 3991 mentionem

222 4035 429 4079 omnem
478 4025 920 4097 ﬂagitiosissimo
973 4026 1220 4082 sustulit.
1264 4027 1460 4096 Atqui
1512 4025 1800 4096 expunctis

220 4114 406 4180 paucis
450 4114 562 4171 illis
593 4115 828 4180 vocalis,
876 4114 1013 4172 falsa
1058 4126 1109 4172 ct
1138 4116 1379 4173 absurda
1414 4116 1705 4182 sententia,
1738 4132 1803 4171 ac

221 4217 324 4259 non
345 4206 505 4263 modo
523 4208 765 4263 Anatolii
801 4206 1043 4277 decreto,
1070 4210 1166 4266 sed
1192 4217 1247 4264 et
1266 4208 1542 4265 catholico
1559 4207 1800 4278 dogmati

220 4300 492 4354 contraria
517 4300 771 4370 sequitur
804 4317 817 4356 :
850 4300 1111 4355 nimirum
1129 4299 1340 4355 Pascha
1373 4299 1427 4353 in
1454 4299 1603 4354 civili
1632 4299 1803 4370 atqui-

222 4389 385 4445 noctii
430 4392 543 4456 die,
594 4400 762 4463 atque
795 4391 848 4448 in
883 4392 1001 4463 ipso
1032 4393 1268 4447 termino
1311 4392 1574 4447 celebrari
1615 4407 1794 4462 posse.

222 4479 353 4544 Quid
392 4493 479 4539 est
508 4485 635 4539 luna
670 4500 763 4540 xw
792 4485 1105 4556 paschalis?
1135 4483 1212 4539 Ea
1235 4484 1516 4550 nimirum,
1556 4500 1679 4555 qua:
1709 4492 1805 4538 aut

225 4570 277 4625 in
300 4576 619 4644 aequinoctii
643 4577 786 4632 diem
817 4578 998 4648 ipsum
1026 4576 1246 4640 incidit,
1281 4585 1374 4630 aut
1401 4575 1649 4645 proxime
1677 4584 1802 4646 post
1835 4592 1879 4647 ι)

222 4661 416 4733 ipsum.
453 4666 614 4735 Quod
642 4669 787 4723 enim
823 4677 949 4739 post
975 4666 1392 4739 aequinoctium,
1427 4683 1533 4721 non
1585 4671 1638 4722 in
1682 4668 1803 4737 ipso

221 4759 549 4828 aequinoctio
582 4762 951 4833 peragendum
996 4776 1118 4817 esse
1161 4760 1372 4817 Pascha
1417 4770 1567 4831 putet
1594 4761 1804 4816 Anato-

221 4846 346 4914 lius,
401 4861 588 4922 aperte
647 4854 833 4907 eodem
883 4851 937 4907 in
986 4853 1106 4908 loco
1152 4853 1460 4924 proﬁtetur,
1523 4868 1647 4908 cum
1699 4851 1804 4906 hoc

222 4937 419 5009 ipsum,
458 4943 605 5014 quod
644 4944 712 5000 de
743 4943 1032 5001 Paschalis
1064 4945 1449 5001 observatione
1477 4946 1798 5014 scripserat,

220 5028 432 5090 Judreos
453 5044 606 5092 tanto
632 5046 759 5092 ante
789 5039 1179 5107 pronuntiasse
1203 5038 1356 5104 dicit,
1384 5037 1655 5102 videlicet,
1692 5035 1803 5089 δεῖν

220 5124 287 5178 τὰ
313 5127 655 5201 Διαϐατήρια
674 5128 822 5182 θύειν
847 5129 1043 5200 ἐπίσης
1064 5130 1313 5193 ἅπαντας
1339 5129 1478 5201 μετὰ
1507 5127 1801 5201 ἰσημερίαν

223 5216 462 5291 ἐαρινὴν,
501 5220 794 5291 μεσοῦντος
834 5220 927 5275 τοῦ
967 5222 1186 5293 πρώτου
1236 5222 1425 5293 μηνός.
1478 5220 1647 5292 Igitur
1680 5228 1803 5291 post

226 5307 531 5379 ἰσημερίαν,
588 5328 697 5368 non
748 5314 804 5368 in
848 5313 1112 5386 ἰσημερίᾳ
1151 5313 1360 5369 Pascha
1410 5321 1523 5367 tam
1574 5312 1800 5381 Iudaeis,

225 5416 386 5469 quam
418 5405 752 5460 Christianis
786 5405 1048 5472 incurrit;
1081 5406 1230 5477 quod
1251 5415 1307 5461 et
1341 5406 1577 5461 subinde
1612 5423 1804 5462 rursus

222 5490 478 5560 inculcat,
506 5496 603 5569 τὴν
631 5495 728 5551 τοῦ
768 5497 962 5568 Πάσχα
991 5496 1084 5549 καὶ
1110 5496 1221 5550 τῶν
1237 5495 1488 5568 Ἀζύμων
1520 5496 1631 5550 δεῖν
1663 5497 1803 5551 πάν-

222 5598 328 5649 τως
361 5590 481 5658 μετ’
530 5589 820 5661 ἰσημερίαν
868 5588 1120 5657 ἄγεσθαι.
1160 5588 1325 5658 Atqui
1374 5588 1474 5661 τὴν
1509 5590 1802 5662 ἰσημερίαν

225 5674 503 5734 Anatolius
535 5679 870 5735 Phamenoth
898 5695 1024 5734 ssvs
1055 5679 1170 5734 sive
1193 5694 1247 5733 st
1281 5676 1404 5733 Kal.
1431 5681 1563 5749 Apr.
1590 5677 1803 5734 consti‘

225 5765 347 5825 tuit.
378 5766 687 5838 ibidemque
715 5769 877 5840 primi
914 5768 1127 5825 mensis
1160 5769 1470 5824 exordium.
1503 5768 1674 5841 Negat
1702 5768 1806 5841 igi-

226 5863 313 5911 tur
338 5858 429 5915 itlo
460 5861 579 5925 ipso
605 5861 692 5917 die
724 5861 937 5918 Pascha
982 5862 1085 5918 rite
1132 5859 1419 5919 celebrari.
1463 5860 1532 5919 At
1566 5876 1699 5917 vero
1731 5876 1797 5917 es

1901 653 1988 700 cst
2013 646 2158 700 enim
2175 689 2192 715 ,
2254 648 2503 704 aberrare
2519 650 2852 708 uehementer
2878 672 2986 722 eos,
3009 658 3101 726 qui
3123 667 3245 713 ante
3270 660 3369 715 hoc
3388 662 3489 716 ini-

1903 737 2035 789 tium
2083 739 2246 806 primi
2291 742 2485 795 mensis
2538 740 2749 797 Pascha
2805 745 3094 801 celebrant.
3139 747 3323 815 Quare
3370 752 3492 823 ipso
3538 776 3541 777 ν

1903 826 2110 881 mensis
2144 827 2302 881 initio
2332 829 2493 895 licet;
2537 831 2640 887 hoc
2673 826 2854 886 autem
2894 843 2981 891 est
3013 852 3108 891 XIV
3137 837 3267 893 luna
3299 854 3367 895 ex
3398 857 3492 897 su-

1901 917 2104 987 periori
2155 919 2495 985 deﬁnitione,
2555 938 2721 992 quam
2768 922 3046 981 Nicrenum
3080 930 3398 996 concilium,
3438 942 3491 987 ct

1903 1010 2168 1064 catholica
2207 1014 2389 1067 munis
2422 1013 2665 1069 Ecclesia
2707 1017 2906 1071 scivit:
2940 1019 3074 1073 tanti
3110 1020 3369 1076 nimirum
3404 1036 3490 1079 est

1903 1113 2027 1152 cum
2070 1100 2282 1155 caztcris
2316 1102 2369 1155 in
2404 1103 2565 1157 rebus
2598 1114 2652 1159 et
2692 1105 2908 1170 ofﬁciis,
2959 1118 3074 1161 tum
3108 1109 3161 1163 in
3201 1113 3490 1181 scriptorio

1902 1189 2009 1243 bus
2047 1191 2471 1260 interpretandis
2506 1206 2766 1263 praestare
2807 1198 3007 1263 tidem;
3050 1199 3197 1268 quod
3235 1217 3380 1271 δέρρει
3409 1202 3493 1256 in-

1904 1289 2115 1350 terpres
2152 1284 2254 1337 iste
2288 1285 2548 1354 neglexit.
2580 1286 2822 1342 Proinde
2859 1290 2941 1343 vcl
2970 1306 3038 1345 eo
3064 1293 3288 1346 nomine
3312 1294 3489 1363 pessi-

1905 1386 1993 1425 me
2047 1372 2114 1427 de
2169 1374 2446 1441 Anatolio,
2496 1377 2673 1446 deque
2709 1380 2988 1433 catholico
3025 1381 3300 1452 dogmate,
3328 1393 3494 1454 atque

1904 1463 2053 1517 omni
2083 1466 2402 1533 posteritate
2426 1469 2662 1535 meruit;
2700 1469 2827 1524 dum
2857 1472 3270 1528 sanctissimum
3301 1477 3491 1530 erudi—

1904 1553 2291 1626 tissimumque
2314 1557 2527 1613 Patrem
2551 1560 2934 1617 absurdissimi
2963 1564 3232 1620 fautorem
3262 1565 3492 1637 dogma-

1905 1642 1999 1710 tis,
2050 1655 2213 1716 atque
2271 1649 2544 1706 haereseos
2574 1661 2852 1707 auctorem
2893 1656 3196 1711 constituit.
3226 1656 3382 1723 Quod
3424 1673 3493 1712 nc

1906 1734 2030 1803 quis
2065 1751 2095 1789 a
2130 1751 2217 1791 me
2251 1738 2576 1795 iracundius
2602 1757 2765 1810 quam
2797 1744 2980 1798 verius
3018 1744 3275 1801 allii-mari
3313 1754 3487 1817 putet,

1909 1828 2161 1882 consulat
2202 1846 2325 1901 qum
2364 1833 2430 1885 de
2477 1830 2769 1888 Scotorum
2827 1843 2882 1889 et
2925 1839 3491 1911 τεσσαρεσδεκατιτῶν

1908 1918 2360 1978 altercationibus
2413 1940 2443 1978 a
2490 1923 2634 1980 Beda
2675 1927 2731 1981 in
2771 1927 2973 1982 Eccles.
3010 1931 3136 1984 hist.
3173 1942 3488 1989 narrantur.

1908 2009 1987 2064 Ex
2018 2011 2217 2079 quibus
2260 2013 2545 2086 intelliget,
2578 2018 2672 2088 qui
2702 2019 2830 2075 huic
2875 2022 3044 2075 errori
3083 2025 3493 2093 patrocinaren-

1908 2107 2017 2166 tur,
2071 2102 2235 2157 uuius
2281 2106 2629 2174 potissimum
2687 2111 3016 2166 auctoritate
3046 2110 3216 2168 fretos
3255 2113 3492 2169 Anatolii

1906 2188 2221 2247 Christiano
2252 2195 2490 2264 dogmati
2523 2197 2812 2253 resﬁtisse.
2838 2199 3011 2265 Quam
3043 2203 3265 2272 quidem
3298 2217 3491 2259 aucto-

1908 2281 2124 2336 ritatem
2152 2300 2257 2337 non
2286 2301 2351 2339 es
2385 2287 2522 2356 ipsis
2549 2289 2791 2345 Anatolii
2823 2292 3086 2356 fontibus,
3121 2296 3215 2350 sed
3241 2312 3307 2350 ex
3338 2297 3490 2350 lacu-

1906 2371 1994 2426 nis
2029 2371 2333 2430 Butinianre
2389 2377 2855 2448 interpretationis
2889 2382 3205 2440 hauserant.

1912 2513 1923 2523 ,
1980 2456 2282 2512 Luculenta
2308 2474 2441 2512 sane
2462 2460 2529 2514 de
2552 2460 2820 2517 Paschatc
2843 2465 3216 2519 controversia
3244 2463 3335 2519 illa
3365 2462 3491 2527 fuit,

1903 2566 2067 2621 quam
2126 2551 2333 2620 ingenti
2369 2552 2684 2609 animorum
2723 2557 3081 2611 contentione
3115 2556 3277 2611 totit-s
3306 2556 3487 2623 agita-

1904 2649 2014 2695 tam
2047 2639 2225 2696 luisse
2250 2643 2391 2711 apud
2427 2645 2631 2713 Anglos
2668 2661 2733 2701 ac
2765 2645 2961 2701 Scotos
2987 2658 3180 2702 auctor
3204 2656 3289 2702 est
3325 2645 3491 2700 Beda.

1902 2733 2008 2789 Sed
2043 2734 2096 2788 in
2127 2735 2436 2803 primislib.
2473 2750 2556 2801 ιιι,
2591 2752 2712 2806 cap.
2747 2737 2819 2792 25
2846 2738 3192 2795 nobilissima
3245 2738 3489 2794 Wilfridi

1904 2822 2208 2895 presbyteri
2258 2827 2537 2891 catholici,
2571 2839 2626 2882 et
2663 2830 2916 2885 Colmani
2950 2834 3192 2902 episcopi
3225 2832 3376 2888 Scoti
3397 2852 3490 2889 co-

1906 2930 2023 2969 ram
2058 2931 2185 2985 rege
2217 2917 2400 2971 habita
2432 2920 2658 2975 collatio
2705 2921 3059 2979 describitur.
3108 2924 3166 2979 lu
3212 2941 3319 2996 qua
3364 2941 3490 2981 cum

1908 3007 2012 3063 hoc
2045 3008 2224 3064 Scotis
2260 3009 2547 3067 Willridus
2584 3015 2869 3085 ohjiceret,
2910 3017 3056 3086 quod
3100 3027 3290 3073 contra
3318 3016 3491 3075 Nicae-

1906 3113 2037 3151 num
2070 3114 2356 3165 canonem,
2386 3109 2443 3155 et
2477 3100 2739 3158 Romanae
2771 3104 3028 3163 Ecclesiae
3067 3109 3345 3164 decretum
3384 3109 3490 3163 Pa-

1908 3190 2038 3244 scha
2080 3205 2111 3244 a
2147 3193 2276 3244 luna
2312 3208 2403 3246 stv
2449 3195 2516 3248 ad
2553 3211 2623 3249 xx
2659 3197 3002 3253 celebrarent
3084 3201 3384 3256 Colmanus
3416 3203 3490 3256 ita

1856 3272 1875 3295 ⁸
1909 3280 2129 3334 demum
2162 3285 2404 3338 occurrit
2434 3303 2448 3340 :
2487 3281 2743 3358 Nunquid
2767 3289 3047 3345 Anatolius
3074 3293 3154 3345 vir
3178 3302 3415 3359 sanctus,
3439 3303 3490 3347 et

1909 3374 1964 3426 in
1997 3373 2225 3442 pru'fata
2263 3376 2491 3430 historia
2551 3378 2916 3434 ecclesiastica
2965 3382 3195 3436 multum
3237 3382 3489 3436 laudatus

1908 3464 2010 3535 legi
2041 3465 2116 3518 rel
2158 3465 2443 3535 Evangelia
2477 3470 2751 3522 contraria
2777 3471 2976 3539 sapuit,
3007 3473 3097 3541 qui
3153 3488 3185 3525 a
3216 3488 3304 3526 stv
3333 3488 3488 3543 usque

1909 3560 1976 3611 ad
2014 3574 2079 3612 xx
2130 3554 2341 3612 Pascha
2381 3558 2752 3614 celebrandum
2794 3563 3049 3630 scripsit?
3089 3562 3194 3618 Sed
3236 3571 3293 3618 et
3334 3572 3489 3619 antea

1909 3664 2029 3719 cap.
2061 3652 2092 3702 5
2116 3650 2361 3719 ejusdem
2393 3651 2516 3706 libri
2549 3654 2616 3707 de
2652 3653 2870 3708 Aiduno
2891 3656 3153 3726 episcopo
3182 3654 3253 3710 ab
3282 3653 3489 3710 Oswal-

1908 3742 1980 3796 do
2016 3758 2139 3813 rege
2171 3743 2224 3796 in
2253 3743 2504 3813 Angliam
2537 3761 2567 3799 c
2596 3745 2778 3799 Scotia
2818 3748 3084 3803 arcessito
3115 3749 3383 3813 scribens,
3417 3748 3491 3803 ait

1909 3830 2061 3885 illum
2103 3833 2308 3887 Pascha
2346 3850 2489 3888 more
2516 3851 2628 3889 sua:
2661 3837 2829 3906 gentis
2859 3854 2894 3891 a
2924 3855 3010 3892 stv
3043 3839 3170 3893 luna
3198 3840 3269 3892 ad
3307 3855 3377 3893 xx
3409 3856 3493 3894 ce-

1909 3923 2160 3989 lebrasse,
2195 3927 2334 3996 quod
2365 3927 2503 3980 idem
2533 3925 2815 3982 Scotorum
2842 3946 2905 3983 ac
2941 3929 3216 3985 Pictorum
3244 3931 3388 3984 natio
3411 3932 3495 4001 fa-

1911 4024 2067 4079 ceret,
2090 4016 2407 4071 existinmas
2429 4033 2484 4070 se
2507 4018 2559 4071 in
2583 4019 2682 4072 hac
2709 4020 3044 4074 observantia
3065 4022 3238 4076 sancti
3256 4038 3318 4075 ac
3338 4021 3492 4076 laude

1909 4105 2057 4175 digni
2081 4106 2265 4161 Putris
2313 4108 2557 4163 Anatolii
2607 4111 2811 4180 scripta
2853 4122 3117 4167 secutum.
3156 4111 3340 4179 Vides,
3376 4117 3493 4183 opi-

1910 4212 2034 4259 nor,
2068 4198 2454 4254 schismaticos
2485 4200 2608 4254 illos
2636 4215 2830 4255 omnes
2873 4203 3209 4271 praecipuum
3251 4206 3493 4271 pervica-

1911 4289 2027 4353 cim,
2078 4290 2465 4360 Opinionisqnc
2515 4306 2630 4345 sua:
2666 4292 2979 4361 pra-sidiam
3016 4293 3070 4347 in
3104 4292 3340 4348 Anatolii
3388 4308 3491 4347 au-

1911 4385 2163 4437 ctoritate
2191 4382 2463 4451 posuisse,
2490 4399 2597 4437 non
2625 4384 2715 4436 illa
2741 4383 2986 4453 quidem,
3013 4393 3071 4438 ut
3095 4384 3232 4451 dixi,
3255 4400 3320 4439 ex
3346 4385 3493 4441 illius

1911 4474 2151 4544 scriptis,
2188 4490 2311 4544 qua:
2347 4489 2630 4545 utinquam
2667 4476 2936 4541 viderant,
2978 4477 3074 4533 sed
3112 4493 3179 4531 es
3218 4477 3492 4534 Ecclesia-

1911 4566 2057 4619 stica:
2091 4567 2351 4630 historice,
2372 4566 2477 4621 hoc
2505 4576 2591 4622 est
2621 4582 2650 4620 ει
2678 4567 2876 4622 llutiuo
2919 4569 3278 4638 interpolatae,
3305 4571 3409 4624 [ide
3430 4584 3493 4625 ac

1910 4658 2226 4715 testimonio
2272 4660 2618 4731 deprompta.
2661 4657 2847 4715 Bedeo
2899 4663 2965 4715 ad
3008 4661 3345 4726 Wilfridum,
3397 4661 3492 4731 qui

1905 4751 2219 4806 Anatolium
2260 4752 2335 4806 ita
2374 4764 2590 4825 purgat,
2644 4764 2705 4809 ut
2737 4755 2790 4809 in
2816 4769 2984 4809 causa
3025 4753 3208 4825 potius
3235 4754 3492 4824 przevari-

1906 4845 2017 4898 cari
2071 4844 2342 4899 videatur.
2393 4845 2553 4901 Certe
2607 4846 2751 4902 hanc
2795 4846 2873 4902 illi
2925 4847 3236 4916 opinionem
3279 4846 3491 4908 tribuit,

1905 4952 2070 5007 quam
2106 4953 2171 4993 ne
2193 4938 2487 4993 somniavit
2513 4938 2734 5009 quidem
2759 4955 3037 5009 unquam;
3064 4939 3175 4993 imo
3197 4955 3351 5005 vero,
3373 4955 3493 5010 quae

1906 5030 2112 5099 ipsum,
2148 5031 2293 5100 quod
2337 5028 2486 5085 Scoti
2534 5030 2873 5101 pugnabant,
2909 5030 3264 5100 oppugnabat
3306 5039 3493 5084 autem

1906 5121 2219 5189 Wilfridus,
2270 5121 2491 5188 clliciat,
2538 5122 2684 5191 quod
2733 5133 2821 5176 est
2873 5121 3117 5192 profecto
3169 5123 3489 5178 ridiculum.

1906 5215 2149 5282 Constat,
2204 5215 2402 5285 inquit,
2468 5213 2781 5269 Anatolium
2833 5215 3004 5268 virum
3067 5215 3488 5274 sanctissimum,

1905 5309 2294 5371 doctissimum,
2328 5325 2391 5361 ac
2421 5308 2581 5361 laude
2602 5323 2714 5362 esse
2744 5308 3140 5378 dignissimum,
3180 5318 3285 5362 etc.
3320 5305 3442 5360 Mox
3474 5323 3488 5359 :

1906 5402 2010 5458 Ille
2032 5404 2109 5456 sic
2133 5403 2188 5455 in
2216 5399 2435 5454 Pascha:
2467 5399 2805 5454 Dominicum
2830 5414 2920 5454 stv
2942 5399 3125 5453 lunam
3146 5397 3488 5467 computavit,

1904 5507 1962 5551 ut
1993 5496 2129 5549 hanc
2157 5494 2341 5547 cadent
2373 5494 2489 5563 ipsa
2518 5494 2604 5547 die
2635 5509 2778 5547 more
2808 5491 3182 5562 zEgyptiorum
3216 5505 3281 5543 sv
3307 5489 3488 5540 lunam

1906 5588 1975 5642 ad
2005 5602 2271 5655 vesperam
2299 5602 2409 5639 esse
2435 5586 2712 5655 fateretur.
2749 5583 2839 5639 Sic
2866 5585 3008 5637 idem
3044 5598 3111 5635 xx
3142 5582 3281 5634 diem
3309 5576 3489 5631 Domi.

1906 5680 2024 5734 nico
2068 5678 2288 5732 Pascha:
2330 5679 2630 5741 annotavit,
2680 5687 2737 5730 ut
2785 5677 2940 5738 hanc,
2995 5672 3262 5728 declinata
3308 5669 3490 5724 eadem

1906 5772 2012 5835 die,
2048 5786 2159 5825 esse
2190 5785 2278 5823 xx:
2328 5768 2585 5823 crederet.
2632 5767 2799 5837 Cujus
2850 5766 3087 5836 regulam
3132 5761 3490 5817 distinctionis

1908 5881 1998 5920 vos
2041 5863 2314 5934 ignorasse
2352 5860 2562 5931 probat,
2599 5861 2739 5932 quod
2766 5858 3051 5929 aliquoties
3086 5855 3295 5910 Pascha
3319 5852 3488 5907 mani-
