4064 6402
567 411 672 489 999

1683 423 2033 482 APPENDIX
2077 419 2716 483 DlSSEIlTATIONUM.

3681 438 3785 495 l000

569 544 849 612 festissima
880 554 1001 597 ante
1028 543 1403 613 plenilunium,
1442 542 1598 600 idest
1626 548 1680 601 in
1720 565 1818 601 xm
1843 548 1970 600 tuna
2005 545 2142 614 faci-
2176 548 2222 604 Α
2251 543 2508 602 Ecclesiae
2545 550 2817 606 terminus
2860 566 3106 620 unquam
3170 552 3446 622 paschalis
3499 553 3669 621 fuerit.
3711 573 3794 615 nec

568 635 656 689 iis.
690 633 835 704 Ergo
873 636 923 690 id
952 636 1241 692 Anatolius
1279 638 1484 704 sanxit,
1520 639 1650 693 luna
1685 655 1772 694 xw
1806 640 2068 709 ἡμερινῇ,
2097 646 2156 691 ιιι

570 727 808 796 loquitur
839 728 1198 797 Epiphanius,
1248 733 1539 802 νυκτερινῇ
1589 731 1647 784 δὲ
1690 730 2156 803 πεντεκαιδεκάτῃ

571 819 779 872 Pascha
810 818 911 874 rite
947 818 1156 889 perlici,
1195 820 1343 890 quod
1385 836 1600 875 merum
1635 831 1724 875 est
1775 821 2068 875 Scotorum
2103 830 2159 874 et

569 910 1192 974 Quartadecimanorum
1216 913 1437 981 dogma,
1479 913 1700 974 horum,
1737 914 1985 981 inquam,
2017 912 2160 966 dun-

581 1000 752 1055 taxat,
777 993 870 1063 qui
891 995 994 1050 etsi
1023 995 1367 1053 Dominicum
1411 999 1554 1052 diem
1602 999 1904 1053 celebritati
1936 999 2174 1068 praelini-

585 1094 725 1151 rent,
774 1101 885 1140 non
927 1087 1255 1143 dubitabant
1289 1099 1492 1150 tamen.
1538 1091 1752 1159 quoties
1795 1091 2080 1145 Dominica
2117 1092 2171 1146 in

580 1191 671 1230 xw
729 1176 1010 1241 incideret,
1061 1197 1128 1234 eo
1170 1180 1258 1234 die
1324 1180 1522 1234 festum
1575 1181 1832 1238 incidere.
1867 1180 1983 1234 Non
2018 1181 2169 1235 aliud

580 1266 822 1322 sensisse
853 1268 934 1322 vel
961 1268 1176 1333 Scotos,
1207 1271 1288 1324 vel
1321 1280 1549 1326 caeteros
1569 1271 1816 1338 ejusdem
1851 1270 2080 1326 haeresis
2105 1286 2169 1325 ac

579 1357 836 1413 factionis
874 1360 1149 1423 homines,
1206 1363 1388 1417 notius
1422 1371 1527 1427 est,
1563 1378 1730 1432 quam
1762 1374 1818 1418 ut
1848 1380 1935 1418 res
1959 1364 2164 1434 proba-

579 1451 725 1505 tione
741 1460 916 1520 egeat.
936 1452 1096 1507 Certe
1117 1452 1312 1509 Seotos
1338 1455 1488 1524 ipsos
1512 1472 1543 1510 με
1567 1473 1659 1510 xlv
1688 1457 1817 1510 luna
1843 1457 1908 1510 ad
1931 1473 2002 1510 xx
2030 1455 2166 1512 Pas-

573 1545 676 1598 cha
703 1543 1012 1600 celebrasse
1037 1544 1180 1600 Beda
1208 1548 1452 1616 scripsit,
1488 1565 1614 1603 cttm
1645 1550 1901 1605 catholici
1936 1564 1966 1604 a
1993 1566 2062 1603 xv
2093 1549 2162 1604 ad

574 1648 663 1686 xxi
690 1631 741 1686 id
764 1633 996 1702 egerint,
1023 1642 1084 1688 ut
1108 1636 1272 1691 unius
1294 1637 1401 1691 diei
1431 1638 1728 1694 discrimen
1761 1638 1948 1694 fuerit.
1973 1639 2041 1693 Ut
2063 1639 2165 1709 igi-

570 1732 660 1778 tur
686 1725 974 1780 catholicis
1003 1743 1071 1780 xv
1097 1730 1372 1797 paschalis
1397 1747 1461 1786 ea
1500 1741 1604 1797 est,
1641 1748 1764 1802 quas
1814 1733 1868 1787 in
1896 1749 1982 1786 xvi
2014 1732 2164 1787 desi-

570 1816 668 1878 nit,
692 1825 886 1887 estque
911 1822 1382 1894 πεντεκαιδεκάτη
1413 1824 1670 1897 ἡμερινή,
1699 1826 1771 1880 ita
1800 1824 2163 1895 τεσσαρεσδε·

570 1907 816 1973 κατίταις
839 1925 930 1964 xw
949 1912 1173 1981 perinde
1191 1915 1448 1987 ἡμερινὴ,
1477 1918 1777 1989 νυκτερινὴ
1801 1933 1928 1972 vero
1947 1935 2013 1971 xv
2038 1933 2160 1972 esse
2191 1899 2232 1954 Β

571 1999 775 2054 debuit.

645 2094 779 2147 Nam
812 2097 856 2149 si
901 2111 998 2148 xm
1056 2099 1290 2166 ὴμερινῇ
1332 2095 1542 2150 Pascha
1589 2106 2010 2163 antevertereut,
2052 2114 2158 2152 non

576 2201 685 2238 uno
719 2185 829 2250 die,
863 2187 958 2240 sed
1001 2187 1170 2240 biduo
1204 2202 1234 2243 a
1281 2187 1570 2242 catholicis
1613 2188 1919 2244 dill‘errent.
1957 2188 2158 2244 Verum

572 2295 634 2332 ex
676 2281 741 2334 iis
771 2295 893 2350 quae
932 2283 1117 2335 statim
1169 2281 1312 2335 idem
1362 2279 1656 2336 With-idus
1695 2282 1906 2351 objicit,
1962 2281 2160 2352 conjici

574 2379 772 2438 potest,
804 2370 934 2440 quid
967 2380 1062 2424 aut
1108 2371 1223 2440 ipse
1250 2371 1510 2434 senserit,
1546 2379 1642 2425 aut
1678 2372 1921 2427 sensisse
1951 2371 2161 2427 Anato-

573 2465 704 2518 lium
735 2466 1040 2528 existimet,
1081 2481 1208 2520 cum
1259 2465 1339 2519 ait
1369 2465 1565 2521 Scotos
1597 2467 1918 2536 plerumque
1955 2466 2159 2524 Pascha

574 2557 702 2610 luna
765 2573 861 2610 xm
897 2567 1024 2610 ante
1070 2557 1431 2626 plenilunium
1485 2559 1813 2613 celebrasse.
1850 2559 1976 2613 Fuit
2013 2561 2158 2613 enim

575 2651 689 2702 haec
721 2647 1032 2718 Theophili,
1087 2648 1277 2718 Cyrilli
1331 2664 1397 2702 ac
1445 2648 1603 2702 Beda!
1648 2651 1818 2718 ipsius
1852 2649 1989 2704 adeo
2038 2666 2162 2705 sena

575 2741 740 2794 tentia
771 2755 784 2791 :
814 2741 999 2794 lunam
1045 2756 1241 2794 novam
1298 2741 1502 2794 nullam
1546 2741 1674 2806 dici,
1727 2757 1843 2811 qua:
1890 2758 1992 2794 ηωι
2040 2753 2163 2795 ante

570 2847 820 2884 occasum
852 2831 982 2885 satis
1008 2833 1331 2885 accendatur
1359 2848 1378 2886 :
1411 2833 1548 2886 adeo
1579 2842 1639 2886 ut
1675 2832 1720 2887 si
1752 2842 1873 2901 post
1905 2847 2160 2888 occasum

572 2926 841 2977 duntaxat
871 2923 1002 2978 solis
1030 2937 1262 2978 accensa
1293 2924 1385 2989 sit,
1421 2923 1525 2978 hoc
1567 2931 1652 2978 est
1684 2937 1810 2977 cum
1858 2923 1972 2979 sole
2029 2939 2164 2979 con-

572 3015 780 3083 juncta,
813 3015 1033 3069 tametsi
1055 3015 1128 3069 2’5
1147 3015 1304 3070 horis
1326 3025 1516 3086 postea
1544 3015 1768 3079 luxerit,
1795 3014 1965 3082 illam,
1993 3005 2158 3086 quam

573 3107 857 3162 occidente
883 3108 1000 3162 sole
1030 3108 1243 3172 habuit,
1283 3108 1702 3179 appellationem
1727 3113 1982 3163 retineat.
2018 3108 2086 3164 Ut
2113 3111 2158 3166 si

575 3199 814 3254 Sabbato
862 3208 986 3269 post
1021 3215 1278 3256 occasum
1338 3201 1475 3256 solis
1536 3200 1854 3270 conjunctio
1890 3202 2002 3268 liat,
2047 3217 2155 3257 non

572 3299 835 3362 sequente
867 3291 1173 3357 Dominica,
1193 3293 1285 3348 sed
1305 3291 1444 3346 feria
1477 3308 1513 3346 ιι
1546 3293 1832 3347 neomenia
1871 3295 2157 3348 statuenda
2185 3266 2228 3322 θ

572 3383 642 3439 sit
677 3404 690 3439 :
719 3385 864 3455 quod
911 3376 1020 3440 lib.‘
1041 3385 1116 3439 De
1149 3397 1372 3456 temper.
1397 3396 1501 3440 rat.
1539 3401 1660 3456 cap.
1697 3386 1788 3451 41,
1821 3401 1850 3440 a
1884 3385 2023 3441 Beda
2049 3397 2161 3441 tra-

570 3478 743 3530 ultum
780 3484 865 3532 est
894 3492 961 3532 ex
978 3477 1347 3533 recentiorum
1377 3472 1878 3534 Alexandrinorum
1923 3479 2159 3549 placitis.

573 3566 651 3621 Ex
687 3583 754 3621 eo
785 3581 948 3638 porro
999 3570 1142 3639 quod
1181 3571 1468 3625 neomenia
1510 3586 1903 3640 nonnunquam
1949 3571 2162 3640 integro

571 3659 660 3712 die
709 3659 1090 3726 submovetur,
1167 3675 1391 3716 necesse
1443 3670 1528 3716 est
1568 3671 1796 3717 ceteros
1848 3663 1990 3716 lunae
2043 3663 2161 3718 dies

572 3750 786 3804 tardius
845 3751 1187 3818 succedere;
1249 3762 1413 3822 atque
1478 3753 1551 3807 ita
1600 3756 1648 3808 sl
1691 3755 1924 3824 exempli
1969 3769 2158 3822 causa,

575 3839 816 3893 Sabbato
875 3842 1062 3895 statim
1119 3850 1244 3912 post
1303 3843 1439 3898 solis
1495 3859 1754 3899 occasum
1797 3847 2158 3916 plenilunium

571 3930 931 3983 commissum
984 3931 1075 3996 sit,
1123 3932 1486 4001 appellabitur
1533 3934 1889 3990 nihilominus
1934 3945 2043 3991 tota
2070 3939 2160 3992 illa

569 4018 691 4075 dies
730 4037 818 4075 xw
842 4021 994 4086 luna,
1053 4039 1161 4077 non
1216 4024 1613 4094 plenilunium:
1651 4029 1793 4083 unde
1822 4038 1874 4084 et
1917 4030 2162 4084 anterior

569 4113 690 4169 dies
731 4131 829 4169 xm
893 4131 1003 4169 non
1037 4133 1124 4171 xw
1152 4119 1580 4186 computabitur.
1627 4119 1753 4176 Haec
1802 4122 1934 4186 fuit,
1974 4123 2051 4176 uti
2076 4123 2158 4177 di-

568 4215 720 4260 ctum
751 4215 859 4270 est,
891 4209 1388 4264 Alexandrinorum
1437 4214 1726 4276 sententia,
1757 4230 1921 4283 quam
1963 4225 2018 4269 et
2050 4213 2157 4269 He-

571 4298 702 4352 braei
753 4300 976 4368 quidam
1019 4301 1254 4369 amplexi
1285 4311 1434 4357 sunt.
1469 4302 1602 4358 Nam
1634 4305 1688 4358 in
1733 4305 1928 4361 Clossa
1964 4323 2087 4376 cap.
2125 4305 2156 4358 7

571 4388 753 4443 Tract.
789 4389 1065 4446 thdusch
1090 4393 1386 4448 haltodesclt
1431 4396 1627 4452 tomol
1680 4396 2158 4455 lathMaimonidze

571 4481 735 4535 variae
766 4482 1051 4537 doctorum
1085 4487 1370 4540 sententia:
1419 4488 1487 4543 de
1512 4504 1576 4543 ea
1613 4503 1669 4543 re
1717 4506 2156 4545 commemorau-

573 4585 680 4632 tur.
745 4575 1008 4631 Eamdem
1063 4594 1089 4631 a
1130 4578 1272 4634 Beda
1339 4591 1762 4652 propugnatam,
1823 4594 1878 4638 et
1911 4602 1940 4638 a
1982 4584 2153 4638 Foro—
2184 4607 2230 4664 ι)

571 4683 774 4736 sempr.
818 4667 1106 4723 refutatam
1137 4671 1231 4725 lib.
1267 4687 1347 4732 In.
1382 4682 1523 4741 part.
1555 4691 1616 4740 ιι,
1650 4675 1897 4744 pluribus
1932 4677 2152 4743 astruit,

567 4761 910 4831 explieatque
963 4761 1155 4818 Petrus
1204 4762 1412 4819 Pilatus
1461 4764 1660 4820 Veron.
1723 4784 1845 4837 cap.
1910 4769 1944 4822 4
1992 4777 2044 4823 ει
2089 4767 2157 4823 15

569 4855 707 4910 (Jan.
741 4855 914 4910 Pasch
944 4855 1212 4923 ;Ecclesia
1239 4872 1368 4912 vero
1402 4860 1673 4915 catholica
1709 4861 1935 4916 minime
1964 4865 2154 4933 sequi-

571 4958 681 5013 tur,
719 4964 840 5015 qua‘.
872 4949 1145 5019 paschalis
1180 4948 1304 5004 festi
1333 4951 1621 5006 ratiocinia
1652 4954 1716 5006 ad
1741 4955 1956 5009 civilem
1993 4972 2153 5011 usum

569 5048 625 5094 ct
652 5041 975 5109 aathabilem
1006 5043 1244 5113 cyclum,
1276 5060 1386 5099 non
1441 5045 1507 5099 ad
1561 5047 1868 5102 mediorum
1904 5059 2152 5106 motuum

568 5130 982 5186 observationes
1008 5134 1284 5204 astringit.
1332 5134 1602 5190 Caeterum
1653 5153 1719 5192 ex
1754 5139 1854 5193 hac
1882 5139 1998 5210 ipsa
2036 5143 2156 5212 cpio

570 5222 740 5277 nione
786 5224 1055 5292 sequitur,
1091 5225 1278 5280 lunam
1311 5243 1402 5282 xw
1449 5244 1846 5302 nonnunquam
1897 5235 1951 5288 in
1983 5237 2158 5305 pleni-

567 5315 778 5369 lunium
813 5313 1080 5383 incidere;
1123 5317 1195 5371 ob
1229 5318 1394 5388 idque
1422 5321 1784 5390 plenilunium
1814 5326 1957 5396 apud
1987 5343 2157 5396 quos-

565 5409 691 5462 dam
734 5409 1030 5478 scriptores
1092 5411 1352 5480 appellari
1386 5428 1496 5466 xw.
1522 5413 1680 5479 Quod
1725 5427 1778 5471 et
1812 5427 2037 5488 propter
2065 5421 2154 5474 lu-

567 5516 753 5555 narem
790 5502 1098 5573 προήγησιν
1132 5513 1254 5573 post
1291 5500 1572 5559 Niczcnum
1608 5509 1902 5564 concilium
1930 5511 2153 5577 accidit,

565 5601 686 5659 post
719 5593 822 5647 tria
853 5594 1071 5650 circiter
1092 5597 1312 5652 saecula.
1345 5597 1484 5652 Tum
1511 5600 1657 5653 enim
1695 5603 1878 5659 aureis
1911 5606 2156 5662 numeris

566 5683 758 5739 iisdem
787 5687 982 5742 diebus
1016 5689 1372 5755 merentibus,
1418 5707 1505 5744 xw
1534 5689 1753 5747 Nicaena
1790 5695 2152 5766 plenilunium

564 5785 648 5827 est
700 5775 863 5841 facta,
918 5778 1081 5848 idque
1120 5781 1264 5834 κατὰ
1316 5781 1664 5852 συμϐεόηκός
1717 5786 1788 5838 ob
1833 5788 2154 5859 ἀνωμαλίαν

567 5864 785 5930 sideris,
829 5884 953 5922 cum
984 5872 1186 5940 alioqui
1223 5888 1400 5942 neque
1418 5874 1776 5946 plenilunium
1807 5895 1868 5933 ex
1903 5882 2152 5937 instituto

2260 638 2314 691 in
2353 654 2466 693 xm
2496 640 2673 696 lunari
2696 642 2924 696 dilatum
2950 641 3158 698 Pascha
3185 663 3197 699 :
3227 661 3350 715 quae
3378 657 3461 701 est
3484 646 3798 704 hallucinatio

2261 729 2524 802 Scaligeri
2568 749 2598 789 a
2639 733 2830 790 Clario
2860 746 3072 801 nostro,
3116 749 3173 792 et
3223 738 3518 794 novissime
3548 738 3796 795 aGuldint-

2257 823 2504 893 ejusdem
2563 827 2844 882 societatis
2897 829 3232 885 validissime
3297 827 3550 885 relutata.
3607 828 3703 887 Sed
3742 832 3798 888 ad

2258 913 2498 982 priorem
2516 930 2738 971 sensum
2753 917 2844 972 illa
2858 917 3097 974 Wilfridi
3115 919 3413 990 disputatio
3432 921 3671 992 pertinet.
3687 921 3798 976 Nam

2261 1004 2444 1062 Scotis
2475 1009 2789 1077 exprobrat,
2824 1012 2968 1080 quod
2997 1027 3120 1066 cum
3166 1013 3219 1066 in
3245 1027 3336 1066 xw
3355 1011 3560 1067 Pascha
3596 1013 3800 1068 celebra-

2259 1105 2400 1162 rent,
2433 1114 2540 1152 non
2575 1115 2696 1155 eam
2724 1114 2904 1156 tamen
2944 1118 3033 1157 xw
3065 1103 3336 1172 paschalis
3363 1103 3624 1156 rationem
3661 1103 3799 1158 habe-

2260 1199 2400 1254 rent,
2437 1207 2602 1260 quam
2627 1194 2914 1250 Anatolius
2952 1195 3376 1264 praescripserat.
3429 1194 3526 1250 11ιε
3555 1195 3688 1249 enim
3728 1209 3800 1249 xlv

2261 1285 2408 1338 illam
2452 1286 2760 1352 paschalem
2817 1288 3084 1340 duntaxat
3116 1301 3238 1341 esse
3278 1286 3541 1351 voluerat,
3580 1302 3726 1356 quam
3749 1286 3801 1340 ad

2260 1392 2546 1447 sesperam
2575 1376 2937 1447 plenilunium
2966 1382 3262 1449 exciperet,
3297 1378 3401 1433 hoc
3426 1388 3530 1441 est,
3553 1387 3671 1432 ante
3697 1377 3803 1433 solis

2261 1486 2552 1537 occasum;
2609 1469 2815 1539 alioqui
2863 1485 2961 1524 xm
2997 1485 3104 1524 non
3136 1486 3227 1525 xw
3269 1471 3561 1525 diceretur.
3595 1472 3657 1524 At
3681 1469 3805 1525 Scoti

2262 1565 2416 1620 nullo
2471 1563 2785 1618 istiusmodi
2833 1563 3067 1628 delecttt,
3097 1578 3188 1617 xw
3230 1564 3377 1618 illam
3410 1564 3647 1634 paschali
3689 1563 3808 1618 cele-

2261 1653 2446 1708 britati
2479 1652 2898 1717 consmrabant,
2937 1667 3061 1722 qua:
3103 1653 3158 1707 in
3193 1669 3319 1708 eum
3359 1652 3503 1706 diem
3559 1653 3807 1717 incideret,

2262 1757 2386 1815 post
2434 1744 2594 1814 cujus
2627 1754 2809 1799 ortutn
2861 1746 3229 1814 subsequente
3252 1745 3519 1800 duntaxat
3543 1755 3692 1800 nocte
3715 1745 3809 1816 ple-

2263 1839 2536 1894 nilunium
2594 1838 3075 1905 committeretur;
3152 1849 3550 1909 propteceaque
3607 1854 3707 1892 non
3755 1853 3811 1890 xv

2265 1930 2413 1996 luna,
2442 1931 2536 1985 sed
2583 1945 2676 1983 xw
2704 1938 3014 1994 vocaretur,
3067 1944 3130 1984 ca
3165 1945 3314 1989 vero,
3347 1945 3453 1998 qua
3489 1928 3684 1984 Pascha
3711 1943 3813 1997 per-

2265 2034 2448 2077 actum
2480 2021 2676 2086 fuerat,
2700 2037 2824 2076 xm.
2859 2021 2983 2076 Haec
3015 2032 3098 2076 est
3126 2022 3352 2075 omnino
3369 2020 3662 2075 dillicillimi
3689 2021 3813 2074 illius

2265 2112 2370 2166 loci
2404 2112 2674 2167 sententia
2701 2128 2715 2176 ;
2763 2111 3063 2166 secundum
3096 2126 3260 2181 quam
3314 2111 3601 2166 Anatolius
3632 2125 3816 2163 τεσσα-

2268 2202 2757 2277 ρεσκαιδεκατιτῶν
2815 2205 2989 2258 errori
3046 2204 3466 2273 patrocinatur;
3525 2203 3650 2257 dum
3701 2201 3813 2256 illud

2265 2298 2569 2352 statuitur:
2602 2295 2921 2351 Paschalem
2970 2310 3034 2349 ex
3092 2294 3209 2364 ejus
3241 2294 3500 2348 instituto
3549 2308 3635 2346 xiv
3687 2292 3813 2345 illaut

2265 2405 2408 2455 esse,
2445 2405 2567 2460 quae
2627 2390 2680 2442 in
2727 2388 3088 2459 plenilunium
3141 2388 3364 2444 desinit.
3399 2387 3536 2454 Quae
3580 2403 3710 2442 nova
3748 2393 3816 2440 est

2267 2486 2500 2539 istorum
2535 2482 2914 2545 hal‘lucinatio,
2944 2493 2997 2535 et
3040 2481 3096 2534 in
3128 2480 3445 2535 Anatolium
3475 2481 3712 2550 conjecta
3741 2491 3816 2531 ca-

2265 2576 2496 2631 lumnia.
2525 2574 2700 2644 Cujus
2753 2573 3102 2628 occasionem
3142 2573 3268 2627 inde
3299 2572 3542 2626 oblatam
3575 2569 3814 2639 suspicor,

2265 2669 2410 2740 quod
2458 2683 2584 2723 cum
2630 2682 2699 2721 ex
2754 2665 3066 2722 Judreorum
3124 2665 3404 2734 magistris
3430 2664 3540 2718 τῶν
3577 2661 3816 2730 Διαδατη-

2267 2762 2421 2834 ρίων,
2460 2761 2566 2815 Ιιοε
2598 2769 2683 2815 εει
2721 2759 2886 2829 typici
2941 2757 3226 2813 Paschatis
3277 2771 3546 2811 canonem
3588 2756 3727 2810 illum
3761 2751 3817 2808 ad

2267 2853 2650 2910 illustrandatn
2699 2847 2998 2906 Christiani
3031 2847 3334 2904 doctrinam
3383 2846 3668 2904 Paschatis
3696 2854 3817 2899 attu-

2265 2948 2442 3012 lisset,
2493 2962 2604 3017 quo
2658 2944 2994 3015 praecipitur,
3033 2955 3094 2997 ut
3153 2959 3245 2997 xw
3297 2943 3423 2996 luna
3461 2941 3529 2996 ad
3567 2953 3816 3010 vesperam

2264 3038 2474 3093 Pascha
2509 3037 2834 3100 celebretur,
2877 3035 2980 3088 sub
3004 3035 3182 3105 ipsum
3230 3033 3611 3103 oppositionis,
3638 3048 3697 3087 ac
3725 3032 3814 3102 ple-

2265 3131 2460 3185 nilunii
2507 3140 2748 3200 tempus,
2796 3127 2902 3181 hoc
2954 3126 3036 3182 illi
3107 3126 3173 3181 ad
3219 3125 3594 3181 Christianum
3637 3123 3817 3178 Pascha

2269 3221 2688 3288 transtulerunt,
2725 3219 2831 3273 rati
2880 3234 2946 3274 ex
2997 3217 3236 3272 Anatolii
3280 3217 3501 3273 decreto
3537 3232 3624 3272 xw
3645 3216 3723 3271 die
3745 3230 3817 3269 cc-

2266 3315 2468 3370 lebrari
2505 3328 2667 3384 posse
2705 3329 2718 3364 :
2756 3322 2812 3369 et
2856 3313 3076 3384 quidem
3121 3316 3411 3378 maturius,
3453 3328 3616 3381 quam
3645 3309 3818 3366 ludatis

2265 3406 2446 3470 liceat,
2479 3407 2624 3477 quod
2657 3417 2741 3462 est
2776 3407 3104 3471 inauditum,
3143 3415 3198 3462 et
3221 3407 3479 3461 Anatolio
3506 3421 3722 3479 prorsus
3745 3404 3816 3457 in-

2264 3497 2513 3570 dignum.

2463 3634 2714 3706 Pergitur
2738 3636 2792 3688 in
2828 3634 3170 3703 ,arplicandis
3201 3633 3442 3692 Anatolii
3465 3633 3651 3694 verbis.

2337 3770 2444 3825 Sed
2477 3769 2609 3824 illud
2640 3770 2701 3823 in
2729 3766 2968 3823 Anatolii
2999 3769 3122 3821 loco
3146 3767 3238 3822 illo
3267 3767 3661 3828 dilliciliusest,
3692 3759 3814 3832 quod

2262 3861 2414 3916 addit
2443 3859 2531 3915 die
2577 3859 2753 3913 Martii
2793 3875 2861 3913 xx
2891 3858 3062 3913 solem
3102 3873 3210 3912 non
3253 3865 3463 3912 tantum
3508 3863 3814 3928 segmentum

2262 3953 2471 4008 zodiaci
2529 3952 2764 4022 primum
2829 3951 3139 4022 ingressum
3192 3965 3350 4012 esse,
3426 3947 3549 4001 ἀλλ’
3602 3947 3696 4019 ἤδη
3738 3942 3816 3998 καὶ

2261 4045 2530 4117 τετάρτην
2561 4044 2774 4114 ἡμέραν
2815 4044 2874 4095 ὲν
2901 4041 3049 4112 αὐτῷ
3093 4040 3531 4114 διαπορεύεσθαι.
3567 4039 3811 4092 Ruﬁnus:

2263 4138 2328 4192 In
2370 4154 2474 4208 qua
2513 4137 2598 4191 die
2633 4135 2714 4190 sol
2759 4136 3083 4189 inveniretur
3114 4151 3216 4188 non
3269 4135 3438 4188 solum
3481 4130 3814 4188 conscendisse

2258 4230 2488 4298 primam
2519 4238 2748 4298 partem,
2777 4243 2953 4280 verum
2985 4229 3148 4280 etiam
3177 4235 3418 4298 quartam
3437 4224 3557 4293 jam
3582 4224 3634 4275 in
3667 4237 3721 4274 eo
3745 4218 3816 4272 ἀει

2260 4323 2451 4374 habere
2485 4337 2502 4374 :
2537 4320 2591 4374 id
2650 4329 2755 4384 est,
2787 4319 2842 4371 in
2878 4318 3055 4388 prima
3087 4334 3150 4372 ex
3181 4335 3256 4371 xu
3291 4315 3557 4386 partihtts.
3586 4315 3656 4368 Ita
3693 4309 3812 4382 apud

2260 4413 2460 4468 Bedam
2496 4412 2713 4482 legitur,
2748 4420 2810 4465 ut
2843 4419 2897 4465 et
2943 4409 2996 4462 in
3030 4409 3262 4478 vulgatis
3297 4406 3478 4460 Ruﬁni
3538 4406 3810 4462 codicibus.

2259 4505 2434 4561 Porro
2483 4506 2625 4558 Beda
2683 4519 2778 4574 per
2810 4514 3081 4573 quartam,
3112 4501 3244 4565 sive,
3302 4509 3362 4554 ut
3401 4500 3632 4554 subinde
3659 4505 3810 4556 vocat,

2259 4613 2356 4668 per
2381 4595 2666 4667 quadram,
2693 4593 2974 4648 Julianum
3013 4592 3372 4659 quadrantem
3400 4589 3810 4662 intelligit;.nam

2259 4703 2383 4744 cum
2453 4688 2536 4741 sol
2593 4687 2832 4756 primum
2885 4684 3087 4739 Arietis
3129 4691 3469 4752 segmentum
3513 4677 3808 4748 ingreditur.

2255 4780 2368 4850 jam
2397 4780 2450 4833 in
2481 4795 2544 4834 ea
2572 4779 2660 4832 die
2688 4776 3050 4848 quadrantem
3079 4773 3338 4828 confecit.
3378 4772 3483 4827 Sed
3522 4773 3635 4826 haec
3667 4771 3810 4821 inter-

2259 4873 2490 4945 pretatio
2520 4871 2784 4942 jocularis
2822 4879 2926 4924 est.
2964 4867 3152 4939 Neque
3187 4869 3331 4923 enim
3362 4866 3551 4922 Graeco
3578 4863 3675 4935 ipsi
3702 4875 3812 4915 con-

2257 4967 2426 5021 venit.
2487 4964 2691 5019 Scribit
2747 4962 3036 5018 Anatolius
3065 4961 3332 5033 τετάρτην
3360 4959 3572 5031 ἡμέραν
3609 4959 3665 5010 ὲν
3687 4948 3811 5020 αὐτῷ

2257 5055 2714 5126 διαπορευόμενος
2750 5095 2764 5118 ,
2789 5053 2892 5107 hoc
2936 5063 3020 5107 est
3049 5061 3294 5122 quartam
3310 5051 3428 5121 jam
3455 5049 3624 5112 diem;
3647 5060 3810 5117 quem-

2257 5146 2553 5200 admodum
2584 5144 2726 5214 apud
2761 5143 3017 5197 Ruﬁnum
3062 5142 3458 5197 restituendum
3504 5155 3627 5195 esse
3645 5149 3808 5192 emen-

2257 5238 2471 5292 datiora
2546 5236 2795 5306 qtnedam
2866 5234 3201 5304 exemplaria
3268 5230 3628 5304 persuadens.-
3687 5223 3807 5282 Τιιιιι

2258 5328 2394 5382 illud
2455 5327 2513 5379 ὲν
2545 5325 2715 5396 αὐτῷ,
2752 5325 2818 5378 ad
2859 5325 3111 5396 τμήματι
3146 5313 3404 5388 refertur,
3449 5336 3556 5378 non
3597 5319 3660 5374 ad
3690 5314 3808 5387 ἡμέ-

2259 5438 2360 5492 ραν
2381 5462 2396 5485 ,
2451 5430 2511 5474 ιιι
2545 5418 2741 5472 Latine
2778 5417 3200 5487 concipiendum
3246 5415 3341 5481 sit,
3370 5427 3614 5485 quartum
3635 5413 3742 5482 jam
3763 5408 3808 5460 in

2255 5531 2320 5569 ea
2341 5513 2500 5566 diem.
2531 5509 2645 5566 Hoc
2679 5511 2846 5580 igitur
2874 5521 3059 5564 censet
3086 5507 3372 5562 Anatolius
3397 5524 3412 5560 :
3441 5506 3606 5560 solem
3633 5519 3680 5556 in
3705 5499 3804 5553 Kal.

2256 5607 2388 5676 Apr.
2427 5613 2686 5674 quartum
2711 5605 2824 5674 jam
2861 5602 2916 5657 in
2971 5603 3152 5672 primo
3198 5601 3448 5672 τμήματι
3484 5597 3575 5652 τοῦ
3601 5593 3808 5650 δωδεκα-

2255 5697 2520 5768 τημορίου
2561 5697 2704 5750 diem
2760 5709 2939 5764 agere.
2973 5692 3130 5759 Quod
3191 5692 3392 5746 mirum
3433 5689 3562 5746 mihi
3602 5685 3803 5739 videtur.

2257 5791 2390 5844 Nam
2427 5791 2528 5844 hac
2584 5790 2797 5844 ratione
2829 5790 3000 5843 solem
3049 5787 3384 5842 existimavit
3427 5784 3652 5856 primum
3687 5792 3804 5848 puu-

2257 5893 2405 5937 ctum
2446 5881 2646 5937 Arietis
2715 5880 2922 5950 ingredi
2981 5895 3068 5933 xlv
3112 5879 3236 5933 Kal.
3289 5877 3447 5944 Apr..
3485 5875 3582 5930 hoc
3617 5877 3696 5928 est
3728 5877 3802 5920 SI!
