2032 3207
177 195 245 223 1001

649 192 694 220 DE
712 191 805 220 ANNO
825 191 869 219 ET
890 190 945 219 DIE
964 189 1142 219 DOMINICIE
1159 189 1348 218 PASSIONIS.

1740 189 1810 218 1002

176 254 280 282 Martii.
298 253 337 281 Ex
348 261 404 289 quo
420 253 486 281 illud
500 253 634 289 suspicari
659 261 806 289 possumus
825 264 830 281 :
846 253 969 288 aequino-
985 254 1008 282 A
1021 252 1179 280 eorumdem
1193 251 1452 283 Alexandrinorum,
1468 249 1630 277 Latinorum
1651 254 1694 277 est
1709 257 1735 277 ν.
1756 249 1809 282 Qui

176 300 287 328 ctialem
313 301 452 327 cardinem
480 307 534 327 non
563 300 590 327 in
619 300 707 334 pritno
729 300 829 327 Arietis
851 304 968 335 puncto,

177 346 228 373 sed
248 346 273 372 in
292 353 317 373 iv
333 346 367 373 ab
390 354 422 374 eo
436 347 629 373 constitutum.
644 345 882 379 Quemadmodum
895 349 970 373 vete-

176 399 224 419 res
240 392 307 419 olim
322 392 348 419 in
360 399 408 419 viti
421 393 561 426 signorum
580 396 657 426 parte
675 392 794 419 solstitia
809 396 836 419 et
849 392 970 426 aequino-

175 438 233 465 ctia
249 438 307 465 fieri
337 439 481 473 putabant,
513 443 542 466 ut
564 442 681 465 testatur
698 438 804 465 Plinius
824 438 872 465 lib.
892 446 968 470 xviii,

177 491 240 518 cap.
259 484 305 517 25,
330 488 357 511 et
383 483 534 511 Columella
555 484 603 511 lib.
627 492 664 516 ix.
678 492 738 519 cap.
757 484 846 521 l5,vcx
863 483 970 511 Eudoxi

176 534 208 556 et
232 529 348 557 Metonis
378 530 487 563 Fastis;
504 530 576 565 quod
589 535 616 558 et
631 530 778 565 Sosigenes
797 532 971 565 persuasisse

177 575 282 602 (Σκυθίη-ἱ
300 574 422 607 videtur;
435 582 498 601 nam
517 575 593 602 initia
614 575 751 602 mensium
762 581 892 610 quatuor,
909 583 971 610 quae

176 620 341 647 cardinibus
358 620 484 654 proxima
500 625 574 651 sunt.
594 621 628 648 ab
649 628 698 647 vni
717 620 773 647 fere
785 626 863 655 parte
882 621 971 656 signo-

178 673 242 692 rum
254 665 422 700 incipiebant
439 670 519 692 :ctate
537 665 664 694 Cmsaris.
686 666 764 701 Apud
784 665 928 693 Geminum
943 667 970 692 αἱ

176 711 281 746 τροπαὶ
294 711 448 749 χεῑμξριναί
460 719 494 738 ex
506 711 620 738 Eudoxo
633 716 730 746 quarto
743 711 787 739 die
796 712 969 746 contingunt,

176 765 213 784 ex
227 765 282 792 quo
294 758 334 785 sol
343 757 540 793 Capricornuin
556 759 695 793 ingressus
712 763 763 787 est.
780 759 970 787 Atsecuudum

177 803 376 831 Euctemonem
390 804 478 838 primo
493 804 552 839 ipso
568 805 620 832 die.
641 802 758 832 Veritum
774 809 864 832 autem
888 805 972 840 aequi-

177 849 303 875 noctium
332 853 411 876 sexto
435 850 470 876 ab
488 849 612 884 ingressu
628 850 731 878 Arietis
750 851 795 878 die
821 852 970 879 secundum

177 894 336 928 Eudoxum,
351 903 412 922 cum
427 903 460 923 ex
473 895 578 931 Calippi
594 895 792 932 Parapegmate
805 898 895 932 primo
911 897 971 932 ipso

177 942 428 969 dieeommittatur.
445 941 543 969 Utrum
561 950 626 969 vero
641 942 711 969 idem
730 942 763 970 de
783 950 809 970 iv
829 944 971 976 signorum

177 991 258 1022 parte
277 986 329 1013 sibi
348 988 516 1025 persuaserit
542 987 695 1033 Anatolius,
717 988 892 1023 cogitandum
915 996 974 1015 am-

177 1031 254 1067 plius
273 1036 315 1059 est
340 1040 346 1058 :
373 1039 436 1059 nam
457 1033 501 1060 illa
523 1032 603 1061 Bedaa
621 1031 693 1060 ratio
714 1034 789 1061 nullo
807 1034 888 1061 modo
912 1042 974 1069 pro-

177 1078 279 1105 babilis
297 1084 354 1111 est;
381 1079 536 1106 Anatolium
560 1087 622 1107 cum
659 1087 686 1106 xi
707 1079 766 1107 Kal.
795 1081 860 1115 Apr.
893 1083 980 1116 mqui.

177 1124 302 1151 noctium
330 1125 396 1161 figit,
420 1125 453 1152 de
472 1125 628 1160 vespertino
657 1126 789 1153 duntaxat
815 1127 900 1161 loqui,
921 1128 974 1156 hoc

176 1175 223 1197 est
236 1171 268 1198 de
289 1178 331 1203 eo,
349 1172 422 1206 quod
441 1172 540 1199 accidit
556 1180 617 1199 cum
631 1172 694 1199 luna
709 1172 762 1199 sub
777 1180 905 1201 occasum
922 1174 972 1201 soli

176 1217 304 1251 opposita
324 1221 381 1250 est;
404 1222 547 1252 propterea
565 1219 637 1252 quod
653 1226 684 1245 ex
705 1218 882 1253 antiquorum
910 1226 974 1247 seu-

177 1262 264 1289 teutia
274 1262 385 1290 Patrum
404 1264 499 1290 statuit
509 1264 542 1290 ad
557 1264 711 1298 paschalem
724 1265 906 1292 celebritatem
918 1273 974 1293 non

177 1309 262 1335 modo
277 1309 362 1337 solem
383 1309 410 1336 in
431 1310 595 1344 aequinoctio
609 1318 704 1344 verno,
725 1312 772 1338 sed
789 1316 815 1338 et
829 1312 923 1338 lunam
944 1312 972 1338 in

177 1355 332 1382 autumnali
349 1356 428 1382 sitam
440 1363 500 1383 esse
514 1356 612 1384 debere
625 1357 712 1391 :quod
733 1362 789 1383 tum
817 1357 846 1383 tit
864 1357 974 1391 quando

177 1401 372 1435 aequinoctiali:
392 1406 523 1437 punctum
554 1403 606 1430 sub
629 1410 758 1430 occasum
782 1403 847 1431 solis
866 1404 972 1431 incidit.

177 1445 304 1474 Primum
321 1447 394 1475 enim
406 1449 505 1475 nonde
524 1448 681 1476 Christiano
701 1449 833 1476 Paschate
850 1457 883 1477 ex
900 1450 971 1477 anti-

177 1499 300 1527 quorum
337 1492 447 1519 Patrum
475 1493 596 1527 scriptis,
612 1494 658 1521 sed
679 1493 793 1521 Judaico
809 1501 843 1521 ex
864 1495 973 1522 Aristo-

178 1538 238 1566 buli
252 1537 413 1566 auctoritate
432 1539 504 1566 istud
522 1540 612 1567 attulit
628 1549 634 1567 :
652 1540 688 1571 ὡς
702 1540 744 1575 εἴη
759 1540 789 1572 ἐξ
806 1540 930 1576 ἀνάγκης
938 1542 971 1576 τῇ

178 1583 237 1610 ’τῶν
249 1583 432 1619 διαϐατηρίων
446 1584 525 1619 ἑορτῇ
542 1584 579 1620 μὴ
598 1584 677 1620 μόνον
689 1584 735 1611 τὸν
750 1584 825 1620 ἥλιον
837 1586 867 1612 τὸ
879 1587 974 1622 ἱσημε-
988 1600 1008 1628 C

179 1629 257 1665 ρινὸν
267 1629 487 1669 διαπορεύεσθαι.
498 1629 600 1657 Deinde
609 1638 644 1657 ne
657 1631 708 1657 hoc
718 1631 827 1664 quidem
839 1631 934 1664 voluit,
947 1632 974 1659 in

179 1675 422 1710 aequinoctialibus
435 1676 544 1710 punctis
551 1675 677 1710 opposita
689 1676 741 1703 sibi
755 1676 870 1704 invicem
885 1677 974 1705 sidera

179 1721 230 1749 illa
241 1729 302 1749 esse
316 1726 458 1757 oportere;
476 1721 522 1749 sed
537 1722 565 1748 ὲν
578 1721 714 1757 τμήμασι,
732 1729 792 1756 qua:
804 1722 974 1750 latitudinem

181 1767 305 1795 habent:
326 1772 358 1803 ut
372 1768 498 1795 videlicet
512 1768 538 1795 in
552 1768 642 1803 primo
654 1768 759 1796 zodiaci
779 1774 930 1804 segmento,
948 1774 977 1797 et

180 1813 212 1840 in
239 1813 299 1847 ejus
326 1812 416 1847 aliqua
447 1817 524 1848 parte
544 1812 596 1845 sol,
624 1812 689 1839 luna
718 1820 782 1840 vero
801 1813 828 1839 in
858 1814 976 1847 septimo

179 1862 319 1885 versetur.
332 1857 455 1893 Denique
468 1857 573 1892 quoties
586 1858 782 1893 atquinoetium
796 1859 823 1886 in
838 1867 893 1886 xxu
904 1859 975 1886 diem

179 1904 291 1936 incidit,
307 1912 362 1931 non
384 1906 426 1932 est
450 1912 563 1932 necesse
589 1912 636 1931 xtv
666 1904 770 1937 lunam,
788 1909 834 1932 aut
856 1913 891 1932 xv
912 1913 974 1933 cum

179 1957 218 1979 eo
236 1958 411 1978 concurrere.
427 1950 455 1977 ld
467 1950 539 1977 enim
554 1954 610 1977 toto
628 1949 654 1977 in
675 1949 751 1985 eyclo
769 1954 875 1977 tantum
892 1951 976 1978 semel

179 1996 309 2024 accidere
323 2001 421 2031 potest.
432 1995 501 2029 Quid
516 2001 606 2023 autem
627 1995 785 2030 absurdius,
806 2004 888 2031 quam
904 1998 977 2025 Ana-

179 2041 280 2068 tolium
293 2041 420 2068 arbitrari
433 2041 466 2068 de
479 2048 512 2068 eo
524 2045 630 2068 tantum
640 2042 823 2077 aequinoctiali
832 2042 875 2069 die
890 2042 975 2077 loqui,

179 2086 231 2120 qui
253 2092 306 2114 u0n
335 2087 462 2122 amplius,
482 2095 564 2122 quam
590 2088 675 2115 semel
697 2091 754 2115 toto
773 2088 976 2116 deecmuoven-

180 2131 240 2159 nali
260 2132 337 2167 cyclo
358 2133 447 2167 possit
470 2134 651 2168 contingere?
668 2133 782 2161 Frustra
801 2135 884 2169 igitur
904 2135 976 2163 alius

179 2177 245 2212 ejus
258 2178 320 2212 loci,
349 2179 371 2207 si
387 2178 495 2213 quidem
509 2179 622 2207 minime
639 2179 789 2208 mendosus
805 2185 856 2213 est,
875 2188 975 2209 sensus

179 2225 317 2259 quaeritur
334 2225 368 2252 ab
388 2233 430 2258 eo,
448 2233 529 2260 quem
543 2225 602 2260 ipsa
616 2233 671 2260 pra:
686 2233 716 2253 se
729 2226 811 2253 verba
825 2226 928 2259 ferunt,
946 2231 977 2254 ut

1022 299 1076 326 duo
1089 298 1265 332 posteriores,
1280 297 1332 324 hoc
1346 300 1387 324 est
1400 295 1629 323 Alexandrinixix
1646 301 1673 323 et
1688 303 1736 322 vtii
1748 303 1810 323 cum

1022 344 1093 379 apud
1108 344 1183 378 ipsos
1210 342 1375 370 embolimaii
1394 341 1493 374 forent,
1508 341 1579 376 apud
1597 341 1721 373 Latinos,
1735 345 1766 368 ut
1785 346 1812 369 et

1021 390 1092 425 apud
1105 389 1225 422 Judtcos,
1240 393 1318 416 erant
1339 388 1474 422 simplices
1491 392 1585 414 :crant
1598 387 1670 414 enim
1687 396 1732 415 xv1
1744 391 1771 415 et
1783 395 1810 415 v.

1021 435 1060 462 Ita
1080 435 1170 462 Latini
1187 435 1289 461 Pascha
1301 434 1328 461 iu
1343 433 1425 461 Nisan
1439 433 1563 466 Iudaico,
1585 433 1762 460 Alexandrini
1783 434 1811 460 in

1022 480 1074 513 Ijar
1106 480 1291 507 celebrabant.
1320 479 1466 515 Propterea
1496 479 1632 513 paschalis
1666 480 1812 507 neomenia

1022 525 1184 552 Latinorum
1210 530 1298 552 erata
1314 533 1344 552 ιιι
1372 524 1443 552 Νοιι.
1469 524 1585 557 Martiis,
1607 525 1664 552 sive
1678 524 1767 551 Martii
1784 533 1811 557 ι’,

1021 571 1054 598 ad
1070 570 1171 605 Aprilis
1187 578 1218 603 ii,
1238 578 1301 597 cum
1317 569 1426 598 Nicaena
1444 570 1479 598 ab
1499 578 1546 597 ιἰιι
1564 570 1697 597 duntaxat
1723 570 1811 597 Martii

1022 616 1055 643 ad
1082 616 1175 644 Nonas
1204 616 1265 651 Apr.
1281 616 1453 643 extendatur.
1477 616 1553 644 Unde
1569 621 1596 644 ct
1615 625 1659 643 xtv
1676 616 1813 651 paschalis

1022 662 1115 689 citima
1143 661 1303 689 Latinomm
1328 666 1387 689 erat
1412 661 1502 689 Martii
1530 671 1607 695 xviii,
1629 662 1812 689 remotissima

1021 715 1067 735 xw
1092 708 1203 742 Aprilis,
1222 716 1284 735 cum
1308 708 1499 735 Alexandrinae
1522 713 1549 736 et
1565 708 1681 736 Nicamae
1702 709 1814 736 decimae

1021 757 1126 788 quartae
1155 761 1169 779 a
1195 761 1241 780 xxi
1266 752 1357 780 Martii
1373 753 1407 780 ad
1431 761 1476 781 xw
1497 753 1615 780 Kalend.
1635 753 1733 788 Maias,
1756 754 1814 781 sive

1022 798 1087 832 Apr.
1107 797 1353 833 xvnipertiueant.
1374 797 1453 830 Quod
1472 806 1505 825 ex
1525 798 1595 825 Beda
1606 798 1749 838 discimus,
1765 798 1813 833 qui

1022 852 1082 880 cap.
1107 853 1171 872 xux
1200 845 1239 872 De
1256 849 1334 879 temp.
1356 848 1407 871 rat.
1432 843 1592 871 Latinorum
1618 843 1718 871 refellit
1737 851 1813 871 erro-

1023 898 1093 923 rem,
1105 898 1255 925 eorumque
1270 889 1393 925 signiferi
1408 889 1551 923 Victorini,
1569 898 1649 925 quem
1660 890 1812 918 Victorium

1023 936 1164 969 nominat;
1185 937 1265 971 cujus
1280 937 1363 963 etiam
1375 936 1556 971 fragmentum
1573 940 1663 963 exstat
1677 937 1704 963 in
1716 937 1812 964 eodem

1023 981 1101 1009 Beda:
1116 983 1215 1016 capite.
1239 981 1380 1010 Undenain
1405 983 1488 1016 igitur
1508 989 1635 1009 manasse
1660 982 1811 1017 putandum

1023 1032 1075 1060 est,
1090 1028 1162 1061 quod
1183 1027 1272 1054 Latini
1292 1027 1372 1062 primi
1394 1027 1496 1054 mensis
1526 1027 1697 1054 ncouieuiam
1719 1027 1745 1054 iu
1764 1035 1811 1054 xix

1023 1072 1111 1100 Martii
1145 1073 1348 1106 collocaverint,
1376 1074 1429 1100 nisi
1451 1082 1483 1100 ex
1503 1074 1624 1100 Anatolii
1642 1073 1763 1105 decreto,
1782 1079 1813 1101 ut

1023 1118 1133 1153 quidem
1147 1119 1228 1154 vulgo
1242 1123 1404 1152 conceptum
1422 1123 1463 1146 est
1483 1126 1558 1153 :quo
1578 1119 1695 1153 primum
1713 1119 1814 1146 Arietis

1024 1164 1179 1199 ingressum
1208 1166 1233 1191 in
1252 1173 1298 1192 xix
1316 1164 1404 1192 Martii
1425 1164 1561 1199 conjicere
1575 1165 1651 1192 visus
1669 1164 1728 1192 est?
1744 1164 1814 1192 Iliuc

1025 1211 1098 1237 enim
1117 1211 1275 1247 paschalein
1298 1211 1446 1238 terminum
1470 1218 1532 1245 qua:
1550 1210 1602 1237 ftiit
1616 1211 1686 1245 apud
1701 1210 1813 1238 Latinos

1024 1263 1070 1288 xv,
1103 1264 1155 1283 non
1174 1264 1230 1289 xw,
1247 1257 1273 1283 in
1300 1256 1389 1283 Martii
1412 1264 1456 1283 xix
1481 1256 1665 1283 contulerunt.
1684 1254 1762 1288 Nam,
1785 1262 1815 1282 ut

1026 1301 1103 1329 initio
1121 1301 1187 1330 fassi
1205 1310 1311 1336 sumus,
1324 1303 1460 1330 obscurus
1480 1302 1628 1331 admodum
1647 1307 1674 1330 et
1694 1303 1815 1337 implica-

1025 1353 1070 1375 tus
1086 1354 1128 1376 est
1141 1349 1260 1375 Anatolii
1276 1349 1354 1375 locus
1371 1358 1377 1375 :
1391 1348 1524 1383 siquidem
1548 1349 1594 1376 illo
1614 1349 1674 1384 ipso
1690 1349 1743 1382 die,
1760 1356 1815 1383 quo

1026 1395 1220 1430 aequinoctium
1235 1396 1340 1427 statuit,
1358 1394 1446 1422 Martii
1462 1395 1586 1423 videlicet
1601 1403 1670 1428 xxii,
1685 1400 1814 1430 quartum

1023 1441 1079 1475 jam
1100 1441 1180 1476 primi
1191 1441 1322 1475 segmenti
1335 1441 1448 1476 gradum
1462 1441 1585 1476 attigisse
1599 1441 1685 1468 solem
1704 1441 1815 1469 indicat.

1024 1486 1082 1514 Hoc
1096 1492 1185 1514 autem
1195 1492 1362 1522 segmentum
1376 1487 1494 1522 primum
1507 1487 1753 1522 δωδεκατημόριον,
1769 1488 1817 1515 καὶ

1026 1533 1118 1568 μηνῶν
1134 1534 1221 1568 ἀρχήν
1239 1537 1318 1561 vocat
1334 1543 1340 1560 :
1355 1533 1385 1559 τὸ
1399 1533 1427 1560 δὲ
1445 1533 1498 1568 πρὸ
1508 1533 1614 1566 τούτου,
1632 1533 1724 1569 μηνῶν
1737 1533 1818 1569 ἐσχα-

1025 1585 1079 1609 τον,
1101 1577 1148 1603 καὶ
1161 1577 1258 1612 τμῆμα
1273 1577 1433 1605 δωδέκατον.
1450 1577 1521 1612 Ergo
1535 1583 1562 1605 et
1583 1583 1639 1605 tres
1654 1578 1692 1605 illi
1704 1579 1815 1613 gradus,

1026 1630 1096 1657 quos
1108 1623 1196 1650 Martii
1206 1631 1261 1654 xix,
1276 1631 1323 1655 xx,
1339 1631 1396 1657 xxi,
1409 1623 1450 1651 sol
1466 1623 1587 1657 conficit,
1604 1631 1667 1651 cum
1682 1624 1709 1650 in
1726 1624 1817 1659 primo

1026 1673 1166 1704 segmento
1192 1670 1258 1702 sint,
1285 1674 1312 1697 et
1326 1675 1401 1697 extra
1427 1674 1608 1704 postremum,
1634 1670 1668 1698 ad
1692 1678 1814 1698 mensem

1025 1717 1145 1750 primum
1180 1716 1326 1750 pertinent.
1364 1715 1498 1749 Quocirca
1525 1716 1698 1751 proroganda
1735 1722 1816 1745 erunt

1027 1762 1128 1789 mensis
1145 1762 1224 1796 primi
1239 1762 1338 1796 spatia,
1356 1766 1385 1788 ut
1404 1769 1451 1788 xix
1466 1761 1537 1788 diem
1551 1762 1632 1789 etiam
1648 1762 1817 1797 amplectan-

1027 1812 1081 1835 tur.
1099 1807 1133 1834 Et
1158 1815 1221 1835 cum
1246 1807 1376 1842 subjicit:
1393 1816 1447 1836 non
1463 1808 1637 1836 mediocriter
1652 1809 1816 1837 halluciuari

1027 1860 1074 1880 eos
1086 1860 1192 1885 omnes,
1207 1853 1381 1888 quipriinum
1397 1861 1530 1886 mensem,
1554 1858 1581 1881 et
1598 1861 1644 1881 x1v
1660 1854 1815 1888 paschalem

1027 1900 1054 1926 in
1064 1899 1160 1926 ultimo
1170 1899 1216 1926 illo
1225 1892 1365 1933 segmento
1371 1899 1517 1932 collocant,
1529 1899 1599 1926 intra
1608 1899 1726 1935 primum
1735 1900 1816 1926 δωδε-

1027 1945 1207 1981 κατημῦριον,
1225 1945 1277 1973 hoe
1302 1949 1344 1973 est
1357 1953 1371 1972 ει
1384 1953 1429 1972 xix
1451 1945 1539 1973 Martii
1562 1945 1614 1973 rite
1633 1953 1677 1973 xiv
1693 1946 1818 1974 inchoari

1026 1999 1107 2026 posse
1126 1991 1272 2026 significat.

1062 2038 1157 2072 itaque
1169 2038 1266 2072 parum
1279 2037 1337 2065 haec
1351 2037 1490 2065 cohaerere
1513 2037 1650 2066 videntur.
1663 2038 1715 2066 Sed
1732 2044 1761 2066 ut
1773 2039 1819 2067 ob-

1027 2084 1135 2112 seurior
1160 2084 1296 2119 appendix
1322 2084 1365 2110 illa
1390 2084 1435 2117 sit,
1461 2088 1543 2118 caput
1572 2085 1660 2119 ipsum
1675 2085 1813 2120 opinionis

1026 2130 1222 2164 propemodum
1238 2133 1345 2156 constat
1374 2138 1379 2154 :
1401 2129 1531 2156 nimirum
1551 2130 1690 2157 cardinem
1714 2136 1740 2158 et
1752 2139 1816 2166 epo-

1027 2175 1106 2203 cham
1123 2175 1187 2202 anui
1200 2183 1238 2202 xu
1253 2182 1312 2202 esse
1329 2174 1429 2206 Martii,
1447 2183 1527 2210 quam
1545 2179 1572 2202 et
1586 2176 1708 2211 κεφαλὴν
1723 2177 1817 2203 ἐννεα-

1016 2221 1215 2257 Ἧεκαετηρίδος
1225 2226 1314 2250 vocat.
1329 2221 1414 2257 Igitur
1427 2222 1716 2258 ὲννεακαιδεκαετηρίς
1729 2231 1818 2259 neque

179 2271 337 2306 ingressum
353 2271 380 2298 in
394 2271 514 2299 Arietem
531 2271 674 2298 Anatolius
686 2272 713 2298 in
730 2269 818 2299 Martii
846 2278 892 2300 xix
908 2280 971 2300 conv

1029 2267 1064 2295 ab
1089 2267 1206 2295 Eusebio
1232 2271 1349 2301 reperta,
1373 2271 1403 2294 ut
1422 2267 1494 2295 Beda
1522 2268 1570 2295 lib.
1590 2268 1629 2295 De
1654 2272 1731 2303 temp.
1764 2276 1817 2297 rat.

180 2317 290 2344 tulerit.

221 2361 279 2395 Qua
294 2371 327 2390 ex
347 2361 475 2397 opinione
499 2362 571 2391 aliud
593 2364 731 2399 quoddam
749 2364 871 2399 πόρισμα
898 2364 976 2398 sequi

179 2409 304 2440 videtur,
321 2409 394 2444 quod
414 2410 457 2436 hic
475 2411 570 2444 paucis
587 2411 725 2445 explicare
749 2419 839 2445 opera:
858 2411 975 2445 pretium

180 2453 313 2483 arbitror.
343 2455 423 2490 Quod
452 2457 523 2484 enim
549 2465 581 2484 ex
601 2455 719 2485 Anatolii
741 2457 832 2485 verbis
851 2455 975 2490 efﬁcitur,

181 2504 315 2536 punctum
340 2501 428 2535 ipsum
442 2498 491 2535 τῆς
506 2500 624 2536 παρόδου
640 2502 666 2528 in
689 2502 790 2529 Arietis
806 2506 975 2536 segmentum

181 2548 333 2574 convenire
342 2546 431 2574 Martii
445 2554 500 2580 χιι,
510 2547 643 2581 suspicari
655 2546 717 2575 licet
727 2546 916 2575 Occidentales
926 2546 977 2581 ple-

180 2600 286 2627 rosque
297 2599 329 2619 ac
342 2592 454 2620 Latinos
469 2593 600 2627 epocliam
616 2594 691 2624 anni,
710 2594 767 2620 sive
782 2593 862 2628 primi
875 2593 977 2619 mensis

181 2639 358 2665 neomeniam
390 2639 417 2665 iii
446 2644 490 2665 xui
509 2636 597 2666 Martii
617 2639 784 2672 contulisse;
806 2639 897 2673 itaque
917 2639 976 2665 citi-

180 2690 259 2710 mum
288 2682 435 2711 terminum
468 2684 496 2711 iii
523 2692 556 2712 eo
582 2685 626 2712 die
648 2683 751 2718 ﬁxisse,
774 2686 813 2712 uti
834 2685 977 2712 Anatolius

180 2729 212 2754 in
227 2736 296 2755 xxii.
316 2728 383 2756 Nam
409 2728 498 2757 Latini
515 2729 563 2757 diu
583 2730 767 2758 Alexandrino
782 2732 858 2767 cyclo
876 2734 976 2768 rejecto

181 2771 327 2800 Judaicum
355 2775 546 2802 retinuerunt:
565 2776 612 2811 qui
630 2776 736 2804 lunaris
747 2785 761 2804 a
777 2777 849 2805 Beda
872 2783 899 2806 et
915 2779 977 2806 aliis

181 2817 298 2851 dicitur,
326 2825 353 2847 et
378 2821 495 2848 triennio
515 2821 607 2849 dillert
630 2822 665 2852 ab
683 2823 879 2851 Alexandrino.
908 2823 975 2851 Nam

181 2862 432 2893 Alexandrinorum
452 2867 558 2901 primus
586 2873 628 2895 est
648 2876 702 2895 xvti
733 2868 909 2903 Latinorum;
932 2879 977 2897 xix

182 2914 277 2936 autem
294 2910 553 2946 Alexandrinorum,
573 2912 734 2941 Latinorum
749 2919 791 2943 cst
811 2923 874 2949 xri;
891 2919 917 2943 ct
930 2924 977 2942 \'lll

321 2961 484 3008 _Pnn0i..
508 2961 566 2991 Gn.
592 2962 687 2993 XLII.

1030 2322 1091 2349 cap.
1110 2313 1153 2345 η,
1171 2321 1259 2348 neque
1277 2321 1291 2340 ει
1302 2312 1413 2340 Nicaeno
1429 2313 1557 2347 concilio,
1572 2318 1600 2341 ut
1613 2315 1725 2349 quidam
1743 2323 1819 2343 assc—

1029 2364 1104 2393 runt,
1119 2367 1179 2387 cum
1196 2359 1339 2387 Anatolius
1358 2360 1419 2394 ejus
1439 2360 1605 2393 meminerit,
1623 2367 1655 2388 ac
1670 2361 1714 2388 diu
1730 2366 1792 2389 ante
1803 2370 1818 2389 a

1029 2407 1135 2434 Metone
1145 2410 1172 2433 et
1189 2405 1355 2433 Euctemonc
1369 2407 1487 2441 primum
1506 2407 1660 2441 excogitata
1676 2407 1769 2441 fuerit,
1789 2415 1820 2436 ut

1028 2452 1163 2480 Diodorus
1171 2451 1289 2484 Siculus,
1302 2452 1433 2480 Geminus
1443 2456 1469 2479 et
1480 2452 1646 2480 Censorinus
1670 2452 1817 2481 afﬁrmant.

1028 2499 1192 2533 Quanquam
1213 2498 1266 2524 alia
1284 2498 1389 2525 lunaris
1413 2498 1477 2524 anni
1500 2506 1532 2525 ac
1549 2497 1684 2525 mensium
1701 2499 1818 2534 disposi-

1028 2544 1067 2571 tio
1092 2547 1150 2570 tum
1182 2543 1241 2570 fuit.
1265 2543 1435 2577 Quapropter
1466 2543 1615 2571 verisimile
1645 2549 1686 2571 est
1714 2544 1819 2573 Latinis

1029 2591 1102 2617 hunc
1126 2589 1245 2616 Anatolii
1271 2590 1359 2616 locum
1376 2589 1464 2616 fraudi
1489 2589 1574 2617 fuisse
1593 2591 1687 2625 :atqui
1704 2591 1819 2618 ridicule

1029 2637 1175 2664 admodum
1188 2636 1343 2671 pasclialem
1358 2636 1431 2663 illum
1446 2645 1526 2663 suum
1548 2644 1681 2665 canonem
1697 2638 1819 2664 condidit

1029 2681 1198 2715 Victorinus,
1213 2690 1267 2709 non
1285 2682 1385 2715 solum,
1399 2683 1470 2717 quod
1485 2682 1590 2710 Pascha
1608 2690 1651 2710 xw
1668 2683 1733 2710 luna
1749 2682 1818 2710 dun-

1030 2731 1106 2754 taxat
1118 2727 1248 2754 celebrari
1272 2727 1377 2762 jubeat,
1396 2728 1470 2762 quod
1494 2729 1593 2755 cauoui
1613 2732 1755 2762 repugnat,
1772 2734 1819 2753 ve-

1030 2780 1089 2799 rum
1103 2773 1185 2800 etiam
1201 2772 1274 2807 quod
1292 2773 1402 2800 inutiles
1416 2774 1520 2808 aliquot
1532 2773 1663 2800 terminos
1672 2777 1698 2800 et
1713 2773 1819 2800 otiosos

1029 2820 1164 2847 habuerit.
1182 2819 1274 2846 Prima
1302 2820 1411 2857 illorum
1436 2828 1482 2847 xw
1507 2819 1568 2852 fuit,
1596 2824 1625 2846 ut
1645 2819 1747 2846 dictum
1765 2822 1817 2850 est,

1031 2865 1119 2892 Martii
1145 2874 1223 2898 xviii,
1251 2866 1355 2893 de'citira
1379 2866 1474 2900 quinta
1506 2872 1569 2892 vero
1585 2865 1673 2899 prima
1693 2863 1816 2891 omniuaii

1030 2912 1119 2940 Martii
1143 2921 1201 2947 xtx,
1215 2920 1296 2947 quem
1312 2917 1338 2941 ct
1354 2909 1499 2940 terminum
1519 2912 1647 2939 lixarum.
1672 2910 1705 2939 Et
1729 2916 1820 2940 tamen
1865 2946 1867 2950 ι

1622 2960 1663 2989 32
