4064 6406
515 383 537 435 1
549 379 652 435 003

1657 371 2007 429 APPENDIX
2047 369 2686 430 DISSERTATIONUM.

3623 368 3744 424 1003

517 509 790 566 nunquam
822 508 946 552 ante
979 513 1094 552 xxn
1147 491 1358 553 Pascha
1395 492 1785 558 celebrabant;
1827 507 1952 545 cum
1982 490 2102 546 citi-

2209 487 2396 554 εἰκάδι,
2431 488 2593 558 ἐνάτῃ
2626 502 2720 541 και
2757 485 2936 542 εἰκάδι
2965 483 3274 556 scripseris,
3299 482 3591 539 bellissime
3619 485 3746 540 hunc

517 609 664 647 mum
693 590 904 644 Pascha
933 591 1210 645 debuerit'
1231 604 1353 645 esse
1382 603 1473 641 xx'
1491 585 1689 640 Martii.
1719 583 1901 648 Quare
1917 591 2012 636 aut
2040 581 2098 635 in

518 700 630 738 xxn
663 685 848 738 lunam
883 682 1274 752 prorogabant,
1299 680 1466 735 autin
1496 676 1798 732 secundum
1830 687 2095 729 mensem.

515 776 747 828 Causam
778 774 942 843 hujus
971 773 1343 828 stolidissimae
1364 770 1593 826 rationis
1617 767 1758 823 Beda
1775 774 1930 838 putat
1954 782 2096 832 esse,

514 866 656 933 quod
676 874 803 919 ante.
831 864 1224 934 aequinoctium
1243 863 1522 925 celebrare
1551 859 1797 930 religioni
1815 858 2095 913 ducerent.

515 956 626 1026 Ego
647 973 779 1011 vero
812 972 936 1012 cum
967 956 1231 1021 Anatolii,
1260 964 1375 1008 tum
1400 952 1755 1010 Ctesariensis
1810 966 1876 1005 ac
1893 947 2100 1003 Nicaeni

515 1051 732 1106 concilii
760 1051 983 1105 decreto
1011 1050 1263 1120 paruisse
1291 1049 1417 1103 illos
1447 1046 1707 1112 arbitror,
1751 1058 1933 1113 neque
1961 1057 2101 1113 prae-

515 1143 750 1212 scriptos
806 1142 875 1196 ab
923 1142 1055 1206 illis,
1098 1154 1164 1195 ac
1196 1138 1476 1196 communi
1525 1150 1797 1192 consensu
1845 1139 2100 1204 receptos

514 1233 802 1290 Paschalis
836 1234 1040 1288 limites
1073 1232 1379 1303 transgredi
1422 1244 1588 1286 ausos
1619 1243 1743 1284 esse
1779 1243 1792 1280 :
1831 1235 2008 1295 atque.
2026 1224 2101 1279 ita

516 1321 722 1378 Paulus
765 1322 1083 1392 Forosemp.
1125 1320 1285 1391 cujus
1326 1327 1381 1373 tu
1414 1319 1508 1374 lib.
1539 1335 1573 1373 v
1605 1315 1853 1380 consule,
1888 1314 1982 1369 ubi
2009 1307 2104 1368 ali-

517 1421 650 1481 quot
672 1412 918 1482 exempla
952 1410 1290 1481 paschalium
1334 1407 1674 1481 διαστροφῶν
1705 1421 1770 1463 ac
1795 1403 2102 1462 dissensio-

518 1520 647 1559 num
680 1503 957 1574 proponit.
1535 1550 1540 1555 .

587 1594 872 1650 Postremo
906 1595 1071 1649 etiam
1122 1601 1287 1663 atque
1321 1592 1484 1646 etiam
1540 1588 1864 1654 videndum,
1900 1601 1969 1640 an
2000 1584 2101 1640 Ju-

517 1687 640 1754 daei,
675 1687 769 1756 qui
798 1686 1091 1757 Epiphanii
1124 1695 1369 1756 tempore
1405 1686 1684 1750 vixerunt,
1724 1682 1778 1736 in
1805 1696 1900 1734 xtx
1919 1678 2005 1733 vel
2033 1691 2103 1732 xx

518 1775 694 1829 Martii
741 1776 1008 1845 cpoeham
1062 1775 1190 1828 anni
1233 1772 1692 1843 tequinoctiumve
1764 1767 2098 1830 statuerint;

2202 581 2381 636 locum
2409 580 2734 636 restitueris.
2769 577 3084 635 Invenimus
3104 619 3119 644 ,
3151 577 3348 647 inquit,
3370 577 3428 627 ὲν
3448 578 3512 645 τῇ
3546 591 3750 646 προκει-

2202 672 2339 742 μένῃ
2383 668 2649 741 Φαμενὼθ
2675 669 2842 741 ἐνάτῃ
2883 669 2980 724 καὶ
3011 669 3185 724 εἰκάδι
3213 670 3296 736 (ὲν
3320 669 3388 737 τῇ
3417 666 3749 738 προκειμένῃ,

2200 777 2364 831 quam
2398 761 2466 816 ad
2497 761 2923 832 oppugnandum
2955 760 3058 815 sibi
3088 767 3466 830 proposuerat,
3505 756 3751 825 cujusque

2200 853 2257 908 in
2291 853 2665 924 superioribus
2713 852 3059 920 meminerat)
3100 852 3270 907 solem
3304 866 3354 904 tv
3387 849 3498 919 jam
3545 847 3675 902 diem
3705 848 3754 901 in

2202 953 2488 1016 segmento
2512 943 2718 1000 Arietis
2736 943 3094 1014 processisse.
3111 941 3314 997 Firmat
3340 941 3481 995 hanc
3500 939 3728 1009 conjecto
3741 968 3756 978 -

2201 1050 2319 1089 ram
2352 1044 2629 1102 nostram,
2650 1035 2799 1105 quod
2827 1034 3143 1090 Anatolium
3173 1041 3381 1089 certum
3411 1039 3495 1084 est
3520 1029 3586 1085 de
3603 1029 3756 1099 aequi-

2201 1127 2427 1184 noctiali
2475 1138 2718 1198 tempore
2784 1141 3023 1183 canones
3077 1127 3198 1181 illos
3260 1123 3582 1178 instituisse.
3634 1121 3757 1176 lliue

2202 1216 2542 1288 Nicephorus
2584 1217 2680 1273 lib.
2720 1233 2794 1283 vr,
2827 1232 2949 1287 cap.
2993 1216 3064 1271 56
3099 1234 3113 1270 :
3146 1217 3256 1269 Καὶ
3288 1213 3419 1286 περὶ
3449 1213 3546 1282 τῆς
3583 1213 3752 1281 ἰσημε-

2207 1303 2327 1375 ρίας
2371 1301 2464 1356 τοῦ
2504 1302 2699 1372 Πάσχα.
2736 1300 3161 1372 ἀκριϐεστάτους
3207 1300 3366 1370 ὄρους
3401 1293 3662 1358 ὑπέδειξε.
3694 1292 3760 1346 De

2204 1393 2517 1464 wquinoctio
2564 1393 2806 1464 paschali
2835 1392 3266 1448 accuratissimus
3313 1403 3538 1443 canones
3581 1385 3760 1438 sanxit.

2203 1485 2468 1541 Videlicet
2499 1499 2623 1540 cum
2675 1485 2770 1552 id,
2819 1482 2968 1555 quod
3021 1484 3074 1537 in
3125 1479 3451 1538 Caesariensi
3496 1476 3695 1549 synodo
3735 1489 3764 1528 a

2204 1573 2511 1645 Theophilo
2538 1575 2719 1630 habita
2751 1575 3096 1646 propositum
3145 1573 3344 1638 fuerat,
3391 1570 3555 1640 vulgo
3591 1581 3765 1623 omnes

2205 1667 2610 1739 opinarentur,
2659 1649 3080 1738 azquinoctium.
3109 1681 3218 1720 xxv
3269 1663 3449 1720 Martii
3492 1660 3765 1724 committi,

2206 1761 2311 1817 hoc
2365 1760 2546 1830 ipsum
2606 1762 2888 1832 corrigens
2933 1759 3222 1814 Anatolius
3266 1755 3659 1827 aequinoctium
3705 1767 3762 1807 ex

515 1867 662 1937 quod
721 1829 1062 1938 Epiphanius
1094 1867 1162 1921 ad
1190 1829 1398 1920 Christi
1449 1873 1695 1933 tempora
1733 1829 2098 1919 transferens,
2135 1829 2177 1884 Β
2206 1829 2551 1907 Ptolemaieis
2580 1829 3075 1921 astronomicisque
3112 1849 3356 1905 fontibus
3382 1849 3438 1902 in
3461 1862 3576 1901 xxtt
3608 1843 3767 1898 Martii

405 1993 422 2004 κ
517 1973 666 2014 anno
703 1959 818 2026 illo,
849 1974 962 2028 quo
1010 1973 1210 2028 passus
1233 1966 1336 2022 est,
1379 1954 1671 2011 crediderit
1703 1951 2095 2023 aequinoctium

519 2052 573 2106 in
599 2053 790 2106 eodem
817 2051 1043 2108 hazsisse
1067 2052 1177 2116 die,
1201 2065 1312 2120 quo
1347 2050 1417 2104 ab
1438 2049 1546 2104 illis
1581 2063 1682 2104 suo
1714 2056 1956 2115 tempore
1985 2054 2101 2099 sta-

519 2152 694 2196 tutum
749 2142 985 2197 videbat.
1031 2141 1166 2196 Cum
1202 2140 1348 2196 enim
1399 2137 1594 2204 Judaei,
1645 2145 1705 2192 ut
1745 2151 1812 2191 ex
1838 2132 2101 2202 Josepho,

518 2233 765 2300 Philone,
787 2242 843 2288 et
868 2233 934 2289 iis
964 2232 1370 2303 antiquioribus
1391 2229 1744 2294 Aristobulis,
1773 2234 1830 2282 et
1862 2226 2102 2297 Agatho-

519 2324 647 2378 bulo
700 2332 938 2390 constat,
969 2339 1078 2379 non
1117 2333 1245 2378 ante
1275 2321 1664 2392 aequinoctium
1694 2318 1904 2374 Pascha
1937 2333 2101 2373 suum

517 2413 793 2468 celebrare
819 2413 1112 2480 voluerint,
1144 2421 1354 2468 certum
1385 2411 1456 2467 sit
1476 2417 1659 2466 autem
1684 2423 1888 2463 annum
1923 2423 2016 2462 xtx
2046 2415 2103 2463 et

517 2505 608 2559 vin
633 2505 792 2575 cycli,
817 2505 912 2575 qui
929 2505 1314 2559 Alexandrinis
1335 2503 1714 2559 embolimreus
1733 2508 1872 2563 erat,
1896 2497 2103 2554 Judazis

516 2608 860 2650 communem
877 2595 1176 2660 exstitisse,
1197 2594 1528 2663 conjecturae
1550 2593 1704 2648 locus
1730 2597 1832 2655 est,
1855 2605 1884 2644 a
1906 2586 2103 2643 Iudaeis

516 2685 831 2755 mquinoetii
878 2685 1022 2740 diem
1087 2687 1250 2755 paulo
1289 2693 1416 2740 ante
1465 2683 1687 2740 Nicaena
1741 2691 2009 2751 tempora,
2048 2688 2104 2733 et

518 2777 822 2831 secundum
849 2791 933 2840 ea,
967 2791 1060 2832 xix
1095 2777 1273 2832 Martii
1299 2777 1562 2831 tributum
1598 2773 1790 2830 fuisse.
1826 2773 2002 2840 Quam
2034 2771 2104 2825 ab

518 2865 628 2921 illis
654 2867 968 2935 opinionem
1003 2867 1182 2922 Latini
1218 2883 1327 2921 una
1365 2881 1492 2922 cum
1524 2865 1706 2920 lunari
1737 2865 1890 2934 cyclo
1935 2863 2105 2918 tradi-

519 2968 631 3012 tam
650 2960 984 3028 acceperint,
1005 2959 1245 3013 Anatolii
1273 2958 1572 3028 praesertim
1599 2956 1926 3011 auctoritate
1955 2953 2102 3021 freti,

519 3053 612 3126 qui
666 3053 904 3123 primum
955 3051 1156 3105 Arietis
1197 3051 1502 3120 ingressum
1538 3047 1726 3103 eodem
1763 3047 1853 3101 illo
1875 3046 1963 3101 die
1991 3045 2104 3100 col-

518 3148 703 3202 locare
731 3144 882 3198 visus
904 3152 1008 3198 est.
1037 3141 1182 3196 Sane
1214 3155 1322 3195 non
1366 3140 1470 3193 alia
1511 3137 1845 3208 probabilior
1885 3135 2104 3192 investi-

519 3239 634 3309 gari
685 3251 854 3292 causa
904 3241 1106 3304 potest,
1163 3247 1263 3288 cur
1309 3231 1394 3286 vel
1427 3229 1622 3297 Judaei,
1660 3229 1745 3285 vel
1774 3227 1953 3282 Latini
1992 3237 2105 3282 tam

519 3331 804 3402 praefracte
829 3327 1071 3382 decimas
1109 3333 1336 3394 quartas
1375 3324 1430 3378 in
1468 3321 1647 3377 Martii
1681 3337 1814 3375 xvm
1864 3320 2108 3374 retinue-

521 3422 653 3488 rint,
675 3420 782 3475 nisi
809 3419 954 3489 quod
979 3416 1367 3488 aequinoctium
1411 3415 1575 3470 citius
1616 3411 1908 3477 committi,
1941 3423 2105 3480 quam

519 3511 906 3569 Alexandrinis
961 3511 1261 3579 placuerat,
1330 3506 1468 3562 falso
1523 3506 1628 3562 sibi
1676 3502 2104 3575 persuasissent.

531 3603 746 3672 Quippe
775 3614 898 3656 cum
925 3608 979 3652 et
998 3596 1308 3652 Judaeorum
1337 3593 1549 3649 Pascha
1571 3592 1626 3646 in
1659 3591 1844 3672 ipsum
1863 3587 2109 3657 :equino-

522 3695 613 3748 ctii
643 3701 928 3764 punctum,
956 3696 1053 3744 aut
1075 3688 1325 3758 proxime
1349 3685 1545 3740 saltem
1571 3697 1636 3738 ex
1672 3661 1894 3736 decreto
1923 3676 2108 3732 senio-

522 3801 643 3840 rum
702 3783 944 3837 incidere
1003 3787 1283 3848 oporteat;
1339 3775 1514 3830 Latini
1571 3787 1700 3830 vero
1741 3779 1865 3850 post
1902 3765 2109 3822 Nicaeni

523 3876 741 3931 concilii
797 3871 1136 3928 sanctionem
1191 3867 1507 3938 paschalem
1581 3864 1877 3934 terminum
1916 3858 2109 3916 tandiu

521 3976 650 4022 ante
694 3965 1084 4035 aequinoctium
1130 3960 1359 4017 deﬁnire
1400 3957 1556 4014 nefas
1603 3971 1725 4012 esse
1764 3954 2108 4010 didicissent.

528 4081 732 4147 Altera,
784 4089 833 4134 et
883 4075 1208 4149 probabilior
1241 4075 1305 4128 de
1349 4071 1589 4155 Anatolii
1636 4070 1751 4125 loco
1799 4069 2108 4139 conjectura

1137 4154 1475 4216 proponitur.

598 4242 702 4298 Sed
733 4243 850 4297 hac
897 4249 1084 4295 nostra
1113 4235 1432 4306 conjectura
1463 4232 1510 4289 si
1555 4232 1738 4287 minus
1764 4229 2110 4286 eruditorum

525 4333 811 4388 hominum
861 4329 1239 4386 assensionem
1287 4324 1604 4390 obtinuerit,
1657 4320 1921 4376 invidiam
1962 4326 2113 4374 certe

526 4441 593 4481 ac
619 4423 1101 4494 reprehensionem
1133 4435 1240 4475 non
1273 4427 1542 4474 meretur.
1576 4413 1696 4483 Quo
1729 4413 1950 4470 lectoris
1981 4425 2114 4467 ean-

2209 1945 2514 2000 transtulit.
2549 1941 2713 2000 Vides
2745 1943 2850 1998 levi
2899 1943 3108 1999 voculae
3149 1941 3311 1997 unius
3344 1939 3765 1996 commutatione

2208 2043 2412 2104 quanta
2445 2033 2866 2104 impeditissimo
2915 2034 3048 2089 huic
3083 2033 3200 2089 loco
3250 2032 3346 2086 lux
3374 2030 3570 2086 oborta
3597 2030 3686 2094 sit,
3716 2034 3771 2081 ut

2208 2127 2408 2205 merito
2456 2125 2730 2197 posterius
2781 2125 2887 2181 hoc
2919 2125 3304 2190 verissimum,
3335 2134 3390 2179 ct
3435 2125 3502 2179 ad
3546 2121 3771 2177 Anatolii

2208 2226 2447 2273 mentem
2493 2216 2844 2286 aptissimum
2892 2229 3015 2271 esse
3066 2215 3306 2288 judieem
3361 2213 3534 2269 :duae
3585 2213 3772 2284 quippe

2209 2307 2492 2364 Paschatis
2533 2305 2858 2377 διαστροφαῐ
2906 2305 3134 2362 totidem
3183 2319 3250 2360 ex
3304 2303 3767 2375 aequinoctialibus

2210 2401 2461 2456 terminis
2494 2399 2552 2454 in
2592 2413 2758 2454 usum
2788 2396 3219 2453 ecclesiasticum
3253 2395 3625 2466 irrepserant;
3655 2410 3768 2448 nam

2209 2491 2302 2546 alii
2366 2505 2494 2546 eum
2538 2488 2908 2560 προηγήσεως
2951 2487 3222 2558 τροπικῆς
3279 2485 3454 2557 ignari
3505 2484 3769 2540 cardinem

2208 2598 2440 2639 vernum
2470 2581 2567 2647 ibi,
2601 2582 2693 2636 ubi
2721 2596 2753 2635 a
2813 2580 3080 2651 Sosigene
3119 2579 3287 2634 semel
3325 2580 3544 2649 positus
3589 2576 3772 2640 fuerat,

2209 2676 2532 2742 retinerent,
2578 2673 2791 2729 Pascha
2844 2680 2974 2728 ante
3016 2688 3122 2727 xxv
3168 2671 3348 2727 Martii
3395 2671 3772 2728 celebrandum

2209 2768 2436 2825 minime
2469 2767 2770 2840 putabant:
2819 2765 3022 2836 quibus
3051 2765 3268 2821 obviam
3323 2765 3458 2820 itum
3481 2773 3570 2821 est
3607 2765 3773 2821 Caesa-

2210 2860 2410 2917 riensis
2441 2859 2665 2915 concilii
2697 2842 2939 2913 decreto.
2975 2858 3103 2922 Alii,
3133 2865 3194 2912 ut
3216 2857 3390 2913 Judaei
3425 2858 3771 2921 recentiores,

2209 2962 2265 3008 et
2295 2953 2388 3024 qui
2415 2950 2635 3008 Judteos
2661 2951 3053 3022 sequebantur,
3075 2966 3202 3006 cum
3235 2951 3380 3006 haud
3410 2951 3581 3006 dubie
3616 2951 3775 3020 tequi-

2211 3046 2493 3110 noctium,
2529 3043 2615 3099 vel
2666 3043 2975 3113 ingressum
3020 3043 3152 3099 solis
3197 3043 3250 3096 in
3305 3043 3543 3101 Arietetn
3583 3044 3775 3113 aliquot

2211 3147 2337 3192 ante
2368 3136 2568 3191 diebus
2597 3136 2853 3191 accidere
2880 3143 3157 3205 putarent,
3203 3133 3412 3189 Pascha
3445 3134 3776 3192 suumsanti-

2209 3225 2482 3296 cipabant.
2514 3223 2787 3294 Utrosque
2806 3226 2858 3278 in
2888 3223 3038 3280 hisce
3067 3223 3370 3278 canonibus
3396 3222 3596 3278 refellit
3641 3225 3774 3278 Ana-

2209 3318 2373 3374 tolins
2403 3335 2417 3372 :
2464 3316 2682 3389 priores
2740 3315 2962 3386 quidem
2995 3330 3083 3380 ea,
3131 3330 3295 3385 quam
3324 3316 3587 3380 diximus,
3620 3315 3778 3386 tequi-

2209 3409 2378 3464 noctii
2405 3407 2613 3477 epocha
2643 3406 2884 3463 stabilita
2913 3423 2926 3460 :
2967 3407 3299 3475 posteriores
3328 3421 3482 3474 vero,
3516 3423 3642 3463 cum
3677 3407 3777 3460 dis-

2211 3505 2370 3569 putat
2420 3497 2660 3567 primum
2710 3510 2955 3551 mensem
2997 3494 3176 3565 primo
3207 3495 3454 3565 signiferi
3494 3496 3774 3552 dodecate-

2211 3589 2391 3644 morio
2413 3589 2660 3656 definiri;
2694 3603 2859 3654 supra
2882 3601 3045 3657 quem
3073 3596 3406 3656 postremum
3441 3588 3516 3642 sit
3541 3602 3776 3659 segmen-

2167 3761 2170 3763 Δ
2211 3690 2350 3750 tum,
2379 3682 2695 3753 mensisque
2727 3688 3037 3752 postremus
3066 3696 3081 3762 ξ
3124 3679 3178 3732 in
3205 3695 3314 3749 quo
3345 3680 3660 3750 paschalem
3691 3692 3774 3732 xlv

2211 3789 2429 3829 sumere
2457 3774 2719 3829 canonica
2753 3772 2962 3829 sanctio
3013 3771 3290 3842 prohibet;
3327 3772 3478 3842 quia,
3513 3783 3577 3829 ut
3603 3773 3776 3826 hacte-

2212 3880 2318 3920 nus
2361 3865 2650 3934 probatum
2680 3871 2798 3928 est,
2848 3862 3071 3918 citimus
3111 3861 3379 3916 terminus
3435 3862 3493 3916 in
3544 3860 3776 3932 aequino-

2213 3957 2381 4012 ctium
2410 3955 2664 4012 incurrit.
2697 3954 2765 4009 Et
2794 3963 2854 4008 ut
2881 3954 3156 4025 posterior
3187 3955 3369 4010 cautio
3400 3953 3471 4008 ad
3499 3953 3713 4009 Iudaeos
3734 3960 3782 4005 et

2212 4047 2559 4103 Christianos
2618 4045 3018 4110 ἰουδαΐζοντας,
3078 4044 3268 4114 quales
3315 4042 3691 4100 Occidentales
3713 4049 3782 4095 .et

2213 4139 2396 4195 Latini
2423 4139 2662 4208 fuerunt,
2689 4139 2911 4210 proprie
2934 4137 3169 4207 pertinet
3198 4155 3211 4191 :
3245 4137 3317 4190 ita
3351 4137 3504 4206 prior
3531 4137 3783 4191 adversus

2214 4231 2306 4284 illa
2334 4240 2560 4302 pugnat,
2579 4245 2703 4300 quze
2729 4229 2781 4282 in
2811 4227 2962 4283 Actis
2995 4224 3348 4282 Caesariensis
3371 4228 3574 4298 synodi
3599 4228 3782 4296 legun-

2213 4331 2306 4377 tur
2339 4340 2352 4376 :
2384 4337 2622 4392 quorum
2659 4319 3028 4391 fragmentum
3082 4318 3226 4388 apud
3270 4317 3472 4372 Bcdam
3521 4318 3783 4388 reperitur

2213 4421 2340 4482 post
2380 4411 2624 4467 libellum
2673 4408 2749 4464 De
2803 4408 3139 4480 wquinoctio.
3188 4406 3247 4461 In
3299 4407 3498 4477 quibus
3552 4407 3779 4475 primum

527 4514 664 4569 dore
693 4522 747 4568 et
777 4512 1116 4566 humanitate
1149 4508 1391 4563 confisus
1423 4506 1587 4560 aliam
1618 4506 1686 4560 de
1731 4503 1838 4559 hoc
1863 4500 2104 4556 Anatolii
2143 4521 2187 4575 ι)
2215 4503 2607 4574 aequinoctium
2663 4499 2844 4555 Martii
2890 4515 2999 4555 xxv
3050 4497 3441 4564 constituitur;
3492 4506 3609 4551 tum
3663 4507 3784 4548 vero

524 4604 651 4661 loco
705 4601 1076 4674 suspicionem
1117 4597 1416 4670 proferam,
1469 4611 1594 4667 qum
1637 4594 1796 4658 mihi,
1835 4606 1960 4674 cum
1993 4590 2111 4645 haec

525 4671 850 4758 scriberem,
905 4691 1159 4746 veniebat
1185 4691 1239 4744 in
1268 4699 1526 4743 mentem.
1560 4671 1925 4741 Crediderim
1949 4681 2108 4751 equi-

527 4785 649 4840 dem
693 4785 746 4838 in
778 4784 867 4848 iis,
900 4797 1022 4852 quae
1057 4782 1242 4835 locum
1268 4779 1421 4834 illum
1454 4783 1885 4838 antecesserant,
1920 4773 2111 4851 dispu-

527 4887 675 4930 tasse
709 4877 974 4930 adversus
1024 4873 1146 4927 illos
1175 4869 1514 4934 Anatolium,
1543 4869 1638 4938 qui
1665 4875 1822 4922 vetus
1857 4865 2110 4935 aequino-

528 4966 721 5032 ctium,
750 4966 856 5018 hoc
877 4961 1282 5027 cstJulianum,
1313 4961 1402 5016 die
1430 4957 1609 5013 Martii
1638 4974 1744 5011 xxv
1774 4955 2108 5023 retinebant,

527 5071 631 5111 nec
663 5063 788 5109 ante
817 5071 915 5108 vttt
957 5055 1077 5109 Kal.
1113 5051 1376 5109 celebrari
1425 5049 1624 5105 festum
1675 5048 1948 5112 sinebant,
1987 5059 2110 5115 qua:

527 5157 613 5204 est
653 5162 784 5201 xxtx
835 5146 1216 5214 Phamenoth;
1261 5145 1561 5216 praesertim
1606 5143 1754 5214 quod
1789 5141 1980 5196 eodem
2024 5138 2111 5192 die

527 5241 812 5296 Christum
836 5240 1207 5293 resurrexisse
1230 5248 1550 5308 persuasmn
1578 5236 1862 5299 haberent,
1891 5249 1952 5288 ex
1978 5247 2112 5289 con-

530 5333 643 5388 cilii
663 5329 1026 5386 Caasariensis
1053 5330 1180 5395 fide,
1209 5330 1274 5384 de
1291 5345 1401 5400 quo
1428 5339 1638 5400 postea.
1666 5327 1912 5395 Quorum
1940 5336 2001 5382 ut
2025 5343 2113 5382 er-

527 5440 706 5479 rorem
778 5423 1078 5493 corrigeret
1149 5422 1554 5477 mathematicis
1613 5422 2113 5490 astronomicisque

528 5517 798 5571 doctrinis
848 5515 1152 5585 perpolitus
1225 5513 1544 5580 Anatolius,
1604 5513 1995 5583 aequinoctium
2057 5513 2110 5567 in

531 5624 646 5664 xxu
679 5608 856 5662 Martii
890 5608 1158 5662 committi
1195 5607 1396 5663 docuit.
1434 5605 1555 5672 Quo
1599 5606 1800 5675 posito,
1834 5621 1939 5658 xxv
1969 5603 2115 5657 Mar-

533 5701 618 5769 tii,
651 5703 766 5757 sive
809 5699 1152 5756 Phamenoth
1190 5710 1622 5770 xx:x,quartum
1656 5699 1769 5767 jam
1805 5698 1858 5750 in
1908 5696 2115 5750 Arietis

544 5800 828 5862 segmento
857 5790 999 5845 diem
1038 5794 1168 5862 agit.
1205 5791 1574 5857 Quamobrem
1625 5791 1671 5843 si
1721 5803 1819 5857 pro
1855 5785 1986 5857 ἕκτῃ
2021 5786 2115 5840 καὶ

2219 4595 2479 4666 quoniam
2528 4592 2784 4648 Christus
2833 4589 3027 4646 eodem
3059 4588 3154 4642 illo
3183 4586 3559 4642 resurrexisse
3600 4584 3704 4648 die,
3733 4587 3782 4635 et

2216 4688 2286 4741 ab
2311 4701 2363 4739 ιι
2398 4683 2520 4738 Kal.
2557 4697 2755 4748 passus
2780 4679 3128 4746 credebatur,
3158 4677 3278 4732 ideo
3307 4677 3554 4731 triduum
3593 4675 3659 4728 ad
3693 4686 3784 4742 pa-

2216 4776 2433 4831 schales
2480 4773 2743 4828 terminos
2795 4776 3118 4841 arrogatur,
3161 4783 3224 4822 ea
3271 4767 3389 4838 lege
3452 4763 3778 4836 praescripta,

2215 4877 2277 4924 ut
2307 4867 2376 4922 ab
2410 4880 2465 4921 xt
2503 4865 2623 4920 Kal.
2669 4865 2800 4934 Apr.
2841 4862 2908 4917 ad
2937 4878 2992 4917 xt
3025 4859 3144 4915 Kal.
3178 4858 3350 4914 Maias
3382 4855 3654 4926 paschalis
3701 4868 3781 4909 ce-

2217 4958 2444 5013 lebritas
2472 4956 2612 5011 obiri
2638 4955 2832 5026 possit,
2874 4968 2937 5007 ne
2971 4959 3177 5006 tantum
3205 4949 3470 5020 passionis
3491 4959 3785 5002 sacramen-

2219 5059 2330 5104 tum
2361 5057 2511 5102 emtra
2545 5046 2764 5100 limitem
2798 5042 3136 5098 excludatur.

2291 5138 2396 5195 Sed
2425 5147 2481 5193 ut
2510 5138 2576 5193 de
2605 5134 2961 5208 synodalibus
2992 5133 3100 5188 illis
3127 5130 3278 5186 Actis
3305 5128 3481 5186 dicam
3505 5127 3654 5198 quod
3679 5140 3786 5182 sen-

2219 5233 2296 5288 tio
2336 5250 2350 5286 :
2392 5231 2497 5284 fuit
2532 5229 2681 5285 istud
2733 5227 2956 5298 quidem
2993 5219 3326 5296 provinciale
3369 5221 3664 5278 concilium
3703 5216 3785 5269 \‘i-

2217 5323 2387 5378 ctoris
2411 5337 2565 5392 papze
2588 5321 2748 5390 jussu
2773 5335 2804 5374 a
2833 5316 3139 5388 TheOphilo
3163 5313 3489 5371 Cmsariensi
3517 5320 3782 5366 coactum,

2218 5430 2328 5485 quo
2361 5413 2605 5482 tempore
2628 5411 3000 5467 controversia
3029 5409 3121 5464 illa
3150 5408 3218 5463 de
3246 5405 3514 5461 Paschate
3533 5399 3785 5456 Christiao

2219 5522 2351 5562 num
2382 5506 2572 5561 orbem
2610 5505 2962 5559 vehementer
2987 5500 3322 5572 exagitabat.
3355 5495 3464 5552 Sed
3511 5508 3619 5550 nou
3672 5501 3782 5544 om.

2219 5599 2334 5665 nia,
2371 5613 2493 5668 quae
2530 5598 2583 5652 in
2609 5595 2762 5651 Actis
2792 5594 2901 5650 illis
2931 5590 3494 5663 comprehenduntur,
3527 5598 3628 5655 pro
3664 5573 3776 5635 fidei

2219 5684 2457 5746 decretis
2484 5688 2734 5743 habenda
2764 5693 2924 5753 sunt;
2955 5699 3145 5740 verum
3180 5681 3423 5736 rationes
3474 5671 3715 5747 privatim
3745 5679 3771 5718 ﬂ

2219 5782 2477 5839 Patribus
2509 5781 2684 5836 allatae
2722 5789 2855 5837 sunt
2888 5777 3178 5848 pleraeque,
3225 5771 3422 5844 quibus
3473 5759 3777 5827 sententis"!
