4064 6416
365 387 508 444 1003

1292 384 1382 440 DE
1420 380 1609 439 ANNO
1646 379 1734 435 ET
1776 378 1886 434 DIE
1923 376 2284 436 DOMINICAS
2328 377 2706 435 PASSIONIS.

3499 375 3635 433 “306

357 511 521 552 suam
550 496 909 562 illustrarent,
934 513 1057 569 qua:
1075 511 1184 551 non
1220 495 1351 567 ipsa:
1381 497 1523 552 inter
1543 495 1664 550 fidei
1689 493 1942 563 dogmata

2116 491 2237 546 Col.
2288 491 2393 546 934
2445 490 2506 544 D.
2547 491 2717 553 ’Ἡτις
2746 488 3019 558 ἐμπίπτει
3055 487 3153 542 διὰ
3211 485 3362 540 ἐτῶν
3437 485 3632 556 τριῶν.

354 595 680 642 censentur.
729 585 868 642 Tum
921 588 1064 658 quod
1102 586 1372 642 Eusebius
1418 586 1512 639 lib.
1574 600 1642 649 v,
1694 598 1815 652 cap.
1875 581 1947 636 ‘22

359 685 578 743 narrat,
609 693 708 748 per
757 678 898 734 idem
934 688 1151 744 tcm;-us
1204 691 1326 731 cum
1371 675 1499 730 alibi
1552 674 1781 745 passim,
1830 682 1945 727 tum

363 763 560 822 Romae
590 784 618 822 a
643 767 861 825 Victore
895 770 962 824 de
993 769 1182 824 eadem
1208 767 1508 838 quaestione
1537 765 1817 837 synodalia
1849 765 1946 819 de-

361 871 515 914 creta
551 861 696 915 edita
744 859 941 924 fuisse,
979 876 1104 932 qua:
1157 861 1212 914 in
1263 859 1506 914 eamdem
1557 861 1625 912 de
1677 855 1942 910 Paschate

362 951 700 1008 celebrando
726 953 1112 1022 conspirarent
1143 950 1495 1014 sententiam,
1529 964 1640 1003 non
1674 949 1755 1003 sic
1789 948 1950 1002 intel-

366 1039 646 1110 ligendum
679 1050 782 1106 est,
814 1051 872 1096 ιιι
901 1057 1019 1110 quae
1047 1041 1099 1094 in
1125 1041 1275 1096 Actis
1305 1040 1412 1095 illis
1439 1039 1801 1108 allegarentur
1831 1051 1950 1089 om-

366 1131 461 1184 nia
517 1147 547 1185 a
603 1132 858 1200 pontifice
907 1129 1157 1184 Romano
1195 1128 1422 1199 probata
1473 1127 1604 1190 sint,
1642 1133 1696 1180 et
1729 1139 1828 1194 pro
1859 1139 1950 1178 ca-

367 1221 591 1276 tholicis
618 1221 969 1294 dogmatibus
1003 1231 1254 1292 recepta;
1287 1220 1378 1276 sed
1409 1233 1472 1274 ea
1505 1220 1793 1282 duntaxat,
1826 1229 1950 1284 qua;

367 1327 440 1366 ex
468 1312 622 1368 falsis
650 1314 760 1370 illis
786 1313 1070 1384 principiis
1101 1325 1382 1384 utcunque
1412 1309 1668 1375 deducta,
1701 1323 1830 1362 vera
1859 1323 1950 1362 so-

364 1405 591 1475 lidaque
643 1416 858 1477 reperta
895 1415 1044 1462 sunt.
1091 1405 1412 1476 Cujusmodi
1470 1404 1784 1459 sanctiones
1845 1402 1950 1456 ilhc

366 1497 594 1553 fuerunt
629 1519 640 1552 :
680 1495 752 1552 Ut
783 1514 960 1568 neque
987 1501 1041 1553 in
1088 1514 1179 1553 xlv
1208 1499 1334 1553 luna
1381 1495 1588 1551 Pascha
1626 1493 1817 1558 fieret;
1851 1509 1950 1548 nec

364 1586 502 1648 alio,
536 1603 700 1657 quam
734 1588 1025 1645 Dominico
1057 1589 1147 1644 die
1193 1605 1208 1641 :
1251 1588 1397 1658 quod
1431 1595 1552 1642 erat
1582 1584 1946 1655 propositum.

366 1676 623 1749 Reliqua,
659 1695 782 1749 qua:
807 1679 1100 1735 incidentia
1146 1678 1254 1734 dici
1299 1685 1551 1748 possunt,
1584 1690 1708 1731 cum
1749 1673 1947 1744 partim

365 1768 659 1836 perspicue
703 1768 864 1832 falsa,
898 1771 1094 1840 partim
1130 1768 1319 1832 dubia,
1348 1776 1404 1822 et
1443 1765 1833 1822 ecclesiasticis
1859 1778 1951 1818 ca-

2055 581 2320 654 Keplerus
2360 577 2504 656 ᾖτινι
2541 581 2690 652 legit.

2125 675 2242 730 Col.
2270 675 2376 730 955
2397 675 2462 728 Δ.
2492 673 2600 728 Kal
2616 673 2810 739 ἄλλας
2828 673 2953 726 κατ’
2973 671 3109 740 ἔτος
3127 673 3432 742 τέσσαρας
3460 669 3634 740 ὥρας.

2054 767 2373 837 Cuiusmodi
2426 781 2504 821 xu
2556 773 2770 821 constat
2798 764 2860 818 τὸ
2911 764 3270 835 νυχθήμερον.
3324 762 3462 818 Nam
3504 764 3636 818 hora

2057 857 2198 927 apud
2225 857 2585 927 Epiphanium
2622 857 2742 911 dua:
2774 864 2902 910 sunt
2920 855 3329 925 aequinoctiales
3357 855 3526 909 horae.

2127 946 2262 1000 Ibid.
2298 943 2658 1013 Ὠςεῖναιεὶς
2672 945 2745 999 τὰ
2770 947 2901 1015 τρία
2920 946 3049 1014 ἐτη.
3082 943 3214 998 Vide
3240 959 3362 1014 qua:
3383 927 3637 1013 superius

2059 1039 2458 1094 adnotavimus.
3569 1104 3580 1111 .

2128 1129 2262 1184 Ibid.
2285 1130 2380 1182 Διό
2398 1130 2536 1198 παρ’
2561 1129 2767 1195 αὐτοῖς
2793 1128 2972 1181 πέντε
2987 1127 3202 1197 μῆνες.
3221 1126 3506 1181 Causativa
3533 1125 3634 1182 ista

2058 1222 2324 1292 particula
2365 1237 2508 1292 mgre
2556 1237 2676 1277 cum
2727 1221 3109 1291 superioribus
3163 1220 3419 1275 cohaeret.
3478 1217 3640 1274 Forte

2059 1313 2200 1368 idem
2235 1313 2486 1384 estquod
2505 1313 2639 1366 διότι
2659 1313 2744 1368 vel
2765 1314 2872 1377 ὃτι,
2906 1327 3006 1368 nec
3024 1311 3294 1366 inferendi
3323 1311 3431 1366 Ivim
3456 1311 3638 1377 habet,

2057 1407 2151 1462 sed
2183 1421 2380 1461 novam
2429 1405 2755 1462 sententiam
2788 1405 3047 1472 inchoat,
3079 1419 3188 1474 qua
3235 1419 3328 1458 xlv
3369 1417 3638 1458 annorum

2057 1496 2242 1565 cyclus
2268 1496 2582 1567 exponitur.
2613 1495 2770 1562 Quod
2807 1496 2852 1550 si
2887 1495 3150 1550 illativam
3180 1509 3304 1550 esse
3338 1495 3538 1559 mavis,
3571 1494 3639 1548 ad

2057 1588 2428 1642 antecedentia
2470 1588 2798 1659 pertinebit;
2845 1603 2969 1642 nam
3020 1588 3150 1658 quia
3197 1586 3407 1642 lunaris
3459 1601 3641 1641 annus

2056 1679 2174 1734 dies
2206 1680 2368 1734 habet
2401 1695 2609 1746 cccuv,
2638 1681 2696 1735 lit
2724 1688 2785 1734 ut
2813 1679 2975 1734 tertio
3004 1688 3058 1734 et
3085 1688 3239 1734 sexto
3261 1693 3409 1733 anno
3437 1677 3637 1747 singuli

2058 1787 2299 1835 menses,
2325 1781 2378 1828 et
2409 1772 2462 1827 in
2496 1781 2671 1827 totum
2707 1789 2798 1826 xlv
2830 1772 3014 1834 annis,
3045 1771 3286 1842 quinque
3313 1785 3531 1827 menses
3554 1786 3642 1825 tn-

370 1859 614 1914 nouibus
677 1862 952 1915 contraria
1008 1862 1154 1925 sint,
1212 1860 1417 1915 nullius
1450 1857 1827 1914 ~auctoritatis
1882 1869 1951 1910 ne
1983 1851 2024 1910 Β
2055 1864 2410 1929 tercalcntur,
2442 1864 2589 1934 quod
2627 1879 2680 1917 xi
2716 1862 2913 1918 diebus
2941 1862 3140 1918 solaris
3175 1876 3354 1917 annus
3387 1861 3636 1916 lunarem

363 1946 736 2007 Cesarienses
773 1953 992 2022 quidem
1046 1952 1150 2023 ipsi
1206 1951 1399 2006 Patres
1447 1965 1570 2006 esse
1621 1949 1946 2014 voluerunt;

368 2054 558 2108 neque
587 2038 772 2096 Victor
799 2059 1036 2113 unquam
1067 2041 1404 2113 approbavit.
1438 2039 1511 2094 De
1537 2054 1644 2110 qua
1675 2054 1733 2094 re
1763 2052 1946 2107 supra,

365 2145 498 2184 cum
532 2131 600 2187 de
635 2130 932 2188 Dominiea:
985 2143 1232 2204 tempore
1274 2131 1554 2187 Passionis
1603 2137 1785 2186 actum
1839 2137 1946 2194 est,

363 2223 636 2280 adversus
668 2228 1032 2294 quorumdam
1069 2225 1506 2296 superstitiosam
1550 2224 1716 2278 nimis
1754 2221 1950 2278 credu-

365 2314 579 2370 litatem
629 2317 1010 2374 disseruimus.
1065 2317 1224 2373 Nunc
1261 2317 1432 2383 aliud,
1487 2316 1634 2386 quod
1687 2316 1950 2370 institutae

363 2408 764 2477 disputationis
799 2412 974 2482 magis
1013 2412 1430 2482 propriumest,
1477 2410 1528 2464 in
1575 2409 1769 2464 iisdem
1799 2408 1948 2464 Actis

364 2503 706 2558 notabimus.
764 2504 1001 2560 Censent
1049 2505 1198 2562 enim
1247 2503 1336 2557 illa
1393 2501 1786 2571 aequinoctium
1840 2516 1950 2554 xxv

365 2593 547 2650 Martii
597 2595 749 2662 fieri,
802 2610 915 2665 quo
961 2597 1077 2651 bzec
1130 2594 1626 2665 pronuntiabantur
1678 2602 1942 2663 tempore,

365 2687 480 2741 hoc
511 2695 594 2743 est
616 2681 763 2742 anno
791 2687 994 2742 Christi
1024 2686 1152 2742 298.
1184 2685 1340 2751 Quod
1371 2700 1536 2754 quam
1592 2683 1734 2738 falso
1766 2682 1950 2738 credi-

367 2788 490 2833 tum
521 2779 614 2843 sit,
660 2779 743 2834 vel
786 2778 1200 2834 observationes
1234 2778 1364 2847 ipsa:
1395 2775 1673 2832 Ptolemaei
1723 2789 1789 2830 ae
1823 2790 1944 2830 ma-

367 2870 682 2926 thematicae
717 2870 916 2927 tabulae
950 2870 1355 2934 demonstrant,
1391 2847 1468 2924 εἷ
1509 2867 1709 2939 quibus
1757 2877 1948 2921 notum

363 2969 478 3027 est,
510 2962 896 3032 :equinoctium
942 2971 1074 3017 tunc
1111 2963 1164 3016 in
1194 2977 1331 3025 χιιι,
1365 2961 1475 3021 imo
1513 2962 1677 3015 etiam
1724 2973 1816 3012 xxt
1868 2958 1952 3010 in-

366 3054 594 3111 cidisse.
629 3055 733 3110 Sed
771 3057 875 3111 boc
922 3070 1030 3111 non
1066 3070 1255 3125 urgeo.
1305 3053 1435 3111 Esto
1477 3067 1585 3106 xxv
1623 3049 1800 3105 Martii
1832 3049 1950 3105 dies

366 3146 709 3216 aequinoctii.
732 3144 852 3200 Jam
881 3146 1007 3216 quis
1036 3145 1494 3202 absurdissimum
1522 3157 1664 3208 esse,
1692 3149 1746 3195 et
1775 3141 1950 3195 eccle-

365 3236 616 3293 siastica:
639 3238 947 3307 disciplinae
986 3251 1294 3308 repugnare
1340 3249 1448 3290 non
1481 3234 1648 3296 videt,
1685 3231 1833 3302 quod
1877 3231 1949 3284 illi

368 3327 642 3392 seiscunt,
681 3324 893 3382 Pascha
934 3327 1118 3381 triduo
1155 3337 1281 3381 ante
1313 3321 1706 3394 aequinoctium
1741 3319 1954 3374 indici?

369 3417 548 3475 Vetus
575 3428 662 3475 est
683 3435 882 3483 canon,
923 3419 1018 3490 qui
1049 3419 1189 3473 inter
1220 3415 1552 3488 apostolicos
1581 3412 1814 3468 refertur
1852 3429 1864 3464 :
1891 3409 1960 3463 Εἴ

365 3526 459 3573 τις
491 3509 883 3582 πρεσϐύτερος,
917 3511 950 3582 ἦ
995 3509 1242 3574 διάκονος
1274 3509 1373 3579 τὴν
1414 3505 1575 3574 ἁγίαν
1617 3502 1711 3558 τοῦ
1762 3503 1956 3574 Πάσχα

365 3599 589 3669 ἡμέραν
617 3598 724 3671 πρὸ
758 3600 858 3670 τῆς
903 3601 1125 3671 ἐαρινῆς
1163 3598 1453 3669 ἰσημερίας
1489 3595 1628 3666 μετὰ
1685 3593 1954 3648 Ἰουδαίων

369 3690 698 3755 ὲπιτελέσει,
750 3690 1140 3763 καθαιρείσθω.
1180 3691 1362 3759 Quare
1406 3687 1710 3758 deponendi
1766 3685 1954 3740 Patres
1995 3763 1998 3765 Δ

366 3795 568 3836 omnes
599 3781 677 3835 illi
711 3780 954 3849 fuerunt,
990 3782 1036 3838 si
1081 3796 1206 3837 vere
1235 3780 1681 3851 pronuntiarunt,
1711 3776 1956 3846 acquino-

366 3874 544 3928 Ctium
578 3873 632 3927 in
657 3889 764 3928 xxv
797 3872 976 3930 Martii
1003 3874 1144 3935 fieri.

446 4003 524 4060 Ac
554 4021 621 4062 ne
645 4005 778 4062 satis
829 4007 1050 4078 quidem
1085 4015 1340 4064 accurate
1382 4006 1515 4061 mihi
1546 4005 1821 4076 paschalis
1853 4012 1958 4058 ter-

367 4097 560 4153 minus
592 4114 688 4169 per
712 4099 847 4154 illud
881 4110 1098 4170 tempus
1126 4101 1180 4155 in
1216 4115 1306 4154 xxt
1347 4098 1528 4153 Martii
1559 4099 1774 4168 positus
1804 4096 1954 4151 vide-

371 4200 489 4242 tur.
535 4187 748 4243 Etenim
799 4204 946 4244 anno
977 4190 1180 4247 Christi
1225 4189 1333 4245 300
1371 4204 1438 4246 ex
1470 4187 1810 4258 Alphonsina
1840 4200 1984 4242 mel

370 4278 546 4333 thodo
575 4280 965 4350 aquinoctium
996 4281 1051 4336 in
1079 4281 1258 4336 noctis
1290 4281 1505 4336 initium
1533 4279 1699 4343 cadit,
1735 4278 1839 4333 hoc
1871 4285 1955 4332 est

375 4371 568 4424 horam
599 4387 671 4426 vn
709 4386 740 4426 a
774 4373 1000 4427 meridie
1032 4388 1148 4436 xxi,
1183 4372 1257 4425 ita
1289 4382 1350 4427 ut
1391 4372 1650 4440 spatium,
1685 4385 1779 4440 per
1808 4369 1954 4439 quod

368 4472 714 4529 excurreret,
763 4462 930 4519 fuerit
960 4481 1074 4520 χιιι
1121 4463 1299 4518 Martii
1339 4462 1474 4517 dies.
1514 4461 1735 4516 Rectius
1785 4461 1954 4530 igitur

372 4551 586 4607 Pascha
614 4555 860 4610 citimum
898 4555 953 4610 in
985 4572 1120 4610 xxm
1165 4553 1340 4610 Martii
1375 4555 1582 4608 haerere
1615 4553 1814 4625 potuit,
1855 4552 1948 4606 ubi

372 4653 435 4700 et
463 4644 747 4703 Anatolius
773 4647 979 4718 aliique
997 4648 1406 4703 constituerunt
1453 4667 1464 4701 :
1502 4662 1642 4716 quos
1672 4644 1954 4700 Nicaeuum

371 4736 671 4791 concilium
717 4747 904 4807 postea
954 4747 1236 4805 secutum,
1298 4737 1624 4806 usurpanda:
1670 4735 1956 4790 vetustatis

371 4829 553 4899 gratia
584 4832 947 4902 non‘quidem
977 4831 1225 4887 citimum
1256 4828 1488 4895 Pascha,
1517 4829 1610 4884 sed
1633 4827 1762 4882 anni
1792 4826 1952 4896 primi

370 4920 478 4990 τῆς
507 4923 1146 4996 ἐννεακαιδεκαετηρίδος
1189 4923 1407 4978 initium
1439 4922 1630 4977 eodem
1667 4921 1721 4974 in
1752 4919 1845 4974 illo
1868 4917 1956 4974 die

373 5028 516 5068 χχιιι
545 5013 787 5084 reliquit.
811 5013 929 5068 Non
951 5015 1091 5069 male
1119 5014 1282 5085 igitur
1307 5014 1573 5069 hactenus
1604 5026 1826 5082 operam
1855 5025 1955 5081 po-

371 5104 613 5169 suimus,
643 5106 734 5176 qui
756 5115 809 5160 et
831 5104 1237 5159 nobilissimum
1270 5105 1510 5160 Anatolii
1559 5103 1953 5176 fragmentum,

371 5196 629 5267 idemque
673 5197 1064 5266 perobscurum
1089 5237 1104 5262 ,
1158 5197 1445 5268 diligenter
1477 5197 1866 5266 exposuimus,
1903 5203 1958 5251 ct

369 5289 448 5342 ab
511 5290 729 5360 egregio
781 5290 1244 5360 sanctissimoque
1296 5290 1455 5346 Patre
1519 5298 1628 5342 tam
1683 5288 1954 5358 insignem

370 5380 708 5435 calumniam
779 5391 941 5452 atque
999 5382 1256 5453 iniuriam
1315 5383 1644 5452 depulimus.
1707 5379 1829 5447 Qua
1887 5381 1940 5435 in

367 5471 680 5538 quaestione
733 5474 1217 5542 controversiaque
1267 5472 1622 5543 disceptanda
1672 5473 1955 5544 longiores

371 5573 482 5614 nos
517 5559 713 5626 fuisse,
739 5577 915 5632 neque
945 5578 1042 5617 nos
1076 5563 1247 5629 ipsos,
1277 5564 1368 5633 qui
1400 5563 1452 5617 id
1485 5563 1794 5618 necessario
1821 5561 1954 5619 feci-

371 5666 522 5714 mus,
559 5655 822 5721 pceniterc
856 5655 1128 5718 convenit,
1159 5670 1333 5725 neque
1363 5656 1574 5724 lectori,
1611 5657 1699 5712 cui
1727 5657 1953 5712 consul-

373 5755 492 5800 tum
513 5746 803 5813 voluimus,
835 5731 1173 5817 displicere.-

2054 1966 2290 2026 superet.
2326 1953 2614 2026 Utcunque
2636 1955 2728 2020 sit,
2755 1970 2845 2009 xiv
2873 1969 3144 2010 annorum
3166 1954 3378 2027 cyclum
3400 1953 3641 2009 indicare

2053 2048 2282 2112 videtur,
2311 2047 2364 2100 in
2393 2063 2506 2117 quo
2528 2046 2683 2117 quini
2717 2060 2934 2101 menses
2963 2045 3302 2100 inseruntur.
3329 2044 3433 2101 Sed
3456 2054 3639 2099 utrum

2053 2141 2107 2195 in
2140 2154 2241 2194 usu
2277 2139 2501 2210 politico
2531 2139 2858 2194 observatus
2896 2137 2986 2192 ille
3016 2137 3203 2208 cyelus
3230 2135 3416 2204 fuerit,
3449 2151 3517 2191 an
3542 2151 3638 2206 pe-

2052 2245 2151 2286 nes
2215 2227 2541 2300 Synedrium
2576 2237 2817 2284 retentus
2867 2237 2920 2283 et
2953 2228 3020 2283 ad
3057 2227 3370 2284 methodum
3413 2225 3640 2283 confor-
3689 2278 3693 2282 _

2052 2329 2268 2384 matus,
2301 2336 2425 2375 cum
2462 2319 2750 2390 plenorum
2787 2333 3163 2388 cavorumque
3206 2317 3477 2374 mensium
3516 2333 3640 2388 per-

2053 2423 2215 2483 petua
2266 2413 2616 2469 successione
2662 2411 2971 2468 communis
3021 2426 3202 2467 annus
3258 2411 3635 2477 evolverctur,

2051 2515 2210 2559 antea
2244 2505 2637 2560 dubitavimus.

2121 2591 2257 2648 Ibid.
2276 2593 2377 2648 Διὰ
2391 2594 2457 2648 τὸ
2474 2593 2853 2663 ἀφαιρεῖσθαι
2869 2593 2990 2648 ἀπὸ
3006 2594 3112 2648 τοῦ
3130 2593 3406 2661 ἡλιακοῦ.
3421 2592 3534 2648 Cur
3549 2609 3639 2648 XIV

2052 2701 2322 2741 annorum
2365 2687 2498 2741 orbe
2549 2685 2848 2741 neomeniae
2901 2686 3174 2742 conclusae
3211 2685 3358 2752 sint,
3412 2701 3636 2742 causam

2052 2776 2156 2832 ista
2197 2777 2465 2845 reddunt;
2499 2779 2592 2833 sed
2638 2793 2737 2849 pro
2770 2778 2924 2833 varia
2961 2779 3097 2848 cycli
3143 2777 3508 2849 dispositione
3550 2778 3638 2834 di-

2054 2885 2212 2926 versa
2257 2870 2384 2941 tingi
2425 2880 2624 2940 potest.
2664 2869 2776 2927 Nos
2808 2871 3014 2941 duplici
3049 2871 3262 2927 ratione
3303 2871 3515 2943 cyclum
3545 2887 3642 2928 ex-

2053 2961 2245 3031 plicari
2275 2976 2439 3032 posse
2473 2963 2757 3019 diximus:
2789 2963 2965 3034 prima
2995 2973 3113 3031 est,
3150 2975 3209 3020 ut
3239 2965 3401 3020 annis
3434 2964 3642 3020 lunari-

2055 3053 2158 3108 bus
2185 3053 2410 3123 prarcise
2442 3057 2668 3111 trecenti
2697 3063 2751 3110 ct
2785 3055 3183 3126 quinquaginta
3219 3065 3460 3127 quatuor
3495 3055 3638 3122 dies,

2055 3144 2206 3200 horze
2234 3154 2358 3199 octo
2398 3147 2744 3214 tribuantur;
2779 3163 2869 3201 xiv
2903 3141 3084 3202 aut‘em
3121 3149 3282 3206 annis
3316 3149 3432 3206 dies
3474 3150 3637 3216 5l08,

2059 3235 2208 3290 hora:
2233 3235 2286 3290 4.
2319 3234 2433 3290 Hoc
2466 3238 2729 3307 temporis
2760 3237 2940 3307 spatio
2969 3239 3181 3310 cyclum
3207 3241 3637 3308 constituebant,

2057 3327 2112 3382 in
2151 3343 2260 3398 quo
2294 3329 2463 3384 solius
2489 3329 2697 3385 lunaris
2721 3331 3217 3394 ἀποκαταστάσεως
3242 3333 3507 3388 rationem
3542 3334 3641 3390 ha-

2056 3415 2276 3482 bebant,
2305 3432 2404 3473 nec
2433 3418 2583 3474 illius
2606 3418 2896 3474 ratiocinia
2926 3434 3052 3473 cum
3077 3418 3192 3474 sole
3221 3420 3635 3489 comparabant.

2055 3506 2237 3574 Quare
2271 3508 2337 3563 de
2365 3509 2560 3563 ultimo
2581 3549 2594 3573 ,
2622 3509 2728 3564 hoc
2761 3517 2848 3564 est
2879 3525 2970 3563 xw
2999 3523 3144 3563 anno
3191 3509 3358 3564 solari
3385 3547 3400 3574 ,
3429 3518 3485 3564 et
3515 3511 3641 3580 qui-

2055 3598 2178 3653 dem
2219 3599 2463 3670 politico,
2497 3599 2591 3669 qui
2623 3607 2706 3654 est
2744 3615 2949 3655 cccnxv
2981 3599 3218 3666 dierum,
3246 3600 3364 3657 dies
3397 3603 3641 3673 quinque

2055 3699 2110 3744 et
2141 3691 2332 3744 horam
2367 3705 2534 3746 unam
2564 3691 2930 3747 detrahebant
2958 3711 2972 3747 :
3002 3699 3290 3762 propterea
3319 3693 3465 3763 quod
3497 3694 3542 3750 si
3571 3710 3639 3750 ex

2057 3781 2218 3843 5104,
2261 3781 2296 3834 4
2324 3778 2574 3836 Julianos
2600 3781 2668 3834 13
2699 3781 2933 3846 eximas,
2973 3781 3222 3838 decimus
3263 3790 3495 3853 quartus
3523 3785 3642 3840 dies

2058 3868 2492 3934 babebitccctx,
2521 3885 2628 3924 una
2663 3869 2801 3927 hora
2837 3872 3058 3938 minus;
3097 3887 3210 3949 quo
3241 3873 3529 3932 intervallo
3557 3876 3642 3930 lu-

2058 3975 2220 4016 nares
2276 3962 2595 4019 neomenias
2654 3963 2866 4020 restitui
2933 3965 3229 4022 credebant
3287 3985 3304 4022 :
3355 3968 3450 4023 sed
3525 3968 3644 4025 haec

2055 4054 2319 4125 τεχνικῶς
2373 4055 2677 4123 duntaxat,
2721 4072 2829 4112 non
2873 4058 3103 4128 politico
3153 4075 3290 4126 usu;
3335 4062 3638 4117 secundum

2057 4163 2243 4214 quem,
2279 4147 2323 4204 si
2359 4148 2536 4204 minor
2572 4149 2660 4204 hic
2695 4149 2884 4220 cyclus
2915 4165 3216 4220 usurpatus
3261 4151 3446 4220 fuerit,
3494 4155 3642 4210 horae

2057 4237 2162 4290 illae
2193 4253 2242 4290 ιν
2277 4240 2604 4307 appendices
2644 4240 2696 4294 in
2727 4242 2886 4296 finem
2918 4244 3055 4313 cycli
3081 4243 3298 4312 rejeetze
3341 4254 3492 4300 sunt.
3533 4244 3643 4302 lla-

2057 4343 2164 4398 que
2190 4344 2314 4384 eum
2347 4339 2471 4399 post
2497 4331 2711 4400 cyelum
2743 4332 2994 4388 lunarem
3019 4350 3110 4388 xrv
3135 4351 3432 4403 annorum,
3455 4338 3524 4393 de
3553 4355 3641 4394 so-

2057 4421 2125 4477 lis
2153 4422 2459 4479 rationibus
2491 4426 2738 4496 quinque
2768 4426 2922 4494 dies,
2953 4428 3104 4484 horae
3135 4439 3264 4485 octo
3301 4430 3524 4502 reliqua:
3556 4435 3642 4490 l'o-

1984 4524 2032 4581 δ
2063 4525 2202 4578 rent,
2233 4515 2477 4585 quinque
2507 4515 2624 4571 dies
2662 4517 2932 4573 duntaxat
2959 4533 3250 4588 superesse
3278 4521 3381 4576 sibi
3410 4538 3639 4592 persua-

2060 4614 2245 4662 serant
2292 4624 2305 4660 :
2360 4609 2562 4678 quibus
2616 4611 2943 4677 reservatis,
3000 4621 3126 4682 post
3167 4614 3347 4684 cyclos
3397 4617 3640 4675 minores

2060 4708 2274 4754 sextum
2325 4715 2566 4756 mensem
2624 4703 2862 4758 solidum
2916 4703 3337 4762 intercalabant.
3394 4706 3470 4764 lta
3523 4710 3641 4767 dies

2061 4789 2260 4845 fiebant
2291 4789 2496 4858 50679;
2541 4807 2776 4864 quorum
2805 4796 3119 4866 οἰκονομίαν
3150 4809 3310 4869 typus
3360 4798 3450 4855 ille
3479 4810 3640 4856 antea

2059 4882 2371 4952 propositus
2394 4886 2653 4938 ostendit.

2131 4973 2314 5029 Altera
2348 4976 2489 5030 ratio
2515 4992 2528 5028 :
2558 4976 2604 5031 si
2629 4976 2874 5048 quinque
2905 4977 3024 5035 dies
3054 4980 3214 5036 solidi
3244 4996 3310 5037 ex
3335 4982 3486 5040 horis
3515 4993 3641 5041 octo

2061 5064 2280 5120 conﬂati
2313 5081 2404 5119 xlv
2437 5066 2598 5121 annis
2637 5077 2985 5139 arrogentur.
3033 5069 3168 5138 Quae
3190 5074 3375 5128 omnia
3406 5075 3636 5148 diligen-

2063 5166 2142 5212 ter
2173 5157 2341 5213 habes
2364 5158 2631 5229 explicata
2661 5161 2936 5230 superius,
2967 5162 3058 5221 ubi
3085 5173 3140 5220 et
3165 5179 3233 5220 ex
3266 5175 3499 5238 utraque
3527 5184 3642 5224 mc-

2063 5248 2228 5304 thodo
2269 5247 2558 5318 Epiphanii
2591 5251 2754 5305 verba
2779 5253 3142 5310 correximus.

2129 5340 2266 5397 Ibid.
2298 5341 2408 5396 Τοῦ
2435 5341 2844 5412 ὀγδοηκοστοῦ
2866 5346 3150 5415 τετάρτου
3175 5348 3374 5416 ἔτους.
3399 5348 3637 5404 Mensem

2059 5428 2212 5484 illum
2249 5429 2602 5484 embolimum
2631 5445 2782 5496 xxxi,
2802 5446 2926 5486 cum
2955 5432 3009 5486 in
3045 5433 3152 5488 line
3179 5449 3379 5488 Lxxxtv
3407 5433 3534 5487 anni
3556 5433 3640 5487 in-

2059 5519 2311 5574 tercalari
2345 5518 2625 5582 debuerit,
2662 5520 2714 5574 in
2751 5523 3034 5592 sequentis
3076 5524 3214 5594 cycli
3246 5523 3482 5593 primum
3534 5536 3640 5576 an-

2060 5627 2190 5666 num
2231 5609 2467 5678 conjici,
2513 5610 2674 5666 docet
2712 5610 3072 5682 Epiphanius.
3109 5614 3272 5683 Atqui
3319 5623 3636 5668 tessaracae-

2059 5703 2270 5758 decaet.
2319 5709 2634 5772 postremus
2687 5718 2866 5758 annus
2908 5703 3129 5774 proprio
3170 5702 3283 5772 jam
3339 5701 3637 5757 cmbolimo

2061 5795 2320 5867 praeditus
2357 5804 2461 5851 est.
2499 5793 2618 5851 Duo
2670 5795 2834 5865 igitur
2859 5790 3186 5852 embolimaei
3231 5810 3352 5850 sese
3388 5791 3635 5862 proxime
