4064 6406
518 334 654 389 1007

1623 336 1973 396 APPENDIX
2010 340 2653 403 DISSER'I‘ATIONUM.

3625 364 3745 421 ισιηι

514 459 817 520 sequentur
871 465 886 503 :
936 450 1083 521 quod
1130 450 1260 507 olim
1318 451 1522 509 factum
1565 467 1691 510 esse
1744 454 2097 512 Hebraeorum
2128 468 2174 524 Α
2207 437 2616 545 interpretanda
2653 462 2869 521 videtur
2901 483 2914 522 :
2946 465 3134 525 ἕνεκεν
3160 471 3375 540 τούτου,
3401 474 3505 534 hoc
3534 487 3614 535 est
3633 496 3747 538 cum

512 543 767 597 doctores
807 552 1081 599 asserunt.
1114 542 1233 599 lmo
1261 559 1396 600 vero
1422 560 1641 602 menses
1681 547 1784 618 ipsi
1812 549 2093 605 embolimi

512 631 624 688 duo
667 632 831 688 simul
875 633 1338 702 inculcabuntur;
1384 644 1653 707 eruntque
1694 638 1798 693 tria
1845 639 2092 696 Adarim.

514 719 619 775 Sed
666 722 859 777 tertius
901 723 1029 777 anni
1078 738 1256 779 Lxxxv
1291 723 1512 781 initium
1552 726 1691 794 erit;
1731 743 1800 783 ne
1846 730 1893 785 si
1926 728 2094 785 Nisan

510 813 795 881 prorAdar
837 814 1230 881 substituatur,
1275 817 1485 887 epocha
1521 817 1748 885 relicta,
1805 822 2095 877 neomenia

511 907 565 961 in
600 906 877 962 anteriora
921 908 1106 965 laxius
1154 919 1436 981 evagetur.
1478 910 1555 967 De
1599 912 1816 969 duobus
1865 915 2096 970 emboli-

509 999 664 1054 maeis
713 999 964 1070 proxime
1014 1004 1484 1073 consequentibus
1544 1004 1747 1060 fatetur
1793 1005 2093 1077 Keplerus;

506 1092 823 1159 posterius,
876 1092 946 1147 de
1003 1093 1187 1150 tribus
1246 1095 1471 1151 Adarim
1518 1096 1680 1167 objici
1710 1076 1928 1167 ‘potest.
1988 1099 2095 1155 Sed

509 1190 806 1249 utrumque
861 1198 928 1237 ex
991 1181 1281 1251 Laterculo
1323 1195 1380 1241 et
1421 1188 1691 1257 superiori
1730 1188 2098 1260 disputatione

507 1275 957 1331 commodissime
1006 1276 1361 1345 dissolvitur;
1415 1295 1542 1334 nam
1606 1280 1755 1336 aliud
1801 1295 1884 1337 est
1927 1291 2100 1338 tessa-

508 1362 973 1418 resdccaeteridas
1007 1368 1239 1421 scorsim
1276 1382 1340 1422 ac
1371 1377 1655 1432 separatas
1686 1370 1911 1437 intueri,
1948 1372 2098 1427 aliud

507 1452 562 1506 in
590 1453 798 1520 maiore
833 1456 985 1524 cyclo
1014 1468 1173 1526 aptas
1196 1458 1429 1515 invicem
1478 1471 1533 1515 et
1559 1473 1865 1519 consertas.
1901 1463 2081 1518 Mino-

510 1558 597 1598 res
627 1544 763 1614 cycli
803 1545 1003 1616 singuli
1042 1564 1139 1617 per
1177 1564 1297 1606 sese
1337 1567 1371 1605 v
1398 1566 1615 1608 menses
1655 1554 1981 1611 embolimos
2027 1556 2085 1611 in

509 1651 591 1700 ιιι,
628 1652 704 1701 vt,
746 1652 864 1703 vm,
898 1655 975 1705 χι,
1007 1655 1121 1705 xlv,
1153 1642 1316 1698 annis
1338 1644 1655 1713 postulant;
1697 1645 1791 1700 sed
1832 1645 1889 1700 in
1922 1646 2101 1700 conti-

505 1743 612 1781 nua
654 1728 795 1783 serie
834 1737 888 1782 et
937 1729 990 1782 in
1025 1730 1235 1801 majore
1263 1733 1415 1803 cyclo
1449 1749 1559 1789 non
1598 1750 1816 1805 semper
1863 1752 1954 1790 xiv
1985 1752 2101 1792 em-

2196 552 2491 621 depravata
2545 554 2636 610 illa
2673 556 2934 616 methodo
2972 575 3039 617 ac
3080 564 3217 635 cycli
3260 565 3610 636 dispositione
3639 581 3745 628 ute-

2199 652 2411 710 rentur,
2442 647 2748 704 secundum
2789 664 2958 721 quam
2988 669 3080 708 xiv
3106 655 3236 711 luna
3277 658 3444 715 biduo
3469 662 3748 729 cmiestem,

2199 735 2305 791 hoc
2336 748 2421 793 est
2454 737 2731 796 Niwnam
2768 745 3132 814 anteveniret,
3182 748 3553 808 animadversa
3605 754 3747 822 labe,

2196 823 2528 895 Pharisaaos,
2561 830 2745 901 quoad
2778 832 3139 914 plenilunium
3178 841 3404 910 propius
3432 844 3749 912 accederent,

2197 915 2409 974 Pascha
2443 921 2496 975 in
2532 938 2598 977 xv
2633 924 2818 979 lunam
2844 926 3141 984 distulisse.
3175 929 3364 1003 Itaque
3383 934 3663 1005 dupliciter
3683 938 3753 992 vi-

2200 1008 2340 1063 tiosa
2370 1009 2651 1069 Paschatis
2680 1016 2967 1074 celebritas
2992 1019 3094 1075 fuit
3138 1039 3153 1076 :
3189 1024 3428 1091 primum
3473 1028 3611 1097 apud
3638 1045 3753 1098 eos,

2199 1100 2294 1169 qui
2340 1099 2475 1157 feria
2508 1119 2572 1158 ιιι
2618 1104 2748 1160 luna
2778 1124 2853 1164 xu
2897 1107 3115 1166 Iudaica
3154 1113 3363 1171 Pascha
3394 1117 3753 1183 comederunt,

2200 1193 2346 1261 quod
2377 1192 2513 1250 feria
2568 1212 2601 1251 v
2656 1196 2784 1254 luna
2811 1216 2920 1255 xtv-
2941 1201 3249 1261 faciendum
3274 1218 3392 1263 erat
3435 1225 3449 1263 :
3483 1218 3596 1265 tum
3627 1213 3752 1281 apud

2199 1281 2530 1353 Pharisazos,
2594 1290 2690 1359 qui
2736 1292 3037 1364 ὑπερὸἀσει
3090 1307 3310 1369 recepta
3360 1316 3453 1355 xtv
3504 1303 3635 1373 cycli
3680 1303 3754 1358 sui

2200 1380 2569 1449 praetergressi
2596 1391 2744 1438 sunt.
2784 1384 3038 1443 Christus
3068 1402 3233 1458 porro
3278 1406 3406 1446 cum
3454 1394 3641 1463 majori
3672 1409 3758 1463 po-

2201 1467 2314 1536 puli
2348 1479 2504 1539 parte
2542 1471 2678 1529 feria
2728 1477 2892 1531 tertia
2918 1478 3234 1538 celebravit.
3278 1481 3355 1537 Ita
3384 1483 3603 1553 quidem
3643 1483 3759 1554 Epi-

2200 1560 2462 1630 phanius,
2495 1580 2598 1621 nec
2619 1567 2779 1624 aliter
2807 1569 3152 1638 interpretari
3176 1573 3321 1641 licet,
3355 1583 3452 1630 aut
3481 1576 3551 1631 ab
3588 1591 3760 1632 errore

2201 1649 2498 1708 vindicare.
2543 1654 2731 1726 Neque
2757 1658 2904 1714 enim
2938 1660 3072 1715 feria
3108 1664 3289 1730 tertia,
3321 1664 3427 1720 hoc
3450 1675 3535 1723 est
3578 1677 3760 1736 quarto

2202 1748 2330 1796 ante
2349 1739 2670 1801 Passionem
2710 1747 2801 1805 die
2825 1749 3081 1807 Christus
3104 1750 3372 1809 Paschate
3400 1752 3622 1811 functus
3648 1766 3755 1821 est;

504 1817 795 1875 bolimazus
831 1827 915 1875 est
963 1837 975 1873 :
1026 1822 1184 1918 unde
1210 1837 1390 1918 neque
1429 1824 1570 1880 duos
1614 1825 1837 1918 Adartm
1887 1827 2093 1898 exigit;
2128 1813 2171 1873 Β
2200 1849 2379 1905 neque
2404 1837 2572 1894 biduo
2596 1839 2651 1895 in
2681 1841 2920 1899 vinculis
2958 1844 3215 1911 habitus,
3251 1847 3396 1918 quod
3426 1846 3627 1904 frustra
3652 1813 3759 1904 ere;

503 1918 817 1978 postremus
840 1925 970 1965 vero
1010 1911 1188 1967 ultimi
1230 1914 1365 1985 cycli
1402 1929 1603 1982 annus,
1629 1916 1725 1986 qui
1768 1926 1853 1972 est
1876 1933 2092 1985 Lxxxlv,

504 2000 652 2053 Adar
683 1999 904 2069 quidem
934 2000 1166 2055 alterum
1207 2003 1310 2059 sibi
1343 2003 1580 2060 vindicat
1604 2023 1620 2072 ;
1646 2020 1715 2061 eo
1758 2007 1906 2077 quod
1943 2022 2096 2063 men-

506 2091 586 2145 sis
608 2091 656 2145 ei
694 2106 824 2145 xxxt
859 2106 925 2145 ex
957 2093 1163 2161 epactis
1194 2094 1473 2165 cyclorum
1500 2097 1801 2164 accrescit;
1834 2098 2114 2169 proinde-v

504 2197 612 2251 que
644 2198 695 2236 γι
738 2183 1113 2239 embolimaeos
1162 2184 1363 2240 habere
1401 2185 1587 2253 debet,
1641 2196 1702 2241 ut
1744 2202 1870 2243 cum
1924 2186 2094 2242 solari

505 2288 653 2327 anno
698 2283 976 2344 utcunque
1006 2274 1219 2331 lunaris
1269 2276 1611 2347 adaequetur.
1644 2276 1851 2333 Verum
1900 2290 2094 2334 auctor

504 2377 588 2419 est
616 2352 1046 2435 Epiphanius'in
1077 2382 1257 2423 Lxxxv
1286 2382 1495 2424 annum
1519 2384 1764 2426 mensem
1790 2370 1944 2425 illum
1969 2384 2093 2426 esse

503 2455 732 2510 dilatum
756 2473 771 2523 ;
800 2457 896 2528 qui
926 2472 1053 2513 cum
1082 2474 1273 2515 revera
1311 2460 1386 2516 sit
1416 2459 1586 2526 Adar,
1611 2459 1782 2518 Nisan
1809 2476 1840 2517 a
1863 2460 2090 2529 Iudaeis,

504 2555 566 2600 ut
598 2546 827 2617 opinor,
872 2558 956 2603 est
998 2548 1200 2607 Iactus.
1244 2549 1375 2607 Inde
1418 2552 1668 2619 accedit,
1718 2562 1781 2608 ut
1824 2530 2091 2624 epocham

512 2639 644 2693 anni
673 2640 757 2695 sui
780 2641 1191 2707 anteverterint,
1222 2652 1278 2697 et
1299 2641 1354 2697 in
1377 2642 1571 2700 eodem
1598 2660 1745 2700 anno
1767 2646 1853 2700 bis
1883 2644 2091 2702 Pascha

507 2732 921 2787 celebraverint.
948 2731 1105 2799 Quod
1131 2734 1406 2791 uberrime
1432 2744 1592 2791 antea
1613 2735 1951 2792 declaratum
1972 2747 2078 2792 est.

572 2821 691 2878 Col.
720 2822 823 2878 9'56
846 2824 912 2878 Δ.
950 2825 1181 2891 Οἳτινες
1220 2824 1479 2895 ὤφειλον
1495 2822 1672 2881 εἶναι.
1711 2826 1966 2882 Mendum
2003 2828 2091 2884 hic

503 2930 626 2971 esse
648 2926 702 2971 et
742 2916 969 2986 quidem
1001 2917 1198 2988 duplex
1242 2918 1529 2988 superiora
1573 2920 1707 2976 satis
1739 2920 2033 2976 ostendunt
2068 2939 2085 2976 :

504 3008 742 3076 primum
759 3010 1051 3081 τριάκοντα
1071 3012 1238 3084 μῆνες
1264 3012 1571 3085 legendum,
1589 3028 1697 3068 non
1713 3014 2088 3085 τριακονταεὶς

508 3102 646 3173 μήν’
675 3102 873 3159 deinde
902 3103 1097 3159 falsum
1129 3113 1214 3161 est
1254 3121 1417 3177 supra
1451 3122 1558 3162 xxx
1593 3121 1814 3162 menses
1842 3107 2085 3178 reliquos

503 3210 626 3251 esse
664 3195 782 3252 dies
822 3212 970 3263 xxiv,
1001 3198 1166 3254 horas
1200 3213 1251 3253 vt
1286 3217 1301 3254 :
1332 3198 1539 3270 alioqui
1567 3213 1632 3255 ex
1663 3200 2084 3256 tessaradecaet.

502 3286 717 3342 Juliana
747 3288 957 3344 dierum
990 3289 1162 3356 5115,
1194 3290 1282 3355 12,
1306 3290 1539 3362 relinqui
1557 3291 1937 3348 tantummodo
1970 3291 2091 3349 dies

502 3389 779 3451 oporteret
808 3392 1077 3452 quatuor,
1112 3384 1304 3440 horam
1331 3400 1534 3449 unam,
1573 3393 1829 3457 essetque
1864 3385 2079 3441 lunaris

503 3474 923 3529 tessaradecaet.
995 3475 1204 3530 dierum
1251 3473 1413 3542 5109,
1441 3477 1530 3532 11.
1573 3474 1817 3549 Syzygiaa
1860 3475 2091 3546 singulas

502 3573 594 3639 29,
640 3573 731 3639 η,
770 3568 876 3639 49',
904 3575 1024 3644 35",
1054 3567 1312 3646 3%.Aut
1357 3579 1405 3634 si
1433 3578 1503 3635 de
1531 3593 1623 3633 xlv
1654 3576 1885 3635 Julianis
1925 3579 2088 3636 annis

502 3666 817 3723 eximantur
845 3668 994 3724 horae
1020 3668 1165 3734 dum,
1203 3678 1263 3724 ut
1289 3670 1399 3725 sint
1425 3670 1547 3728 dies
1572 3671 1738 3735 5H5,
1770 3670 1861 3737 10,
1909 3680 2088 3728 tessa-

500 3760 797 3829 radecaet.,
830 3762 1055 3819 lunares
1087 3762 1317 3833 singula:
1345 3764 1465 3820 dies
1510 3764 1791 3820 habebunt
1824 3761 1992 3828 5I09,
2025 3763 2084 3830 9,

504 3862 741 3934 syzygiat
757 3864 852 3929 29,
883 3864 974 3927 12,
1015 3863 1122 3929 ιε’,
1159 3863 1256 3918 54η
1281 3854 1412 3935 1‘57.
1443 3864 1601 3931 Quod
1621 3879 1725 3936 ego
1752 3879 1943 3921 verum
1977 3879 2087 3921 non

502 3952 767 4007 arbitror.
802 3952 1174 4023 Corrigendus
1222 3952 1408 4023 itaque
1446 3953 1762 4024 Epiphanii,
1793 3964 1889 4009 aut
1918 3953 2088 4010 libra-

502 4043 571 4098 rii
595 4043 773 4114 ipsius
803 4058 982 4110 error,
1010 4052 1067 4100 et
1090 4044 1172 4100 vel
1197 4044 1369 4099 εἴκοσι
1397 4044 1543 4100 ὀκτὼ
1572 4045 1796 4117 ἡμέραι,
1823 4045 1909 4102 vel
1943 4046 2087 4100 εἰκο-

503 4154 558 4192 σι
586 4136 731 4191 ὀκτὼ
767 4138 862 4193 ποια)⁸
892 4131 1033 4210 ὧραι
1068 4141 1218 4210 τρεῖς
1249 4138 1357 4195 hoc
1384 4139 1507 4195 Ioco
1543 4138 1916 4197 scribendum.
1948 4136 2085 4195 Vide

500 4244 625 4300 quae
652 4239 810 4285 antea
840 4229 1103 4286 diximus.

560 4319 700 4375 Ibid.
716 4318 1032 4375 Β.’Ένεκεν
1042 4320 1254 4375 τοίνυν
1266 4318 1628 4375 τούτου.Νοιι
1642 4319 1773 4376 illud
1787 4319 2079 4392 signiﬁcat,

498 4408 646 4479 quod
675 4411 976 4466 arbitratur
999 4408 1282 4481 Keplerus,
1306 4419 1361 4467 et
1377 4410 1520 4483 quod
1538 4411 1715 4483 prima
1743 4411 1925 4482 specie
1946 4411 2083 4466 velle

2195 1927 2334 1984 didit
2386 1927 2729 2002 Epiphanius
2776 1953 2789 1990 :
2843 1951 2970 1992 nam
3014 1938 3082 1994 de
3128 1939 3489 2013 σταυρώσεως
3531 1952 3759 2012 tempore

2195 2019 2483 2077 nobiscum
2529 2025 2717 2081 sentit.
2759 2024 3150 2089 Emendandus
3191 2030 3359 2102 igitur
3401 2041 3486 2088 est
3533 2033 3600 2089 ad
3643 2048 3758 2089 eum

2194 2110 2418 2166 modum
2445 2128 2607 2183 quem
2643 2130 2810 2187 supra
2844 2118 3347 2179 demonstravimus
3380 2139 3506 2197 pag.
3539 2124 3656 2181 I72.

2264 2199 2403 2257 Ibid.
2424 2203 2536 2258 Καὶ
2550 2204 2679 2260 ἐκεῖ
2696 2207 2763 2262 τὸ
2789 2208 3027 2279 Πάσχα.
3059 2210 3199 2278 Quid
3231 2212 3321 2269 hic
3334 2214 3536 2268 audio?
3556 2215 3686 2277 ἐκεῖ,
3708 2212 3759 2269 ξι

2193 2302 2278 2348 est
2299 2292 2355 2347 in
2380 2294 2542 2350 h‘orto
2558 2296 2767 2353 Pascha
2786 2300 3179 2359 manducasse?
3193 2301 3416 2360 Minime
3439 2305 3492 2360 id
3516 2305 3757 2376 quidem;

2194 2387 2288 2442 sed
2322 2388 2407 2443 vel
2446 2389 2567 2443 ἐκεῖ
2603 2390 2673 2446 ad
2706 2393 2994 2463 superiora
3031 2396 3287 2463 pertinet,
3317 2395 3403 2450 vel
3453 2396 3761 2467 traiectione

2191 2487 2382 2548 peccat
2402 2480 2495 2536 hic
2522 2481 2697 2538 locus.
2719 2480 2877 2549 Quod
2898 2485 3121 2555 subjicit
3148 2503 3163 2532 =
3191 2485 3292 2540 οὐκ
3514 2489 3757 2559 ποιήσας,

2192 2571 2472 2628 Christum
2497 2584 2747 2642 excusat,
2772 2590 2872 2631 cur
2896 2592 3004 2633 non
3030 2578 3272 2649 legitimo
3291 2587 3541 2650 tempore
3563 2578 3759 2635 Pascha

2191 2664 2496 2733 peregerit;
2526 2665 2676 2734 quod
2719 2666 2787 2721 ad
2830 2667 3111 2737 publicum
3139 2678 3197 2725 et
3220 2684 3574 2726 communem
3608 2685 3760 2728 usum

2191 2752 2616 2810 accommodare
2637 2770 2698 2812 se
2716 2756 2992 2812 maluerit.

2247 2844 2388 2900 Ibid.
2400 2844 2672 2914 0.117190%
2681 2834 3334 2919 ίρῶτοςούαλεντῖνος.
3345 2850 3471 2908 Hac
3484 2866 3550 2907 ex
3569 2852 3761 2908 Irenao

2188 2952 2452 3008 expressa
2486 2948 2614 2996 sunt
2645 2958 2662 2997 :
2699 2941 2794 3011 qui
2840 2942 2935 2997 lib.
2974 2958 3035 3007 ιι,
3073 2958 3194 3014 cap.
3238 2945 3331 3013 58,
3358 2943 3762 3000 Vaientinianos

2188 3029 2413 3098 refutat,
2453 3030 2547 3101 qui
2586 3046 2693 3086 xxx
2745 3030 2991 3088 JEonum
3033 3033 3320 3105 collegium
3349 3036 3455 3091 hoc
3501 3048 3760 3090 annorum

2190 3119 2397 3176 Christi
2434 3136 2665 3177 numero
2696 3122 2996 3179 fulciebant
3028 3142 3043 3179 :
3074 3125 3275 3196 quippe
3308 3125 3594 3182 Christum
3621 3141 3761 3182 asse.

2195 3212 2388 3268 rebant
2431 3228 2580 3269 anno
2625 3216 2805 3271 atatis
2851 3231 2961 3271 xxx
3009 3231 3229 3287 passum
3267 3233 3411 3286 esse,
3454 3234 3643 3276 mense
3670 3233 3759 3274 xu.

2191 3303 2397 3361 Contra
2423 3321 2564 3377 quos
2583 3321 2706 3377 cap.
2749 3308 2821 3363 39
2846 3308 3207 3375 demonstrat,
3233 3309 3455 3366 biennio
3484 3321 3542 3367 et
3565 3311 3763 3381 aliquot

2192 3397 2477 3454 mensibus
2494 3399 2842 3469 pradicasse.
2864 3398 3230 3471 Posteaquam
3253 3401 3421 3472 igitur
3452 3402 3523 3458 de
3543 3397 3764 3471 utroque

2192 3506 2362 3557 anno,
2395 3500 2506 3546 tam
2537 3508 2649 3563 quo
2667 3502 2830 3550 natus
2845 3508 3010 3564 quam
3034 3509 3145 3564 quo
3160 3510 3358 3566 passus
3381 3505 3467 3552 est
3486 3495 3760 3558 Dominus,

2192 3583 2602 3639 accuratissime
2615 3585 3035 3654 disputavimus,
3058 3597 3487 3643 consentaneum
3506 3598 3611 3652 est,
3631 3598 3685 3642 ut
3698 3588 3760 3643 de

2190 3674 2546 3743 Paschatum,
2592 3691 2716 3747 quae
2754 3686 2880 3748 post
2920 3678 3250 3748 baptismum
3297 3677 3558 3734 Christus
3599 3677 3758 3740 obiit,

2192 3785 2426 3825 numero
2504 3769 2879 3829 difﬁcillimam
2964 3770 3322 3841 quaestionem
3409 3770 3756 3840 explicemus.

2190 3860 2367 3929 Quam
2407 3877 2511 3918 nos
2537 3862 2684 3919 hunc
2704 3863 2884 3934 ipsum
2913 3862 2967 3917 in
2993 3864 3173 3919 locum
3204 3864 3398 3919 merito
3425 3863 3760 3925 distulimus,

2189 3952 2339 4025 quod
2390 3969 2516 4009 cum
2564 3954 2834 4024 superiori
2879 3956 2947 4011 de
2982 3953 3243 4011 Passione
3288 3953 3495 4011 Christi
3522 3955 3761 4025 disputa-

2187 4046 2340 4102 tione
2363 4061 2611 4102 connexa
2642 4057 2807 4119 atque
2830 4046 3107 4117 implicata
3132 4047 3424 4105 videretur.

2187 4181 2329 4248 Quot
2391 4181 2678 4237 secundum
2772 4181 3090 4307 baptisma?
3158 4181 3426 4239 Paschata
3522 4182 3758 4239 Christus

2870 4268 2901 4306 ο
2937 4269 3033 4307 teri
3060 4292 3076 4307 .

2870 4268 3076 4308 00181⁸11.

2258 4405 2414 4462 Mitto
2441 4415 2651 4464 veteres
2678 4405 2823 4473 illos,
2858 4421 2964 4463 non
2992 4376 3291 4462 haereticos
3318 4405 3523 4474 solum,
3551 4414 3613 4461 ut
3656 4402 3756 4458 Va-

497 4499 736 4568 videtur,
777 4516 846 4556 ex
879 4501 1042 4570 hujus
1079 4501 1212 4574 cycli
1260 4502 1527 4572 pravitate
1558 4499 1726 4557 biduo
1766 4498 2078 4557 Judaeorum
2112 4512 2159 4570 ι)
2186 4497 2539 4565 lentinianos,
2571 4498 2664 4554 sed
2699 4499 2864 4554 etiam
2911 4498 3122 4565 Patres,
3152 4499 3243 4570 qui
3274 4514 3420 4554 anno
3449 4500 3628 4555 .ntatis
3658 4512 3758 4553 xxx

497 4590 712 4648 Pascha
745 4591 1049 4664 legitimum
1083 4601 1301 4664 tempus
1343 4593 1708 4650 antecessisse
1736 4611 1751 4649 :
1794 4594 1955 4664 quasi
1989 4594 2077 4649 bi-

498 4678 595 4739 dui
620 4691 829 4738 tantum
875 4684 1184 4755 προήγησις
1214 4700 1245 4739 a
1272 4698 1402 4741 vera
1443 4699 1535 4739 xtv
1574 4685 1718 4740 facta
1752 4686 1852 4754 sit;
1887 4684 2083 4740 Phari-

498 4791 641 4832 saeos
664 4792 795 4832 vero
831 4779 939 4833 diei
970 4779 1138 4835 unius
1170 4778 1473 4855 ὑπερϐάσει
1507 4780 1826 4843 constituta,
1853 4794 1963 4834 uno
1996 4779 2086 4835 die

498 4866 768 4922 duntaxat
818 4869 1190 4939 anticipasse;
1239 4885 1365 4926 cum
1407 4869 1574 4925 biduo
1625 4869 1800 4925 solido
1830 4868 2084 4925 Christus

498 4955 778 5013 Nicasnam
821 4976 909 5015 xiv
950 4962 1333 5028 anteverterit;
1373 4976 1501 5016 nam
1550 4961 1741 5018 eodem
1784 4977 1953 5019 sensu
1978 4962 2085 5018 hoc

496 5052 621 5107 loco
651 5050 793 5106 dixit
822 5050 1042 5110 Iudaeos
1092 5054 1387 5127 προλαϐεῖν
1428 5055 1644 5126 ἡμέρας
1668 5054 1781 5120 δύο,
1832 5070 1943 5126 quo
1981 5070 2081 5111 su—

496 5144 716 5217 periore
745 5159 995 5211 numero,
1024 5145 1229 5216 ἔφαγον
1269 5148 1331 5201 τὸ
1370 5147 1564 5218 Πάσχα
1594 5148 1703 5220 πρὸ
1734 5148 1829 5202 δύο
1856 5148 2083 5221 ἡμερῶν

492 5236 590 5292 τοῦ
638 5237 854 5306 φαγεῖν.
893 5236 966 5291 At
1016 5236 1131 5293 illic
1167 5239 1320 5294 bidui
1367 5240 1688 5310 anticipatio
1733 5256 2080 5311 nequaquam

492 5331 564 5387 ad
613 5329 890 5385 Niczenam
943 5345 1058 5400 xlv,
1117 5329 1214 5385 sed
1261 5331 1328 5386 ad
1368 5329 1653 5386 Iudaicam
1715 5332 2083 5403 vitiosamque

492 5432 866 5493 comparatur,
898 5438 1023 5492 quae
1046 5436 1174 5477 cum
1222 5423 1279 5477 in
1311 5421 1501 5478 feriam
1549 5440 1581 5478 v
1608 5422 1785 5480 Martii
1818 5440 1910 5480 xtx
1944 5425 2083 5481 inci-

493 5513 667 5581 deret,
694 5513 952 5569 Christus
979 5528 1104 5568 cum
1140 5511 1456 5568 Iudaeorum
1486 5515 1651 5585 vulgo
1669 5514 1806 5570 feria
1828 5532 1908 5581 ιιι,
1936 5514 2081 5570 Mar-

493 5600 557 5655 tii
593 5617 704 5657 xvn
747 5601 960 5659 Pascha
1005 5602 1321 5660 celebravit.
1367 5603 1553 5672 Quare
1596 5620 1775 5676 neque
1815 5606 1917 5662 hoc
1960 5608 2080 5663 loco

492 5690 591 5747 δύο
614 5694 827 5763 Ιἡμέρας
854 5692 1160 5767 προῦλαϐεν
1202 5695 1481 5753 Niczenam
1528 5713 1642 5759 XIV,
1691 5698 1784 5753 sed
1820 5714 1883 5753 ex
1925 5700 2080 5771 cyclo

496 5785 777 5838 communi
805 5784 1110 5843 Iudaicam.
1149 5787 1445 5860 Propterea
1476 5790 1555 5847 sic
1600 5788 1890 5860 I'Zpiphanii
1923 5806 2083 5850 mens

2186 4603 2412 4661 passum
2460 4587 2763 4655 Dominum
2800 4590 3077 4645 memoriae
3128 4589 3485 4660 prodiderunt
3517 4607 3531 4644 :
3562 4589 3759 4659 quique

2184 4695 2355 4734 unum
2406 4680 2455 4735 ei
2490 4680 2759 4735 duntaxat
2809 4680 3214 4751 praedicationis
3265 4694 3471 4734 annum
3518 4680 3759 4749 assigna—

2184 4781 2334 4835 runt,
2367 4781 2427 4828 ιιι
2466 4773 2606 4828 inter
2648 4774 2787 4830 alios
2833 4771 3043 4829 Tertul.
3076 4773 3169 4829 lib.
3204 4764 3345 4828 εοιίι.
3369 4771 3504 4829 Iud.
3551 4787 3672 4842 cap.
3703 4771 3753 4825 8.

2184 4866 2315 4922 Item
2342 4864 2661 4924 Lactantius
2699 4866 2794 4923 lib.
2830 4883 2904 4937 tv,
2944 4883 3066 4938 cap.
3099 4867 3197 4935 I0;
3227 4865 3397 4922 Clem.
3429 4868 3585 4922 Alex.
3618 4866 3711 4920 lib.
3740 4880 3755 4917 ι

2184 4969 2317 5017 ειννι
2341 4957 2566 5028 Strom.;
2598 4960 2891 5017 Africanus
2907 4962 3053 5033 apud
3086 4959 3233 5016 Hier.
3262 4961 3318 5015 in
3352 4960 3490 5017 Dan.
3525 4976 3648 5031 cap.
3682 4975 3753 5013 Ix.

2255 5051 2378 5121 His,
2421 5052 2669 5122 inquam,
2704 5052 3114 5122 praetermissis,
3159 5066 3397 5122 quorum
3426 5052 3609 5122 Opinio
3643 5067 3755 5103 ma-

2183 5142 2382 5200 nifeste
2433 5160 2557 5199 cum
2590 5142 2821 5199 Joannis
2870 5158 2935 5198 ac
2969 5152 3289 5199 caeterorum
3338 5140 3633 5214 Evangelio
3663 5156 3755 5210 pu-

2183 5246 2333 5306 gnat,
2366 5238 2479 5290 tres
2525 5243 2656 5291 sunt
2702 5234 2987 5304 praacipuaa
3030 5233 3099 5289 de
3146 5231 3479 5288 Paschatum
3528 5242 3754 5285 numero

2183 5330 2467 5387 sententiae
2499 5347 2511 5383 :
2561 5343 2687 5384 nam
2734 5328 2816 5383 vel
2844 5328 2971 5396 tria,
3001 5327 3086 5382 vel
3116 5334 3374 5398 quatuor,
3406 5328 3491 5382 vel
3519 5324 3756 5397 quinqu:

2183 5427 2531 5485 statuuntur;
2570 5433 2806 5489 quorum
2841 5428 3177 5488 postremum
3222 5416 3357 5471 illud
3391 5425 3492 5483 est,
3522 5415 3578 5470 in
3608 5429 3715 5485 quo
3737 5452 3750 5476 ,

2181 5511 2267 5565 vel
2291 5510 2394 5565 sub
2427 5510 2572 5580 quod
2603 5509 2855 5565 Christus
2889 5510 2943 5565 in
2990 5524 3155 5565 cruce
3201 5496 3426 5565 suﬂix‘us
3453 5516 3532 5564 est
3567 5526 3583 5576 ;
3613 5502 3747 5578 quod

2182 5604 2410 5675 proinde
2439 5603 2821 5676 σταυρώσιμον
2847 5604 3066 5660 dicitur.
3098 5603 3178 5659 Ex
3208 5604 3275 5660 iis
3308 5604 3538 5661 secunda
3567 5601 3748 5658 media:

2182 5699 2501 5763 vetustatis,
2564 5699 2719 5754 tertia
2766 5698 2944 5753 intimi
3000 5699 3235 5755 saeculi:
3291 5698 3467 5769 prima
3512 5706 3745 5752 veterum

2183 5794 2577 5865 propemodum
2635 5795 2883 5851 omnium
2916 5805 3019 5853 est.
3072 5794 3141 5853 Ut
3185 5794 3348 5869 igitur
3390 5799 3542 5869 plura
3581 5792 3747 5851 tribus
