  <div class='ocr_page' id='page_1' title='image "/cluster/home/n/w/nwhite01/storage/ocr_20150623/42:no.2/coo.31924054869403/510.png"; bbox 0 0 4064 6408; ppageno 0'>
   <div class='ocr_carea' id='block_1_1' title="bbox 300 435 439 496">
    <p class='ocr_par' dir='ltr' id='par_1_1' title="bbox 300 435 439 496">
     <span class='ocr_line' id='line_1_1' title="bbox 300 435 439 496; baseline 0.014 -1"><span class='ocrx_word' id='word_1_1' title='bbox 300 435 439 496; x_wconf 69' lang='lat'><strong>£009</strong></span> 
     </span>
    </p>
   </div>
   <div class='ocr_carea' id='block_1_2' title="bbox 1220 422 2618 498">
    <p class='ocr_par' dir='ltr' id='par_1_2' title="bbox 1220 422 2618 498">
     <span class='ocr_line' id='line_1_2' title="bbox 1220 422 2618 498; baseline 0.004 -8"><span class='ocrx_word' id='word_1_2' title='bbox 1220 434 1308 491; x_wconf 88' lang='lat' dir='ltr'><strong>DE</strong></span> <span class='ocrx_word' id='word_1_3' title='bbox 1345 434 1534 493; x_wconf 80' lang='lat' dir='ltr'><strong>ANNO</strong></span> <span class='ocrx_word' id='word_1_4' title='bbox 1566 434 1656 491; x_wconf 88' lang='lat' dir='ltr'><strong>ET</strong></span> <span class='ocrx_word' id='word_1_5' title='bbox 1696 435 1808 492; x_wconf 78' lang='lat' dir='ltr'><strong>om</strong></span> <span class='ocrx_word' id='word_1_6' title='bbox 1848 435 2199 495; x_wconf 64' lang='lat' dir='ltr'><strong>multum</strong></span> <span class='ocrx_word' id='word_1_7' title='bbox 2235 422 2618 498; x_wconf 59' lang='lat' dir='ltr'><strong>rassror‘us.</strong></span> 
     </span>
    </p>
   </div>
   <div class='ocr_carea' id='block_1_3' title="bbox 3421 448 3559 505">
    <p class='ocr_par' dir='ltr' id='par_1_3' title="bbox 3421 448 3559 505">
     <span class='ocr_line' id='line_1_3' title="bbox 3421 448 3559 505; baseline 0.022 -3"><span class='ocrx_word' id='word_1_8' title='bbox 3421 448 3559 505; x_wconf 72' lang='lat' dir='ltr'><strong>lOl‘J</strong></span> 
     </span>
    </p>
   </div>
   <div class='ocr_carea' id='block_1_4' title="bbox 298 553 3562 630">
    <p class='ocr_par' dir='ltr' id='par_1_4' title="bbox 298 553 3562 630">
     <span class='ocr_line' id='line_1_4' title="bbox 298 553 3562 630; baseline 0.001 -16"><span class='ocrx_word' id='word_1_9' title='bbox 298 557 566 616; x_wconf 85' lang='lat' dir='ltr'><strong>Paschata</strong></span> <span class='ocrx_word' id='word_1_10' title='bbox 589 561 718 627; x_wconf 87' lang='lat' dir='ltr'><strong>post</strong></span> <span class='ocrx_word' id='word_1_11' title='bbox 741 553 1075 625; x_wconf 72' lang='lat' dir='ltr'><strong>baptismum</strong></span> <span class='ocrx_word' id='word_1_12' title='bbox 1116 554 1304 625; x_wconf 89' lang='lat' dir='ltr'><strong>elapsa</strong></span> <span class='ocrx_word' id='word_1_13' title='bbox 1346 557 1662 623; x_wconf 83' lang='lat' dir='ltr'><strong>credantur,</strong></span> <span class='ocrx_word' id='word_1_14' title='bbox 1695 556 1875 612; x_wconf 80' lang='lat' dir='ltr'><strong>Evan-</strong></span> <span class='ocrx_word' id='word_1_15' title='bbox 1904 559 1953 617; x_wconf 76' lang='grc' dir='ltr'>Α</span> <span class='ocrx_word' id='word_1_16' title='bbox 1980 558 2307 627; x_wconf 67' lang='grc' dir='ltr'><strong>ρταξάίρειίι.</strong></span> <span class='ocrx_word' id='word_1_17' title='bbox 2344 560 2420 613; x_wconf 85' lang='lat' dir='ltr'><strong>Ex</strong></span> <span class='ocrx_word' id='word_1_18' title='bbox 2454 576 2565 630; x_wconf 91' lang='lat' dir='ltr'><strong>quo</strong></span> <span class='ocrx_word' id='word_1_19' title='bbox 2606 558 2917 615; x_wconf 89' lang='lat' dir='ltr'><strong>ratiocinati</strong></span> <span class='ocrx_word' id='word_1_20' title='bbox 2956 566 3085 615; x_wconf 89' lang='lat' dir='ltr'><strong>sunt</strong></span> <span class='ocrx_word' id='word_1_21' title='bbox 3131 559 3362 616; x_wconf 88' lang='lat' dir='ltr'><strong>alterum</strong></span> <span class='ocrx_word' id='word_1_22' title='bbox 3390 563 3439 617; x_wconf 91' lang='lat' dir='ltr'><strong>ei</strong></span> <span class='ocrx_word' id='word_1_23' title='bbox 3472 579 3562 619; x_wconf 85' lang='lat' dir='ltr'><strong>re-</strong></span> 
     </span>
    </p>
   </div>
   <div class='ocr_carea' id='block_1_5' title="bbox 297 648 1867 722">
    <p class='ocr_par' dir='ltr' id='par_1_5' title="bbox 297 648 1867 722">
     <span class='ocr_line' id='line_1_5' title="bbox 297 648 1867 722; baseline -0.001 -15"><span class='ocrx_word' id='word_1_24' title='bbox 297 650 559 719; x_wconf 65' lang='lat' dir='ltr'><strong>geliorum</strong></span> <span class='ocrx_word' id='word_1_25' title='bbox 593 648 910 704; x_wconf 86' lang='lat' dir='ltr'><strong>testimonio</strong></span> <span class='ocrx_word' id='word_1_26' title='bbox 961 657 1139 703; x_wconf 83' lang='lat' dir='ltr'><strong>ratum</strong></span> <span class='ocrx_word' id='word_1_27' title='bbox 1196 649 1313 705; x_wconf 81' lang='lat' dir='ltr'><strong>ﬁeri</strong></span> <span class='ocrx_word' id='word_1_28' title='bbox 1364 651 1599 718; x_wconf 89' lang='lat' dir='ltr'><strong>videtur,</strong></span> <span class='ocrx_word' id='word_1_29' title='bbox 1652 651 1707 706; x_wconf 91' lang='lat' dir='ltr'><strong>in</strong></span> <span class='ocrx_word' id='word_1_30' title='bbox 1754 652 1867 722; x_wconf 90' lang='lat' dir='ltr'><strong>pri-</strong></span> 
     </span>
    </p>
   </div>
   <div class='ocr_carea' id='block_1_6' title="bbox 298 739 1869 813">
    <p class='ocr_par' dir='ltr' id='par_1_6' title="bbox 298 739 1869 813">
     <span class='ocr_line' id='line_1_6' title="bbox 298 739 1869 813; baseline -0.001 -12"><span class='ocrx_word' id='word_1_31' title='bbox 298 744 509 813; x_wconf 85' lang='lat' dir='ltr'><strong>misque</strong></span> <span class='ocrx_word' id='word_1_32' title='bbox 548 739 797 807; x_wconf 84' lang='lat' dir='ltr'><strong>Joannis,</strong></span> <span class='ocrx_word' id='word_1_33' title='bbox 856 742 953 812; x_wconf 88' lang='lat' dir='ltr'><strong>qui</strong></span> <span class='ocrx_word' id='word_1_34' title='bbox 998 740 1313 798; x_wconf 76' lang='lat' dir='ltr'><strong>distinctius</strong></span> <span class='ocrx_word' id='word_1_35' title='bbox 1352 757 1418 798; x_wconf 93' lang='lat' dir='ltr'><strong>ea</strong></span> <span class='ocrx_word' id='word_1_36' title='bbox 1451 742 1660 798; x_wconf 62' lang='lat' dir='ltr'><strong>caeteris</strong></span> <span class='ocrx_word' id='word_1_37' title='bbox 1694 743 1869 800; x_wconf 89' lang='lat' dir='ltr'><strong>tribus</strong></span> 
     </span>
    </p>
   </div>
   <div class='ocr_carea' id='block_1_7' title="bbox 298 834 1868 906">
    <p class='ocr_par' dir='ltr' id='par_1_7' title="bbox 298 834 1868 906">
     <span class='ocr_line' id='line_1_7' title="bbox 298 834 1868 906; baseline 0.001 -17"><span class='ocrx_word' id='word_1_38' title='bbox 298 835 734 905; x_wconf 90' lang='lat' dir='ltr'><strong>nominatimque</strong></span> <span class='ocrx_word' id='word_1_39' title='bbox 793 834 1132 905; x_wconf 75' lang='lat' dir='ltr'><strong>perscripsit.</strong></span> <span class='ocrx_word' id='word_1_40' title='bbox 1207 834 1365 905; x_wconf 78' lang='lat' dir='ltr'><strong>Apud</strong></span> <span class='ocrx_word' id='word_1_41' title='bbox 1417 850 1580 906; x_wconf 87' lang='lat' dir='ltr'><strong>quem</strong></span> <span class='ocrx_word' id='word_1_42' title='bbox 1631 835 1868 906; x_wconf 90' lang='lat' dir='ltr'><strong>primum</strong></span> 
     </span>
    </p>
   </div>
   <div class='ocr_carea' id='block_1_8' title="bbox 294 923 1868 994">
    <p class='ocr_par' dir='ltr' id='par_1_8' title="bbox 294 923 1868 994">
     <span class='ocr_line' id='line_1_8' title="bbox 294 923 1868 994; baseline 0.001 -16"><span class='ocrx_word' id='word_1_43' title='bbox 294 923 505 980; x_wconf 83' lang='lat' dir='ltr'><strong>Pascha</strong></span> <span class='ocrx_word' id='word_1_44' title='bbox 555 924 719 994; x_wconf 89' lang='lat' dir='ltr'><strong>paulo</strong></span> <span class='ocrx_word' id='word_1_45' title='bbox 771 933 893 993; x_wconf 89' lang='lat' dir='ltr'><strong>post</strong></span> <span class='ocrx_word' id='word_1_46' title='bbox 935 923 1265 993; x_wconf 78' lang='lat' dir='ltr'><strong>baptismum</strong></span> <span class='ocrx_word' id='word_1_47' title='bbox 1318 932 1374 979; x_wconf 92' lang='lat' dir='ltr'><strong>et</strong></span> <span class='ocrx_word' id='word_1_48' title='bbox 1424 925 1747 980; x_wconf 87' lang='lat' dir='ltr'><strong>miraculum</strong></span> <span class='ocrx_word' id='word_1_49' title='bbox 1812 924 1868 979; x_wconf 92' lang='lat' dir='ltr'><strong>in</strong></span> 
     </span>
    </p>
   </div>
   <div class='ocr_carea' id='block_1_9' title="bbox 295 1013 1869 1084">
    <p class='ocr_par' dir='ltr' id='par_1_9' title="bbox 295 1013 1869 1084">
     <span class='ocr_line' id='line_1_9' title="bbox 295 1013 1869 1084; baseline -0.001 -14"><span class='ocrx_word' id='word_1_50' title='bbox 295 1015 440 1071; x_wconf 88' lang='lat' dir='ltr'><strong>Cana</strong></span> <span class='ocrx_word' id='word_1_51' title='bbox 477 1013 681 1070; x_wconf 79' lang='lat' dir='ltr'><strong>factum</strong></span> <span class='ocrx_word' id='word_1_52' title='bbox 725 1030 846 1084; x_wconf 87' lang='lat' dir='ltr'><strong>cap.</strong></span> <span class='ocrx_word' id='word_1_53' title='bbox 879 1031 940 1081; x_wconf 93' lang='grc' dir='ltr'><strong>ιι,</strong></span> <span class='ocrx_word' id='word_1_54' title='bbox 986 1030 1127 1070; x_wconf 89' lang='lat' dir='ltr'><strong>com.</strong></span> <span class='ocrx_word' id='word_1_55' title='bbox 1163 1016 1230 1070; x_wconf 79' lang='grc'><strong>15</strong></span> <span class='ocrx_word' id='word_1_56' title='bbox 1277 1027 1623 1083; x_wconf 88' lang='lat' dir='ltr'><strong>recensetur;</strong></span> <span class='ocrx_word' id='word_1_57' title='bbox 1672 1031 1869 1072; x_wconf 91' lang='lat' dir='ltr'><strong>secun-</strong></span> 
     </span>
    </p>
   </div>
   <div class='ocr_carea' id='block_1_10' title="bbox 292 1105 1867 1177">
    <p class='ocr_par' dir='ltr' id='par_1_10' title="bbox 292 1105 1867 1177">
     <span class='ocr_line' id='line_1_10' title="bbox 292 1105 1867 1177; baseline 0.001 -14"><span class='ocrx_word' id='word_1_58' title='bbox 292 1108 422 1163; x_wconf 90' lang='lat' dir='ltr'><strong>dum</strong></span> <span class='ocrx_word' id='word_1_59' title='bbox 456 1122 577 1177; x_wconf 89' lang='lat' dir='ltr'><strong>cap.</strong></span> <span class='ocrx_word' id='word_1_60' title='bbox 633 1123 688 1174; x_wconf 90' lang='lat' dir='ltr'><strong>v,</strong></span> <span class='ocrx_word' id='word_1_61' title='bbox 737 1122 881 1161; x_wconf 90' lang='lat' dir='ltr'><strong>com.</strong></span> <span class='ocrx_word' id='word_1_62' title='bbox 930 1107 983 1173; x_wconf 79' lang='lat' dir='ltr'><strong>l,</strong></span> <span class='ocrx_word' id='word_1_63' title='bbox 1019 1107 1113 1161; x_wconf 92' lang='lat' dir='ltr'><strong>ubi</strong></span> <span class='ocrx_word' id='word_1_64' title='bbox 1160 1105 1359 1163; x_wconf 78' lang='lat' dir='ltr'><strong>festum</strong></span> <span class='ocrx_word' id='word_1_65' title='bbox 1396 1109 1541 1162; x_wconf 92' lang='lat' dir='ltr'><strong>diem</strong></span> <span class='ocrx_word' id='word_1_66' title='bbox 1586 1123 1616 1162; x_wconf 86' lang='lat' dir='ltr'><strong>a</strong></span> <span class='ocrx_word' id='word_1_67' title='bbox 1663 1106 1867 1164; x_wconf 74' lang='lat' dir='ltr'><strong>Iudaeis</strong></span> 
     </span>
    </p>
   </div>
   <div class='ocr_carea' id='block_1_11' title="bbox 293 1196 1873 1268">
    <p class='ocr_par' dir='ltr' id='par_1_11' title="bbox 293 1196 1873 1268">
     <span class='ocr_line' id='line_1_11' title="bbox 293 1196 1873 1268; baseline -0.001 -14"><span class='ocrx_word' id='word_1_68' title='bbox 293 1199 624 1255; x_wconf 88' lang='lat' dir='ltr'><strong>celebratum</strong></span> <span class='ocrx_word' id='word_1_69' title='bbox 668 1197 743 1252; x_wconf 90' lang='lat' dir='ltr'><strong>ait</strong></span> <span class='ocrx_word' id='word_1_70' title='bbox 778 1214 791 1251; x_wconf 92' lang='lat'><strong>:</strong></span> <span class='ocrx_word' id='word_1_71' title='bbox 825 1196 970 1267; x_wconf 90' lang='lat' dir='ltr'><strong>quod</strong></span> <span class='ocrx_word' id='word_1_72' title='bbox 1005 1196 1073 1253; x_wconf 93' lang='lat' dir='ltr'><strong>de</strong></span> <span class='ocrx_word' id='word_1_73' title='bbox 1106 1197 1373 1253; x_wconf 88' lang='lat' dir='ltr'><strong>Paschate</strong></span> <span class='ocrx_word' id='word_1_74' title='bbox 1397 1197 1634 1254; x_wconf 64' lang='lat' dir='ltr'><strong>[renatus</strong></span> <span class='ocrx_word' id='word_1_75' title='bbox 1669 1198 1873 1268; x_wconf 88' lang='lat' dir='ltr'><strong>accipit-</strong></span> 
     </span>
    </p>
   </div>
   <div class='ocr_carea' id='block_1_12' title="bbox 292 1289 1867 1362">
    <p class='ocr_par' dir='ltr' id='par_1_12' title="bbox 292 1289 1867 1362">
     <span class='ocr_line' id='line_1_12' title="bbox 292 1289 1867 1362; baseline -0.003 -13"><span class='ocrx_word' id='word_1_76' title='bbox 292 1294 386 1349; x_wconf 91' lang='lat' dir='ltr'><strong>lib.</strong></span> <span class='ocrx_word' id='word_1_77' title='bbox 422 1309 485 1358; x_wconf 89' lang='grc' dir='ltr'><strong>ιι,</strong></span> <span class='ocrx_word' id='word_1_78' title='bbox 526 1306 650 1362; x_wconf 92' lang='lat' dir='ltr'><strong>cap.</strong></span> <span class='ocrx_word' id='word_1_79' title='bbox 693 1291 797 1356; x_wconf 77' lang='lat'><strong>39;</strong></span> <span class='ocrx_word' id='word_1_80' title='bbox 852 1289 1073 1344; x_wconf 89' lang='lat' dir='ltr'><strong>tertium</strong></span> <span class='ocrx_word' id='word_1_81' title='bbox 1124 1297 1209 1344; x_wconf 87' lang='lat' dir='ltr'><strong>est</strong></span> <span class='ocrx_word' id='word_1_82' title='bbox 1239 1304 1360 1360; x_wconf 89' lang='lat' dir='ltr'><strong>cap.</strong></span> <span class='ocrx_word' id='word_1_83' title='bbox 1392 1305 1446 1356; x_wconf 76' lang='grc' dir='ltr'>ν,</span> <span class='ocrx_word' id='word_1_84' title='bbox 1484 1304 1626 1345; x_wconf 89' lang='lat' dir='ltr'><strong>com.</strong></span> <span class='ocrx_word' id='word_1_85' title='bbox 1660 1290 1695 1343; x_wconf 72' lang='grc'><strong>4</strong></span> <span class='ocrx_word' id='word_1_86' title='bbox 1743 1299 1867 1361; x_wconf 90' lang='lat' dir='ltr'><strong>post</strong></span> 
     </span>
    </p>
   </div>
   <div class='ocr_carea' id='block_1_13' title="bbox 291 1379 1864 1452">
    <p class='ocr_par' dir='ltr' id='par_1_13' title="bbox 291 1379 1864 1452">
     <span class='ocr_line' id='line_1_13' title="bbox 291 1379 1864 1452; baseline -0.003 -13"><span class='ocrx_word' id='word_1_87' title='bbox 291 1391 535 1439; x_wconf 75' lang='lat' dir='ltr'><strong>saturata</strong></span> <span class='ocrx_word' id='word_1_88' title='bbox 562 1382 805 1452; x_wconf 86' lang='lat' dir='ltr'><strong>quinque</strong></span> <span class='ocrx_word' id='word_1_89' title='bbox 837 1379 1007 1434; x_wconf 85' lang='lat' dir='ltr'><strong>millia</strong></span> <span class='ocrx_word' id='word_1_90' title='bbox 1039 1379 1275 1450; x_wconf 91' lang='lat' dir='ltr'><strong>panibus</strong></span> <span class='ocrx_word' id='word_1_91' title='bbox 1329 1380 1571 1451; x_wconf 89' lang='lat' dir='ltr'><strong>quinque</strong></span> <span class='ocrx_word' id='word_1_92' title='bbox 1630 1396 1695 1435; x_wconf 91' lang='lat' dir='ltr'><strong>ac</strong></span> <span class='ocrx_word' id='word_1_93' title='bbox 1723 1381 1864 1436; x_wconf 88' lang='lat' dir='ltr'><strong>duo-</strong></span> 
     </span>
    </p>
   </div>
   <div class='ocr_carea' id='block_1_14' title="bbox 182 1465 1863 1561">
    <p class='ocr_par' dir='ltr' id='par_1_14' title="bbox 182 1465 1863 1561">
     <span class='ocr_line' id='line_1_14' title="bbox 182 1465 1863 1561; baseline -0.004 -29"><span class='ocrx_word' id='word_1_94' title='bbox 182 1465 189 1469; x_wconf 62' lang='grc'><em>’</em></span> <span class='ocrx_word' id='word_1_95' title='bbox 290 1479 393 1532; x_wconf 89' lang='lat' dir='ltr'><strong>hns</strong></span> <span class='ocrx_word' id='word_1_96' title='bbox 417 1475 697 1561; x_wconf 79' lang='lat' dir='ltr'><strong>piscibus;</strong></span> <span class='ocrx_word' id='word_1_97' title='bbox 727 1480 984 1544; x_wconf 89' lang='lat' dir='ltr'><strong>quartum</strong></span> <span class='ocrx_word' id='word_1_98' title='bbox 1008 1478 1093 1526; x_wconf 89' lang='lat' dir='ltr'><strong>est</strong></span> <span class='ocrx_word' id='word_1_99' title='bbox 1121 1471 1277 1539; x_wconf 93' lang='lat' dir='ltr'><strong>illud,</strong></span> <span class='ocrx_word' id='word_1_100' title='bbox 1308 1473 1363 1527; x_wconf 90' lang='lat' dir='ltr'><strong>in</strong></span> <span class='ocrx_word' id='word_1_101' title='bbox 1404 1489 1513 1544; x_wconf 91' lang='lat' dir='ltr'><strong>quo</strong></span> <span class='ocrx_word' id='word_1_102' title='bbox 1538 1488 1735 1544; x_wconf 90' lang='lat' dir='ltr'><strong>passus</strong></span> <span class='ocrx_word' id='word_1_103' title='bbox 1759 1483 1863 1528; x_wconf 87' lang='lat' dir='ltr'><strong>est.</strong></span> 
     </span>
    </p>
   </div>
   <div class='ocr_carea' id='block_1_15' title="bbox 289 1565 1862 1636">
    <p class='ocr_par' dir='ltr' id='par_1_15' title="bbox 289 1565 1862 1636">
     <span class='ocr_line' id='line_1_15' title="bbox 289 1565 1862 1636; baseline -0.002 -13"><span class='ocrx_word' id='word_1_104' title='bbox 289 1569 370 1624; x_wconf 84' lang='lat' dir='ltr'><strong>Ad</strong></span> <span class='ocrx_word' id='word_1_105' title='bbox 402 1571 542 1623; x_wconf 89' lang='lat' dir='ltr'><strong>hanc</strong></span> <span class='ocrx_word' id='word_1_106' title='bbox 568 1565 800 1622; x_wconf 82' lang='lat' dir='ltr'><strong>Joannis</strong></span> <span class='ocrx_word' id='word_1_107' title='bbox 823 1565 1135 1632; x_wconf 90' lang='lat' dir='ltr'><strong>historiam,</strong></span> <span class='ocrx_word' id='word_1_108' title='bbox 1170 1573 1225 1620; x_wconf 91' lang='lat' dir='ltr'><strong>et</strong></span> <span class='ocrx_word' id='word_1_109' title='bbox 1246 1565 1527 1621; x_wconf 89' lang='lat' dir='ltr'><strong>intervalla</strong></span> <span class='ocrx_word' id='word_1_110' title='bbox 1561 1573 1862 1636; x_wconf 84' lang='lat' dir='ltr'><strong>temporum</strong></span> 
     </span>
    </p>
   </div>
   <div class='ocr_carea' id='block_1_16' title="bbox 288 1642 1864 1729">
    <p class='ocr_par' dir='ltr' id='par_1_16' title="bbox 288 1642 1864 1729">
     <span class='ocr_line' id='line_1_16' title="bbox 288 1642 1864 1729; baseline -0.001 -15"><span class='ocrx_word' id='word_1_111' title='bbox 288 1659 624 1729; x_wconf 85' lang='lat' dir='ltr'><strong>reliquorum</strong></span> <span class='ocrx_word' id='word_1_112' title='bbox 701 1657 1078 1723; x_wconf 77' lang='lat' dir='ltr'><strong>narrationes,</strong></span> <span class='ocrx_word' id='word_1_113' title='bbox 1135 1671 1258 1727; x_wconf 62' lang='lat' dir='ltr'><strong>quae</strong></span> <span class='ocrx_word' id='word_1_114' title='bbox 1313 1642 1496 1711; x_wconf 81' lang='lat' dir='ltr'><strong>minus</strong></span> <span class='ocrx_word' id='word_1_115' title='bbox 1548 1657 1864 1712; x_wconf 85' lang='lat' dir='ltr'><strong>distinctam</strong></span> 
     </span>
    </p>
   </div>
   <div class='ocr_carea' id='block_1_17' title="bbox 290 1749 1864 1820">
    <p class='ocr_par' dir='ltr' id='par_1_17' title="bbox 290 1749 1864 1820">
     <span class='ocr_line' id='line_1_17' title="bbox 290 1749 1864 1820; baseline -0.002 -15"><span class='ocrx_word' id='word_1_116' title='bbox 290 1752 492 1807; x_wconf 80' lang='lat' dir='ltr'><strong>habent</strong></span> <span class='ocrx_word' id='word_1_117' title='bbox 520 1750 948 1819; x_wconf 81' lang='lat' dir='ltr'><strong>descriptionem</strong></span> <span class='ocrx_word' id='word_1_118' title='bbox 981 1757 1314 1820; x_wconf 87' lang='lat' dir='ltr'><strong>temporum,</strong></span> <span class='ocrx_word' id='word_1_119' title='bbox 1345 1750 1492 1805; x_wconf 90' lang='lat' dir='ltr'><strong>velut</strong></span> <span class='ocrx_word' id='word_1_120' title='bbox 1522 1749 1589 1805; x_wconf 90' lang='lat' dir='ltr'><strong>ad</strong></span> <span class='ocrx_word' id='word_1_121' title='bbox 1618 1750 1864 1820; x_wconf 88' lang='lat' dir='ltr'><strong>regulam</strong></span> 
     </span>
    </p>
   </div>
   <div class='ocr_carea' id='block_1_18' title="bbox 286 1838 1863 1911">
    <p class='ocr_par' dir='ltr' id='par_1_18' title="bbox 286 1838 1863 1911">
     <span class='ocr_line' id='line_1_18' title="bbox 286 1838 1863 1911; baseline -0.003 -12"><span class='ocrx_word' id='word_1_122' title='bbox 286 1841 711 1900; x_wconf 83' lang='lat' dir='ltr'><strong>accommodare</strong></span> <span class='ocrx_word' id='word_1_123' title='bbox 742 1844 991 1897; x_wconf 91' lang='lat' dir='ltr'><strong>nituntur</strong></span> <span class='ocrx_word' id='word_1_124' title='bbox 1023 1856 1188 1896; x_wconf 86' lang='lat' dir='ltr'><strong>:nam</strong></span> <span class='ocrx_word' id='word_1_125' title='bbox 1226 1843 1464 1911; x_wconf 85' lang='lat' dir='ltr'><strong>primum</strong></span> <span class='ocrx_word' id='word_1_126' title='bbox 1506 1840 1725 1911; x_wconf 88' lang='lat' dir='ltr'><strong>quidem</strong></span> <span class='ocrx_word' id='word_1_127' title='bbox 1756 1838 1863 1895; x_wconf 90' lang='lat' dir='ltr'><strong>Pa-</strong></span> 
     </span>
    </p>
   </div>
   <div class='ocr_carea' id='block_1_19' title="bbox 289 1915 1941 2003">
    <p class='ocr_par' dir='ltr' id='par_1_19' title="bbox 289 1915 1941 2003">
     <span class='ocr_line' id='line_1_19' title="bbox 289 1915 1941 2003; baseline -0.004 -11"><span class='ocrx_word' id='word_1_128' title='bbox 289 1937 421 1993; x_wconf 89' lang='lat' dir='ltr'><strong>scha</strong></span> <span class='ocrx_word' id='word_1_129' title='bbox 462 1936 641 1990; x_wconf 85' lang='lat' dir='ltr'><strong>solum</strong></span> <span class='ocrx_word' id='word_1_130' title='bbox 695 1933 967 1995; x_wconf 83' lang='lat' dir='ltr'><strong>Joannem</strong></span> <span class='ocrx_word' id='word_1_131' title='bbox 1000 1947 1464 1988; x_wconf 88' lang='lat' dir='ltr'><strong>commemorasse</strong></span> <span class='ocrx_word' id='word_1_132' title='bbox 1491 1940 1682 2003; x_wconf 87' lang='lat' dir='ltr'><strong>putant</strong></span> <span class='ocrx_word' id='word_1_133' title='bbox 1717 1950 1731 1986; x_wconf 89' lang='lat'><strong>:</strong></span> <span class='ocrx_word' id='word_1_134' title='bbox 1778 1945 1868 1987; x_wconf 82' lang='lat' dir='ltr'><strong>se—</strong></span> <span class='ocrx_word' id='word_1_135' title='bbox 1898 1915 1941 1970; x_wconf 82' lang='grc' dir='ltr'><strong>Β</strong></span> 
     </span>
    </p>
   </div>
   <div class='ocr_carea' id='block_1_20' title="bbox 287 2025 1865 2097">
    <p class='ocr_par' dir='ltr' id='par_1_20' title="bbox 287 2025 1865 2097">
     <span class='ocr_line' id='line_1_20' title="bbox 287 2025 1865 2097; baseline -0.004 -12"><span class='ocrx_word' id='word_1_136' title='bbox 287 2029 530 2085; x_wconf 91' lang='lat' dir='ltr'><strong>cundum</strong></span> <span class='ocrx_word' id='word_1_137' title='bbox 579 2027 725 2097; x_wconf 90' lang='lat' dir='ltr'><strong>quod</strong></span> <span class='ocrx_word' id='word_1_138' title='bbox 768 2025 1008 2082; x_wconf 85' lang='lat' dir='ltr'><strong>Joannes</strong></span> <span class='ocrx_word' id='word_1_139' title='bbox 1050 2026 1230 2082; x_wconf 89' lang='lat' dir='ltr'><strong>adhuc</strong></span> <span class='ocrx_word' id='word_1_140' title='bbox 1282 2025 1590 2095; x_wconf 88' lang='lat' dir='ltr'><strong>baptizasse</strong></span> <span class='ocrx_word' id='word_1_141' title='bbox 1646 2025 1865 2096; x_wconf 82' lang='lat' dir='ltr'><strong>legitur,</strong></span> 
     </span>
    </p>
   </div>
   <div class='ocr_carea' id='block_1_21' title="bbox 286 2115 1869 2186">
    <p class='ocr_par' dir='ltr' id='par_1_21' title="bbox 286 2115 1869 2186">
     <span class='ocr_line' id='line_1_21' title="bbox 286 2115 1869 2186; baseline -0.003 -11"><span class='ocrx_word' id='word_1_142' title='bbox 286 2117 448 2175; x_wconf 90' lang='lat' dir='ltr'><strong>Joan.</strong></span> <span class='ocrx_word' id='word_1_143' title='bbox 511 2132 596 2184; x_wconf 89' lang='grc' dir='ltr'>ιιι,</span> <span class='ocrx_word' id='word_1_144' title='bbox 649 2117 741 2172; x_wconf 73' lang='grc'><strong>25.</strong></span> <span class='ocrx_word' id='word_1_145' title='bbox 771 2118 890 2184; x_wconf 81' lang='lat' dir='ltr'><strong>Quo</strong></span> <span class='ocrx_word' id='word_1_146' title='bbox 918 2117 974 2172; x_wconf 91' lang='lat' dir='ltr'><strong>in</strong></span> <span class='ocrx_word' id='word_1_147' title='bbox 999 2116 1215 2171; x_wconf 88' lang='lat' dir='ltr'><strong>vincula</strong></span> <span class='ocrx_word' id='word_1_148' title='bbox 1267 2115 1517 2185; x_wconf 83' lang='lat' dir='ltr'><strong>conjecto</strong></span> <span class='ocrx_word' id='word_1_149' title='bbox 1572 2115 1869 2186; x_wconf 69' lang='lat' dir='ltr'><strong>praedicare</strong></span> 
     </span>
    </p>
   </div>
   <div class='ocr_carea' id='block_1_22' title="bbox 287 2206 1867 2278">
    <p class='ocr_par' dir='ltr' id='par_1_22' title="bbox 287 2206 1867 2278">
     <span class='ocr_line' id='line_1_22' title="bbox 287 2206 1867 2278; baseline 0 -14"><span class='ocrx_word' id='word_1_150' title='bbox 287 2208 542 2264; x_wconf 82' lang='lat' dir='ltr'><strong>Christus</strong></span> <span class='ocrx_word' id='word_1_151' title='bbox 563 2208 750 2278; x_wconf 70' lang='lat' dir='ltr'><strong>erepit,</strong></span> <span class='ocrx_word' id='word_1_152' title='bbox 781 2206 972 2262; x_wconf 79' lang='lat' dir='ltr'><strong>Matth.</strong></span> <span class='ocrx_word' id='word_1_153' title='bbox 1006 2223 1080 2274; x_wconf 76' lang='grc' dir='ltr'>ιν,</span> <span class='ocrx_word' id='word_1_154' title='bbox 1117 2206 1172 2273; x_wconf 74' lang='lat'><strong>2,</strong></span> <span class='ocrx_word' id='word_1_155' title='bbox 1206 2215 1260 2261; x_wconf 90' lang='lat' dir='ltr'><strong>et</strong></span> <span class='ocrx_word' id='word_1_156' title='bbox 1279 2206 1447 2262; x_wconf 85' lang='lat' dir='ltr'><strong>Marc.</strong></span> <span class='ocrx_word' id='word_1_157' title='bbox 1483 2223 1522 2275; x_wconf 91' lang='grc' dir='ltr'><strong>ι,</strong></span> <span class='ocrx_word' id='word_1_158' title='bbox 1551 2208 1618 2263; x_wconf 70' lang='grc' dir='ltr'><strong>ιι</strong></span> <span class='ocrx_word' id='word_1_159' title='bbox 1649 2225 1663 2262; x_wconf 89' lang='lat'><strong>:</strong></span> <span class='ocrx_word' id='word_1_160' title='bbox 1697 2223 1728 2263; x_wconf 92' lang='lat' dir='ltr'><strong>a</strong></span> <span class='ocrx_word' id='word_1_161' title='bbox 1756 2223 1867 2278; x_wconf 89' lang='lat' dir='ltr'><strong>quo</strong></span> 
     </span>
    </p>
   </div>
   <div class='ocr_carea' id='block_1_23' title="bbox 286 2297 1866 2372">
    <p class='ocr_par' dir='ltr' id='par_1_23' title="bbox 286 2297 1866 2372">
     <span class='ocr_line' id='line_1_23' title="bbox 286 2297 1866 2372; baseline -0.003 -15"><span class='ocrx_word' id='word_1_162' title='bbox 286 2310 534 2372; x_wconf 83' lang='lat' dir='ltr'><strong>tempore</strong></span> <span class='ocrx_word' id='word_1_163' title='bbox 568 2310 680 2356; x_wconf 90' lang='lat' dir='ltr'><strong>tres</strong></span> <span class='ocrx_word' id='word_1_164' title='bbox 715 2299 893 2355; x_wconf 59' lang='lat' dir='ltr'><strong>caeteri</strong></span> <span class='ocrx_word' id='word_1_165' title='bbox 929 2314 1018 2354; x_wconf 91' lang='lat' dir='ltr'><strong>res</strong></span> <span class='ocrx_word' id='word_1_166' title='bbox 1044 2313 1075 2352; x_wconf 92' lang='lat' dir='ltr'><strong>a</strong></span> <span class='ocrx_word' id='word_1_167' title='bbox 1118 2297 1341 2354; x_wconf 83' lang='lat' dir='ltr'><strong>Christo</strong></span> <span class='ocrx_word' id='word_1_168' title='bbox 1380 2305 1562 2368; x_wconf 79' lang='lat' dir='ltr'><strong>gestas</strong></span> <span class='ocrx_word' id='word_1_169' title='bbox 1602 2298 1750 2352; x_wconf 83' lang='lat' dir='ltr'><strong>velut</strong></span> <span class='ocrx_word' id='word_1_170' title='bbox 1796 2298 1866 2352; x_wconf 89' lang='lat' dir='ltr'><strong>ab</strong></span> 
     </span>
    </p>
   </div>
   <div class='ocr_carea' id='block_1_24' title="bbox 285 2389 1861 2461">
    <p class='ocr_par' dir='ltr' id='par_1_24' title="bbox 285 2389 1861 2461">
     <span class='ocr_line' id='line_1_24' title="bbox 285 2389 1861 2461; baseline -0.004 -12"><span class='ocrx_word' id='word_1_171' title='bbox 285 2393 444 2449; x_wconf 86' lang='lat' dir='ltr'><strong>initio</strong></span> <span class='ocrx_word' id='word_1_172' title='bbox 475 2393 775 2449; x_wconf 90' lang='lat' dir='ltr'><strong>deducunt.</strong></span> <span class='ocrx_word' id='word_1_173' title='bbox 827 2389 1087 2461; x_wconf 82' lang='lat' dir='ltr'><strong>Sequitur</strong></span> <span class='ocrx_word' id='word_1_174' title='bbox 1132 2406 1271 2461; x_wconf 81' lang='lat' dir='ltr'><strong>ergo</strong></span> <span class='ocrx_word' id='word_1_175' title='bbox 1300 2389 1509 2446; x_wconf 88' lang='lat' dir='ltr'><strong>Pascha</strong></span> <span class='ocrx_word' id='word_1_176' title='bbox 1539 2390 1861 2454; x_wconf 90' lang='lat' dir='ltr'><strong>secundum,</strong></span> 
     </span>
    </p>
   </div>
   <div class='ocr_carea' id='block_1_25' title="bbox 283 2482 1865 2557">
    <p class='ocr_par' dir='ltr' id='par_1_25' title="bbox 283 2482 1865 2557">
     <span class='ocr_line' id='line_1_25' title="bbox 283 2482 1865 2557; baseline -0.001 -16"><span class='ocrx_word' id='word_1_177' title='bbox 283 2485 429 2557; x_wconf 82' lang='lat' dir='ltr'><strong>quod</strong></span> <span class='ocrx_word' id='word_1_178' title='bbox 454 2500 583 2542; x_wconf 88' lang='lat' dir='ltr'><strong>eum</strong></span> <span class='ocrx_word' id='word_1_179' title='bbox 612 2482 768 2540; x_wconf 83' lang='lat' dir='ltr'><strong>Joan.</strong></span> <span class='ocrx_word' id='word_1_180' title='bbox 792 2501 847 2553; x_wconf 89' lang='lat' dir='ltr'><strong>v,</strong></span> <span class='ocrx_word' id='word_1_181' title='bbox 872 2493 988 2539; x_wconf 91' lang='lat' dir='ltr'><strong>tum</strong></span> <span class='ocrx_word' id='word_1_182' title='bbox 1015 2483 1205 2539; x_wconf 86' lang='lat' dir='ltr'><strong>Matth.</strong></span> <span class='ocrx_word' id='word_1_183' title='bbox 1233 2500 1333 2551; x_wconf 86' lang='lat' dir='ltr'><strong>xu,</strong></span> <span class='ocrx_word' id='word_1_184' title='bbox 1352 2482 1518 2539; x_wconf 77' lang='lat' dir='ltr'><strong>Marc.</strong></span> <span class='ocrx_word' id='word_1_185' title='bbox 1551 2499 1611 2550; x_wconf 87' lang='grc' dir='ltr'><strong>ιι,</strong></span> <span class='ocrx_word' id='word_1_186' title='bbox 1646 2482 1780 2539; x_wconf 92' lang='lat' dir='ltr'><strong>Luc.</strong></span> <span class='ocrx_word' id='word_1_187' title='bbox 1809 2499 1865 2539; x_wconf 83' lang='lat' dir='ltr'><strong>vt</strong></span> 
     </span>
    </p>
   </div>
   <div class='ocr_carea' id='block_1_26' title="bbox 285 2574 1863 2648">
    <p class='ocr_par' dir='ltr' id='par_1_26' title="bbox 285 2574 1863 2648">
     <span class='ocr_line' id='line_1_26' title="bbox 285 2574 1863 2648; baseline -0.001 -14"><span class='ocrx_word' id='word_1_188' title='bbox 285 2579 444 2634; x_wconf 82' lang='lat' dir='ltr'><strong>tacite</strong></span> <span class='ocrx_word' id='word_1_189' title='bbox 485 2576 844 2648; x_wconf 88' lang='lat' dir='ltr'><strong>signillcatur,</strong></span> <span class='ocrx_word' id='word_1_190' title='bbox 885 2590 951 2630; x_wconf 88' lang='lat' dir='ltr'><strong>eo</strong></span> <span class='ocrx_word' id='word_1_191' title='bbox 993 2576 1139 2645; x_wconf 88' lang='lat' dir='ltr'><strong>quod</strong></span> <span class='ocrx_word' id='word_1_192' title='bbox 1182 2574 1422 2630; x_wconf 88' lang='lat' dir='ltr'><strong>Sabbato</strong></span> <span class='ocrx_word' id='word_1_193' title='bbox 1478 2576 1863 2647; x_wconf 89' lang='lat' dir='ltr'><strong>deuteroproto</strong></span> 
     </span>
    </p>
   </div>
   <div class='ocr_carea' id='block_1_27' title="bbox 284 2666 1863 2739">
    <p class='ocr_par' dir='ltr' id='par_1_27' title="bbox 284 2666 1863 2739">
     <span class='ocr_line' id='line_1_27' title="bbox 284 2666 1863 2739; baseline 0 -17"><span class='ocrx_word' id='word_1_194' title='bbox 284 2683 378 2739; x_wconf 90' lang='lat' dir='ltr'><strong>per</strong></span> <span class='ocrx_word' id='word_1_195' title='bbox 406 2678 530 2725; x_wconf 86' lang='lat' dir='ltr'><strong>sata</strong></span> <span class='ocrx_word' id='word_1_196' title='bbox 572 2667 841 2723; x_wconf 88' lang='lat' dir='ltr'><strong>transisse</strong></span> <span class='ocrx_word' id='word_1_197' title='bbox 864 2666 1125 2722; x_wconf 91' lang='lat' dir='ltr'><strong>dicuntur</strong></span> <span class='ocrx_word' id='word_1_198' title='bbox 1166 2667 1419 2737; x_wconf 84' lang='lat' dir='ltr'><strong>apostoli,</strong></span> <span class='ocrx_word' id='word_1_199' title='bbox 1455 2675 1509 2723; x_wconf 89' lang='lat' dir='ltr'><strong>et</strong></span> <span class='ocrx_word' id='word_1_200' title='bbox 1539 2668 1720 2738; x_wconf 89' lang='lat' dir='ltr'><strong>spicas</strong></span> <span class='ocrx_word' id='word_1_201' title='bbox 1751 2668 1863 2723; x_wconf 88' lang='lat' dir='ltr'><strong>vel-</strong></span> 
     </span>
    </p>
   </div>
   <div class='ocr_carea' id='block_1_28' title="bbox 283 2757 1864 2830">
    <p class='ocr_par' dir='ltr' id='par_1_28' title="bbox 283 2757 1864 2830">
     <span class='ocr_line' id='line_1_28' title="bbox 283 2757 1864 2830; baseline 0 -15"><span class='ocrx_word' id='word_1_202' title='bbox 283 2760 485 2815; x_wconf 88' lang='lat' dir='ltr'><strong>licasse</strong></span> <span class='ocrx_word' id='word_1_203' title='bbox 516 2776 531 2813; x_wconf 87' lang='lat'><strong>:</strong></span> <span class='ocrx_word' id='word_1_204' title='bbox 561 2758 711 2828; x_wconf 91' lang='lat' dir='ltr'><strong>quod</strong></span> <span class='ocrx_word' id='word_1_205' title='bbox 756 2766 973 2826; x_wconf 88' lang='lat' dir='ltr'><strong>tempus</strong></span> <span class='ocrx_word' id='word_1_206' title='bbox 1022 2758 1075 2811; x_wconf 89' lang='lat' dir='ltr'><strong>in</strong></span> <span class='ocrx_word' id='word_1_207' title='bbox 1128 2758 1278 2827; x_wconf 89' lang='lat' dir='ltr'><strong>ipsas</strong></span> <span class='ocrx_word' id='word_1_208' title='bbox 1326 2758 1657 2830; x_wconf 85' lang='lat' dir='ltr'><strong>Azymorum</strong></span> <span class='ocrx_word' id='word_1_209' title='bbox 1697 2757 1864 2815; x_wconf 85' lang='lat' dir='ltr'><strong>ferias</strong></span> 
     </span>
    </p>
   </div>
   <div class='ocr_carea' id='block_1_29' title="bbox 284 2846 1859 2920">
    <p class='ocr_par' dir='ltr' id='par_1_29' title="bbox 284 2846 1859 2920">
     <span class='ocr_line' id='line_1_29' title="bbox 284 2846 1859 2920; baseline -0.002 -14"><span class='ocrx_word' id='word_1_210' title='bbox 284 2849 535 2906; x_wconf 85' lang='lat' dir='ltr'><strong>incurrit.</strong></span> <span class='ocrx_word' id='word_1_211' title='bbox 591 2847 714 2904; x_wconf 90' lang='lat' dir='ltr'><strong>Jam</strong></span> <span class='ocrx_word' id='word_1_212' title='bbox 764 2850 984 2904; x_wconf 90' lang='lat' dir='ltr'><strong>tertium</strong></span> <span class='ocrx_word' id='word_1_213' title='bbox 1044 2857 1241 2919; x_wconf 57' lang='lat' dir='ltr'><strong>praeter</strong></span> <span class='ocrx_word' id='word_1_214' title='bbox 1285 2846 1551 2903; x_wconf 78' lang='lat' dir='ltr'><strong>Joannem</strong></span> <span class='ocrx_word' id='word_1_215' title='bbox 1600 2863 1724 2920; x_wconf 76' lang='lat' dir='ltr'><strong>cap.</strong></span> <span class='ocrx_word' id='word_1_216' title='bbox 1783 2864 1859 2913; x_wconf 74' lang='lat' dir='ltr'><strong>vr,</strong></span> 
     </span>
    </p>
   </div>
   <div class='ocr_carea' id='block_1_30' title="bbox 282 2939 1860 3012">
    <p class='ocr_par' dir='ltr' id='par_1_30' title="bbox 282 2939 1860 3012">
     <span class='ocr_line' id='line_1_30' title="bbox 282 2939 1860 3012; baseline 0.001 -15"><span class='ocrx_word' id='word_1_217' title='bbox 282 2942 440 2998; x_wconf 89' lang='lat' dir='ltr'><strong>etiam</strong></span> <span class='ocrx_word' id='word_1_218' title='bbox 472 2940 667 2997; x_wconf 85' lang='lat' dir='ltr'><strong>Matth.</strong></span> <span class='ocrx_word' id='word_1_219' title='bbox 708 2955 819 3008; x_wconf 86' lang='lat' dir='ltr'><strong>xlv,</strong></span> <span class='ocrx_word' id='word_1_220' title='bbox 860 2939 1029 2995; x_wconf 86' lang='lat' dir='ltr'><strong>Marc.</strong></span> <span class='ocrx_word' id='word_1_221' title='bbox 1058 2956 1136 3007; x_wconf 79' lang='lat' dir='ltr'><strong>vi,</strong></span> <span class='ocrx_word' id='word_1_222' title='bbox 1170 2939 1300 2996; x_wconf 90' lang='lat' dir='ltr'><strong>Luc.</strong></span> <span class='ocrx_word' id='word_1_223' title='bbox 1333 2956 1410 3007; x_wconf 81' lang='lat' dir='ltr'><strong>rx,</strong></span> <span class='ocrx_word' id='word_1_224' title='bbox 1458 2941 1860 3012; x_wconf 87' lang='lat' dir='ltr'><strong>prodiderunt:</strong></span> 
     </span>
    </p>
   </div>
   <div class='ocr_carea' id='block_1_31' title="bbox 282 3029 1861 3103">
    <p class='ocr_par' dir='ltr' id='par_1_31' title="bbox 282 3029 1861 3103">
     <span class='ocr_line' id='line_1_31' title="bbox 282 3029 1861 3103; baseline -0.002 -16"><span class='ocrx_word' id='word_1_225' title='bbox 282 3033 484 3103; x_wconf 86' lang='lat' dir='ltr'><strong>quippe</strong></span> <span class='ocrx_word' id='word_1_226' title='bbox 539 3031 868 3087; x_wconf 85' lang='lat' dir='ltr'><strong>miraculum</strong></span> <span class='ocrx_word' id='word_1_227' title='bbox 921 3029 1057 3085; x_wconf 89' lang='lat' dir='ltr'><strong>illud</strong></span> <span class='ocrx_word' id='word_1_228' title='bbox 1110 3030 1598 3101; x_wconf 83' lang='lat' dir='ltr'><strong>multiplicatorum</strong></span> <span class='ocrx_word' id='word_1_229' title='bbox 1660 3047 1861 3101; x_wconf 89' lang='lat' dir='ltr'><strong>panum</strong></span> 
     </span>
    </p>
   </div>
   <div class='ocr_carea' id='block_1_32' title="bbox 282 3120 1859 3193">
    <p class='ocr_par' dir='ltr' id='par_1_32' title="bbox 282 3120 1859 3193">
     <span class='ocr_line' id='line_1_32' title="bbox 282 3120 1859 3193; baseline -0.003 -15"><span class='ocrx_word' id='word_1_230' title='bbox 282 3131 581 3193; x_wconf 87' lang='lat' dir='ltr'><strong>exponunt,</strong></span> <span class='ocrx_word' id='word_1_231' title='bbox 616 3122 763 3191; x_wconf 90' lang='lat' dir='ltr'><strong>quod</strong></span> <span class='ocrx_word' id='word_1_232' title='bbox 793 3120 1034 3176; x_wconf 81' lang='lat' dir='ltr'><strong>Joannes</strong></span> <span class='ocrx_word' id='word_1_233' title='bbox 1061 3121 1166 3175; x_wconf 85' lang='lat' dir='ltr'><strong>sub</strong></span> <span class='ocrx_word' id='word_1_234' title='bbox 1207 3121 1387 3190; x_wconf 87' lang='lat' dir='ltr'><strong>ipsum</strong></span> <span class='ocrx_word' id='word_1_235' title='bbox 1431 3120 1644 3175; x_wconf 87' lang='lat' dir='ltr'><strong>Pascha</strong></span> <span class='ocrx_word' id='word_1_236' title='bbox 1679 3122 1859 3176; x_wconf 91' lang='lat' dir='ltr'><strong>conti-</strong></span> 
     </span>
    </p>
   </div>
   <div class='ocr_carea' id='block_1_33' title="bbox 281 3209 1929 3303">
    <p class='ocr_par' dir='ltr' id='par_1_33' title="bbox 281 3209 1929 3303">
     <span class='ocr_line' id='line_1_33' title="bbox 281 3209 1929 3303; baseline 0.001 -38"><span class='ocrx_word' id='word_1_237' title='bbox 281 3211 423 3283; x_wconf 87' lang='lat' dir='ltr'><strong>gisse</strong></span> <span class='ocrx_word' id='word_1_238' title='bbox 451 3212 668 3269; x_wconf 87' lang='lat' dir='ltr'><strong>scribit.</strong></span> <span class='ocrx_word' id='word_1_239' title='bbox 697 3209 855 3303; x_wconf 69' lang='lat' dir='ltr'><strong>ilune</strong></span> <span class='ocrx_word' id='word_1_240' title='bbox 901 3211 957 3265; x_wconf 88' lang='lat' dir='ltr'><strong>in</strong></span> <span class='ocrx_word' id='word_1_241' title='bbox 988 3210 1209 3303; x_wconf 83' lang='lat' dir='ltr'><strong>modum</strong></span> <span class='ocrx_word' id='word_1_242' title='bbox 1238 3225 1381 3303; x_wconf 29' lang='lat' dir='ltr'><strong>vere”</strong></span> <span class='ocrx_word' id='word_1_243' title='bbox 1397 3212 1556 3283; x_wconf 81' lang='lat' dir='ltr'><strong>vulgo</strong></span> <span class='ocrx_word' id='word_1_244' title='bbox 1587 3210 1858 3266; x_wconf 87' lang='lat' dir='ltr'><strong>Paschata</strong></span> <span class='ocrx_word' id='word_1_245' title='bbox 1886 3245 1929 3303; x_wconf 61' lang='grc' dir='ltr'><strong>ϐ</strong></span> 
     </span>
    </p>
   </div>
   <div class='ocr_carea' id='block_1_34' title="bbox 280 3300 1856 3374">
    <p class='ocr_par' dir='ltr' id='par_1_34' title="bbox 280 3300 1856 3374">
     <span class='ocr_line' id='line_1_34' title="bbox 280 3300 1856 3374; baseline -0.002 -16"><span class='ocrx_word' id='word_1_246' title='bbox 280 3303 553 3374; x_wconf 81' lang='lat' dir='ltr'><strong>digerunt,</strong></span> <span class='ocrx_word' id='word_1_247' title='bbox 617 3301 710 3372; x_wconf 81' lang='lat' dir='ltr'><strong>qui</strong></span> <span class='ocrx_word' id='word_1_248' title='bbox 761 3300 1080 3356; x_wconf 90' lang='lat' dir='ltr'><strong>harmonias</strong></span> <span class='ocrx_word' id='word_1_249' title='bbox 1140 3301 1483 3371; x_wconf 86' lang='lat' dir='ltr'><strong>evangelicas</strong></span> <span class='ocrx_word' id='word_1_250' title='bbox 1539 3312 1856 3367; x_wconf 81' lang='lat' dir='ltr'><strong>contexunt,</strong></span> 
     </span>
    </p>
   </div>
   <div class='ocr_carea' id='block_1_35' title="bbox 282 3391 1860 3463">
    <p class='ocr_par' dir='ltr' id='par_1_35' title="bbox 282 3391 1860 3463">
     <span class='ocr_line' id='line_1_35' title="bbox 282 3391 1860 3463; baseline 0.002 -17"><span class='ocrx_word' id='word_1_251' title='bbox 282 3392 383 3449; x_wconf 82' lang='lat' dir='ltr'><strong>nisi</strong></span> <span class='ocrx_word' id='word_1_252' title='bbox 440 3391 579 3463; x_wconf 84' lang='lat' dir='ltr'><strong>quid</strong></span> <span class='ocrx_word' id='word_1_253' title='bbox 628 3393 791 3462; x_wconf 88' lang='lat' dir='ltr'><strong>paulo</strong></span> <span class='ocrx_word' id='word_1_254' title='bbox 840 3392 910 3447; x_wconf 86' lang='lat' dir='ltr'><strong>ab</strong></span> <span class='ocrx_word' id='word_1_255' title='bbox 960 3392 1082 3448; x_wconf 80' lang='lat' dir='ltr'><strong>aliis</strong></span> <span class='ocrx_word' id='word_1_256' title='bbox 1131 3392 1290 3447; x_wconf 89' lang='lat' dir='ltr'><strong>aliter</strong></span> <span class='ocrx_word' id='word_1_257' title='bbox 1335 3392 1662 3462; x_wconf 80' lang='lat' dir='ltr'><strong>explicatur,</strong></span> <span class='ocrx_word' id='word_1_258' title='bbox 1712 3393 1860 3463; x_wconf 85' lang='lat' dir='ltr'><strong>quod</strong></span> 
     </span>
    </p>
   </div>
   <div class='ocr_carea' id='block_1_36' title="bbox 281 3483 1566 3554">
    <p class='ocr_par' dir='ltr' id='par_1_36' title="bbox 281 3483 1566 3554">
     <span class='ocr_line' id='line_1_36' title="bbox 281 3483 1566 3554; baseline -0.002 -14"><span class='ocrx_word' id='word_1_259' title='bbox 281 3483 656 3554; x_wconf 82' lang='lat' dir='ltr'><strong>scrupulosius</strong></span> <span class='ocrx_word' id='word_1_260' title='bbox 682 3483 1014 3553; x_wconf 82' lang='lat' dir='ltr'><strong>perscrutari</strong></span> <span class='ocrx_word' id='word_1_261' title='bbox 1044 3484 1281 3540; x_wconf 89' lang='lat' dir='ltr'><strong>otiosum</strong></span> <span class='ocrx_word' id='word_1_262' title='bbox 1309 3484 1566 3539; x_wconf 89' lang='lat' dir='ltr'><strong>arbitror.</strong></span> 
     </span>
    </p>
   </div>
   <div class='ocr_carea' id='block_1_37' title="bbox 346 3575 1858 3645">
    <p class='ocr_par' dir='ltr' id='par_1_37' title="bbox 346 3575 1858 3645">
     <span class='ocr_line' id='line_1_37' title="bbox 346 3575 1858 3645; baseline 0.001 -16"><span class='ocrx_word' id='word_1_263' title='bbox 346 3577 414 3630; x_wconf 86' lang='lat' dir='ltr'><strong>At</strong></span> <span class='ocrx_word' id='word_1_264' title='bbox 441 3575 689 3645; x_wconf 78' lang='lat' dir='ltr'><strong>Scaliger</strong></span> <span class='ocrx_word' id='word_1_265' title='bbox 731 3575 787 3629; x_wconf 92' lang='lat' dir='ltr'><strong>in</strong></span> <span class='ocrx_word' id='word_1_266' title='bbox 833 3575 928 3630; x_wconf 90' lang='lat' dir='ltr'><strong>lib.</strong></span> <span class='ocrx_word' id='word_1_267' title='bbox 966 3591 1022 3630; x_wconf 79' lang='lat' dir='ltr'><strong>vr</strong></span> <span class='ocrx_word' id='word_1_268' title='bbox 1058 3575 1133 3630; x_wconf 83' lang='lat' dir='ltr'><strong>De</strong></span> <span class='ocrx_word' id='word_1_269' title='bbox 1164 3577 1374 3631; x_wconf 72' lang='lat' dir='ltr'><strong>emnd.</strong></span> <span class='ocrx_word' id='word_1_270' title='bbox 1424 3575 1669 3645; x_wconf 83' lang='lat' dir='ltr'><strong>quinque</strong></span> <span class='ocrx_word' id='word_1_271' title='bbox 1699 3591 1858 3645; x_wconf 91' lang='lat' dir='ltr'><strong>repe-</strong></span> 
     </span>
    </p>
   </div>
   <div class='ocr_carea' id='block_1_38' title="bbox 279 3654 1860 3737">
    <p class='ocr_par' dir='ltr' id='par_1_38' title="bbox 279 3654 1860 3737">
     <span class='ocr_line' id='line_1_38' title="bbox 279 3654 1860 3737; baseline 0.002 -18"><span class='ocrx_word' id='word_1_272' title='bbox 279 3664 374 3720; x_wconf 79' lang='lat' dir='ltr'><strong>riri</strong></span> <span class='ocrx_word' id='word_1_273' title='bbox 432 3665 707 3719; x_wconf 85' lang='lat' dir='ltr'><strong>Paschata</strong></span> <span class='ocrx_word' id='word_1_274' title='bbox 760 3654 1139 3721; x_wconf 87' lang='lat' dir='ltr'><strong>vehementius</strong></span> <span class='ocrx_word' id='word_1_275' title='bbox 1192 3676 1401 3737; x_wconf 83' lang='lat' dir='ltr'><strong>pugnat</strong></span> <span class='ocrx_word' id='word_1_276' title='bbox 1442 3684 1456 3720; x_wconf 90' lang='lat'><strong>:</strong></span> <span class='ocrx_word' id='word_1_277' title='bbox 1491 3681 1613 3719; x_wconf 88' lang='lat' dir='ltr'><strong>nam</strong></span> <span class='ocrx_word' id='word_1_278' title='bbox 1667 3677 1860 3736; x_wconf 86' lang='lat' dir='ltr'><strong>praeter</strong></span> 
     </span>
    </p>
   </div>
   <div class='ocr_carea' id='block_1_39' title="bbox 279 3753 1858 3829">
    <p class='ocr_par' dir='ltr' id='par_1_39' title="bbox 279 3753 1858 3829">
     <span class='ocr_line' id='line_1_39' title="bbox 279 3753 1858 3829; baseline 0.003 -20"><span class='ocrx_word' id='word_1_279' title='bbox 279 3756 518 3825; x_wconf 85' lang='lat' dir='ltr'><strong>primum</strong></span> <span class='ocrx_word' id='word_1_280' title='bbox 546 3753 706 3821; x_wconf 80' lang='lat' dir='ltr'><strong>Joan,</strong></span> <span class='ocrx_word' id='word_1_281' title='bbox 738 3771 797 3822; x_wconf 88' lang='grc' dir='ltr'><strong>ιι,</strong></span> <span class='ocrx_word' id='word_1_282' title='bbox 834 3757 1064 3812; x_wconf 83' lang='lat' dir='ltr'><strong>alterum</strong></span> <span class='ocrx_word' id='word_1_283' title='bbox 1091 3757 1231 3812; x_wconf 85' lang='lat' dir='ltr'><strong>illud</strong></span> <span class='ocrx_word' id='word_1_284' title='bbox 1253 3772 1375 3812; x_wconf 87' lang='lat' dir='ltr'><strong>esse</strong></span> <span class='ocrx_word' id='word_1_285' title='bbox 1408 3758 1620 3826; x_wconf 86' lang='lat' dir='ltr'><strong>statuit,</strong></span> <span class='ocrx_word' id='word_1_286' title='bbox 1652 3756 1719 3813; x_wconf 92' lang='lat' dir='ltr'><strong>de</strong></span> <span class='ocrx_word' id='word_1_287' title='bbox 1747 3773 1858 3829; x_wconf 90' lang='lat' dir='ltr'><strong>quo</strong></span> 
     </span>
    </p>
   </div>
   <div class='ocr_carea' id='block_1_40' title="bbox 279 3844 1859 3920">
    <p class='ocr_par' dir='ltr' id='par_1_40' title="bbox 279 3844 1859 3920">
     <span class='ocr_line' id='line_1_40' title="bbox 279 3844 1859 3920; baseline 0.002 -18"><span class='ocrx_word' id='word_1_288' title='bbox 279 3844 431 3903; x_wconf 84' lang='lat' dir='ltr'><strong>Joan.</strong></span> <span class='ocrx_word' id='word_1_289' title='bbox 468 3863 524 3903; x_wconf 86' lang='lat' dir='ltr'><strong>v.</strong></span> <span class='ocrx_word' id='word_1_290' title='bbox 552 3847 653 3903; x_wconf 87' lang='lat' dir='ltr'><strong>Cui</strong></span> <span class='ocrx_word' id='word_1_291' title='bbox 694 3849 915 3903; x_wconf 90' lang='lat' dir='ltr'><strong>tertium</strong></span> <span class='ocrx_word' id='word_1_292' title='bbox 945 3848 1193 3920; x_wconf 87' lang='lat' dir='ltr'><strong>adjungit</strong></span> <span class='ocrx_word' id='word_1_293' title='bbox 1219 3850 1371 3915; x_wconf 90' lang='lat' dir='ltr'><strong>illud,</strong></span> <span class='ocrx_word' id='word_1_294' title='bbox 1403 3865 1434 3905; x_wconf 92' lang='lat' dir='ltr'><strong>a</strong></span> <span class='ocrx_word' id='word_1_295' title='bbox 1465 3866 1576 3920; x_wconf 90' lang='lat' dir='ltr'><strong>quo</strong></span> <span class='ocrx_word' id='word_1_296' title='bbox 1616 3865 1712 3920; x_wconf 92' lang='lat' dir='ltr'><strong>per</strong></span> <span class='ocrx_word' id='word_1_297' title='bbox 1738 3860 1859 3906; x_wconf 88' lang='lat' dir='ltr'><strong>sata</strong></span> 
     </span>
    </p>
   </div>
   <div class='ocr_carea' id='block_1_41' title="bbox 232 3939 1855 4013">
    <p class='ocr_par' dir='ltr' id='par_1_41' title="bbox 232 3939 1855 4013">
     <span class='ocr_line' id='line_1_41' title="bbox 232 3939 1855 4013; baseline 0.001 -17"><span class='ocrx_word' id='word_1_298' title='bbox 232 3954 237 3957; x_wconf 73' lang='lat'><em>‘</em></span> <span class='ocrx_word' id='word_1_299' title='bbox 278 3939 378 3996; x_wconf 86' lang='lat' dir='ltr'><strong>iter</strong></span> <span class='ocrx_word' id='word_1_300' title='bbox 404 3941 668 3997; x_wconf 87' lang='lat' dir='ltr'><strong>habuisse</strong></span> <span class='ocrx_word' id='word_1_301' title='bbox 697 3940 951 3996; x_wconf 78' lang='lat' dir='ltr'><strong>feruntur</strong></span> <span class='ocrx_word' id='word_1_302' title='bbox 982 3942 1246 4012; x_wconf 84' lang='lat' dir='ltr'><strong>apostoli;</strong></span> <span class='ocrx_word' id='word_1_303' title='bbox 1293 3951 1550 4013; x_wconf 88' lang='lat' dir='ltr'><strong>quartum</strong></span> <span class='ocrx_word' id='word_1_304' title='bbox 1581 3952 1664 3999; x_wconf 90' lang='lat' dir='ltr'><strong>est</strong></span> <span class='ocrx_word' id='word_1_305' title='bbox 1696 3942 1855 3999; x_wconf 91' lang='lat' dir='ltr'><strong>Joan.</strong></span> 
     </span>
    </p>
   </div>
   <div class='ocr_carea' id='block_1_42' title="bbox 279 4032 1857 4106">
    <p class='ocr_par' dir='ltr' id='par_1_42' title="bbox 279 4032 1857 4106">
     <span class='ocr_line' id='line_1_42' title="bbox 279 4032 1857 4106; baseline 0.003 -19"><span class='ocrx_word' id='word_1_306' title='bbox 279 4047 362 4098; x_wconf 81' lang='lat' dir='ltr'><strong>v1;</strong></span> <span class='ocrx_word' id='word_1_307' title='bbox 392 4032 652 4104; x_wconf 87' lang='lat' dir='ltr'><strong>quintum</strong></span> <span class='ocrx_word' id='word_1_308' title='bbox 679 4033 741 4086; x_wconf 76' lang='grc' dir='ltr'><strong>τὸ</strong></span> <span class='ocrx_word' id='word_1_309' title='bbox 762 4032 1165 4106; x_wconf 84' lang='grc' dir='ltr'><strong>σταυρὼσιμον.</strong></span> <span class='ocrx_word' id='word_1_310' title='bbox 1199 4035 1473 4106; x_wconf 86' lang='lat' dir='ltr'><strong>Additque</strong></span> <span class='ocrx_word' id='word_1_311' title='bbox 1516 4037 1857 4106; x_wconf 77' lang='lat' dir='ltr'><strong>singulorum</strong></span> 
     </span>
    </p>
   </div>
   <div class='ocr_carea' id='block_1_43' title="bbox 277 4123 1859 4198">
    <p class='ocr_par' dir='ltr' id='par_1_43' title="bbox 277 4123 1859 4198">
     <span class='ocr_line' id='line_1_43' title="bbox 277 4123 1859 4198; baseline 0.001 -20"><span class='ocrx_word' id='word_1_312' title='bbox 277 4123 621 4180; x_wconf 89' lang='lat' dir='ltr'><strong>characteres</strong></span> <span class='ocrx_word' id='word_1_313' title='bbox 669 4139 734 4179; x_wconf 86' lang='lat' dir='ltr'><strong>ac</strong></span> <span class='ocrx_word' id='word_1_314' title='bbox 779 4123 1173 4181; x_wconf 88' lang='lat' dir='ltr'><strong>delineationcs</strong></span> <span class='ocrx_word' id='word_1_315' title='bbox 1232 4143 1246 4180; x_wconf 93' lang='lat'>:</span> <span class='ocrx_word' id='word_1_316' title='bbox 1289 4126 1450 4197; x_wconf 86' lang='lat' dir='ltr'><strong>cujus</strong></span> <span class='ocrx_word' id='word_1_317' title='bbox 1471 4126 1859 4198; x_wconf 80' lang='grc' dir='ltr'><strong>ἀκριϐολογίας</strong></span> 
     </span>
    </p>
   </div>
   <div class='ocr_carea' id='block_1_44' title="bbox 279 4217 1403 4293">
    <p class='ocr_par' dir='ltr' id='par_1_44' title="bbox 279 4217 1403 4293">
     <span class='ocr_line' id='line_1_44' title="bbox 279 4217 1403 4293; baseline 0.005 -22"><span class='ocrx_word' id='word_1_318' title='bbox 279 4219 572 4273; x_wconf 83' lang='lat' dir='ltr'><strong>vanitatem</strong></span> <span class='ocrx_word' id='word_1_319' title='bbox 598 4217 820 4289; x_wconf 89' lang='lat' dir='ltr'><strong>copiose</strong></span> <span class='ocrx_word' id='word_1_320' title='bbox 845 4228 972 4275; x_wconf 88' lang='lat' dir='ltr'><strong>ante</strong></span> <span class='ocrx_word' id='word_1_321' title='bbox 998 4220 1403 4293; x_wconf 80' lang='lat' dir='ltr'><strong>redarguimus.</strong></span> 
     </span>
    </p>
   </div>
   <div class='ocr_carea' id='block_1_45' title="bbox 346 4308 1853 4381">
    <p class='ocr_par' dir='ltr' id='par_1_45' title="bbox 346 4308 1853 4381">
     <span class='ocr_line' id='line_1_45' title="bbox 346 4308 1853 4381; baseline 0.005 -18"><span class='ocrx_word' id='word_1_322' title='bbox 346 4308 573 4365; x_wconf 82' lang='lat' dir='ltr'><strong>Veteres</strong></span> <span class='ocrx_word' id='word_1_323' title='bbox 600 4318 807 4378; x_wconf 90' lang='lat' dir='ltr'><strong>autem,</strong></span> <span class='ocrx_word' id='word_1_324' title='bbox 836 4309 915 4364; x_wconf 87' lang='lat' dir='ltr'><strong>uti</strong></span> <span class='ocrx_word' id='word_1_325' title='bbox 947 4310 1153 4365; x_wconf 89' lang='lat' dir='ltr'><strong>dictum</strong></span> <span class='ocrx_word' id='word_1_326' title='bbox 1187 4323 1292 4377; x_wconf 92' lang='lat' dir='ltr'><strong>est,</strong></span> <span class='ocrx_word' id='word_1_327' title='bbox 1329 4312 1398 4367; x_wconf 92' lang='lat' dir='ltr'><strong>ad</strong></span> <span class='ocrx_word' id='word_1_328' title='bbox 1436 4328 1606 4368; x_wconf 89' lang='lat' dir='ltr'><strong>unum</strong></span> <span class='ocrx_word' id='word_1_329' title='bbox 1639 4328 1853 4381; x_wconf 89' lang='lat' dir='ltr'><strong>omnes,</strong></span> 
     </span>
    </p>
   </div>
   <div class='ocr_carea' id='block_1_46' title="bbox 277 4399 1856 4476">
    <p class='ocr_par' dir='ltr' id='par_1_46' title="bbox 277 4399 1856 4476">
     <span class='ocr_line' id='line_1_46' title="bbox 277 4399 1856 4476; baseline 0.005 -23"><span class='ocrx_word' id='word_1_330' title='bbox 277 4399 382 4455; x_wconf 90' lang='lat' dir='ltr'><strong>nisi</strong></span> <span class='ocrx_word' id='word_1_331' title='bbox 424 4400 522 4472; x_wconf 92' lang='lat' dir='ltr'><strong>qui</strong></span> <span class='ocrx_word' id='word_1_332' title='bbox 568 4400 850 4457; x_wconf 89' lang='lat' dir='ltr'><strong>tricesimo</strong></span> <span class='ocrx_word' id='word_1_333' title='bbox 881 4403 1059 4458; x_wconf 66' lang='lat' dir='ltr'><strong>aetatis</strong></span> <span class='ocrx_word' id='word_1_334' title='bbox 1092 4417 1237 4459; x_wconf 92' lang='lat' dir='ltr'><strong>anno</strong></span> <span class='ocrx_word' id='word_1_335' title='bbox 1269 4406 1491 4472; x_wconf 82' lang='lat' dir='ltr'><strong>passum</strong></span> <span class='ocrx_word' id='word_1_336' title='bbox 1525 4415 1718 4476; x_wconf 90' lang='lat' dir='ltr'><strong>putant</strong></span> <span class='ocrx_word' id='word_1_337' title='bbox 1748 4405 1856 4462; x_wconf 46' lang='lat' dir='ltr'><strong>Do‘</strong></span> 
     </span>
    </p>
   </div>
   <div class='ocr_carea' id='block_1_47' title="bbox 278 4492 1856 4566">
    <p class='ocr_par' dir='ltr' id='par_1_47' title="bbox 278 4492 1856 4566">
     <span class='ocr_line' id='line_1_47' title="bbox 278 4492 1856 4566; baseline 0.004 -21"><span class='ocrx_word' id='word_1_338' title='bbox 278 4493 509 4557; x_wconf 88' lang='lat' dir='ltr'><strong>minum,</strong></span> <span class='ocrx_word' id='word_1_339' title='bbox 543 4492 958 4549; x_wconf 86' lang='lat' dir='ltr'><strong>tria-duntaxat</strong></span> <span class='ocrx_word' id='word_1_340' title='bbox 990 4493 1259 4550; x_wconf 90' lang='lat' dir='ltr'><strong>Paschata</strong></span> <span class='ocrx_word' id='word_1_341' title='bbox 1288 4503 1578 4552; x_wconf 84' lang='lat' dir='ltr'><strong>numerant</strong></span> <span class='ocrx_word' id='word_1_342' title='bbox 1614 4515 1628 4552; x_wconf 94' lang='lat'>:</span> <span class='ocrx_word' id='word_1_343' title='bbox 1659 4497 1712 4551; x_wconf 93' lang='lat' dir='ltr'><strong>in</strong></span> <span class='ocrx_word' id='word_1_344' title='bbox 1739 4497 1856 4566; x_wconf 83' lang='lat' dir='ltr'><strong>pri-</strong></span> 
     </span>
    </p>
   </div>
   <div class='ocr_carea' id='block_1_48' title="bbox 1978 651 3556 723">
    <p class='ocr_par' dir='ltr' id='par_1_48' title="bbox 1978 651 3556 723">
     <span class='ocr_line' id='line_1_48' title="bbox 1978 651 3556 723; baseline 0.004 -20"><span class='ocrx_word' id='word_1_345' title='bbox 1978 651 2246 720; x_wconf 86' lang='lat' dir='ltr'><strong>spondere</strong></span> <span class='ocrx_word' id='word_1_346' title='bbox 2273 655 2367 706; x_wconf 83' lang='grc' dir='ltr'><strong>τὸν</strong></span> <span class='ocrx_word' id='word_1_347' title='bbox 2412 652 2846 722; x_wconf 79' lang='grc' dir='ltr'><strong>ἀντιλεγόμενον.</strong></span> <span class='ocrx_word' id='word_1_348' title='bbox 2900 651 2977 707; x_wconf 82' lang='lat' dir='ltr'><strong>Ita</strong></span> <span class='ocrx_word' id='word_1_349' title='bbox 3017 651 3165 706; x_wconf 88' lang='lat' dir='ltr'><strong>enim</strong></span> <span class='ocrx_word' id='word_1_350' title='bbox 3216 651 3556 723; x_wconf 89' lang='lat' dir='ltr'><strong>Epipha’nius</strong></span> 
     </span>
    </p>
   </div>
   <div class='ocr_carea' id='block_1_49' title="bbox 1976 744 3553 816">
    <p class='ocr_par' dir='ltr' id='par_1_49' title="bbox 1976 744 3553 816">
     <span class='ocr_line' id='line_1_49' title="bbox 1976 744 3553 816; baseline 0.003 -20"><span class='ocrx_word' id='word_1_351' title='bbox 1976 744 2278 812; x_wconf 65' lang='lat' dir='ltr'><strong>praesertim</strong></span> <span class='ocrx_word' id='word_1_352' title='bbox 2313 761 2368 798; x_wconf 88' lang='grc' dir='ltr'>ιι.</span> <span class='ocrx_word' id='word_1_353' title='bbox 2395 744 2487 800; x_wconf 75' lang='grc'><strong>25.</strong></span> <span class='ocrx_word' id='word_1_354' title='bbox 2518 744 2587 799; x_wconf 76' lang='lat' dir='ltr'><strong>At</strong></span> <span class='ocrx_word' id='word_1_355' title='bbox 2615 745 2776 815; x_wconf 86' lang='lat' dir='ltr'><strong>longe</strong></span> <span class='ocrx_word' id='word_1_356' title='bbox 2804 744 3143 800; x_wconf 84' lang='lat' dir='ltr'><strong>tolerabilius</strong></span> <span class='ocrx_word' id='word_1_357' title='bbox 3168 760 3292 800; x_wconf 92' lang='lat' dir='ltr'><strong>meo</strong></span> <span class='ocrx_word' id='word_1_358' title='bbox 3331 744 3553 816; x_wconf 89' lang='lat' dir='ltr'><strong>quidem</strong></span> 
     </span>
    </p>
   </div>
   <div class='ocr_carea' id='block_1_50' title="bbox 1972 833 3551 914">
    <p class='ocr_par' dir='ltr' id='par_1_50' title="bbox 1972 833 3551 914">
     <span class='ocr_line' id='line_1_50' title="bbox 1972 833 3551 914; baseline 0.001 -23"><span class='ocrx_word' id='word_1_359' title='bbox 1972 833 2185 914; x_wconf 88' lang='lat' dir='ltr'><strong>judicio</strong></span> <span class='ocrx_word' id='word_1_360' title='bbox 2215 836 2390 893; x_wconf 86' lang='lat' dir='ltr'><strong>Clem.</strong></span> <span class='ocrx_word' id='word_1_361' title='bbox 2437 836 2592 892; x_wconf 85' lang='lat' dir='ltr'><strong>Alex.</strong></span> <span class='ocrx_word' id='word_1_362' title='bbox 2639 837 2876 908; x_wconf 88' lang='lat' dir='ltr'><strong>aliique,</strong></span> <span class='ocrx_word' id='word_1_363' title='bbox 2925 837 3017 907; x_wconf 89' lang='lat' dir='ltr'><strong>qui</strong></span> <span class='ocrx_word' id='word_1_364' title='bbox 3051 853 3120 893; x_wconf 88' lang='lat' dir='ltr'><strong>ex</strong></span> <span class='ocrx_word' id='word_1_365' title='bbox 3153 836 3306 892; x_wconf 72' lang='lat' dir='ltr'><strong>lsaize</strong></span> <span class='ocrx_word' id='word_1_366' title='bbox 3351 837 3551 902; x_wconf 80' lang='lat' dir='ltr'><strong>verbis,</strong></span> 
     </span>
    </p>
   </div>
   <div class='ocr_carea' id='block_1_51' title="bbox 1979 926 3551 1000">
    <p class='ocr_par' dir='ltr' id='par_1_51' title="bbox 1979 926 3551 1000">
     <span class='ocr_line' id='line_1_51' title="bbox 1979 926 3551 1000; baseline -0.003 -13"><span class='ocrx_word' id='word_1_367' title='bbox 1979 948 2043 987; x_wconf 89' lang='lat' dir='ltr'><strong>ac</strong></span> <span class='ocrx_word' id='word_1_368' title='bbox 2077 928 2374 1000; x_wconf 83' lang='lat' dir='ltr'><strong>singularis</strong></span> <span class='ocrx_word' id='word_1_369' title='bbox 2409 927 2538 982; x_wconf 91' lang='lat' dir='ltr'><strong>anni</strong></span> <span class='ocrx_word' id='word_1_370' title='bbox 2571 928 2847 982; x_wconf 90' lang='lat' dir='ltr'><strong>mentione</strong></span> <span class='ocrx_word' id='word_1_371' title='bbox 2876 926 3079 982; x_wconf 88' lang='lat' dir='ltr'><strong>Christi</strong></span> <span class='ocrx_word' id='word_1_372' title='bbox 3111 927 3551 998; x_wconf 82' lang='lat' dir='ltr'><strong>praedicationem</strong></span> 
     </span>
    </p>
   </div>
   <div class='ocr_carea' id='block_1_52' title="bbox 1975 1016 3553 1089">
    <p class='ocr_par' dir='ltr' id='par_1_52' title="bbox 1975 1016 3553 1089">
     <span class='ocr_line' id='line_1_52' title="bbox 1975 1016 3553 1089; baseline -0.003 -13"><span class='ocrx_word' id='word_1_373' title='bbox 1975 1036 2159 1077; x_wconf 90' lang='lat' dir='ltr'><strong>annuo</strong></span> <span class='ocrx_word' id='word_1_374' title='bbox 2190 1019 2371 1089; x_wconf 88' lang='lat' dir='ltr'><strong>spatio</strong></span> <span class='ocrx_word' id='word_1_375' title='bbox 2408 1018 2755 1073; x_wconf 91' lang='lat' dir='ltr'><strong>deﬁnierunt.</strong></span> <span class='ocrx_word' id='word_1_376' title='bbox 2802 1016 2937 1072; x_wconf 84' lang='lat' dir='ltr'><strong>Nam</strong></span> <span class='ocrx_word' id='word_1_377' title='bbox 2972 1018 3075 1073; x_wconf 90' lang='lat' dir='ltr'><strong>hoc</strong></span> <span class='ocrx_word' id='word_1_378' title='bbox 3121 1026 3277 1086; x_wconf 89' lang='lat' dir='ltr'><strong>pacto</strong></span> <span class='ocrx_word' id='word_1_379' title='bbox 3307 1019 3553 1082; x_wconf 84' lang='grc' dir='ltr'><strong>ἐνιαυτὸς</strong></span> 
     </span>
    </p>
   </div>
   <div class='ocr_carea' id='block_1_53' title="bbox 1974 1107 3554 1180">
    <p class='ocr_par' dir='ltr' id='par_1_53' title="bbox 1974 1107 3554 1180">
     <span class='ocr_line' id='line_1_53' title="bbox 1974 1107 3554 1180; baseline -0.001 -15"><span class='ocrx_word' id='word_1_380' title='bbox 1974 1111 2161 1174; x_wconf 87' lang='grc' dir='ltr'><strong>δεκτός</strong></span> <span class='ocrx_word' id='word_1_381' title='bbox 2185 1125 2294 1164; x_wconf 86' lang='lat' dir='ltr'><strong>non</strong></span> <span class='ocrx_word' id='word_1_382' title='bbox 2327 1107 2641 1164; x_wconf 70' lang='lat' dir='ltr'><strong>Iudaeorum</strong></span> <span class='ocrx_word' id='word_1_383' title='bbox 2675 1109 3108 1180; x_wconf 87' lang='lat' dir='ltr'><strong>comparatione,</strong></span> <span class='ocrx_word' id='word_1_384' title='bbox 3139 1110 3232 1164; x_wconf 89' lang='lat' dir='ltr'><strong>sed</strong></span> <span class='ocrx_word' id='word_1_385' title='bbox 3264 1109 3554 1179; x_wconf 84' lang='lat' dir='ltr'><strong>ipsiusmet</strong></span> 
     </span>
    </p>
   </div>
   <div class='ocr_carea' id='block_1_54' title="bbox 1974 1183 3554 1282">
    <p class='ocr_par' dir='ltr' id='par_1_54' title="bbox 1974 1183 3554 1282">
     <span class='ocr_line' id='line_1_54' title="bbox 1974 1183 3554 1282; baseline -0.004 -24"><span class='ocrx_word' id='word_1_386' title='bbox 1974 1204 2068 1258; x_wconf 88' lang='lat' dir='ltr'><strong>Dei</strong></span> <span class='ocrx_word' id='word_1_387' title='bbox 2121 1202 2439 1268; x_wconf 83' lang='lat' dir='ltr'><strong>vocabitur;</strong></span> <span class='ocrx_word' id='word_1_388' title='bbox 2485 1217 2596 1270; x_wconf 88' lang='lat' dir='ltr'><strong>quo</strong></span> <span class='ocrx_word' id='word_1_389' title='bbox 2644 1217 2807 1256; x_wconf 90' lang='lat' dir='ltr'><strong>sensu</strong></span> <span class='ocrx_word' id='word_1_390' title='bbox 2866 1199 2994 1256; x_wconf 88' lang='lat' dir='ltr'><strong>lsai.</strong></span> <span class='ocrx_word' id='word_1_391' title='bbox 3037 1183 3193 1260; x_wconf 63' lang='grc' dir='ltr'><strong>ΓΠ.Ἷῆ</strong></span> <span class='ocrx_word' id='word_1_392' title='bbox 3235 1209 3360 1282; x_wconf 62' lang='lat' dir='ltr'><strong>rem</strong></span> <span class='ocrx_word' id='word_1_393' title='bbox 3397 1208 3554 1260; x_wconf 63' lang='lat' dir='ltr'><strong>rum</strong></span> 
     </span>
    </p>
   </div>
   <div class='ocr_carea' id='block_1_55' title="bbox 1972 1291 3554 1361">
    <p class='ocr_par' dir='ltr' id='par_1_55' title="bbox 1972 1291 3554 1361">
     <span class='ocr_line' id='line_1_55' title="bbox 1972 1291 3554 1361; baseline -0.003 -11"><span class='ocrx_word' id='word_1_394' title='bbox 1972 1295 2129 1351; x_wconf 83' lang='lat' dir='ltr'><strong>dixit.</strong></span> <span class='ocrx_word' id='word_1_395' title='bbox 2164 1294 2296 1361; x_wconf 61' lang='lat' dir='ltr'><strong>Quae</strong></span> <span class='ocrx_word' id='word_1_396' title='bbox 2317 1302 2462 1348; x_wconf 87' lang='lat' dir='ltr'><strong>recte</strong></span> <span class='ocrx_word' id='word_1_397' title='bbox 2499 1295 2554 1347; x_wconf 92' lang='lat' dir='ltr'><strong>D.</strong></span> <span class='ocrx_word' id='word_1_398' title='bbox 2586 1291 2808 1349; x_wconf 88' lang='lat' dir='ltr'><strong>llicron.</strong></span> <span class='ocrx_word' id='word_1_399' title='bbox 2843 1293 3038 1359; x_wconf 84' lang='lat' dir='ltr'><strong>vertit,</strong></span> <span class='ocrx_word' id='word_1_400' title='bbox 3077 1309 3275 1346; x_wconf 87' lang='lat' dir='ltr'><strong>annum</strong></span> <span class='ocrx_word' id='word_1_401' title='bbox 3307 1304 3554 1360; x_wconf 78' lang='lat' dir='ltr'><strong>accepta-</strong></span> 
     </span>
    </p>
   </div>
   <div class='ocr_carea' id='block_1_56' title="bbox 1973 1384 3556 1458">
    <p class='ocr_par' dir='ltr' id='par_1_56' title="bbox 1973 1384 3556 1458">
     <span class='ocr_line' id='line_1_56' title="bbox 1973 1384 3556 1458; baseline -0.004 -14"><span class='ocrx_word' id='word_1_402' title='bbox 1973 1388 2396 1458; x_wconf 63' lang='lat' dir='ltr'><strong>bilemﬂomino.</strong></span> <span class='ocrx_word' id='word_1_403' title='bbox 2432 1385 2683 1456; x_wconf 87' lang='lat' dir='ltr'><strong>Idemque</strong></span> <span class='ocrx_word' id='word_1_404' title='bbox 2717 1386 2769 1440; x_wconf 91' lang='lat' dir='ltr'><strong>in</strong></span> <span class='ocrx_word' id='word_1_405' title='bbox 2800 1385 3015 1440; x_wconf 91' lang='lat' dir='ltr'><strong>Comm.</strong></span> <span class='ocrx_word' id='word_1_406' title='bbox 3046 1384 3556 1455; x_wconf 49' lang='lat' dir='ltr'><strong>atmumacceptabi‘</strong></span> 
     </span>
    </p>
   </div>
   <div class='ocr_carea' id='block_1_57' title="bbox 1971 1476 3552 1547">
    <p class='ocr_par' dir='ltr' id='par_1_57' title="bbox 1971 1476 3552 1547">
     <span class='ocr_line' id='line_1_57' title="bbox 1971 1476 3552 1547; baseline -0.002 -13"><span class='ocrx_word' id='word_1_407' title='bbox 1971 1481 2094 1545; x_wconf 75' lang='lat' dir='ltr'><strong>lem,</strong></span> <span class='ocrx_word' id='word_1_408' title='bbox 2123 1489 2173 1534; x_wconf 85' lang='lat' dir='ltr'><strong>et</strong></span> <span class='ocrx_word' id='word_1_409' title='bbox 2202 1479 2340 1534; x_wconf 81' lang='lat' dir='ltr'><strong>diem</strong></span> <span class='ocrx_word' id='word_1_410' title='bbox 2371 1477 2755 1544; x_wconf 74' lang='lat' dir='ltr'><strong>retributionis,</strong></span> <span class='ocrx_word' id='word_1_411' title='bbox 2788 1494 2938 1533; x_wconf 84' lang='lat' dir='ltr'><strong>omne</strong></span> <span class='ocrx_word' id='word_1_412' title='bbox 2985 1477 3382 1547; x_wconf 72' lang='lat' dir='ltr'><strong>prwdicationis</strong></span> <span class='ocrx_word' id='word_1_413' title='bbox 3416 1476 3552 1546; x_wconf 81' lang='lat' dir='ltr'><strong>ejus,</strong></span> 
     </span>
    </p>
   </div>
   <div class='ocr_carea' id='block_1_58' title="bbox 1970 1567 3551 1640">
    <p class='ocr_par' dir='ltr' id='par_1_58' title="bbox 1970 1567 3551 1640">
     <span class='ocr_line' id='line_1_58' title="bbox 1970 1567 3551 1640; baseline -0.003 -17"><span class='ocrx_word' id='word_1_414' title='bbox 1970 1586 2072 1640; x_wconf 83' lang='lat' dir='ltr'><strong>quo</strong></span> <span class='ocrx_word' id='word_1_415' title='bbox 2100 1569 2154 1623; x_wconf 80' lang='lat' dir='ltr'><strong>in</strong></span> <span class='ocrx_word' id='word_1_416' title='bbox 2188 1585 2345 1623; x_wconf 83' lang='lat' dir='ltr'><strong>carne</strong></span> <span class='ocrx_word' id='word_1_417' title='bbox 2375 1576 2609 1622; x_wconf 80' lang='lat' dir='ltr'><strong>versatus</strong></span> <span class='ocrx_word' id='word_1_418' title='bbox 2639 1579 2738 1631; x_wconf 84' lang='lat' dir='ltr'><strong>est,</strong></span> <span class='ocrx_word' id='word_1_419' title='bbox 2769 1577 2968 1637; x_wconf 83' lang='lat' dir='ltr'><strong>tempus</strong></span> <span class='ocrx_word' id='word_1_420' title='bbox 2993 1567 3304 1637; x_wconf 80' lang='lat' dir='ltr'><strong>signiﬁcare</strong></span> <span class='ocrx_word' id='word_1_421' title='bbox 3343 1567 3551 1622; x_wconf 89' lang='lat' dir='ltr'><strong>docuit.</strong></span> 
     </span>
    </p>
   </div>
   <div class='ocr_carea' id='block_1_59' title="bbox 1972 1657 3553 1730">
    <p class='ocr_par' dir='ltr' id='par_1_59' title="bbox 1972 1657 3553 1730">
     <span class='ocr_line' id='line_1_59' title="bbox 1972 1657 3553 1730; baseline 0 -15"><span class='ocrx_word' id='word_1_422' title='bbox 1972 1659 2093 1727; x_wconf 83' lang='lat' dir='ltr'><strong>Quo</strong></span> <span class='ocrx_word' id='word_1_423' title='bbox 2111 1668 2166 1715; x_wconf 91' lang='lat' dir='ltr'><strong>et</strong></span> <span class='ocrx_word' id='word_1_424' title='bbox 2193 1660 2475 1730; x_wconf 88' lang='lat' dir='ltr'><strong>apostolus</strong></span> <span class='ocrx_word' id='word_1_425' title='bbox 2496 1658 2700 1714; x_wconf 87' lang='lat' dir='ltr'><strong>Paulus</strong></span> <span class='ocrx_word' id='word_1_426' title='bbox 2729 1661 2995 1729; x_wconf 84' lang='lat' dir='ltr'><strong>respexit,</strong></span> <span class='ocrx_word' id='word_1_427' title='bbox 3021 1676 3147 1714; x_wconf 88' lang='lat' dir='ltr'><strong>cum</strong></span> <span class='ocrx_word' id='word_1_428' title='bbox 3177 1658 3220 1712; x_wconf 90' lang='lat' dir='ltr'><strong>ll</strong></span> <span class='ocrx_word' id='word_1_429' title='bbox 3245 1659 3314 1715; x_wconf 91' lang='lat' dir='ltr'><strong>ad</strong></span> <span class='ocrx_word' id='word_1_430' title='bbox 3340 1657 3469 1715; x_wconf 90' lang='lat' dir='ltr'><strong>Cor.</strong></span> <span class='ocrx_word' id='word_1_431' title='bbox 3498 1675 3553 1715; x_wconf 78' lang='lat' dir='ltr'><strong>vr</strong></span> 
     </span>
    </p>
   </div>
   <div class='ocr_carea' id='block_1_60' title="bbox 1973 1749 3549 1819">
    <p class='ocr_par' dir='ltr' id='par_1_60' title="bbox 1973 1749 3549 1819">
     <span class='ocr_line' id='line_1_60' title="bbox 1973 1749 3549 1819; baseline 0.001 -14"><span class='ocrx_word' id='word_1_432' title='bbox 1973 1751 2108 1806; x_wconf 80' lang='lat' dir='ltr'><strong>dixit</strong></span> <span class='ocrx_word' id='word_1_433' title='bbox 2138 1762 2152 1805; x_wconf 79' lang='lat'><strong>:‘</strong></span> <span class='ocrx_word' id='word_1_434' title='bbox 2183 1749 2318 1804; x_wconf 85' lang='lat' dir='ltr'><strong>Ecce</strong></span> <span class='ocrx_word' id='word_1_435' title='bbox 2347 1766 2485 1804; x_wconf 87' lang='lat' dir='ltr'><strong>nunc</strong></span> <span class='ocrx_word' id='word_1_436' title='bbox 2530 1760 2729 1819; x_wconf 80' lang='lat' dir='ltr'><strong>tempus</strong></span> <span class='ocrx_word' id='word_1_437' title='bbox 2763 1750 3104 1818; x_wconf 84' lang='lat' dir='ltr'><strong>acceptabile.</strong></span> <span class='ocrx_word' id='word_1_438' title='bbox 3148 1750 3275 1807; x_wconf 63' lang='lat' dir='ltr'><strong>Haec</strong></span> <span class='ocrx_word' id='word_1_439' title='bbox 3321 1750 3549 1807; x_wconf 86' lang='lat' dir='ltr'><strong>Hieron.</strong></span> 
     </span>
    </p>
   </div>
   <div class='ocr_carea' id='block_1_61' title="bbox 1972 1839 3551 1914">
    <p class='ocr_par' dir='ltr' id='par_1_61' title="bbox 1972 1839 3551 1914">
     <span class='ocr_line' id='line_1_61' title="bbox 1972 1839 3551 1914; baseline 0.002 -18"><span class='ocrx_word' id='word_1_440' title='bbox 1972 1842 2130 1908; x_wconf 86' lang='lat' dir='ltr'><strong>Quod</strong></span> <span class='ocrx_word' id='word_1_441' title='bbox 2156 1852 2208 1898; x_wconf 91' lang='lat' dir='ltr'><strong>et</strong></span> <span class='ocrx_word' id='word_1_442' title='bbox 2237 1853 2363 1897; x_wconf 87' lang='lat' dir='ltr'><strong>ante</strong></span> <span class='ocrx_word' id='word_1_443' title='bbox 2386 1842 2564 1911; x_wconf 90' lang='lat' dir='ltr'><strong>ipsum</strong></span> <span class='ocrx_word' id='word_1_444' title='bbox 2598 1839 2735 1896; x_wconf 86' lang='lat' dir='ltr'><strong>lrcn.</strong></span> <span class='ocrx_word' id='word_1_445' title='bbox 2767 1841 2863 1895; x_wconf 89' lang='lat' dir='ltr'><strong>lib.</strong></span> <span class='ocrx_word' id='word_1_446' title='bbox 2890 1859 2951 1909; x_wconf 87' lang='grc' dir='ltr'><strong>ιι,</strong></span> <span class='ocrx_word' id='word_1_447' title='bbox 2977 1858 3097 1914; x_wconf 88' lang='lat' dir='ltr'><strong>cap.</strong></span> <span class='ocrx_word' id='word_1_448' title='bbox 3122 1843 3211 1910; x_wconf 78' lang='grc'><strong>58,</strong></span> <span class='ocrx_word' id='word_1_449' title='bbox 3244 1844 3507 1899; x_wconf 85' lang='lat' dir='ltr'><strong>docuerat</strong></span> <span class='ocrx_word' id='word_1_450' title='bbox 3534 1860 3551 1899; x_wconf 91' lang='lat'><strong>:</strong></span> 
     </span>
    </p>
   </div>
   <div class='ocr_carea' id='block_1_62' title="bbox 1969 1935 3552 2008">
    <p class='ocr_par' dir='ltr' id='par_1_62' title="bbox 1969 1935 3552 2008">
     <span class='ocr_line' id='line_1_62' title="bbox 1969 1935 3552 2008; baseline 0.001 -17"><span class='ocrx_word' id='word_1_451' title='bbox 1969 1950 2175 1991; x_wconf 91' lang='lat' dir='ltr'><strong>annum</strong></span> <span class='ocrx_word' id='word_1_452' title='bbox 2213 1935 2490 2002; x_wconf 82' lang='lat' dir='ltr'><strong>videlicet,</strong></span> <span class='ocrx_word' id='word_1_453' title='bbox 2535 1950 2699 2005; x_wconf 89' lang='lat' dir='ltr'><strong>quem</strong></span> <span class='ocrx_word' id='word_1_454' title='bbox 2746 1936 3013 2006; x_wconf 85' lang='lat' dir='ltr'><strong>propheta</strong></span> <span class='ocrx_word' id='word_1_455' title='bbox 3046 1946 3207 1991; x_wconf 83' lang='lat' dir='ltr'><strong>vocat</strong></span> <span class='ocrx_word' id='word_1_456' title='bbox 3238 1936 3552 2008; x_wconf 86' lang='lat' dir='ltr'><strong>acceptabi-</strong></span> 
     </span>
    </p>
   </div>
   <div class='ocr_carea' id='block_1_63' title="bbox 1969 2026 3552 2097">
    <p class='ocr_par' dir='ltr' id='par_1_63' title="bbox 1969 2026 3552 2097">
     <span class='ocr_line' id='line_1_63' title="bbox 1969 2026 3552 2097; baseline 0.001 -16"><span class='ocrx_word' id='word_1_457' title='bbox 1969 2026 2098 2093; x_wconf 91' lang='lat' dir='ltr'><strong>lem,</strong></span> <span class='ocrx_word' id='word_1_458' title='bbox 2131 2041 2296 2081; x_wconf 91' lang='lat' dir='ltr'><strong>omne</strong></span> <span class='ocrx_word' id='word_1_459' title='bbox 2329 2026 2398 2095; x_wconf 87' lang='lat' dir='ltr'><strong>ab</strong></span> <span class='ocrx_word' id='word_1_460' title='bbox 2428 2027 2666 2082; x_wconf 86' lang='lat' dir='ltr'><strong>adventu</strong></span> <span class='ocrx_word' id='word_1_461' title='bbox 2696 2026 2904 2081; x_wconf 88' lang='lat' dir='ltr'><strong>Christi</strong></span> <span class='ocrx_word' id='word_1_462' title='bbox 2955 2036 3170 2097; x_wconf 87' lang='lat' dir='ltr'><strong>tempus</strong></span> <span class='ocrx_word' id='word_1_463' title='bbox 3197 2029 3263 2082; x_wconf 89' lang='lat' dir='ltr'><strong>ad</strong></span> <span class='ocrx_word' id='word_1_464' title='bbox 3292 2043 3552 2084; x_wconf 90' lang='lat' dir='ltr'><strong>consum-</strong></span> 
     </span>
    </p>
   </div>
   <div class='ocr_carea' id='block_1_64' title="bbox 1967 2114 3550 2185">
    <p class='ocr_par' dir='ltr' id='par_1_64' title="bbox 1967 2114 3550 2185">
     <span class='ocr_line' id='line_1_64' title="bbox 1967 2114 3550 2185; baseline 0.002 -15"><span class='ocrx_word' id='word_1_465' title='bbox 1967 2116 2266 2170; x_wconf 90' lang='lat' dir='ltr'><strong>mationem</strong></span> <span class='ocrx_word' id='word_1_466' title='bbox 2290 2130 2461 2185; x_wconf 89' lang='lat' dir='ltr'><strong>usque</strong></span> <span class='ocrx_word' id='word_1_467' title='bbox 2478 2115 2812 2185; x_wconf 83' lang='lat' dir='ltr'><strong>signiﬁcare.</strong></span> <span class='ocrx_word' id='word_1_468' title='bbox 2848 2114 2958 2172; x_wconf 86' lang='lat' dir='ltr'><strong>Nec</strong></span> <span class='ocrx_word' id='word_1_469' title='bbox 2984 2118 3129 2172; x_wconf 90' lang='lat' dir='ltr'><strong>aliud</strong></span> <span class='ocrx_word' id='word_1_470' title='bbox 3156 2118 3327 2174; x_wconf 88' lang='lat' dir='ltr'><strong>Isaias</strong></span> <span class='ocrx_word' id='word_1_471' title='bbox 3354 2119 3550 2175; x_wconf 86' lang='lat' dir='ltr'><strong>voluit.</strong></span> 
     </span>
    </p>
   </div>
   <div class='ocr_carea' id='block_1_65' title="bbox 1966 2205 3553 2280">
    <p class='ocr_par' dir='ltr' id='par_1_65' title="bbox 1966 2205 3553 2280">
     <span class='ocr_line' id='line_1_65' title="bbox 1966 2205 3553 2280; baseline 0.004 -19"><span class='ocrx_word' id='word_1_472' title='bbox 1966 2206 2150 2274; x_wconf 83' lang='lat' dir='ltr'><strong>Quare</strong></span> <span class='ocrx_word' id='word_1_473' title='bbox 2187 2206 2334 2277; x_wconf 89' lang='lat' dir='ltr'><strong>quod</strong></span> <span class='ocrx_word' id='word_1_474' title='bbox 2376 2221 2444 2261; x_wconf 89' lang='lat' dir='ltr'><strong>ex</strong></span> <span class='ocrx_word' id='word_1_475' title='bbox 2493 2222 2562 2262; x_wconf 91' lang='lat' dir='ltr'><strong>eo</strong></span> <span class='ocrx_word' id='word_1_476' title='bbox 2607 2205 2713 2262; x_wconf 92' lang='lat' dir='ltr'><strong>PP.</strong></span> <span class='ocrx_word' id='word_1_477' title='bbox 2747 2207 2970 2277; x_wconf 87' lang='lat' dir='ltr'><strong>quidam</strong></span> <span class='ocrx_word' id='word_1_478' title='bbox 3002 2219 3460 2280; x_wconf 73' lang='lat' dir='ltr'><strong>argumentantur</strong></span> <span class='ocrx_word' id='word_1_479' title='bbox 3484 2212 3553 2267; x_wconf 91' lang='lat' dir='ltr'><strong>de</strong></span> 
     </span>
    </p>
   </div>
   <div class='ocr_carea' id='block_1_66' title="bbox 1967 2295 3552 2370">
    <p class='ocr_par' dir='ltr' id='par_1_66' title="bbox 1967 2295 3552 2370">
     <span class='ocr_line' id='line_1_66' title="bbox 1967 2295 3552 2370; baseline 0.003 -18"><span class='ocrx_word' id='word_1_480' title='bbox 1967 2311 2077 2352; x_wconf 91' lang='lat' dir='ltr'><strong>uno</strong></span> <span class='ocrx_word' id='word_1_481' title='bbox 2119 2296 2204 2352; x_wconf 89' lang='lat' dir='ltr'><strong>vel</strong></span> <span class='ocrx_word' id='word_1_482' title='bbox 2267 2295 2443 2351; x_wconf 90' lang='lat' dir='ltr'><strong>altero</strong></span> <span class='ocrx_word' id='word_1_483' title='bbox 2473 2296 2885 2366; x_wconf 82' lang='lat' dir='ltr'><strong>praedicationis</strong></span> <span class='ocrx_word' id='word_1_484' title='bbox 2915 2313 3084 2365; x_wconf 83' lang='lat' dir='ltr'><strong>anno,</strong></span> <span class='ocrx_word' id='word_1_485' title='bbox 3113 2301 3258 2370; x_wconf 89' lang='lat' dir='ltr'><strong>quod</strong></span> <span class='ocrx_word' id='word_1_486' title='bbox 3293 2315 3402 2357; x_wconf 89' lang='lat' dir='ltr'><strong>non</strong></span> <span class='ocrx_word' id='word_1_487' title='bbox 3432 2301 3552 2357; x_wconf 89' lang='lat' dir='ltr'><strong>sine</strong></span> 
     </span>
    </p>
   </div>
   <div class='ocr_carea' id='block_1_67' title="bbox 1965 2384 3550 2460">
    <p class='ocr_par' dir='ltr' id='par_1_67' title="bbox 1965 2384 3550 2460">
     <span class='ocr_line' id='line_1_67' title="bbox 1965 2384 3550 2460; baseline 0.003 -19"><span class='ocrx_word' id='word_1_488' title='bbox 1965 2386 2139 2441; x_wconf 67' lang='lat' dir='ltr'><strong>veniae</strong></span> <span class='ocrx_word' id='word_1_489' title='bbox 2169 2384 2493 2455; x_wconf 65' lang='lat' dir='ltr'><strong>praefatione</strong></span> <span class='ocrx_word' id='word_1_490' title='bbox 2518 2386 2733 2441; x_wconf 90' lang='lat' dir='ltr'><strong>dictum</strong></span> <span class='ocrx_word' id='word_1_491' title='bbox 2777 2386 2871 2454; x_wconf 87' lang='lat' dir='ltr'><strong>sit,</strong></span> <span class='ocrx_word' id='word_1_492' title='bbox 2900 2386 2970 2442; x_wconf 90' lang='lat' dir='ltr'><strong>ab</strong></span> <span class='ocrx_word' id='word_1_493' title='bbox 3001 2386 3154 2442; x_wconf 71' lang='lat' dir='ltr'><strong>isaize</strong></span> <span class='ocrx_word' id='word_1_494' title='bbox 3183 2399 3364 2444; x_wconf 87' lang='lat' dir='ltr'><strong>mente</strong></span> <span class='ocrx_word' id='word_1_495' title='bbox 3392 2405 3550 2460; x_wconf 84' lang='lat' dir='ltr'><strong>pror-</strong></span> 
     </span>
    </p>
   </div>
   <div class='ocr_carea' id='block_1_68' title="bbox 1969 2476 3551 2549">
    <p class='ocr_par' dir='ltr' id='par_1_68' title="bbox 1969 2476 3551 2549">
     <span class='ocr_line' id='line_1_68' title="bbox 1969 2476 3551 2549; baseline 0.001 -16"><span class='ocrx_word' id='word_1_496' title='bbox 1969 2492 2066 2534; x_wconf 87' lang='lat' dir='ltr'><strong>sus</strong></span> <span class='ocrx_word' id='word_1_497' title='bbox 2091 2478 2332 2534; x_wconf 91' lang='lat' dir='ltr'><strong>alienum</strong></span> <span class='ocrx_word' id='word_1_498' title='bbox 2366 2476 2603 2532; x_wconf 86' lang='lat' dir='ltr'><strong>videtur.</strong></span> <span class='ocrx_word' id='word_1_499' title='bbox 2636 2477 2717 2533; x_wconf 80' lang='lat' dir='ltr'><strong>Ac</strong></span> <span class='ocrx_word' id='word_1_500' title='bbox 2747 2478 2991 2549; x_wconf 80' lang='lat' dir='ltr'><strong>profecto</strong></span> <span class='ocrx_word' id='word_1_501' title='bbox 3036 2479 3082 2534; x_wconf 92' lang='lat' dir='ltr'><strong>si</strong></span> <span class='ocrx_word' id='word_1_502' title='bbox 3133 2479 3240 2534; x_wconf 89' lang='lat' dir='ltr'><strong>duo</strong></span> <span class='ocrx_word' id='word_1_503' title='bbox 3281 2481 3551 2536; x_wconf 84' lang='lat' dir='ltr'><strong>duntaxat</strong></span> 
     </span>
    </p>
   </div>
   <div class='ocr_carea' id='block_1_69' title="bbox 1965 2568 3553 2642">
    <p class='ocr_par' dir='ltr' id='par_1_69' title="bbox 1965 2568 3553 2642">
     <span class='ocr_line' id='line_1_69' title="bbox 1965 2568 3553 2642; baseline 0.003 -19"><span class='ocrx_word' id='word_1_504' title='bbox 1965 2578 2094 2623; x_wconf 89' lang='lat' dir='ltr'><strong>ante</strong></span> <span class='ocrx_word' id='word_1_505' title='bbox 2139 2577 2474 2639; x_wconf 87' lang='lat' dir='ltr'><strong>postremum</strong></span> <span class='ocrx_word' id='word_1_506' title='bbox 2526 2568 2683 2634; x_wconf 91' lang='lat' dir='ltr'><strong>illud,</strong></span> <span class='ocrx_word' id='word_1_507' title='bbox 2712 2580 2767 2625; x_wconf 91' lang='lat' dir='ltr'><strong>et</strong></span> <span class='ocrx_word' id='word_1_508' title='bbox 2815 2569 3221 2642; x_wconf 84' lang='grc' dir='ltr'><strong>σταυρώσιμον,</strong></span> <span class='ocrx_word' id='word_1_509' title='bbox 3281 2571 3553 2629; x_wconf 86' lang='lat' dir='ltr'><strong>Paschata</strong></span> 
     </span>
    </p>
   </div>
   <div class='ocr_carea' id='block_1_70' title="bbox 1966 2659 3551 2733">
    <p class='ocr_par' dir='ltr' id='par_1_70' title="bbox 1966 2659 3551 2733">
     <span class='ocr_line' id='line_1_70' title="bbox 1966 2659 3551 2733; baseline 0.003 -18"><span class='ocrx_word' id='word_1_510' title='bbox 1966 2659 2290 2731; x_wconf 86' lang='lat' dir='ltr'><strong>transegerit</strong></span> <span class='ocrx_word' id='word_1_511' title='bbox 2317 2659 2572 2716; x_wconf 87' lang='lat' dir='ltr'><strong>Christus</strong></span> <span class='ocrx_word' id='word_1_512' title='bbox 2595 2699 2612 2725; x_wconf 92' lang='lat'><strong>,</strong></span> <span class='ocrx_word' id='word_1_513' title='bbox 2641 2660 2759 2716; x_wconf 89' lang='lat' dir='ltr'><strong>ﬁeri</strong></span> <span class='ocrx_word' id='word_1_514' title='bbox 2802 2677 2913 2715; x_wconf 90' lang='lat' dir='ltr'><strong>non</strong></span> <span class='ocrx_word' id='word_1_515' title='bbox 2958 2672 3173 2731; x_wconf 78' lang='lat' dir='ltr'><strong>potest,</strong></span> <span class='ocrx_word' id='word_1_516' title='bbox 3215 2670 3274 2717; x_wconf 94' lang='lat' dir='ltr'><strong>ut</strong></span> <span class='ocrx_word' id='word_1_517' title='bbox 3310 2665 3551 2733; x_wconf 86' lang='lat' dir='ltr'><strong>priorem</strong></span> 
     </span>
    </p>
   </div>
   <div class='ocr_carea' id='block_1_71' title="bbox 1964 2748 3553 2811">
    <p class='ocr_par' dir='ltr' id='par_1_71' title="bbox 1964 2748 3553 2811">
     <span class='ocr_line' id='line_1_71' title="bbox 1964 2748 3553 2811; baseline 0.003 -4"><span class='ocrx_word' id='word_1_518' title='bbox 1964 2766 2173 2807; x_wconf 87' lang='lat' dir='ltr'><strong>annum</strong></span> <span class='ocrx_word' id='word_1_519' title='bbox 2238 2750 2359 2805; x_wconf 83' lang='lat' dir='ltr'><strong>sine</strong></span> <span class='ocrx_word' id='word_1_520' title='bbox 2408 2750 2577 2806; x_wconf 86' lang='lat' dir='ltr'><strong>uliius</strong></span> <span class='ocrx_word' id='word_1_521' title='bbox 2627 2748 2929 2808; x_wconf 78' lang='lat' dir='ltr'><strong>offensione</strong></span> <span class='ocrx_word' id='word_1_522' title='bbox 2998 2768 3063 2808; x_wconf 88' lang='lat' dir='ltr'><strong>ac</strong></span> <span class='ocrx_word' id='word_1_523' title='bbox 3119 2754 3553 2811; x_wconf 87' lang='lat' dir='ltr'><strong>contradictione</strong></span> 
     </span>
    </p>
   </div>
   <div class='ocr_carea' id='block_1_72' title="bbox 1965 2849 3549 2919">
    <p class='ocr_par' dir='ltr' id='par_1_72' title="bbox 1965 2849 3549 2919">
     <span class='ocr_line' id='line_1_72' title="bbox 1965 2849 3549 2919; baseline 0.004 -17"><span class='ocrx_word' id='word_1_524' title='bbox 1965 2849 2398 2919; x_wconf 77' lang='lat' dir='ltr'><strong>consumpserit;</strong></span> <span class='ocrx_word' id='word_1_525' title='bbox 2427 2849 2628 2906; x_wconf 88' lang='lat' dir='ltr'><strong>multas</strong></span> <span class='ocrx_word' id='word_1_526' title='bbox 2651 2850 2798 2905; x_wconf 85' lang='lat' dir='ltr'><strong>enim</strong></span> <span class='ocrx_word' id='word_1_527' title='bbox 2824 2859 2879 2906; x_wconf 89' lang='lat' dir='ltr'><strong>et</strong></span> <span class='ocrx_word' id='word_1_528' title='bbox 2929 2851 3159 2907; x_wconf 88' lang='lat' dir='ltr'><strong>hostiles</strong></span> <span class='ocrx_word' id='word_1_529' title='bbox 3191 2852 3508 2909; x_wconf 77' lang='lat' dir='ltr'><strong>vexationes</strong></span> <span class='ocrx_word' id='word_1_530' title='bbox 3530 2891 3549 2917; x_wconf 83' lang='lat'><strong>,</strong></span> 
     </span>
    </p>
   </div>
   <div class='ocr_carea' id='block_1_73' title="bbox 1963 2937 3554 3016">
    <p class='ocr_par' dir='ltr' id='par_1_73' title="bbox 1963 2937 3554 3016">
     <span class='ocr_line' id='line_1_73' title="bbox 1963 2937 3554 3016; baseline 0.006 -23"><span class='ocrx_word' id='word_1_531' title='bbox 1963 2937 2215 3006; x_wconf 87' lang='lat' dir='ltr'><strong>insidias,</strong></span> <span class='ocrx_word' id='word_1_532' title='bbox 2257 2941 2620 2998; x_wconf 88' lang='lat' dir='ltr'><strong>contumelias</strong></span> <span class='ocrx_word' id='word_1_533' title='bbox 2647 2942 2702 2997; x_wconf 94' lang='lat' dir='ltr'><strong>in</strong></span> <span class='ocrx_word' id='word_1_534' title='bbox 2726 2957 2853 3000; x_wconf 89' lang='lat' dir='ltr'><strong>eum</strong></span> <span class='ocrx_word' id='word_1_535' title='bbox 2878 2959 3083 3000; x_wconf 90' lang='lat' dir='ltr'><strong>annum</strong></span> <span class='ocrx_word' id='word_1_536' title='bbox 3103 2944 3306 3016; x_wconf 85' lang='lat' dir='ltr'><strong>conjici</strong></span> <span class='ocrx_word' id='word_1_537' title='bbox 3329 2961 3554 3002; x_wconf 87' lang='lat' dir='ltr'><strong>necesse</strong></span> 
     </span>
    </p>
   </div>
   <div class='ocr_carea' id='block_1_74' title="bbox 1962 3031 3554 3105">
    <p class='ocr_par' dir='ltr' id='par_1_74' title="bbox 1962 3031 3554 3105">
     <span class='ocr_line' id='line_1_74' title="bbox 1962 3031 3554 3105; baseline 0.006 -22"><span class='ocrx_word' id='word_1_538' title='bbox 1962 3037 2067 3093; x_wconf 90' lang='lat' dir='ltr'><strong>est,</strong></span> <span class='ocrx_word' id='word_1_539' title='bbox 2094 3036 2156 3083; x_wconf 89' lang='lat' dir='ltr'><strong>ut</strong></span> <span class='ocrx_word' id='word_1_540' title='bbox 2183 3039 2374 3098; x_wconf 82' lang='lat' dir='ltr'><strong>postea</strong></span> <span class='ocrx_word' id='word_1_541' title='bbox 2408 3031 2802 3099; x_wconf 86' lang='lat' dir='ltr'><strong>declarabitur,</strong></span> <span class='ocrx_word' id='word_1_542' title='bbox 2829 3048 3144 3105; x_wconf 84' lang='lat' dir='ltr'><strong>quanquam</strong></span> <span class='ocrx_word' id='word_1_543' title='bbox 3170 3051 3240 3090; x_wconf 91' lang='lat' dir='ltr'><strong>ne</strong></span> <span class='ocrx_word' id='word_1_544' title='bbox 3263 3037 3554 3092; x_wconf 86' lang='lat' dir='ltr'><strong>commoda</strong></span> 
     </span>
    </p>
   </div>
   <div class='ocr_carea' id='block_1_75' title="bbox 1962 3117 3552 3192">
    <p class='ocr_par' dir='ltr' id='par_1_75' title="bbox 1962 3117 3552 3192">
     <span class='ocr_line' id='line_1_75' title="bbox 1962 3117 3552 3192; baseline 0.005 -23"><span class='ocrx_word' id='word_1_545' title='bbox 1962 3117 2178 3187; x_wconf 89' lang='lat' dir='ltr'><strong>quidem</strong></span> <span class='ocrx_word' id='word_1_546' title='bbox 2214 3118 2284 3173; x_wconf 85' lang='lat' dir='ltr'><strong>ab</strong></span> <span class='ocrx_word' id='word_1_547' title='bbox 2317 3119 2426 3174; x_wconf 90' lang='lat' dir='ltr'><strong>illis</strong></span> <span class='ocrx_word' id='word_1_548' title='bbox 2469 3118 2805 3175; x_wconf 88' lang='lat' dir='ltr'><strong>Paschatum</strong></span> <span class='ocrx_word' id='word_1_549' title='bbox 2847 3131 2912 3177; x_wconf 86' lang='lat' dir='ltr'><strong>ac</strong></span> <span class='ocrx_word' id='word_1_550' title='bbox 2943 3130 3249 3192; x_wconf 88' lang='lat' dir='ltr'><strong>temporum</strong></span> <span class='ocrx_word' id='word_1_551' title='bbox 3296 3123 3552 3178; x_wconf 87' lang='lat' dir='ltr'><strong>instituta</strong></span> 
     </span>
    </p>
   </div>
   <div class='ocr_carea' id='block_1_76' title="bbox 1961 3204 3550 3282">
    <p class='ocr_par' dir='ltr' id='par_1_76' title="bbox 1961 3204 3550 3282">
     <span class='ocr_line' id='line_1_76' title="bbox 1961 3204 3550 3282; baseline 0.004 -19"><span class='ocrx_word' id='word_1_552' title='bbox 1961 3208 2299 3265; x_wconf 86' lang='lat' dir='ltr'><strong>distributio.</strong></span> <span class='ocrx_word' id='word_1_553' title='bbox 2342 3209 2603 3268; x_wconf 74' lang='lat' dir='ltr'><strong>lrenaaus.</strong></span> <span class='ocrx_word' id='word_1_554' title='bbox 2625 3212 2867 3280; x_wconf 91' lang='lat' dir='ltr'><strong>primum</strong></span> <span class='ocrx_word' id='word_1_555' title='bbox 2896 3211 3104 3270; x_wconf 86' lang='lat' dir='ltr'><strong>Pascha</strong></span> <span class='ocrx_word' id='word_1_556' title='bbox 3151 3215 3344 3271; x_wconf 82' lang='lat' dir='ltr'><strong>statuit</strong></span> <span class='ocrx_word' id='word_1_557' title='bbox 3384 3204 3550 3282; x_wconf 87' lang='lat' dir='ltr'><strong>illud,</strong></span> 
     </span>
    </p>
   </div>
   <div class='ocr_carea' id='block_1_77' title="bbox 1969 3298 3547 3372">
    <p class='ocr_par' dir='ltr' id='par_1_77' title="bbox 1969 3298 3547 3372">
     <span class='ocr_line' id='line_1_77' title="bbox 1969 3298 3547 3372; baseline 0.003 -18"><span class='ocrx_word' id='word_1_558' title='bbox 1969 3298 2127 3368; x_wconf 85' lang='lat' dir='ltr'><strong>cujus</strong></span> <span class='ocrx_word' id='word_1_559' title='bbox 2163 3300 2418 3355; x_wconf 89' lang='lat' dir='ltr'><strong>meminit</strong></span> <span class='ocrx_word' id='word_1_560' title='bbox 2450 3299 2610 3357; x_wconf 85' lang='lat' dir='ltr'><strong>Joan.</strong></span> <span class='ocrx_word' id='word_1_561' title='bbox 2658 3317 2781 3372; x_wconf 91' lang='lat' dir='ltr'><strong>cap.</strong></span> <span class='ocrx_word' id='word_1_562' title='bbox 2813 3319 2872 3367; x_wconf 92' lang='grc' dir='ltr'><strong>ιι,</strong></span> <span class='ocrx_word' id='word_1_563' title='bbox 2914 3318 3061 3360; x_wconf 90' lang='lat' dir='ltr'><strong>com.</strong></span> <span class='ocrx_word' id='word_1_564' title='bbox 3099 3306 3199 3371; x_wconf 77' lang='lat'><strong>15;</strong></span> <span class='ocrx_word' id='word_1_565' title='bbox 3245 3306 3547 3361; x_wconf 87' lang='lat' dir='ltr'><strong>secundum</strong></span> 
     </span>
    </p>
   </div>
   <div class='ocr_carea' id='block_1_78' title="bbox 1967 3390 3550 3461">
    <p class='ocr_par' dir='ltr' id='par_1_78' title="bbox 1967 3390 3550 3461">
     <span class='ocr_line' id='line_1_78' title="bbox 1967 3390 3550 3461; baseline 0.004 -17"><span class='ocrx_word' id='word_1_566' title='bbox 1967 3405 2097 3445; x_wconf 88' lang='lat' dir='ltr'><strong>vero</strong></span> <span class='ocrx_word' id='word_1_567' title='bbox 2127 3405 2193 3445; x_wconf 86' lang='lat' dir='ltr'><strong>ex</strong></span> <span class='ocrx_word' id='word_1_568' title='bbox 2229 3390 2388 3447; x_wconf 86' lang='lat' dir='ltr'><strong>Joan.</strong></span> <span class='ocrx_word' id='word_1_569' title='bbox 2423 3408 2475 3456; x_wconf 91' lang='lat' dir='ltr'><strong>v,</strong></span> <span class='ocrx_word' id='word_1_570' title='bbox 2508 3407 2650 3449; x_wconf 88' lang='lat' dir='ltr'><strong>com.</strong></span> <span class='ocrx_word' id='word_1_571' title='bbox 2696 3395 2747 3460; x_wconf 82' lang='lat' dir='ltr'><strong>l,</strong></span> <span class='ocrx_word' id='word_1_572' title='bbox 2771 3394 3011 3461; x_wconf 87' lang='lat' dir='ltr'><strong>deducit,</strong></span> <span class='ocrx_word' id='word_1_573' title='bbox 3045 3397 3136 3452; x_wconf 94' lang='lat' dir='ltr'><strong>ubi</strong></span> <span class='ocrx_word' id='word_1_574' title='bbox 3168 3396 3312 3453; x_wconf 92' lang='lat' dir='ltr'><strong>diem</strong></span> <span class='ocrx_word' id='word_1_575' title='bbox 3349 3396 3550 3451; x_wconf 83' lang='lat' dir='ltr'><strong>festum</strong></span> 
     </span>
    </p>
   </div>
   <div class='ocr_carea' id='block_1_79' title="bbox 1965 3480 3548 3558">
    <p class='ocr_par' dir='ltr' id='par_1_79' title="bbox 1965 3480 3548 3558">
     <span class='ocr_line' id='line_1_79' title="bbox 1965 3480 3548 3558; baseline 0.003 -21"><span class='ocrx_word' id='word_1_576' title='bbox 1965 3480 2278 3539; x_wconf 67' lang='lat' dir='ltr'><strong>Judaeorum</strong></span> <span class='ocrx_word' id='word_1_577' title='bbox 2315 3485 2562 3540; x_wconf 90' lang='lat' dir='ltr'><strong>nominat</strong></span> <span class='ocrx_word' id='word_1_578' title='bbox 2614 3504 2627 3541; x_wconf 90' lang='lat'><strong>:</strong></span> <span class='ocrx_word' id='word_1_579' title='bbox 2665 3502 2901 3556; x_wconf 91' lang='lat' dir='ltr'><strong>quocum</strong></span> <span class='ocrx_word' id='word_1_580' title='bbox 2941 3488 3172 3543; x_wconf 90' lang='lat' dir='ltr'><strong>alterum</strong></span> <span class='ocrx_word' id='word_1_581' title='bbox 3234 3489 3432 3558; x_wconf 90' lang='lat' dir='ltr'><strong>capitis</strong></span> <span class='ocrx_word' id='word_1_582' title='bbox 3472 3503 3548 3553; x_wconf 81' lang='lat' dir='ltr'><strong>vr,</strong></span> 
     </span>
    </p>
   </div>
   <div class='ocr_carea' id='block_1_80' title="bbox 1966 3574 3549 3653">
    <p class='ocr_par' dir='ltr' id='par_1_80' title="bbox 1966 3574 3549 3653">
     <span class='ocr_line' id='line_1_80' title="bbox 1966 3574 3549 3653; baseline 0.002 -21"><span class='ocrx_word' id='word_1_583' title='bbox 1966 3590 2112 3632; x_wconf 90' lang='lat' dir='ltr'><strong>com.</strong></span> <span class='ocrx_word' id='word_1_584' title='bbox 2147 3576 2202 3641; x_wconf 77' lang='grc'>4,</span> <span class='ocrx_word' id='word_1_585' title='bbox 2230 3574 2546 3645; x_wconf 86' lang='lat' dir='ltr'><strong>confundit;</strong></span> <span class='ocrx_word' id='word_1_586' title='bbox 2582 3587 2709 3635; x_wconf 91' lang='lat' dir='ltr'><strong>ante</strong></span> <span class='ocrx_word' id='word_1_587' title='bbox 2755 3580 2903 3651; x_wconf 92' lang='lat' dir='ltr'><strong>quod</strong></span> <span class='ocrx_word' id='word_1_588' title='bbox 2936 3580 3423 3650; x_wconf 87' lang='lat' dir='ltr'><strong>multiplicatorum</strong></span> <span class='ocrx_word' id='word_1_589' title='bbox 3449 3599 3549 3653; x_wconf 84' lang='lat' dir='ltr'><strong>pa-</strong></span> 
     </span>
    </p>
   </div>
   <div class='ocr_carea' id='block_1_81' title="bbox 1966 3668 3549 3744">
    <p class='ocr_par' dir='ltr' id='par_1_81' title="bbox 1966 3668 3549 3744">
     <span class='ocr_line' id='line_1_81' title="bbox 1966 3668 3549 3744; baseline 0.004 -22"><span class='ocrx_word' id='word_1_590' title='bbox 1966 3684 2097 3722; x_wconf 91' lang='lat' dir='ltr'><strong>num</strong></span> <span class='ocrx_word' id='word_1_591' title='bbox 2123 3668 2430 3739; x_wconf 87' lang='lat' dir='ltr'><strong>prodigium</strong></span> <span class='ocrx_word' id='word_1_592' title='bbox 2453 3670 2688 3726; x_wconf 89' lang='lat' dir='ltr'><strong>accidit:</strong></span> <span class='ocrx_word' id='word_1_593' title='bbox 2716 3671 2803 3727; x_wconf 92' lang='lat' dir='ltr'><strong>his</strong></span> <span class='ocrx_word' id='word_1_594' title='bbox 2828 3671 3042 3727; x_wconf 88' lang='lat' dir='ltr'><strong>duobus</strong></span> <span class='ocrx_word' id='word_1_595' title='bbox 3066 3673 3360 3744; x_wconf 68' lang='lat' dir='ltr'><strong>subjicitrb</strong></span> <span class='ocrx_word' id='word_1_596' title='bbox 3381 3691 3549 3728; x_wconf 67' lang='grc' dir='ltr'><strong>σταυο</strong></span> 
     </span>
    </p>
   </div>
   <div class='ocr_carea' id='block_1_82' title="bbox 1971 3759 3548 3831">
    <p class='ocr_par' dir='ltr' id='par_1_82' title="bbox 1971 3759 3548 3831">
     <span class='ocr_line' id='line_1_82' title="bbox 1971 3759 3548 3831; baseline 0.007 -20"><span class='ocrx_word' id='word_1_597' title='bbox 1971 3759 2229 3831; x_wconf 86' lang='grc' dir='ltr'><strong>ρώσιμον.</strong></span> <span class='ocrx_word' id='word_1_598' title='bbox 2274 3759 2443 3817; x_wconf 85' lang='lat' dir='ltr'><strong>Miror</strong></span> <span class='ocrx_word' id='word_1_599' title='bbox 2485 3762 2631 3818; x_wconf 91' lang='lat' dir='ltr'><strong>hunc</strong></span> <span class='ocrx_word' id='word_1_600' title='bbox 2664 3763 2852 3819; x_wconf 73' lang='lat' dir='ltr'><strong>irentei</strong></span> <span class='ocrx_word' id='word_1_601' title='bbox 2898 3765 3079 3821; x_wconf 90' lang='lat' dir='ltr'><strong>locum</strong></span> <span class='ocrx_word' id='word_1_602' title='bbox 3119 3781 3229 3820; x_wconf 92' lang='lat' dir='ltr'><strong>non</strong></span> <span class='ocrx_word' id='word_1_603' title='bbox 3271 3766 3405 3821; x_wconf 88' lang='lat' dir='ltr'><strong>satis</strong></span> <span class='ocrx_word' id='word_1_604' title='bbox 3447 3781 3548 3821; x_wconf 85' lang='lat' dir='ltr'><strong>ex-</strong></span> 
     </span>
    </p>
   </div>
   <div class='ocr_carea' id='block_1_83' title="bbox 1965 3852 3551 3923">
    <p class='ocr_par' dir='ltr' id='par_1_83' title="bbox 1965 3852 3551 3923">
     <span class='ocr_line' id='line_1_83' title="bbox 1965 3852 3551 3923; baseline 0.006 -18"><span class='ocrx_word' id='word_1_605' title='bbox 1965 3852 2239 3921; x_wconf 90' lang='lat' dir='ltr'><strong>pendisse,</strong></span> <span class='ocrx_word' id='word_1_606' title='bbox 2267 3852 2361 3923; x_wconf 89' lang='lat' dir='ltr'><strong>qui</strong></span> <span class='ocrx_word' id='word_1_607' title='bbox 2387 3855 2689 3909; x_wconf 89' lang='lat' dir='ltr'><strong>secundum</strong></span> <span class='ocrx_word' id='word_1_608' title='bbox 2715 3855 2927 3912; x_wconf 83' lang='lat' dir='ltr'><strong>Pascha</strong></span> <span class='ocrx_word' id='word_1_609' title='bbox 2951 3873 3018 3913; x_wconf 79' lang='lat' dir='ltr'><strong>ex</strong></span> <span class='ocrx_word' id='word_1_610' title='bbox 3045 3858 3194 3913; x_wconf 89' lang='lat' dir='ltr'><strong>illius</strong></span> <span class='ocrx_word' id='word_1_611' title='bbox 3223 3859 3551 3915; x_wconf 87' lang='lat' dir='ltr'><strong>auctoritate</strong></span> 
     </span>
    </p>
   </div>
   <div class='ocr_carea' id='block_1_84' title="bbox 1966 3944 3552 4021">
    <p class='ocr_par' dir='ltr' id='par_1_84' title="bbox 1966 3944 3552 4021">
     <span class='ocr_line' id='line_1_84' title="bbox 1966 3944 3552 4021; baseline 0.008 -24"><span class='ocrx_word' id='word_1_612' title='bbox 1966 3944 2303 3999; x_wconf 90' lang='lat' dir='ltr'><strong>constituunt</strong></span> <span class='ocrx_word' id='word_1_613' title='bbox 2334 3944 2478 3999; x_wconf 91' lang='lat' dir='ltr'><strong>istud</strong></span> <span class='ocrx_word' id='word_1_614' title='bbox 2511 3946 2712 4018; x_wconf 91' lang='lat' dir='ltr'><strong>ipsum,</strong></span> <span class='ocrx_word' id='word_1_615' title='bbox 2743 3948 2811 4004; x_wconf 92' lang='lat' dir='ltr'><strong>de</strong></span> <span class='ocrx_word' id='word_1_616' title='bbox 2833 3966 2943 4019; x_wconf 88' lang='lat' dir='ltr'><strong>quo</strong></span> <span class='ocrx_word' id='word_1_617' title='bbox 2966 3949 3126 4005; x_wconf 80' lang='lat' dir='ltr'><strong>Joan.</strong></span> <span class='ocrx_word' id='word_1_618' title='bbox 3161 3967 3283 4021; x_wconf 85' lang='lat' dir='ltr'><strong>cap.</strong></span> <span class='ocrx_word' id='word_1_619' title='bbox 3310 3969 3362 4017; x_wconf 84' lang='grc' dir='ltr'>γ,</span> <span class='ocrx_word' id='word_1_620' title='bbox 3393 3953 3464 4009; x_wconf 80' lang='lat' dir='ltr'><strong>ita</strong></span> <span class='ocrx_word' id='word_1_621' title='bbox 3494 3962 3552 4009; x_wconf 91' lang='lat' dir='ltr'><strong>ut</strong></span> 
     </span>
    </p>
   </div>
   <div class='ocr_carea' id='block_1_85' title="bbox 1967 4036 3551 4109">
    <p class='ocr_par' dir='ltr' id='par_1_85' title="bbox 1967 4036 3551 4109">
     <span class='ocr_line' id='line_1_85' title="bbox 1967 4036 3551 4109; baseline 0.008 -20"><span class='ocrx_word' id='word_1_622' title='bbox 1967 4036 2185 4091; x_wconf 89' lang='lat' dir='ltr'><strong>tertium</strong></span> <span class='ocrx_word' id='word_1_623' title='bbox 2219 4039 2291 4093; x_wconf 87' lang='lat' dir='ltr'><strong>sit</strong></span> <span class='ocrx_word' id='word_1_624' title='bbox 2312 4039 2471 4109; x_wconf 84' lang='lat' dir='ltr'><strong>cujus</strong></span> <span class='ocrx_word' id='word_1_625' title='bbox 2500 4037 2662 4096; x_wconf 76' lang='lat' dir='ltr'><strong>Joan.</strong></span> <span class='ocrx_word' id='word_1_626' title='bbox 2689 4056 2764 4107; x_wconf 80' lang='lat' dir='ltr'><strong>vi,</strong></span> <span class='ocrx_word' id='word_1_627' title='bbox 2794 4044 3000 4101; x_wconf 83' lang='lat' dir='ltr'><strong>mentio</strong></span> <span class='ocrx_word' id='word_1_628' title='bbox 3026 4043 3101 4099; x_wconf 89' lang='lat' dir='ltr'><strong>ﬁt.</strong></span> <span class='ocrx_word' id='word_1_629' title='bbox 3132 4044 3344 4100; x_wconf 88' lang='lat' dir='ltr'><strong>Etenim</strong></span> <span class='ocrx_word' id='word_1_630' title='bbox 3370 4047 3415 4102; x_wconf 91' lang='lat' dir='ltr'><strong>si</strong></span> <span class='ocrx_word' id='word_1_631' title='bbox 3442 4047 3551 4102; x_wconf 91' lang='lat' dir='ltr'><strong>duo</strong></span> 
     </span>
    </p>
   </div>
   <div class='ocr_carea' id='block_1_86' title="bbox 1965 4125 3550 4200">
    <p class='ocr_par' dir='ltr' id='par_1_86' title="bbox 1965 4125 3550 4200">
     <span class='ocr_line' id='line_1_86' title="bbox 1965 4125 3550 4200; baseline 0.008 -19"><span class='ocrx_word' id='word_1_632' title='bbox 1965 4125 2083 4183; x_wconf 73' lang='lat' dir='ltr'><strong>haec</strong></span> <span class='ocrx_word' id='word_1_633' title='bbox 2111 4127 2251 4183; x_wconf 83' lang='lat' dir='ltr'><strong>festa</strong></span> <span class='ocrx_word' id='word_1_634' title='bbox 2281 4129 2539 4186; x_wconf 87' lang='lat' dir='ltr'><strong>distincta</strong></span> <span class='ocrx_word' id='word_1_635' title='bbox 2579 4146 2705 4188; x_wconf 89' lang='lat' dir='ltr'><strong>esse</strong></span> <span class='ocrx_word' id='word_1_636' title='bbox 2747 4133 3073 4191; x_wconf 89' lang='lat' dir='ltr'><strong>credidisset</strong></span> <span class='ocrx_word' id='word_1_637' title='bbox 3104 4134 3342 4192; x_wconf 66' lang='lat' dir='ltr'><strong>lrenmus</strong></span> <span class='ocrx_word' id='word_1_638' title='bbox 3367 4178 3381 4200; x_wconf 91' lang='lat'><strong>,</strong></span> <span class='ocrx_word' id='word_1_639' title='bbox 3423 4154 3550 4193; x_wconf 88' lang='lat' dir='ltr'><strong>cum</strong></span> 
     </span>
    </p>
   </div>
   <div class='ocr_carea' id='block_1_87' title="bbox 1966 4220 3546 4295">
    <p class='ocr_par' dir='ltr' id='par_1_87' title="bbox 1966 4220 3546 4295">
     <span class='ocr_line' id='line_1_87' title="bbox 1966 4220 3546 4295; baseline 0.007 -22"><span class='ocrx_word' id='word_1_640' title='bbox 1966 4220 2161 4290; x_wconf 81' lang='lat' dir='ltr'><strong>triplex</strong></span> <span class='ocrx_word' id='word_1_641' title='bbox 2217 4221 2486 4277; x_wconf 85' lang='lat' dir='ltr'><strong>duntaxat</strong></span> <span class='ocrx_word' id='word_1_642' title='bbox 2544 4222 2756 4279; x_wconf 82' lang='lat' dir='ltr'><strong>Pascha</strong></span> <span class='ocrx_word' id='word_1_643' title='bbox 2809 4225 3190 4295; x_wconf 65' lang='lat' dir='ltr'><strong>praedicationi</strong></span> <span class='ocrx_word' id='word_1_644' title='bbox 3244 4230 3546 4295; x_wconf 86' lang='lat' dir='ltr'><strong>tribueret,</strong></span> 
     </span>
    </p>
   </div>
   <div class='ocr_carea' id='block_1_88' title="bbox 1964 4312 3549 4383">
    <p class='ocr_par' dir='ltr' id='par_1_88' title="bbox 1964 4312 3549 4383">
     <span class='ocr_line' id='line_1_88' title="bbox 1964 4312 3549 4383; baseline 0.007 -18"><span class='ocrx_word' id='word_1_645' title='bbox 1964 4326 2244 4381; x_wconf 85' lang='lat' dir='ltr'><strong>nunquam</strong></span> <span class='ocrx_word' id='word_1_646' title='bbox 2286 4312 2437 4381; x_wconf 87' lang='lat' dir='ltr'><strong>prius</strong></span> <span class='ocrx_word' id='word_1_647' title='bbox 2472 4313 2606 4368; x_wconf 91' lang='lat' dir='ltr'><strong>illud</strong></span> <span class='ocrx_word' id='word_1_648' title='bbox 2642 4314 2838 4370; x_wconf 84' lang='lat' dir='ltr'><strong>festum</strong></span> <span class='ocrx_word' id='word_1_649' title='bbox 2884 4314 3043 4372; x_wconf 88' lang='lat' dir='ltr'><strong>Joan.</strong></span> <span class='ocrx_word' id='word_1_650' title='bbox 3081 4335 3135 4383; x_wconf 93' lang='lat' dir='ltr'><strong>v,</strong></span> <span class='ocrx_word' id='word_1_651' title='bbox 3187 4319 3396 4375; x_wconf 75' lang='lat' dir='ltr'><strong>Pascha</strong></span> <span class='ocrx_word' id='word_1_652' title='bbox 3426 4337 3549 4376; x_wconf 87' lang='lat' dir='ltr'><strong>esse</strong></span> 
     </span>
    </p>
   </div>
   <div class='ocr_carea' id='block_1_89' title="bbox 1965 4399 3543 4479">
    <p class='ocr_par' dir='ltr' id='par_1_89' title="bbox 1965 4399 3543 4479">
     <span class='ocr_line' id='line_1_89' title="bbox 1965 4399 3543 4479; baseline 0.007 -26"><span class='ocrx_word' id='word_1_653' title='bbox 1965 4399 2215 4456; x_wconf 85' lang='lat' dir='ltr'><strong>dixisset.</strong></span> <span class='ocrx_word' id='word_1_654' title='bbox 2250 4400 2358 4456; x_wconf 91' lang='lat' dir='ltr'><strong>Sed</strong></span> <span class='ocrx_word' id='word_1_655' title='bbox 2401 4402 2607 4473; x_wconf 83' lang='lat' dir='ltr'><strong>largius</strong></span> <span class='ocrx_word' id='word_1_656' title='bbox 2640 4415 2830 4472; x_wconf 90' lang='lat' dir='ltr'><strong>peccat</strong></span> <span class='ocrx_word' id='word_1_657' title='bbox 2859 4404 3194 4475; x_wconf 89' lang='lat' dir='ltr'><strong>Epiphanius</strong></span> <span class='ocrx_word' id='word_1_658' title='bbox 3218 4447 3232 4473; x_wconf 89' lang='lat'><strong>,</strong></span> <span class='ocrx_word' id='word_1_659' title='bbox 3265 4411 3357 4479; x_wconf 91' lang='lat' dir='ltr'><strong>qui</strong></span> <span class='ocrx_word' id='word_1_660' title='bbox 3392 4427 3543 4467; x_wconf 82' lang='lat' dir='ltr'><strong>num.</strong></span> 
     </span>
    </p>
   </div>
   <div class='ocr_carea' id='block_1_90' title="bbox 1963 4491 3545 4571">
    <p class='ocr_par' dir='ltr' id='par_1_90' title="bbox 1963 4491 3545 4571">
     <span class='ocr_line' id='line_1_90' title="bbox 1963 4491 3545 4571; baseline 0.007 -26"><span class='ocrx_word' id='word_1_661' title='bbox 1963 4491 2034 4547; x_wconf 77' lang='grc'>25</span> <span class='ocrx_word' id='word_1_662' title='bbox 2068 4493 2301 4561; x_wconf 88' lang='lat' dir='ltr'><strong>primum</strong></span> <span class='ocrx_word' id='word_1_663' title='bbox 2350 4493 2557 4550; x_wconf 89' lang='lat' dir='ltr'><strong>Pascha</strong></span> <span class='ocrx_word' id='word_1_664' title='bbox 2612 4495 2812 4551; x_wconf 87' lang='lat' dir='ltr'><strong>festum</strong></span> <span class='ocrx_word' id='word_1_665' title='bbox 2854 4498 2986 4553; x_wconf 89' lang='lat' dir='ltr'><strong>illud</strong></span> <span class='ocrx_word' id='word_1_666' title='bbox 3028 4499 3178 4567; x_wconf 80' lang='lat' dir='ltr'><strong>facit,</strong></span> <span class='ocrx_word' id='word_1_667' title='bbox 3213 4500 3266 4555; x_wconf 89' lang='lat' dir='ltr'><strong>in</strong></span> <span class='ocrx_word' id='word_1_668' title='bbox 3303 4517 3413 4571; x_wconf 90' lang='lat' dir='ltr'><strong>quo</strong></span> <span class='ocrx_word' id='word_1_669' title='bbox 3449 4517 3545 4556; x_wconf 88' lang='lat' dir='ltr'><strong>vo-</strong></span> 
     </span>
    </p>
   </div>
   <div class='ocr_carea' id='block_1_91' title="bbox 280 4576 3544 4660">
    <p class='ocr_par' dir='ltr' id='par_1_91' title="bbox 280 4576 3544 4660">
     <span class='ocr_line' id='line_1_91' title="bbox 280 4576 3544 4660; baseline 0.006 -29"><span class='ocrx_word' id='word_1_670' title='bbox 280 4579 383 4634; x_wconf 87' lang='lat' dir='ltr'><strong>mis</strong></span> <span class='ocrx_word' id='word_1_671' title='bbox 417 4578 654 4636; x_wconf 69' lang='lat' dir='ltr'><strong>lrenaaus</strong></span> <span class='ocrx_word' id='word_1_672' title='bbox 690 4576 809 4636; x_wconf 82' lang='lat' dir='ltr'><strong>loco</strong></span> <span class='ocrx_word' id='word_1_673' title='bbox 855 4582 1064 4650; x_wconf 82' lang='lat' dir='ltr'><strong>citato;</strong></span> <span class='ocrx_word' id='word_1_674' title='bbox 1123 4591 1238 4639; x_wconf 91' lang='lat' dir='ltr'><strong>tum</strong></span> <span class='ocrx_word' id='word_1_675' title='bbox 1267 4585 1600 4655; x_wconf 86' lang='lat' dir='ltr'><strong>Apollinaris</strong></span> <span class='ocrx_word' id='word_1_676' title='bbox 1630 4585 1853 4643; x_wconf 86' lang='lat' dir='ltr'><strong>Laodic.</strong></span> <span class='ocrx_word' id='word_1_677' title='bbox 1889 4601 1933 4656; x_wconf 78' lang='grc' dir='ltr'>ι)</span> <span class='ocrx_word' id='word_1_678' title='bbox 1964 4583 2223 4641; x_wconf 83' lang='lat' dir='ltr'><strong>ciferatus</strong></span> <span class='ocrx_word' id='word_1_679' title='bbox 2247 4594 2332 4641; x_wconf 89' lang='lat' dir='ltr'><strong>est</strong></span> <span class='ocrx_word' id='word_1_680' title='bbox 2363 4587 2615 4644; x_wconf 86' lang='lat' dir='ltr'><strong>Christus</strong></span> <span class='ocrx_word' id='word_1_681' title='bbox 2652 4606 2668 4645; x_wconf 90' lang='lat'><strong>:</strong></span> <span class='ocrx_word' id='word_1_682' title='bbox 2699 4586 2758 4644; x_wconf 80' lang='lat' dir='ltr'><strong>Si</strong></span> <span class='ocrx_word' id='word_1_683' title='bbox 2791 4592 2907 4660; x_wconf 77' lang='lat' dir='ltr'><strong>quis</strong></span> <span class='ocrx_word' id='word_1_684' title='bbox 2933 4591 3082 4660; x_wconf 79' lang='lat' dir='ltr'><strong>sitit,</strong></span> <span class='ocrx_word' id='word_1_685' title='bbox 3118 4595 3287 4648; x_wconf 81' lang='lat' dir='ltr'><strong>veniat</strong></span> <span class='ocrx_word' id='word_1_686' title='bbox 3328 4595 3398 4648; x_wconf 85' lang='lat' dir='ltr'><strong>ad</strong></span> <span class='ocrx_word' id='word_1_687' title='bbox 3442 4611 3544 4659; x_wconf 85' lang='lat' dir='ltr'><strong>me,</strong></span> 
     </span>
    </p>
   </div>
   <div class='ocr_carea' id='block_1_92' title="bbox 278 4668 1858 4745">
    <p class='ocr_par' dir='ltr' id='par_1_92' title="bbox 278 4668 1858 4745">
     <span class='ocr_line' id='line_1_92' title="bbox 278 4668 1858 4745; baseline 0.006 -24"><span class='ocrx_word' id='word_1_688' title='bbox 278 4668 418 4736; x_wconf 85' lang='lat' dir='ltr'><strong>apud</strong></span> <span class='ocrx_word' id='word_1_689' title='bbox 442 4668 667 4724; x_wconf 87' lang='lat' dir='ltr'><strong>Hieron.</strong></span> <span class='ocrx_word' id='word_1_690' title='bbox 695 4671 752 4725; x_wconf 83' lang='lat' dir='ltr'><strong>in</strong></span> <span class='ocrx_word' id='word_1_691' title='bbox 777 4688 894 4740; x_wconf 87' lang='lat' dir='ltr'><strong>cap.</strong></span> <span class='ocrx_word' id='word_1_692' title='bbox 929 4686 986 4726; x_wconf 81' lang='lat' dir='ltr'><strong>ix</strong></span> <span class='ocrx_word' id='word_1_693' title='bbox 1012 4671 1176 4739; x_wconf 84' lang='lat' dir='ltr'><strong>Dan.;</strong></span> <span class='ocrx_word' id='word_1_694' title='bbox 1226 4673 1491 4745; x_wconf 80' lang='lat' dir='ltr'><strong>Origenes</strong></span> <span class='ocrx_word' id='word_1_695' title='bbox 1517 4676 1612 4731; x_wconf 92' lang='lat' dir='ltr'><strong>lib.</strong></span> <span class='ocrx_word' id='word_1_696' title='bbox 1646 4693 1683 4733; x_wconf 92' lang='grc' dir='ltr'><strong>ιι</strong></span> <span class='ocrx_word' id='word_1_697' title='bbox 1714 4688 1858 4732; x_wconf 82' lang='lat' dir='ltr'><strong>cont.</strong></span> 
     </span>
    </p>
   </div>
   <div class='ocr_carea' id='block_1_93' title="bbox 280 4760 1859 4841">
    <p class='ocr_par' dir='ltr' id='par_1_93' title="bbox 280 4760 1859 4841">
     <span class='ocr_line' id='line_1_93' title="bbox 280 4760 1859 4841; baseline 0.008 -28"><span class='ocrx_word' id='word_1_698' title='bbox 280 4760 417 4826; x_wconf 57' lang='grc' dir='ltr'>σει,</span> <span class='ocrx_word' id='word_1_699' title='bbox 446 4762 541 4818; x_wconf 90' lang='lat' dir='ltr'><strong>ubi</strong></span> <span class='ocrx_word' id='word_1_700' title='bbox 570 4761 767 4819; x_wconf 84' lang='lat' dir='ltr'><strong>Judam</strong></span> <span class='ocrx_word' id='word_1_701' title='bbox 797 4781 909 4820; x_wconf 93' lang='lat' dir='ltr'><strong>non</strong></span> <span class='ocrx_word' id='word_1_702' title='bbox 941 4766 1173 4822; x_wconf 90' lang='lat' dir='ltr'><strong>solidum</strong></span> <span class='ocrx_word' id='word_1_703' title='bbox 1208 4768 1502 4824; x_wconf 89' lang='lat' dir='ltr'><strong>triennium</strong></span> <span class='ocrx_word' id='word_1_704' title='bbox 1531 4770 1710 4841; x_wconf 83' lang='lat' dir='ltr'><strong>egisse</strong></span> <span class='ocrx_word' id='word_1_705' title='bbox 1732 4786 1859 4826; x_wconf 90' lang='lat' dir='ltr'><strong>cum</strong></span> 
     </span>
    </p>
   </div>
   <div class='ocr_carea' id='block_1_94' title="bbox 279 4849 1862 4931">
    <p class='ocr_par' dir='ltr' id='par_1_94' title="bbox 279 4849 1862 4931">
     <span class='ocr_line' id='line_1_94' title="bbox 279 4849 1862 4931; baseline 0.008 -27"><span class='ocrx_word' id='word_1_706' title='bbox 279 4849 501 4909; x_wconf 89' lang='lat' dir='ltr'><strong>Christo</strong></span> <span class='ocrx_word' id='word_1_707' title='bbox 550 4854 775 4923; x_wconf 87' lang='lat' dir='ltr'><strong>scribit;</strong></span> <span class='ocrx_word' id='word_1_708' title='bbox 809 4854 1079 4913; x_wconf 86' lang='lat' dir='ltr'><strong>Eusebius</strong></span> <span class='ocrx_word' id='word_1_709' title='bbox 1113 4858 1169 4912; x_wconf 92' lang='lat' dir='ltr'><strong>in</strong></span> <span class='ocrx_word' id='word_1_710' title='bbox 1200 4857 1466 4914; x_wconf 84' lang='lat' dir='ltr'><strong>Chronico</strong></span> <span class='ocrx_word' id='word_1_711' title='bbox 1493 4860 1606 4927; x_wconf 88' lang='lat' dir='ltr'><strong>ubi,</strong></span> <span class='ocrx_word' id='word_1_712' title='bbox 1643 4871 1767 4931; x_wconf 91' lang='lat' dir='ltr'><strong>post</strong></span> <span class='ocrx_word' id='word_1_713' title='bbox 1793 4879 1862 4918; x_wconf 88' lang='lat' dir='ltr'><strong>xv</strong></span> 
     </span>
    </p>
   </div>
   <div class='ocr_carea' id='block_1_95' title="bbox 280 4940 1861 5024">
    <p class='ocr_par' dir='ltr' id='par_1_95' title="bbox 280 4940 1861 5024">
     <span class='ocr_line' id='line_1_95' title="bbox 280 4940 1861 5024; baseline 0.009 -29"><span class='ocrx_word' id='word_1_714' title='bbox 280 4940 592 5011; x_wconf 85' lang='lat' dir='ltr'><strong>Tiherii,ar.</strong></span> <span class='ocrx_word' id='word_1_715' title='bbox 642 4946 861 5002; x_wconf 88' lang='lat' dir='ltr'><strong>Domini</strong></span> <span class='ocrx_word' id='word_1_716' title='bbox 911 4948 1245 5020; x_wconf 84' lang='lat' dir='ltr'><strong>baptismum</strong></span> <span class='ocrx_word' id='word_1_717' title='bbox 1295 4951 1486 5024; x_wconf 81' lang='grc' dir='ltr'><strong>τριετῆ</strong></span> <span class='ocrx_word' id='word_1_718' title='bbox 1516 4952 1709 5024; x_wconf 84' lang='grc' dir='ltr'><strong>χρόνον</strong></span> <span class='ocrx_word' id='word_1_719' title='bbox 1760 4953 1861 5024; x_wconf 79' lang='grc' dir='ltr'><strong>τῆς</strong></span> 
     </span>
    </p>
   </div>
   <div class='ocr_carea' id='block_1_96' title="bbox 277 5032 1862 5116">
    <p class='ocr_par' dir='ltr' id='par_1_96' title="bbox 277 5032 1862 5116">
     <span class='ocr_line' id='line_1_96' title="bbox 277 5032 1862 5116; baseline 0.011 -32"><span class='ocrx_word' id='word_1_720' title='bbox 277 5032 624 5102; x_wconf 81' lang='grc' dir='ltr'><strong>διδασκαλίας</strong></span> <span class='ocrx_word' id='word_1_721' title='bbox 662 5038 1004 5108; x_wconf 82' lang='grc' dir='ltr'><strong>δίαγενέσθαι</strong></span> <span class='ocrx_word' id='word_1_722' title='bbox 1034 5056 1099 5096; x_wconf 87' lang='lat' dir='ltr'><strong>ex</strong></span> <span class='ocrx_word' id='word_1_723' title='bbox 1132 5040 1361 5099; x_wconf 85' lang='lat' dir='ltr'><strong>Joannis</strong></span> <span class='ocrx_word' id='word_1_724' title='bbox 1398 5044 1695 5116; x_wconf 84' lang='lat' dir='ltr'><strong>Evangelio</strong></span> <span class='ocrx_word' id='word_1_725' title='bbox 1728 5059 1862 5101; x_wconf 87' lang='lat' dir='ltr'><strong>cen-</strong></span> 
     </span>
    </p>
   </div>
   <div class='ocr_carea' id='block_1_97' title="bbox 280 5123 1345 5204">
    <p class='ocr_par' dir='ltr' id='par_1_97' title="bbox 280 5123 1345 5204">
     <span class='ocr_line' id='line_1_97' title="bbox 280 5123 1345 5204; baseline 0.011 -28"><span class='ocrx_word' id='word_1_726' title='bbox 280 5123 477 5182; x_wconf 81' lang='lat' dir='ltr'><strong>ﬁrrnat.</strong></span> <span class='ocrx_word' id='word_1_727' title='bbox 508 5127 720 5197; x_wconf 86' lang='lat' dir='ltr'><strong>Quibus</strong></span> <span class='ocrx_word' id='word_1_728' title='bbox 749 5131 959 5186; x_wconf 85' lang='lat' dir='ltr'><strong>accedit</strong></span> <span class='ocrx_word' id='word_1_729' title='bbox 984 5132 1345 5204; x_wconf 85' lang='lat' dir='ltr'><strong>Epiphanius.</strong></span> 
     </span>
    </p>
   </div>
   <div class='ocr_carea' id='block_1_98' title="bbox 351 5217 1859 5295">
    <p class='ocr_par' dir='ltr' id='par_1_98' title="bbox 351 5217 1859 5295">
     <span class='ocr_line' id='line_1_98' title="bbox 351 5217 1859 5295; baseline 0.005 -19"><span class='ocrx_word' id='word_1_730' title='bbox 351 5217 457 5276; x_wconf 86' lang='lat' dir='ltr'><strong>Sed</strong></span> <span class='ocrx_word' id='word_1_731' title='bbox 501 5236 693 5277; x_wconf 89' lang='lat' dir='ltr'><strong>eorum</strong></span> <span class='ocrx_word' id='word_1_732' title='bbox 743 5224 911 5295; x_wconf 89' lang='lat' dir='ltr'><strong>aliqui</strong></span> <span class='ocrx_word' id='word_1_733' title='bbox 956 5225 1099 5280; x_wconf 88' lang='lat' dir='ltr'><strong>haud</strong></span> <span class='ocrx_word' id='word_1_734' title='bbox 1142 5228 1277 5283; x_wconf 86' lang='lat' dir='ltr'><strong>satis</strong></span> <span class='ocrx_word' id='word_1_735' title='bbox 1321 5228 1477 5287; x_wconf 88' lang='lat' dir='ltr'><strong>ﬁrma</strong></span> <span class='ocrx_word' id='word_1_736' title='bbox 1508 5227 1722 5284; x_wconf 88' lang='lat' dir='ltr'><strong>ratione</strong></span> <span class='ocrx_word' id='word_1_737' title='bbox 1772 5228 1859 5283; x_wconf 89' lang='lat' dir='ltr'><strong>in-</strong></span> 
     </span>
    </p>
   </div>
   <div class='ocr_carea' id='block_1_99' title="bbox 278 5305 1854 5387">
    <p class='ocr_par' dir='ltr' id='par_1_99' title="bbox 278 5305 1854 5387">
     <span class='ocr_line' id='line_1_99' title="bbox 278 5305 1854 5387; baseline 0.007 -25"><span class='ocrx_word' id='word_1_738' title='bbox 278 5305 428 5364; x_wconf 83' lang='lat' dir='ltr'><strong>ducti</strong></span> <span class='ocrx_word' id='word_1_739' title='bbox 479 5311 756 5377; x_wconf 90' lang='lat' dir='ltr'><strong>videntur,</strong></span> <span class='ocrx_word' id='word_1_740' title='bbox 813 5323 874 5369; x_wconf 90' lang='lat' dir='ltr'><strong>ut</strong></span> <span class='ocrx_word' id='word_1_741' title='bbox 933 5315 1152 5371; x_wconf 91' lang='lat' dir='ltr'><strong>biennio</strong></span> <span class='ocrx_word' id='word_1_742' title='bbox 1190 5316 1517 5387; x_wconf 72' lang='lat' dir='ltr'><strong>praedicasse</strong></span> <span class='ocrx_word' id='word_1_743' title='bbox 1570 5317 1854 5373; x_wconf 88' lang='lat' dir='ltr'><strong>Christum</strong></span> 
     </span>
    </p>
   </div>
   <div class='ocr_carea' id='block_1_100' title="bbox 277 5405 1853 5479">
    <p class='ocr_par' dir='ltr' id='par_1_100' title="bbox 277 5405 1853 5479">
     <span class='ocr_line' id='line_1_100' title="bbox 277 5405 1853 5479; baseline 0.006 -26"><span class='ocrx_word' id='word_1_744' title='bbox 277 5411 656 5459; x_wconf 80' lang='lat' dir='ltr'><strong>asseverarent</strong></span> <span class='ocrx_word' id='word_1_745' title='bbox 680 5423 694 5458; x_wconf 91' lang='lat'><strong>:</strong></span> <span class='ocrx_word' id='word_1_746' title='bbox 722 5405 982 5461; x_wconf 89' lang='lat' dir='ltr'><strong>nimirum</strong></span> <span class='ocrx_word' id='word_1_747' title='bbox 1008 5407 1156 5476; x_wconf 90' lang='lat' dir='ltr'><strong>quod</strong></span> <span class='ocrx_word' id='word_1_748' title='bbox 1185 5407 1330 5478; x_wconf 89' lang='lat' dir='ltr'><strong>apud</strong></span> <span class='ocrx_word' id='word_1_749' title='bbox 1366 5408 1564 5463; x_wconf 87' lang='lat' dir='ltr'><strong>lsaiam</strong></span> <span class='ocrx_word' id='word_1_750' title='bbox 1589 5424 1710 5479; x_wconf 89' lang='lat' dir='ltr'><strong>cap.</strong></span> <span class='ocrx_word' id='word_1_751' title='bbox 1729 5422 1853 5477; x_wconf 79' lang='lat' dir='ltr'><strong>ut,</strong></span> 
     </span>
    </p>
   </div>
   <div class='ocr_carea' id='block_1_101' title="bbox 277 5492 1856 5566">
    <p class='ocr_par' dir='ltr' id='par_1_101' title="bbox 277 5492 1856 5566">
     <span class='ocr_line' id='line_1_101' title="bbox 277 5492 1856 5566; baseline 0.007 -23"><span class='ocrx_word' id='word_1_752' title='bbox 277 5501 421 5544; x_wconf 86' lang='lat' dir='ltr'><strong>com.</strong></span> <span class='ocrx_word' id='word_1_753' title='bbox 471 5492 527 5556; x_wconf 72' lang='grc'>2,</span> <span class='ocrx_word' id='word_1_754' title='bbox 585 5495 802 5566; x_wconf 87' lang='lat' dir='ltr'><strong>legitur,</strong></span> <span class='ocrx_word' id='word_1_755' title='bbox 834 5495 926 5550; x_wconf 89' lang='lat' dir='ltr'><strong>ubi</strong></span> <span class='ocrx_word' id='word_1_756' title='bbox 959 5496 1211 5553; x_wconf 87' lang='lat' dir='ltr'><strong>Christus</strong></span> <span class='ocrx_word' id='word_1_757' title='bbox 1261 5498 1491 5553; x_wconf 91' lang='lat' dir='ltr'><strong>missum</strong></span> <span class='ocrx_word' id='word_1_758' title='bbox 1540 5514 1601 5554; x_wconf 82' lang='lat' dir='ltr'><strong>so</strong></span> <span class='ocrx_word' id='word_1_759' title='bbox 1627 5514 1662 5553; x_wconf 87' lang='lat' dir='ltr'><strong>a</strong></span> <span class='ocrx_word' id='word_1_760' title='bbox 1698 5499 1856 5555; x_wconf 86' lang='lat' dir='ltr'><strong>Patre</strong></span> 
     </span>
    </p>
   </div>
   <div class='ocr_carea' id='block_1_102' title="bbox 276 5581 1855 5661">
    <p class='ocr_par' dir='ltr' id='par_1_102' title="bbox 276 5581 1855 5661">
     <span class='ocr_line' id='line_1_102' title="bbox 276 5581 1855 5661; baseline 0.008 -28"><span class='ocrx_word' id='word_1_761' title='bbox 276 5581 581 5650; x_wconf 77' lang='lat' dir='ltr'><strong>proﬁtetur,</strong></span> <span class='ocrx_word' id='word_1_762' title='bbox 635 5587 863 5642; x_wconf 72' lang='grc' dir='ltr'><strong>καλέσαι</strong></span> <span class='ocrx_word' id='word_1_763' title='bbox 924 5589 1168 5642; x_wconf 74' lang='grc' dir='ltr'><strong>ἐνιαυτὸν</strong></span> <span class='ocrx_word' id='word_1_764' title='bbox 1220 5589 1429 5661; x_wconf 81' lang='grc' dir='ltr'><strong>Κυρίου</strong></span> <span class='ocrx_word' id='word_1_765' title='bbox 1477 5590 1700 5659; x_wconf 81' lang='grc' dir='ltr'><strong>δεκτὺν,</strong></span> <span class='ocrx_word' id='word_1_766' title='bbox 1760 5594 1855 5646; x_wconf 74' lang='grc' dir='ltr'><strong>καὶ</strong></span> 
     </span>
    </p>
   </div>
   <div class='ocr_carea' id='block_1_103' title="bbox 276 5669 1851 5748">
    <p class='ocr_par' dir='ltr' id='par_1_103' title="bbox 276 5669 1851 5748">
     <span class='ocr_line' id='line_1_103' title="bbox 276 5669 1851 5748; baseline 0.01 -24"><span class='ocrx_word' id='word_1_767' title='bbox 276 5669 493 5742; x_wconf 68' lang='grc' dir='ltr'><strong>ἡμέραν</strong></span> <span class='ocrx_word' id='word_1_768' title='bbox 515 5676 941 5743; x_wconf 78' lang='grc' dir='ltr'><strong>ἁνταποδόσεως,</strong></span> <span class='ocrx_word' id='word_1_769' title='bbox 973 5679 1233 5748; x_wconf 88' lang='lat' dir='ltr'><strong>suspicati</strong></span> <span class='ocrx_word' id='word_1_770' title='bbox 1269 5691 1396 5737; x_wconf 89' lang='lat' dir='ltr'><strong>sunt</strong></span> <span class='ocrx_word' id='word_1_771' title='bbox 1418 5682 1668 5737; x_wconf 78' lang='grc' dir='ltr'><strong>ἐνιαυτόν</strong></span> <span class='ocrx_word' id='word_1_772' title='bbox 1698 5682 1851 5739; x_wconf 90' lang='lat' dir='ltr'><strong>illum</strong></span> 
     </span>
    </p>
   </div>
   <div class='ocr_carea' id='block_1_104' title="bbox 275 5764 1846 5845">
    <p class='ocr_par' dir='ltr' id='par_1_104' title="bbox 275 5764 1846 5845">
     <span class='ocr_line' id='line_1_104' title="bbox 275 5764 1846 5845; baseline 0.01 -28"><span class='ocrx_word' id='word_1_773' title='bbox 275 5764 484 5833; x_wconf 72' lang='grc' dir='ltr'><strong>δεκτόν,</strong></span> <span class='ocrx_word' id='word_1_774' title='bbox 555 5786 753 5825; x_wconf 77' lang='lat' dir='ltr'><strong>annum</strong></span> <span class='ocrx_word' id='word_1_775' title='bbox 802 5772 1199 5841; x_wconf 76' lang='lat' dir='ltr'><strong>acceptabilem,</strong></span> <span class='ocrx_word' id='word_1_776' title='bbox 1256 5774 1492 5845; x_wconf 81' lang='lat' dir='ltr'><strong>priorem</strong></span> <span class='ocrx_word' id='word_1_777' title='bbox 1543 5796 1574 5833; x_wconf 89' lang='lat' dir='ltr'><strong>e</strong></span> <span class='ocrx_word' id='word_1_778' title='bbox 1628 5776 1846 5833; x_wconf 88' lang='lat' dir='ltr'><strong>duobus</strong></span> 
     </span>
    </p>
   </div>
   <div class='ocr_carea' id='block_1_105' title="bbox 280 5859 1847 5942">
    <p class='ocr_par' dir='ltr' id='par_1_105' title="bbox 280 5859 1847 5942">
     <span class='ocr_line' id='line_1_105' title="bbox 280 5859 1847 5942; baseline -0.001 -15"><span class='ocrx_word' id='word_1_779' title='bbox 280 5869 431 5927; x_wconf 72' lang='grc' dir='ltr'>οεδθὶ</span> <span class='ocrx_word' id='word_1_780' title='bbox 480 5859 543 5918; x_wconf 75' lang='lat' dir='ltr'><strong>in</strong></span> <span class='ocrx_word' id='word_1_781' title='bbox 592 5879 703 5933; x_wconf 83' lang='lat' dir='ltr'><strong>quo</strong></span> <span class='ocrx_word' id='word_1_782' title='bbox 756 5867 1160 5925; x_wconf 84' lang='lat' dir='ltr'><strong>contradicente</strong></span> <span class='ocrx_word' id='word_1_783' title='bbox 1211 5871 1430 5928; x_wconf 87' lang='lat' dir='ltr'><strong>nemine</strong></span> <span class='ocrx_word' id='word_1_784' title='bbox 1494 5869 1847 5942; x_wconf 80' lang='lat' dir='ltr'><strong>Evangeliutn</strong></span> 
     </span>
    </p>
   </div>
   <div class='ocr_carea' id='block_1_106' title="bbox 1960 4675 3547 4756">
    <p class='ocr_par' dir='ltr' id='par_1_106' title="bbox 1960 4675 3547 4756">
     <span class='ocr_line' id='line_1_106' title="bbox 1960 4675 3547 4756; baseline 0.008 -26"><span class='ocrx_word' id='word_1_785' title='bbox 1960 4685 2013 4730; x_wconf 84' lang='lat' dir='ltr'><strong>et</strong></span> <span class='ocrx_word' id='word_1_786' title='bbox 2044 4675 2211 4741; x_wconf 81' lang='lat' dir='ltr'><strong>bibat,</strong></span> <span class='ocrx_word' id='word_1_787' title='bbox 2246 4676 2404 4733; x_wconf 84' lang='lat' dir='ltr'><strong>Joan.</strong></span> <span class='ocrx_word' id='word_1_788' title='bbox 2446 4695 2543 4745; x_wconf 88' lang='lat' dir='ltr'><strong>vn,</strong></span> <span class='ocrx_word' id='word_1_789' title='bbox 2586 4681 2697 4750; x_wconf 78' lang='lat'><strong>57;</strong></span> <span class='ocrx_word' id='word_1_790' title='bbox 2747 4682 2979 4737; x_wconf 88' lang='lat' dir='ltr'><strong>alterum</strong></span> <span class='ocrx_word' id='word_1_791' title='bbox 3028 4699 3180 4747; x_wconf 89' lang='lat' dir='ltr'><strong>vero,</strong></span> <span class='ocrx_word' id='word_1_792' title='bbox 3227 4685 3294 4741; x_wconf 89' lang='lat' dir='ltr'><strong>de</strong></span> <span class='ocrx_word' id='word_1_793' title='bbox 3339 4701 3449 4756; x_wconf 90' lang='lat' dir='ltr'><strong>quo</strong></span> <span class='ocrx_word' id='word_1_794' title='bbox 3489 4688 3547 4742; x_wconf 92' lang='lat' dir='ltr'><strong>in</strong></span> 
     </span>
    </p>
   </div>
   <div class='ocr_carea' id='block_1_107' title="bbox 1960 4769 3545 4848">
    <p class='ocr_par' dir='ltr' id='par_1_107' title="bbox 1960 4769 3545 4848">
     <span class='ocr_line' id='line_1_107' title="bbox 1960 4769 3545 4848; baseline 0.004 -24"><span class='ocrx_word' id='word_1_795' title='bbox 1960 4769 2149 4824; x_wconf 90' lang='lat' dir='ltr'><strong>eodem</strong></span> <span class='ocrx_word' id='word_1_796' title='bbox 2198 4785 2318 4841; x_wconf 91' lang='lat' dir='ltr'><strong>cap.</strong></span> <span class='ocrx_word' id='word_1_797' title='bbox 2368 4770 2509 4827; x_wconf 84' lang='lat' dir='ltr'><strong>dixit</strong></span> <span class='ocrx_word' id='word_1_798' title='bbox 2559 4788 2574 4826; x_wconf 86' lang='lat'><strong>:</strong></span> <span class='ocrx_word' id='word_1_799' title='bbox 2618 4771 2743 4827; x_wconf 84' lang='lat' dir='ltr'><strong>Non</strong></span> <span class='ocrx_word' id='word_1_800' title='bbox 2798 4775 3022 4828; x_wconf 81' lang='lat' dir='ltr'><strong>ascendo</strong></span> <span class='ocrx_word' id='word_1_801' title='bbox 3057 4776 3126 4829; x_wconf 85' lang='lat' dir='ltr'><strong>ad</strong></span> <span class='ocrx_word' id='word_1_802' title='bbox 3163 4778 3304 4830; x_wconf 84' lang='lat' dir='ltr'><strong>diem</strong></span> <span class='ocrx_word' id='word_1_803' title='bbox 3350 4779 3545 4848; x_wconf 81' lang='lat' dir='ltr'><strong>festum</strong></span> 
     </span>
    </p>
   </div>
   <div class='ocr_carea' id='block_1_108' title="bbox 1961 4861 3547 4938">
    <p class='ocr_par' dir='ltr' id='par_1_108' title="bbox 1961 4861 3547 4938">
     <span class='ocr_line' id='line_1_108' title="bbox 1961 4861 3547 4938; baseline 0.009 -25"><span class='ocrx_word' id='word_1_804' title='bbox 1961 4861 2125 4914; x_wconf 83' lang='lat' dir='ltr'><strong>istum</strong></span> <span class='ocrx_word' id='word_1_805' title='bbox 2156 4878 2176 4916; x_wconf 92' lang='lat'><em>:</em></span> <span class='ocrx_word' id='word_1_806' title='bbox 2212 4861 2266 4915; x_wconf 92' lang='lat' dir='ltr'><strong>in</strong></span> <span class='ocrx_word' id='word_1_807' title='bbox 2300 4877 2413 4933; x_wconf 92' lang='lat' dir='ltr'><strong>quo</strong></span> <span class='ocrx_word' id='word_1_808' title='bbox 2442 4862 2607 4918; x_wconf 88' lang='lat' dir='ltr'><strong>etiam</strong></span> <span class='ocrx_word' id='word_1_809' title='bbox 2640 4879 2766 4920; x_wconf 92' lang='lat' dir='ltr'><strong>cum</strong></span> <span class='ocrx_word' id='word_1_810' title='bbox 2790 4864 3051 4922; x_wconf 62' lang='lat' dir='ltr'><strong>Pharisaei</strong></span> <span class='ocrx_word' id='word_1_811' title='bbox 3080 4870 3547 4938; x_wconf 87' lang='lat' dir='ltr'><strong>comprehendere</strong></span> 
     </span>
    </p>
   </div>
   <div class='ocr_carea' id='block_1_109' title="bbox 1961 4953 3545 5027">
    <p class='ocr_par' dir='ltr' id='par_1_109' title="bbox 1961 4953 3545 5027">
     <span class='ocr_line' id='line_1_109' title="bbox 1961 4953 3545 5027; baseline 0.007 -19"><span class='ocrx_word' id='word_1_812' title='bbox 1961 4953 2114 5009; x_wconf 78' lang='lat' dir='ltr'><strong>illum</strong></span> <span class='ocrx_word' id='word_1_813' title='bbox 2142 4964 2426 5024; x_wconf 87' lang='lat' dir='ltr'><strong>cuperent,</strong></span> <span class='ocrx_word' id='word_1_814' title='bbox 2459 4966 2606 5011; x_wconf 90' lang='lat' dir='ltr'><strong>metu</strong></span> <span class='ocrx_word' id='word_1_815' title='bbox 2638 4958 2878 5027; x_wconf 88' lang='lat' dir='ltr'><strong>repressi</strong></span> <span class='ocrx_word' id='word_1_816' title='bbox 2904 4968 3054 5026; x_wconf 92' lang='lat' dir='ltr'><strong>sunt,</strong></span> <span class='ocrx_word' id='word_1_817' title='bbox 3081 4976 3228 5015; x_wconf 90' lang='lat' dir='ltr'><strong>com.</strong></span> <span class='ocrx_word' id='word_1_818' title='bbox 3255 4961 3345 5016; x_wconf 72' lang='grc'><strong>44.</strong></span> <span class='ocrx_word' id='word_1_819' title='bbox 3376 4962 3545 5019; x_wconf 84' lang='lat' dir='ltr'><strong>Multa</strong></span> 
     </span>
    </p>
   </div>
   <div class='ocr_carea' id='block_1_110' title="bbox 1959 5047 3546 5125">
    <p class='ocr_par' dir='ltr' id='par_1_110' title="bbox 1959 5047 3546 5125">
     <span class='ocr_line' id='line_1_110' title="bbox 1959 5047 3546 5125; baseline 0.005 -24"><span class='ocrx_word' id='word_1_820' title='bbox 1959 5052 2090 5101; x_wconf 89' lang='lat' dir='ltr'><strong>sunt</strong></span> <span class='ocrx_word' id='word_1_821' title='bbox 2126 5061 2156 5101; x_wconf 92' lang='lat' dir='ltr'><strong>a</strong></span> <span class='ocrx_word' id='word_1_822' title='bbox 2193 5047 2557 5104; x_wconf 88' lang='lat' dir='ltr'><strong>sanctissimis</strong></span> <span class='ocrx_word' id='word_1_823' title='bbox 2595 5047 2852 5104; x_wconf 89' lang='lat' dir='ltr'><strong>Patribus</strong></span> <span class='ocrx_word' id='word_1_824' title='bbox 2905 5065 3305 5125; x_wconf 85' lang='lat' dir='ltr'><strong>nonnunquam</strong></span> <span class='ocrx_word' id='word_1_825' title='bbox 3351 5070 3546 5124; x_wconf 87' lang='lat' dir='ltr'><strong>parum</strong></span> 
     </span>
    </p>
   </div>
   <div class='ocr_carea' id='block_1_111' title="bbox 1958 5137 3546 5214">
    <p class='ocr_par' dir='ltr' id='par_1_111' title="bbox 1958 5137 3546 5214">
     <span class='ocr_line' id='line_1_111' title="bbox 1958 5137 3546 5214; baseline 0.008 -27"><span class='ocrx_word' id='word_1_826' title='bbox 1958 5148 2090 5189; x_wconf 90' lang='lat' dir='ltr'><strong>vere</strong></span> <span class='ocrx_word' id='word_1_827' title='bbox 2126 5143 2441 5204; x_wconf 88' lang='lat' dir='ltr'><strong>attenteque</strong></span> <span class='ocrx_word' id='word_1_828' title='bbox 2496 5137 2701 5207; x_wconf 89' lang='lat' dir='ltr'><strong>scripta</strong></span> <span class='ocrx_word' id='word_1_829' title='bbox 2753 5155 2767 5193; x_wconf 87' lang='lat'><strong>:</strong></span> <span class='ocrx_word' id='word_1_830' title='bbox 2825 5154 2948 5209; x_wconf 68' lang='lat' dir='ltr'><strong>qua:</strong></span> <span class='ocrx_word' id='word_1_831' title='bbox 3005 5142 3225 5211; x_wconf 91' lang='lat' dir='ltr'><strong>quidem</strong></span> <span class='ocrx_word' id='word_1_832' title='bbox 3283 5155 3546 5214; x_wconf 73' lang='lat' dir='ltr'><strong>praestare</strong></span> 
     </span>
    </p>
   </div>
   <div class='ocr_carea' id='block_1_112' title="bbox 1958 5225 3545 5305">
    <p class='ocr_par' dir='ltr' id='par_1_112' title="bbox 1958 5225 3545 5305">
     <span class='ocr_line' id='line_1_112' title="bbox 1958 5225 3545 5305; baseline 0.006 -27"><span class='ocrx_word' id='word_1_833' title='bbox 1958 5226 2117 5286; x_wconf 85' lang='lat' dir='ltr'><strong>velle.</strong></span> <span class='ocrx_word' id='word_1_834' title='bbox 2151 5225 2392 5297; x_wconf 81' lang='lat' dir='ltr'><strong>religiosi</strong></span> <span class='ocrx_word' id='word_1_835' title='bbox 2434 5225 2670 5285; x_wconf 81' lang='lat' dir='ltr'><strong>fortasse</strong></span> <span class='ocrx_word' id='word_1_836' title='bbox 2691 5271 2704 5292; x_wconf 88' lang='lat'><strong>,</strong></span> <span class='ocrx_word' id='word_1_837' title='bbox 2738 5230 2832 5285; x_wconf 90' lang='lat' dir='ltr'><strong>sed</strong></span> <span class='ocrx_word' id='word_1_838' title='bbox 2866 5245 3060 5301; x_wconf 88' lang='lat' dir='ltr'><strong>parum</strong></span> <span class='ocrx_word' id='word_1_839' title='bbox 3097 5234 3382 5305; x_wconf 88' lang='lat' dir='ltr'><strong>prudentis</strong></span> <span class='ocrx_word' id='word_1_840' title='bbox 3422 5248 3545 5290; x_wconf 88' lang='lat' dir='ltr'><strong>esse</strong></span> 
     </span>
    </p>
   </div>
   <div class='ocr_carea' id='block_1_113' title="bbox 1959 5317 3543 5396">
    <p class='ocr_par' dir='ltr' id='par_1_113' title="bbox 1959 5317 3543 5396">
     <span class='ocr_line' id='line_1_113' title="bbox 1959 5317 3543 5396; baseline 0.006 -25"><span class='ocrx_word' id='word_1_841' title='bbox 1959 5317 2197 5373; x_wconf 86' lang='lat' dir='ltr'><strong>arbitror</strong></span> <span class='ocrx_word' id='word_1_842' title='bbox 2231 5319 2652 5376; x_wconf 86' lang='lat' dir='ltr'><strong>:vehementius</strong></span> <span class='ocrx_word' id='word_1_843' title='bbox 2681 5330 2866 5378; x_wconf 86' lang='lat' dir='ltr'><strong>autem</strong></span> <span class='ocrx_word' id='word_1_844' title='bbox 2902 5340 3201 5392; x_wconf 78' lang='lat' dir='ltr'><strong>accusare,</strong></span> <span class='ocrx_word' id='word_1_845' title='bbox 3236 5342 3413 5396; x_wconf 88' lang='lat' dir='ltr'><strong>neque</strong></span> <span class='ocrx_word' id='word_1_846' title='bbox 3456 5341 3543 5380; x_wconf 91' lang='lat' dir='ltr'><strong>re-</strong></span> 
     </span>
    </p>
   </div>
   <div class='ocr_carea' id='block_1_114' title="bbox 1957 5409 3543 5488">
    <p class='ocr_par' dir='ltr' id='par_1_114' title="bbox 1957 5409 3543 5488">
     <span class='ocr_line' id='line_1_114' title="bbox 1957 5409 3543 5488; baseline 0.005 -26"><span class='ocrx_word' id='word_1_847' title='bbox 1957 5409 2160 5480; x_wconf 84' lang='lat' dir='ltr'><strong>ligiosi,</strong></span> <span class='ocrx_word' id='word_1_848' title='bbox 2192 5425 2370 5480; x_wconf 84' lang='lat' dir='ltr'><strong>neque</strong></span> <span class='ocrx_word' id='word_1_849' title='bbox 2399 5412 2708 5480; x_wconf 87' lang='lat' dir='ltr'><strong>prudentis.</strong></span> <span class='ocrx_word' id='word_1_850' title='bbox 2752 5412 2865 5472; x_wconf 90' lang='lat' dir='ltr'><strong>Nos</strong></span> <span class='ocrx_word' id='word_1_851' title='bbox 2905 5431 2989 5482; x_wconf 84' lang='lat' dir='ltr'><strong>ea,</strong></span> <span class='ocrx_word' id='word_1_852' title='bbox 3021 5433 3128 5488; x_wconf 91' lang='lat' dir='ltr'><strong>qua</strong></span> <span class='ocrx_word' id='word_1_853' title='bbox 3164 5432 3263 5488; x_wconf 78' lang='lat' dir='ltr'><strong>par</strong></span> <span class='ocrx_word' id='word_1_854' title='bbox 3286 5424 3389 5481; x_wconf 88' lang='lat' dir='ltr'><strong>est,</strong></span> <span class='ocrx_word' id='word_1_855' title='bbox 3424 5431 3543 5470; x_wconf 87' lang='lat' dir='ltr'><strong>mc-</strong></span> 
     </span>
    </p>
   </div>
   <div class='ocr_carea' id='block_1_115' title="bbox 1956 5501 3613 5579">
    <p class='ocr_par' dir='ltr' id='par_1_115' title="bbox 1956 5501 3613 5579">
     <span class='ocr_line' id='line_1_115' title="bbox 1956 5501 3613 5579; baseline 0.003 -22"><span class='ocrx_word' id='word_1_856' title='bbox 1956 5501 2239 5558; x_wconf 89' lang='lat' dir='ltr'><strong>dcratione</strong></span> <span class='ocrx_word' id='word_1_857' title='bbox 2270 5503 2323 5557; x_wconf 93' lang='lat' dir='ltr'><strong>in</strong></span> <span class='ocrx_word' id='word_1_858' title='bbox 2351 5503 2669 5562; x_wconf 86' lang='lat' dir='ltr'><strong>divinorum</strong></span> <span class='ocrx_word' id='word_1_859' title='bbox 2715 5507 3000 5564; x_wconf 91' lang='lat' dir='ltr'><strong>hominum</strong></span> <span class='ocrx_word' id='word_1_860' title='bbox 3023 5550 3039 5577; x_wconf 94' lang='lat'><strong>,</strong></span> <span class='ocrx_word' id='word_1_861' title='bbox 3074 5509 3171 5565; x_wconf 89' lang='lat' dir='ltr'><strong>sed</strong></span> <span class='ocrx_word' id='word_1_862' title='bbox 3219 5509 3498 5562; x_wconf 88' lang='lat' dir='ltr'><strong>hominum</strong></span> <span class='ocrx_word' id='word_1_863' title='bbox 3522 5546 3539 5571; x_wconf 86' lang='lat'><strong>.</strong></span> <span class='ocrx_word' id='word_1_864' title='bbox 3597 5532 3613 5579; x_wconf 58' lang='grc' dir='ltr'><strong>ῃ</strong></span> 
     </span>
    </p>
   </div>
   <div class='ocr_carea' id='block_1_116' title="bbox 1955 5595 3541 5672">
    <p class='ocr_par' dir='ltr' id='par_1_116' title="bbox 1955 5595 3541 5672">
     <span class='ocr_line' id='line_1_116' title="bbox 1955 5595 3541 5672; baseline 0.002 -26"><span class='ocrx_word' id='word_1_865' title='bbox 1955 5606 2173 5651; x_wconf 83' lang='lat' dir='ltr'><strong>errores</strong></span> <span class='ocrx_word' id='word_1_866' title='bbox 2198 5610 2262 5651; x_wconf 84' lang='lat' dir='ltr'><strong>ac</strong></span> <span class='ocrx_word' id='word_1_867' title='bbox 2285 5595 2470 5666; x_wconf 90' lang='lat' dir='ltr'><strong>lapsus</strong></span> <span class='ocrx_word' id='word_1_868' title='bbox 2502 5612 2613 5653; x_wconf 92' lang='lat' dir='ltr'><strong>non</strong></span> <span class='ocrx_word' id='word_1_869' title='bbox 2645 5607 2758 5653; x_wconf 88' lang='lat' dir='ltr'><strong>tam</strong></span> <span class='ocrx_word' id='word_1_870' title='bbox 2789 5599 3148 5672; x_wconf 90' lang='lat' dir='ltr'><strong>inquirimus,</strong></span> <span class='ocrx_word' id='word_1_871' title='bbox 3191 5614 3356 5668; x_wconf 88' lang='lat' dir='ltr'><strong>quam</strong></span> <span class='ocrx_word' id='word_1_872' title='bbox 3385 5598 3541 5652; x_wconf 87' lang='lat' dir='ltr'><strong>obla-</strong></span> 
     </span>
    </p>
   </div>
   <div class='ocr_carea' id='block_1_117' title="bbox 1958 5688 3537 5759">
    <p class='ocr_par' dir='ltr' id='par_1_117' title="bbox 1958 5688 3537 5759">
     <span class='ocr_line' id='line_1_117' title="bbox 1958 5688 3537 5759; baseline 0.001 -16"><span class='ocrx_word' id='word_1_873' title='bbox 1958 5696 2045 5744; x_wconf 86' lang='lat' dir='ltr'><strong>tos</strong></span> <span class='ocrx_word' id='word_1_874' title='bbox 2075 5689 2220 5745; x_wconf 90' lang='lat' dir='ltr'><strong>ultro</strong></span> <span class='ocrx_word' id='word_1_875' title='bbox 2264 5706 2330 5746; x_wconf 92' lang='lat' dir='ltr'><strong>ac</strong></span> <span class='ocrx_word' id='word_1_876' title='bbox 2381 5691 2466 5746; x_wconf 86' lang='lat' dir='ltr'><strong>vel</strong></span> <span class='ocrx_word' id='word_1_877' title='bbox 2495 5690 2683 5749; x_wconf 90' lang='lat' dir='ltr'><strong>invitis</strong></span> <span class='ocrx_word' id='word_1_878' title='bbox 2711 5704 3098 5759; x_wconf 84' lang='lat' dir='ltr'><strong>occurrentes,</strong></span> <span class='ocrx_word' id='word_1_879' title='bbox 3132 5707 3199 5747; x_wconf 93' lang='lat' dir='ltr'><strong>ne</strong></span> <span class='ocrx_word' id='word_1_880' title='bbox 3238 5694 3327 5749; x_wconf 91' lang='lat' dir='ltr'><strong>cui</strong></span> <span class='ocrx_word' id='word_1_881' title='bbox 3358 5688 3537 5747; x_wconf 80' lang='lat' dir='ltr'><strong>fraudi</strong></span> 
     </span>
    </p>
   </div>
   <div class='ocr_carea' id='block_1_118' title="bbox 1957 5780 3535 5852">
    <p class='ocr_par' dir='ltr' id='par_1_118' title="bbox 1957 5780 3535 5852">
     <span class='ocr_line' id='line_1_118' title="bbox 1957 5780 3535 5852; baseline 0.003 -16"><span class='ocrx_word' id='word_1_882' title='bbox 1957 5780 2088 5845; x_wconf 89' lang='lat' dir='ltr'><strong>sint,</strong></span> <span class='ocrx_word' id='word_1_883' title='bbox 2112 5782 2472 5852; x_wconf 79' lang='lat' dir='ltr'><strong>patefacimus</strong></span> <span class='ocrx_word' id='word_1_884' title='bbox 2498 5801 2512 5851; x_wconf 93' lang='lat'><strong>;</strong></span> <span class='ocrx_word' id='word_1_885' title='bbox 2562 5784 2701 5839; x_wconf 90' lang='lat' dir='ltr'><strong>tueri</strong></span> <span class='ocrx_word' id='word_1_886' title='bbox 2733 5794 2915 5841; x_wconf 88' lang='lat' dir='ltr'><strong>autem</strong></span> <span class='ocrx_word' id='word_1_887' title='bbox 2944 5800 3008 5839; x_wconf 89' lang='lat' dir='ltr'><strong>ac</strong></span> <span class='ocrx_word' id='word_1_888' title='bbox 3032 5783 3329 5840; x_wconf 79' lang='lat' dir='ltr'><strong>defendere</strong></span> <span class='ocrx_word' id='word_1_889' title='bbox 3359 5784 3535 5841; x_wconf 86' lang='lat' dir='ltr'><strong>nihilo</strong></span> 
     </span>
    </p>
   </div>
   <div class='ocr_carea' id='block_1_119' title="bbox 1957 5872 3537 5953">
    <p class='ocr_par' dir='ltr' id='par_1_119' title="bbox 1957 5872 3537 5953">
     <span class='ocr_line' id='line_1_119' title="bbox 1957 5872 3537 5953; baseline 0.001 -26"><span class='ocrx_word' id='word_1_890' title='bbox 1957 5876 2129 5944; x_wconf 78' lang='lat' dir='ltr'><strong>magis</strong></span> <span class='ocrx_word' id='word_1_891' title='bbox 2187 5888 2351 5946; x_wconf 88' lang='lat' dir='ltr'><strong>quam</strong></span> <span class='ocrx_word' id='word_1_892' title='bbox 2397 5890 2588 5933; x_wconf 84' lang='lat' dir='ltr'><strong>eorum</strong></span> <span class='ocrx_word' id='word_1_893' title='bbox 2626 5874 2754 5932; x_wconf 87' lang='lat' dir='ltr'><strong>vitia</strong></span> <span class='ocrx_word' id='word_1_894' title='bbox 2778 5917 2794 5947; x_wconf 98' lang='lat'><strong>,</strong></span> <span class='ocrx_word' id='word_1_895' title='bbox 2830 5873 2878 5932; x_wconf 86' lang='lat' dir='ltr'><strong>si</strong></span> <span class='ocrx_word' id='word_1_896' title='bbox 2909 5890 3030 5953; x_wconf 75' lang='lat' dir='ltr'><strong>quae</strong></span> <span class='ocrx_word' id='word_1_897' title='bbox 3058 5872 3301 5948; x_wconf 77' lang='lat' dir='ltr'><strong>fuerint,</strong></span> <span class='ocrx_word' id='word_1_898' title='bbox 3330 5875 3537 5933; x_wconf 83' lang='lat' dir='ltr'><strong>imitari</strong></span> 
     </span>
    </p>
   </div>
  </div>
