4064 6428
551 404 682 460 1011
740 420 749 423 ’

1653 409 2001 466 APPENDIX
2041 410 2666 471 DISSERTATIONUM.

3660 424 3774 482 10ιὲ

547 519 834 576 debemus.
879 517 1160 590 Ejusmodi
1209 529 1340 577 sunt
1380 521 1436 576 in
1476 523 1580 578 hoc
1633 524 1903 595 scriptore
1945 533 2137 581 nostro
2165 534 2211 588 Α
2239 519 2515 583 levissima
2543 536 2674 584 sunt
2703 543 2718 595 ;
2752 542 2880 582 nam
2919 536 2978 582 ut
3006 528 3254 584 omittam
3289 529 3437 602 quod
3464 529 3776 592 Maldonatns

549 609 786 667 fortasse
829 609 1058 668 nimium
1091 613 1284 669 multa.
1339 614 1445 669 Sed
1495 615 1638 670 inter
1677 631 1743 672 ea
1785 617 1920 672 nihil
1951 619 2134 676 minus

546 699 1003 756 dissimulandum
1026 710 1129 769 est,
1155 717 1322 773 quam
1350 703 1441 759 illa
1474 702 1805 761 Paschatum
1833 706 2130 763 distinctio.

546 791 790 846 Primum
821 792 966 847 enim
1001 793 1112 850 duo
1145 793 1257 856 illa.
1289 810 1412 866 qum
1432 810 1555 867 cap.
1585 811 1659 852 vn
1687 812 1718 851 a
1752 797 1976 854 Christo
2003 813 2134 868 pro-

546 885 794 939 nuntiata
828 886 1111 954 dicuntur,
1144 886 1214 942 ad
1244 888 1386 943 idem
1413 887 1613 944 festum
1647 889 1911 958 attinent;
1938 889 2133 944 deinde

544 993 651 1032 non
683 977 816 1034 illud
845 977 1054 1035 Pascha
1086 979 1196 1035 fuis
1228 997 1279 1046 e,
1310 982 1404 1038 sed
1428 981 1778 1052 Scenopegize
1800 981 1998 1059 festum
2029 982 2131 1043 do-

541 1080 646 1133 cet,
674 1086 822 1126 com.
862 1071 934 1138 ‘2;
974 1073 1136 1128 tertio
1166 1084 1494 1145 praepostere
1518 1077 1631 1131 hmo
1659 1075 1996 1145 Epiphanius
2035 1088 2131 1129 ac-

541 1163 685 1231 cepit
721 1181 734 1218 :
762 1178 887 1216 nam
915 1178 1039 1234 qua:
1068 1165 1245 1234 primo
1267 1166 1387 1222 loco
1413 1166 1558 1221 dicta
1584 1172 1874 1231 memorat,
1898 1175 2132 1222 exeunte

543 1252 706 1318 festo,
761 1269 885 1324 qua:
916 1255 1220 1324 posteriora
1252 1257 1437 1326 ponit,
1480 1270 1606 1312 ante
1633 1257 1833 1313 festum
1868 1264 2130 1328 usurpata

547 1345 825 1415 leguntur.
860 1345 1070 1401 Omitto
1099 1358 1291 1403 caetera
1321 1366 1335 1414 ;
1361 1366 1462 1405 nec
1489 1351 1635 1405 enim
1669 1349 1961 1406 falsitatem
1981 1349 2129 1405 illam

546 1439 860 1494 accuratius
884 1438 1014 1493 libet
1040 1441 1314 1510 persequi.

615 1529 886 1596 Quocirca
927 1532 1086 1587 nobis
1143 1534 1249 1588 alia
1307 1533 1543 1590 duorum
1579 1534 1913 1590 Paschatum
1967 1531 2122 1589 ordi-

545 1624 848 1679 nandorum
880 1625 1119 1680 ineunda
1143 1627 1287 1681 ratio
1307 1637 1411 1682 est.
1447 1626 1552 1683 Sed
1579 1629 1733 1698 prius
1761 1637 1926 1699 caput
1947 1628 2128 1697 ipsum

543 1716 864 1784 quaestionis
897 1717 1258 1784 intuendum,
1313 1720 1458 1776 unde
1490 1721 1671 1791 quarti
1711 1719 1997 1777 Paschatis
2035 1720 2130 1775 tir-

543 1818 882 1864 mamentum
914 1811 1136 1882 petitur.
1172 1808 1331 1877 Cum,
1366 1825 1425 1868 ut
1446 1821 1571 1868 ante
1603 1813 1866 1878 diximus,
1889 1811 2129 1868 Joannes

541 1902 788 1958 exactius
815 1903 1025 1958 caeteris
1060 1903 1238 1962 tribus
1257 1903 1527 1960 Paschata
1553 1904 1885 1968 distinxerit,
1907 1920 1975 1960 ex
2007 1904 2129 1975 ejus

543 1992 896 2062 potissimum
935 1996 1265 2051 auctoritate
1321 1995 1618 2066 digerenda
1667 2004 1797 2052 sunt
1857 2005 2126 2066 tempora.

543 2085 728 2154 Quare
756 2089 801 2143 si
831 2087 879 2143 is
906 2103 1028 2158 cap.
1061 2105 1092 2142 v
1125 2088 1246 2144 festi
1288 2089 1510 2143 nomine
1542 2087 1750 2144 Pascha
1781 2089 2128 2160 significarit,

542 2178 610 2233 de
645 2195 720 2245 tv,
763 2189 825 2234 ut
863 2179 1156 2235 minimum
1186 2179 1552 2236 Paschatibus
1582 2180 1828 2237 confecta
1868 2197 1956 2238 res
1981 2181 2128 2238 erit:

542 2271 814 2343 siquidem
851 2289 977 2329 cum
1019 2271 1288 2330 Paschate
1327 2289 1450 2344 cap.
1481 2290 1558 2338 vt,
1611 2289 1754 2330 com.
1790 2275 1848 2342 5,
1902 2273 2131 2330 minime

543 2361 938 2419 confundatur.
983 2363 1065 2419 Ad
1118 2364 1237 2420 haec
1286 2364 1545 2436 quoniam
1598 2364 1908 2437 prodigium
1957 2362 2128 2430 illud,

543 2467 655 2524 quo
693 2453 938 2528 quinque
969 2454 1255 2510 hominum
1296 2455 1466 2510 millia
1521 2456 1757 2527 panibus
1809 2455 2054 2526 quinque
2078 2463 2133 2510 et

542 2547 759 2603 duobus
787 2548 1036 2619 piscibus
1062 2548 1352 2616 saturavit,
1393 2549 1535 2605 idem
1580 2549 1808 2605 omnino
1839 2557 1946 2616 est,
1983 2547 2131 2620 quod

543 2646 598 2693 et
634 2635 827 2693 Matth.
861 2653 982 2709 cap.
1013 2654 1126 2705 XIV,
1162 2648 1216 2694 et
1238 2637 1406 2695 Marc.
1441 2655 1516 2706 vt,
1553 2648 1608 2696 et
1631 2637 1794 2696 Luca:
1828 2639 2132 2707 tx,descri-

543 2726 737 2794 bitur;
773 2743 1000 2783 necesse
1039 2738 1126 2786 est
1175 2727 1392 2784 Pascha
1431 2729 1589 2792 illud,
1629 2739 1754 2784 ante
1782 2728 1929 2800 quod
1961 2729 2131 2783 mira-

543 2819 754 2883 culum,
790 2815 1006 2874 Joanne
1057 2827 1234 2884 teste,
1290 2820 1563 2890 contigit,
1602 2820 1882 2876 diversum
1943 2819 2012 2874 ab
2065 2833 2133 2875 eo

545 2921 691 2976 esse,
718 2909 866 2982 quod
903 2910 1068 2965 tacite
1100 2925 1131 2965 a
1173 2909 1355 2966 tribus
1395 2911 1503 2967 illis
1551 2910 1907 2981 evangelistis
1945 2909 2132 2980 expri-

545 3002 753 3068 mitur,
784 3017 910 3059 cum
946 3001 1156 3059 scilicet
1224 3000 1479 3059 Christus
1513 3018 1610 3074 per
1643 3012 1761 3059 sata
1803 3017 1927 3056 cum
1964 3001 2134 3057 disci-

546 3096 692 3170 pulis
711 3095 1012 3153 ambulavit
1040 3114 1052 3152 :
1084 3096 1232 3167 Quod
1283 3097 1474 3168 utique
1505 3105 1636 3171 post
1682 3095 1894 3152 Pascha
1929 3093 2133 3151 factum

460 3205 464 3208 ·
547 3199 652 3254 est,
689 3189 796 3246 hoc
848 3197 933 3245 est
978 3187 1218 3246 Sabbato
1257 3190 1664 3260 deuteroproto.
1713 3187 1884 3259 lgitur
1937 3189 1985 3244 si
2032 3188 2134 3245 iter

550 3278 684 3337 illud
725 3297 828 3352 per
881 3288 1091 3352 segetes
1139 3289 1454 3351 susceptum
1509 3288 1636 3352 post
1670 3279 1818 3335 aliud
1878 3278 2130 3348 Pascha,

547 3387 712 3442 quam
747 3370 893 3443 quod
957 3387 989 3426 a
1037 3371 1312 3441 baptismo
1346 3372 1660 3443 proximum
1713 3381 1839 3436 est,
1898 3371 2133 3439 incidit,

547 3459 940 3533 proculdubio
969 3463 1129 3535 plura
1187 3465 1363 3520 tribus
1426 3461 1696 3519 Paschata
1751 3461 2135 3518 constituenda

550 3561 702 3608 sunt.
736 3553 835 3610 Sin
870 3555 1160 3611 conciliari
1204 3556 1307 3612 ista
1353 3564 1606 3626 possunt,
1639 3563 1700 3608 ut
1737 3555 1915 3625 neque
1962 3553 2137 3612 festus

552 3645 646 3702 ille
676 3647 795 3704 dies
843 3646 1004 3704 Joan.
1034 3664 1066 3702 v
1121 3646 1331 3702 Pascha
1373 3647 1465 3711 sit,
1517 3655 1573 3701 et
1611 3645 1911 3701 Sahbatum
1952 3645 2140 3702 deute-

553 3748 837 3810 roproton,
863 3741 930 3797 de
953 3755 1064 3811 quo
1078 3739 1258 3795 Lucas
1285 3754 1408 3808 cap.
1436 3753 1513 3802 vt,
1535 3739 1717 3794 statim
1743 3745 1868 3807 post
1901 3737 2138 3808 primum

553 3829 762 3888 Pascha
795 3819 1146 3896 successerit,
1183 3830 1320 3886 nihil
1361 3831 1587 3885 omnino
1618 3830 1686 3885 de
1719 3846 1770 3884 tv
1806 3828 2138 3886 Paschatum

555 3922 845 3978 intervallo
872 3923 1069 3978 conﬁci
1102 3915 1281 3994 potest
1305 3939 1320 3989 ;
1355 3937 1480 3976 nam
1509 3921 1655 3993 quod
1678 3922 1744 3976 ad
1767 3919 1968 3987 festum
1995 3922 2138 3977 diem

557 4029 592 4068 v
627 4011 788 4070 Joan.
830 4029 954 4086 cap.
1005 4022 1235 4085 spectat,
1287 4013 1448 4068 multi
1487 4022 1540 4069 et
1590 4012 1902 4084 gravissimi
1953 4011 2143 4070 Patres

558 4116 765 4178 negant
795 4107 860 4163 de
928 4105 1198 4164 Paschate
1239 4107 1485 4162 locutum
1535 4097 1847 4172 Joannem;
1899 4105 1994 4162 sed
2051 4106 2144 4160 alii

554 4195 944 4266 Pentecosten,
1006 4199 1099 4254 alii
1135 4199 1281 4254 aliud
1335 4199 1536 4254 festum
1589 4198 1921 4270 intelligunt.
1986 4197 2144 4266 Quod

556 4297 742 4345 autem
773 4288 965 4345 Irenzei
1015 4289 1394 4345 testimonium
1449 4288 1702 4356 affertur,
1736 4289 1850 4360 jam
1893 4304 1925 4344 a
1987 4290 2146 4346 nobis

557 4393 765 4438 contra
798 4383 946 4438 illius
977 4383 1358 4438 auctoritatem
1412 4383 1795 4454 praescriptum
1834 4392 1938 4449 est,
1997 4381 2146 4453 quod

563 4474 614 4533 is
649 4475 859 4531 nullum
891 4475 1036 4530 aliud
1068 4473 1278 4532 Pascha
1305 4475 1608 4532 secundum
1637 4475 1944 4547 agnoverit,
1979 4490 2143 4546 quam

2237 619 2537 685 existimat,
2622 619 2978 690 proverbium
3031 620 3306 690 quoddam
3377 621 3517 677 inter
3585 622 3778 683 Juda’os

2233 710 2506 782 ejusmodi
2542 721 2846 777 versatum,
2903 710 3084 767 adhuc
3123 726 3341 768 menses
3375 728 3428 768 tv
3458 716 3525 769 ad
3565 731 3778 773 messem

2234 810 2550 872 supersunt,
2583 817 2708 857 cum
2747 802 2884 858 nihil
2905 803 3050 872 quod
3085 813 3466 873 urgeret'esse,
3499 807 3780 878 signiﬁcem

2235 893 2472 949 vellent:
2513 909 2612 949 cur
2647 893 2807 949 fateri
2841 895 3122 965 cogimur,
3155 911 3325 957 unum
3370 897 3504 953 illud
3548 897 3727 954 festum
3753 914 3780 955 e

2236 987 2414 1042 tribus
2433 986 2605 1043 fuisse
2622 985 3157 1058 majoribus‘tNonne
3173 1000 3228 1043 et
3243 988 3310 1043 ad
3327 988 3578 1046 Euctenia
3591 993 3780 1048 venisse

2232 1076 2514 1134 Christum
2547 1087 2815 1134 testantur
2837 1077 3151 1151 Evangelia,
3182 1092 3237 1135 et
3258 1079 3497 1151 reliquos
3524 1083 3589 1136 ab
3615 1084 3778 1138 eodem

2234 1167 2540 1225 verisimile
2577 1177 2663 1226 est
2695 1169 2813 1225 dies
2849 1184 2972 1226 esse
3001 1170 3302 1226 celebratos
3328 1172 3352 1226 ?
3383 1170 3566 1239 Quare
3595 1174 3692 1230 nisi
3717 1175 3779 1230 ἰιι

2231 1257 2592 1316 Pentecosten
2631 1276 2757 1316 cum
2785 1260 3226 1333 Chrysostomo,
3270 1263 3490 1335 Cyrillo,
3527 1276 3679 1336 atque
3725 1282 3780 1322 es

2233 1351 2635 1406 recentioribus
2669 1349 3024 1419 Maldonato,
3071 1352 3304 1422 aliisque
3348 1356 3621 1424 pertinere
3669 1357 3778 1411 veli-

2233 1457 2398 1509 mus;
2432 1452 2488 1497 at
2515 1440 2766 1508 Phurim,
2809 1443 2925 1498 sive
2956 1441 3197 1497 Sortium
3238 1442 3463 1509 festum,
3497 1448 3637 1516 quod
3657 1449 3782 1501 Adar

2238 1533 2306 1590 15
2339 1534 2677 1590 celebratum
2727 1543 2832 1601 est,
2875 1534 3011 1590 nihil
3055 1544 3201 1590 vetat
3252 1535 3503 1608 intelligi.
3571 1537 3642 1593 De
3690 1555 3783 1610 quo

2232 1631 2444 1686 erudite
2483 1630 2748 1702 Keplerus
2795 1631 2851 1686 in
2887 1629 3122 1701 Eclogis.
3168 1630 3289 1686 Jam
3335 1631 3632 1689 Sabbatum
3672 1637 3783 1691 illud

2230 1722 2655 1794 deuteroproton
2711 1731 2836 1793 post
2882 1723 3116 1794 primum
3174 1739 3206 1780 a
3265 1725 3546 1796 baptismo
3601 1726 3785 1782 Pascha

2233 1815 2492 1870 collocari
2540 1823 2739 1886 potest,
2771 1823 2908 1870 utet
2926 1812 3191 1884 Keplerus
3230 1815 3452 1891 ibidem,
3481 1828 3534 1872 et
3579 1832 3674 1874 nos
3699 1819 3785 1889 ipsi

2236 1907 2472 1963 subinde
2514 1906 2975 1963 monstrabimus.
3026 1903 3205 1961 Unum
3238 1919 3528 1978 superest,
3561 1909 3696 1980 quod
3730 1925 3786 1964 ex

2232 1998 2506 2055 Kemnitio
2553 1999 2808 2069 proponit
2843 1998 3203 2069 dissolvitque
3241 1997 3508 2070 Keplerus
3561 2019 3576 2056 :
3609 2000 3787 2056 etenim

2231 2089 2486 2146 Christus
2562 2087 3006 2156 praedicationem
3077 2106 3308 2148 exorsus
3369 2101 3457 2148 est
3524 2105 3788 2164 postquam

2231 2179 2472 2236 Joannes
2506 2179 2562 2234 in
2601 2195 2880 2236 carcerem
2916 2189 3002 2237 est
3055 2182 3284 2248 missus,
3329 2181 3524 2238 Matth.
3566 2199 3616 2239 tv
3643 2224 3658 2249 ,
3694 2181 3788 2250 12;

2232 2271 2400 2326 Marc.
2433 2287 2473 2334 ι,
2505 2271 2592 2326 14.
2629 2271 2926 2341 Conjectus
2954 2282 3137 2328 autem
3172 2283 3256 2330 est
3303 2274 3360 2329 in
3392 2274 3611 2330 vincula
3641 2273 3789 2331 Joan-

2234 2376 2333 2416 nes
2360 2374 2485 2431 post
2524 2360 2734 2417 Pascha
2779 2363 3018 2433 primum
3047 2382 3061 2418 :
3088 2380 3215 2418 nam
3246 2378 3313 2420 eo
3337 2364 3610 2420 celebrato
3641 2365 3789 2421 Joan-

2233 2468 2332 2508 nes
2349 2453 2627 2524 baptizare
2649 2455 2848 2526 pergit,
2879 2453 3042 2511 Joan.
3069 2473 3154 2526 tu,
3183 2457 3276 2511 23.
3300 2458 3485 2524 Quare
3518 2457 3788 2514 Sabbatum

2233 2545 2394 2603 Luca:
2425 2546 2871 2618 deuteroproton,
2915 2557 2970 2603 et
3008 2548 3098 2603 ille
3158 2564 3252 2614 per
3302 2559 3518 2618 segetes
3569 2551 3791 2606 incessus

2234 2653 2343 2694 non
2379 2646 2559 2710 potest
2581 2640 2760 2710 primo
2793 2637 3045 2696 Paschati
3067 2639 3286 2710 subjici,
3315 2641 3444 2710 quia
3469 2641 3788 2712 jamdudum,

2236 2747 2363 2787 cum
2397 2731 2513 2787 haec
2558 2741 2872 2803 agerentur,
2932 2731 3519 2804 praedicare_Christus
3553 2743 3788 2804 coeperat.

2235 2821 2315 2876 Ex
2355 2837 2466 2893 quo
2492 2824 2764 2894 sequitur,
2798 2839 2851 2878 tv
2873 2824 3067 2879 saltem
3099 2823 3224 2879 elici
3263 2822 3554 2892 Paschate,
3579 2825 3791 2897 utpaulo

2235 2924 2361 2970 ante
2395 2915 2816 2986 disputavimus.

2315 3005 2514 3063 Verum
2570 3022 2682 3063 non
2731 3013 2859 3062 ante
2893 3004 3126 3064 Joannis
3161 3025 3442 3066 carcerem
3486 3007 3789 3081 praedicandi

2238 3115 2442 3156 munus
2473 3099 2725 3171 attigisse
2751 3099 3057 3170 Christum,
3091 3118 3157 3158 ac
3187 3113 3340 3158 tanto
3386 3113 3628 3174 tempore
3669 3101 3790 3158 otio-

2240 3205 2364 3245 sum
2401 3205 2466 3246 ac
2505 3189 2752 3246 desidem
2796 3189 2992 3256 fuisse,
3035 3193 3441 3262 perabsurdum
3467 3193 3711 3248 videtur.
3740 3189 3793 3244 Et

2240 3282 2287 3339 si
2323 3296 2515 3336 verum
2561 3279 2724 3336 fateri
2758 3281 3035 3349 volumus,
3056 3278 3340 3337 Nicodemi
3380 3282 3476 3336 illa
3509 3297 3630 3338 cum
3659 3279 3794 3336 Chri-

2240 3378 2326 3426 sto
2365 3369 2704 3438 congressio,
2735 3367 2968 3440 ejusque
2998 3369 3164 3425 verba
3199 3368 3300 3424 ista
3332 3387 3346 3423 :
3384 3367 3596 3423 Scimus
3632 3368 3742 3438 quia
3765 3381 3794 3419 α

2239 3459 2350 3514 Deo
2379 3461 2587 3525 venisti,
2612 3459 2904 3528 Magister:
2943 3475 3093 3513 nemo
3123 3461 3260 3514 enim
3299 3469 3470 3528 potest
3526 3460 3633 3514 haec
3664 3458 3794 3529 signa

2242 3552 2435 3623 facere,
2470 3566 2587 3621 qum
2618 3562 2674 3605 tu
2707 3551 2867 3619 facis,
2888 3552 2992 3605 nisi
3018 3551 3180 3621 fuerit
3212 3551 3349 3606 Deus
3373 3568 3498 3605 cum
3527 3567 3586 3606 eo
3618 3549 3792 3621 (Joan.

2245 3661 2328 3710 tu,
2365 3645 2479 3717 2):
2521 3652 2634 3709 tum
2687 3660 2810 3716 quae
2849 3644 3119 3714 superiori
3159 3645 3338 3716 capite
3391 3653 3706 3707 narrantur,
3737 3639 3803 3695 de

2245 3738 2434 3793 multis
2500 3738 2556 3792 in
2621 3738 2801 3808 ipsum
2859 3736 3258 3804 credentibus;
3320 3737 3649 3807 praedicasse
3699 3735 3796 3805 jam

2244 3829 2548 3892 Christum,
2574 3837 2627 3883 et
2647 3829 2711 3882 ad
2736 3829 2995 3898 populum
3021 3825 3215 3884 fecisse
3237 3829 3400 3884 verba
3423 3830 3794 3884 demonstrant.

2244 3921 2398 3977 Adde
2445 3920 2532 3976 his
2561 3920 2747 3975 omnia
2771 3959 2787 3985 ,
2843 3935 2965 3990 quae
3011 3927 3141 3974 ante
3173 3919 3443 3975 .vinetum
3483 3918 3732 3976 Joannem
3769 3929 3795 3968 a

2245 4013 2464 4070 Christo
2503 4012 2649 4069 dicta
2681 4011 2934 4082 factaque
2958 4013 3142 4068 caeteri
3177 4022 3288 4070 tres
3315 4014 3533 4085 aliquot
3559 4011 3796 4083 capitibus

2245 4105 2517 4176 complexi
2559 4113 2707 4161 sunt.
2749 4102 2892 4170 Quin
2937 4113 2993 4160 et
3027 4103 3220 4159 Petrus
3254 4105 3375 4160 Act.
3415 4121 3434 4161 ι
3474 4121 3507 4161 a
3553 4105 3796 4174 baptismo

2245 4196 2531 4252 Christum
2564 4195 2796 4263 coepisse
2825 4203 3078 4250 testatur.
3111 4193 3253 4250 Idem
3278 4193 3485 4250 Euseb.
3508 4195 3600 4250 lib.
3630 4209 3666 4260 ι,
3693 4204 3793 4260 cap.

2248 4285 2338 4352 10,
2381 4287 2555 4342 ethoc
2579 4286 2698 4340 loco
2728 4285 2889 4340 docet
2911 4283 3275 4356 Epiphanius.
3291 4284 3532 4342 [renuens
3550 4285 3687 4340 enim
3707 4296 3796 4337 xxx

2247 4395 2393 4434 anno
2421 4378 2766 4449 baptizatum
2791 4387 2966 4448 putat,
2995 4388 3051 4432 et
3081 4385 3206 4448 post
3242 4377 3449 4448 aliquot
3489 4385 3795 4439 annos,cum

2250 4471 2361 4543 jam
2398 4471 2648 4526 idoneam
2680 4469 2750 4524 ad
2790 4468 3100 4524 docendum
3137 4478 3352 4524 aetatem
3387 4478 3537 4525 esset
3579 4468 3795 4536 adeptus,

555 4565 708 4638 quod
753 4582 805 4621 vt
873 4566 1052 4637 capite
1099 4572 1600 4630 commemoratur;
1659 4578 1899 4635 quocum
1944 4560 2143 4618 festum
2177 4565 2223 4626 D
2252 4565 2518 4618 triennem
2564 4559 3012 4632 praedicationem
3041 4558 3334 4638 inchoasse
3363 4577 3379 4628 ;
3408 4575 3535 4616 nam
3567 4556 3703 4628 quod
3741 4552 3796 4607 ad

558 4658 711 4713 illum
750 4657 894 4713 diem
946 4655 1108 4713 Joan.
1149 4673 1181 4711 v
1225 4655 1556 4713 confuderit.
1591 4655 1773 4723 Quare
1807 4657 1911 4712 hoc
1962 4655 2144 4727 ipsum

557 4749 666 4806 illis
698 4747 934 4816 Pascha,
967 4749 1114 4821 quod
1150 4745 1311 4804 Joan.
1332 4763 1366 4803 ν
1389 4749 1606 4820 legitur,
1632 4747 1793 4805 facile
1812 4749 2144 4817 remiserim,

557 4841 689 4896 dum
732 4857 800 4897 ex
831 4839 1022 4898 lrentei
1061 4841 1334 4899 sententia
1373 4856 1721 4911 nequaquam
1762 4848 1808 4896 a'
1842 4840 2147 4910 posteriore

558 4935 919 5002 discernant,
986 4949 1169 5006 neque
1229 4934 1431 5006 plura,
1481 4948 1648 5004 quam
1713 4933 1824 4997 ille,
1874 4931 2146 4990 Paschata

559 5027 784 5083 Christo
823 5029 1086 5083 tribuant.
1123 5034 1194 5083 At
1220 5028 1367 5083 enim
1402 5027 1506 5082 tria
1539 5036 1751 5082 tantum
1787 5036 1944 5083 erant
1973 5026 2144 5094 festa,

559 5119 764 5188 quibus
798 5117 994 5186 sistece
1028 5136 1088 5176 se
1143 5119 1539 5191 Hierosolymis
1589 5119 1854 5190 oportuit,
1913 5119 2145 5183 Pascha,

563 5209 884 5265 Pentecoste
906 5219 960 5265 et
988 5208 1342 5282 Seenopegia.
1371 5209 1511 5266 Cum
1569 5224 1700 5282 ergo
1736 5226 1904 5265 unum
1941 5225 2008 5265 ex
2041 5210 2150 5265 illis

559 5301 740 5356 tribus
777 5297 975 5355 festum
1008 5299 1141 5356 illud
1164 5301 1454 5364 exstiterit,
1496 5300 1654 5370 cujus
1684 5315 1850 5356 causa
1890 5299 2146 5357 Christus

558 5392 811 5448 ascendit
835 5407 850 5458 ;
894 5407 1069 5462 neque
1091 5392 1397 5462 posteriora
1416 5392 1525 5446 duo
1550 5393 1728 5446 locum
1744 5391 1867 5447 istic
1889 5391 2147 5457 habeant,

561 5495 787 5540 necesse
824 5492 910 5538 est
939 5482 1007 5538 de
1037 5482 1240 5553 primo,
1274 5481 1382 5537 hoc
1409 5491 1495 5537 est
1531 5481 1831 5550 Paschate,
1878 5481 2149 5540 Joannem

561 5571 829 5630 locutum.
859 5573 1016 5641 Quod
1035 5575 1180 5630 enim
1214 5589 1392 5643 neque
1415 5573 1760 5641 Pentecoste,
1792 5591 1973 5647 neque
2016 5575 2151 5632 Sce-

565 5666 796 5736 nopegia
849 5665 1040 5733 fuerit,
1087 5675 1414 5737 argumento
1475 5673 1594 5733 est,
1664 5667 1813 5737 quod
1879 5668 2151 5734 superiori

565 5757 743 5824 capite
792 5758 1050 5814 Christus
1087 5759 1302 5814 dixerat
1334 5774 1480 5813 com.
1513 5757 1583 5814 55
1609 5798 1624 5823 ,
1662 5767 1898 5829 quatuor
1932 5777 2153 5818 menses

576 5847 643 5901 ad
671 5863 910 5905 messem
941 5850 1182 5922 reliquos
1235 5849 1428 5909 fuisse.
1483 5849 1554 5908 At
1603 5850 1719 5908 hac
1774 5866 1898 5909 meo
1944 5852 2153 5924 judicio

2249 4654 2524 4726 Epiphan.
2578 4653 2818 4717 attinet,
2870 4667 3038 4722 supra
3092 4667 3248 4706 num.
3283 4650 3356 4705 94
3395 4651 3656 4721 postridie
3698 4646 3797 4716 ejus

2249 4745 2380 4811 diei,
2415 4759 2527 4816 quo
2561 4743 2870 4815 baptizatus
2913 4751 3018 4808 est,
3064 4740 3508 4812 praedicationem
3563 4737 3700 4793 illam
3723 4747 3798 4789 oc-

2249 4837 2484 4908 coepisse
2527 4836 2700 4904 dicit,
2752 4850 2873 4906 quae
2910 4835 2979 4890 ad
3041 4833 3286 4888 ἐνιαυτὸν
3333 4833 3522 4886 δεκτόν
3573 4829 3794 4886 refertur.

2249 4931 2394 4998 Quid
2428 4930 2595 5001 igitur
2616 4927 2969 5000 evangelistis
2997 4927 3106 4982 illis
3131 4925 3418 4990 faciemus,
3451 4924 3561 4995 qui.
3581 4921 3798 4989 conjecto

2249 5023 2471 5093 demum
2541 5022 2598 5076 in
2650 5037 2929 5078 carcerem
2986 5018 3201 5075 Joanne
3253 5019 3535 5075 Christum
3601 5017 3798 5069 narrant

2250 5116 2552 5187 praedicare
2578 5113 2860 5186 coepisse?
2893 5112 3130 5184 Keplero
3168 5113 3349 5168 visum
3397 5119 3481 5166 est
3515 5104 3799 5176 trajectione

2252 5207 2512 5263 versiculi
2555 5206 2724 5266 unius
2765 5206 3047 5276 negotium
3103 5219 3264 5274 posse
3313 5201 3529 5257 confici.
3599 5194 3723 5251 Nam
3762 5187 3798 5243 si

2251 5300 2444 5355 Matth.
2475 5313 2551 5366 Iv,
2588 5314 2706 5352 ver.
2733 5298 2821 5352 12:
2854 5297 2989 5353 Cum
3026 5309 3203 5352 autem
3235 5294 3470 5350 audisset
3510 5291 3661 5346 Iesus
3685 5279 3799 5356 quod

2251 5391 2486 5446 Joannes
2519 5391 2752 5445 traditus
2791 5398 2949 5456 esset,
2995 5391 3207 5444 secessit
3245 5388 3299 5442 in
3331 5385 3648 5448 Gaiilwam:
3692 5378 3796 5432 item

2252 5480 2422 5536 Mare.
2461 5495 2501 5549 ι,
2549 5480 2596 5536 si
2647 5495 2862 5536 comma
2905 5480 2972 5534 M
3038 5479 3146 5534 alio
3187 5475 3451 5545 trajicias,
3505 5463 3798 5528 narrationis

2255 5575 2504 5631 ordinem
2546 5574 2832 5644 aptissime
2864 5579 3147 5629 contexes.
3183 5569 3316 5624 Mihi
3355 5583 3484 5624 vero
3513 5566 3624 5620 haec
3660 5557 3797 5614 unius

2256 5665 2514 5721 versiculi
2568 5665 2816 5735 trajectio
2871 5664 3111 5728 violenta
3179 5677 3314 5719 sane
3376 5660 3626 5715 videtur:
3687 5645 3798 5746 nihil

2256 5761 2402 5817 enim
2434 5761 2640 5816 clarius
2674 5773 2777 5827 est,
2823 5775 2990 5832 quam
3025 5773 3147 5828 qua:
3183 5755 3548 5825 subjiciuntur
3571 5759 3684 5804 eum
3707 5737 3796 5794 illis

2259 5854 2396 5923 ipsis
2450 5853 2738 5911 versiculis
2805 5867 2928 5911 esse
2977 5867 3240 5910 connexa.
3303 5847 3485 5905 Satius
3533 5852 3614 5900 est
3656 5837 3795 5908 ἱείιυιΐ
