4064 6420
387 382 528 441 1015

1312 387 1402 444 DE
1438 387 1635 446 ΑΝΝο
1674 388 1764 445 ET
1800 388 1915 447 DIE
1951 389 2305 449 DOIINICE
2339 391 2718 453 PASSIONIS.

3502 388 3644 444 1914

389 497 685 558 commoda
715 499 903 572 aliqua
935 498 1390 571 interpretatione
1416 503 1521 560 loci
1550 504 1700 561 illius
1742 503 1971 559 diﬁicul-
2000 513 2044 568 A
2074 507 2169 562 sati
2216 507 2272 563 in
2320 506 2622 566 Beelzebub
2656 509 2774 566 haec
2834 508 2989 563 illum
3022 505 3204 561 facere
3256 501 3646 558 criminantur.

387 587 487 643 tati
528 588 837 647 consulere.
875 591 991 643 Hoc
1020 605 1149 645 vero
1194 589 1453 661 perfacile
1499 602 1606 649 est.
1639 592 1775 649 Nam
1825 592 1963 648 Mat—

392 679 567 734 thaeus
587 685 642 732 et
665 675 879 733 Marcus
900 693 1243 750 nequaquam
1263 681 1394 735 illud
1417 681 1636 751 docent,
1683 681 1965 737 Christum

392 777 523 823 tunc
557 768 759 835 solum,
800 784 925 823 cum
956 767 1196 826 Joannes
1227 771 1282 825 in
1329 771 1550 827 vincula
1600 771 1810 828 missus
1845 779 1963 839 est,

392 860 691 930 praedicare
728 859 1100 931 injpopulum,
1130 861 1234 919 hoc
1252 870 1336 920 est
1359 863 1575 934 publice
1602 862 1768 917 verba
1787 861 1967 917 facere

390 952 664 1022 coepisse:
713 952 858 1023 quod
910 968 977 1008 ex
1034 952 1142 1008 illis
1181 953 1317 1025 ipsis
1373 953 1728 1026 evangelistis
1765 952 1965 1009 l‘alsutn

390 1060 514 1101 esse
544 1054 900 1103 monstratur.
932 1045 1036 1102 Sed
1078 1048 1169 1104 hic
1205 1064 1404 1106 sensus
1431 1058 1544 1105 est:
1575 1056 1699 1120 post
1742 1056 1966 1118 captum

392 1134 658 1191 Joannem
685 1152 885 1192 novum
916 1137 1065 1194 velut
1111 1138 1332 1195 initium
1364 1138 1697 1209 praedicandi
1730 1126 1927 1196 fecisse
1947 1179 1967 1206 ,

392 1244 458 1284 ac
486 1244 611 1284 cum
643 1229 957 1285 accuratius
990 1229 1045 1285 in
1100 1229 1233 1285 illud
1286 1229 1565 1301 negotium
1615 1229 1966 1296 incubuisse,

390 1327 509 1371 tum
548 1331 679 1372 vero
709 1317 995 1386 speciatim
1025 1317 1158 1372 illud
1197 1317 1506 1375 inculcasse
1537 1335 1552 1374 :
1592 1317 1968 1374 Pwnitentiam

372 1407 575 1477 agite;
611 1409 994 1479 appropinquat
1032 1410 1171 1464 enim
1204 1427 1420 1482 regnum
1453 1409 1725 1466 caelorum.
1764 1411 1972 1482 Cujus-

392 1499 543 1553 tnodi
572 1499 1005 1554 cohortationem
1047 1500 1130 1556 vel
1172 1503 1416 1558 nondum
1441 1511 1623 1569 antea,
1664 1504 1748 1560 vel
1784 1504 1970 1561 minus

390 1590 590 1645 crebro
648 1604 714 1645 ac
768 1589 1118 1647 vehementer
1168 1603 1483 1666 usurparet,
1516 1596 1665 1666 quod
1709 1610 1831 1651 eam
1864 1595 1971 1652 sibi

391 1678 632 1738 Joannes
660 1681 1017 1752 przedicaudte
1063 1684 1399 1754 poenitentia:
1444 1686 1785 1756 provinciam
1822 1686 1973 1742 velut

390 1777 670 1847 propriam
716 1791 782 1832 ac
809 1777 1139 1848 peculiarem
1182 1780 1528 1850 sumpsisset.
1560 1778 1728 1850 Nihil,
1749 1781 1968 1852 opinor,

2070 596 2243 654 Venit.
2266 608 2440 654 mater
2470 615 2594 655 cum
2628 599 2904 664 fratribus,
2946 596 3112 652 Mare.
3165 610 3250 658 ιιι,
3296 593 3398 660 51;
3449 591 3642 647 Matth.

2070 702 2170 752 xu,
2203 686 2297 743 46.
2336 686 2475 744 Tum
2535 688 2816 760 egrediens
2845 687 3009 742 domo
3068 685 3138 739 ad
3186 698 3339 737 mare
3376 681 3642 751 pervenit.
3682 734 3691 741 ,

2074 775 2180 833 Ubi
2221 778 2537 848 parabolam
2577 778 2856 844 sementis,
2880 786 2934 832 et
2954 775 3060 831 alia
3086 772 3337 845 quzedam
3367 770 3643 837 edisserit,

2071 870 2242 928 Marc.
2280 887 2354 937 tv,
2388 871 2584 928 Matth.
2625 886 2767 927 xm:
2809 884 2873 926 ac
2906 868 3045 924 forte
3067 869 3230 924 etiam
3254 881 3378 936 qua:
3398 864 3530 919 Luc.
3567 879 3644 929 xi,

2071 964 2161 1030 55,
2210 964 2484 1035 leguntur.
2534 962 2756 1020 Interim
2778 960 3023 1035 nonnulli
3061 960 3128 1014 ad
3165 958 3443 1014 Christum
3486 968 3646 1010 acce-

2068 1058 2226 1117 dunt,
2263 1070 2330 1112 ac
2349 1055 2503 1126 sequi
2538 1070 2599 1111 se
2626 1055 2764 1110 velle
2784 1052 3127 1123 proﬁtentur,
3154 1049 3345 1104 Matth.
3387 1063 3507 1115 vm,
3554 1045 3645 1101 l8.

2073 1146 2209 1204 Post
2242 1148 2296 1202 in
2325 1147 2494 1202 altum
2525 1155 2750 1203 evectus
2777 1144 3069 1215 procellam
3118 1142 3293 1206 sedat,
3351 1139 3517 1195 Marc.
3569 1154 3644 1193 tv.

2071 1237 2328 1308 Trajecto
2368 1237 2508 1293 freto
2546 1238 2601 1292 in
2635 1235 3039 1292 Gerasenorum
3080 1246 3214 1305 agro
3247 1230 3645 1286 daemoniacum

2070 1329 2286 1394 liberat,
2318 1327 2513 1384 Matth.
2545 1342 2668 1391 vut,
2720 1329 2890 1381 Marc.
2935 1342 2991 1382 v.
3057 1323 3294 1379 Rediens
3335 1321 3651 1391 archisyna-

2070 1419 2194 1491 gagi
2230 1417 2393 1473 ﬁliam
2429 1427 2604 1481 curat,
2654 1426 2772 1472 tum
2820 1415 3112 1486 sanguinis
3164 1412 3439 1483 proﬂuvio
3495 1410 3648 1465 laboc

2070 1517 2307 1574 tantem,
2338 1507 2530 1564 Matth.
2558 1523 2636 1570 rx.
2667 1506 2835 1563 Marc.
2855 1523 2912 1572 v,
2940 1505 3208 1561 Luc.vut.
3233 1502 3502 1574 Egressus
3524 1500 3654 1556 inde

2071 1602 2126 1657 in
2159 1600 2389 1672 patriam
2426 1599 2581 1664 abiit,
2622 1598 2783 1655 Marc.
2826 1613 2903 1663 vt,
2955 1595 3145 1652 Matth.
3180 1608 3297 1649 xm.
3356 1591 3650 1662 Apostolos

2072 1688 2236 1745 binos
2283 1702 2409 1744 cum
2441 1686 2780 1757 amplissima
2823 1694 3090 1758 potestate
3140 1683 3327 1749 mittit,
3363 1682 3532 1737 Mare.
3569 1696 3648 1747 vr,

2074 1778 2211 1837 Luc.
2257 1795 2335 1835 tx.
2387 1778 2610 1836 Interim
2663 1777 2906 1835 Herodes
2948 1792 3073 1833 cum
3122 1776 3294 1831 multa
3343 1774 3414 1830 de
3443 1771 3655 1828 Christi.

394 1868 502 1923 hac
562 1879 752 1924 nostra
808 1868 1123 1940 conjectura
1182 1870 1313 1941 ﬁngi
1365 1872 1705 1943 probabilius
1767 1882 1966 1947 potest.
1999 1862 2042 1917 Β
2074 1872 2342 1945 prodigiis
2369 1872 2690 1943 accepisset,
2721 1869 2990 1929 Joannem
3028 1885 3061 1925 a
3097 1868 3327 1925 mortuis
3351 1866 3649 1922 excitatum

391 1955 552 2014 Nunc
579 1969 637 2015 ut
682 1957 972 2030 Epiphanii
1005 1968 1361 2030 veterumque
1391 1961 1459 2017 de
1496 1963 1674 2018 tribus
1728 1961 1971 2019 Pascha—

393 2052 546 2107 tibus
578 2050 763 2121 opinio
802 2050 980 2123 magis
1016 2050 1338 2119 illustretur,
1379 2053 1599 2109 brevem
1650 2053 1977 2125 evangelica:

392 2144 731 2200 narrationis
764 2144 962 2201 seriem
993 2145 1062 2201 ad
1093 2145 1311 2201 illorum
1342 2144 1629 2201 intervalla
1656 2144 1910 2217 dirigam.

394 2255 862 2328 Evangelistarum
894 2259 1141 2313 narratio
1201 2258 1271 2312 ad
1335 2256 1624 2327 Epiphanii
1660 2258 1975 2313 sententiam

598 2328 660 2382 de
691 2328 858 2382 tribus
893 2328 1248 2384 Paschatibus
1286 2330 1741 2382 accommodatur.

468 2417 599 2475 Post
633 2420 962 2492 baptismum
993 2431 1048 2477 et
1078 2438 1146 2477 xt.
1179 2422 1389 2479 dierum
1409 2422 1681 2495 jejunium
1705 2436 1769 2477 ea
1799 2421 1981 2477 contio

396 2519 611 2577 gerunt,
656 2526 778 2579 qua:
807 2508 967 2565 Joan.
999 2529 1017 2567 ι
1053 2511 1229 2582 capite
1259 2523 1553 2566 narrantur
1583 2512 1651 2567 de
1689 2511 1971 2582 apostolo-

393 2614 518 2654 rum
541 2600 845 2657 vocatione.
871 2600 1000 2657 lude
1026 2604 1229 2673 nuptiae
1256 2602 1310 2657 in
1336 2603 1486 2658 Cana
1513 2601 1747 2658 Galilaeae
1773 2599 1975 2657 Joann.

395 2707 435 2744 ιι
472 2707 647 2762 usque
676 2693 741 2747 ad
767 2706 981 2749 comma
1048 2694 1133 2758 15,
1161 2694 1380 2765 quando
1425 2693 1814 2764 Capharnaum
1846 2708 1971 2748 cum

397 2781 515 2837 suis
548 2781 830 2852 profectus
859 2792 960 2839 est.
999 2781 1103 2839 Ubi
1131 2800 1254 2839 cum
1281 2784 1471 2854 paucis
1501 2784 1695 2839 diebus
1728 2782 1977 2839 hzesisset

394 2870 671 2929 Galilaeam
697 2873 852 2939 obiit,
894 2874 1079 2945 ibique
1112 2875 1422 2946 praedicavit
1457 2873 1812 2946 Evangelium
1835 2873 1973 2929 Luc.

396 2978 473 3026 tv,
498 2977 644 3020 com.
676 2962 764 3030 14,
795 2960 1163 3019 Nazarethum
1219 2963 1395 3034 petiit,
1431 2964 1523 3019 ubi
1577 2962 1973 3035 propemodum

396 3067 427 3107 a
480 3051 691 3109 civibus
749 3054 966 3109 occisus
997 3063 1098 3110 est.
1158 3053 1287 3111 Post
1319 3057 1437 3111 haec
1480 3055 1759 3126 apostolos
1791 3054 1977 3109 denu'o

393 3141 814 3211 vocavit,Marc.
851 3161 891 3213 ι,
928 3144 1014 3200 16.
1047 3144 1356 3215 lterumque
1384 3159 1684 3201 conscensa
1723 3142 1847 3197 navi
1875 3142 1976 3196 Pe-

395 3244 543 3289 trum
579 3249 643 3289 ac
671 3243 900 3289 caeteros
931 3234 1000 3289 ad
1053 3249 1172 3296 sese
1210 3232 1499 3305 pertraxit.
1551 3230 1690 3286 Tum
1728 3231 1975 3302 Caphar-

394 3345 563 3385 naum
597 3329 765 3396 venit,
796 3327 964 3385 Marc.
1019 3346 1058 3400 ι,
1089 3330 1180 3396 21,
1212 3328 1345 3386 Luc.
1387 3346 1461 3397 tv,
1489 3329 1578 3384 51.
1606 3326 1717 3385 ὐιιὶ
1751 3327 1806 3384 in
1846 3345 1977 3403 syn-

395 3440 564 3498 agoga
617 3426 1015 3482 daunoniacum
1058 3435 1217 3483 curat
1256 3443 1270 3481 :
1312 3425 1439 3481 inde
1466 3423 1611 3481 Petri
1643 3440 1883 3492 socrum,
1912 3440 1977 3483 ac

396 3517 699 3588 leprosum.
750 3516 1013 3590 Sequitur
1076 3517 1317 3573 Matthaai
1372 3517 1607 3584 vocatio,
1643 3515 1836 3573 Matth.
1896 3534 1975 3583 ιχ,

394 3607 567 3666 Marc.
601 3623 663 3673 tt,
702 3607 831 3665 Luc.
862 3627 914 3665 v.
947 3610 1062 3667 Sub
1094 3610 1209 3667 haec
1240 3608 1558 3666 accedentes
1606 3609 1837 3666 Joannis
1886 3609 1975 3664 di-

399 3701 596 3773 scipuli
631 3716 757 3756 cum
792 3699 1086 3760 Pharismis
1131 3704 1480 3773 expostulant
1520 3718 1644 3759 cum
1681 3718 1770 3769 eo,
1826 3702 1975 3774 quod

399 3794 576 3866 ipsius
615 3793 868 3864 discipuli
920 3794 1144 3850 minime
1188 3796 1521 3867 jejunareut.
1560 3794 1687 3852 Inde
1736 3796 1977 3867 primum

397 3884 610 3942 Pascha
645 3893 770 3956 post
799 3885 1129 3963 baptismum
1156 3885 1315 3942 Joan.
1341 3903 1401 3943 ιι.
1437 3885 1672 3945 Necesse
1701 3896 1786 3944 est
1827 3888 1977 3943 enirn

396 3977 592 4034 multis
650 3984 811 4033 antea
866 3977 1145 4035 miraculis
1202 3978 1408 4043 editis,
1468 3995 1535 4035 ac
1592 3978 1981 4051 praedicatione

398 4075 580 4139 empta
612 4066 877 4125 claruisse
906 4066 1223 4137 Dominum,
1281 4079 1339 4126 ut
1365 4086 1433 4125 ex
1456 4069 1743 4127 Nicodemi
1773 4071 1982 4125 oratio-

399 4182 473 4223 ne
500 4168 798 4240 colligitur.
838 4166 944 4224 Per
972 4168 1195 4225 eosdem
1238 4167 1527 4225 Paschatis
1563 4168 1680 4224 dies
1727 4166 1982 4224 Christus

402 4261 777 4335 negotiatores
814 4276 847 4315 a
881 4260 1084 4333 templo
1130 4261 1428 4318 submovit.
1470 4260 1668 4326 Postea
1715 4276 1845 4317 vero
1884 4275 1982 4330 per

400 4362 526 4410 sata
559 4353 779 4411 transiit
804 4352 999 4411 Matth.
1036 4370 1135 4418 xu,
1164 4353 1219 4419 1,
1246 4353 1413 4409 Marc.
1446 4369 1511 4418 ιι,
1534 4354 1625 4421 25,
1647 4352 1781 4409 Luc.
1814 4369 1889 4419 vr,
1926 4353 1978 4409 1.

403 4444 725 4516 Sequuntur
781 4453 935 4518 gesta
984 4442 1178 4501 Matth.
1246 4460 1325 4500 xu
1390 4444 1460 4500 ad
1515 4445 1580 4499 21
1621 4460 1859 4501 comma.
1915 4443 1983 4500 Et

2074 1972 2252 2037 putat,
2281 1972 2336 2020 et
2367 1964 2517 2017 illum
2553 1963 2737 2018 videre
2775 1963 2979 2032 gestit:
3029 1968 3085 2015 at
3129 1959 3176 2014 is
3220 1972 3341 2014 sese
3373 1956 3646 2013 subducit.

2074 2056 2258 2124 Quare
2285 2055 2389 2112 sub
2417 2056 2533 2111 haec
2566 2064 2812 2125 tempora
2838 2052 3105 2108 Joannem
3150 2049 3496 2109 interfectum
3528 2062 3653 2103 esse

2074 2147 2334 2209 credibile
2358 2155 2462 2203 est.
2488 2145 2569 2201 Ad
2607 2144 2854 2201 eamdem
2876 2142 3076 2199 Christi
3118 2141 3303 2213 fugam
3340 2139 3519 2197 refero
3557 2154 3651 2195 ca-

2075 2250 2175 2312 put
2206 2256 2257 2294 tv
2289 2238 2536 2301 Joannis,
2564 2252 2689 2293 cum
2712 2236 2902 2292 relicta
2931 2235 3116 2290 Judaea
3147 2234 3201 2288 in
3231 2233 3510 2289 Galilaeam
3560 2246 3650 2287 se-

2076 2331 2278 2399 cessit;
2322 2346 2431 2400 quo
2463 2330 2518 2384 in
2581 2329 2774 2384 itinere
2838 2342 2962 2382 cum
3019 2325 3362 2380 Samaritana
3425 2323 3654 2379 muliere

2076 2421 2384 2478 collocutus
2411 2427 2516 2476 est.
2576 2417 2758 2485 Quare
2805 2416 2989 2472 hiatus
3048 2415 3241 2484 ingens
3280 2420 3366 2469 est
3412 2412 3654 2468 historia:

2075 2514 2219 2569 inter
2249 2527 2367 2583 cap.
2408 2526 2468 2566 ιιι
2495 2518 2549 2565 et
2573 2525 2625 2564 tv
2650 2507 2834 2574 Joan.,
2864 2507 3009 2578 quod
3046 2505 3244 2577 prioris
3273 2504 3402 2561 anni
3440 2520 3528 2560 res
3559 2519 3654 2574 ge-

2076 2614 2193 2660 stas
2224 2602 2572 2674 evangelista:
2604 2599 2799 2670 reliqui
2835 2596 3251 2653 accuratissime
3279 2595 3651 2663 scripsissent.

2075 2694 2255 2765 Caput
2282 2708 2409 2749 vero
2448 2708 2499 2747 Vl
2530 2708 2656 2748 cum
2709 2707 2762 2745 tv
2821 2703 3131 2744 connexum
3196 2695 3321 2743 est:
3369 2702 3498 2743 nam
3532 2694 3657 2757 post

2077 2787 2172 2843 illa
2209 2784 2397 2841 omnia
2436 2784 2503 2840 ad
2533 2782 2735 2839 festum
2766 2780 3042 2852 quoddam
3084 2777 3336 2833 Christus
3386 2777 3655 2844 accessit,

2077 2878 2226 2952 quod
2296 2893 2329 2933 a
2374 2876 2639 2932 Paschate
2687 2874 2834 2929 haud
2888 2873 3049 2942 longe
3099 2871 3326 2927 aberat:
3393 2870 3656 2926 nimirum

2077 2969 2330 3035 Phurim,
2356 2978 2452 3024 aut
2479 2967 2986 3045 aliud'quodpiam.
3020 2964 3284 3036 Sequitur
3328 2964 3659 3021 miraculum

2078 3061 2270 3132 ingens
2300 3096 2322 3127 ,
2364 3075 2490 3117 cum
2531 3059 2774 3130 quinque
2834 3058 3006 3113 millia
3064 3057 3351 3112 hominum
3423 3055 3663 3127 panibus

2078 3153 2329 3223 quinque
2364 3158 2420 3205 et
2466 3149 2711 3220 piscibus
2751 3147 2966 3205 duobus
3012 3147 3299 3214 saturavit,
3349 3142 3512 3202 Joan.
3567 3161 3658 3211 vr,

2081 3243 2274 3299 Matth.
2319 3256 2432 3309 xtv,
2456 3239 2622 3297 Marc.
2658 3254 2734 3305 vr,
2773 3237 2908 3294 Luc.
2955 3254 3010 3294 tx
3041 3257 3055 3294 :
3089 3238 3309 3309 quando
3338 3238 3564 3302 veritus,
3592 3253 3663 3293 ne

2076 3354 2171 3397 rex
2212 3353 2243 3393 a
2277 3336 2434 3410 plebe
2462 3335 2638 3400 ﬁeret,
2672 3333 2902 3390 secessit
2930 3333 2985 3387 in
3042 3340 3306 3398 montem,
3334 3340 3389 3388 et
3422 3331 3552 3388 inde
3602 3330 3660 3385 in

2077 3431 2460 3501 Capharnauut
2493 3424 2819 3490 transmisit,
2850 3439 2962 3493 quo
3004 3423 3169 3477 etiam
3211 3431 3455 3491 tempore
3493 3435 3662 3489 super

2078 3534 2253 3592 aquas
2278 3516 2599 3574 ambulavit.
2635 3513 2751 3571 Sub
2789 3512 2933 3568 idem
2984 3521 3199 3583 tempus
3233 3512 3417 3568 habita
3460 3520 3547 3567 est
3591 3509 3660 3566 ad

2080 3615 2343 3687 populum
2385 3612 2470 3668 illa
2497 3608 2817 3681 disputatio,
2848 3622 2971 3678 qua:
3001 3604 3158 3675 Joan.
3206 3621 3262 3661 v1
3310 3598 3657 3660 describitur.

2090 3708 2220 3764 lude
2278 3707 2335 3763 in
2364 3714 2564 3761 terram
2596 3699 2932 3759 Genezareth
2974 3698 3273 3770 prolectus.

2154 3797 2414 3869 Sequitur
2439 3796 2648 3852 Pascha
2677 3794 2978 3850 secundum
3008 3792 3165 3848 Joan.
3190 3807 3267 3857 vt,
3296 3790 3350 3845 4.
3386 3788 3524 3845 Hinc
3571 3789 3661 3843 illa

2081 3905 2207 3947 cum
2235 3886 2524 3944 Pharisaais
2550 3884 2852 3948 altercatio,
2874 3882 3063 3938 Matth.
3100 3898 3192 3948 xv,
3219 3880 3387 3936 Marc.
3426 3895 3498 3935 vt.
3534 3878 3665 3934 Post

2085 3985 2143 4039 in
2173 3981 2468 4055 Tyriorum
2503 3978 2970 4048 Sidoniorumque
3000 3976 3137 4032 ﬁnes
3174 3974 3469 4046 prolectus
3517 3974 3662 4029 Cha-

2084 4081 2290 4123 nanaaa
2316 4065 2484 4121 tiliam
2511 4073 2691 4133 curat,
2726 4079 2828 4120 nec
2866 4080 2976 4119 non
3008 4072 3063 4118 et
3089 4062 3487 4119 daemoniaemu
3545 4077 3665 4115 mu—

2084 4164 2224 4222 tum,
2260 4170 2326 4210 ac
2359 4155 2585 4211 surdum
2626 4153 2694 4209 ad
2727 4168 2876 4208 mare
2907 4153 3161 4219 Galilaeze,
3193 4151 3414 4227 quando
3471 4149 3667 4206 Phari—

2084 4246 2178 4304 saei
2205 4246 2603 4303 calumniantes
2636 4244 2693 4300 in
2718 4245 3019 4300 Beelzebub
3064 4244 3180 4299 ﬁeri
3231 4245 3334 4300 ista
3381 4243 3661 4299 dixerunt.

2085 4337 2242 4405 Quod
2271 4337 2495 4409 quidem
2531 4336 2616 4392 his
2654 4337 2880 4395 omnino
2904 4336 3171 4407 contigit:
3203 4335 3442 4405 primum
3472 4333 3660 4389 Matth.

2086 4448 2165 4497 rx,
2190 4429 2359 4486 Marc.
2390 4445 2475 4496 HI,
2514 4427 2711 4485 deinde
2743 4425 2937 4482 Matth.
2975 4442 3048 4481 xu
3088 4435 3143 4480 et
3189 4424 3358 4481 Mare.
3386 4440 3478 4491 vu,
3528 4424 3659 4478 Luc.

399 4536 574 4592 Marc.
603 4548 663 4590 ιιι
723 4550 897 4607 usque
918 4534 986 4591 ad
1016 4535 1083 4590 15
1105 4533 1431 4602 com.,.Luc.
1460 4551 1512 4591 vt
1545 4536 1613 4591 ad
1646 4535 1714 4589 te
1740 4550 1976 4591 comma,
2012 4540 2056 4594 ι)
2087 4541 2163 4581 xt.
2204 4522 2613 4593 Suhjiciendum
2644 4521 2728 4577 his
2755 4519 3014 4575 omnibus
3041 4527 3126 4575 est
3149 4518 3298 4573 aliud
3327 4517 3661 4588 prodigium,

399 4626 650 4697 Apostoli
673 4627 929 4699 deinceps
959 4628 1232 4701 eliguntur
1258 4627 1425 4684 Marc.
1457 4645 1520 4684 ιιι
1567 4644 1600 4684 a
1642 4644 1844 4685 comm.
1912 4631 1982 4685 15

401 4720 473 4774 ad
500 4718 600 4791 _l9,
635 4718 768 4775 Luc.
832 4736 881 4776 tu
915 4736 947 4775 a
988 4720 1056 4774 12
1086 4720 1156 4775 ad
1194 4720 1283 4788 16,
1316 4720 1509 4776 Matth.
1544 4737 1575 4775 ιι
1629 4730 1741 4777 ιοιο
1784 4722 1980 4792 capite.

401 4805 601 4861 Postea
625 4803 908 4876 partimin
944 4814 1151 4869 monte,
1195 4804 1392 4876 partim
1432 4805 1487 4862 in
1528 4805 1649 4861 loco
1693 4806 1985 4878 campestri

362 4909 368 4913 ‘
403 4894 591 4951 varios
642 4910 925 4951 sermones
976 4896 1257 4965 instituit;
1298 4912 1438 4967 quos
1487 4912 1685 4970 magna
1717 4913 1784 4953 ex
1832 4910 1985 4967 parte

402 4987 692 5044 Matthaeus
714 4980 1033 5059 anticipavit
1056 5005 1175 5059 cap.
1206 5004 1278 5056 vi,
1307 4998 1361 5045 et
1382 4988 1515 5046 Luc.
1538 5006 1611 5044 vt.
1633 4988 1985 5046 Centurionis

403 5079 603 5136 deinde
634 5095 852 5137 servum
890 5082 1130 5137 amorbo
1161 5083 1353 5137 liberat
1388 5078 1521 5137 Luc.
1550 5098 1623 5137 vn
1655 5096 1686 5137 a
1718 5081 1741 5134 1
1780 5095 1981 5135 comm.

404 5173 476 5229 ad
534 5172 625 5240 tl),
671 5171 862 5229 Matth.
905 5188 1003 5229 vttt
1061 5189 1092 5230 a
1140 5174 1173 5229 5
1222 5173 1290 5229 ad
1371 5173 1460 5231 10.
1520 5172 1660 5229 Τυιιι
1702 5172 1875 5229 vidua:
1924 5174 1987 5231 li-

408 5269 541 5321 lium
566 5265 633 5321 ad
663 5264 922 5337 oppidum
950 5262 1128 5330 Naim,
1180 5265 1312 5322 Luc.
1352 5281 1426 5321 vtt
1486 5280 1517 5319 a
1554 5280 1756 5320 comm.
1812 5264 1879 5319 l2
1917 5264 1986 5321 ad

409 5353 683 5413 18.1nter
719 5357 836 5411 haec
866 5353 1108 5413 Joannes
1164 5357 1277 5428 jam
1334 5355 1391 5412 iu
1443 5371 1720 5413 carcerem
1783 5355 1987 5412 missus

406 5445 712 5517 discipulos
738 5449 805 5500 ad
834 5445 1109 5501 Christum
1138 5447 1354 5516 allegat,
1417 5444 1551 5502 Luc.
1589 5461 1664 5501 \'ll
1704 5461 1736 5502 a
1784 5460 1984 5502 comm.

411 5539 482 5595 l9
515 5540 582 5594 ad
618 5538 710 5603 55,
740 5537 931 5593 Matth.
967 5554 1046 5594 xt.
1080 5538 1342 5609 Sequitur
1387 5538 1706 5610 peccatricis
1740 5540 1989 5595 mulieris

406 5629 647 5685 ollieium
677 5628 899 5686 Christo
930 5629 1254 5699 praestitum,
1296 5629 1429 5686 Luc.
1484 5646 1582 5694 vn,
1648 5645 1851 5703 comm.
1886 5632 1986 5688 57.

409 5720 541 5778 lude
570 5719 793 5776 domum
825 5722 992 5789 venit,
1028 5720 1196 5778 Marc.
1242 5737 1324 5787 ιιι,
1362 5720 1453 5776 20.
1496 5720 1833 5779 Dtemonium
1865 5739 1989 5777 ruu-

406 5823 530 5879 tum
560 5813 727 5888 ejieit,
762 5814 897 5873 Luc.
936 5830 1010 5885 xt,
1042 5815 1131 5885 14,
1159 5814 1350 5873 Matth.
1382 5830 1481 5885 xu,
1514 5815 1605 5872 22.
1642 5814 1766 5874 ldeo
1800 5814 1990 5871 Phari-

2085 4633 2210 4674 cum
2240 4623 2477 4687 quatuor
2499 4613 2807 4669 hominum'
2844 4612 3015 4668 millia
3062 4619 3268 4681 septem
3310 4609 3544 4680 panibus
3571 4623 3662 4665 sa-

2085 4709 2258 4776 tiavit,
2290 4706 2481 4763 Matth.
2520 4720 2612 4771 xv,
2639 4703 2808 4760 Marc.
2848 4719 2965 4759 vttt.
3000 4702 3126 4758 lude
3144 4703 3199 4756 in
3234 4712 3416 4773 partes
3450 4699 3667 4756 Dalma-

2086 4802 2260 4859 uutha
2283 4798 2675 4873 proﬁciscitur,
2700 4795 2868 4853 Marc.
2900 4812 3021 4863 vui,
3042 4795 3132 4850 ubi
3156 4793 3413 4850 Pharisaei
3448 4793 3665 4864 signum

2086 4906 2358 4968 quaerunt,
2384 4888 2576 4950 Matth.
2617 4908 2730 4959 xvi,
2767 4890 2902 4946 Luc.
2952 4905 3007 4946 xt
3046 4907 3061 4945 :
3100 4888 3247 4960 quod
3295 4897 3352 4943 et
3406 4897 3533 4943 ante
3572 4902 3667 4957 pe—

2087 4992 2306 5057 tierant,
2367 4988 2558 5044 Matth.
2622 5000 2722 5041 xu.
2773 4983 3041 5040 luvitatur
3072 4997 3104 5037 a
3149 4980 3449 5044 Pharisaeo,
3511 4989 3567 5035 et
3614 4979 3667 5033 in

2088 5081 2341 5153 pluribus
2386 5078 2626 5144 disserit,
2664 5076 2798 5133 Luc.
2824 5092 2902 5140 ει,
2932 5073 3124 5128 Matth.
3160 5088 3317 5127 χχιιι.
3343 5070 3471 5127 Abit
3519 5079 3671 5127 trans

2088 5170 2500 5236 fretum,Marc.
2555 5185 2677 5236 vut,
2718 5168 2808 5230 15,
2851 5165 2985 5221 Luc.
3038 5178 3139 5231 xu,
3192 5161 3381 5220 Matth.
3430 5178 3541 5217 xvt.
3595 5160 3670 5215 De

2089 5266 2333 5322 cavendo
2356 5262 2765 5319 Pharisaeorum
2800 5259 3075 5317 fermento
3102 5257 3382 5330 praecipit,
3415 5255 3667 5312 Bethsai-

2089 5358 2175 5415 da:
2205 5372 2410 5415 caecum
2445 5362 2626 5420 curat,
2659 5352 2828 5410 Marc.
2859 5369 2978 5419 vttt,
3000 5352 3093 5407 22.
3146 5350 3341 5405 Petrus
3369 5347 3669 5403 confessio-

2088 5466 2215 5509 nem
2238 5449 2372 5516 edit,
2402 5446 2579 5503 Marc.
2612 5462 2749 5513 vttt,
2781 5446 2874 5514 27,
2904 5445 3097 5501 Matth.
3130 5458 3243 5511 xvr,
3296 5439 3427 5504 Luc,
3464 5454 3541 5504 ιιι,
3582 5438 3665 5494 18.

2090 5540 2222 5598 Post
2248 5541 2364 5595 dies
2421 5554 2517 5594 vm
2566 5536 2652 5593 vel
2697 5552 2753 5592 vt
2800 5536 3246 5605 transﬁguratur,
3279 5527 3470 5584 Matth.
3534 5541 3667 5590 xvn,

2090 5631 2259 5691 Marc.
2293 5647 2370 5697 tx,
2403 5629 2539 5686 Luc.
2571 5645 2646 5685 ix.
2688 5628 2960 5685 Postridie
2997 5623 3299 5681 lunaticum
3331 5624 3505 5675 sanat.
3536 5612 3668 5669 Orta

2092 5723 2233 5778 inter
2265 5720 2544 5793 apostolos
2569 5719 2638 5775 de
2665 5718 2970 5789 principatu
2993 5707 3467 5773 contentio,Mare.
3485 5705 3671 5771 tx,'.-'>'2,

2094 5810 2229 5869 Luc.
2266 5828 2341 5870 ιι.
2367 5811 2448 5869 Ad
2481 5808 2829 5883 Scenopegian
2859 5808 3059 5868 festum
3084 5820 3116 5863 c
3143 5803 3365 5862 Galilaea
3396 5798 3672 5874 profectus
