4064 6458
506 407 645 465 1015

1585 407 1625 460 Α
1637 403 1812 462 PPEN
1820 407 1934 463 DIX
1973 405 2532 470 DISSERTATIONU
2541 412 2613 468 Μ.

3627 419 3754 480 1016

509 517 977 591 Hierosolymam,
1009 516 1172 575 Joan.
1215 534 1314 574 vn.
1350 517 1504 574 Unde
1543 520 2004 580 iterumreversus
2040 524 2095 580 in
2127 529 2172 586 A
2271 528 2354 584 Ad
2412 530 2560 586 hunc
2595 529 2818 586 modum
2881 521 3122 588 ordinari
3159 531 3466 603 evangelica
3519 534 3757 590 narratio

505 611 785 668 Galilaeam
817 627 942 668 cum
973 611 1378 681 complerentur
1406 613 1524 668 dies
1555 615 1946 683 assumptionis
1967 616 2086 685 ejus

504 701 939 774 Hierosolymam
981 703 1160 769 rediit,
1198 703 1332 760 Luc.
1393 720 1470 772 tx,
1512 705 1603 771 5i,
1638 705 1806 760 Marc.
1861 721 1919 773 ι,
1975 706 2084 760 52:

505 809 617 865 quo
647 793 703 847 in
741 793 936 849 itinere
963 808 993 848 a
1032 791 1398 850 Samaritanis
1445 796 1598 851 urbis
1643 796 1794 850 aditu
1841 796 2090 868 prohibe-

504 896 613 940 tur.
642 884 899 942 Pharisaei
927 901 1052 941 cum
1078 901 1144 941 eo
1163 887 1230 942 de
1250 902 1420 942 uxore
1441 887 1758 943 dimittenda
1781 888 2084 958 disputant,

504 977 696 1034 Matth.
731 994 844 1043 xix,
871 977 1038 1034 Marc.
1089 995 1146 1034 ι.
1196 978 1448 1036 Parvulis
1498 981 1790 1036 benedicit.
1830 980 2090 1052 Designat

505 1085 614 1126 ιιι
667 1071 990 1142 discipulos,
1031 1071 1166 1126 Luc.
1203 1087 1257 1125 x.
1327 1071 1386 1126 in
1437 1071 1704 1128 Encaeniis
1734 1081 1943 1128 tantum
1980 1088 2088 1128 non

505 1161 801 1232 lapidatur,
825 1161 984 1218 Joan.
1011 1179 1068 1228 x,
1094 1163 1185 1217 22.
1207 1162 1343 1218 Tum
1374 1163 1612 1218 Zebedaei
1643 1164 1875 1220 ﬁliorum
1907 1171 2090 1234 postu-

505 1253 658 1317 latio,
717 1257 840 1308 cum
881 1263 1008 1309 ante
1054 1254 1121 1309 de
1170 1253 1431 1310 Passione
1481 1254 1850 1319 disseruisset,
1891 1255 2084 1310 Matth.

506 1359 603 1406 xx,
636 1343 806 1400 Marc.
841 1361 896 1409 ι,
931 1343 1064 1398 [.uc.
1118 1359 1274 1398 xvm.
1338 1343 1524 1399 Caecus
1554 1346 1621 1400 ad
1677 1344 2087 1401 Hierichuntem

507 1441 756 1489 sanatur.
789 1435 917 1490 lnde
945 1451 977 1490 a
1017 1435 1277 1490 Zacchaeo
1312 1435 1608 1506 publicano
1648 1435 1812 1490 domo
1861 1447 1912 1490 et
1953 1451 2090 1490 con-

509 1527 655 1581 vivio
695 1528 986 1598 excipitur,
1041 1528 1174 1584 Luc.
1217 1545 1331 1582 xxx.
1384 1527 1466 1582 Ad
1519 1527 1703 1583 Mariae
1758 1537 1812 1583 et
1866 1528 2090 1583 Martha

509 1617 808 1688 hospitium
852 1619 1092 1675 divertit.
1139 1619 1344 1676 Caetera
1389 1620 1455 1674 ad
1496 1619 1813 1674 Passionem
1865 1619 2082 1674 Domini

509 1719 662 1780 gesta
699 1724 766 1764 ex
802 1711 1136 1782 Evangeliis,
1168 1726 1232 1764 ac
1263 1711 1610 1781 potissimum
1643 1709 1872 1766 Joannis
1903 1719 2089 1780 aperta

509 1809 660 1867 sunt,
696 1802 802 1858 hoc
829 1811 909 1859 est
941 1804 1006 1859 ad
1044 1805 1286 1871 tertium,
1305 1803 1421 1858 sive
1447 1800 1827 1874 σταυρώσιμον
1854 1802 2084 1858 Pascha.

2189 629 2394 691 potest,
2449 630 2553 676 aut'
2586 629 2647 676 ut
2696 623 2803 676 alia
2858 622 3197 694 singularum
3245 639 3431 680 rerum
3477 624 3758 696 dispositio

2190 713 2262 767 sit
2297 727 2362 767 ac
2409 711 2727 783 descriptio.
2776 711 2966 784 Neque
3009 715 3155 769 enim
3212 725 3468 772 accurate
3508 717 3673 771 modo
3703 717 3754 771 in

2189 799 2436 854 ordinem
2471 801 2650 870 ipsum
2701 801 3048 870 inquirimus.
3103 805 3341 874 Apparet
3391 813 3573 859 tamen
3610 820 3754 862 com-

2190 890 2511 945 modissime
2551 905 2639 945 res
2684 907 2715 946 a
2761 890 2983 948 Christo
3034 905 3215 963 gestas
3266 895 3463 966 triplici
3497 894 3755 952 Paschate

2189 979 2442 1035 concludi
2470 999 2483 1035 :
2515 980 2752 1050 primum
2783 982 2982 1037 accidit
3017 999 3162 1038 anno
3198 981 3417 1039 Juliano
3445 984 3532 1049 74,
3562 983 3755 1040 Tiberii

2191 1088 2281 1139 xv,
2323 1073 2613 1128 neomenia
2655 1071 2827 1129 Nisan
2851 1089 2916 1129 ex
2939 1073 3166 1129 Judaico
3191 1075 3343 1146 cyclo
3369 1075 3568 1130 vitioso
3589 1075 3754 1132 Martii

2191 1181 2300 1219 xxx
2333 1165 2466 1220 feria
2520 1181 2592 1232 Iv,
2627 1166 2781 1236 cyclo
2830 1165 2972 1221 luna:
3014 1182 3100 1231 ιι,
3133 1167 3265 1222 solis
3317 1182 3348 1222 ι
3375 1206 3390 1230 ,
3429 1168 3609 1240 prima
3652 1169 3758 1224 dies

2191 1257 2520 1327 Azymorum
2551 1255 2752 1325 Aprilis
2790 1272 2890 1310 xui
2929 1274 2943 1323 ;
2977 1258 3272 1312 secundum
3306 1256 3515 1312 Pascha
3552 1255 3757 1315 Juliano

2192 1347 2280 1409 75,
2328 1345 2532 1401 Tiberii
2587 1363 2693 1412 xvr,
2759 1361 2943 1401 neom.
2986 1345 3152 1402 Nisan
3205 1346 3382 1402 Martii
3436 1363 3528 1402 xix
3590 1347 3686 1400 fer.
3720 1363 3755 1408 ι.

2189 1440 2367 1510 prima
2421 1440 2539 1495 dies
2594 1441 2925 1511 Azymorum
2961 1441 3092 1510 Apr.
3150 1456 3230 1504 ιι;
3289 1439 3506 1494 tertium
3558 1438 3758 1493 Pascha

2192 1545 2338 1586 anno
2363 1529 2583 1585 Juliano
2613 1531 2700 1592 76,
2732 1527 2897 1584 Nisan
2937 1529 3115 1585 Martii
3153 1546 3237 1596 rx,
3297 1529 3428 1584 feria
3475 1545 3552 1591 vt,
3594 1529 3760 1598 prima

2189 1620 2307 1675 dies
2334 1621 2667 1691 Azymorum
2692 1618 2869 1674 Martii
2905 1636 3066 1684 χχιιι,
3100 1620 3233 1674 feria
3285 1636 3361 1686 vt,
3385 1635 3531 1673 anno
3566 1618 3761 1673 Tiberii

2191 1721 2423 1767 exeunte
2461 1728 2572 1767 xvn
2603 1711 2906 1768 secundum
2935 1711 3235 1777 Romanos,
3262 1710 3348 1766 vel
3383 1708 3611 1764 Judaice
3633 1723 3760 1764 xvnt

2191 1817 2223 1857 a
2260 1802 2430 1860 Nisan
2469 1804 2749 1860 inchoato.

521 1931 3755 1962 *Μ

886 2087 995 2152 DE
1046 2087 1576 2148 PCENlTENTUE
1633 2087 1956 2150 VETEBE
2004 2087 2087 2149 IN
2136 2086 2518 2150 ECCLESIA
2567 2088 2930 2156 RATIONE
2983 2087 3392 2153 DIATRIBA.

1776 2209 1890 2282 (Ad
1925 2211 2034 2267 col.
2063 2209 2224 2278 1017,
2249 2219 2366 2270 not.
2402 2213 2484 2286 6.)

781 2462 915 2533 Qum
951 2465 1112 2537 fuerit
1139 2463 1562 2520 Novatianorum
1586 2463 1822 2522 heresis.

584 2559 981 2616 Ecclesiastica:
1035 2559 1110 2614 rei
1161 2558 1567 2628 functionisque
1642 2561 1916 2628 praecipua
1966 2573 2096 2632 pars

512 2651 857 2723 pmnitentia,
893 2653 1124 2722 ejusque
1171 2667 1272 2706 usu
1325 2658 1381 2705 et
1425 2648 1902 2705 administratione
1927 2649 2100 2704 conti-

513 2753 697 2800 netur.
730 2742 1028 2798 Testantur
1063 2743 1114 2798 id
1144 2742 1197 2796 in
1230 2743 1422 2813 primis
1454 2752 1637 2797 vetera
1681 2741 1864 2795 omnia
1913 2742 2099 2796 conci-

513 2836 612 2902 lia,
661 2844 715 2891 et
761 2833 863 2889 SS.
901 2833 1006 2887 PP.
1045 2834 1286 2896 decreta,
1317 2833 1512 2901 quaeIn
1544 2831 1644 2886 hac
1675 2845 1784 2884 una
1813 2845 1872 2885 re
1910 2830 2100 2899 guber-

515 2927 700 2984 nanda
731 2934 784 2982 et
818 2926 1196 2982 constituenda
1229 2925 1573 2996 potissimum
1615 2924 1898 2989 laborant,
1940 2939 2005 2978 ac
2033 2922 2100 2979 de

516 3019 899 3090 pmnitcntium
959 3019 1129 3073 variis
1184 3017 1469 3072 ordinibus
1526 3028 1580 3073 et
1619 3017 1900 3089 gradibus,
1925 3018 2101 3088 deque

515 3110 863 3180 singulorum
919 3117 1202 3177 tempore,
1255 3111 1415 3163 modo
1467 3123 1532 3163 ac
1584 3109 1796 3163 ratione
1855 3108 2102 3164 studiose

515 3202 902 3273 praescribunt.
959 3200 1132 3268 Quam
1181 3202 1402 3272 quidem
1437 3203 1766 3258 Christianze
1798 3203 2102 3274 disciplinas

516 3301 750 3373 partem,
781 3307 1000 3362 unaque
1027 3302 1093 3350 et.
1119 3293 1374 3349 Ecclesiae
1397 3302 1719 3363 potestatem
1761 3309 2100 3364 oppugnare,

517 3397 581 3445 ut
605 3378 1076 3448 olim'Novatiani.
1114 3387 1194 3442 sic
1219 3397 1493 3442 nostrates
1538 3386 1780 3441 haeretici
1816 3387 1965 3440 omni
2001 3403 2103 3456 ope

519 3498 583 3538 ac
621 3481 832 3536 ratione
881 3489 1170 3535 conantur.
1199 3478 1332 3546 Quae
1359 3481 1493 3534 mihi
1541 3495 1705 3535 causa
1736 3477 1874 3536 satis
1910 3480 2103 3535 idonea

517 3573 636 3628 visa
662 3579 768 3636 est,
792 3587 891 3626 cur
917 3571 983 3626 de
1010 3571 1327 3641 poenitentia
1356 3570 1473 3640 ipsa
1505 3571 1571 3624 ad
1607 3572 1747 3626 hanc
1772 3570 2104 3625 Novatiano-

519 3677 643 3717 rum
673 3662 923 3717 haresim
950 3662 1166 3732 plenius
1187 3662 1394 3731 aliquid
1425 3662 1616 3717 vellem
1638 3663 1972 3733 uberiusque
1992 3662 2105 3717 dis-

519 3770 725 3823 serere.
753 3753 938 3838 Neque
972 3771 1100 3809 vero
1147 3771 1270 3825 quae
1300 3755 1368 3810 ad
1402 3771 1521 3810 eam
1553 3755 1806 3820 attinent,
1846 3757 2098 3811 universa

521 3853 895 3915 complectar:
950 3847 1044 3900 sed
1078 3861 1142 3900 ea
1172 3845 1380 3901 scilicet
1412 3847 1672 3917 attingam
1698 3888 1713 3913 ,
1751 3862 1873 3916 quae
1899 3846 1964 3900 ad
1997 3845 2103 3902 Ca—

523 3936 810 3989 tharorum
841 3935 1116 4001 haeresim,
1150 3944 1314 4004 atque
1345 3934 1633 4005 Epiphanii
1675 3936 2100 4005 disputationem

521 4026 906 4081 illustrandam
966 4026 1277 4082 necessaria
1327 4026 1600 4082 videntur.
1651 4026 1731 4082 Ac
1765 4027 2005 4097 primum
2037 4028 2105 4082 de

520 4119 671 4174 illius
700 4127 860 4174 secta:
919 4133 983 4173 ac
1033 4118 1346 4174 schismatis
1397 4128 1637 4185 auctore,
1669 4119 1844 4188 deque
1868 4118 1987 4188 ejus
2011 4119 2108 4174 do-

523 4219 704 4283 gmate
735 4225 908 4281 pauca
939 4210 1187 4280 quaedam
1233 4226 1262 4265 e
1294 4211 1482 4265 multis
1515 4211 1733 4266 libanda
1764 4221 1910 4266 sunt.

593 4303 652 4358 In
687 4318 795 4374 quo
819 4303 1109 4374 plerosque
1132 4312 1371 4358 veterum
1400 4302 1646 4365 Patrum,
1671 4319 1734 4358 ac
1759 4303 2106 4374 potissimum

522 4396 836 4452 Grtccorum
870 4397 1155 4451 aberrasse
1183 4405 1400 4451 constat
1429 4414 1442 4450 :
1480 4398 1571 4466 qui
1594 4398 1732 4453 duos
1765 4405 1926 4452 sectae
1944 4397 2114 4467 hujus

524 4487 857 4542 architectos
907 4487 958 4540 in
997 4501 1168 4540 unum
1219 4487 1472 4551 miscent,
1515 4487 1878 4542 similitudine
1929 4487 2110 4541 nomi-

523 4595 656 4633 num
695 4579 950 4648 decepti:
1008 4577 1275 4656 vaatum
1336 4588 1390 4633 et
1445 4578 1827 4634 Novatianum.
1862 4578 2111 4646 Quorum

524 4667 617 4722 ille
642 4667 934 4722 Africanus
959 4669 1248 4738 cpiscopus
1275 4667 1410 4735 fuit;
1440 4670 1595 4741 cujus
1628 4671 1999 4742 turpissimam
2049 4685 2114 4726 ac

524 4759 1015 4832 ﬂagitiosissimam
1043 4762 1232 4828 vitam,
1270 4763 1516 4817 avaritia:
1551 4765 1762 4828 sordes,
1819 4764 2115 4819 crudelita-

526 4859 660 4916 tem,
691 4851 923 4907 nei‘anda
967 4853 1259 4920 parricidia
1294 4853 1555 4907 describit
1582 4853 1887 4925 Cyprianus
1917 4870 2001 4923 ep.
2023 4855 2111 4910 49.

527 4943 677 5001 idem
705 4961 853 5012 vero,
887 4962 1012 5002 cum
1045 4947 1098 5000 in
1127 4946 1405 5015 lapsorum
1434 4947 1686 5016 gratiam,
1727 4961 1867 5016 quos
1895 4947 2118 5017 Cypria-

528 5053 636 5092 nus
662 5036 1006 5093 diuturniore
1051 5039 1436 5107 severioreque
1456 5037 1743 5107 disciplina
1784 5039 2118 5093 coercendos

2127 2472 2170 2530 Β
2201 2473 2305 2532 ret,
2329 2480 2361 2521 a
2385 2461 2624 2521 Cornelii
2654 2462 3044 2521 communione
3064 2458 3337 2526 discessit,
3375 2458 3468 2515 sed
3501 2473 3534 2514 e
3561 2463 3771 2516 contra—

2195 2560 2277 2614 rio
2306 2559 2455 2630 quod
2481 2558 2709 2614 nimiam
2741 2559 2864 2629 ejus
2905 2558 2962 2612 in
2997 2555 3105 2610 illis
3153 2551 3582 2610 reconciliandis
3605 2549 3769 2606 facili—

2198 2661 2362 2707 tatem
2388 2651 2779 2721 lenitatemque
2807 2651 3114 2705 damnaret.
3141 2646 3234 2702 Sic
3257 2645 3422 2717 igitur
3447 2641 3769 2699 Novatiano-

2195 2760 2320 2798 rum
2373 2751 2523 2799 secta
2561 2744 2630 2798 ab
2659 2729 2926 2796 ambobu‘s
2960 2740 3068 2794 illis
3104 2736 3425 2792 auctoribus
3448 2734 3710 2805 profecta,
3740 2747 3767 2786 a

2196 2833 2502 2904 posteriore
2540 2832 2865 2903 praesertim,
2898 2831 3005 2885 hoc
3031 2839 3116 2884 est
3153 2826 3481 2890 Novatiano,
3521 2838 3767 2894 magnum

2199 2926 2598 2982 incrementum
2628 2923 2860 2992 accepit.
2914 2920 3021 2976 Sed
3056 2919 3229 2975 Graeci
3251 2959 3266 2985 ,
3308 2918 3386 2974 uti
3421 2916 3561 2980 dixi,
3591 2914 3768 2970 Patres

2198 3033 2371 3076 unum
2404 3017 2673 3074 duntaxat
2697 3025 2860 3072 sectae
2892 3013 3232 3070 conditorem
3260 3010 3575 3075 nominant,
3617 3008 3771 3062 Nova-

2200 3119 2318 3166 tum
2351 3110 2466 3168 sive
2497 3106 2773 3170 Ναυᾶτον,
2815 3105 3119 3160 Romanum
3144 3104 3523 3175 presbyterum
3550 3120 3563 3155 :
3594 3112 3772 3170 quem—

2202 3202 2500 3259 admodum
2523 3199 2726 3258 Euseb.
2767 3199 2861 3257 lib.
2895 3215 2945 3251 vr
2981 3196 3146 3261 Hist,
3174 3211 3222 3250 c.
3243 3194 3347 3260 55;
3379 3191 3767 3248 Theodoretus.

2201 3293 2522 3364 Epiph.hoc
2562 3292 2718 3357 loco;
2749 3289 3044 3356 Gregorius
3078 3285 3359 3349 Nazianz.,
3385 3283 3633 3352 adeoque
3681 3277 3771 3333 So-

2202 3392 2404 3448 crates,
2427 3381 2767 3438 Novatianus
2801 3389 2856 3433 et
2895 3379 3046 3448 ipse;
3087 3385 3140 3430 et
3167 3371 3478 3442 complures
3511 3370 3624 3422 alii.
3669 3367 3769 3420 lmo

2201 3477 2367 3531 etiam
2402 3489 2432 3530 e
2486 3471 2698 3527 Latinis
2729 3475 2961 3541 August.
3010 3466 3108 3522 lib.
3142 3465 3218 3519 De
3247 3464 3402 3526 luem;
3438 3457 3766 3517 Philastrius,

2202 3569 2394 3623 Ambr.
2435 3567 2490 3621 in
2521 3565 2656 3621 libb.
2686 3564 2762 3617 De
2791 3580 2928 3633 paen.
2956 3558 3248 3630 Distinguit
3271 3569 3450 3610 autem
3479 3553 3770 3625 Cyprianus

2204 3661 2408 3733 passim
2435 3659 2489 3713 in
2527 3657 2712 3728 epist.,
2734 3664 2790 3712 et
2818 3654 3108 3717 Pacianus,
3145 3667 3211 3705 ac
3239 3647 3414 3703 Latini
3448 3658 3663 3707 omnes,
3687 3638 3770 3715 qui

2205 3753 2272 3808 de
2299 3753 2402 3807 hac
2432 3750 2622 3805 haeresi
2659 3748 2916 3804 subtilius
2947 3746 3310 3815 disputarunt.

2275 3843 2397 3899 Jam
2423 3841 2713 3897 Novatiani
2769 3842 2967 3908 dogma
3033 3837 3196 3908 quale
3239 3831 3407 3889 fuerit
3446 3822 3772 3898 Epiphanius

2207 3936 2392 3991 statim
2425 3934 2581 3990 initio
2613 3933 2838 3988 haeresis
2865 3930 3078 3999 aperit:
3114 3927 3373 3981 nimirum
3401 3917 3771 3993 pronuntiasse

2207 4026 2412 4098 ipsum,
2446 4025 2651 4080 nullam
2687 4023 2882 4079 salutis
2906 4035 3058 4092 spem
3110 4030 3398 4089 superesse
3427 4012 3618 4082 lapsis,
3642 4002 3772 4077 quod

2209 4132 2381 4172 unum
2409 4117 2677 4171 duntaxat
2698 4122 2846 4168 esset
2869 4110 3201 4181 pcenitentiae
3223 4120 3392 4177 genus
3415 4103 3470 4157 in
3492 4099 3769 4171 baptismo.

2209 4207 2364 4274 Quod
2401 4208 2475 4261 ita
2523 4205 2900 4260 Theodoretus
2959 4201 3195 4271 concipit
3228 4219 3242 4254 :
3315 4196 3388 4269 μὴ
3425 4195 3625 4268 χρῆναι
3662 4190 3772 4252 τοὺς

2211 4299 2548 4372 ἀρνηθέντας
2600 4296 2874 4368 σωτηρίας
2911 4295 3118 4363 τυχεῖν.
3141 4289 3343 4346 Verum
3377 4303 3485 4342 non
3515 4301 3583 4341 ea
3623 4281 3773 4338 Nom-

2210 4392 2349 4446 tiani
2377 4390 2565 4461 Opinio
2595 4389 2730 4454 fuit,
2761 4403 2857 4443 eos
2883 4387 2977 4456 qui
3019 4385 3290 4456 gravioris
3336 4380 3548 4452 peccati
3591 4388 3769 4432 noxam

2213 4481 2619 4544 contraherent,
2669 4480 2738 4534 ab
2786 4479 2936 4535 omni
2994 4493 3092 4555 spe
3151 4473 3547 4544 consequendaa
3602 4465 3771 4525 salutis

2213 4575 2431 4630 excludi
2463 4588 2627 4627 :nam
2655 4583 2706 4627 et
2739 4571 2862 4626 illos
2912 4570 2978 4624 ad
3002 4566 3390 4638 capessendam
3416 4559 3769 4634 paenitentiam

2215 4667 2427 4724 hortari
2457 4667 2726 4728 solebant,
2767 4673 2823 4719 et
2851 4671 2912 4718 ut
2949 4663 3190 4718 divinam
3235 4656 3578 4714 clementiam
3618 4653 3772 4719 lacry-

2216 4761 2324 4816 mis
2367 4775 2434 4815 ac
2465 4757 2721 4814 sordibus
2752 4755 3014 4811 elicerent
3064 4750 3358 4808 identidem
3409 4743 3771 4822 admonebant.

2219 4851 2325 4905 Sed
2368 4851 2471 4904 hoc
2504 4863 2674 4902 unum
2733 4846 3025 4915 negabant,
3067 4842 3135 4899 ad
3187 4838 3445 4895 Ecclesiae
3464 4851 3526 4892 ac
3557 4833 3770 4889 ﬁdelium

2219 4939 2664 4997 communionem
2698 4936 2867 5006 recipi
2895 4935 3134 5004 amplius
3183 4940 3467 5001 oportere;
3500 4938 3667 4996 neque
3695 4935 3774 4990 Ρε·

2219 5049 2318 5090 nes
2341 5032 2640 5089 Ecclesiam
2666 5027 3058 5085 reconciliandi
3079 5026 3171 5096 jus
3194 5024 3363 5078 ullum
3385 5036 3450 5076 ac
3474 5024 3773 5090 potestatem

528 5128 866 5191 decreverat,
892 5129 1268 5185 Felicissimus
1291 5105 1576 5200 presbyter
1599 5105 1848 5184 schisma
1887 5129 2118 5185 conﬂas-
2149 5155 2197 5215 ο
2221 5140 2344 5181 esse
2368 5141 2380 5176 :
2403 5124 2604 5199 quippe
2627 5123 2845 5177 unicam
2864 5120 3012 5174 illam
3041 5125 3385 5215 Ροοοειονξπη
3409 5105 3772 5215 ίξῖίῖυιεθηιίιθιφ

530 5229 634 5287 set,
675 5220 741 5274 ad
790 5220 956 5290 hujus
1010 5222 1300 5278 factionem
1367 5222 1747 5278 adhaerescens
1797 5221 2114 5277 Africanam

531 5315 586 5369 in
613 5314 804 5385 primis
829 5313 1127 5370 Ecclesiam
1152 5315 1491 5384 permiscuit.
1541 5313 1669 5369 lude
1697 5315 1928 5368 Romam
1966 5315 2119 5369 navi-

531 5424 689 5478 gans,
722 5407 1085 5464 Novatianum
1113 5409 1223 5462 illic
1260 5408 1642 5479 presbyterum
1681 5406 1918 5477 reperit;
1953 5422 2117 5476 quem

533 5504 606 5557 ob
637 5506 920 5572 prmlatum
951 5501 1055 5558 sibi
1086 5501 1403 5556 Cornelium
1434 5515 1629 5570 papam
1651 5500 1779 5554 odio
1805 5499 2121 5568 invidiaque

534 5591 854 5663 ﬂagrantem
905 5593 1370 5656 animadvertens,
1425 5591 1847 5645 communicatis
1894 5605 2020 5644 cum
2054 5604 2120 5643 eo

538 5685 806 5748 consiliis,
843 5684 984 5738 aliud
1023 5692 1077 5738 et
1102 5698 1132 5736 a
1167 5683 1354 5751 priore
1376 5681 1536 5748 longe
1562 5681 1840 5736 diversum
1876 5681 2120 5736 schisma

539 5772 803 5826 condidit.
837 5771 956 5826 Non
994 5774 1138 5827 enim
1171 5774 1447 5841 lapsorum
1497 5779 1556 5825 ut
1608 5787 1830 5825 causam
1877 5773 2124 5840 suscipe-

544 5873 651 5934 ret,
676 5879 879 5934 eosque
909 5865 1318 5935 quamprimum
1349 5865 1468 5936 paci
1502 5874 1555 5921 et
1581 5865 1836 5922 Ecclesiae
1870 5865 2125 5925 restitue—

2224 5218 2279 5272 in
2319 5191 2466 5271 illius
2496 5191 2724 5270 arbitrio
2749 5210 2977 5277 versari,
3005 5225 3129 5280 quae
3172 5222 3268 5277 per
3299 5203 3625 5274 baptismum
3657 5191 3774 5249 obti-

2226 5311 2406 5365 netitr.
2429 5306 2808 5364 Declarathmc
2823 5300 3078 5358 Socrates
3103 5301 3196 5355 lib.
3221 5314 3294 5363 iv,
3324 5312 3373 5351 c.
3395 5296 3492 5349 l3:
3519 5286 3774 5359 seripsisse

2226 5401 2478 5456 videlicet
2523 5397 2791 5452 Novatum
2837 5397 2959 5456 ταῖς
3007 5387 3283 5459 πανταχοῖ)
3330 5371 3772 5454 Ἐκκλησίαις,μὴ

2228 5492 2478 5564 δέχεσθαι
2511 5492 2638 5555 τοὺς
2688 5487 3076 5549 ὲπιτεθυκότας
3107 5487 3186 5546 εἰς
3226 5481 3294 5534 τὰ
3339 5465 3773 5564 μυστήριαοὰλὶῗὰ

2231 5558 2562 5658 πρὸτρέπειν
2607 5583 2704 5653 μὲν
2761 5582 2888 5643 τοὺς
2946 5579 3026 5642 εἰς
3057 5575 3364 5648 μετάνοιαν,
3395 5571 3491 5642 τὴν
3519 5569 3572 5623 δὲ
3593 5558 3773 5658 συγχώ-

2232 5653 2390 5750 ρῆσιιι
2448 5675 2762 5748 ἐπιτρέπειν
2817 5671 2935 5743 Θεῷ
2980 5670 3058 5741 τῷ
3088 5667 3367 5738 δυναμένῳ
3425 5664 3519 5718 καὶ
3561 5653 3771 5756 ἐξουσξαν

2231 5771 2408 5841 ἔχοντι
2454 5771 2756 5840 συγχωρεῖν
2805 5766 3195 5838 ἁμαρτήματα.
3244 5760 3354 5815 Sed
3397 5767 3451 5813 et
3487 5754 3769 5841 Ambrosius

2231 5839 2330 5920 lib.
2360 5878 2379 5919 t
2419 5863 2492 5922 De
2543 5839 2870 5933 pauitantia,
2895 5875 2946 5919 c.
2972 5859 3028 5927 2,
3064 5870 3190 5913 cum
3215 5854 3289 5912 ita
3328 5852 3451 5908 illos
3488 5839 3762 5913 redargltil:
