4064 6414
447 403 586 471 1017

1364 418 1453 474 DE
1488 419 1969 480 ΡοΕΝιΤΕΝΤΙΑε
2009 423 2289 483 VETERE
2331 425 2734 484 DlSCIPLINA.

3569 436 3708 495 tum

444 532 590 600 Quid
627 539 802 585 autem
840 533 1053 600 durius,
1083 551 1242 606 quam
1275 546 1332 591 ut
1363 539 1602 595 indicant
1644 545 2023 614 penitentiam,
2054 555 2100 610 Α
2129 549 2364 604 nendam
2391 548 2808 618 faciendamque
2850 547 3195 620 disciplinam
3226 553 3594 612 severioribus
3622 556 3708 612 in-

441 639 728 693 quamnon
753 623 1012 688 relucent,
1036 642 1155 680 eum
1199 629 1380 698 utique
1422 633 1627 686 veniam
1667 636 1904 704 negando
1935 637 2022 689 in-

441 717 706 768 centivum
753 717 998 786 auferant
1047 722 1406 788 paenitentiae?
1451 723 1621 778 Nemo
1672 727 1810 779 enim
1852 737 2020 793 potest

439 807 566 862 bene
595 825 746 878 agere
765 811 1143 878 paenitentiam,
1175 813 1280 866 nisi
1300 815 1392 883 qui
1426 817 1708 883 speraverit
1738 817 2018 886 indulgen-

440 901 595 953 tiam.
648 899 773 955 Hzec
820 900 1165 958 Ambrosius.
1196 902 1297 969 Qui
1333 906 1492 973 paulo
1531 915 1655 974 post
1686 905 2016 962 Novatiano-

437 1005 562 1042 rum
590 989 840 1043 doctores
862 989 936 1042 ait
988 992 1165 1042 omnia
1200 1001 1415 1060 peccata
1451 991 1750 1049 Stoicorum
1790 996 2018 1064 quodam

437 1093 583 1130 more
619 1078 837 1146 paribus
882 1080 1172 1132 aestimasse
1194 1084 1486 1145 mensuris,
1535 1083 1639 1138 hoc
1666 1094 1767 1150 est,
1822 1093 1881 1138 ut
1927 1099 2015 1140 se-

435 1168 624 1236 quenti
654 1169 829 1238 capite
863 1170 1043 1232 docet,
1070 1171 1221 1224 nullo
1255 1173 1544 1226 criminum
1564 1175 1772 1228 delectu
1804 1175 2012 1241 habito,

432 1260 690 1313 omnibus
725 1277 788 1314 ex
819 1277 974 1330 aequo
1003 1263 1216 1316 veniam
1248 1279 1474 1334 negasse
1505 1284 1517 1318 :
1568 1265 1750 1336 itaque
1779 1267 2015 1322 sensisse

431 1350 724 1406 Novatum.
755 1351 1043 1422 Perperam
1073 1354 1240 1418 enim,
1274 1365 1334 1408 ut
1364 1358 1679 1412 monuimus
1699 1397 1712 1421 ,
1744 1357 2010 1413 Novatum

429 1457 532 1511 pro
558 1443 858 1498 Novatiano
887 1445 1024 1500 Solet
1046 1463 1349 1516 usurpare:
1383 1465 1509 1503 cum
1544 1451 1646 1505 hoc
1671 1491 1685 1513 ,
1719 1453 1863 1520 quod
1899 1430 2012 1522 ipse

427 1544 637 1598 narrat,
678 1534 980 1591 Novatiano
1011 1539 1192 1607 potius
1232 1551 1518 1611 congruat,
1550 1544 1642 1612 qui
1685 1543 1881 1598 Stoica:
1927 1560 2012 1600 se-

425 1631 530 1678 ctae
584 1639 648 1678 ac
701 1621 1056 1694 philosOphize
1091 1641 1212 1682 sese
1261 1629 1560 1684 dediderat.
1613 1632 1682 1686 At
1726 1631 2009 1688 Novatiani

424 1714 674 1784 magistri
706 1718 792 1770 sui
822 1719 1078 1772 acerbum
1109 1720 1276 1775 nimis
1308 1730 1703 1793 austerumque
1730 1725 2008 1779 decretum

423 1821 490 1861 ea
517 1807 888 1864 moderatione
917 1820 1310 1881 temperarunt,
1354 1827 1410 1871 ut
1433 1817 1778 1887 gravioribus
1807 1817 2006 1871 dunta-

2123 641 2334 695 terdum
2357 640 2565 711 legibus
2594 649 2648 694 et
2681 639 2944 696 institutis
2965 642 3273 698 astrictum.
3308 643 3580 711 Quocirca
3600 649 3705 706 sub

2122 731 2680 799 ipsumChristiante
2735 718 3025 801 religionis
3079 735 3388 800 exordium,
3441 736 3705 810 ﬂagrante

2120 835 2372 890 peraeque
2402 821 2584 876 studio
2608 821 2848 889 pietatis,
2880 831 2934 877 et
2959 823 3320 893 improbitatis
3347 828 3495 894 odio,
3529 831 3704 888 multo

2119 920 2174 967 et
2199 912 2476 981 graviores
2513 911 2568 965 in
2604 911 2799 966 delicta
2854 929 3028 984 poenae
3062 923 3118 969 et
3162 917 3533 974 diuturniores
3568 935 3703 978 con-

2119 1003 2320 1058 stitutm
2339 1012 2485 1058 sunt.
2515 1001 2647 1069 Quae
2690 1019 2776 1058 res
2798 1019 2862 1059 eo
2910 1021 3079 1074 usque
3108 1021 3452 1076 progressum
3483 1011 3695 1080 habuit,

2117 1105 2177 1152 ut
2200 1099 2562 1153 atrocioribus
2590 1099 2914 1168 quibusdam
2955 1098 3251 1154 sceleribus
3297 1103 3454 1156 venia
3513 1103 3697 1158 indul-

2116 1189 2403 1258 gentiaque
2424 1188 2666 1244 funditus
2693 1191 2955 1258 denegata
2981 1188 3166 1251 fuerit,
3186 1207 3463 1260 nunquam
3489 1204 3548 1247 ut
3569 1211 3693 1249 cum

2115 1276 2356 1332 Ecclesia
2393 1280 2730 1332 reconciliari
2772 1288 3014 1347 possent.
3046 1278 3290 1346 Quod,ut
3314 1281 3382 1334 ab
3416 1282 3698 1341 hodiernis

2113 1371 2356 1424 moribus
2390 1379 2440 1424 et
2482 1371 2744 1425 institutis
2769 1370 3188 1436 abhorrens,ne
3222 1371 3347 1440 quis
3378 1372 3696 1431 incredibile

2113 1457 2340 1514 forsitan
2386 1461 2699 1525 arbitretur,
2754 1472 3030 1514 auctorem
3071 1460 3213 1514 dabo
3275 1460 3689 1528 Tertullianum,

2111 1550 2203 1620 qui
2239 1551 2290 1603 in
2326 1550 2466 1604 libro
2499 1550 2571 1604 De
2622 1551 2884 1621 pudicitia
2927 1551 3071 1604 clare
3109 1549 3160 1603 id
3202 1567 3267 1606 ac
3298 1552 3499 1606 diserte
3530 1562 3694 1609 testa-

2112 1650 2220 1696 tur.
2254 1641 2482 1710 Scripsit
2513 1651 2693 1697 autem
2724 1643 2871 1696 hunc
2901 1641 3098 1696 librum
3127 1657 3246 1696 cum
3274 1642 3386 1713 jam
3410 1659 3474 1698 ex
3502 1646 3691 1702 catho-

2110 1732 2216 1787 lico
2239 1732 2476 1786 Montani
2499 1731 2678 1788 factus
2700 1741 2842 1787 esset
2859 1732 3088 1798 assecla,
3113 1733 3376 1786 adversus
3394 1732 3685 1804 Zephyrini

2110 1838 2262 1892 papae
2289 1824 2590 1888 decretum,
2624 1839 2734 1892 quo
2773 1824 2819 1878 is
2853 1823 3128 1878 adulteros
3157 1833 3278 1893 post
3313 1825 3687 1894 paenitentiam

422 1909 519 1954 xat
555 1899 874 1956 criminibus
897 1904 1111 1958 veniam
1138 1917 1422 1976 negarent,
1457 1907 1754 1964 levioribus
1799 1907 2006 1962 tribue-
2036 1887 2077 1942 Β
2105 1887 2468 1968 admittendos
2507 1887 2752 1969 edixerat
2785 1930 2799 1968 :
2865 1914 3112 1985 Pontifex
3157 1887 3365 1970 scilicet
3417 1919 3684 1970 maximus

421 1999 568 2046 rent.
602 1991 694 2047 Sic
743 1994 886 2047 enim
938 1993 1261 2052 Ambrosius
1298 2012 1313 2050 :
1361 1995 1464 2052 Sed
1498 1999 1650 2051 aiunt
1678 2016 1732 2052 se
1778 1999 2003 2066 exceptis

421 2086 755 2158 gravioribus
809 2090 1118 2144 criminibus
1160 2092 1400 2146 relaxare
1447 2094 1653 2147 veniam
1697 2092 2000 2147 levioribus.

423 2179 551 2232 Non
581 2179 676 2233 hoc
719 2182 928 2250 quidem
954 2193 1142 2236 auctor
1169 2185 1332 2241 vestri
1367 2186 1565 2238 erroris
1602 2179 1884 2247 Novatus;
1912 2185 2002 2254 qui

419 2272 619 2326 nemini
641 2273 1003 2339 paenitentiam
1034 2274 1269 2328 dandam
1299 2276 1524 2344 putavit,
1563 2291 1624 2330 ea
1648 2276 1848 2329 scilicet
1879 2292 2003 2329 con-

421 2363 761 2432 templatione
785 2405 800 2429 ,
854 2375 912 2419 ut
961 2367 1102 2436 quod
1139 2368 1248 2436 ipse
1290 2383 1394 2421 non
1427 2378 1597 2436 posset
1633 2367 1855 2432 solvere,
1895 2384 2001 2421 non

415 2455 648 2525 ligaret;
679 2473 742 2510 ne
779 2455 997 2526 ligando
1048 2459 1251 2527 sperari
1282 2475 1315 2512 a
1348 2475 1404 2512 se
1440 2460 1636 2528 faceret
1660 2459 1996 2514 solutionem.

417 2546 489 2606 1η
517 2564 574 2603 eo
601 2549 766 2618 igitur
793 2558 998 2618 patrem
1018 2557 1242 2603 vestrum
1263 2552 1476 2619 propria
1501 2553 1770 2607 damnatis
1797 2563 2001 2607 senten-

417 2640 516 2704 tia,
542 2641 633 2710 qui
677 2640 1070 2695 distinctionem
1115 2651 1452 2710 peccatorum
1501 2645 1700 2714 facitis,
1739 2661 1858 2714 qua:
1898 2644 2000 2698 sol-

413 2732 584 2786 venda
612 2749 645 2786 a
683 2733 826 2786 vobis
861 2749 970 2786 esse
1005 2735 1219 2802 putetis,
1265 2744 1313 2790 et
1339 2751 1456 2805 qua;
1489 2738 1602 2790 sine
1632 2739 1859 2791 remedio
1887 2754 1997 2792 esse

414 2821 767 2876 arbitremini.
793 2822 969 2892 Atque
995 2831 1054 2877 ut
1073 2823 1292 2894 propius
1314 2825 1378 2879 ad
1395 2840 1458 2879 ca
1481 2825 1799 2894 diSputauda
1825 2827 2000 2880 venia-

413 2928 558 2978 mus,
587 2928 823 2982 quorum
863 2928 1026 2968 causa
1059 2915 1272 2984 longius
1295 2915 1346 2968 in
1382 2916 1482 2970 hac
1522 2915 1762 2970 Dtatrlba
1805 2931 1998 2987 proce-

409 3005 541 3059 dere
563 3005 877 3070 statuimus,
908 3005 1192 3060 sciendum
1227 3015 1330 3072 est,
1362 3023 1468 3061 non
1501 3023 1605 3077 pro
1627 3023 1694 3063 eo
1736 3010 1881 3079 quod
1913 3009 1996 3063 la-

408 3112 542 3167 psos
595 3097 662 3151 ad
714 3098 1157 3154 communionem
1213 3107 1268 3152 et
1326 3099 1754 3154 ecclesiasticam
1810 3115 1992 3170 pacem

409 3189 776 3244 admittendos
799 3199 1078 3260 negarent,
1111 3188 1379 3244 Novatum
1409 3199 1463 3243 et
1490 3189 1851 3247 Novatianum
1886 3193 1995 3247 bte-

407 3280 612 3334 rcticos
675 3279 912 3343 habitos,
953 3288 1117 3350 atque
1147 3281 1216 3335 ab
1247 3279 1489 3336 Ecclesia
1550 3282 1816 3337 catholica
1871 3298 1996 3352 pro-

409 3373 642 3442 scriptos
700 3373 870 3428 fuisse
900 3391 912 3427 :
943 3374 1035 3428 sed
1078 3374 1225 3443 quod
1286 3375 1490 3428 nullum
1527 3374 1594 3428 ad
1627 3388 1721 3429 eos
1751 3374 1994 3429 reconci-

403 3465 622 3520 liandos
645 3466 1114 3536 condonandaque
1141 3466 1334 3520 delicta
1365 3465 1456 3534 jus
1480 3465 1536 3519 in
1573 3464 1840 3519 Ecclesia
1871 3480 1993 3521 esse

405 3558 698 3626 perlidiose
749 3571 812 3611 ac
869 3557 1159 3612 crudeliter
1225 3565 1619 3613 asseverarcnt.
1681 3555 1858 3623 Quod,
1911 3558 1995 3611 in-

409 3663 598 3718 quam,
632 3649 892 3715 clavium,
925 3659 985 3705 ut
1013 3659 1231 3714 vocant,
1260 3659 1582 3720 potestatem
1621 3651 1880 3707 Ecclesl'e
1929 3667 1995 3708 ac

409 3741 787 3795 sacerdotibus
834 3741 1216 3808 detraherent,
1269 3753 1328 3798 ut
1379 3744 1618 3814 reliquos
1667 3745 1987 3799 eorumdem

407 3848 623 3889 errores
653 3834 922 3901 omittam,
959 3833 1242 3889 Novatiani
1278 3843 1536 3906 tanquam
1569 3838 1805 3893 haeretici
1834 3838 1992 3892 dam-

407 3922 529 3976 nati
578 3931 746 3990 sunt,
783 3923 988 3992 alioqui
1020 3926 1224 3993 lapsos,
1256 3924 1362 3979 hoc
1389 3935 1473 3980 est
1499 3927 1820 3982 idololatria
1853 3944 1990 3983 con-

407 4013 628 4082 tagione
661 4013 918 4082 pollutos,
964 4015 1017 4068 in
1053 4025 1371 4084 perpetuum
1395 4018 1463 4072 ab
1491 4017 1731 4072 Ecclesra
1765 4019 1991 4093 submo-

407 4119 536 4160 vere
557 4106 794 4160 nondum
810 4120 910 4175 pro
927 4106 1181 4161 hmretico
1211 4108 1431 4162 decreto
1459 4111 1738 4179 cognitum
1771 4110 1950 4168 fuerat
1971 4125 1984 4162 :

405 4198 543 4268 quin
563 4197 724 4253 etiam
750 4197 945 4267 priscis
977 4199 1085 4254 illis
1115 4198 1355 4255 ﬂorentis
1375 4201 1624 4256 Ecclesia:
1649 4203 1986 4272 temporibus

407 4289 574 4346 certis
606 4298 951 4358 peccatorum
985 4291 1275 4359 generibus
1333 4293 1720 4349 communione
1760 4294 1988 4348 interdi-

406 4388 582 4447 ctum,
609 4388 663 4434 et
687 4380 904 4450 quidem
926 4391 1184 4449 perpetuo
1215 4381 1407 4446 fuisse.
1434 4385 1837 4452 quamplurima
1859 4401 1987 4443 con-

404 4470 536 4525 cilia
562 4485 625 4525 ac
658 4469 758 4525 SS.
806 4469 910 4524 PP.
954 4471 1263 4526 testimonia
1319 4472 1618 4528 declarant.
1665 4472 1820 4540 Quod
1854 4492 1981 4531 cum

2105 2001 2462 2072 (Tertulliani
2498 2005 2664 2058 verba
2695 2003 2860 2075 sunt)
2896 2005 3170 2074 episcopus
3207 2006 3571 2074 episcoporum
3605 2005 3690 2058 di-

2102 2096 2176 2148 cit
2201 2110 2220 2148 :
2251 2094 2357 2165 Ego
2380 2106 2426 2149 et
2457 2096 2693 2149 mcecltiw
2713 2105 2760 2149 et
2785 2097 3162 2163 fornicationis
3205 2096 3401 2150 delicta
3434 2097 3688 2164 poeniten-

2105 2189 2180 2240 tia
2202 2188 2396 2256 functis
2442 2189 2672 2242 dimitto.
2706 2187 2860 2254 Quod
2897 2192 3098 2243 summi
3148 2188 3422 2258 pontiﬁcis
3445 2187 3683 2243 edictum

2102 2278 2470 2336 Tertullianus
2495 2296 2835 2352 oppugnans,
2875 2297 2939 2336 ex
2967 2296 3033 2336 eo
3059 2281 3358 2352 redarguit,
3390 2281 3534 2351 quod
3559 2297 3682 2336 cum

2101 2373 2203 2427 tria
2220 2373 2662 2443 sintgravissima
2692 2373 2922 2441 scelera,
2949 2372 3279 2437 idololatria,
3326 2372 3682 2427 homicidium

2099 2472 2154 2518 et
2191 2464 2542 2528 adulterium,
2601 2463 2841 2519 exclusis
2890 2471 2943 2518 et
2983 2462 3038 2517 in
3092 2472 3415 2533 perpetuum
3467 2461 3684 2532 rejectis

2099 2555 2313 2612 duobus
2347 2555 2591 2625 reliquis,
2623 2557 2797 2611 solum
2833 2555 3083 2611 adulterii
3121 2556 3328 2610 crimen
3360 2555 3425 2608 ad
3463 2554 3680 2609 veniam

2099 2647 2389 2715 exceperit.
2421 2645 2562 2710 Quid
2589 2647 2725 2715 agis,
2760 2645 2956 2715 inquit,
2985 2644 3302 2698 mollissima
3322 2654 3371 2698 et
3403 2643 3681 2696 Immanis-o

2098 2737 2237 2790 sima
2280 2736 2607 2805 disciplina?
2638 2740 2740 2789 Aut
2787 2735 3028 2789 omnibus
3057 2736 3131 2789 eis
3167 2737 3262 2789 hoc
3306 2751 3414 2789 esse
3445 2737 3678 2790 debebis:

2100 2827 2256 2882 Beati
2283 2828 2421 2881 enim
2451 2828 2664 2896 paciﬁci
2691 2844 2709 2881 :
2733 2836 2824 2880 aut
2849 2829 2893 2880 si
2923 2843 3024 2880 non
3053 2826 3317 2890 omnibus,
3339 2836 3520 2880 nostra
3547 2842 3680 2884 esse.

2100 2917 2454 2973 Idololatram
2483 2919 2695 2989 quidem
2739 2928 2789 2973 et
2835 2919 3158 2972 homicidam
3224 2919 3382 2972 semel
3421 2919 3680 2987 damnas,

2102 3010 2358 3062 moechum
2390 3026 2506 3063 vero
2542 3010 2604 3063 de
2635 3010 2804 3062 medio
2830 3011 3029 3078 excipis
3055 3049 3069 3073 ,
3108 3008 3428 3062 idololatria!
3473 3026 3682 3063 succes-

2099 3114 2290 3164 sorem,
2319 3100 2590 3153 homicidii
2641 3110 3044 3164 antecessorem,
3079 3103 3352 3170 utriusque
3382 3099 3683 3170 collegam?

2101 3187 2351 3242 Persona:
2396 3189 2685 3258 acceptatio
2737 3197 2848 3252 est,
2883 3189 3290 3243 miserabiliores
3343 3192 3680 3260 poenitentiae

2099 3279 2379 3348 reliquisti.
2427 3279 2596 3333 Plane
2645 3280 2693 3333 si
2733 3281 2975 3334 ostendas
3017 3281 3081 3334 de
3130 3283 3318 3350 quibus
3364 3283 3680 3349 patrociniis

2097 3370 2475 3437 exemplorum,
2508 3380 2887 3440 prceceptorum
2927 3371 3237 3436 caelestium,
3277 3372 3380 3425 soli
3422 3373 3678 3438 meae/tim,

2095 3474 2143 3514 et
2169 3462 2226 3514 in
2259 3477 2322 3514 ea
2354 3461 2699 3528 fornicationi
2744 3477 2946 3532 quoque
2974 3462 3202 3530 januam
3237 3464 3557 3531 paenitentia:
3594 3478 3677 3516 ea:-

2095 3551 2322 3621 pandas.
2357 3551 2482 3606 Haec
2517 3566 2637 3620 cap.
2667 3551 2720 3606 5.
2756 3552 2823 3605 At
2866 3561 3050 3622 postea
3078 3568 3128 3607 c.
3165 3552 3231 3606 9:
3266 3552 3414 3607 ‘Ilinc
3436 3563 3512 3608 est
3537 3554 3677 3624 quod

2093 3660 2260 3713 neque
2293 3642 2653 3710 idololatriae,
2691 3660 2852 3714 neque
2900 3644 3144 3714 sanguini
3171 3660 3282 3712 pax
3321 3647 3384 3699 ab
3421 3645 3676 3701 Ecclesiis

2095 3735 2358 3789 redditur.

2164 3827 2298 3894 Quae
2327 3843 2642 3897 quanquam
2661 3826 2903 3881 Montani
2925 3825 3041 3897 jam
3066 3826 3310 3884 imbutus
3334 3842 3518 3883 errore
3539 3829 3676 3884 scri-

2092 3919 2282 3988 pserit,
2316 3933 2383 3972 ex
2417 3918 2533 3987 ipsa
2569 3927 2753 3972 tamen
2786 3919 3202 3989 argumentandi
3232 3921 3440 3973 ratione
3465 3919 3676 3989 colligi-

2093 4019 2201 4073 tur,
2225 4011 2390 4065 certis
2421 4010 2746 4065 criminibus
2798 4012 2950 4080 pacis
2985 4026 3048 4066 ac
3078 4011 3249 4067 veniae
3274 4026 3424 4081 spem
3458 4027 3554 4082 per
3579 4011 3672 4066 illa

2092 4108 2335 4168 tempora
2361 4101 2692 4154 subtractam
2729 4098 2919 4154 fuisse.
2957 4098 3028 4154 Ut
3057 4101 3200 4155 enim
3231 4115 3297 4155 ex
3326 4115 3392 4154 eo
3423 4100 3568 4170 quod
3613 4101 3670 4154 in

2090 4191 2230 4245 libro
2265 4191 2339 4244 De
2370 4191 2574 4260 jejunio
2604 4201 2789 4244 contra
2818 4189 3122 4260 Psyclticos,
3161 4191 3469 4246 Catholicos
3494 4205 3674 4260 repre-

2091 4282 2300 4348 hendit,
2335 4284 2480 4351 quod
2511 4283 2676 4337 unico
2699 4280 3140 4354 Quadragesimae
3176 4284 3388 4354 jejunio
3426 4284 3686 4340 contenti-

2090 4387 2284 4430 caztera
2315 4389 2344 4428 a
2380 4373 2722 4429 Montanistis
2755 4375 2971 4429 inventa
3017 4375 3400 4444 repudiarent,
3435 4375 3670 4446 quadra-

2089 4465 2360 4536 gesimalis
2377 4464 2570 4535 jejunii
2599 4474 2842 4520 vetustas
2867 4466 2972 4521 hoc
3004 4466 3119 4535 ipso
3167 4463 3490 4520 Tertulliani
3515 4466 3670 4521 testi-

405 4560 476 4616 ad
524 4561 806 4630 antiquam
855 4559 1108 4616 Ecclesia:
1154 4562 1495 4631 disciplinam
1542 4568 1983 4634 cognoscendam
2019 4573 2066 4632 ι)
2097 4557 2284 4611 monio
2332 4567 2524 4611 contra
2581 4557 2863 4613 hmreticos
2923 4558 3214 4613 hodiernos
3255 4557 3520 4612 astruitur
3548 4576 3562 4612 :
3590 4557 3662 4614 ita

404 4651 874 4722 pernecessarium
917 4653 1007 4716 sit,
1039 4661 1091 4706 et
1115 4653 1182 4707 ad
1221 4653 1397 4709 varios
1424 4669 1558 4709 usus
1593 4665 1982 4726 opportunum,

405 4757 512 4798 nos
534 4757 654 4811 quat
677 4743 744 4796 de
767 4758 828 4797 ea
860 4757 919 4798 re
959 4743 1121 4813 longo
1150 4744 1352 4807 studio,
1388 4760 1450 4799 ac
1476 4745 1718 4814 diligenti
1754 4747 1987 4803 lectione
2033 4733 2048 4744 ’

403 4833 863 4904 conquisivimus,
885 4834 936 4888 in
958 4834 1332 4905 theologorum
1355 4837 1698 4906 potissimum
1730 4839 1983 4908 gratiam,

403 4927 567 4997 paulo
591 4927 899 4982 accuratius
925 4927 1342 4997 explicabimus.

407 5039 737 5114 Quibusnam
761 5046 1090 5115 perculerunt
1116 5040 1490 5115 generibus,“
1511 5055 1767 5114 quatenus
1797 5053 1988 5115 negata

707 5109 1004 5162 communio
1039 5111 1108 5163 sit
1143 5111 1199 5163 in
1227 5109 1467 5165 Ecclesia
1498 5109 1680 5167 veteri.

477 5199 695 5255 Nullum
727 5215 850 5256 esse
879 5201 1059 5256 delicti
1099 5200 1398 5273 ﬂagitiique
1458 5219 1657 5273 genus,
1699 5205 1842 5274 quod
1877 5221 1986 5262 non

403 5293 596 5349 eadem
618 5292 730 5358 illa,
765 5308 887 5361 quae
909 5293 1076 5360 ligare
1104 5309 1168 5348 ac
1201 5295 1436 5349 retinere
1459 5305 1656 5364 potest,
1678 5298 1893 5352 solvere
1923 5314 1988 5352 ac

403 5385 684 5439 remittere
700 5385 872 5453 possit
888 5383 1143 5440 Ecclesia
1169 5395 1429 5454 potestas,
1455 5403 1629 5457 neque
1647 5390 1985 5457 probandum

407 5475 516 5530 hoc
545 5476 664 5530 loco
696 5483 801 5540 est,
847 5491 1023 5545 neque
1077 5476 1146 5530 ab
1199 5478 1340 5543 aliis,
1392 5493 1556 5546 quam
1585 5481 1654 5534 ah
1684 5480 1984 5551 Evangelii,

406 5575 574 5634 atque
600 5567 856 5622 Ecclesia:
884 5567 1278 5631 desertoribus,
1331 5570 1387 5621 in
1432 5573 1858 5626 controversiam
1891 5573 1989 5627 ad-

407 5657 651 5712 ducitur.
684 5655 857 5727 llujus
890 5673 1018 5712 vero
1045 5659 1324 5724 potestatis
1358 5674 1553 5724 usum,
1591 5674 1714 5715 cum
1745 5662 1797 5715 in
1841 5662 1988 5731 ejus-

406 5748 533 5804 dem
562 5747 816 5804 Ecclesiae
844 5748 1072 5803 arbitrio
1097 5749 1302 5818 positus
1329 5749 1420 5813 sit,
1453 5736 1600 5805 varie
1626 5760 1984 5821 temperatum

407 5849 468 5896 et
493 5839 929 5897 administratum
954 5855 1075 5897 esse
1106 5855 1214 5897 non
1241 5841 1466 5898 dubium
1493 5853 1594 5911 est,
1629 5853 1684 5901 et
1711 5844 1777 5900 ad
1810 5844 1986 5900 conti-

2092 4649 2334 4721 prot‘ecto
2359 4651 2572 4705 duobus
2594 4649 2701 4705 illis
2726 4651 2942 4715 saltem,
2975 4651 3059 4705 vel
3096 4651 3269 4706 tribus
3304 4650 3460 4706 initio
3485 4665 3676 4718 pecca-

2091 4742 2162 4795 tis
2195 4757 2384 4811 pacem
2419 4741 2624 4796 nullam
2651 4741 2720 4795 ab
2751 4740 2995 4797 Ecclesia
3025 4757 3342 4797 concessam
3375 4783 3390 4807 ,
3428 4757 3495 4796 ex
3520 4741 3670 4811 ejus-

2088 4832 2210 4886 dem
2244 4831 2567 4887 auctoritate
2615 4847 2680 4886 ac
2716 4832 3136 4887 ratiocinatione
3154 4832 3401 4886 concludi
3433 4846 3538 4886 non
3570 4832 3672 4885 im-

2090 4924 2287 4979 merito
2311 4932 2505 4993 potest.
2534 4925 2614 4979 Ac
2652 4925 2836 4979 nescio
2875 4939 2944 4978 an
2967 4932 3020 4978 et
3047 4923 3188 4978 idem
3235 4923 3508 4978 Pacianus
3543 4923 3672 4977 Bar-

2088 5015 2401 5071 cinonensis
2426 5016 2716 5085 episcopus
2737 5017 2985 5071 docuerit
3009 5016 3063 5069 in
3091 5015 3361 5069 Partenesi
3393 5015 3459 5068 ad
3491 5016 3672 5084 paenit.

2088 5122 2212 5177 quae
2245 5115 2328 5162 est
2351 5115 2500 5161 tomo
2527 5104 2593 5159 lll
2624 5106 2766 5161 Bibl.
2804 5105 2920 5160 PP.
2951 5106 3010 5160 In
3044 5121 3152 5176 qua
3201 5114 3552 5176 peccatorum
3583 5121 3672 5174 ge-

2089 5212 2222 5251 nera
2243 5197 2352 5251 duo
2379 5197 2664 5268 distinguit
2694 5213 2706 5248 :
2741 5197 2848 5252 alia
2888 5211 3010 5267 qua:
3032 5197 3284 5268 capitalia
3309 5206 3487 5260 vocat,
3524 5211 3670 5263 qum-

2087 5305 2195 5360 que
2222 5289 2459 5344 Joannes
2481 5288 2580 5359 Ep.
2608 5288 2649 5357 l,
2681 5304 2800 5359 cap.
2834 5305 2888 5355 ν,
2924 5289 2993 5342 ad
3029 5299 3251 5344 mortem
3280 5305 3400 5344 esse
3423 5287 3576 5341 dixit.
3597 5283 3670 5338 Ea

2088 5397 2219 5436 vero
2242 5397 2348 5436 non
2383 5383 2488 5436 alia
2514 5387 2643 5438 sunt
2665 5422 2681 5448 ,
2717 5397 2881 5450 quam
2912 5382 3015 5438 tria
3047 5383 3155 5445 illa,
3192 5395 3426 5451 quorum
3454 5377 3669 5430 Tertul-

2087 5475 2266 5529 lianus
2314 5473 2580 5539 meminit,
2631 5474 2955 5539 idololatria,
2999 5473 3290 5529 fornicatio
3334 5479 3385 5524 et
3438 5467 3668 5522 homici-

2086 5566 2262 5629 dium,
2318 5581 2440 5636 qute
2487 5566 2607 5621 Act.
2655 5582 2726 5621 xv
2761 5566 2816 5620 in
2849 5565 3110 5645 synodica
3159 5565 3251 5617 illa
3290 5560 3666 5632 apostolorum

2088 5660 2332 5731 Epistula
2392 5663 2713 5716 nominatim
2786 5660 3061 5731 prohiberi
3122 5665 3294 5728 putat.
3356 5655 3664 5723 Despectus,

2089 5751 2284 5820 inquit,
2314 5753 2368 5804 in
2390 5752 2565 5806 multis
2594 5750 2825 5822 Spiritus
2853 5761 3066 5804 sanctus
3101 5749 3210 5802 lith
3233 5746 3384 5801 nobis
3415 5743 3669 5813 capitalis

2087 5843 2310 5914 periculi
2356 5844 2654 5899 conditione
2683 5843 2893 5912 legavit.
2936 5841 3157 5912 Reliqua
3212 5847 3430 5909 peccata
3475 5834 3659 5890 melio-
