4064 6402
507 373 647 432 1019

1608 375 1964 434 APPENDIX
2001 345 2637 436 DISSERTATIONUM.

3629 379 3749 435 1020

506 498 625 540 rum
658 502 875 554 operum
905 492 1330 560 compensatione
1353 505 1632 551 curantur.
1679 497 1806 552 Uwc
1849 516 1966 554 vero
1993 501 2100 554 tria
2127 506 2170 561 A
2201 501 2434 565 videtur.
2464 501 2596 572 quin
2620 514 2726 556 una
2755 497 3250 568 participandorum
3281 496 3654 568 mysteriorum
3671 500 3752 568 jus

507 576 737 631 crimina
761 589 818 633 ut
844 579 1083 636 basilisci
1113 583 1347 655 alicujus
1373 585 1604 655 afﬂatus,
1642 595 1698 640 ut
1721 591 1902 643 veneni
1931 590 2095 657 calix,

509 675 566 719 ut
589 667 766 724 letalis
828 673 1056 741 arundo,
1096 676 1376 730 metuenda
1404 687 1546 732 sunt.
1587 679 1666 732 Ac
1714 680 1991 735 nonnullis
2021 679 2100 734 in-

509 759 796 828 terjectis:
836 761 966 817 Illuc
1023 766 1321 836 quicunque
1372 777 1490 837 post
1531 768 1691 837 ﬁdem
1746 771 1954 840 fecerit,
1995 771 2094 827 Dei

507 848 704 920 faciem
753 869 857 908 non
887 855 1101 912 videbit.
1139 857 1490 928 Desperavere
1518 870 1787 916 tantorum
1810 864 2096 918 criminum

508 942 605 996 rei.
636 942 779 1009 Quid
831 946 977 1001 vobis
1007 964 1100 1018 ego
1122 949 1262 1018 feci?
1304 949 1560 1022 Nunquid
1592 970 1697 1007 non
1725 955 1829 1023 fuit
1856 956 1907 1009 in
1933 966 2096 1023 pote-

505 1043 644 1090 state
679 1053 743 1090 ne
783 1039 979 1107 ﬁeret.’
1014 1040 1278 1098 Nullusne
1323 1044 1644 1102 admonuit?
1689 1044 1856 1100 Nemo
1893 1049 2094 1115 prtcdi-

507 1127 635 1180 xit?
693 1131 880 1183 Tacuit
934 1129 1218 1188 Ecclesia?
1264 1132 1416 1187 Nihil
1461 1133 1754 1204 Evangelia
1800 1138 2094 1195 dixerunt?

509 1212 668 1268 Nihil
695 1217 925 1286 apostoli
947 1221 1257 1272 comminuti
1286 1231 1408 1274 sunt
1433 1222 1458 1272 ?
1492 1221 1647 1275 Nihil
1673 1226 1876 1294 rogavit
1917 1244 2094 1281 sacer-

504 1305 602 1361 dos
627 1309 653 1363 ?
692 1307 836 1374 Quid
864 1311 1106 1378 quteritis
1147 1327 1267 1365 sera
1290 1311 1486 1366 solatia
1508 1314 1534 1367 ἱ)
1567 1313 1711 1369 Tunc
1739 1317 1938 1386 decuit,
1972 1335 2092 1373 cum

503 1397 713 1453 licebat.
757 1398 908 1454 Dura
929 1401 1035 1455 ista
1069 1417 1166 1456 vos:
1201 1413 1299 1468 est,
1331 1405 1423 1458 sed
1453 1407 1543 1475 qui
1574 1423 1662 1461 vos
1698 1408 1877 1488 felices
1906 1411 2088 1466 dicunt

503 1491 559 1544 in
585 1506 817 1544 errorem
851 1508 940 1547 vos
980 1493 1220 1558 mittunt,
1273 1503 1380 1551 etc.
1415 1495 1540 1552 Haec
1565 1497 1732 1568 igitur
1762 1504 2092 1570 persuadere

503 1589 755 1650 possunt,
795 1579 850 1635 in
897 1579 1161 1652 Hispania
1193 1584 1387 1639 saltem
1424 1586 1712 1656 pristinam
1743 1589 1890 1644 illam
1924 1591 2092 1647 disci-

503 1670 666 1740 plinae
696 1671 1044 1728 severitatem
1083 1672 1300 1729 Paciani
1351 1684 1596 1744 tempore
1621 1678 1881 1750 viguisse.
1928 1681 2091 1738 Tam-

497 1760 604 1816 etsi
627 1777 693 1816 ne
721 1762 773 1816 id
795 1764 1010 1833 penitus
1036 1764 1322 1835 adﬁrmem,
1347 1769 1640 1839 prohibent
1681 1771 1793 1838 illa,
1816 1789 1938 1843 qua:
1963 1789 2090 1845 pro-

501 1850 649 1907 xime
697 1854 1030 1924 subiunxit:
1087 1857 1315 1928 Accipite
1364 1860 1677 1926 remedium,
1728 1865 1776 1918 si
1816 1871 2092 1934 desperare

500 1943 770 2011 coepistis;
802 1947 849 1999 si
887 1946 1108 2002 miseros
1151 1964 1238 2004 vos
1283 1953 1569 2020 agnoscitis
1594 1993 1609 2019 ,
1651 1955 1697 2008 si
1728 1956 1943 2010 timetis.
1977 1954 2093 2014 Nisi

501 2034 609 2088 hoc
638 2032 873 2091 fortasse
898 2037 1197 2093 remedium
1226 2039 1292 2094 ad
1328 2041 1500 2096 solam
1527 2043 1900 2112 paenitentiam
1928 2047 2094 2117 perti-

500 2133 647 2192 neat,
672 2141 794 2197 qua:
839 2125 894 2182 in
929 2142 997 2184 eo
1028 2145 1225 2200 genere
1250 2133 1460 2202 peccati
1489 2134 1784 2192 relaxanda
1809 2152 2091 2210 nunquam

499 2214 685 2272 fuerit.
1274 2261 1281 2266 -

572 2305 652 2362 Ex
675 2308 894 2377 iisdem,
931 2309 1038 2369 nisi
1067 2309 1250 2378 fallor,
1275 2311 1518 2371 fontibus
1552 2314 1872 2372 Eliberitani
1909 2317 2094 2374 conci-

499 2397 556 2452 lii
595 2399 814 2455 decreta
871 2401 965 2457 illa
1029 2402 1273 2474 proiecta
1323 2415 1471 2474 sunt,
1523 2423 1756 2478 quorum
1825 2410 2090 2467 severitas

496 2487 660 2556 paulo
693 2490 972 2547 nonnullis
1005 2493 1254 2549 acerbior
1281 2494 1398 2550 visa
1436 2511 1503 2551 eo
1532 2497 1749 2552 demum
1773 2499 1894 2554 illos
1919 2501 2092 2573 impu-

500 2578 581 2644 lit,
633 2587 693 2634 ut
730 2580 779 2635 ei
817 2581 1051 2638 concilio
1091 2583 1309 2654 culpam
1363 2595 1416 2641 et
1463 2603 1703 2644 errorem
1747 2591 2086 2664 aliingercnt.

495 2669 699 2726 Contra
729 2676 867 2742 quos
889 2673 979 2728 alii
1014 2673 1319 2732 Innocentii
1366 2677 1584 2736 decreto
1613 2694 1886 2753 pugnant;
1912 2685 2003 2756 qui
2033 2686 2090 2741 in

495 2761 656 2828 epist.
689 2763 744 2828 '5,
779 2778 900 2833 cap.
936 2764 994 2830 2,
1048 2766 1211 2820 tacito
1255 2768 1477 2823 nomine
1506 2769 1654 2826 illius
1707 2774 2088 2830 auctoritatem

499 2860 684 2907 tuetur
710 2862 765 2909 et
817 2865 1067 2912 excusat.
1129 2861 1242 2928 Ego
1287 2867 1397 2914 tam
1435 2862 1556 2928 hos,
1589 2879 1753 2933 quam
1779 2865 1901 2922 illos
1929 2867 2091 2922 aber-

495 2956 619 2996 rare
641 2959 858 3000 censeo.
914 2946 1021 3002 Sed
1053 2949 1271 3004 concilii
1301 2966 1543 3010 canones
1583 2955 1637 3010 in
1674 2957 1865 3028 primis
1913 2959 2091 3014 anim-

497 3035 818 3091 advertendi
866 3047 1015 3093 sunt.
1065 3039 1121 3094 In
1170 3041 1255 3098 his
1291 3044 1461 3100 multa
1499 3047 1762 3106 adversus
1803 3052 2089 3122 superiora

496 3127 591 3184 illa
619 3139 696 3187 .et
729 3131 1073 3188 atrocissima
1104 3134 1333 3191 crimina
1365 3139 1707 3209 sanciuntur,
1738 3159 1801 3199 ac
1842 3145 2086 3215 plerum-

494 3237 604 3290 que
629 3238 698 3278 ne
724 3223 780 3279 in
812 3225 933 3281 vita:
976 3227 1196 3296 quidem
1235 3230 1381 3285 exitu
1405 3235 1720 3292 communio
1746 3239 2083 3296 conceditur.

493 3309 628 3367 Nam
659 3313 712 3368 in
742 3315 920 3384 primo
951 3331 1160 3373 canone
1202 3319 1272 3374 ita
1300 3319 1406 3377 PP.
1441 3326 1785 3383 constituunt
1812 3347 1827 3384 :
1869 3329 2088 3388 Placuit

491 3413 551 3456 ut
573 3404 867 3475 quicunque
913 3417 1032 3476 post
1069 3409 1229 3477 ﬁdem
1275 3412 1526 3481 baptismi
1582 3416 1841 3473 salutaris
1888 3421 2086 3476 adulta

492 3506 651 3550 (etate
681 3495 750 3550 ad
786 3497 1035 3576 templum
1069 3500 1200 3554 idoli
1221 3501 1668 3562 idololatraturus
1701 3513 2006 3579 accesserit,
2037 3521 2088 3568 et

493 3585 694 3654 fecerit,
726 3586 868 3658 quod
895 3596 974 3642 est
997 3589 1192 3646 crimen
1221 3595 1454 3662 capitale
1491 3595 1585 3667 (al.
1620 3599 1804 3666 lectio,
1835 3604 1976 3673 quod
2007 3614 2085 3660 est

493 3678 691 3732 crimen
732 3680 1045 3751 principale,
1083 3684 1210 3752 quia
1239 3694 1318 3738 est
1354 3703 1618 3742 summum
1647 3692 1863 3764 scelus),
1906 3712 1998 3750 nec
2030 3698 2087 3753 in

493 3769 596 3836 ﬁne
637 3785 758 3823 eum
795 3774 1216 3828 communionem
1262 3778 1547 3847 suscipere.
1614 3779 1827 3840 Rursus
1865 3801 1989 3843 can.
2014 3788 2082 3844 Ξῖ

499 3859 795 3927 Flamines,
845 3864 936 3933 qui
977 3875 1095 3935 post
1125 3868 1286 3936 ﬁdem
1323 3868 1527 3924 lavacri
1581 3884 1629 3928 et
1673 3880 2084 3947 regenerationis

492 3953 934 4022 sacriﬁcaverint,
979 3973 1040 4013 eo
1091 3959 1230 4023 quod
1271 3964 1652 4030 geminaverint
1685 3969 1902 4036 scelera,
1931 3989 2085 4029 acceo

493 4045 644 4099 dente
691 4043 1006 4116 Imnicidio,
1047 4050 1126 4105 vel
1175 4053 1558 4123 triplicaverint
1607 4059 1857 4129 facinus,
1912 4065 2086 4120 colite-

492 4145 639 4191 rente
669 4138 907 4207 masc/tia,
947 4139 1154 4210 placuit
1191 4160 1277 4199 eos
1311 4161 1404 4200 nec
1440 4147 1495 4202 in
1525 4149 1631 4218 ﬁne
1673 4153 1908 4222 accipere
1941 4172 2086 4211 com-

490 4229 813 4286 munionem.
863 4233 933 4287 At
962 4247 1086 4288 can.
1126 4235 1194 4290 '5:
1265 4235 1329 4292 Si
1374 4255 1478 4294 non
1522 4241 1948 4310 immolaverunt,
1992 4248 2083 4302 sed

490 4338 682 4377 munus
714 4333 920 4379 tantum
953 4327 1234 4396 dederunt,
1265 4329 1467 4400 placuit
1502 4335 1555 4388 in
1579 4335 1683 4397 ﬁne
1715 4338 1791 4391 eis
1824 4349 2084 4406 praestare

489 4412 929 4478 communionem,
957 4425 1078 4468 acta
1107 4426 1281 4473 tamen
1311 4421 1551 4492 legitima
1579 4427 1908 4496 paenitentia.
1943 4429 2081 4485 Item

2201 603 2631 664 potestatemque
2653 591 2725 648 sit
2747 591 2987 662 adeptus.
3048 588 3183 644 Nam
3217 597 3337 660 post
3363 588 3610 644 σύστασιν
3628 631 3643 655 ,
3669 592 3752 660 qui

2197 695 2427 755 quartus
2457 685 2592 742 ordo
2620 684 2950 754 poenitentiae
2971 681 3095 747 t‘uit,
3137 683 3189 736 in
3223 697 3334 753 quo
3356 675 3534 738 solam
3552 683 3615 738 ad
3643 699 3754 738 ora-

2197 779 2362 835 tionis
2395 779 2835 834 communionem
2865 776 3314 843 admittebantur,
3362 777 3588 832 subinde
3619 777 3754 831 nullo

2197 871 2480 942 interiecto
2516 871 2686 942 gradu
2724 871 2806 934 εἰς
2835 869 2895 922 τὸ
2927 869 3154 932 τέλειον,
3199 867 3344 938 quod
3378 866 3620 921 ultimum
3645 875 3753 922 erat

2195 978 2260 1018 ac
2293 962 2772 1032 perfectissimum.
2795 961 3076 1032 pervenire
3107 960 3372 1018 solebant.
3415 959 3488 1013 De
3519 975 3624 1028 quo
3659 959 3754 1014 sub

2193 1052 2357 1107 ﬁnem
2389 1051 2775 1122 disputationis
2805 1050 2970 1121 hujus
3001 1049 3262 1105 nonnulla
3289 1045 3645 1104 disserentur.

2267 1142 2562 1199 Videamus
2601 1157 2750 1198 nunc
2786 1141 3061 1213 quodnam
3095 1139 3163 1195 de
3196 1140 3262 1194 iis
3285 1138 3582 1195 Innocentii
3617 1140 3755 1211 judi-

2193 1233 2335 1290 cium
2369 1232 2658 1298 exstiterit,
2692 1231 2804 1287 imo
2839 1239 3020 1286 utrum
3049 1231 3117 1286 de
3149 1229 3256 1286 illis
3295 1230 3510 1285 locutus
3547 1231 3761 1286 omnino

2191 1325 2283 1390 sit,
2311 1325 2454 1395 quod
2483 1322 2726 1393 plerique
2749 1336 2942 1380 omnes
2965 1322 3294 1378 existimant.
3357 1321 3456 1377 Hic
3482 1322 3625 1378 enim
3650 1322 3754 1391 epi-

2193 1417 2332 1473 stola
2369 1416 2422 1482 5,
2475 1416 2543 1469 ad
2575 1414 2923 1484 Exuperium,
2944 1428 3064 1484 cap.
3098 1415 3155 1478 2,
3190 1413 3266 1468 ita
3301 1413 3490 1470 scribit
3519 1432 3533 1468 :
3567 1412 3640 1466 Et
3673 1415 3757 1467 hoc

2191 1510 2472 1580 qutesitum
2498 1517 2596 1573 est,
2637 1507 2763 1578 quid
2798 1507 2862 1561 de
2898 1506 2978 1560 his
3015 1505 3278 1560 observari
3301 1504 3507 1572 debeat,
3542 1508 3630 1576 qui
3653 1515 3758 1576 post

2193 1600 2513 1670 baptismum
2524 1602 2906 1669 omnitempore
2931 1597 3322 1653 incontinentis:
3343 1609 3390 1652 et
3417 1598 3760 1668 voluptatibus

2191 1686 2358 1740 dediti
2384 1688 2441 1741 in
2464 1695 2697 1742 extremo
2715 1689 2821 1756 ﬁne
2848 1687 2967 1741 vita
2995 1701 3107 1741 sua:
3130 1685 3498 1755 ptenitentiam
3522 1687 3698 1751 simul,
3714 1696 3758 1742 et

2192 1778 2671 1834 reconciliationem
2693 1778 3072 1834 communionis
3088 1785 3393 1846 exposcunt.
3417 1777 3581 1832 Deliis
3595 1778 3760 1832 obser-

2121 1847 2164 1902 Β
2194 1872 2334 1926 vatio
2355 1871 2502 1941 prior
2527 1872 2735 1936 durior,
2785 1871 3052 1941 posterior
3081 1870 3453 1926 interveniente
3477 1871 3760 1924 misericor-

2195 1961 2287 2015 dia
2313 1961 2626 2016 inclinatior
2650 1970 2727 2016 est
2748 1978 2768 2016 :
2808 1978 2934 2015 nam
2965 1960 3284 2016 consuetudo
3312 1961 3458 2031 prior
3486 1963 3671 2025 tenuit,
3707 1973 3760 2018 ut

2194 2054 2564 2109 concederetur
2585 2054 2661 2109 eis
2687 2053 3014 2118 poenitentia,
3038 2053 3127 2108 sed
3151 2055 3448 2107 communio
3470 2064 3758 2124 negaretur.

2196 2141 2344 2199 Nam
2393 2160 2514 2199 cum
2562 2143 2673 2197 illis
2734 2142 3051 2212 temporibus
3112 2142 3312 2197 crebra
3387 2144 3762 2212 persecutiones

2192 2244 2393 2300 essent,
2430 2250 2494 2289 ne
2535 2234 2918 2288 communionis
2959 2249 3208 2288 concessa
3258 2233 3494 2302 facilitas
3537 2234 3765 2291 homines

2192 2327 2257 2382 de
2282 2327 2710 2382 reconciliatione
2740 2344 2948 2383 securos
2976 2343 3078 2381 non
3116 2338 3380 2381 revocaret
3409 2343 3441 2380 a
3471 2326 3648 2396 lapsu,
3681 2344 3763 2382 ne-

2191 2425 2320 2487 gata
2360 2417 2548 2474 merito
2586 2418 2882 2471 communio
2911 2425 3010 2482 est,
3060 2403 3302 2472 concessa
3336 2417 3669 2487 pcenitentia,
3694 2435 3764 2474 ne

2194 2515 2363 2561 totum
2410 2508 2619 2577 penitus
2666 2517 2979 2578 negaretur;
3031 2516 3080 2561 et
3113 2507 3379 2560 duriorem
3416 2509 3764 2564 remissionem

2192 2597 2318 2666 fecit
2361 2598 2608 2666 temporis
2650 2599 2810 2652 ratio.
2866 2595 2971 2652 Sed
2995 2605 3274 2667 postquam
3308 2595 3568 2651 Dominus
3600 2609 3764 2650 noster

2189 2702 2374 2756 pacem
2418 2685 2672 2742 Ecclesiis
2716 2687 2828 2744 suis
2872 2687 3124 2751 reddidit,
3150 2685 3267 2756 jam
3297 2686 3517 2756 depulso
3552 2697 3762 2751 terrore,

2192 2781 2611 2832 communionem
2656 2779 2778 2832 dari
2831 2778 3144 2839 abeuntibus
3191 2777 3417 2848 placuit,
3472 2789 3524 2832 et
3564 2791 3764 2849 propter

2189 2867 2408 2922 Domini
2449 2869 2888 2934 misericordiam,
2933 2870 3088 2940 quasi
3127 2869 3380 2922 viaticum
3428 2870 3762 2939 profecturis,

2192 2975 2254 3014 ne
2284 2957 2574 3014 Novatiani
2611 2960 2844 3015 haeretici
2886 2958 3126 3029 negantis
3179 2958 3383 3012 veniam
3433 2960 3763 3029 asperitatem

2190 3059 2240 3105 et
2275 3051 2534 3105 duritiam
2559 3051 2803 3122 subsequi
2836 3051 3126 3106 videamur.
3185 3049 3471 3105 Tribuetur
3503 3067 3627 3122 ergo
3655 3067 3764 3104 cum

2189 3144 2496 3212 paenitentia
2524 3159 2762 3199 extrema
2785 3144 3105 3211 communio,
3137 3151 3242 3202 etc.
3285 3141 3444 3199 Hunc
3473 3143 3766 3199 Innocentii

2190 3235 2393 3303 locum,
2417 3235 2564 3306 quod
2585 3237 2638 3291 in
2665 3251 2731 3292 eo
2759 3251 2958 3308 genere
2981 3235 3446 3292 luculentissimus
3475 3236 3572 3303 sit,
3599 3247 3765 3292 totum

2189 3329 2569 3400 ascripsimus.
2593 3329 2730 3385 Cum
2759 3337 2941 3385 autem
2971 3328 3036 3384 ad
3068 3328 3392 3384 Eliberitani
3426 3329 3647 3386 concilii
3678 3330 3765 3384 de-

2189 3433 2337 3479 creta
2360 3423 2684 3479 nominatim
2713 3422 3039 3493 respexisse,
3075 3436 3201 3476 cum
3231 3421 3347 3476 hanc
3375 3421 3662 3489 scriberet,
3685 3421 3764 3475 ln-

2188 3517 2502 3572 nocentium
2531 3524 2722 3586 putent
2740 3516 2988 3571 homines
3010 3514 3232 3582 eruditi,
3255 3514 3387 3569 mihi
3417 3515 3639 3584 quidem
3664 3531 3764 3569 nou

2186 3607 2452 3680 probant;
2499 3623 2626 3662 nam
2675 3605 3069 3662 Eliberitanum
3108 3604 3398 3660 concilium
3444 3604 3677 3658 καθόλου
3701 3603 3764 3660 de

2187 3699 2255 3756 iis
2289 3698 2550 3769 loquitur,
2577 3697 2671 3768 qui
2714 3697 2962 3769 graviora
3004 3708 3059 3754 et
3089 3696 3344 3768 capitalia
3389 3697 3590 3754 delicta
3619 3715 3763 3754 com-

2185 3791 2487 3859 miserant;
2523 3806 2644 3862 qua:
2660 3791 2728 3846 ad
2755 3789 2859 3845 tria
2889 3805 3084 3860 genera
3109 3789 3475 3845 Tcrtullianus
3502 3799 3561 3846 et
3585 3789 3765 3846 Pacia-

2185 3897 2290 3938 nus
2343 3890 2633 3947 revocant;
2691 3895 2832 3951 quos
2887 3880 3126 3951 quidem,
3171 3895 3500 3951 quocunque
3553 3881 3763 3936 demum

2186 3987 2430 4046 tempore
2453 3974 2665 4031 admitti
2691 3989 2812 4030 sese
2835 3971 3250 4044 postulaverint,
3279 3972 3649 4042 repudiandus
3677 3971 3764 4026 de-

2186 4066 2382 4124 cernit.
2431 4066 2500 4121 At
2535 4066 2790 4138 Exuperii
2829 4065 3129 4122 sciscitatio
3155 4066 3221 4121 ad
3244 4080 3342 4122 eos
3364 4074 3578 4121 tantum
3602 4065 3763 4136 pertio

2183 4159 2364 4224 nebat,
2383 4159 2476 4229 qui
2499 4168 2623 4230 post
2647 4160 2853 4215 atrocia
2879 4159 3087 4214 scelera
3110 4159 3574 4231 pmnitentiamiu
3597 4169 3765 4214 extre-

2183 4268 2334 4307 mum
2362 4252 2488 4308 vitae
2516 4259 2734 4322 tempus
2757 4251 3116 4308 distulissent.
3170 4252 3388 4323 Alioqui
3413 4267 3543 4308 cum
3573 4249 3764 4307 inﬁniti

2181 4359 2422 4401 canones
2443 4345 2509 4400 de
2533 4345 2809 4415 lapsorum
2845 4359 2909 4400 ac
2937 4358 3396 4414 quorumcunque
3417 4353 3762 4414 peccatorum

2184 4435 2504 4504 poenitentia
2559 4447 2614 4490 et
2654 4434 3100 4491 reconciliatione
3128 4435 3333 4490 conditi
3365 4433 3624 4505 fuissent,
3659 4443 3762 4490 tam

489 4501 617 4599 ipsi,
647 4503 693 4556 si
735 4515 853 4572 post
896 4509 1262 4573 paenitentiam
1311 4512 1506 4581 fuerint
1558 4519 1825 4584 maechati,
1867 4521 2082 4590 "placuit

2186 4535 2333 4593 ante,
2367 4543 2532 4599 quam
2565 4538 2689 4599 post
2721 4527 2997 4583 Nicaenum
3029 4527 3358 4592 concilium;
3397 4544 3638 4599 cumque
3677 4525 3763 4580 Ni-

489 4591 717 4648 ulterius
754 4594 835 4648 his
865 4613 970 4649 non
1017 4615 1130 4654 esse
1159 4601 1393 4656 dandam
1420 4611 1860 4676 communionem,
1895 4629 1957 4666 ne
1996 4612 2082 4666 lu—

489 4687 622 4741 sisse
656 4687 721 4741 de
771 4686 1033 4745 Dominici
1077 4697 1443 4752 communione
1494 4701 1797 4758 videantur.
1869 4703 2086 4762 Rursus

489 4792 610 4830 cati.
644 4777 712 4832 7:
763 4777 821 4834 Si
865 4782 986 4851 quis
1032 4783 1170 4853 forte
1207 4786 1383 4856 ﬁdelis
1412 4800 1532 4859 post
1571 4792 1779 4861 lapsura
1823 4798 2080 4864 maechia’,

484 4876 604 4932 post
633 4877 867 4940 tempora
895 4877 1190 4931 constituta
1211 4891 1333 4934 actu
1365 4867 1696 4950 paenitentia,
1723 4887 1895 4942 denuo
1921 4890 2084 4959 fuerit

491 4959 810 5031 fornicatus,
832 4968 1032 5036 placuit
1056 4988 1173 5026 eum
1206 4990 1298 5028 nec
1329 4975 1383 5028 in
1410 4975 1514 5046 ﬁne
1541 4978 1732 5034 habere
1758 4985 2086 5037 communio-

491 5069 627 5107 nem.
659 5052 742 5110 Tu
766 5069 994 5118 caeteros
1016 5065 1264 5128 consule.
1292 5066 1811 5142 quorum'plerique
1831 5073 1898 5128 ad
1933 5089 2085 5130 eam-

490 5146 613 5200 dem
645 5150 991 5208 severitatem
1031 5153 1297 5228 implicati
1326 5169 1476 5217 sunt.
1531 5161 1591 5218 In
1623 5164 1708 5221 his
1738 5168 2084 5224 communio-

489 5238 577 5291 nis
603 5242 826 5296 nomine
851 5255 981 5300 sunt
1013 5250 1104 5317 qui
1137 5249 1539 5311 Eucharistiam
1579 5257 1849 5316 duntaxat
1880 5261 2084 5317 intelli-

492 5341 642 5398 gant,
679 5336 837 5403 quasi
877 5351 909 5391 a
944 5343 1179 5408 peccatis
1215 5344 1448 5400 exsoluti
1479 5345 1684 5403 fuerint
1728 5349 1803 5404 illi
1838 5351 2080 5421 quidem,

492 5429 583 5480 δοιι
614 5425 882 5486 Dominici
907 5434 1156 5504 corporis
1185 5436 1409 5492 minime
1443 5437 1566 5493 laeti
1599 5442 1913 5512 participes.
1947 5442 2083 5510 Qui-

492 5516 595 5573 bus
627 5521 774 5576 nullo
807 5524 969 5578 modo
994 5526 1063 5579 ab
1083 5529 1310 5583 eruditis
1333 5530 1670 5605 conceditur.
1720 5533 1908 5605 Neque
1939 5539 2084 5592 enim

493 5611 691 5666 veteris
725 5613 980 5672 Ecclesiae
1022 5618 1133 5673 ritu
1166 5621 1330 5674 ambo
1371 5620 1477 5674 ista
1511 5599 1758 5692 sejuticta
1791 5599 1963 5685 fuisse
1993 5646 2087 5699 pu-

497 5705 638 5754 tant:
660 5719 832 5775 neque
849 5711 1136 5780 quisquatn
1156 5728 1343 5781 pacem
1361 5729 1426 5770 ac
1445 5718 1938 5775 reconciliationem
1957 5739 2084 5778 cum

497 5792 737 5852 Ecclesia
761 5811 925 5871 quam
946 5819 1052 5859 nos
1079 5804 1462 5864 absolutionem
1483 5808 1736 5880 dicimus,
1779 5813 2083 5872 obtinuisse

2185 4637 2394 4676 caenum
2420 4621 2598 4692 ipsum
2629 4622 2695 4676 de
2724 4621 2891 4690 lapsis
2921 4619 3248 4689 recipiendis
3277 4628 3387 4674 tam
3409 4620 3612 4676 diserte
3638 4634 3758 4675 san-

2184 4713 2392 4780 xisset;
2417 4714 2599 4782 inepta
2632 4727 2766 4768 sane
2796 4708 3268 4780 iuissetExuperii
3297 4711 3385 4764 illa
3430 4710 3681 4780 quaestio,
3715 4709 3759 4764 si

2184 4804 2440 4861 universe
2462 4813 2622 4874 atque
2652 4803 2862 4858 inlinite
2893 4810 3246 4872 percontatus
3273 4811 3436 4857 esset.
3465 4800 3572 4856 Sed
3607 4800 3762 4854 nimi-

2125 4963 2135 4966 ρ
2183 4912 2304 4950 rum
2335 4896 2440 4950 alia
2473 4903 2526 4951 et
2567 4911 2595 4950 a
2618 4895 2784 4965 lapsis
2812 4910 2876 4950 ac
2899 4893 3277 4965 peccatoribus
3301 4893 3527 4964 reliquis
3546 4893 3762 4948 illorum

2185 4997 2432 5058 separata
2465 5002 2630 5042 causa
2685 4985 2810 5054 fuit,
2859 4986 2954 5056 qui
2991 4985 3368 5056 paenitentiam
3401 4985 3470 5040 ad
3511 4983 3762 5040 instantis

2185 5081 2367 5135 obitus
2409 5080 2711 5152 periculum
2750 5094 2926 5149 usque
2959 5079 3331 5135 distulissent:
3369 5078 3572 5150 quibus
3603 5077 3759 5134 etiam

2185 5171 2530 5229 moribundis
2555 5171 2685 5226 olim
2721 5170 3016 5226 interclusa
3040 5170 3352 5226 communio
3378 5179 3480 5225 est.

2255 5262 2412 5330 Quod
2455 5263 2761 5335 Cyprianus
2791 5260 3033 5332 epistola,
3059 5260 3121 5315 5i
3172 5259 3243 5314 ad
3273 5260 3634 5314 Antonianum
3655 5258 3762 5314 evi-

2185 5354 2375 5409 denter
2415 5354 2718 5425 signiﬁcat;
2774 5368 2902 5408 nam
2948 5368 3072 5408 cum
3122 5353 3385 5408 adversus
3434 5350 3761 5406 Novatiauos

2186 5444 2260 5500 ita
2292 5445 2640 5516 scripsisset:
2674 5443 2846 5498 Miror
2873 5452 3050 5529 qutem
3078 5441 3338 5513 quosdam
3367 5443 3444 5497 sic
3474 5439 3759 5496 obstinati»

2184 5553 2315 5600 esse,
2350 5546 2406 5590 ut
2443 5537 2678 5590 dandam
2705 5536 2866 5605 lapsis
2918 5551 3021 5590 non
3047 5542 3229 5602 putent
3261 5535 3645 5604 paenitentiam,
3671 5538 3759 5584 aut

2185 5627 2554 5698 pwnitentibus
2589 5628 2890 5682 existiment
2914 5627 3116 5680 veniam
3144 5623 3540 5695 denegandam:
3579 5632 3758 5692 postea

2186 5721 2292 5776 ista
2322 5719 2575 5792 subjicit:
2610 5719 2680 5773 Et
2709 5719 2930 5786 idcirco,
2963 5719 3136 5788 fratea
3166 5717 3492 5781 charissime,
3513 5714 3758 5784 peniten-

2189 5815 2321 5871 tiam
2364 5831 2466 5871 non
2509 5825 2744 5888 agentes,
2794 5831 2887 5872 nec
2934 5811 3165 5870 dolorem
3207 5811 3516 5867 delictorum
3548 5821 3754 5864 suorum
