4064 6416
398 428 538 487 1021

1324 428 1415 485 DE
1454 428 1931 488 ΜΕΝΙΤΕΝΤΙΑΞ
1968 430 2245 490 VETERE
2280 433 2682 493 DISCIPLINA.

3538 439 3683 498 1022

397 554 511 602 tota
540 542 700 600 corde
738 551 815 599 et‘
848 544 1137 616 manifesta
1178 545 1580 603 lamentationis
1639 564 1752 603 suae
1786 550 1996 620 prafes-
2028 560 2073 616 Α
2099 543 2214 620 θοέ,
2242 553 2336 625 qui
2365 553 2420 608 in
2452 553 2661 610 obitum
2691 567 2866 625 usque
2907 553 3234 627 proferrent,
3271 553 3488 627 penitus
3511 555 3680 612 inter-

397 641 547 694 sione
572 647 845 705 testantes,
872 638 1224 710 prohibendos
1259 641 1473 695 omnino
1503 643 1803 697 censuimus
1830 658 1863 695 a
1902 655 1995 711 spe

396 731 895 786 communicationis
943 738 993 785 et
1013 732 1182 800 pacis,
1210 731 1259 786 si
1292 732 1349 786 in
1378 733 1694 803 inﬁrmitate
1747 743 1906 804 atque
1938 735 1997 789 in

396 823 639 895 periculo
669 823 920 893 ceperint
966 825 1280 895 deprecari;
1312 826 1452 897 quia
1494 841 1680 896 rogare
1727 814 1849 882 illos
1889 843 1996 882 non

396 914 586 969 delicti
603 915 934 986 paenitentia,
960 917 1055 970 sed
1078 917 1264 971 mortis
1282 917 1516 987 urgentis
1541 917 1832 974 admonitio
1854 935 1997 974 cam-

396 1007 591 1078 pellit;
635 1022 729 1061 nec
756 1006 947 1078 dignus
970 1016 1049 1063 est
1073 1009 1311 1077 accipere
1340 1009 1616 1075 solatium,
1664 1012 1755 1082 qui
1788 1026 1843 1066 se
1887 1027 1991 1067 non

396 1101 649 1170 cogitavit
668 1115 783 1155 esse
805 1101 1144 1154 moriturum.
1178 1097 1255 1156 De
1276 1099 1344 1157 iis
1357 1109 1412 1156 et
1432 1099 1737 1172 Exuperius
1762 1103 1995 1159 interro-

396 1200 645 1262 gaverat,
671 1203 725 1246 et
754 1191 1046 1263 respondet
1079 1191 1452 1257 Innocentius,
1498 1194 1700 1264 quibus
1742 1204 1993 1261 negatam

395 1295 521 1336 esse
552 1280 998 1337 communionem
1039 1282 1240 1337 mirum
1277 1281 1449 1338 videri
1493 1297 1606 1339 non
1644 1285 1825 1349 debet,
1866 1301 1994 1342 cum

398 1370 487 1426 vel
514 1371 962 1440 catechumenos,
1005 1372 1121 1443 qui,
1157 1372 1305 1444 quod
1337 1371 1580 1428 nondum
1608 1373 1864 1432 Ecclesiae
1892 1392 1993 1446 po-

399 1463 583 1518 testati
633 1463 837 1519 subditi
884 1473 1088 1530 essent,
1116 1464 1409 1521 humanius
1448 1467 1717 1524 tractandi
1752 1466 1992 1535 fuerant,

395 1552 590 1608 eadem
628 1552 716 1607 illa
757 1568 1031 1610 canonum
1076 1555 1340 1611 severitas
1371 1556 1803 1626 perstrinxerit:
1865 1574 1993 1614 nam

396 1645 495 1715 Qui
520 1643 853 1716 baptismum
889 1644 946 1700 in
979 1644 1189 1701 obitum
1215 1661 1390 1717 usque
1417 1657 1831 1719 prorOgassent,
1880 1664 1992 1705 non

396 1736 512 1792 illis
557 1731 777 1808 quidem
815 1736 963 1808 quod
1016 1738 1274 1809 petebant
1317 1738 1642 1810 denegatum
1703 1738 1845 1810 fuit;
1897 1741 1993 1797 sed

397 1827 569 1884 iidem
608 1829 759 1885 velut
788 1828 1029 1893 infamia:
1059 1830 1204 1886 notis
1234 1830 1402 1886 inusti
1432 1846 1464 1886 a
1496 1832 1805 1889 sacerdotio
1838 1834 1994 1902 peni-

2100 645 2285 702 clusos
2318 645 2491 702 fuisse
2512 659 2732 703 censeo.
2778 645 3023 703 Tandem
3050 662 3177 703 vero
3209 662 3279 701 ne
3307 647 3430 704 istis
3457 648 3679 719 quidem

2098 738 2289 809 negari
2324 738 2769 794 communionem
2816 740 3041 810 placuit,
3090 755 3217 796 cum
3247 728 3552 796 instaurata
3585 739 3682 797 Ec-

2098 830 2280 886 clesiae
2308 830 2582 896 libertate,
2630 830 2927 901 plurimum
2970 831 3038 886 de
3085 833 3437 902 antiquorum
3469 832 3679 887 rituum

2098 921 2386 978 severitate
2429 938 2495 978 ac
2549 921 2758 978 duritia
2806 921 3152 979 decessisset.
3197 923 3302 978 Per
3347 924 3463 980 haec
3501 924 3680 980 incre-

2098 1024 2282 1070 menta
2314 1002 2603 1085 paulatim,
2634 1022 2903 1086 quantum
2937 1015 3198 1083 arbitror,
3229 1016 3513 1088 disciplina
3551 1031 3683 1087 pro-

2097 1108 2283 1175 cessit.
2309 1104 2497 1177 Neque
2520 1115 2705 1161 tamen
2732 1107 2911 1162 ubivis
2943 1116 3240 1172 terrarum,
3260 1107 3389 1162 etin
3419 1108 3679 1165 omnibus

2097 1194 2358 1254 Ecclesiis
2406 1197 2657 1253 moribus
2699 1197 2814 1253 haec
2851 1195 3086 1254 subinde
3132 1208 3348 1269 recepta
3395 1200 3678 1267 videntur;

2095 1299 2298 1346 etcum
2333 1289 2452 1345 aliae
2482 1289 2607 1346 aliis
2639 1289 2802 1345 citius
2819 1290 3167 1359 ascivissent,
3192 1291 3393 1347 veteris
3445 1291 3681 1347 instituti

2095 1395 2159 1438 ac
2186 1382 2493 1438 severitatis
2527 1382 2773 1453 reliquiae
2804 1397 2970 1452 penes
3002 1382 3215 1453 aliquas
3257 1382 3350 1438 diu
3383 1383 3680 1438 admodum

2094 1474 2437 1531 resederunt.
2473 1474 2726 1530 Nondum
2761 1475 2908 1530 enim
2942 1475 3183 1546 generali
3217 1475 3400 1545 aliqua
3432 1475 3680 1530 sanctio-

2093 1578 2186 1631 ne,
2226 1579 2334 1634 qua
2383 1577 2575 1619 omnes
2624 1561 2884 1618 Ecclesiae
2924 1570 3261 1628 tenerentur,
3301 1564 3363 1615 ea
3412 1576 3502 1617 res
3548 1577 3682 1617 can-

2095 1649 2288 1705 Stituta
2310 1648 2524 1717 fuerat;
2556 1659 2653 1704 aut
2678 1649 2828 1703 illam
2870 1657 3019 1704 certe
3063 1647 3276 1703 tardius
3308 1647 3549 1718 regionis
3580 1648 3683 1704 ali—

2094 1741 2251 1813 cujus
2277 1741 2621 1798 consuetudo
2645 1749 2810 1812 atque
2839 1755 2975 1796 usus
2999 1739 3245 1796 admisit.
3275 1738 3449 1806 Quam
3483 1738 3539 1794 in
3564 1755 3680 1796 rem

2094 1831 2225 1890 facit
2264 1832 2520 1905 Cypriani
2550 1830 2757 1888 dictum
2801 1830 2934 1886 illud
2986 1830 3157 1902 Epist.
3209 1830 3279 1885 ad
3317 1831 3568 1886 Antam:
3608 1829 3681 1884 Et

400 1929 493 1976 tus
527 1920 892 1987 arcebantur;
938 1935 1080 1992 quos
1109 1921 1275 1976 etiam
1308 1921 1551 1979 Clinicos
1593 1923 1987 1997 nominabant;
2021 1914 2067 1974 Β
2094 1925 2307 1997 quidem
2357 1923 2498 1994 apud
2534 1934 2887 1977 antecessores
2935 1931 3141 1976 nostros
3192 1920 3414 1992 quidam
3457 1927 3522 1975 de
3571 1921 3684 1991 epi-

396 2011 549 2083 quod
582 2008 638 2066 in
659 2027 823 2068 causa
847 2009 1134 2069 Novatiani
1164 2020 1433 2069 testantur
1464 2011 1564 2069 SS.
1595 2012 1732 2081 PP.,
1761 2023 1986 2072 etconc.

396 2098 843 2159 Neocaesaricnse
883 2102 1123 2159 decrevit
1154 2116 1278 2160 can.
1304 2103 1395 2158 12.
1441 2104 1517 2159 De
1548 2102 1773 2161 Clinicis
1802 2104 1988 2176 igitur,

398 2202 463 2250 ut
491 2194 566 2251 ita
596 2194 796 2262 dicam,
837 2193 1225 2265 pmnitentibus
1259 2195 1634 2267 accipiendum
1666 2204 1750 2252 est
1792 2196 1991 2252 rescri-

396 2296 553 2358 ptum
577 2286 707 2341 illud
736 2283 1061 2344 Innocentii.
1079 2284 1174 2342 Vel
1194 2287 1396 2357 potius,
1420 2301 1546 2342 cum
1565 2295 1619 2342 et
1640 2285 1708 2342 de
1734 2286 1839 2343 illis
1864 2296 1989 2360 agat

396 2377 694 2450 praecipue,
727 2385 782 2433 et
819 2390 885 2433 eo
924 2378 1171 2433 narratio
1205 2386 1317 2433 tota
1359 2377 1628 2434 referatur
1660 2395 1675 2446 ;
1710 2378 1875 2436 altius
1907 2390 1986 2435 ta-

395 2481 526 2522 men
564 2465 844 2538 negotium
871 2476 1141 2538 rcpetens,
1187 2467 1320 2538 quid
1350 2468 1418 2524 de
1457 2469 1606 2523 omni
1635 2478 1984 2540 peccatorum

394 2573 598 2631 genere
618 2557 877 2614 Ecclesia:
915 2558 1259 2615 consuetudo
1288 2559 1545 2626 tenuerit,
1579 2560 1634 2614 in
1664 2559 1981 2635 memoriam

393 2662 651 2708 revocat:
692 2650 839 2721 quod
868 2647 937 2705 ad
972 2646 1216 2706 Clinicos
1249 2650 1386 2706 istos
1418 2651 1763 2721 suSpicamur
1795 2660 1984 2721 postea

393 2741 573 2801 fuisse
615 2742 953 2800 restrictum.
1018 2742 1264 2798 Primum
1304 2742 1452 2798 enim
1482 2742 1549 2798 de
1583 2742 1892 2799 libidinosis
1929 2749 1985 2798 et

401 2834 874 2892 iucontinentibus
896 2841 1139 2905 rogatus.
1158 2834 1226 2890 de
1243 2834 1431 2906 lapsis,
1452 2834 1555 2890 hoc
1571 2845 1655 2891 est
1678 2836 1983 2893 idololatris

396 2928 725 2985 nominatim
763 2928 981 2984 decreta
1021 2925 1249 2999 profert.
1304 2927 1510 2985 Deinde
1542 2944 1668 2984 cum
1712 2929 1981 2998 poeniten-

395 3023 533 3076 tiam
593 3021 714 3077 sine
755 3020 1148 3078 communione
1211 3031 1533 3077 conccSSam
1581 3022 1819 3087 asserit,
1874 3037 1982 3078 non

397 3122 514 3167 tam
567 3111 718 3169 istud
758 3111 829 3167 ad
876 3111 1138 3180 Clinicos,
1167 3126 1334 3183 quam
1381 3113 1448 3168 ad
1475 3129 1834 3185 quoscunque
1861 3130 1984 3184 pec-

395 3212 614 3261 catores
637 3205 849 3263 attinet.
880 3206 1047 3277 Atqui
1071 3207 1139 3261 de
1162 3205 1502 3262 moribundis
1527 3205 1793 3261 duntaxat
1814 3207 1982 3261 inter-

395 3297 630 3368 rogabat
660 3295 987 3368 Exuperius,
1015 3306 1071 3354 et
1105 3297 1263 3353 aliter
1294 3297 1546 3354 dubitare
1581 3297 1820 3353 hominis
1877 3310 1998 3353 erat

393 3403 593 3461 parum
622 3389 677 3444 in
702 3388 959 3448 Ecclesia:
990 3391 1189 3448 ritibus
1219 3389 1444 3448 eruditi.

469 3478 836 3547 Quamobrem
866 3483 1160 3540 verisimile
1186 3491 1273 3540 est
1302 3483 1683 3540 Innocentium
1706 3481 1981 3557 hypothe-

306 3586 316 3591 ·
396 3572 488 3629 sin
531 3571 600 3628 ad
635 3574 867 3643 thesim,
906 3576 1013 3631 hoc
1068 3583 1153 3632 est
1203 3577 1511 3647 generalem
1570 3576 2000 3647 disputationem

396 3663 942 3736 contraversiamque
995 3680 1322 3734 revocasse;
1367 3676 1423 3721 et
1467 3680 1690 3722 causam
1744 3666 1999 3722 attulisse

398 3767 504 3808 cur
543 3751 838 3823 aliquando
887 3755 1056 3811 tardis
1089 3755 1197 3811 illis
1234 3756 1658 3826 paenitentibus,
1705 3756 1836 3811 olim
1871 3768 1999 3813 vero

400 3845 574 3902 etiam
617 3845 956 3917 quibuslibet
987 3847 1300 3918 graviorum
1350 3847 1644 3903 criminum
1682 3846 1816 3914 reis,
1847 3861 1998 3903 com-

400 3935 683 3992 munionis
728 3951 853 4007 spes
899 3936 1128 4008 praecisa
1172 3924 1337 3993 fuerit
1368 3955 1382 3992 :
1414 3938 1698 4004 nimirum,
1732 3951 1841 4009 quo
1876 3951 1997 4008 pd:-

400 4042 603 4084 narum
654 4039 804 4084 metu
859 4027 918 4084 in
972 4028 1150 4086 oﬂicio
1195 4029 1496 4086 Christiani
1551 4030 1992 4100 continerentur,

402 4118 673 4191 principio
715 4121 1102 4177 communione
1145 4122 1452 4192 prohibitos
1495 4122 1810 4191 capitalium
1841 4159 1857 4187 ,
1916 4120 1997 4177 uti

402 4211 546 4280 dixi,
575 4211 843 4268 scelerum
890 4212 1168 4279 conscios,
1213 4230 1313 4269 nec
1350 4230 1594 4285 unquam
1637 4214 1750 4269 sive
1785 4212 1996 4270 incolu-

404 4316 550 4367 mes,
580 4301 695 4357 sive
747 4302 1104 4359 moribundos
1147 4302 1405 4360 Ecclesiae
1456 4305 1738 4359 restitutos
1760 4344 1775 4370 ,
1809 4312 1996 4375 postea

401 4407 539 4449 vero
569 4391 813 4447 nondum
845 4393 1062 4463 penitus
1100 4395 1393 4450 constituta
1429 4409 1582 4466 pace,
1614 4394 1994 4465 paenitentiam

403 4484 627 4557 quidem
664 4483 773 4541 illis
809 4499 873 4540 ac
921 4485 1365 4541 communionem
1413 4485 1702 4554 indultam,
1745 4487 1839 4556 qui
1882 4502 1998 4542 ma-

2097 2019 2270 2089 scopis
2297 2018 2421 2074 istic
2454 2018 2509 2072 in
2537 2015 2810 2087 provincia
2834 2024 3023 2071 nostra
3064 2014 3303 2069 dandam
3340 2031 3522 2091 pacem
3560 2030 3686 2069 mae-

2095 2110 2208 2165 cltis
2239 2124 2343 2164 non
2373 2117 2730 2179 putaverunt;
2770 2115 2820 2161 et
2850 2108 2906 2160 in
2940 2115 3112 2162 totum
3144 2104 3467 2177 paenitentiae
3508 2103 3685 2158 locum

2093 2210 2279 2257 contra
2310 2200 2576 2255 adulteria
2615 2198 2948 2261 clauserunt;
2985 2213 3089 2251 non
3111 2209 3286 2252 tamen
3318 2195 3383 2250 ab
3413 2195 3684 2268 episcOpa-

2093 2308 2210 2347 rum
2232 2307 2446 2346 suorum
2477 2289 2697 2361 collegio
2727 2297 3072 2344 recesserunt.

2162 2381 2290 2456 Haec
2319 2381 2410 2437 ille
2442 2377 2806 2434 Novatianum
2858 2378 3262 2449 perstringens;
3313 2375 3463 2448 quod
3494 2373 3562 2431 ad
3594 2374 3682 2430 in-

2094 2472 2471 2545 tempestivam
2505 2472 2559 2526 in
2595 2470 2781 2541 lapsos
2820 2469 3224 2529 crudelitatem,
3270 2467 3418 2538 quod
3453 2466 3684 2522 minime

2093 2565 2469 2622 necessarium
2530 2568 2684 2629 erat,
2751 2560 3043 2617 dissidium
3110 2559 3491 2630 adjunxisset,
3550 2572 3679 2613 cum

2092 2656 2297 2728 alioqui
2335 2655 2402 2711 de
2439 2655 2608 2725 lapsis
2655 2652 2801 2725 quod
2835 2652 2998 2708 vellet
3034 2650 3289 2722 privatim
3328 2649 3535 2705 sentire
3576 2662 3677 2719 po-

2092 2749 2276 2815 tuerit,
2313 2762 2415 2803 nec
2449 2747 2519 2802 ab
2565 2744 2822 2801 Ecclesia:
2865 2743 3127 2799 societate
3165 2740 3369 2797 divelli.
3416 2738 3575 2806 Quod
3615 2738 3686 2794 de

2091 2839 2431 2897 Tertulliano
2464 2836 2686 2907 perinde
2718 2833 3098 2905 usurpandum
3129 2840 3269 2897 erat,
3315 2830 3364 2887 si
3409 2838 3519 2884 tam
3553 2828 3677 2895 iste,

2090 2948 2256 3007 quam
2287 2929 2626 2986 Novatianus
2665 2928 2930 2983 hactenus
2968 2924 3350 2996 procederent,
3400 2929 3463 2977 ut
3492 2920 3681 2991 lapsos

2090 3023 2436 3081 reconciliari
2466 3035 2575 3076 non
2608 3030 2863 3090 oportere
2890 3018 3157 3083 dicereut,
3199 3030 3313 3069 non
3359 3022 3543 3069 autem
3586 3026 3685 3067 ve-

2090 3116 2196 3171 niae
2231 3114 2535 3170 tribuenda:
2573 3112 2666 3184 jus
2697 3112 2765 3167 ab
2798 3109 3043 3166 Ecclesia
3084 3122 3315 3179 prorsus
3363 3103 3681 3177 abjudicas-

2097 3210 2220 3259 sent
2253 3222 2266 3258 :
2298 3217 2465 3274 quam
2505 3202 2575 3257 ob
2619 3215 2845 3256 causam
2901 3198 3096 3253 merito
3140 3205 3401 3267 tanquam
3443 3192 3687 3250 haeretici

2099 3295 2342 3353 damnati
2366 3302 2515 3351 sunt.
2549 3291 2668 3348 Jam
2713 3307 2844 3348 vero
2881 3306 2949 3347 ex
2988 3290 3207 3345 illorum
3234 3302 3485 3354 numero,
3542 3300 3687 3358 quos

2099 3389 2334 3461 Spissius
2368 3402 2433 3445 ac
2481 3385 2691 3442 tardius
2718 3385 2772 3439 in
2801 3398 2925 3439 eam
2956 3383 3234 3438 lenitatem
3266 3379 3530 3436 infractos
3560 3393 3686 3434 esse

2097 3483 2368 3546 diximus,
2421 3478 2809 3550 Hispanienses
2859 3474 3115 3531 Ecclesiae
3166 3484 3330 3545 atque
3402 3471 3680 3527 antistites

2099 3573 2375 3630 recenseri
2418 3571 2649 3637 debent;
2687 3584 2826 3641 quos
2856 3584 2965 3623 non
3006 3567 3184 3638 magis
3227 3581 3392 3637 quam
3454 3573 3685 3620 caeteros

2102 3679 2320 3730 omnes,
2361 3664 2609 3734 adeoque
2633 3660 2938 3717 Ecclesiam
2970 3659 3127 3714 initio
3160 3667 3333 3714 totam
3372 3664 3558 3713 tuetur
3585 3672 3685 3711 ex-

2099 3767 2365 3827 cusatque
2427 3752 2694 3826 pontifex.
2755 3750 2891 3808 Volo
2942 3752 3088 3809 enim
3150 3749 3455 3807 Innocentii
3517 3750 3684 3810 verba

2100 3849 2337 3922 prudens
2387 3847 2559 3903 lector
2604 3845 3038 3910 animadvertat,
3089 3844 3528 3911 observationem,
3576 3842 3687 3897 sive

2099 3938 2529 3996 consuetudinem
2581 3940 2813 4010 priorem
2854 3938 3082 3993 tenuisse
3118 3953 3137 3992 :
3169 3933 3315 4009 quod
3361 3935 3430 3991 de
3467 3933 3688 4006 provin-

2098 4034 2255 4091 cialis
2290 4032 2487 4106 synodi
2535 4045 2747 4088 canone
2779 4046 2845 4086 ac
2886 4031 3108 4087 decreto
3153 4042 3502 4100 nequaquam
3536 4025 3688 4082 dice-

2097 4136 2214 4194 ret;
2250 4126 2344 4182 sed
2373 4125 2439 4182 de
2465 4139 2532 4181 eo
2568 4126 2758 4196 utique
2783 4124 2917 4190 ritu,
2954 4122 3049 4193 qui
3096 4121 3268 4177 totius
3299 4118 3562 4175 Ecclesiae
3591 4116 3684 4184 sit,

2098 4222 2193 4270 aut
2223 4214 2448 4286 majoris
2490 4214 2683 4270 saltem
2725 4212 2898 4284 partis
2950 4210 3353 4267 consuetudine
3405 4215 3684 4278 receptus.

2098 4306 2364 4376 Quocirca
2400 4306 2661 4377 praeclare
2690 4305 2766 4371 id,
2810 4303 2961 4374 quod
3001 4302 3254 4372 superius
3294 4300 3535 4371 positum
3576 4306 3683 4365 est.

2099 4402 2203 4456 hoc
2256 4397 2556 4455 Innocentii
2600 4396 2978 4453 testimonium
3028 4394 3324 4450 conﬁrmat
3365 4410 3398 4448 ε’
3427 4401 3684 4463 negatam

2098 4490 2354 4546 maximis
2410 4488 2706 4545 sceleribus
2754 4487 2883 4541 olim
2943 4487 3391 4542 communionem
3438 4482 3613 4540 fuisse
3663 4501 3680 4539 :

404 4587 532 4634 ture
558 4577 627 4634 ad
652 4593 771 4635 eam
801 4577 1089 4649 petendam
1116 4580 1499 4657 accessissent,
1552 4579 1765 4634 caeteris
1795 4579 1849 4633 in
1873 4595 1995 4650 per-
2025 4604 2070 4659 υ
2099 4598 2204 4655 qua
2231 4589 2419 4654 postea
2447 4580 2739 4651 permissa,
2773 4580 2878 4636 soli
2909 4580 2987 4636 illi
3020 4579 3233 4649 excepti
3274 4576 3555 4641 videntur,
3584 4573 3685 4645 qui

404 4678 634 4742 petuum
693 4670 909 4740 rejectis
940 4710 955 4736 ,
1000 4684 1078 4725 .ac
1134 4679 1412 4741 postremo
1471 4670 1680 4741 pacatis
1741 4668 1998 4727 Ecclesia:

406 4760 593 4827 rebus,
645 4758 808 4815 etiam
865 4758 1133 4816 tardiores
1189 4758 1312 4814 illos
1360 4758 1602 4814 instante
1648 4756 1763 4830 jam
1819 4769 1998 4815 morte

404 4851 853 4907 communionem
909 4851 1259 4921 impetrasse.
1322 4848 1451 4906 Tria
1514 4850 1635 4907 haec
1682 4851 1998 4908 necessario

403 4942 792 5016 distinguenda
821 4951 951 4998 sunt
985 4940 1242 5000 Ecclesia:
1273 4950 1540 5014 tempora,
1584 4951 1644 4998 ut
1673 4943 1997 5000 dissidentes

405 5056 440 5095 a
482 5053 542 5094 se
588 5034 822 5094 invicem
870 5036 1319 5107 gravissimorum
1360 5034 1586 5091 Patrum
1641 5035 1997 5092 auctoritates

405 5129 794 5188 concilientur.
830 5126 897 5183 Et
935 5128 1156 5200 quidem
1196 5127 1375 5199 prima
1408 5127 1502 5184 illa
1536 5127 1999 5197 severissimaque

405 5219 700 5291 disciplina
734 5218 839 5275 sub
870 5219 1246 5290 apostolorum
1295 5227 1565 5290 tempora,
1598 5226 1653 5274 et
1680 5218 1746 5275 ad
1775 5216 1996 5275 Tertul~

405 5313 544 5369 liani
569 5311 683 5369 fere
705 5313 965 5370 saeculum
996 5312 1254 5377 obtinuit,
1284 5326 1409 5383 quae
1437 5327 1466 5365 a
1512 5308 1827 5384 Zephyrino
1857 5328 1996 5384 pon-

338 5448 345 5455 ρ
390 5406 579 5475 _tilice,
630 5407 777 5479 quod
822 5406 893 5461 ad
943 5406 1236 5461 mtechiam
1279 5412 1508 5476 spectat,
1558 5403 1853 5475 paululum
1902 5420 1995 5462 re-

407 5501 615 5569 laxata,
644 5498 904 5572 Cypriani
936 5498 1273 5568 temporibus
1320 5497 1560 5569 majores
1608 5497 1676 5552 ad
1716 5497 1994 5553 lenitatem

410 5607 738 5663 progressus
809 5590 1019 5648 habuit.
1082 5589 1211 5645 Fuit
1269 5589 1416 5645 enim
1488 5588 1798 5653 secundum
1861 5590 1996 5646 illud

410 5684 657 5741 maxime
683 5692 920 5756 tempus,
949 5698 1061 5757 qua
1084 5683 1294 5739 nullum
1323 5682 1529 5756 peccati
1563 5697 1735 5755 genus
1757 5699 1787 5739 a
1811 5681 1992 5740 fructu

406 5776 819 5833 communionis
847 5782 1134 5846 exceptum
1163 5785 1279 5843 est;
1312 5774 1406 5831 sed
1440 5773 1515 5829 ita
1542 5783 1749 5841 tamen,
1777 5774 1825 5831 si
1859 5784 1996 5830 tein-

410 5868 606 5941 porius
645 5884 707 5927 se
735 5868 802 5925 ad
836 5868 1219 5940 paenitentiam
1268 5867 1615 5942 applicarent
1646 5887 1660 5925 :
1697 5885 1824 5926 nam
1871 5878 1991 5928 tum

2099 4675 2166 4731 ad
2196 4683 2502 4730 extremum
2540 4688 2715 4744 usque
2744 4673 2868 4728 vitae
2896 4671 3204 4744 periculum
3245 4669 3298 4725 in
3324 4668 3526 4724 delicto
3555 4682 3683 4738 per-

2099 4774 2463 4823 severassent.
2511 4763 2670 4820 Unde
2718 4765 2771 4819 in
2810 4764 3045 4820 concilio
3078 4761 3285 4817 Arelat.
3318 4775 3359 4827 ι,
3390 4774 3516 4814 can.
3556 4758 3629 4813 25
3664 4776 3679 4813 :

2098 4858 2177 4914 De
2216 4858 2320 4926 his,
2365 4858 2456 4929 qui
2495 4866 2824 4927 apastatant.
2897 4865 2947 4912 et
2997 4870 3268 4926 nunquam
3306 4869 3360 4909 se
3399 4852 3469 4907 ad
3514 4851 3684 4907 eccleo

2098 4951 2237 5005 siam
2280 4955 2680 5017 repraesentant,
2730 4961 2822 4999 nec
2869 4943 3081 5015 quidem
3121 4941 3481 5011 paenitentiam
3529 4954 3685 5010 agere

2098 5051 2365 5114 quierunt,
2389 5052 2433 5094 et
2464 5048 2647 5110 postea
2692 5037 3002 5108 inﬁrmitate
3040 5035 3269 5105 correpti
3312 5043 3495 5103 petunt
3539 5047 3686 5086 com-

2098 5132 2426 5198 munionem,
2458 5129 2661 5201 placuit
2694 5128 2770 5183 eis
2816 5143 2919 5182 non
2958 5127 3198 5180 dandam
3231 5123 3680 5184 communionem,

2100 5224 2205 5278 nisi
2258 5214 2616 5288 revaluerint,
2663 5228 2713 5276 et
2764 5219 2965 5292 egerint
3011 5217 3202 5288 dignos
3255 5215 3462 5285 fructus
3515 5210 3685 5282 paeni-

2100 5315 2301 5370 tentias.

2168 5404 2265 5462 Est
2293 5403 2440 5461 aliud
2468 5403 2693 5474 insuper
2727 5403 2780 5458 in
2812 5403 2906 5458 illo
2939 5400 3243 5458 Innocentii
3284 5399 3405 5454 loco
3451 5392 3683 5449 minimc

2097 5498 2558 5570 praetereundum,
2591 5512 2715 5553 cum
2748 5497 2826 5551 ait
2867 5505 3111 5568 negatam
3146 5492 3311 5563 fuisse
3352 5484 3683 5542 communio-

2099 5607 2237 5657 ηεηι»
2264 5606 2565 5644 “incestam
2602 5590 2992 5660 paenitentiam,
3033 5603 3095 5641 ne
3135 5592 3302 5638 totum
3347 5577 3555 5650 penitus
3598 5587 3688 5629 ne-

2096 5692 2334 5755 garetur.
2358 5680 2439 5736 Ex
2468 5698 2579 5752 quo
2612 5681 2685 5737 ita
2712 5680 2968 5750 colligere
2998 5678 3124 5733 licet
3157 5694 3171 5730 :
3200 5671 3318 5729 Nisi
3349 5666 3683 5742 pmnitentias

2097 5775 2319 5831 nomine
2353 5776 2753 5831 absolutionem
2781 5771 3135 5828 Innocentius
3175 5767 3460 5838 intelligat,
3494 5779 3618 5838 quae
3644 5779 3676 5818 a

2097 5868 2371 5929 Dominici
2401 5868 2651 5943 corporis
2681 5865 2982 5940 usurpandi
3017 5864 3140 5938 jure
3183 5861 3445 5920 distincta
3489 5860 3587 5969 sit,i
3609 5855 3675 5911 de
