4064 6432
483 391 504 443 1
515 389 621 443 023

1577 394 1924 450 APPENDIX
1959 393 2594 454 DISSERTATIONUM.
2617 421 2625 430 ·

3588 401 3718 460 10ἳὸ

480 523 592 578 quo
627 517 816 579 postea
850 510 1092 566 dicemus
1122 527 1136 565 :
1167 479 1492 582 quibusdam
1533 514 1906 583 peccatoribus
1939 527 2056 582 βω·
2085 515 2132 571 A
2161 511 2298 566 adeo
2327 522 2388 568 ut
2417 529 2484 569 ex
2510 515 2845 572 Eliberitano
2885 529 3150 571 consessu
3198 512 3529 584 asperiorem
3576 514 3716 571 illam

483 600 767 655 nitentiam
813 601 888 656 ita
932 602 1256 671 permissam
1300 618 1444 668 esse,
1481 613 1538 658 ut
1567 619 1632 658 ea
1673 620 1950 674 nunquam
1982 618 2060 657 re-

482 686 775 743 laxaretur.
811 689 903 745 Sic
929 706 1073 744 enim
1108 707 1248 759 ,sese
1303 708 1391 748 res
1449 692 1659 748 habuit.
1684 691 1812 765 _Non
1856 703 2058 748 temere

481 777 661 844 quivis
699 777 764 831 ad
801 778 1176 848 paenitentiam
1219 781 1494 837 admissus
1532 793 1634 849 est,
1688 791 1767 850 ut,
1807 783 2056 854 quamvis

481 884 760 939 nunquam
795 870 849 924 in
881 872 1113 941 gratiam
1156 888 1280 928 cum
1313 873 1555 929 Ecclesia
1586 875 1862 931 rediturus
1891 885 2055 944 esset,

489 968 672 1014 tamen
711 976 832 1015 cum
867 961 1052 1031 aliquo
1085 963 1296 1019 delectu
1323 965 1594 1034 publicam
1631 966 1698 1020 ad
1729 966 2058 1022 satisfactio-
2094 963 2118 988 ‘

482 1064 603 1102 nem
643 1051 1132 1121 pcenitentiamque
1202 1054 1554 1124 reciperetur.
1587 1052 1718 1109 Nam
1748 1065 1803 1109 et
1843 1056 1896 1108 in
1949 1072 2054 1126 pu-

479 1141 620 1196 blica
657 1144 993 1211 poenitentiae
1042 1144 1343 1210 iunctione,
1388 1146 1468 1199 vel
1511 1147 1645 1200 citra
1689 1148 2054 1204 absolutiOnis

481 1249 653 1302 spem,
699 1251 834 1290 suus
885 1236 1104 1305 quidam
1157 1246 1274 1291 erat
1324 1237 1535 1292 fructus
1568 1255 1581 1290 :
1610 1240 1753 1308 quod
1784 1240 1837 1292 in
1863 1241 2054 1309 primis

476 1325 719 1381 lidelium
754 1329 1003 1396 precibus
1037 1330 1531 1386 eommendatiores
1563 1342 1772 1387 essent.
1811 1332 1966 1400 Quod
2007 1333 2054 1387 si

474 1425 739 1486 praeterea
767 1427 1025 1488 perpetua
1063 1420 1150 1474 illa
1188 1421 1502 1488 pmnitentia
1535 1422 1814 1477 damnatis
1857 1423 2056 1493 grada-

480 1510 600 1572 tim,
633 1521 693 1564 ut
735 1513 964 1574 caeteris,
1015 1513 1080 1567 ad
1103 1522 1357 1583 quartum
1405 1515 1763 1582 ultimumque
1808 1515 2054 1570 ordinem

477 1600 664 1654 liceret
683 1601 856 1668 evehi,
891 1619 1056 1673 quam
1079 1603 1336 1660 σύστασιν
1373 1607 1662 1671 vocabant,
1690 1621 1800 1661 non
1821 1616 2058 1662 contem-

478 1688 717 1743 nendum
744 1706 921 1760 operm
939 1695 1174 1764 pretium
1201 1697 1445 1765 exstitit;
1473 1699 1519 1753 si
1543 1699 1725 1754 minus
1765 1699 1831 1753 ad
1865 1713 2053 1768 pacem

475 1790 530 1834 et
579 1779 936 1837 Eucharistiae
987 1786 1484 1856 participationem,
1529 1788 1597 1842 ad
1631 1784 1944 1843 interiorem
1969 1797 2055 1843 ta-

2157 600 2504 672 diseiplinam
2535 609 2874 676 expressisse
2903 606 3073 662 videri
3111 607 3307 676 possit.

2228 689 2309 746 Ex
2352 693 2422 749 iis
2459 695 2716 754 omnibus
2765 697 2957 768 liquet,
2999 695 3192 766 procul
3235 710 3267 750 a
3299 693 3714 757 Novatianorum

2159 794 2346 839 errore
2367 799 2434 840 ac
2455 786 2684 856 perﬁdia
2713 786 3080 843 Eliberitanos
3117 785 3306 842 Patres
3333 783 3570 840 abfuisse
3589 801 3605 847 ;
3625 799 3717 840 nec

2157 873 2304 929 aliud
2326 877 2554 932 omnino
2581 877 2685 933 nisi
2708 886 2805 932 aut
2828 877 3062 948 priscam
3087 877 3340 934 Ecclesiae
3359 879 3715 948 disciplinam,

2157 964 2253 1019 sed
2287 981 2389 1020 usu
2419 966 2532 1036 jam
2563 968 2934 1035 obliteratam,
2960 969 3144 1024 denuo
3171 985 3487 1035 revocasse;
3510 979 3603 1025 aut
3624 970 3717 1022 lun-

2155 1056 2564 1112 rentem'adhuc
2589 1058 2645 1111 in
2668 1057 2948 1128 Hispaniis
2971 1060 3127 1115 novis
3147 1060 3358 1129 legibus
3379 1061 3716 1125 astrinxisse,

2156 1158 2281 1198 cum
2315 1146 2632 1214 capitalium
2662 1150 2928 1204 scelerum
2957 1151 3056 1215 rei,
3092 1151 3505 1220 praescrtimque
3539 1151 3716 1214 trium,

2157 1234 2499 1303 idololatriae,
2554 1239 2836 1294 homicidii
2885 1252 2939 1296 et
2984 1242 3234 1296 adulterii
3269 1243 3423 1305 olim,
3473 1251 3532 1295 ut
3563 1243 3718 1295 Inuo-

2155 1325 2368 1380 centius
2401 1327 2580 1393 docet,
2612 1331 2897 1384 communi
2927 1333 3326 1387 consuetudine
3359 1335 3573 1386 veniam
3608 1333 3719 1387 nul-

2156 1410 2265 1464 lam
2292 1422 2346 1466 et
2373 1415 2776 1473 absolutionem
2823 1422 3137 1477 obtinerent
3163 1442 3176 1477 :
3203 1437 3310 1478 non
3343 1424 3490 1492 quod
3521 1424 3720 1478 absolvi

2156 1502 2224 1556 ab
2248 1503 2491 1560 Ecclesia
2517 1524 2625 1563 non
2653 1520 2900 1579 possent,
2941 1522 3000 1567 ut
3033 1512 3402 1569 Tertullianus
3428 1515 3718 1578 asserebat,

2155 1592 2250 1646 sed
2272 1595 2418 1662 quod
2445 1596 2586 1664 ejus,
2619 1614 2786 1669 quam
2811 1601 3208 1670 amplissimam
3236 1616 3265 1654 a
3291 1600 3513 1656 Christo
3543 1615 3724 1655 susce-

2155 1693 2332 1752 perat,
2362 1696 2610 1758 potestas
2642 1706 2801 1746 usum
2840 1693 3006 1748 certis
3040 1693 3240 1748 ﬁnibus
3266 1675 3723 1762 circumscripsis-

2154 1783 2260 1829 set.

476 1886 601 1926 men
650 1874 915 1930 orationis
992 1884 1429 1946 cmterarumque
1495 1893 1677 1932 rerum
1739 1880 2051 1933 societatem
2085 1847 2129 1902 Β
2227 1865 2367 1923 Πυίο
2395 1878 2504 1924 lam
2548 1881 2844 1942 COmPCWB
2888 1875 3289 1945 “Florumque
3319 1876 3583 1930 άοαΐίηῖε
3607 1877 3724 1930 mll‘

474 1963 786 2020 transferri.
819 1965 1142 2037 Quanquam
1194 1967 1285 2022 vix
1317 1977 1402 2023 est
1427 1978 1487 2022 ut
1519 1969 1737 2024 credam
1781 1969 2054 2039 perpetuis

477 2057 586 2113 illis
626 2061 1020 2129 paenitentibus
1069 2071 1406 2131 postremum
1462 2062 1616 2117 illum
1672 2063 1904 2133 gradum
1958 2078 2055 2132 pa-

482 2149 701 2204 tuisse:
735 2150 866 2221 quin
891 2152 1075 2220 potius
1102 2150 1275 2206 tribus
1320 2153 1593 2222 prioribus
1633 2152 1887 2208 dellnitos
1931 2152 2054 2207 illos

475 2258 598 2298 esse
639 2242 909 2313 suspicor.
942 2241 1017 2297 Ita
1048 2244 1189 2313 apud
1230 2243 1512 2310 Basilium,
1565 2260 1686 2299 can.
1724 2245 1790 2301 75
1821 2244 1890 2299 ad
1921 2247 2055 2299 Am-

471 2332 632 2404 pltil.,
658 2335 750 2404 qui
793 2332 1070 2388 Christum
1110 2335 1405 2405 negaverit,
1451 2335 1591 2390 inter
1627 2337 2054 2407 προσκλαίοντας

474 2426 528 2480 in
569 2419 887 2502 perpetuum
923 2426 1236 2494 relegatur:
1269 2425 1328 2478 '0
1357 2425 1450 2478 τὸν
1474 2426 1709 2500 Χριστὸν
1734 2427 2052 2498 ἀρνησάμε-

471 2534 582 2580 νος,
622 2518 716 2570 καὶ
755 2517 1007 2591 παραὸὰς
1052 2516 1115 2571 τὸ
1163 2518 1263 2590 τῆς
1312 2518 1587 2590 σωτηρίας
1635 2521 1956 2592 μυστήριον,
1995 2523 2053 2575 ὲν

473 2607 635 2660 παντὶ
661 2607 737 2678 τῷ
756 2608 930 2680 χρόνῳ
951 2609 1050 2679 τῆς
1073 2607 1217 2679 ζωῆς
1242 2610 1405 2663 αὐτοῦ
1431 2611 1783 2681 προσ-κλαίειν
1823 2611 2050 2680 ὀφείλει,

471 2697 567 2750 καὶ
599 2695 1037 2768 ἐξομολογεῖσθαι
1065 2703 1350 2770 χρεωστεῖ,
1388 2701 1446 2752 ὲν
1470 2701 1548 2760 τῷ
1577 2700 1753 2774 καιρῷ
1783 2694 1828 2770 ᾧ
1866 2701 2056 2754 ἐκϐαί-

470 2805 553 2842 νει
585 2789 677 2842 τοῦ
723 2790 862 2861 βίου,
912 2791 1021 2843 τῶν
1075 2791 1434 2862 ἁγιασμάτων
1485 2793 1826 2863 ἀξιούμενος,
1871 2793 2053 2847 πίστει

470 2879 576 2949 τῆς
629 2881 781 2950 παρὰ
837 2881 972 2934 Θεοῦ
1024 2883 1456 2954 φιλανθρωπίας.
1521 2885 1872 2953 Ancyranum
1924 2899 2053 2939 vero

468 2957 596 3029 ean.
640 2973 711 3026 25
748 2987 863 3036 eos,
916 2976 1009 3044 qui
1051 2976 1414 3030 voluntarium
1457 2976 1810 3030 homicidium
1869 2991 2056 3046 perpe-

471 3065 757 3131 traverint,
800 3072 916 3119 toto
960 3067 1084 3122 vita:
1139 3075 1382 3136 tempore
1439 3067 1752 3122 ὑποπτώσει
1810 3068 2049 3138 subjicit.

471 3155 609 3227 napi
641 3156 906 3212 ἑκουσίων
944 3159 1142 3227 φόνων,
1186 3159 1648 3214 ὑποπιπτέτωσαν
1691 3161 1809 3232 μὲν,
1850 3159 1945 3214 τοῦ
1997 3161 2052 3214 δὲ
2077 3181 2125 3244 ο

469 3248 673 3302 τελείου
696 3249 751 3303 ἐν
778 3249 863 3328 τῷ,
878 3250 1021 3303 τέλει
1060 3251 1155 3304 τοῦ
1197 3250 1313 3321 βίου
1348 3251 1844 3318 καταξιούσθωσαν.
1886 3255 2050 3326 Atqui

468 3338 726 3395 Balsamo
772 3342 838 3394 ad
878 3341 1061 3396 Basilii
1106 3357 1372 3398 canonem
1421 3359 1530 3398 non
1573 3354 1726 3414 putat
1774 3346 1898 3402 illos
1941 3347 2051 3400 τῶν

469 3430 908 3504 προσκλαιόντων
929 3433 1098 3502 gradu
1123 3443 1384 3504 perpetuo
1417 3433 1586 3491 fuisse
1609 3435 1918 3504 damnatos,
1945 3438 2044 3494 sed

469 3515 954 3594 reliqtms‘omnes
1001 3541 1066 3579 ex
1125 3526 1428 3597 Ancyranaa
1487 3529 1679 3599 synodi
1732 3531 2050 3600 praescripto

468 3616 804 3684 percurrisse
843 3616 1033 3685 :quod
1080 3615 1223 3671 haud
1272 3618 1389 3674 scio
1433 3633 1502 3674 an
1541 3635 1729 3675 verum
1766 3622 1869 3690 sit;
1913 3639 2051 3694 quo-

468 3705 614 3758 niam
671 3705 991 3775 Ancyranus
1048 3721 1226 3761 canon
1286 3707 1421 3764 satis
1469 3711 1757 3766 commode
1802 3711 1872 3767 ad
1920 3728 2048 3768 eum

467 3809 688 3851 sensum
716 3797 960 3851 revocari
987 3796 1225 3852 videtur.

537 3886 653 3942 Hoc
699 3901 848 3951 vero,
877 3887 1042 3957 [quod
1106 3903 1172 3943 ex
1220 3887 1523 3945 lnnocentii
1585 3892 1815 3963 epistola
1882 3897 2039 3952 colli-

465 3977 652 4048 gitur,
721 3978 886 4031 etiam
953 3978 1212 4050 Cypriani
1304 3983 1605 4039 auctoritas
1677 3987 2044 4058 comprobat;

464 4069 558 4136 qui
619 4068 675 4123 in
748 4067 924 4138 Epist.
977 4071 1048 4124 ad
1121 4072 1334 4137 Anton._
1387 4074 1498 4129 duo
1561 4075 1653 4130 illa
1715 4076 1795 4132 sic
1849 4078 2046 4134 distin-

464 4160 580 4227 guit
641 4177 655 4214 :
729 4159 932 4229 Miror,
992 4161 1199 4233 inquit,
1278 4163 1535 4234 quosdam
1601 4167 1682 4221 sic
1751 4169 2045 4226 obstinatos

463 4265 594 4312 esse,
627 4260 684 4304 ut
711 4251 946 4305 dandam
974 4253 1137 4323 lapsis
1184 4269 1286 4307 non
1315 4257 1517 4324 putent'
1541 4259 1925 4326 pmnitenliam,
1955 4269 2046 4314 aut

463 4343 832 4412 pauitantibus
877 4345 1177 4399 existiment
1214 4347 1414 4401 veniam
1455 4352 1832 4422 denegandam.
1880 4351 2044 4418 Aliud

465 4431 646 4502 itaque
671 4430 857 4498 fuerit,
885 4436 1262 4503 pmnitentiam
1305 4440 1626 4504 concedere,
1690 4441 1839 4495 aliud
1868 4444 2044 4512 νωιιί-

2153 1953 2237 2011 los
2280 1959 2463 2014 aerius
2510 1971 2914 2032 repugnaturos
2949 1964 3217 2034 intelligo,
3251 1979 3416 2036 quam
3456 1967 3551 2033 qui
3591 1965 3724 2018 anti-

2153 2046 2380 2114 quitatis
2415 2049 2804 2108 ecclesiasticae
2844 2053 3028 2110 minus
3055 2055 3216 2125 periti
3250 2056 3447 2110 veteris
3476 2057 3724 2111 ueclesia

2153 2137 2390 2194 formam
2428 2141 2710 2199 bodiernis
2747 2143 2948 2200 ritibus
2979 2145 3356 2218 institutisque
3385 2149 3723 2205 metiuntur:

2153 2231 2356 2302 quibus
2407 2248 2664 2304 asperum
2715 2243 2772 2292 et
2823 2236 3191 2292 inhumanum
3241 2238 3480 2306 videtur,
3521 2241 3725 2295 homini

2154 2324 2271 2392 ulli,
2292 2324 2386 2396 qui
2413 2328 2694 2384 commissi
2717 2329 2963 2388 criminis
2989 2330 3233 2386 dolorem
3261 2346 3325 2386 ac
3353 2332 3727 2402 paenitentiam.

2151 2431 2265 2487 prae
2281 2432 2340 2472 se
2362 2417 2525 2484 lerat,
2554 2434 2745 2491 pacem
2765 2429 2821 2476 et
2845 2421 3240 2479 absolutionem
3267 2423 3548 2493 denegari.
3574 2422 3728 2490 Quod

2153 2507 2333 2578 ipsum
2364 2519 2545 2567 tamen
2582 2513 2712 2569 olim
2745 2525 2896 2569 certo
2927 2513 2982 2568 in
3013 2514 3292 2570 hominum
3323 2515 3726 2586 criminumque

2153 2614 2351 2670 genere
2372 2610 2646 2656 servatum
2675 2601 2847 2658 fuisse
2871 2612 2951 2658 tot
2975 2605 3068 2658 illa
3095 2605 3362 2660 hactenus
3395 2604 3562 2660 allata
3588 2607 3729 2661 testi-

2153 2690 2338 2744 monia
2382 2691 2786 2749 demonstrant.
2836 2693 3049 2760 Quibus
3092 2709 3263 2751 unum
3312 2694 3616 2752 alterumve
3663 2694 3725 2748 ad

2153 2780 2431 2834 cumulum
2468 2782 2715 2850 accedat,
2761 2792 2821 2838 ut
2858 2784 2942 2838 vel
2981 2785 3053 2838 ab
3098 2784 3287 2838 invitis
3325 2799 3615 2843 assensum
3644 2800 3727 2842 res

2153 2868 2256 2923 ista
2292 2882 2589 2927 mereatur.
2625 2869 2705 2928 Ac
2745 2875 2982 2947 primum
3030 2874 3173 2929 idem
3219 2890 3326 2930 non
3359 2876 3598 2931 obscure
3628 2877 3727 2949 Cy—

2156 2963 2381 3030 prianus
2406 2963 2610 3020 indicat
2637 2965 2868 3034 epistola
2898 2965 2980 3019 l5.
3007 2965 3146 3020 Cum
3168 2967 3312 3021 enim
3343 2967 3477 3035 lapsi
3503 2968 3730 3039 quidam

2155 3053 2368 3132 libellos
2403 3071 2434 3110 a
2469 3057 2804 3128 martyribus
2840 3058 3247 3128 impetrassent,
3271 3059 3470 3127 quibus
3497 3059 3624 3112 lreti
3650 3073 3727 3112 re-

2157 3146 2261 3218 cipi
2293 3164 2352 3202 se
2381 3149 2435 3203 in
2471 3150 2727 3207 Ecclesiae
2761 3140 3210 3208 communionem
3251 3153 3604 3222 impatienter
3635 3169 3724 3223 pe-

2156 3251 2351 3306 terent,
2379 3243 2664 3298 consultus
2694 3259 2756 3298 ea
2787 3243 2855 3299 de
2884 3259 2944 3298 re
2975 3245 3280 3315 Cyprianus
3307 3245 3380 3300 ita
3406 3247 3724 3301 constituit:

2158 3331 2227 3386 Ut
2255 3335 2347 3402 qui
2373 3333 2580 3389 libellos
2603 3353 2635 3389 a
2660 3337 2986 3406 martyribus
3010 3347 3346 3406 acceperunt,
3383 3349 3430 3393 et
3459 3355 3724 3408 prwroga-

2153 3425 2273 3479 tivis
2305 3441 2482 3479 eorum
2511 3427 2651 3495 apud
2682 3425 2850 3480 Deum
2882 3428 3126 3496 adjuvari
3168 3437 3406 3497 possunt,
3444 3429 3490 3482 si
3522 3429 3722 3482 incom-

2151 3516 2306 3569 modo
2333 3515 2511 3588 aliquo
2539 3527 2589 3573 et
2620 3518 2952 3589 infirmitatis
2994 3519 3226 3588 periculo
3249 3522 3487 3589 occupati
3509 3521 3729 3589 fuerint,

2152 3622 2255 3661 non
2293 3619 2596 3677 exspectata
2633 3613 2916 3680 prazsentia
2961 3622 3144 3666 nostra
3183 3613 3324 3681 apud
3369 3613 3722 3683 presbyterum

2153 3717 2509 3772 quemcunque
2527 3715 2855 3772 prwsentem,
2884 3705 2982 3770 vel,
3004 3705 3051 3758 si
3073 3708 3343 3782 presbyter
3365 3719 3603 3776 repertus
3626 3725 3722 3760 non

2154 3785 2338 3862 fuerit,
2364 3803 2411 3847 et
2434 3809 2615 3863 urgere
2645 3795 2820 3849 exitus
2853 3797 3085 3865 eruperit,
3117 3798 3256 3866 apud
3281 3798 3564 3856 diaconum
3597 3814 3723 3869 quo-

2152 3899 2249 3953 que
2277 3883 2449 3952 facere
2476 3885 2897 3956 exhomologesin
2925 3887 3104 3941 delicti
3122 3888 3207 3942 sui
3231 3889 3454 3958 possint.
3480 3899 3540 3942 ut
3570 3905 3720 3942 manu

2147 3977 2222 4031 eis
2258 3978 2312 4030 in
2341 3980 2706 4048 paenitentiam
2753 3982 3026 4050 imposita,
3076 3983 3286 4037 veniant
3328 3982 3398 4036 ad
3445 3981 3720 4040 Dominum

2148 4084 2268 4122 cum
2305 4086 2454 4136 pace.
2496 4068 2612 4126 Hoc
2657 4071 2765 4128 illis
2800 4073 3073 4128 duntaxat
3119 4073 3423 4145 Cyprianus
3478 4074 3719 4139 indulsit,

2147 4161 2240 4229 qui
2269 4160 2481 4218 libellos
2512 4178 2543 4217 a
2574 4163 2907 4234 martyribus
2939 4163 3316 4235 accepissent;
3352 4174 3607 4229 caeteros,
3632 4165 3721 4233 qui

2147 4244 2279 4308 i'isce
2329 4253 2528 4310 libellis
2575 4264 2849 4321 carerent,
2910 4269 3228 4326 exspeaare
3291 4257 3480 4310 tandiu
3536 4256 3718 4326 jussit,

2144 4342 2318 4397 donec
2351 4342 2609 4400 Ecclesiae
2658 4361 2763 4416 pax
2795 4356 2943 4400 esset
2985 4343 3215 4399 reddita.
3255 4344 3621 4410 Quamobrem
3655 4360 3718 4398 ne

2144 4431 2198 4486 in
2225 4434 2481 4502 praesenti
2510 4435 2733 4504 quidem
2762 4435 2958 4492 mortis
2977 4435 3299 4490 discrimine
3322 4437 3716 4506 posterioribus

466 4529 646 4575 tentes
690 4523 756 4576 ad
803 4538 955 4593 spem
1007 4526 1471 4584 reconciliationis
1529 4529 1834 4587 admittere.
1884 4534 2040 4598 Quod
2072 4535 2119 4591 D
2147 4521 2256 4578 illis
2284 4538 2471 4592 Pacem
2502 4524 2712 4580 ll'lbllll-
2747 4523 2962 4594 Allqul
3002 4523 3138 4577 nlllll
3171 4523 3312 4577 lmel‘
3335 4523 3470 4578 lSl-OS
3497 4534 3552 4578 ει
3580 4525 3716 4594 Prlo‘

464 4609 517 4663 in
570 4610 889 4668 Novatiauis
934 4614 1292 4672 nihilominus
1329 4619 1677 4688 reprehendit
1721 4621 2044 4692 Ambrosius

463 4702 558 4756 lib.
591 4719 607 4757 t
643 4703 718 4758 De
755 4721 891 4774 paen.
926 4721 1047 4776 cap.
1093 4707 1173 4762 1.:
1213 4707 1356 4773 Quid
1387 4719 1560 4764 autem
1588 4713 1794 4779 durius,
1843 4715 2040 4785 inquit,

460 4811 618 4862 quant
653 4805 711 4848 ut
746 4797 981 4852 indicant
1015 4799 1402 4866 paenitentiam,
1427 4818 1587 4872 quam
1621 4821 1725 4858 non
1765 4807 2046 4863 relaxent?

463 4884 568 4939 Sed
608 4888 749 4942 alius
782 4887 1056 4946 Ambrosii
1095 4893 1294 4948 saeculo
1328 4893 1442 4960 jam
1481 4911 1613 4952 usus
1642 4898 2042 4966 percrebuerat,

461 4977 671 5030 nullum
718 4989 778 5033 ut
816 4990 1157 5050 peccatorum
1187 4999 1358 5054 genus
1384 4985 1616 5055 amplius
1637 4987 2040 5046 excluderetur.

459 5065 577 5124 Nisi
622 5067 762 5124 forte
804 5073 982 5128 adhuc
1023 5073 1078 5128 in
1123 5075 1386 5146 Hispania
1433 5078 1760 5148 quibusdam
1801 5081 1856 5135 in
1905 5083 2042 5139 locis

462 5159 676 5228 antiqui
711 5162 881 5218 moris
914 5165 1201 5236 vestigium
1231 5176 1491 5233 exstaret,
1536 5184 1710 5241 eoque
1741 5187 1905 5228 sensu
1936 5175 2044 5230 Pao

461 5251 655 5308 cianus
685 5253 1034 5323 accipiendus
1063 5257 1152 5323 sit,
1187 5274 1311 5314 cum
1355 5260 1462 5315 tria
1515 5262 1606 5318 illa
1640 5264 1894 5333 capitalia
1931 5256 2042 5322 cri-

463 5345 612 5400 mina
667 5346 872 5402 nullam
936 5346 1231 5417 impetrare
1275 5366 1465 5419 pacem
1526 5354 1854 5425 veniamque
1916 5373 2046 5426 pro-

466 5437 701 5494 nuntiat.
751 5439 999 5506 Quorum
1040 5442 1294 5498 conscios
1345 5461 1470 5500 cum
1521 5449 1588 5502 ad
1633 5451 2042 5518 procurandum

467 5529 825 5587 nihilominus
859 5533 1163 5588 remedium
1197 5534 1468 5602 hortatur,
1513 5537 1625 5592 ﬁeri
1651 5549 1850 5609 potest,
1889 5553 1949 5597 ut
1976 5544 2046 5598 ad

463 5624 854 5687 capessendam
917 5624 1036 5680 sine
1069 5626 1180 5678 ulla
1227 5640 1324 5695 spe
1361 5631 1828 5688 reconciliationis
1870 5637 2048 5704 pinni-

470 5710 692 5766 tentiam
737 5714 997 5784 impellat.
1063 5717 1224 5774 Certe
1269 5720 1458 5790 negari
1515 5736 1624 5776 non
1675 5733 1854 5792 potest
1909 5727 2044 5796 quin

471 5798 704 5855 obscure
735 5817 799 5858 ac
841 5805 1093 5875 perplexe
1134 5807 1200 5863 dc
1235 5807 1337 5862 hac
1369 5823 1428 5863 re
1467 5807 1737 5866 Pacianus
1779 5811 2044 5882 disputet,

2147 4631 2236 4671 res
2264 4616 2572 4678 interesset,
2594 4631 2735 4686 quos
2757 4627 2937 4670 tamen
2961 4615 3172 4670 meliori
3203 4615 3384 4684 aliqua
3412 4616 3716 4670 conditione

2146 4705 2226 4760 uti
2257 4704 2520 4776 oportuit.
2564 4705 2637 4758 At
2669 4705 2814 4759 enim
2854 4704 3290 4776 exbomologesis
3319 4704 3463 4776 apud
3499 4703 3716 4774 Cypria—

2146 4813 2278 4852 num
2311 4797 2788 4863 sacramentalem,
2824 4806 2886 4852 ut
2917 4806 3134 4864 vocant,
3178 4796 3577 4854 confessionem
3610 4810 3714 4850 non

2145 4890 2439 4962 signiﬁcat,
2470 4905 2652 4961 neque
2686 4905 2793 4960 pax
2837 4890 3216 4960 absolutioque
3252 4890 3345 4945 illa
3375 4890 3598 4962 perinde
3625 4905 3713 4944 sa-

2144 4984 2411 5038 cramenti
2460 4999 2589 5055 pars
2631 4982 2760 5046 luit,
2807 4997 2931 5037 cum
2966 4984 3133 5037 etiam
3173 4998 3206 5037 a
3248 4983 3478 5038 diacono
3523 4996 3712 5036 manus

2144 5073 2353 5144 imponi
2399 5072 2608 5142 jubeat,
2659 5072 2768 5127 nisi
2815 5073 3122 5144 presbyteri
3175 5073 3333 5143 copia
3387 5082 3707 5143 suppeteret.

2146 5166 2220 5221 De
2253 5157 2663 5236 exhomologesi
2706 5163 2886 5219 dicam
2935 5174 3122 5234 postea
3165 5165 3433 5234 pluribus.
3467 5164 3617 5232 Quod
3643 5162 3709 5218 ad

2143 5272 2334 5328 pacem
2371 5256 2987 5325 reconciliationemque
3009 5256 3265 5326 pertinet,
3309 5256 3590 5311 sciendum
3630 5266 3711 5309 est

2144 5349 2418 5420 duplicem
2449 5349 2506 5404 in
2539 5364 2602 5404 ea
2629 5357 2838 5419 partem
2868 5363 2934 5404 ac
2963 5349 3111 5404 velut
3139 5347 3375 5404 fructum
3408 5348 3710 5410 exstitisse;

2146 5459 2273 5498 nam
2311 5450 2364 5497 et
2405 5457 2437 5496 a
2481 5441 2740 5513 peccatis,
2774 5441 2882 5496 hoc
2911 5450 2995 5499 est
3020 5441 3179 5511 culpa
3212 5441 3353 5511 ipsa,
3392 5457 3552 5510 quam
3589 5441 3710 5494 diu-

2146 5546 2308 5592 turna
2331 5536 2656 5606 pmnitentia
2679 5535 2974 5600 diluerant,
3005 5534 3445 5598 absolvebantur,
3472 5542 3525 5589 et
3547 5532 3598 5586 in
3626 5532 3708 5585 ine

2148 5639 2359 5699 tegrum
2402 5631 2642 5684 restituti
2688 5629 2755 5684 ad
2795 5627 3094 5699 perfectum
3133 5644 3258 5684 cum
3296 5626 3535 5683 Ecclesia
3583 5625 3703 5678 ﬁde.

2147 5723 2400 5792 libusque
2445 5721 2834 5776 commercium
2885 5735 2951 5775 ac
2990 5720 3302 5778 divinorum
3334 5719 3706 5792 mysteriorum

2154 5815 2596 5873 communionem
2628 5814 3045 5872 adhibebantur.
3289 5805 3300 5813 ’
