4064 6456
317 427 449 484 1025

1219 419 1308 475 DE
1345 417 1818 476 POENITENTI/E
1861 420 2134 477 VETERE
2175 419 2573 480 DlSClPLlNA.

3429 419 3567 478 £026

380 546 515 600 Cum
555 537 815 614 igitﬁ'F'ab
841 535 1108 606 annsﬁte,
1142 540 1226 594 vel
1253 540 1538 596 sacerdote
1564 557 1753 611 pacem
1786 556 1884 597 ac-
1911 545 1960 602 A
1987 541 2079 598 illo
2127 543 2448 599 Tertulliani
2502 537 2722 608 saeculo,
2781 555 2892 614 quo
2941 539 3186 612 peccatis
3237 541 3564 612 quibusdam

315 638 573 706 ciperem,
625 642 919 702 utrumque
971 631 1344 687 merebantur.
1389 631 1486 686 Sin
1519 633 1665 687 nulla
1695 647 1879 690 sacer-

314 729 495 791 dctum
539 738 683 782 esset
725 734 986 796 potestas,
1038 733 1155 780 tum
1203 723 1459 779 Ecclesiae
1494 727 1880 782 tantummodo

313 817 584 875 conciliati
627 829 815 885 pacem
845 830 876 869 a
905 813 1152 869 diaconis
1178 813 1564 882 impetrabant,
1594 814 1753 885 cujus
1781 831 1879 871 cu-

312 909 516 964 mulum
551 923 582 962 a
617 907 900 962 sacerdote
948 905 1295 975 postmodum
1342 907 1667 962 obtinerent.
1696 906 1877 974 Quare

310 1000 612 1071 Cyprianus
662 999 861 1054 libellis
899 1007 1209 1069 martyrum
1264 999 1541 1068 praeditos,
1591 999 1639 1054 si
1692 1001 1876 1056 minus

311 1101 619 1160 utrumque,
665 1091 897 1144 alterum
930 1099 1076 1144 certe
1103 1089 1426 1144 beneﬁcium
1466 1092 1729 1161 consequi
1772 1105 1874 1145 vo-

311 1182 427 1246 luit,
445 1196 554 1251 quo
576 1179 936 1236 Eucharistiaa
961 1181 1154 1235 saltem
1175 1189 1457 1250 compotes
1484 1181 1600 1236 ﬁeri
1629 1191 1873 1252 possent.

309 1273 490 1342 Neque
517 1274 661 1327 enim
685 1273 1000 1332 existimare
1019 1273 1162 1336 licet,
1186 1273 1238 1326 id
1260 1273 1408 1343 quod
1439 1273 1601 1328 hodie
1625 1273 1703 1340 ﬁt,
1723 1274 1874 1342 prius

308 1367 429 1420 illos
461 1381 491 1419 a
517 1366 754 1434 peccatis
781 1365 1081 1432 absolutos,
1107 1381 1266 1434 quam
1298 1365 1638 1434 poenitentia,
1670 1366 1773 1421 hoc
1793 1375 1878 1421 est

305 1469 592 1522 corporum
647 1455 844 1522 pmnis,
901 1470 966 1508 ac
1009 1455 1276 1510 luctuosis
1322 1455 1576 1510 sordibus
1619 1455 1877 1510 Ecclesiae

305 1545 718 1602 satisfecissent.
753 1546 889 1601 Huic
933 1546 1137 1612 allines,
1172 1547 1265 1602 sed
1299 1548 1542 1603 mitiores
1571 1555 1754 1602 tamen
1790 1563 1877 1602 re-

305 1635 466 1704 liquae
492 1635 596 1689 illa:
619 1650 890 1689 canonum
953 1636 1264 1694 sanctiones
1293 1650 1356 1690 ac
1395 1635 1618 1690 Patrum
1659 1636 1875 1690 decreta

303 1739 452 1796 sunt,
483 1746 605 1800 quae
633 1731 1016 1800 peccatoribus
1044 1729 1325 1784 nonnullis
1351 1737 1666 1798 perpetuam
1698 1727 1876 1796 paeni-

303 1819 528 1873 tentiam
556 1819 630 1873 ita
662 1819 1040 1888 praescribunt,
1095 1832 1374 1886 nunquam
1425 1825 1485 1871 ut
1533 1817 1874 1871 communio-

301 1925 422 1964 nem
491 1911 1122 1980 reconciliationemque,
1170 1909 1276 1963 nisi
1311 1910 1365 1962 in
1410 1908 1516 1963 ﬁne
1544 1908 1670 1963 vitae
1699 1907 1874 1978 perci-

299 2011 512 2072 perent.
547 2001 865 2072 Cujusmodi
923 2009 1053 2058 sunt
1102 2000 1289 2055 Basilii
1337 2001 1406 2054 ad
1451 2002 1874 2069 Amphilochium

298 2110 422 2150 can.
453 2094 546 2160 75,
579 2092 903 2164 Ancyranus
928 2093 1150 2163 23,jam
1187 2109 1219 2148 a
1256 2094 1414 2148 nobis
1441 2095 1614 2149 citati.
1651 2094 1875 2149 Accedit

296 2197 348 2241 et
377 2187 584 2241 Arelat.
619 2202 636 2239 ι
668 2199 843 2240 canon
894 2183 1006 2238 ll:
1055 2184 1128 2237 De
1173 2183 1252 2236 his
1295 2185 1383 2254 qui
1433 2184 1571 2252 falso
1620 2193 1871 2237 accusant

295 2279 490 2347 fratres
513 2293 659 2340 suos,
689 2276 892 2346 placuit
923 2292 1010 2330 eos
1049 2291 1209 2344 usque
1237 2275 1306 2328 ad
1340 2277 1539 2330 exitum
1575 2276 1871 2339 communi-

295 2384 434 2422 care.
484 2365 810 2421 Toletanum
857 2378 1077 2435 quoque
1108 2379 1146 2427 ι,
1183 2378 1305 2418 can.
1341 2363 1408 2418 l9
1439 2366 1641 2430 sanxit,
1678 2373 1734 2416 ut
1760 2365 1872 2433 epi-

293 2459 458 2530 scopi,
490 2460 568 2514 vel
587 2459 803 2513 diaconi
827 2458 963 2528 ﬁlia,
995 2457 1044 2511 si
1066 2457 1250 2510 deuota
1278 2457 1461 2526 fuerit,
1488 2468 1537 2511 et
1558 2460 1868 2527 peccaverit,

293 2562 339 2606 et
375 2553 632 2606 maritum
672 2553 904 2616 duxerit,
937 2562 1068 2615 etc.,
1101 2553 1148 2604 si
1188 2552 1384 2606 vivente
1421 2551 1614 2603 marito
1645 2566 1869 2605 secesse—

291 2644 384 2709 rit,
415 2653 468 2697 et
504 2643 828 2712 paenituerit,
861 2641 1008 2695 nullo
1033 2643 1187 2694 modo
1216 2642 1319 2696 nisi
1349 2643 1458 2695 vita
1479 2641 1748 2710 deﬁciens,
1780 2657 1871 2694 ac-

290 2739 454 2808 cipiat
472 2738 909 2790 communionem.
927 2735 1031 2790 Sed
1049 2745 1102 2789 et
1127 2733 1469 2789 Valentinum
1488 2749 1610 2789 can.
1642 2736 1675 2789 ὅ
1697 2735 1763 2788 de
1779 2734 1866 2800 iis,

289 2832 379 2902 qui
412 2848 471 2886 se
501 2841 617 2900 post
672 2845 834 2883 unum
874 2839 922 2882 et
952 2840 1191 2882 sanctum
1229 2827 1499 2881 lavacrum
1523 2828 1598 2882 vel
1629 2827 1869 2896 profanis

288 2921 576 2990 sacriﬁciis
615 2919 934 2983 dwmonum,
989 2917 1066 2972 vel
1103 2919 1300 2971 incesta
1331 2918 1537 2972 ratione
1564 2917 1867 2985 potiuerint,

289 3013 508 3076 statuit,
532 3021 588 3064 ut
605 3011 686 3063 his
699 3010 864 3078 juxta
879 3010 1138 3080 synodum
1169 3008 1466 3073 Nicaenam,
1485 3009 1868 3078 satisfactionis

287 3103 507 3172 quidem
555 3089 734 3154 aditus
775 3117 874 3153 non
911 3110 1146 3169 negetur,
1176 3115 1238 3152 ne
1269 3099 1563 3168 infelicibus
1596 3099 1867 3168 lacrymis,

288 3193 366 3246 uel
391 3193 582 3250 solatii
609 3193 782 3259 janua
817 3192 1176 3258 desperatione
1209 3190 1515 3254 claudatur,
1547 3190 1722 3243 acturi
1751 3205 1868 3244 vero

287 3285 658 3351 paenitentiam
687 3301 850 3354 usque
880 3284 934 3336 in
961 3283 1100 3336 diem
1141 3283 1347 3346 mortis,
1393 3297 1494 3334 non
1528 3281 1642 3335 sine
1669 3296 1756 3348 spe
1790 3290 1870 3333 ta-

285 3391 403 3429 men
436 3375 794 3438 remissionis,
825 3384 929 3430 etc.
958 3376 1018 3428 In
1041 3389 1150 3444 quo
1179 3374 1380 3428 mirum
1407 3383 1509 3438 est,
1541 3389 1664 3428 cum
1693 3371 1869 3428 Nicae-

285 3477 392 3518 nus
426 3478 610 3518 canon
647 3463 706 3517 ll
753 3464 1071 3518 earumdem
1117 3463 1538 3519 reos'scelerum
1580 3463 1868 3519 duodecim

289 3555 448 3611 annis
479 3555 748 3610 duntaxat
789 3553 1102 3612 satisfacere
1134 3555 1342 3626 jubeat,
1383 3565 1548 3626 atque
1575 3556 1648 3610 ita
1675 3571 1870 3611 recon-

287 3647 492 3715 ciliari,
529 3645 850 3704 Valentinos
901 3647 1024 3703 illos
1075 3647 1286 3711 Patres,
1335 3648 1431 3717 qui
1480 3663 1539 3703 se
1586 3647 1864 3702 Nicaeusm

287 3739 565 3809 synodum
600 3739 753 3809 sequi
789 3740 1135 3809 proﬁtentur,
1171 3748 1320 3794 tanto
1354 3739 1639 3810 rigidiores
1691 3755 1756 3794 ac
1782 3755 1871 3795 se-

287 3829 538 3883 veriores
585 3827 777 3884 fuisse.
828 3829 910 3884 Ad
960 3830 1073 3885 haec
1109 3830 1162 3885 in
1199 3831 1426 3902 synodo,
1469 3847 1590 3900 quae
1640 3829 1767 3886 Side
1812 3833 1867 3887 in

287 3916 611 3989 Pamphylia
643 3929 834 3993 contra
861 3920 1219 3977 Massalianos
1268 3922 1452 3978 habita
1492 3923 1689 3994 legitur
1721 3925 1866 3994 apud

279 4009 548 4066 Photium
598 4028 654 4081 p.
706 4012 798 4078 18,
848 4012 1127 4068 decretura
1184 4024 1286 4078 est,
1354 4024 1414 4070 ut
1439 4017 1692 4086 quisquis
1744 4029 1867 4086 post

277 4101 613 4157 damnatum
637 4103 778 4158 hanc
801 4103 1034 4159 haeresin
1063 4120 1158 4160 seu
1191 4105 1390 4171 verbis,
1424 4123 1517 4163 seu
1552 4108 1711 4162 factis
1735 4125 1868 4164 con-

277 4191 512 4261 tagione
538 4190 684 4246 illius
708 4190 971 4246 infectum
1001 4209 1059 4248 se
1082 4209 1204 4250 esse
1232 4195 1554 4265 prodiderit,
1582 4211 1863 4268 nunquam

277 4282 335 4336 in
371 4291 662 4352 posterum
695 4282 1034 4348 admittatur,
1079 4287 1330 4354 quamvis
1369 4287 1568 4342 millies
1601 4303 1659 4343 se
1692 4293 1868 4359 poeni-

275 4377 524 4430 tentiam
555 4375 756 4444 gradus
789 4391 980 4432 omnes
1010 4379 1347 4446 expleturum
1388 4381 1669 4449 promittat
1697 4402 1709 4437 :
1746 4386 1869 4456 Μη-

275 4466 404 4520 κέτι
440 4467 628 4520 λοιπὸν
663 4466 845 4539 χώραν
877 4467 1039 4538 ἔχειν,
1076 4470 1196 4539 μηδ’
1235 4469 1300 4543 ἂν
1338 4474 1598 4542 μυριάκις
1630 4475 1868 4544 ἐπαγγέ-

1981 646 2133 704 spem
2166 649 2386 690 omnem
2421 635 2837 691 reconciliandae
2877 635 3062 703 gratia:
3094 643 3418 704 praereptura
3467 637 3566 688 do-

1982 727 2219 790 cuimus,
2251 741 2318 782 ne
2348 728 2401 780 in
2430 727 2554 781 vitae
2577 727 2797 796 quidem
2829 727 2975 782 exitu
3002 737 3394 796 repraesentata
3417 739 3565 780 com-

1982 817 2176 871 munio
2207 817 2298 883 sit,
2329 817 2494 887 idque
2528 818 2692 888 vulgo
2722 833 2788 872 ac
2813 818 3016 887 passim
3049 819 3397 873 observatum
3436 817 3560 872 fue-

1980 911 2072 965 rit.
2112 911 2252 965 Sunt
2280 912 2372 980 qui
2405 921 2533 966 ante
2579 910 2832 982 Cypriani
2883 920 3123 981 tempora
3175 927 3382 967 morem
3412 913 3560 966 hunc

1978 1000 2033 1054 in
2066 999 2307 1056 Ecclesia
2340 1002 2580 1073 viguisse
2616 1011 2881 1057 censent:
2911 1017 3018 1072 quo
3049 1002 3286 1072 quidem,
3318 1013 3376 1057 ut
3409 1003 3556 1072 inge.

1977 1105 2084 1146 nne
2117 1092 2391 1160 proﬁtear,
2434 1091 2756 1148 Tertulliani
2791 1107 2852 1147 ac
2883 1093 3238 1161 reliquorum,
3265 1093 3356 1162 qui
3384 1093 3556 1148 disci-

1977 1183 2140 1252 plinae
2188 1185 2348 1238 istius
2400 1185 2789 1248 meminerunt,
2838 1185 3197 1257 propensiora
3243 1185 3559 1242 testimonia

1979 1281 2126 1328 sunt.
2149 1272 2252 1328 Sed
2276 1283 2330 1329 et
2356 1274 2684 1344 Cyprianus,
2713 1277 2927 1346 quoties
2962 1277 3200 1334 instante
3230 1278 3382 1332 obitu
3406 1293 3556 1332 com-

1977 1365 2296 1419 munionem
2329 1365 2501 1434 lapsis
2544 1367 2811 1437 impartiri
2851 1368 3121 1437 praecipit,
3157 1368 3317 1422 tacite
3349 1369 3558 1438 signiﬁ-

1977 1466 2084 1520 cat,
2112 1472 2301 1512 recens
2327 1457 2460 1511 illud
2495 1472 2615 1512 esse
2645 1459 2949 1525 decretum,
2988 1467 3042 1513 et
3077 1459 3204 1529 χθὲς
3239 1461 3334 1512 καὶ
3368 1457 3565 1531 πρώην

1976 1548 2045 1602 ab
2071 1547 2318 1604 Ecclesia
2353 1551 2734 1614 constitutum,
2774 1566 2886 1620 quo
2915 1560 3069 1606 vetus
3107 1561 3161 1606 et
3191 1552 3464 1606 contraria
3489 1551 3560 1606 sit

1977 1641 2234 1709 abrogata
2276 1641 2506 1696 sanctio.
2547 1640 2795 1696 Primum
2825 1643 2970 1697 enim
3013 1642 3143 1712 quid
3175 1643 3440 1697 attinebat
3470 1643 3554 1696 la—

1950 1732 2088 1802 ,psis
2123 1732 2188 1787 iis
2223 1735 2315 1803 qui
2341 1733 2646 1788 libellorum
2680 1734 2936 1803 praesidio
2965 1734 3286 1797 niterentur,
3322 1735 3376 1789 in
3403 1750 3555 1789 mor-

1977 1824 2048 1877 tis
2090 1823 2468 1878 tantummodo
2513 1824 2829 1879 discrimine
2873 1824 3312 1879 communionem
3353 1839 3552 1880 conce-

1981 1914 2129 1978 dere,
2164 1928 2362 1983 negare
2392 1915 2633 1980 caeteris,
2680 1914 2726 1968 si
2771 1915 2976 1968 nemini
3028 1915 3130 1969 sub
3175 1928 3405 1970 mortem
3452 1932 3552 1971 ne—

1980 2004 2152 2074 ganda
2189 2019 2294 2072 pax
2334 2004 2511 2058 esset?
2549 2002 2752 2058 Deinde
2791 2019 2915 2058 cum
2957 2003 3238 2060 Romanus
3275 2005 3455 2061 clerus
3489 2006 3557 2062 de

1980 2094 2166 2149 eodem
2210 2095 2431 2164 negotio
2463 2095 2654 2149 scribit
2688 2095 2757 2147 ad
2790 2094 3136 2163 Cyprianum,
3168 2105 3326 2166 epist.
3357 2097 3446 2163 51,
3487 2114 3555 2153 eis

1980 2185 2096 2254 ipsa
2119 2184 2375 2255 loquendi
2397 2186 2606 2239 ratione
2628 2200 2735 2239 non
2756 2186 2986 2240 obscure
3007 2187 3147 2240 idem
3173 2188 3511 2244 demonstrat
3535 2209 3548 2244 :

1980 2274 2168 2343 Cujus,
2201 2274 2397 2343 inquit,
2449 2275 2848 2343 temperamenti
2891 2276 3302 2330 moderationem
3335 2295 3429 2333 nos
3469 2282 3554 2332 hic

1981 2377 2154 2420 tenere
2184 2374 2499 2430 quwrentes,
2548 2366 2663 2430 diu,
2711 2375 2761 2419 et
2811 2367 3022 2436 quidem
3070 2369 3224 2423 multi
3251 2380 3299 2423 et
3343 2373 3554 2440 quidem

1977 2475 2095 2513 cum
2130 2459 2446 2529 quibusdam
2474 2460 2729 2528 episwpis
2757 2461 2942 2514 vicinis
2971 2461 3141 2526 nobis,
3181 2474 3230 2517 et
3261 2466 3552 2534 appropin-

1976 2551 2282 2620 quantibus,
2313 2561 2360 2602 et
2391 2566 2520 2620 quos
2561 2563 2626 2604 ea:
2671 2550 2796 2605 aliis
2845 2553 3124 2621 preivinciis
3173 2553 3324 2624 longe
3365 2558 3551 2623 positis

1975 2641 2353 2708 persecutionis
2382 2643 2540 2695 istius
2579 2643 2741 2695 ardor
2765 2643 3010 2711 ejecerat,
3055 2654 3177 2699 ante
3217 2649 3554 2703 constitutio-

1978 2747 2094 2785 nem
2138 2735 2368 2800 episcopi
2414 2733 2549 2786 nihil
2581 2733 2936 2787 innovandum
2984 2744 3235 2804 putamus
3268 2739 3355 2809 (de
3383 2739 3550 2809 lapsis

1978 2823 2224 2878 videlicet
2272 2824 2643 2895 recipiendis),
2688 2825 2778 2878 sed
2809 2824 3076 2894 lapsorum
3125 2843 3307 2880 curam
3353 2830 3551 2881 medio—

1976 2919 2137 2971 criter
2180 2917 2573 2986 temperandam
2617 2933 2728 2970 esse
2761 2918 3062 2980 credimus;
3096 2925 3153 2970 ut
3180 2918 3390 2971 interim
3424 2918 3556 2972 dum

1976 3006 2250 3075 episcopus
2296 3005 2417 3058 dari
2460 3022 2492 3057 a
2535 3004 2644 3057 Deo
2685 3004 2830 3057 nobis
2864 3006 3172 3071 sustinetur,
3213 3007 3268 3058 in
3301 3023 3558 3076 suspenso

1976 3112 2180 3161 eorum,
2207 3097 2300 3165 qui
2331 3112 2507 3148 moras
2533 3105 2752 3164 possunt
2783 3096 3059 3151 dilationis
3090 3101 3366 3165 sustinere,
3390 3116 3554 3153 causa

1977 3196 2246 3250 teneatur;
2271 3202 2449 3239 eorum
2475 3196 2669 3251 autent,
2715 3204 2936 3256 quorum
2972 3189 3092 3242 vita:
3119 3205 3230 3243 sua:
3257 3190 3417 3258 ﬁnem
3456 3206 3552 3242 ur-

1976 3294 2100 3348 gens
2129 3279 2300 3332 exitus
2334 3277 2646 3330 dilationem
2690 3293 2793 3330 non
2832 3289 2998 3345 potest
3041 3280 3198 3348 ferre,
3232 3291 3352 3334 acta
3387 3281 3555 3350 pani-

1977 3370 2140 3423 tentia
2180 3379 2228 3423 et
2250 3369 2490 3438 professa
2524 3370 2823 3439 frequenter
2855 3365 3073 3424 subrum
3108 3372 3452 3428 detestatione
3477 3374 3558 3443 fa-

1976 3471 2205 3526 ctorum,
2234 3461 2281 3514 si
2315 3459 2588 3529 lucrymis,
2626 3461 2673 3512 si
2709 3461 3009 3529 gemitibus,
3043 3462 3089 3516 si
3118 3461 3328 3529 ﬂetibus
3367 3465 3554 3518 doleno

1979 3553 2047 3605 tis
2100 3568 2163 3604 ac
2199 3567 2311 3604 vere
2342 3551 2640 3620 paenitentis
2671 3551 2837 3603 animi
2865 3552 3019 3621 signa
3052 3552 3400 3621 prodiderint,
3436 3572 3556 3607 cum

1977 3657 2090 3712 spes
2115 3643 2319 3697 vivendi
2347 3643 2634 3696 secundum
2661 3643 2922 3696 hominem
2950 3643 3100 3697 nulla
3128 3644 3440 3708 substiterit,
3475 3645 3556 3700 ita

1977 3734 2187 3789 demum
2210 3745 2361 3788 caute
2376 3745 2424 3788 et
2449 3735 2675 3790 sollicite
2693 3725 2976 3790 subveniri.
3001 3736 3163 3791 Vides
3181 3753 3343 3806 quam
3370 3739 3553 3804 anxie,

1977 3843 2252 3898 quamque
2278 3827 2536 3891 sollicite,
2564 3843 2628 3882 ac
2648 3837 2768 3898 post
2797 3828 3016 3898 longam
3045 3814 3413 3898 exactamque
3431 3845 3558 3882 con-

1979 3919 2353 3986 sultationem,
2382 3933 2447 3973 eo
2482 3918 2702 3973 demum
2739 3918 3080 3983 inclinarint,
3112 3927 3174 3973 ut
3203 3919 3560 3989 periclitanti-

1977 4008 2105 4075 bus,
2151 4024 2216 4064 ac
2251 4009 2551 4079 desperatis
2585 4010 2798 4080 potius,
2844 4010 3289 4066 communionem
3339 4010 3558 4066 confer-

1977 4110 2118 4155 rent.
2156 4101 2231 4155 De
2269 4116 2380 4170 quo
2416 4103 2600 4172 utique
2626 4103 3036 4156 deliberandum
3069 4118 3176 4156 non
3205 4110 3342 4167 erat,
3374 4103 3420 4156 si
3443 4112 3557 4156 tum

1976 4194 2276 4264 legitimum
2303 4204 2357 4247 et
2380 4194 2641 4248 usitatum
2667 4202 2831 4257 esset,
2875 4195 3144 4248 neminem
3165 4176 3227 4246 in
3257 4195 3401 4246 exitu
3434 4193 3558 4247 vitae

1978 4299 2008 4338 a
2037 4287 2423 4340 communione
2453 4284 2749 4354 prohiberi.
2791 4284 2992 4338 Eadem
3037 4299 3103 4337 ex
3151 4281 3397 4354 Dionysii
3425 4281 3555 4336 Ale-

1977 4377 2230 4432 xandrini
2271 4377 2453 4431 verbis
2495 4377 2811 4447 conjectura
2861 4384 3039 4446 potest
3085 4375 3232 4439 elici,
3267 4373 3359 4443 qui
3410 4368 3556 4442 apud

1978 4471 2178 4526 Euseb.
2216 4471 2308 4526 lib.
2340 4486 2392 4523 vr
2427 4485 2548 4540 cap.
2583 4469 2693 4539 μβ’,
2730 4468 2815 4523 vel
2841 4468 2908 4523 56
2935 4469 2987 4521 in
3015 4467 3104 4520 illa
3135 4465 3450 4536 Serapionis
3476 4467 3558 4520 hi-

272 4557 467 4630 ληται,
506 4557 604 4628 τὴν
629 4559 780 4624 τάξιν
807 4559 1154 4629 ἀναπληροῦν
1181 4560 1290 4614 τῶν
1326 4563 1744 4632 μετανοούντων.
1780 4565 1869 4622 Sic

1979 4564 2169 4628 Storia,
2200 4563 2267 4616 de
2292 4577 2400 4630 qua
2438 4561 2693 4632 superius
2731 4561 3062 4615 mentionem
3091 4561 3324 4630 egimus,
3363 4559 3556 4613 scribit

274 4649 428 4718 apud
458 4646 758 4703 Eusebium
782 4647 876 4702 lib.
902 4664 953 4702 vr
992 4650 1135 4704 Hist.
1173 4665 1224 4705 c.
1267 4651 1354 4722 μβ¹
1382 4653 1465 4707 vel
1498 4654 1567 4708 '56
1601 4653 1867 4726 Serapion

272 4757 480 4806 senex,
525 4742 610 4796 vir
641 4743 914 4814 egregius,
951 4744 1098 4813 quod
1151 4745 1206 4798 in
1257 4748 1634 4814 persecutione
1683 4749 1870 4819 lapsus

271 4839 451 4895 esset,
506 4832 723 4886 tametsi
765 4834 1206 4890 communionem
1243 4850 1485 4906 persaepe
1518 4840 1866 4907 postulasset,

271 4937 575 4992 nunquam
616 4932 700 4977 est
727 4924 1000 4980 admissus
1025 4944 1038 4980 :
1075 4920 1242 4991 Οὗτος
1267 4927 1529 4993 πολλάκις
1554 4931 1743 4997 ἐδεῖτο,
1774 4936 1867 4988 καὶ

269 5015 464 5078 οὐδεὶς
496 5017 784 5086 προσεῖχεν
807 5017 978 5087 αὐτῷ,
1017 5019 1111 5072 καὶ
1136 5018 1246 5090 γὰρ
1277 5020 1544 5088 scaeam,
1573 5031 1634 5077 ut
1663 5025 1733 5076 ad
1755 5023 1869 5078 Fa-

271 5109 432 5164 bium
462 5109 658 5164 scribit
685 5108 975 5180 Dionysius
1001 5111 1412 5182 Alexandr.,qui
1438 5113 1725 5171 Novatiani
1767 5117 1868 5173 ad-

268 5214 462 5269 eoque
513 5198 766 5270 Cypriani
821 5208 981 5257 aetate
1030 5201 1234 5257 ﬂoruit.
1286 5202 1450 5259 Addit
1512 5207 1867 5263 nihilominus

268 5291 588 5363 Dionysius
644 5292 1032 5348 moribundum
1072 5293 1187 5363 jam
1235 5293 1586 5364 Serapionem
1640 5314 1672 5352 a
1717 5302 1868 5357 sein

267 5382 733 5439 communionem
773 5391 1072 5451 receptum.
1106 5382 1233 5440 llaec
1270 5393 1324 5438 et
1366 5385 1472 5439 alia
1512 5389 1768 5457 superius
1799 5405 1866 5446 ex

263 5471 666 5542 antiquiorum
685 5474 1008 5528 auctoritate
1029 5474 1195 5528 libata
1221 5474 1444 5544 planum
1469 5476 1616 5532 istud
1635 5477 1865 5548 faciunt,

265 5578 688 5632 nonnunquam
728 5553 1129 5620 absolutionem
1176 5566 1603 5636 postulantibus,
1650 5585 1716 5624 ex
1761 5587 1864 5627 usu

260 5653 486 5709 veteris
524 5652 776 5710 Ecclesia:
816 5656 1136 5725 denegatam
1177 5656 1379 5725 fuisse;
1411 5659 1522 5715 imo
1555 5677 1685 5717 vero
1713 5679 1780 5719 ne
1806 5663 1862 5718 in

264 5760 395 5813 ipso
432 5742 659 5813 quidem
693 5748 886 5802 mortis
926 5748 1170 5817 periculo
1203 5750 1478 5820 plerisque
1515 5767 1858 5812 concessam.

261 5834 371 5889 llic
407 5835 583 5906 jnstis
631 5838 697 5892 de
739 5840 922 5896 causis
968 5839 1286 5912 ambigitur,
1336 5847 1518 5898 utrum
1559 5846 1862 5901 austeriore

1975 4655 2239 4725 optimum
2290 4655 2444 4712 illum
2493 4669 2678 4708 senem
2732 4653 3203 4723 appropinquante
3241 4651 3354 4720 jam
3401 4651 3553 4704 obitu

1973 4763 2202 4817 puerum
2245 4747 2310 4801 ad
2358 4747 2735 4817 presbyterum
2779 4746 3038 4800 misisse:
3073 4744 3324 4813 Ἐντολῆς
3357 4744 3414 4796 δὲ
3459 4743 3554 4796 ὑπ’

1974 4838 2110 4908 ἐμοῦ
2139 4838 2448 4908 δεδομένης,
2492 4839 2617 4901 τοὺς
2649 4836 3160 4907 ἀπαλλαττομένους
3194 4835 3286 4887 τοῦ
3329 4835 3465 4904 βίου,
3503 4838 3552 4889 εἰ

1971 4929 2197 4992 δέοιντο,
2241 4929 2336 4982 καὶ
2387 4929 2619 5000 μάλιστα
2653 4930 2699 4989 εξ
2736 4929 2830 4980 καὶ
2876 4928 3140 4998 πρότερον
3175 4927 3555 4990 ἱκετεύσαντες

1971 5020 2210 5091 τύχοιεν.
2257 5020 2558 5090 ἀφίεσθαι,
2610 5021 2696 5074 ἵνα
2755 5019 3032 5081 εὐέλπιδες
3078 5019 3552 5076 ἀπαλλάττωνται.

1973 5113 2230 5166 Mandata
2269 5130 2300 5166 a
2331 5129 2431 5175 me,
2463 5113 2660 5181 inquit,
2693 5111 2854 5176 edito,
2893 5119 2949 5163 ut
2975 5111 3064 5180 qui
3095 5127 3160 5165 ea:
3186 5112 3284 5164 hac
3302 5112 3410 5164 vita
3441 5112 3556 5166 dis-

1971 5207 2210 5260 cederent
2268 5205 2624 5274 (poenitentes
2653 5203 2862 5260 scilicet
2889 5218 2953 5257 ac
2977 5204 3161 5274 lapsi),
3194 5206 3241 5258 si
3276 5204 3333 5257 id
3367 5213 3554 5274 postu-

1971 5295 2163 5362 larent,
2211 5298 2446 5364 adeoque
2481 5305 2604 5348 ante
2635 5294 2943 5363 suppliciter
2976 5305 3269 5365 rogassent,
3319 5293 3555 5346 absolve-

1970 5393 2175 5450 rentur,
2223 5401 2324 5454 qua
2375 5384 2583 5437 meliori
2633 5399 2752 5437 cum
2799 5399 2888 5452 spe
2931 5385 3237 5453 migrarent.
3271 5379 3554 5435 Postremo

1970 5489 2098 5529 cum
2147 5476 2202 5529 in
2246 5477 2534 5545 Ancyrana
2580 5475 2790 5546 synodo
2835 5489 2961 5528 can.
2992 5483 3118 5528 ante
3149 5472 3320 5526 citato
3349 5483 3553 5539 przecc-

1969 5577 2121 5638 ptum
2155 5570 2246 5631 sit,
2279 5578 2340 5622 ut
2373 5568 2662 5622 homicidae
2685 5582 2793 5622 non
2818 5566 2926 5621 nisi
2960 5566 3062 5620 sub
3095 5570 3327 5617 mortem
3355 5575 3552 5615 recon-

1969 5662 2245 5727 cilientur,
2280 5670 2603 5732 argumento
2643 5670 2745 5725 est,
2782 5660 2912 5713 olim
2945 5673 3013 5712 ne
3038 5658 3094 5711 in
3126 5662 3300 5709 morte
3331 5652 3552 5723 quidem

1969 5769 2157 5824 pacem
2193 5753 2300 5808 illis
2333 5754 2503 5808 fuisse
2537 5767 2878 5808 concessam.

2051 5845 2156 5902 Sed
2203 5845 2332 5900 huic
2378 5846 2666 5902 asscrtioni
2717 5842 2969 5900 nonnihil
3020 5840 3282 5911 refragari
3321 5837 3556 5904 videtur,
