4064 6444
509 416 649 478 1027

1607 399 1956 461 APPENDIX
1995 390 2627 456 DISSERTATIONUM.

3640 392 3764 450 1038

506 538 654 610 quod
685 536 739 590 in
767 547 962 604 magna
984 530 1205 586 Nicatna
1227 527 1438 600 synodo
1471 539 1596 582 can.
1626 524 1695 579 l5
1717 521 1992 580 sancitum
2018 519 2085 574 le-
2121 522 2166 580 Α
2195 515 2457 610 omnique-
2473 512 2711 610 luxuria,
2742 509 3039 610 damnabili
3061 505 3760 610 quidem‘apudlgpmiuum,

507 632 654 703 gitur
678 647 691 684 :
713 627 850 698 Περὶ
879 626 934 678 δὲ
960 623 1069 678 τῶν
1101 621 1459 686 ὲξοδευόντων
1487 621 1516 673 ὀ
1546 614 1774 680 παλαιὸς
1806 615 1903 668 καὶ
1932 629 2094 703 navo-

509 700 658 780 νικδς
683 715 849 786 νόμος
878 712 1288 783 φυλαχθήσεται
1335 709 1429 763 καὶ
1467 707 1586 772 νῦν,
1625 706 1767 760 ὥστε
1806 703 1862 757 εἴ
1893 721 1977 767 τις
2004 700 2095 766 ἐξ·

508 807 712 870 οδεύοι,
773 804 867 858 τοῦ
908 801 1222 858 τελευταίου
1272 799 1369 856 καὶ
1401 797 1836 868 ἀναγκαιοτάτου
1881 793 2096 864 ὲφοδιου

512 897 588 970 μὴ
624 894 1066 967 ἀποστερεῖσθαι.
1100 892 1352 962 Appellat
1393 888 1624 944 παλαιὸν
1675 887 1768 942 καὶ
1815 883 2099 940 κανονικὸν

508 987 700 1058 νόμον,
752 1000 863 1057 quo
910 983 1259 1040 moribundis
1301 981 1538 1036 dandam
1575 993 1762 1048 pacem
1804 991 1928 1032 esse
1961 989 2099 1046 prte-

511 1078 806 1142 scribitur;
848 1075 996 1146 quod
1030 1083 1217 1130 utrum
1249 1073 1316 1128 ad
1349 1087 1526 1128 aevum
1556 1068 1816 1142 Cypriani
1845 1065 2099 1137 restringi

511 1169 728 1232 debeat,
796 1165 1030 1236 amplius
1083 1163 1455 1235 cogitandum.
1507 1161 1778 1218 Caeterum
1836 1159 1904 1214 ad
1957 1157 2100 1228 eius,

514 1270 681 1324 quam
717 1255 1004 1323 hucusque
1028 1251 1526 1307 demonstravimus
1558 1248 1886 1314 severitatis,
1927 1262 1992 1303 ac
2018 1261 2108 1303 ne-

517 1354 654 1415 gata;
694 1343 1100 1401 communionis
1143 1343 1302 1398 ﬁdem
1346 1340 1618 1411 pertinet;
1660 1338 1807 1410 quod
1844 1338 2106 1408 deinceps

517 1434 745 1489 uberius
770 1432 1162 1502 disputandum
1194 1431 1354 1486 nobis
1391 1439 1497 1497 est,
1531 1429 1750 1500 publica
1787 1427 1958 1484 semel
1987 1441 2108 1497 pte-

518 1525 746 1580 nitentia
777 1521 1072 1588 defunctis,
1123 1522 1169 1578 si
1216 1523 1405 1578 eadem
1447 1523 1502 1577 in
1535 1520 1767 1576 crimina
1799 1519 2110 1574 relaberen-

520 1626 629 1681 tur,
661 1629 880 1670 omnem
907 1614 975 1668 ad
1037 1613 1411 1684 pmnitentiam
1443 1627 1509 1668 ac
1534 1626 1724 1682 pacem
1753 1609 1960 1664 aditum
1995 1623 2112 1663 ma-

515 1706 667 1778 jores
695 1715 916 1761 nostros
944 1704 1348 1771 interclusisse,
1392 1711 1490 1760 aut
1535 1716 1678 1774 aegre
1709 1700 2006 1757 admodum
2046 1713 2112 1755 ac

519 1813 647 1854 raro
693 1797 976 1854 tribuisse.

2194 607 2286 662 sed
2312 604 2457 674 apud
2489 602 2728 658 homines
2762 602 3036 672 plerosque
3065 602 3230 657 etiam
3269 599 3560 655 laudabili.
3592 599 3694 653 Aut
3723 601 3766 654 si

2196 714 2278 752 me
2309 696 2377 751 ab
2409 697 2509 750 hac
2537 695 2778 767 nequitia
2813 695 3091 759 revocatis,
3119 694 3285 748 dicite
3311 701 3494 747 utrum
3526 692 3653 745 mihi
3676 692 3767 745 ali-

2196 789 2325 860 quid
2363 789 2532 858 prosit
2575 789 2648 842 ad
2685 787 2850 842 vitam
2887 785 3162 856 futuram,
3201 787 3249 841 si
3287 800 3345 838 tn
3389 785 3498 838 ista
3536 785 3641 838 vita
3663 783 3769 838 ille-

2199 875 2582 956 cebrosissimat
2608 875 2896 945 voluptatis
2922 873 3284 930 blandimenta
3316 883 3690 942 contempsere,
3729 873 3769 926 si

2200 969 2485 1024 libidinum
2515 968 2862 1023 incitamenta
2899 967 3196 1036 freuavero,
3223 968 3270 1022 si
3310 967 3382 1022 ad
3414 967 3768 1037 castigandum

2202 1077 2394 1130 corpus
2423 1077 2594 1115 meum
2620 1059 2792 1114 multa
2825 1061 2952 1114 mihi
2980 1060 3142 1116 etiam
3168 1059 3320 1113 licita
3346 1067 3396 1113 et
3428 1074 3669 1113 concessa
3690 1074 3767 1112 ne-

2203 1170 2420 1225 gavero,
2446 1153 2493 1208 si
2525 1168 2606 1206 me
2638 1152 2938 1222 paenitendo
2966 1168 3125 1224 quam
3146 1153 3295 1222 prius
3321 1132 3675 1206 vehementius
3693 1165 3770 1204 es:-

2205 1245 2539 1308 cruciavero;
2573 1246 2620 1298 si
2652 1243 3010 1297 miserabilius
3043 1243 3365 1314 ingemuere,
3391 1242 3438 1295 si
3457 1241 3648 1309 ﬂevere
3665 1238 3771 1294 ube-

2206 1337 2346 1404 rius,
2373 1337 2420 1391 si
2449 1338 2630 1391 vizero
2658 1335 2870 1401 melius,
2909 1336 2957 1390 si
2990 1350 3244 1403 pauperes
3291 1341 3652 1388 sustentavero
3677 1331 3772 1384 lar-

2209 1432 2352 1501 gius,
2380 1431 2427 1485 si
2458 1431 2744 1496 charitate,
2780 1445 2897 1499 qua:
2924 1430 3092 1499 operit
3121 1427 3522 1482 multitudinem
3550 1433 3774 1496 peccato-

2209 1539 2350 1587 rum,
2395 1523 2688 1593 ﬂagravero
2731 1522 3006 1576 ardentius
3029 1538 3048 1575 :
3071 1521 3188 1592 quis
3210 1527 3450 1574 nostrum
3475 1519 3554 1572 ita
3579 1517 3774 1586 desipit,

2210 1623 2269 1666 ut
2303 1613 2426 1666 huic
2459 1611 2662 1666 homini
2705 1612 2851 1666 dicat
2884 1626 2905 1665 :
2938 1609 3092 1686 Nihil
3135 1610 3230 1664 tibi
3269 1609 3378 1663 ista
3419 1607 3702 1678 proderunt
3729 1608 3774 1660 is

2211 1714 2511 1774 posterum;
2541 1703 2690 1768 vade,
2727 1703 2912 1758 saltem
2943 1702 3101 1772 hujus
3133 1702 3254 1756 vita:
3278 1700 3542 1755 suavitate
3560 1698 3777 1768 perfrue-

2214 1798 2308 1851 re?
2349 1798 2563 1852 Avertat
2609 1796 2752 1852 Deus
2784 1807 2894 1850 tam
2920 1797 3206 1850 immanem
3235 1792 3653 1863 sacrilegamque
3695 1789 3774 1842 deo

523 1910 903 1964 Paenitentiam
946 1923 1010 1962 ac
1051 1921 1231 1978 pacem
1283 1903 1462 1978 semel,
1503 1919 1583 1978 _an
1633 1901 1827 1972 sa'pius
1872 1899 2112 1954 Ecclesia

2229 1886 2503 1939 nentiam!
2548 1884 2800 1951 Quamvis
2843 1901 2965 1956 ergo
2995 1893 3146 1939 caute
3195 1883 3580 1952 salubriterque
3616 1879 3778 1950 provi-

1072 1986 1216 2031 vetus
1254 1974 1558 2028 indulserit.

595 2069 714 2126 Non
769 2070 835 2125 ad
881 2068 1263 2139 antiquissima
1309 2066 1485 2122 solum
1532 2080 1597 2120 ac
1641 2064 1913 2120 severiora
1980 2071 2118 2118 tem-

525 2176 663 2234 pora
701 2159 973 2215 dubitatio
1015 2159 1116 2214 ista
1152 2155 1404 2226 pertinet,
1465 2154 1558 2209 sed
1588 2155 1754 2210 etiam
1789 2151 2115 2223 posteriora,

527 2254 831 2321 eademque
860 2249 1234 2306 commodiora
1269 2247 1670 2317 complectitur.
1716 2243 1826 2300 Nec
1853 2245 1920 2300 de
1943 2243 2120 2316 paeni-

531 2343 720 2400 tentiae
743 2357 944 2414 genere
978 2340 1151 2406 omni,
1188 2340 1282 2396 sed
1309 2338 1377 2394 de
1407 2338 1498 2393 illa
1531 2338 1645 2393 sola
1681 2336 1967 2409 quaeritur,
1999 2351 2121 2407 quae

529 2435 602 2490 ob
631 2434 900 2490 atrociora
941 2432 1139 2487 delicta
1183 2431 1402 2502 publice
1440 2430 1838 2500 susciperetur,
1875 2428 1963 2486 cui
1994 2441 2122 2499 pro-

531 2525 650 2595 prie
684 2540 789 2596 pax
819 2532 875 2580 et
908 2522 1286 2579 reconciliatio
1336 2520 1674 2592 respondere
1717 2521 1936 2578 dicitur.
1989 2519 2121 2575 Eam

530 2633 664 2672 vero
716 2617 885 2672 semel
937 2616 992 2670 in
1044 2616 1196 2670 omni
1250 2615 1358 2669 vita
1409 2613 1759 2685 permissam,
1791 2613 2119 2685 jampridem

531 2708 736 2766 eruditi
772 2708 876 2763 viri
913 2708 1242 2763 docuerunt.
1286 2704 1424 2761 Nam
1463 2715 1519 2763 et
1551 2706 1697 2762 istud
1730 2705 1910 2776 ipsum
1941 2720 2006 2761 ex
2034 2718 2124 2760 ve-

533 2801 860 2858 tustissimis
883 2800 1141 2856 Patribus
1167 2799 1577 2868 Tertulliauus,
1631 2814 1699 2854 ex
1726 2798 2125 2869 posterioribus

535 2893 882 2964 Augustinus
905 2902 960 2948 et
1001 2891 1332 2947 Ambrosius
1370 2891 1733 2948 disertissime
1761 2891 1944 2948 testati
1974 2901 2120 2948 sunt.

538 2984 862 3039 Tertulliani
903 2999 971 3038 ex
1003 2984 1099 3039 lib.
1135 2984 1208 3039 De
1229 2985 1413 3054 ptenit.
1444 2983 1611 3039 verba
1643 2991 1774 3038 sunt
1797 3002 1810 3038 :
1835 2981 2127 3039 Collocavit

538 3077 594 3128 in
629 3075 888 3130 vestibulo
911 3075 1278 3144 paenitentiam
1309 3074 1615 3139 secundam,
1645 3091 1765 3145 qua:
1790 3074 2126 3145 pulsantibus

538 3167 873 3237 patefaciet;
911 3167 1001 3221 sed
1039 3167 1158 3237 jam
1206 3165 1385 3230 semel,
1419 3165 1546 3235 quia
1574 3164 1692 3234 jam
1742 3166 2006 3231 secundo;
2036 3164 2126 3218 sed

539 3226 773 3328 amplius
826 3226 1118 3329 nunquam,
1174 3257 1301 3328 quia
1339 3226 1592 3326 proxime
1619 3255 1851 3324 frustra.
1899 3226 2130 3325 Scripsit
2156 3226 2198 3283 C

541 3358 729 3404 autem
760 3351 909 3404 hunc
930 3349 1130 3403 librum
1159 3346 1534 3402 Tertullianus
1562 3355 1857 3418 antequam
1883 3346 1950 3401 ad
1973 3345 2130 3401 Mon-

545 3442 658 3496 tani
697 3441 896 3514 dogma
927 3441 1279 3506 descisceret,
1334 3455 1401 3496 ne
1431 3441 1557 3510 quis
1591 3440 1647 3495 in
1681 3453 1746 3494 eo
1783 3439 2130 3495 'cavillationi

543 3534 701 3589 locus
739 3546 862 3587 esse
909 3531 1116 3602 possit;
1155 3533 1317 3603 idque
1360 3534 1494 3590 satis
1527 3535 1644 3604 ipse
1668 3550 1766 3604 per
1799 3549 1921 3591 sese
1947 3535 2133 3591 deela-

545 3634 654 3693 rat,
693 3640 1012 3696 quanquam
1045 3635 1228 3680 utrum
1263 3624 1586 3682 Tertulliani
1615 3627 1710 3692 sit,
1754 3625 2020 3684 Erasmus
2066 3640 2134 3682 ac

549 3718 852 3772 Rhenanus
882 3716 1188 3786 ambigunt.
1237 3714 1349 3772 Nec
1392 3717 1731 3774 dilliteudum
1767 3728 1854 3775 est
1879 3718 2133 3776 dissimili

549 3823 583 3864 a
609 3807 823 3863 ceteris
855 3806 995 3878 stle
1023 3821 1148 3862 esse
1194 3808 1592 3878 conscriptum,
1634 3824 1714 3864 .ac
1761 3809 1924 3881 paulo
1970 3809 2137 3866 diﬂ'u-

552 3903 725 3967 siore,
752 3915 918 3972 quam
949 3909 1144 3955 auctor
1176 3899 1268 3955 ille
1299 3899 1490 3956 soleat.
1533 3900 1640 3956 Sed
1674 3901 1790 3958 sive
1815 3901 2139 3960 Tertulliani

555 3993 650 4058 sit,
694 3991 843 4062 quod
883 3989 1244 4045 verisimilius
1283 4005 1408 4045 cum
1444 3989 1688 4047 Pamelio
1718 4007 1842 4049 esse
1867 3995 2138 4064 suspicor,

555 4084 676 4139 sive
724 4082 986 4148 alterius;
1032 4080 1392 4137 vetustissimi
1439 4083 1600 4152 plane
1636 4084 1925 4154 scriptoris
1966 4095 2050 4142 est
2087 4095 2142 4142 et
2195 4101 2199 4106 ’

561 4173 786 4230 eruditi.
822 4172 992 4227 Multo
1036 4171 1090 4226 id
1130 4173 1375 4242 apertius
1416 4173 1585 4229 tradit
1614 4176 1953 4244 Augustinus
1977 4176 2138 4247 epist.

555 4266 706 4334 54,a
748 4278 858 4334 quo
899 4278 1023 4320 cum
1071 4260 1422 4319 Macedonius
1465 4264 1686 4335 quidam
1729 4266 1809 4320 vir
1848 4267 2144 4336 primarius

556 4358 848 4429 quaesisset
886 4365 1069 4410 utrum
1116 4355 1334 4424 pietatis
1413 4367 1630 4426 putaret
1679 4373 1825 4423 esse,
1871 4359 2144 4430 episcopis

557 4464 784 4506 reorum
813 4463 1007 4518 poenas
1030 4447 1453 4518 deprecantibus
1476 4465 1739 4516 annuere,
1776 4451 1959 4520 itaque
1987 4451 2147 4506 dubi-

2215 1991 2332 2030 sum
2367 1975 2460 2040 sit,
2494 1987 2549 2029 ut
2588 1975 2736 2030 locus
2772 1975 2920 2030 illius
2953 1973 3270 2028 humillima?
3293 1972 3616 2040 paenitentia
3637 1965 3779 2024 semel

2214 2069 2269 2122 in
2294 2067 2532 2122 Ecclesia
2565 2069 2906 2134 concedatur,
2946 2084 3008 2122 ne
3046 2067 3308 2121 medicina
3333 2065 3454 2120 vilis
3485 2073 3617 2118 esset
3638 2076 3780 2132 egro-

2218 2161 2311 2229 tis,
2334 2177 2452 2230 qute
2482 2169 2631 2214 tanto
2654 2161 2825 2231 magis
2849 2158 3080 2213 salubris
3112 2160 3221 2224 est,‘
3245 2166 3443 2228 quanto
3478 2156 3652 2209 minus
3673 2169 3782 2208 con-

2218 2253 2526 2322 temptibilis
2560 2253 2744 2323 fuerit,
2783 2253 2902 2323 quis
2938 2262 3114 2306 tamen
3142 2252 3336 2306 audeat
3365 2236 3542 2303 dicere
3571 2265 3589 2302 :
3622 2243 3782 2312 Quare

2217 2347 2341 2401 huic
2366 2347 2588 2412 homini,
2619 2345 2710 2416 qui
2735 2353 2852 2414 post
2883 2345 3114 2416 primam
3139 2341 3506 2415 paenitentiam
3539 2355 3717 2393 rursus
3738 2353 3785 2390 se

2219 2439 2424 2510 laqueis
2479 2440 2784 2510 iniquitatis
2835 2437 3140 2508 obstringit,
3199 2437 3372 2491 adhuc
3426 2437 3616 2490 iterum
3675 2447 3784 2502 par-

2220 2533 2296 2587 cis
2312 2533 2338 2587 Ρ
2359 2540 2465 2587 etc.
2493 2531 2804 2602 Augustino
2826 2529 3158 2601 suﬂ‘rsgatur
3184 2527 3514 2583 Ambrosius
3542 2526 3637 2580 lib.
3663 2539 3698 2578 ιι
3723 2523 3785 2577 De

2221 2623 2654 2696 pmnit.,cap.10
2685 2642 2698 2679 :
2727 2622 2920 2679 Merito
2962 2621 3435 2695 reprehenduntur,
3477 2620 3573 2691 qui
3613 2617 3784 2687 sapius

2224 2717 2487 2788 agendam
2531 2716 2892 2786 paenitentiam
2940 2724 3155 2786 putant,
3201 2714 3328 2785 quia
3369 2712 3712 2767 luxuriantur
3739 2709 3784 2760 in

2224 2809 2459 2865 Christo.
2481 2806 2627 2861 Nam
2654 2809 2700 2863 si
2723 2823 2836 2863 vere
2861 2817 3072 2878 agerent
3094 2806 3474 2878 paenitentiam,
3508 2802 3784 2857 iterandam

2226 2917 2330 2958 non
2371 2911 2643 2970 putarent,
2687 2902 2814 2971 quia
2859 2901 2995 2955 sicut
3038 2916 3202 2954 unum
3249 2897 3536 2967 baptisma,
3581 2897 3658 2950 ita
3697 2909 3787 2946 una

2226 2992 2575 3063 ptenitentia;
2603 2999 2734 3060 'qute
2763 3000 2936 3045 tamen
2975 2990 3182 3060 publice
3223 2991 3400 3059 agitur
3426 3003 3445 3042 :
3478 3003 3604 3042 nam
3630 2986 3786 3057 quoti-

2229 3086 2378 3140 diani
2400 3101 2494 3139 nos
2527 3083 2677 3138 debet
2702 3085 2948 3153 paenitere
2975 3083 3213 3152 peccati;
3237 3081 3326 3135 sed
3357 3081 3466 3135 hac
3498 3079 3787 3134 delictorum

2234 3177 2508 3240 leviorum,
2535 3174 2634 3229 illa
2665 3174 2989 3246 graviorum.
3023 3172 3251 3226 Demum
3281 3169 3550 3242 Origenes
3581 3167 3787 3223 hom.l5

2232 3267 2285 3322 in
2315 3283 2422 3322 xxv
2449 3281 2594 3337 cap.
2626 3265 2797 3322 Levit.
2832 3263 2936 3319 :In
2967 3263 3294 3333 gravioribus
3330 3263 3470 3316 enim
3504 3259 3788 3314 criminibus

2231 3357 2394 3414 semel
2423 3367 2650 3423 tantum,
2677 3357 2759 3411 vel
2786 3371 2910 3410 raro
2943 3355 3266 3425 poenitentia:
3292 3351 3604 3406 conceditur
3621 3350 3788 3411 locus;

2233 3450 2341 3504 ista
2363 3465 2484 3504 vero
2507 3449 2831 3514 communia,
2853 3463 2971 3518 qua
2998 3446 3296 3516 frequenter
3315 3443 3657 3507 incurrimus,
3682 3455 3790 3494 sem-

2234 3558 2326 3612 per
2349 3541 2723 3611 pernitentiam
2752 3539 3035 3608 recipiunt,
3065 3545 3116 3592 et
3157 3538 3269 3592 sine
3298 3535 3685 3590 intermissione
3720 3547 3789 3584 re—

2233 3635 2527 3687 dimuntur.
2549 3630 2726 3698 Quam
2749 3629 2929 3686 caeteri
2948 3643 3227 3697 nunquam
3250 3626 3432 3682 iterari
3455 3623 3788 3686 contendunt,

2235 3722 2498 3794 Origenes
2528 3722 2823 3788 interdum,
2871 3719 2966 3777 sed
3014 3733 3165 3787 raro,
3204 3718 3328 3790 plus
3355 3718 3529 3773 semel
3567 3714 3792 3772 adhiberi

2239 3813 2532 3886 signiﬁcat.
2582 3811 2769 3881 Quare
2812 3812 2904 3870 hic
2956 3811 3112 3866 locus
3177 3810 3408 3883 insignis
3455 3819 3562 3865 est.
3617 3805 3791 3860 Verum

2238 3904 2606 3970 Alexandriae,
2628 3903 2868 3974 atquein:
2901 3902 3044 3968 aliis,
3071 3901 3120 3958 si
3147 3899 3305 3965 forte,
3327 3899 3620 3970 provinciis
3641 3899 3793 3954 diver-

2241 4012 2363 4054 sum
2385 4007 2551 4067 atque
2608 3995 2662 4051 in
2713 3995 2928 4053 caeteris
2978 4008 3141 4049 usum
3175 3991 3350 4048 fuisse
3385 3991 3663 4063 probabile
3704 3995 3791 4043 est.

2241 4087 2430 4159 Neque
2462 4087 2633 4154 enim,
2659 4087 2876 4158 opinor,
2921 4084 3242 4156 posterioris
3277 4083 3452 4139 aetatis
3478 4081 3695 4153 rigidior
3719 4077 3792 4132 di-

2245 4182 2476 4252 sciplina
2493 4181 2616 4247 fuit,
2633 4189 2717 4244 ut,
2746 4194 2872 4235 cum
2893 4188 3056 4234 antea
3081 4176 3414 4248 paenitentiae
3430 4190 3494 4231 ac
3507 4170 3793 4232 reconcilia-

2246 4275 2411 4330 tionis
2444 4257 2726 4328 iterandae
2771 4278 3013 4341 potestas
3070 4269 3243 4334 ﬁeret,
3298 4281 3364 4321 ea
3417 4273 3546 4336 post
3590 4262 3795 4332 primam

2247 4366 2508 4434 deinceps
2534 4361 2718 4432 negari
2743 4360 2984 4430 coeperit.
3014 4357 3093 4414 ita
3119 4357 3337 4427 quidem
3360 4351 3791 4428 pronuntiandum

2247 4457 2484 4520 videtur,
2521 4455 2626 4510 nisi
2659 4454 2815 4509 aliter
2841 4451 3094 4522 Origenis
3121 4450 3305 4505 Graeca
3335 4464 3393 4504 se
3438 4447 3686 4509 habeant,
3719 4447 3795 4496 aut

558 4550 730 4596 tasset
754 4558 770 4596 :
797 4538 940 4592 Nam
973 4540 1021 4592 si
1050 4555 1083 4592 a
1110 4539 1339 4592 Domino
1371 4551 1587 4609 peccata
1619 4541 1749 4595 adeo
1781 4541 2144 4612 prohibentur,
2179 4564 2228 4626 υ
2253 4549 2343 4605 hic
2371 4548 2490 4619 eius
2516 4547 2674 4602 locus
2700 4544 3066 4614 ξηιει-ροιειιιιε
3088 4541 3288 4597 fuerit;
3315 4555 3437 4595 nam
3461 4539 3514 4593 in
3547 4554 3611 4593 ευ
3635 4537 3794 4590 docto-

560 4643 621 4689 ut
656 4650 718 4688 ne
746 4632 1028 4702 paenitendi
1065 4632 1274 4702 quidem
1307 4632 1458 4700 copia
1487 4643 1602 4701 post
1630 4636 1857 4703 primam
1887 4637 2144 4704 paeniten-

565 4728 696 4782 tiam
726 4724 1019 4789 tribuatur,
1043 4724 1488 4794 quemadmodum
1513 4741 1605 4778 nos
1625 4741 1905 4795 possumus
1931 4743 1996 4781 ea:
2023 4728 2149 4780 reli-

565 4820 719 4891 gione
753 4817 1083 4883 contendere,
1130 4825 1189 4870 ut
1227 4817 1376 4871 nobis
1411 4817 1770 4889 qualecunque
1792 4819 1928 4873 illud
1953 4822 2151 4874 crimen

474 4925 476 4927 '
568 4911 754 4980 fuerit,
797 4908 1147 4962 dimittatur?
1191 4907 1535 4978 Augustinus
1578 4909 1653 4962 ita
1702 4910 2040 4979 respondet:
2084 4909 2151 4964 In

570 5010 779 5056 tantum
809 5010 986 5054 autem
1027 4999 1301 5054 hominum
1333 4998 1622 5069 aliquando
1649 5001 1900 5070 iniquitas
1937 5018 2154 5073 progre-

570 5095 743 5159 ditur,
775 5102 833 5146 ut
859 5094 1017 5147 etiam
1040 5101 1155 5161 post
1185 5101 1360 5146 actam
1393 5093 1778 5159 paenitentiam,
1811 5103 1928 5162 post
1961 5093 2152 5149 altaris

571 5186 1078 5256 reconciliationem,
1123 5185 1199 5240 vel
1236 5184 1462 5250 similia,
1504 5184 1584 5239 vel
1626 5185 1872 5256 graviora
1909 5188 2154 5240 commit-

574 5289 712 5346 tant,
733 5287 838 5334 etc.
860 5278 928 5332 Et
957 5280 1192 5348 quamvis
1221 5279 1294 5333 eis
1326 5280 1382 5332 in
1413 5277 1654 5332 Ecclesia
1676 5277 1822 5332 locus
1845 5277 2157 5333 humillima:

572 5373 895 5445 paenitentia:
939 5387 1041 5425 non
1089 5370 1432 5435 concedatur,
1478 5369 1618 5424 Deus
1655 5379 1828 5424 tamen
1875 5386 2032 5439 super
2072 5385 2158 5424 eos

574 5481 685 5519 sua:
714 5462 982 5534 patientia:
1019 5477 1121 5514 non
1157 5460 1504 5515 obliviscitur.
1549 5460 1632 5514 Ea:
1670 5477 1896 5531 quorum
1943 5477 2160 5514 numero

576 5572 618 5608 si
648 5556 765 5626 quis
809 5555 956 5609 nobis
988 5554 1132 5607 dicat
1160 5568 1178 5606 :
1206 5557 1312 5607 Aut
1362 5553 1484 5607 date
1528 5553 1654 5605 mihi
1693 5552 1929 5608 eumdem
1968 5553 2160 5607 iterum

577 5649 862 5716 ptenitendi
893 5648 1087 5708 locum,
1115 5657 1208 5700 aut
1247 5647 1580 5714 desperatum
1631 5661 1714 5698 me
1754 5646 2062 5713 permittite,
2105 5654 2162 5698 ut

583 5738 778 5804 ('aciam
805 5739 1064 5809 quidquid
1094 5739 1330 5800 libuerit,
1357 5746 1615 5807 quantum
1641 5739 1768 5790 meis
1796 5737 1982 5806 opibus
2008 5737 2166 5806 adju-

583 5842 672 5879 νυν
727 5837 775 5880 et
818 5831 1063 5882 humanis
1119 5830 1317 5900 legibus
1370 5844 1469 5880 non
1515 5827 1814 5896 prohibeor,
1869 5830 1922 5881 in
1975 5832 2164 5882 scortis

2249 4658 2373 4697 rum
2402 4650 2772 4698 consentanea
2801 4637 3010 4709 judicia
3044 4645 3211 4693 sunt:
3243 4635 3613 4706 paenitentiam
3641 4629 3792 4702 publi-

2250 4749 2372 4791 cam
2398 4748 2506 4788 non
2539 4733 2777 4802 amplius
2801 4745 2964 4800 quam
2993 4729 3160 4784 semel
3188 4729 3529 4796 impetratam
3561 4724 3734 4779 fuisse.

2323 4821 2401 4876 Ex
2444 4834 2556 4891 quo
2594 4818 2925 4889 perdidicilis
2972 4818 3188 4873 exsistit
3235 4817 3508 4885 quaestio:
3545 4813 3666 4886 quid
3709 4808 3795 4864 illis

2254 4913 2472 4970 tandem
2502 4911 2819 4970 hominibus
2847 4911 3050 4965 factum
3086 4910 3176 4973 sit,
3203 4911 3294 4980 qui
3316 4916 3437 4980 post
3456 4909 3679 4978 priorem
3701 4915 3796 4972 poe—

2256 5003 2543 5057 nitentiam
2572 5001 2628 5054 iu
2660 4999 2852 5055 eadem
2875 4999 3080 5055 scelera
3113 5013 3306 5054 rursus
3337 4999 3695 5058 incurrerent;
3725 5002 3798 5041 ve-

2258 5110 2453 5152 rumne
2483 5095 2553 5150 sit
2584 5094 2654 5149 ab
2679 5091 2923 5147 Ecclesia
2959 5093 3188 5160 reiectas
3217 5090 3338 5144 illos
3364 5089 3599 5158 penitus,
3631 5097 3719 5138 nec
3743 5077 3796 5134 ad

2195 5239 2199 5243 .
2258 5188 2524 5258 privatam
2561 5186 2756 5242 saltem
2791 5183 3029 5268 aliquam
3068 5191 3338 5251 receptum
3373 5180 3642 5243 habuisse,
3668 5171 3796 5240 cuius

2261 5280 2522 5337 beneﬁcio
2554 5281 2609 5334 in
2645 5279 2913 5347 integrum
2945 5275 3175 5330 restituti
3194 5275 3258 5329 ad
3294 5274 3597 5328 divinorum
3627 5276 3796 5338 mySIe-

2264 5372 2472 5425 rio-rum
2527 5367 2973 5423 communionem
3034 5364 3294 5419 redirent.
3349 5360 3454 5427 Qui
3509 5348 3797 5424 antiquioris

2265 5461 2520 5517 Ecclesiae
2561 5458 2790 5514 formam
2839 5472 2904 5512 ac
2947 5453 3399 5512 consuetudinem
3448 5465 3512 5504 ex
3559 5441 3798 5502 hodiernis

2265 5551 2534 5608 institutis
2566 5559 2621 5606 et.
2649 5549 2898 5605 moribus
2941 5547 3211 5604 aestimare
3251 5545 3505 5606 voluerit,
3545 5539 3690 5596 facile
3717 5534 3798 5588 mi—

2269 5645 2467 5712 tiorem.
2488 5641 2540 5694 in
2572 5648 2779 5710 partem
2804 5637 3119 5704 inclinabit;
3164 5652 3262 5692 nec
3291 5636 3358 5691 ab
3385 5633 3528 5690 omni
3559 5626 3796 5685 Ecclesia).

2269 5741 2845 5801 sacramentorumque
2893 5728 3172 5785 consortio
3205 5727 3517 5799 repudiatos
3552 5723 3665 5778 illos
3700 5731 3796 5785 pcr-

2272 5827 2504 5882 suadere
2559 5825 2664 5881 sibi
2705 5825 2922 5894 poterit.
2959 5822 3132 5889 Quam
3177 5822 3234 5875 in
3268 5819 3584 5876 sententiam
3617 5810 3798 5879 copiose
