4064 6424
342 405 482 464 1029

1266 399 1356 456 DE
1393 395 1873 456 ΡΟΕΝΙΤΕΝΤΙᾹΞ
1913 395 2190 456 VETERE
2226 397 2632 459 DlSClPLlNA.

3477 411 3620 468 1050

341 519 566 590 quidam
613 531 783 587 nuper
812 515 884 571 ita
919 515 1202 570 disseruit.
1238 512 1529 580 Triplieem
1559 514 1635 568 ait
1661 511 1800 583 apud
1827 526 1925 565 an-
1952 514 1998 572 Λ
2029 513 2248 582 smpius,
2279 530 2442 584 quam
2477 530 2666 571 eorum
2704 516 2798 586 qui
2827 517 2995 574 semel
3023 517 3076 573 in
3103 519 3210 575 vita
3237 519 3616 594 deliquissent.

343 611 528 678 tiquos
569 606 741 663 fuisse
762 607 1138 678 paenitentiam
1179 626 1190 661 :
1226 607 1500 676 publicam
1531 619 1699 658 unam
1725 603 1794 658 ob
1825 618 1926 672 pu-

341 699 482 754 blica
524 706 788 768 peccata;
823 697 1049 751 alteram
1097 695 1363 766 privatam
1406 710 1470 749 ac
1513 703 1779 749 secretam
1799 706 1926 762 pro-

341 797 463 858 pter
509 789 756 853 occulta;
804 787 1020 841 tertiam
1070 786 1143 844 ob
1195 786 1383 841 eadem
1437 785 1650 840 occulta
1695 783 1924 861 erimina

340 881 558 952 publice
581 891 913 950 susceptam.
944 878 1098 933 Hanc
1132 890 1257 932 vero
1284 885 1617 947 postremam
1649 889 1757 929 non
1798 889 1922 930 eum

342 981 554 1026 tantum
609 971 866 1025 habuisse
923 969 1183 1036 fructum,
1228 977 1289 1022 ut
1329 977 1674 1037 peccatorum
1705 965 1922 1034 culpam

340 1079 408 1119 ac
447 1063 762 1133 sempiterni
813 1061 1062 1131 supplicii
1112 1077 1310 1116 noxam
1350 1059 1715 1128 abstergeret,
1742 1055 1835 1111 sed
1867 1064 1926 1109 ut

340 1153 702 1223 temporarias
734 1152 954 1221 insuper
1003 1167 1192 1221 poenas
1233 1151 1486 1212 dilueret,
1515 1164 1579 1202 ac
1607 1159 1924 1218 peccatores

339 1247 398 1301 in
434 1247 700 1315 integrum
733 1244 1166 1299 cumulatissime
1193 1244 1518 1298 restitueret.
1552 1240 1786 1295 Proinde
1813 1253 1920 1292 non

339 1339 459 1409 ejus
503 1338 713 1408 copiam
749 1337 1058 1406 promiscue
1095 1351 1214 1392 esse
1256 1335 1476 1401 factam,
1507 1349 1682 1404 neque
1704 1332 1920 1403 quoties

337 1431 576 1500 quisque
624 1437 852 1498 peteret,
912 1426 1073 1482 facile
1129 1427 1475 1500 permissam,
1531 1427 1626 1482 sed
1684 1425 1738 1479 in
1771 1423 1920 1478 omni

337 1522 452 1576 vita
511 1521 678 1577 semel
737 1521 1022 1575 duntaxat.
1073 1517 1200 1574 Haec
1238 1519 1347 1583 ille,
1411 1534 1477 1574 ex
1511 1518 1732 1586 quibus,
1774 1524 1922 1571 etex

339 1614 410 1668 iis
443 1629 564 1682 quae
586 1621 987 1682 consequenter
1025 1612 1287 1680 disputat,
1328 1612 1466 1666 velle
1493 1611 1634 1666 istud
1665 1610 1920 1664 videtur:

337 1706 651 1761 istiusmodi
677 1705 969 1761 criminum
1003 1719 1125 1758 reos
1148 1703 1522 1773 postpriorem
1545 1700 1920 1771 pmnitentiam

336 1797 411 1852 ad
441 1798 705 1867 privatam
725 1795 1062 1867 confugisse,
1093 1796 1323 1866 ejusque
1349 1794 1616 1853 beneﬁcio
1645 1791 1924 1847 nihilomi-

335 1900 448 1942 nus
477 1885 919 1941 communionem
943 1895 1226 1941 assecutos
1254 1900 1394 1940 esse.

415 1976 519 2032 Sed
579 1977 646 2033 ad
676 1990 916 2034 veterum
967 1977 1192 2033 Patrum
1251 1975 1587 2041 testimonia,
1629 1989 1695 2030 ac
1731 1975 1924 2046 priscae

336 2068 487 2124 illius
536 2068 794 2126 Ecclesiae
848 2085 1121 2137 normam,
1165 2078 1219 2125 et
1250 2083 1598 2124 communem
1632 2067 1770 2122 adeo
1802 2082 1925 2122 sen-

334 2175 465 2216 sum
505 2162 749 2216 animant
781 2161 1062 2231 adjicienti
1092 2161 1245 2224 mihi,
1275 2174 1467 2230 parum
1497 2159 1782 2213 commode
1810 2157 1925 2226 ple-

335 2265 511 2320 raque
565 2251 834 2321 explicata
891 2250 1164 2306 videntur.
1239 2247 1451 2302 Etenim
1502 2247 1550 2302 si
1611 2245 1921 2317 graviorum

336 2343 665 2398 delictorum
679 2344 886 2400 conscii
911 2345 1048 2399 citra
1077 2343 1345 2413 publicam
1371 2339 1539 2402 illam,
1573 2353 1736 2408 quam
1764 2347 1924 2392 antea

335 2435 732 2504 suscepissent,
786 2435 1167 2506 pcenitentiam
1219 2444 1519 2502 emergere,
1565 2437 1620 2484 et
1666 2429 1733 2484 ad
1767 2443 1923 2483 com-

338 2526 658 2583 munionem
704 2542 1004 2598 pacemque
1058 2525 1258 2580 reverti
1316 2522 1544 2606 alterius
1591 2537 1656 2577 ac
1701 2521 1926 2592 privatae

336 2619 606 2674 beneﬁcio
661 2620 969 2690 potuerint;
1025 2632 1206 2672 nonne
1247 2615 1440 2670 melior
1487 2614 1728 2682 illorum,
1759 2629 1923 2683 quam

337 2721 690 2775 ceterorum,
725 2710 965 2766 conditio
1004 2710 1128 2773 fuit,
1157 2710 1354 2779 quibus
1397 2708 1517 2765 sine
1562 2708 1778 2778 publica
1809 2722 1927 2778 pte-

339 2801 572 2856 uitentia
619 2801 825 2857 reditus
879 2802 933 2855 in
989 2800 1290 2856 Eeclesiam
1341 2815 1450 2854 non
1501 2799 1710 2868 patuit?
1758 2796 1924 2867 Atqui

339 2905 508 2946 nemo
558 2902 667 2946 tam
731 2907 924 2948 vecors
981 2894 1108 2958 erit,
1161 2892 1255 2963 qui
1308 2891 1603 2946 humanius
1651 2905 1774 2945 cum
1818 2889 1926 2944 illis

335 2992 524 3036 actum
575 2991 750 3053 putet,
778 2985 870 3053 qui
907 2985 960 3037 in
1013 2985 1202 3039 eadem
1236 2984 1436 3053 saepius
1467 2982 1848 3058 incurrissent,
1873 2989 1928 3035 et

339 3067 564 3136 quidem
614 3069 884 3124 horrenda
909 3067 1132 3136 flagitia,
1160 3084 1321 3137 quam
1361 3082 1486 3122 cum
1523 3068 1601 3122 eis
1635 3068 1728 3136 qui
1758 3068 1926 3122 semel

2033 603 2188 668 Quod
2217 606 2420 676 quibus
2447 607 2662 662 tandem
2693 611 3020 678 persuadere
3043 615 3338 682 poterunt?

2102 695 2242 751 Cum
2287 698 2378 752 hic
2418 699 2491 753 sit
2520 700 2840 769 quaestionis
2886 705 3385 776 controversizeque
3420 717 3621 778 status,

2031 801 2302 857 exponam
2332 789 2570 845 breviter
2592 793 3050 860 quemadmodum
3082 809 3169 850 res
3201 805 3353 852 tanta
3387 798 3618 855 dissolvi

2031 893 2156 934 meo
2199 879 2410 950 judicio
2471 880 2847 954 explicarique
2877 887 3069 956 possit.
3099 886 3379 959 Principio
3419 905 3616 961 pecea-

2033 977 2211 1023 torum
2258 971 2400 1040 apud
2455 972 2714 1042 antiquos
2742 974 2962 1029 invenio
3011 989 3209 1046 genera
3258 975 3428 1032 fuisse
3459 978 3615 1033 duo:

2031 1059 2139 1114 alia
2169 1062 2443 1130 mortalia,
2480 1064 2596 1120 sive
2623 1064 2881 1134 capitalia
2907 1065 3254 1132 dicebautur,
3286 1081 3394 1122 non
3429 1074 3489 1120 ut
3515 1083 3618 1122 nos

2031 1151 2333 1224 intelligere
2354 1156 2514 1224 vulgo
2530 1156 2792 1225 solemus,
2817 1173 3158 1228 quaecunque
3184 1156 3276 1212 Dei
3316 1173 3418 1213 nos
3441 1160 3616 1229 gratia

2030 1256 2096 1296 ac
2127 1243 2465 1312 spiritalibus
2512 1245 2797 1302 charitatis
2836 1249 3172 1303 ornamentis
3211 1249 3476 1318 spoliant,
3521 1249 3616 1304 sed

2032 1332 2196 1401 hujus
2256 1335 2470 1404 generis
2519 1347 2668 1391 certa
2727 1337 3014 1403 duntaxat,
3054 1353 3173 1408 qua:
3210 1353 3334 1393 cum
3365 1339 3616 1408 graviora

2031 1424 2242 1478 caeteris
2265 1435 2468 1491 essent,
2503 1436 2616 1481 tum
2646 1428 3032 1484 eanonibusac
3058 1430 3392 1500 synodorum
3428 1431 3618 1484 decre-

2031 1514 2100 1570 tis
2131 1517 2450 1572 nominatim
2473 1534 2752 1588 expressa.
2787 1518 2934 1586 Haec,
2965 1520 3210 1590 inquam,
3239 1520 3491 1590 capitalia
3520 1535 3619 1575 no-

2029 1607 2349 1675 minabant,
2409 1609 2612 1680 quibus
2665 1626 2841 1681 poenze
2882 1627 2913 1666 a
2955 1611 3260 1667 canonibus
3297 1611 3614 1681 singillatim

2029 1701 2340 1770 propositae.
2394 1699 2581 1771 Neque
2630 1703 2776 1756 enim
2812 1703 3180 1758 vetustissima
3232 1702 3320 1757 illa
3365 1710 3616 1771 tempora

2030 1805 2352 1862 persequor,
2386 1795 2588 1863 quibus
2605 1811 2664 1848 ea
2683 1795 2950 1850 duntaxat
2981 1797 3232 1866 capitalia
3252 1798 3612 1864 vocabantur,

2026 1895 2147 1949 quae
2175 1882 2244 1935 ab
2266 1885 2412 1936 omni
2445 1899 2540 1954 spe
2567 1885 2976 1942 communionis
3005 1897 3326 1942 arcerentur
3351 1903 3366 1941 :
3399 1888 3465 1942 de
3491 1889 3616 1957 qui-

2025 1971 2129 2026 bus
2160 1987 2224 2026 ex
2250 1971 2490 2029 Paciano
2545 1975 2777 2046 aliisque
2823 1993 2986 2047 supra
3033 1977 3296 2034 diximus.
3329 1978 3450 2033 Alia
3486 1994 3618 2033 vero

2025 2062 2228 2117 leviora
2276 2072 2329 2118 et
2377 2064 2696 2134 quotidiana
2745 2066 3101 2132 dicebantur,
3150 2067 3264 2123 sive
3313 2082 3435 2139 quae
3514 2083 3617 2123 nos

2024 2153 2258 2209 venialia
2280 2170 2683 2226 nuncupamus,
2715 2157 2831 2210 sive
2865 2157 3069 2227 alioqui
3107 2157 3383 2220 mortalia,
3420 2158 3512 2212 sed
3551 2159 3619 2212 de

2025 2250 2225 2320 quibus
2262 2251 2410 2304 nulla
2433 2251 2754 2306 nominatim
2778 2261 3023 2307 exstaret
3053 2253 3106 2306 in
3133 2239 3492 2307 conciliorum
3523 2252 3617 2305 de-

2026 2341 2190 2395 cretis
2217 2340 2440 2395 mentio.
2471 2340 2664 2407 Quale,
2693 2341 2842 2396 verbi
2879 2340 3074 2410 gratia,
3105 2355 3228 2396 esse
3251 2348 3430 2410 potest
3459 2353 3616 2408 aspe-

2028 2435 2146 2489 rius
2207 2433 2260 2487 in
2292 2448 2624 2504 quemquam
2672 2433 3022 2489 maledictum
3048 2473 3065 2501 ,
3109 2441 3205 2488 aut
3259 2431 3611 2496 convicium;

2025 2526 2349 2598 periurium,
2381 2526 2596 2594 aliaque
2629 2531 2907 2591 sexcenta,
2936 2539 3058 2594 qum
3085 2537 3399 2593 quanquam
3431 2521 3614 2576 letalia

2025 2618 2160 2679 sint,
2218 2613 2383 2667 nulla:
2449 2600 2632 2667 t'amen
2684 2611 2752 2666 iis
2807 2627 2838 2666 a
2888 2611 3194 2668 canonibus
3241 2620 3397 2666 erant
3431 2623 3610 2680 poenae

2025 2710 2360 2766 constitutze.
2413 2705 2661 2761 Declarat
2688 2705 2791 2760 hoc
2819 2703 3078 2774 Origenes
3109 2705 3231 2759 loco
3262 2715 3419 2760 antea
3449 2707 3618 2760 citato

2024 2801 2208 2858 verbis
2277 2800 2400 2856 istis
2434 2797 2538 2854 :Si
2565 2815 2673 2862 vos,
2715 2797 2915 2867 inquit,
2951 2798 3134 2867 aliqua
3181 2797 3334 2867 culpa
3370 2791 3617 2852 mortalis

2024 2897 2303 2960 invenerit,
2330 2911 2448 2966 quce
2491 2911 2596 2948 non
2640 2895 2693 2947 in
2731 2893 2950 2946 crimine
2976 2891 3215 2958 mortali,
3243 2909 3345 2945 non
3377 2893 3433 2945 in
3469 2892 3617 2946 blus-

2023 2990 2231 3058 pliemia
2279 2986 2438 3056 ﬁdei,
2497 3001 2614 3056 qua:
2653 3000 2806 3037 muro
2872 2982 3219 3038 ecclesiastici
3249 2992 3296 3036 et
3339 2983 3620 3051 apostolici

2025 3078 2290 3148 dogmatis
2339 3078 2516 3130 cincta
2556 3085 2656 3142 est,
2709 3076 2798 3129 sed
2842 3076 2920 3130 vel
2965 3077 3020 3128 in
3059 3076 3408 3139 sermonibus,
3450 3076 3528 3130 vel
3561 3078 3620 3129 in

335 3172 406 3212 ea
437 3157 844 3214 commisissent
865 3177 879 3213 :
898 3159 1044 3227 quod
1069 3173 1135 3212 ex
1154 3157 1243 3211 illa
1267 3157 1523 3226 opinione
1547 3155 1922 3224 consequitur.

2034 3184 2239 3222 morum
2303 3169 2431 3222 vitio
2474 3166 2751 3232 consistat,
2799 3168 2895 3222 hoc
2928 3176 3004 3222 est
3045 3167 3339 3221 vendidisse
3375 3167 3614 3230 domum,

339 3249 665 3320 Cuiusmodi
697 3267 824 3307 vero
854 3251 994 3307 istud
1028 3249 1312 3306 est:velnt
1335 3248 1521 3319 gratiae
1581 3262 1644 3301 ac
1680 3247 1926 3301 beneticii

342 3345 468 3399 loco
502 3345 775 3416 publicam
831 3344 980 3398 illam
1021 3341 1399 3415 paenitentiam
1425 3342 1603 3411 spisse
1631 3354 1696 3394 ac
1732 3338 1926 3394 ditlici-

341 3439 472 3494 liter
499 3438 805 3494 indultum?
854 3435 989 3491 Nam
1023 3436 1069 3492 si
1120 3436 1330 3505 privata
1362 3442 1418 3488 et
1461 3431 1676 3486 occulta
1705 3430 1928 3500 defungi

341 3539 592 3601 possent,
623 3538 677 3584 et
710 3529 762 3582 in
784 3529 974 3582 eodem
1008 3542 1072 3582 ac
1115 3526 1297 3581 caeteri
1338 3525 1460 3580 loco
1489 3536 1628 3589 esse,
1663 3523 1788 3593 quis
1821 3537 1930 3576 non

341 3628 500 3675 tanto
552 3619 926 3674 molestiarum
980 3633 1042 3673 ac
1097 3615 1357 3686 temporis
1398 3614 1720 3683 compendio
1749 3614 1932 3668 mallet

341 3709 452 3773 uti,
479 3707 941 3777 cupidissimeque
996 3722 1075 3772 se,
1099 3705 1317 3775 publica
1372 3703 1460 3756 illa
1496 3709 1826 3771 contempta,
1863 3701 1930 3757 ad

339 3797 775 3855 commodiorem
825 3797 1050 3851 alteram
1119 3796 1535 3865 brevioremque
1574 3793 1932 3849 transferret?

341 3887 486 3942 Volo
508 3889 653 3943 enim
702 3887 835 3942 illud
879 3887 1009 3940 mihi
1059 3886 1424 3956 respondeant
1455 3885 1598 3952 :Qui
1642 3885 1930 3941 atrocioris

337 3981 521 4051 culpae
552 3980 808 4036 conscius
839 3989 952 4033 tum
983 3980 1219 4050 primum
1255 3979 1320 4034 ad
1353 3979 1728 4048 paenitentiam
1770 3994 1929 4034 acce-

338 4072 518 4133 deret,
561 4080 744 4125 utrum
777 4069 984 4139 absque
1022 4069 1239 4139 publica
1271 4085 1369 4140 per
1400 4071 1664 4140 privatam
1714 4069 1927 4124 restitui

340 4163 608 4232 potuerit,
655 4177 726 4216 an
777 4162 1090 4216 necessario
1124 4160 1436 4230 usurpanda
1489 4161 1578 4216 illa
1630 4160 1813 4215 fuerit.
1868 4159 1928 4215 Si

337 4254 498 4324 prius
513 4253 769 4318 dixerint;
787 4253 856 4317 si,
872 4254 1116 4323 inquam,
1131 4253 1494 4308 necessariam
1512 4252 1618 4306 illis
1655 4252 1925 4323 publicam

342 4341 722 4412 ptenitentiam
744 4342 1076 4411 negaverint,
1097 4341 1438 4410 antiquitatis
1463 4341 1630 4396 totius
1659 4343 1925 4398 memoria

341 4441 485 4486 teste
517 4431 834 4486 refellentur
865 4451 880 4487 :
906 4431 1177 4501 siquidem
1211 4440 1391 4488 vetera
1431 4433 1614 4487 omnia
1670 4434 1924 4498 concilia,

2036 3275 2154 3329 qua:
2182 3260 2234 3312 in
2265 3275 2392 3328 agro
2413 3270 2513 3324 est,
2539 3259 2616 3313 vel
2637 3259 2690 3312 in
2717 3259 2848 3322 vico,
2895 3259 2982 3311 cui
3008 3274 3190 3310 murus
3217 3273 3320 3310 non
3344 3268 3444 3311 est.
3485 3257 3619 3311 Ha'c

2035 3364 2156 3418 ergo
2217 3348 2449 3401 venditio
2523 3347 2829 3416 hujusmodi
2897 3347 3053 3416 culpa
3107 3362 3310 3415 semper
3375 3345 3616 3414 reparari

2034 3448 2224 3508 potest,
2257 3455 2349 3492 nec
2385 3438 2673 3508 aliquando
2711 3439 2804 3491 tibi
2854 3438 3190 3492 interdicitur
3227 3437 3289 3490 de
3319 3436 3614 3491 commissis

2034 3530 2397 3600 hujuscemodi
2454 3531 2816 3598 paenitentiam
2881 3545 3075 3601 gerere.
3157 3529 3222 3584 In
3282 3528 3614 3600 gravioribus

2033 3621 2172 3674 enim
2220 3620 2528 3673 criminibus
2568 3617 2725 3672 semel
2772 3626 3000 3681 tantum,
3027 3615 3107 3670 vel
3141 3633 3262 3669 rare
3297 3617 3616 3684 pamitentia!

2032 3710 2337 3764 conceditur
2402 3708 2568 3761 locus.
2623 3705 2886 3776 Quisquis
2941 3705 3106 3776 igitur
3144 3706 3343 3775 prioris
3397 3711 3614 3776 generis

2033 3804 2240 3858 crimen
2281 3800 2939 3871 aliquod~pcrpetrasset,
2977 3797 3067 3853 hic
3110 3799 3176 3852 ad
3224 3798 3520 3852 antistitem
3552 3814 3616 3854 ac

2032 3893 2376 3948 sacerdotem
2434 3889 2703 3944 accedens
2773 3887 3006 3957 publicae
3048 3888 3117 3942 ab
3172 3902 3236 3942 eo
3279 3887 3618 3958 pmnitentiae

2026 3986 2119 4057 jus
2150 3984 2419 4054 capiebat,
2457 3982 2760 4053 praestituto
2789 3997 2854 4038 ex
2880 3979 3184 4037 canonibus
3213 3979 3376 4034 modo
3402 3989 3618 4034 actem-

2031 4093 2196 4148 pore;
2235 4091 2346 4146 quo
2399 4077 2620 4130 demum
2675 4074 2892 4144 expleto
2944 4089 2974 4127 a
3014 4073 3254 4143 peccatis
3297 4072 3615 4134 absolutus,

2031 4167 2406 4224 communioni
2423 4167 2835 4229 restituebatur,
2852 4180 3029 4234 neque
3053 4164 3155 4217 alia
3185 4164 3421 4227 ratione,
3447 4177 3614 4231 quam

2028 4258 2244 4329 publice
2304 4258 2452 4311 obita
2533 4256 2898 4326 paenitentia,
2964 4254 3311 4310 reconciliari
3367 4261 3614 4322 poterat;

2029 4348 2173 4419 quod
2209 4347 2437 4402 infinitis
2466 4346 2603 4400 locis
2633 4359 2757 4399 cum
2786 4343 2979 4398 Patres
3003 4341 3206 4408 caeteri,
3237 4350 3352 4395 tum
3388 4339 3615 4410 Cypria-

2035 4459 2138 4498 nus
2207 4438 2614 4497 evidentissime
2655 4437 2916 4492 declarat.
2965 4435 3210 4487 Aliorum
3281 4445 3447 4486 causa
3495 4437 3615 4484 erat

275 4592 291 4600 _
338 4539 645 4594 omnesque
669 4539 940 4579 canonum
987 4524 1298 4581 conditores
1347 4525 1420 4580 ita
1454 4526 1726 4596 publicam
1755 4528 1924 4597 lapsis
1958 4526 2001 4580 ll
2031 4532 2371 4602 explicatior,
2402 4543 2636 4596 quorum
2688 4526 2865 4580 letalis
2908 4523 3112 4594 alioqui
3144 4523 3303 4592 culpa
3346 4520 3494 4574 nulla
3523 4534 3616 4574 ca-

337 4614 721 4684 puenitentiam
769 4615 1148 4684 praescribunt,
1190 4630 1255 4670 ac
1288 4625 1503 4686 tempus
1546 4617 1925 4688 rationemque

338 4705 649 4771 definiunt;
678 4706 749 4760 ita
789 4722 948 4776 porro
973 4706 1358 4772 Tertullianus,
1383 4709 1707 4781 Cyprianus,
1738 4710 1926 4766 Pacia-

340 4812 472 4861 nus,
498 4797 705 4868 antiqui
733 4793 801 4851 ad
821 4813 986 4853 unum
1015 4813 1205 4854 omnes
1227 4799 1447 4855 eosdem
1479 4801 1602 4856 illos
1626 4801 1921 4865 hortando,

335 4889 750 4956 comminando,
775 4890 1113 4960 objurgando
1146 4891 1228 4947 vel
1263 4892 1463 4949 invitos
1525 4902 1720 4964 urgent
1743 4903 1798 4949 et
1822 4894 1926 4948 im-

337 4979 572 5049 pellunt,
605 4988 666 5035 ut
696 4981 926 5036 minime
965 4983 1067 5039 hoc
1097 4984 1205 5040 illis
1237 4985 1510 5057 integrum
1550 4985 1720 5042 fuisse
1746 4986 1922 5058 signi-

338 5074 528 5142 ficent.
579 5071 766 5128 Restat
822 5073 1008 5144 igitur,
1050 5075 1202 5131 nullo
1243 5087 1304 5132 ut
1347 5079 1478 5144 alio,
1511 5093 1576 5134 ac
1599 5094 1668 5135 ne
1697 5078 1924 5148 privatae

334 5163 561 5232 quidem
615 5165 948 5236 paenitentia:
978 5168 1245 5232 subsidio,
1273 5170 1444 5240 recipi
1479 5171 1533 5224 in
1578 5171 1924 5227 communio-

336 5269 468 5310 nem
505 5255 760 5312 Ecclesiae
791 5259 1034 5328 potuisse
1063 5261 1385 5316 concedant.
1419 5260 1574 5328 Quod
1601 5277 1727 5316 eum
1758 5263 1924 5318 dede-

335 5345 472 5410 rint,
539 5356 653 5400 tum
713 5348 780 5403 de
828 5349 935 5404 illis
987 5349 1118 5420 quid
1163 5351 1405 5406 sentiant
1457 5353 1772 5421 requiram,
1827 5352 1921 5424 qui

335 5436 586 5490 secundo
633 5439 686 5492 in
713 5439 962 5507 graviora
987 5449 1204 5508 peccata
1233 5441 1365 5509 lapsi
1395 5441 1609 5510 publica
1637 5443 1713 5497 uti
1745 5443 1921 5512 pmni-
1945 5439 1950 5446 ’

336 5528 510 5582 tentia
549 5542 656 5583 non
703 5538 992 5598 poterant;
1020 5531 1213 5600 ecquid
1259 5547 1352 5586 eos
1397 5543 1656 5588 censeant
1689 5549 1786 5603 per
1811 5535 1920 5603 pri-

267 5665 276 5674 ,
332 5625 518 5671 vatam
572 5619 945 5688 paenitentiam
1017 5620 1361 5676 reconciliari
1417 5623 1712 5692 potuisse?
1781 5623 1916 5678 Nam

331 5707 388 5760 si
426 5705 566 5761 istud
593 5717 860 5772 asserant,
891 5723 1112 5764 necesse
1140 5710 1244 5764 erit
1289 5727 1394 5765 una
1445 5712 1738 5778 fateantur,
1797 5715 1918 5771 feli-

329 5798 544 5855 ciorem
603 5799 769 5856 multo
814 5799 1184 5858 conditionem
1233 5816 1427 5858 eorum
1473 5807 1768 5871 exstitisse,
1819 5809 1912 5877 qui

2034 4638 2240 4680 nonum
2275 4621 2593 4677 definitione
2629 4617 3203 4688 comprehenderetur.
3243 4613 3478 4682 Ideoque
3497 4611 3613 4680 pri~

2034 4725 2157 4770 vata
2211 4713 2530 4784 poenitentia
2592 4709 3040 4771 satisfaciebant,
3083 4722 3247 4776 quam
3309 4703 3615 4761 sacerdotis

2032 4807 2319 4878 prudentia
2350 4803 2758 4859 moderabatur.
2793 4802 2870 4854 Ac
2923 4800 3134 4870 priores
3174 4798 3251 4851 illi
3286 4795 3614 4866 paenitenter:

2032 4899 2252 4968 proprie
2285 4897 2626 4952 dicebantur.
2671 4895 2976 4951 Concilium
3015 4891 3340 4944 Toletanum
3377 4903 3392 4941 ι
3426 4902 3548 4941 can.
3581 4887 3660 4938 9.0

2031 4991 2362 5062 ptenitentes
2411 4989 2464 5044 in
2497 4990 2703 5044 clerum
2746 4985 2988 5054 cooptari
3013 4982 3283 5053 prohibet.
3329 4978 3469 5033 Tum
3510 4977 3615 5031 ista

2033 5080 2301 5150 subjicit:
2340 5077 2472 5148 Eum
2513 5093 2631 5131 vero
2681 5075 3012 5144 paenitentem
3072 5072 3334 5133 dicimus,
3369 5067 3461 5138 qui
3498 5075 3617 5136 post

2033 5175 2356 5245 baptismum
2394 5182 2486 5226 aut
2527 5187 2622 5240 pro
2667 5167 2971 5232 homicidio,
3009 5173 3100 5218 aut
3131 5180 3226 5234 pro
3256 5160 3477 5216 diversis
3513 5157 3619 5210 cri-

2031 5267 2258 5321 minibus
2278 5265 2708 5336 gravissimisque
2730 5261 2958 5331 peccatis
2971 5259 3240 5329 publicam
3257 5253 3616 5325 paenitentiam

2033 5375 2213 5428 gerens
2238 5359 2331 5412 sub
2364 5358 2559 5422 cilicio,
2588 5356 2767 5408 divino
2797 5354 2955 5422 fuerit
2985 5350 3354 5405 reconciliatus
3396 5344 3612 5398 altario.

2030 5445 2299 5500 Caeterum
2347 5457 2469 5514 post
2505 5444 2775 5514 publicam
2827 5443 2973 5496 illam
3001 5437 3401 5511 paenitentiam,
3445 5433 3488 5487 si
3523 5433 3616 5483 iis-

2031 5537 2152 5592 dem
2187 5551 2243 5591 se
2261 5535 2584 5590 criminibus
2601 5534 3047 5592 obstrinxissent,
3077 5530 3145 5582 ab
3169 5523 3411 5598 ecglesize
3440 5520 3613 5581 aditu,

2030 5638 2084 5684 et
2132 5644 2162 5682 a
2206 5627 2588 5698 mysteriorum
2652 5623 3043 5680 communione
3101 5617 3318 5690 penitus
3401 5612 3613 5669 exclusi

2031 5717 2376 5772 reconciliari
2433 5717 2671 5786 amplius
2717 5731 2825 5769 non
2853 5722 3141 5783 poterant;
3171 5708 3317 5778 quod
3345 5707 3400 5760 in
3420 5705 3614 5774 primis

2031 5810 2371 5880 Augustinus
2429 5810 2681 5866 allirmat.
2737 5809 3058 5876 Quanquam
3097 5802 3209 5857 ﬁeri
3237 5808 3434 5868 potest,
3467 5810 3522 5852 ut
3561 5799 3610 5850 in
3689 5831 3694 5836 -
