4064 6402
541 375 674 432 ιοδι

1634 363 1980 420 APPENDIX
2017 355 2653 418 DISSERTATIONUM.

3651 355 3767 411 1032

542 488 868 562 quibusdam
929 483 1190 541 Ecclesiis
1241 480 1619 553 ptenitentiam
1657 481 1856 535 iterare
1885 479 2121 540 licuerit,
2151 478 2196 536 Α
2226 474 2398 528 maria
2453 473 2519 528 ad
2571 487 2694 527 eum
2750 469 3041 526 confitendi
3092 484 3259 526 causa
3313 483 3434 525 sese
3474 471 3768 562 contulerat.

541 597 669 637 cum
733 580 788 633 id
849 592 996 642 raro,
1045 576 1295 644 adeoque
1339 586 1736 641 nonnunquam
1771 571 1889 626 ﬁeri
1921 571 2124 625 scribat

541 673 826 743 Origenes.
860 667 1050 737 Neque
1091 681 1221 720 vero
1269 665 1320 720 id
1373 673 1467 719 aut
1502 663 1838 728 incredibile,
1864 670 1958 716 aut
1988 661 2124 715 adeo

541 763 790 819 mirabile
848 759 1025 814 videri
1081 774 1181 828 par
1233 765 1338 820 est,
1389 756 1436 811 si
1473 755 1599 826 quis
1656 754 1842 808 animo
1893 761 2120 822 repetat,

541 862 744 924 quanta
764 851 817 905 in
844 851 1138 920 plerosque
1169 856 1489 916 peccatores
1519 859 1793 899 canonum
1831 841 2124 896 austeritas

538 953 592 999 et
622 943 934 999 constantia
961 941 1144 1004 fuerit,
1169 939 1336 1009 utqui
1377 938 1545 994 semel
1581 935 1848 990 duntaxat
1873 933 2123 1002 graviora

537 1038 742 1109 ﬂagitia
771 1035 1162 1097 commisisset,
1189 1029 1572 1099 inexpiabilem
1608 1042 1804 1082 noxam
1835 1025 2126 1081 contrahe-

540 1139 657 1195 ret;
687 1129 938 1182 autintcr
954 1120 1512 1192 pmnitentesassidue
1539 1119 1739 1188 degens
1762 1118 1999 1170 instante
2030 1115 2125 1171 de-

543 1233 694 1272 mum
720 1217 871 1270 obitu
903 1229 1089 1284 pacein
1122 1211 1445 1281 perciperet.
1483 1206 1556 1262 Ut
1586 1206 1878 1262 homicidae
1919 1205 1972 1259 in
2007 1205 2124 1259 An~

541 1324 747 1376 cvrano
807 1323 928 1362 can.
991 1306 1082 1370 21,
1133 1303 1337 1357 Christi
1383 1310 1670 1370 negatores
1723 1301 1777 1353 in
1836 1299 2126 1355 Basilianis

542 1400 844 1456 canonibus
891 1414 1013 1452 can.
1049 1396 1134 1460 7l,
1167 1394 1384 1462 aliaque
1439 1393 1491 1447 id
1522 1407 1718 1464 genus,
1740 1400 1838 1445 aut
1863 1391 1930 1446 iis
1960 1390 2124 1445 etiam

544 1494 840 1554 severiora,
878 1504 1000 1559 qua:
1025 1503 1092 1542 ex
1116 1485 1386 1556 superiori
1417 1484 1786 1552 disputatione
1817 1484 1925 1537 huc
1950 1492 2128 1538 trans-

543 1583 669 1637 ferri
710 1579 962 1651 pOssunt.
994 1579 1238 1644 Accedit,
1270 1578 1416 1647 quod
1450 1587 1698 1632 extremo
1725 1576 1851 1630 vita:
1880 1584 2126 1645 tempore

541 1673 932 1728 communione
950 1669 1136 1724 donati
1163 1675 1310 1732 sunt,
1353 1665 1655 1737 praesertim
1682 1674 1802 1733 post
1843 1663 2122 1719 Nicaenum

541 1779 809 1821 canonem
867 1763 1100 1826 editum,
1139 1759 1235 1830 qui
1276 1757 1618 1814 moribundis
1650 1755 1833 1828 negari
1864 1755 2123 1810 viaticum

539 1855 851 1928 prohibuit;
929 1822 1096 1924 quod:
1124 1822 1328 1922 ubique
1374 1858 1646 1905 terrarum
1707 1822 1965 1917 deinceps
2027 1846 2126 1902 ob—
2155 1822 2198 1877 Β

541 1945 724 2001 tinuit.

615 2035 889 2102 Quoniam
925 2031 1244 2088 Novatiana‘.
1292 2029 1520 2085 haeresis
1573 2027 1962 2098 cognoscendae
2012 2035 2128 2082 stu-

541 2131 717 2194 dium,
765 2137 819 2182 et
851 2126 1158 2197 argumenti
1209 2124 1441 2180 dulcedo
1476 2121 1725 2192 quaedam
1766 2137 1833 2176 eo
1865 2136 1964 2176 nos
1996 2135 2123 2190 pro-

539 2222 710 2286 vexit,
741 2229 798 2274 ut
819 2219 885 2274 de
913 2217 1232 2288 poenitentia
1258 2225 1367 2270 tam
1396 2214 1568 2269 multa
1603 2215 1769 2269 verba
1797 2212 2124 2279 faceremus,

541 2311 894 2384 producenda
921 2309 1202 2380 paululum
1229 2307 1409 2363 oratio
1427 2317 1546 2371 .est,
1575 2321 1641 2362 ac
1669 2307 1738 2361 de
1769 2306 2125 2361 celeberrimo

541 2405 634 2460 illo
668 2402 906 2459 Nectarii
959 2401 1126 2465 facto,
1170 2416 1281 2471 quo
1314 2398 1720 2455 confessionem
1754 2414 1817 2454 ac
1856 2399 2128 2469 paeniten—

542 2499 671 2550 tiam
705 2495 998 2566 abrogasse
1023 2495 1264 2564 jactatur
1296 2493 1365 2547 ab
1391 2492 1682 2558 ha:reticis,
1713 2501 1990 2561 postremo
2007 2491 2124 2545 dis-

541 2592 860 2658 putandum.
911 2587 1084 2656 Cujus
1167 2587 1415 2642 historia:
1468 2585 1723 2640 tractatu)
1772 2583 1840 2638 ad
1882 2599 1968 2650 ea,
2005 2599 2126 2656 quae

540 2681 794 2750 superius
849 2677 1228 2748 exposuimus,
1280 2675 1606 2731 illustranda
1661 2689 1922 2744 magnum
1963 2673 2123 2742 adju-

541 2783 786 2826 mentum
821 2770 1028 2835 afferet,
1062 2785 1130 2825 ne
1165 2770 1254 2825 cui
1289 2769 1519 2840 nimium
1553 2769 1671 2822 haec
1700 2767 1876 2822 aliena
1908 2781 1972 2822 ac
2003 2767 2124 2820 lon-

541 2864 744 2933 ginqua
778 2861 919 2918 forte
951 2863 1259 2917 videantur.

540 2974 620 3030 De
645 2975 971 3029 memorabili
999 2974 1241 3028 Nectarii
1272 2972 1851 3044 Cortstantincpolitani
1881 2971 2122 3044 praesulis

627 3047 892 3110 historia;
920 3056 968 3099 et
1000 3054 1180 3099 utrum
1207 3044 1297 3098 ille
1329 3043 1708 3114 confessionem
1743 3043 2034 3097 sustulerit.

2227 566 2324 621 Cui
2360 579 2482 620 cum
2516 574 2758 634 peccata,
2802 578 2923 633 quae
2961 570 3084 632 post
3115 562 3448 632 baptismum
3482 561 3768 627 admiserat,

2226 657 2410 713 omnia
2457 655 2774 726 singillatim
2814 654 3179 724 exposuisset,
3227 653 3380 708 obire
3424 654 3769 722 paenitentiam

2222 747 2467 818 jubetur,
2488 761 2552 802 ac
2571 745 2796 816 jejuuiis
2816 752 2869 799 et
2895 742 3232 798 orationibus
3259 742 3499 812 assiduis
3522 736 3771 798 insistere.

2226 841 2286 896 in
2314 855 2424 907 quo
2454 840 2672 910 longius
2720 851 3003 908 progressa
3034 836 3162 907 (hoc
3187 845 3287 902 est,
3326 844 3384 890 ut
3415 835 3646 891 declarat
3682 834 3773 890 So-

2228 946 2512 996 zomenus,
2545 930 2754 984 diutius
2802 930 2853 983 in
2922 927 3151 984 ecclesia
3205 929 3604 998 perseverans),
3649 929 3775 984 aliud

2227 1022 2499 1091 quoddam
2553 1020 2734 1076 scelus
2787 1035 2948 1074 suum
2979 1020 3210 1090 aperuit,
3241 1029 3491 1088 stuprum
3531 1020 3796 1086 videlicet,‘

2227 1117 2372 1186 quod
2399 1130 2524 1169 eum
2552 1115 2783 1169 diacono
2813 1115 3185 1170 commiserat.
3220 1114 3392 1167 Τοῦτο
3427 1112 3636 1183 λεχθέν,
3691 1115 3778 1166 hoc

2227 1216 2353 1260 est:
2385 1222 2505 1259 cum
2547 1205 2643 1260 hoc
2687 1207 2888 1259 dictum
2943 1215 3096 1272 esset,
3137 1207 3397 1262 diaconus
3450 1207 3506 1260 in
3554 1205 3778 1259 ordinem

2227 1296 2482 1350 redactus
2512 1305 2616 1350 est.
2651 1294 2938 1352 Fremente
2961 1311 3116 1360 vero,
3144 1311 3205 1351 ac
3236 1297 3597 1350 tumultuante
3626 1289 3776 1365 plebe,

2227 1398 2281 1443 et
2309 1388 2665 1456 ﬂagrantibus
2703 1388 2907 1444 invidia
2940 1388 3169 1452 clericis,
3205 1387 3489 1443 Nectar-ius
3521 1387 3780 1443 Eudaemo-

2227 1480 2314 1536 nis
2363 1480 2652 1549 cujusdam
2701 1481 2998 1552 presbyteri
3029 1495 3227 1551 genere
3270 1479 3620 1535 Alexandrini
3668 1492 3782 1532 con-

2227 1569 2386 1634 silio,
2463 1570 2927 1640 poenitentiarium
2988 1570 3359 1642 presbyterum
3432 1568 3684 1631 sustulit,
3736 1576 3782 1623 et

2226 1677 2675 1732 unumquemque
2733 1677 2846 1718 suae
2899 1654 3246 1718 conscientiae
3306 1662 3584 1730 permisit,
3632 1671 3686 1715 ut
3725 1675 3784 1714 ex

2227 1753 2349 1824 ejus
2392 1755 2619 1810 arbitrio
2652 1755 2719 1810 de
2750 1755 3027 1826 mysteriis
3068 1755 3394 1825 usurpandis
3430 1754 3571 1825 apud
3614 1769 3669 1810 se
3694 1763 3784 1807 sta-

2226 1852 2419 1899 tueret.
2457 1844 2584 1902 Haec
2615 1853 2684 1902 ad
2729 1848 2954 1903 verbum
2999 1847 3272 1916 Socrates,
3305 1847 3609 1917 eademque
3641 1844 3786 1900 Soro-

2225 1953 2421 1995 menus
2454 1940 2551 1996 lib.
2586 1956 2680 2009 vn,
2711 1957 2831 2012 cap.
2871 1942 2956 1997 16.

2296 2029 2377 2084 Ex
2406 2032 2607 2101 quibus
2637 2033 2980 2103 antiquatum
3012 2031 3482 2102 Constantinopoli
3509 2030 3786 2088 conﬁtendi

2225 2121 2414 2189 ritum,
2449 2138 2512 2178 ac
2541 2125 2873 2193 pmniteutiaa
2903 2135 3306 2180 sacramentum
3355 2121 3475 2180 esse
3525 2125 3784 2180 sublatum

2225 2225 2362 2283 post,
2402 2214 2689 2270 Calvinum
2739 2216 2976 2271 haeretici
3029 2232 3221 2272 omnes
3281 2217 3566 2286 colligunt.
3618 2216 3787 2273 Nostri

2225 2307 2422 2376 partim
2473 2308 2761 2363 conﬁctam
2813 2308 2956 2364 hanc
2987 2327 3017 2363 a
3045 2307 3362 2364 Novatianis
3406 2309 3682 2364 historicis
3725 2308 3788 2363 fa-

2227 2396 2411 2451 bulam
2452 2406 2760 2467 opponunt,
2813 2397 2868 2452 in
2916 2414 3110 2469 eaque,
3145 2411 3204 2456 ut
3259 2400 3314 2456 in
3359 2400 3482 2454 aliis
3530 2399 3786 2469 plurimis,

2226 2490 2487 2547 mentitos
2537 2491 2660 2546 illos
2701 2506 2824 2546 esse
2857 2489 3183 2559 defendunt;
3234 2491 3430 2562 partim
3465 2507 3578 2546 non
3626 2505 3788 2546 sacra-

2225 2585 2541 2650 mentalem,
2573 2592 2633 2640 ut
2660 2593 2878 2651 vocant,
2909 2583 3410 2650 confessionem,ac
3438 2585 3683 2646 tacitam,
3705 2583 3788 2638 sed

2225 2677 2500 2746 publicam
2533 2685 2730 2746 putant
2777 2691 2898 2731 esse
2947 2675 3240 2730 sublatam.
3288 2673 3378 2730 Sic
3420 2675 3570 2729 enim
3611 2673 3784 2729 existi-

2225 2774 2401 2833 mant,
2457 2781 2554 2822 eos
2602 2766 2697 2837 qui
2752 2767 2966 2834 publice
3012 2767 3386 2836 pmnitentiam
3439 2768 3786 2836 susciperent,

2225 2873 2323 2913 sua
2374 2858 2621 2928 quaedam
2667 2859 2918 2924 crimina,
2969 2873 3092 2928 quae
3143 2858 3397 2914 sacerdos
3445 2859 3786 2928 desigriasset,

2225 2950 2507 3020 propalam
2565 2961 2619 3006 et
2668 2951 2722 3004 in
2771 2950 3041 3022 frequenti
3081 2950 3334 3006 Ecclesiae
3360 2959 3504 3005 caatu
3559 2947 3786 3014 confiteri

2226 3041 2416 3098 solitos
2447 3059 2461 3096 :
2494 3051 2548 3098 et
2571 3057 2690 3097 eam
2719 3043 2891 3113 ipsam
2923 3042 3194 3112 publicam
3231 3041 3634 3098 confessionem
3660 3037 3788 3093 anti-

613 3135 763 3192 Nihil
825 3137 893 3192 ad
939 3136 1256 3192 elevandam
1306 3136 1675 3192 confessionis
1736 3136 2118 3190 auctoritatem
2147 3171 2190 3228 C
2225 3147 2426 3202 quasse
2465 3131 2812 3200 Nectarium;
2865 3148 2988 3203 qua:
3021 3147 3132 3187 non
3179 3142 3290 3188 tam
3342 3133 3409 3187 ad
3461 3133 3637 3202 culpae
3677 3145 3790 3202 pro-

541 3229 724 3300 urgeri
755 3229 823 3284 ab
851 3228 1120 3300 haereticis
1151 3228 1336 3284 acrius
1366 3229 1527 3295 solet,
1557 3243 1723 3298 quam
1770 3225 2011 3282 Nectarii
2040 3225 2122 3280 fa-

538 3299 697 3376 cinus
744 3319 901 3384 illud,
949 3299 1288 3390 quod.apud
1333 3317 1616 3375 Socratem
1649 3327 1702 3374 et
1752 3317 2120 3392 Sozomenum

504 3483 509 3489 η
540 3413 819 3468 memoriae
864 3411 1140 3482 proditum
1172 3420 1276 3478 est,
1314 3426 1425 3481 quo
1459 3411 1549 3466 ille
1589 3419 1810 3482 propter
1842 3412 2120 3481 vulgatqu

538 3501 758 3558 diaconi
804 3501 1069 3571 ﬂagitium
1103 3499 1470 3557 confessionis
1502 3515 1568 3558 ac
1599 3502 1931 3572 poenitentiae
1964 3515 2122 3557 usui):

538 3593 835 3664 abrogasse
869 3592 1063 3649 fertur.
1097 3593 1197 3648 Cui
1223 3593 1446 3663 quidem
1488 3593 1737 3674 plerique
1767 3593 1896 3648 dum
1929 3607 2126 3649 occur-

537 3699 682 3750 rere,
717 3700 784 3739 ac
820 3685 1035 3740 veritati
1079 3687 1412 3756 patrocinari
1457 3687 1699 3751 student,
1747 3687 1801 3741 in
1852 3685 2122 3742 absurdas

538 3783 594 3828 et
623 3775 1030 3832 inextricabiles
1062 3775 1275 3830 fabulas
1297 3783 1431 3830 aestu
1463 3775 1702 3844 quodam
1731 3775 2124 3846 disputationis

538 3866 752 3936 abrepti
804 3875 951 3922 sunt.
1025 3864 1317 3923 Nonnullis
1374 3868 1538 3922 etiam
1593 3866 1906 3921 Cassiodori
1961 3879 2124 3937 atque

536 3958 792 4012 Historia:
841 3958 1128 4026 tripartito:
1171 3959 1499 4028 depravatus
1534 3958 1689 4014 locus
1728 3960 1933 4014 erroris
1973 3973 2126 4014 orca-

537 4048 750 4102 sionem
779 4047 946 4113 dedit,
979 4048 1109 4102 dum
1141 4063 1208 4102 ex
1255 4046 1468 4103 Latinis
1497 4047 1886 4130 interpretibus
1915 4047 2119 4117 potius,

535 4154 704 4210 quam
736 4154 804 4194 ex
852 4137 1058 4194 Graecis
1096 4138 1364 4206 fontibus,
1421 4139 1794 4193 narrationem
1832 4138 1996 4194 istam
2043 4154 2124 4195 re-

535 4237 744 4299 petunt.
782 4227 1044 4298 Utrisque
1072 4245 1223 4294 vero,
1255 4230 1350 4285 sed
1379 4230 1586 4285 nostris
1612 4229 1960 4299 potissimum
1989 4243 2123 4284 con-

538 4320 719 4376 sulere
748 4319 854 4374 hoc
886 4321 1065 4390 capite
1095 4320 1452 4376 decrevimus.
1504 4319 1638 4375 Nam
1670 4320 1817 4390 quod
1849 4322 1917 4375 ad
1953 4321 2124 4375 haere-

533 4413 677 4468 ticos
739 4421 970 4483 spectat,
1028 4413 1082 4468 id
1131 4428 1240 4480 me,
1298 4413 1407 4469 Deo
1449 4413 1696 4483 juvante,
1749 4412 2120 4483 perfecturum

2226 3226 2542 3281 merendam
2581 3226 2821 3294 veniam,
2865 3240 3030 3296 quam
3086 3227 3154 3282 ad
3199 3241 3416 3297 poenam
3464 3223 3787 3282 satisfactio-

2226 3331 2463 3388 nemque
2510 3327 2802 3388 spectaret.
2834 3317 3048 3374 Etenim
3093 3328 3399 3375 matronam
3443 3318 3598 3373 illam
3629 3332 3660 3373 a
3686 3315 3790 3372 dia-

2225 3424 2368 3466 cono
2417 3419 2828 3480 constupratam
2859 3411 3046 3478 aiunt,
3091 3426 3218 3468 eum
3273 3411 3342 3466 ad
3399 3410 3676 3481 publicam
3730 3409 3790 3463 de

2226 3514 2377 3554 more
2425 3499 2830 3557 confessionem
2881 3501 3154 3567 venisset,
3207 3501 3557 3572 prmscriptos
3611 3499 3708 3556 sibi
3761 3511 3791 3551 a

2227 3589 2638 3660 poenitentiario
2693 3593 2975 3648 sacerdote
3025 3594 3288 3649 terminos
3335 3608 3652 3664 egressam,
3701 3590 3791 3644 im-

2225 3683 2525 3752 prudenter
2592 3683 2859 3740 incestum
2927 3700 3032 3740 una
3091 3685 3242 3740 illum
3300 3685 3645 3756 patefecisse.
3697 3681 3790 3736 Alii

2225 3774 2450 3829 conscio
2495 3785 2552 3830 et
2601 3787 2824 3832 auctore
2875 3777 3158 3842 sacerdote
3201 3753 3516 3849 divulgasse
3560 3777 3786 3838 malunt,

2226 3866 2374 3935 quod
2399 3865 2471 3921 ob
2501 3881 2620 3920 eam
2647 3881 2761 3921 rem
2806 3866 2874 3921 ab
2907 3866 3084 3922 ofﬁcio
3114 3877 3356 3924 remotus
3389 3868 3574 3923 fuerit.

2300 3955 2407 4012 Sed
2447 3957 2516 4012 de
2555 3957 2772 4027 publica
2823 3956 3167 4014 confessione
3211 3975 3354 4014 mox.
3401 3957 3540 4013 Illud
3590 3956 3788 4012 interim

2225 4048 2686 4104 considerandum
2716 4048 2862 4104 unde
2883 4049 3099 4104 tandem
3124 4050 3453 4119 acceperint,
3482 4050 3788 4104 mandatum

2225 4139 2464 4205 mulieri,
2503 4138 2586 4194 uti.
2615 4153 2713 4194 sua
2743 4153 2844 4209 pro
2873 4140 3136 4194 concione
3167 4147 3384 4208 peccata
3413 4139 3673 4193 omnibus
3696 4135 3793 4190 edi.

2226 4241 2392 4286 ceret.
2414 4229 2532 4285 Duo
2553 4241 2681 4285 sunt
2697 4229 2748 4284 iu
2767 4230 2953 4287 Graeca
2975 4231 3288 4286 narratione
3301 4230 3482 4294 verba,
3503 4245 3573 4284 ex
3603 4226 3791 4298 quibus

2225 4332 2508 4394 utcunque
2553 4323 2746 4379 deduci
2778 4333 2994 4394 potest;
3049 4339 3176 4378 nam
3202 4323 3344 4393 apud
3381 4321 3700 4378 Socratem:
3735 4317 3790 4369 'H

2225 4415 2284 4470 δὲ
2318 4416 2704 4487 προϐαίνουσα,
2741 4418 2834 4471 καὶ
2865 4417 2994 4472 ἄλλο
3029 4419 3276 4488 πταῖσμα
3319 4415 3518 4485 ἑαυτῆς
3567 4409 3790 4482 κατητό·

535 4503 777 4571 conﬁdo,
807 4514 868 4558 ut
895 4504 1126 4560 inscitiae
1165 4520 1279 4560 suae
1310 4505 1706 4560 monimentum
1752 4505 1805 4558 in
1847 4505 1951 4558 hac
1982 4503 2121 4573 obji-

2229 4525 2329 4577 ρει.
2378 4507 2515 4573 Quia
2551 4508 2924 4579 προϐαίνουσα
2952 4508 3088 4563 dixit
3107 4516 3162 4563 et
3188 4505 3504 4578 κατηγόρει,
3537 4506 3790 4572 interpres

535 4595 728 4651 cienda
769 4595 926 4652 nobis
970 4596 1198 4652 historia
1247 4595 1503 4651 deﬁxisse
1545 4597 1747 4665 potius,
1784 4611 1948 4664 quam
1996 4609 2118 4649 mo-

538 4696 784 4741 mentum
837 4687 1007 4742 ullum
1063 4687 1130 4741 ad
1181 4701 1403 4742 causam
1460 4701 1617 4741 suam
1667 4685 1918 4741 attulisse
1976 4685 2117 4754 aequi

537 4793 728 4834 omnes
757 4788 812 4833 et
842 4778 1015 4848 iniqui
1047 4786 1309 4833 statuant.

505 4893 530 4916 ο
610 4867 714 4923 Sed
749 4879 810 4923 ut
841 4884 872 4923 ιι
913 4871 1090 4940 capite
1122 4870 1240 4939 ipso
1273 4870 1698 4938 disputationem
1748 4884 2117 4934 arcessamus,

538 4975 837 5024 proponam
869 4971 993 5017 ante
1021 4963 1228 5029 omnia,
1260 4976 1382 5032 qua:
1407 4962 1474 5017 de
1508 4962 1612 5016 hac
1645 4961 1874 5017 historia
1915 4961 2120 5017 Socra-

538 5066 620 5106 tes
671 5066 736 5106 ac
786 5054 1124 5110 Sozomenus
1183 5054 1406 5125 scriptis
1457 5053 1957 5110 commendarunt:
1992 5069 2120 5109 nam

538 5145 608 5200 ab
659 5145 780 5200 istis
827 5147 882 5201 in
929 5132 1266 5214 reliquorum
1312 5148 1642 5218 scriptorum
1689 5127 2121 5203 commentarios

538 5237 667 5292 facti
699 5237 847 5292 illius
880 5247 964 5292 est
995 5239 1240 5294 derivata
1267 5240 1555 5295 memoria.
1601 5239 1806 5294 Scribit
1837 5240 2005 5310 igitur
2063 5239 2120 5293 in

537 5327 732 5395 primis
783 5328 1036 5384 Socrates
1087 5331 1183 5384 lib.
1232 5347 1285 5393 v,
1341 5347 1462 5402 cap.
1510 5332 1591 5396 l9,
1630 5347 1692 5387 ex
1740 5345 1806 5386 eo
1849 5338 2117 5401 tempore,

537 5433 644 5487 quo
679 5417 964 5475 Novatiani
1013 5423 1250 5492 primum
1284 5433 1644 5488 emerserunt,
1691 5424 1976 5495 episcopos
2011 5439 2122 5494 pm-

538 5511 908 5566 nitentiarium
940 5514 1317 5585 presbyterum
1369 5516 1708 5586 adjunxisse,
1755 5527 1814 5572 ut
1857 5517 1950 5588 qui
1995 5525 2122 5588 post

539 5600 868 5670 baptismum
924 5606 1286 5676 deliquissent
1345 5624 1440 5662 sua
1495 5611 1636 5679 apud
1686 5611 1838 5664 illum
1899 5620 2118 5679 peccata

539 5692 944 5748 confiterentur.
996 5695 1261 5754 Eutndem
1310 5715 1475 5770 porro
1526 5701 1996 5773 Constantinopoli
2033 5705 2118 5760 his

541 5778 609 5835 de
645 5782 826 5839 causis
860 5785 1180 5856 abrogatum
1223 5791 1415 5849 fuisse.
1459 5793 1684 5851 Femina
1719 5797 1961 5858 Quaedam
1999 5799 2113 5867 pri-

2223 4597 2298 4652 ita
2329 4599 2488 4652 vertit
2527 4621 2538 4652 :
2575 4597 2771 4653 Mulier
2812 4599 3018 4670 longius
3067 4599 3124 4652 in
3174 4596 3468 4666 conﬁtendo
3501 4605 3786 4664 progressa.

2223 4689 2442 4744 alterius
2471 4690 2640 4760 culpa:
2660 4692 2885 4759 seipsam
2914 4691 3208 4744 insimulat.
3249 4687 3366 4742 Non
3391 4696 3558 4752 recte,
3601 4687 3645 4741 si
3671 4681 3790 4752 quid

2221 4783 2278 4837 in
2311 4783 2396 4838 his
2427 4784 2603 4839 video.
2654 4781 2841 4853 Neque
2887 4785 3033 4838 enim
3066 4775 3429 4854 προϐαίνουσά
3477 4780 3543 4834 ad
3601 4775 3790 4832 confes-

2223 4872 2440 4927 sionem
2472 4873 2746 4942 pertinet;
2784 4873 2954 4928 multo
2999 4875 3181 4926 minus
3222 4871 3288 4926 ad
3327 4870 3625 4940 publicam,
3657 4863 3788 4934 quod

2223 4964 2290 5020 de
2323 4981 2424 5021 suo
2453 4965 2557 5021 viri
2582 4966 2807 5036 quidam
2837 4966 2965 5021 boni
2997 4965 3173 5020 solent
3205 4972 3464 5019 attexere.
3502 4960 3612 5015 Sed
3642 4957 3788 5012 nimi—

2222 5071 2368 5123 ιίιιῐι,
2415 5066 2476 5118 ut
2515 5073 2585 5113 ex
2613 5056 2923 5114 Sozomeno
2965 5058 3258 5129 colligitur,
3303 5071 3428 5111 cum
3460 5056 3512 5109 in
3553 5052 3789 5110 obeunda

2221 5151 2568 5221 pmnitentia,
2615 5151 2672 5205 in
2709 5153 2980 5216 oratione,
3008 5151 3233 5222 jejunio,
3268 5150 3664 5220 frequentanda
3706 5159 3790 5198 ec-

2221 5241 2413 5309 clesia,
2465 5242 2684 5313 longius
2716 5244 3054 5313 procederet,
3098 5243 3330 5297 alterum
3386 5239 3538 5295 nefas
3586 5238 3786 5291 interim

2221 5335 2521 5398 commisit.
2567 5343 2622 5390 et
2669 5334 2902 5391 subinde
2943 5334 3272 5400 declaravit;
3311 5331 3686 5402 κατηγόρησεν
3717 5326 3787 5377 vel

2222 5431 2632 5501 κατεμήνυσεν,
2689 5439 2750 5485 ιιι
2799 5429 2960 5485 habet
3015 5428 3387 5492 So'zomenus;
3446 5440 3553 5478 non
3615 5423 3789 5485 utique

2220 5521 2528 5590 propalam,
2570 5537 2670 5578 nec
2711 5523 2765 5576 in
2801 5523 3021 5593 publico
3047 5529 3340 5583 conventu,
3401 5518 3489 5573 sed
3522 5514 3786 5585 privatim,

2219 5624 2274 5668 et
2305 5629 2490 5669 coram
2522 5615 2932 5685 paenitentiarl‘o
2960 5613 3258 5676 sacerdote,
3291 5606 3432 5680 apud
3455 5623 3617 5678 quem
3651 5605 3791 5660 iden-

2221 5707 2389 5762 tidem
2435 5717 2660 5778 peccata
2702 5709 3032 5779 deponeret;
3083 5715 3175 5760 aut
3222 5703 3385 5758 etiam
3433 5702 3568 5757 citra
3619 5710 3788 5752 saera-

2221 5810 2466 5857 mentum
2509 5817 2635 5858 cum
2666 5816 2755 5870 eo,
2791 5811 2886 5858 aut
2927 5801 3037 5855 alio
3079 5799 3413 5868 colloquens.
3451 5791 3677 5860 Quidvis
3705 5789 3788 5844 do-
