4064 6422
401 335 542 398 1033

1336 342 1423 395 DE
1463 338 1942 397 [’(ENITENTIAS
1988 337 2265 397 Vi'LTEBE
2306 348 2717 411 DlSClPLlNA.

3541 357 3683 423 1034

399 467 568 535 niqne
610 462 796 534 potius
847 477 1012 531 quam
1057 466 1115 515 ut
1158 462 1430 532 publicam
1478 463 1542 516 ad
1586 461 1989 548 confessionem
2022 466 2065 522 Λ
2097 469 2399 522 consuevit.
2448 469 2713 548 Exemplo
2766 472 2839 528 sit
2887 487 2918 528 e
2951 475 3138 529 multis
3188 475 3340 542 illud,
3391 481 3537 548 quod
3579 486 3683 539 sub

398 554 650 608 adactam
684 553 988 606 dixerimus
1028 559 1124 605 aut
1159 553 1446 607 mulierem
1479 550 1663 618 istam,
1696 561 1793 607 aut
1821 546 1988 607 ullum

398 643 630 699 omnino
681 643 1019 700 mortalium.
1079 641 1195 698 Hoc
1254 644 1421 715 igitur
1474 661 1505 699 a
1550 645 1867 709 sacerdote,
1921 646 1991 701 ab

302 756 307 759 ·
398 735 670 799 antistite,
699 751 729 789 a
766 736 957 804 palmis
986 735 1224 806 denique
1257 736 1463 809 ﬂagitio
1482 737 1787 810 curnperto,
1823 741 1990 809 depo-

399 827 545 882 sitbs
583 832 666 881 est
715 820 804 880 ille
850 826 1115 882 diaconus
1150 846 1164 882 :
1198 844 1262 883 ex
1300 845 1412 898 quo
1462 830 1722 899 paulatim
1772 842 1991 900 percre-

404 919 692 975 bresccnte
727 918 870 973 fama
919 934 1032 974 rem
1063 919 1430 977 subederatus
1466 932 1548 977 est
1567 912 1821 993 populus.
1855 923 1991 980 llinc

400 1013 510 1069 illa:
547 1012 820 1084 lacrymaz.
852 1010 1101 1076 Mentiar,
1129 1014 1233 1069 nisi
1265 1012 1557 1071 manifeste
1595 1016 1641 1072 is
1670 1016 1807 1087 ipse,
1830 1018 1988 1087 cujus

401 1105 730 1159 auctoritate
779 1104 1064 1171 nituntur,
1127 1096 1493 1172 Sozomenus,
1521 1107 1715 1165 falsam
1769 1109 1987 1165 illorum

397 1195 776 1266 conjecturam
830 1197 1144 1268 redarguat.
1197 1194 1303 1265 Qui
1355 1196 1674 1256 instituendi
1722 1201 1990 1271 poeniten-

398 1289 549 1343 tiarii
595 1286 898 1343 sacerdotis
946 1304 1143 1345 causas
1191 1290 1473 1359 disputans
1531 1281 1839 1365 τΦορτικὸν
1869 1293 1989 1365 (ait)

396 1380 461 1447 ἐξ
491 1378 668 1451 ἀρχῆς
708 1381 821 1444 τοῖς
868 1380 1105 1452 ἱερεῦσιν
1157 1378 1358 1450 ἔδοξεν,
1400 1383 1475 1448 ὡς
1516 1385 1575 1439 ὲν
1629 1373 1843 1460 θεάτρῳ
1884 1387 1990 1440 ὑπὸ

401 1470 646 1542 pcipepr
702 1469 781 1540 τῷ
836 1466 1044 1543 ’πλῆθει⁴
1077 1462 1179 1544 τῆς
1217 1473 1515 1547 ἐκκλησίας
1567 1476 1668 1541 τὰς
1717 1478 1989 1549 ἁμαρτίας

395 1549 767 1632 ἐξαγγέλλειν.
820 1552 1200 1635 Πρεσϐὗτερον
1246 1557 1305 1619 δὲ
1343 1567 1452 1620 τῶν
1483 1565 1682 1639 ἄριστα
1715 1567 1989 1623 reticebo-

400 1657 584 1729 μένων
613 1657 885 1728 ὲχέμυοόν
934 1674 994 1711 τε
1035 1650 1128 1711 καὶ
1159 1656 1407 1730 ἔμφρονα.
1448 1659 1542 1711 ἐπὶ
1571 1657 1730 1713 τοῦτο
1760 1660 1988 1730 τετάχα-

397 1766 509 1812 σιν,
610 1747 675 1819 δὴ
730 1738 1052 1820 προσιόντες
1089 1737 1138 1802 ot
1165 1734 1552 1819 ἡμαρτηκότες
1577 1748 1647 1803 τὰ
1677 1729 1989 1820 βεϐιωμένα

394 1816 736 1911 ὡμολόγονν.
776 1816 834 1894 Ὅ
861 1840 919 1895 δὲ
952 1839 1089 1912 πρὸς
1254 1816 1822 1912 ὲὲάάτου-ἁμαρλείαν,
1849 1816 1887 1894 -ὃ
1932 1857 1985 1895 τι
2019 1816 2062 1871 Β

395 1934 507 2006 χρὴ
544 1933 768 2004 ποιῆσαι
798 1927 830 2004 ἢ
865 1934 1078 1985 ἐκτῖσαι
1112 1931 1385 2002 ἐπιτίμιον
1419 1931 1551 1997 Θεὶς,
1576 1931 1803 1995 ἀπέλυε,
1834 1932 1985 2004 παρὰ

397 2028 553 2097 σφῶν
596 2027 779 2081 αὐτῶν
824 2023 922 2097 τὴν
950 2024 1106 2097 δίκην
1140 2024 1614 2097 εἰσπραξαμένους
1657 2025 1699 2078 ¹.
1752 2022 1980 2092 Durum,

393 2120 608 2190 inquit,
648 2131 695 2174 et
741 2111 1137 2174 intolerandum
1179 2116 1339 2193 initio
1383 2111 1681 2174 sacerdotes
1709 2133 1821 2172 esse
1838 2117 1986 2187 judi-

395 2224 611 2277 carunt,
639 2215 715 2267 sic
746 2221 996 2282 tanquam
1045 2210 1100 2263 in
1148 2210 1374 2269 theatro.
1406 2224 1502 2278 pro
1559 2208 1795 2264 ecclesia:
1845 2219 1980 2264 coetu

394 2323 464 2362 ac
504 2307 752 2360 concione
802 2315 1017 2375 peccata
1063 2303 1433 2373 pronuntiare.
1487 2300 1667 2367 Quare
1703 2300 1983 2373 presbyte-

394 2414 514 2450 rum
569 2397 847 2469 quemdam
889 2406 1209 2451 secretorum
1269 2403 1502 2448 tenacem
1563 2409 1627 2447 ac
1672 2392 1983 2463 prudentem

392 2491 442 2544 ei
474 2489 681 2543 muneri
710 2499 1134 2559 prwposaerunt,
1188 2484 1257 2540 ad
1284 2500 1436 2555 quem
1464 2495 1758 2554 peccatores
1791 2486 1984 2540 adeun-

396 2593 473 2636 tes
499 2582 620 2636 vita:
646 2596 757 2634 suae
801 2595 967 2634 noxas
997 2587 1333 2648 exponerent.
1370 2577 1437 2630 At
1478 2566 1568 2631 ille
1605 2593 1699 2639 pro
1730 2576 1982 2649 cujusque

393 2683 610 2743 peccato
662 2673 880 2727 meritas
930 2678 1111 2740 poenas
1156 2670 1398 2739 inﬂigcns
1441 2669 1763 2737 dimittebat,
1805 2685 1922 2724 cum
1940 2662 1982 2723 ἀ

393 2766 586 2835 seipsis
614 2764 738 2820 illas
783 2765 1095 2834 exegissent.
1127 2760 1261 2829 Qua:
1292 2754 1580 2816 Sozomeni
1616 2761 1984 2845 verba’publi-

392 2875 524 2915 cum
557 2859 687 2916 illud
724 2857 1021 2913 confitendi
1049 2871 1223 2928 genus
1250 2856 1488 2912 alienum
1513 2871 1543 2909 a
1595 2854 1868 2925 majorum
1894 2855 1981 2909 iu-

394 2952 589 3008 stituto
626 2960 681 3006 et
730 2966 761 3006 a
818 2949 1207 3020 paenitentiarii
1273 2944 1421 3003 illius
1468 2946 1646 3002 ollicio
1696 2947 1983 3018 perspicue

393 3043 730 3116 significant.
768 3031 873 3097 Sed
912 3042 1110 3097 mirttm
1156 3055 1321 3109 quam
1367 3041 1482 3095 haec
1525 3028 1761 3095 absurde
1798 3037 1978 3094 Latini

393 3144 651 3194 auctores
699 3135 1038 3205 interpretati
1091 3126 1224 3199 sint,
1277 3134 1371 3204 qui
1420 3148 1450 3187 e
1498 3134 1807 3187 Sozomeno
1840 3131 2050 3207 hancc

392 3231 681 3287 historiam
715 3233 1128 3297 expresserant.
1176 3222 1313 3299 Nam
1351 3224 1404 3278 in
1446 3223 1652 3307 llistor.
1685 3222 1978 3292 tripertita,

393 3324 493 3381 lib.
529 3340 606 3389 Ix,
640 3338 761 3392 cap.
796 3321 890 3386 55,
928 3319 999 3373 ita
1026 3318 1287 3388 scriptum
1311 3327 1396 3373 est
1428 3324 1441 3372 ξ
1477 3315 1742 3382 Quoniam
1769 3314 1980 3369 omnino

391 3432 501 3471 non
549 3429 763 3485 peccare
814 3411 1052 3465 divinum
1095 3418 1145 3463 et
1201 3409 1348 3463 ultra
1392 3410 1683 3463 humanam
1729 3419 1982 3462 naturam

389 3524 505 3562 esse
527 3507 897 3575 cognoscitur;
938 3503 1273 3571 peccantibus
1327 3511 1502 3556 autem
1535 3511 1586 3556 et
1617 3501 1981 3570 paenitentiam

391 3598 667 3668 agentibus
690 3598 896 3649 ueniant
936 3591 1072 3675 Deus
1096 3591 1218 3669 dari
1250 3592 1538 3660 pra-cepit:
1570 3590 1660 3661 qui
1691 3605 1810 3644 uero
1850 3604 1977 3643 con-

387 3690 534 3759 ﬁteri
579 3688 872 3757 refugiunt,
908 3684 1080 3754 majus
1124 3692 1461 3753 peccatorum
1492 3698 1623 3736 onus
1651 3682 1978 3752 acquirunt:

387 3791 664 3849 propterea
688 3778 856 3832 visum
893 3788 971 3830 est
1001 3775 1233 3845 antiquis
1263 3773 1624 3844 pontiﬁcibus,
1659 3782 1715 3826 ut
1749 3771 1890 3854 velut
1923 3772 1979 3825 in

391 3871 597 3924 theatro
660 3866 755 3921 sub
810 3865 1109 3919 testimonio
1158 3861 1505 3917 ecclesiastici
1556 3856 1737 3932 populi
1781 3862 1978 3918 delicta

388 3958 717 4030 pandantur,
763 3967 868 4014 etc.
922 3956 1055 4023 Quae
1087 3964 1217 4010 sunt
1257 3954 1368 4008 veri
1404 3958 1601 4009 sensus
1632 3953 1974 4019 inanissima,

388 4064 599 4107 ac-non
653 4039 828 4103 solum
882 4063 922 4100 a.
960 4045 1165 4101 Graecis
1218 4042 1504 4099 Snzomen'i
1561 4043 1742 4099 verbis
1776 4043 1977 4099 abhor-

389 4150 514 4199 rent
533 4181 549 4206 ,
578 4140 673 4198 sed
697 4149 754 4196 et
779 4148 1020 4211 pugnant
1056 4138 1169 4208 ipsa
1206 4150 1415 4191 secum.
1450 4130 1631 4202 Quare
1662 4124 1806 4191 baud
1834 4146 1974 4191 vana

386 4234 634 4305 suspicio
667 4234 755 4288 est
791 4231 1138 4287 librariorum
1190 4228 1350 4299 culpa
1384 4242 1572 4284 vocem
1606 4222 1843 4320 aliquam
1878 4245 1974 4284 cx-

384 4329 627 4391 cidiss’e,
682 4333 848 4396 atque
899 4324 973 4379 ita
1027 4325 1417 4378 restituendum
1467 4337 1637 4407 esse:
1684 4319 1975 4392 Propterea

381 4423 562 4476 uisum
590 4427 667 4474 est
707 4416 982 4471 molestum
1015 4415 1248 4484 antiquis
1276 4414 1639 4483 pontiﬁcibus,
1673 4422 1781 4470 etc.
1834 4412 1969 4469 Nam

2095 555 2294 626 stylum
2327 544 2492 615 modo
2518 562 2704 616 subiit.
2726 560 2927 618 Scribit
2954 564 3042 620 ille
3074 558 3171 620 lib.
3198 566 3251 635 ν,
3278 544 3544 641 ειίρίκβκ
3573 574 3684 628 (Ire-

2093 664 2262 704 sarca:
2289 650 2344 705 in
2375 650 2715 724 Cappadocia
2746 670 2862 721 eos,
2902 656 2992 726 qui
3029 652 3153 728 post
3187 654 3520 731 baptismum
3555 682 3682 737 pce-

2092 742 2358 807 caverint,
2387 744 2418 798 a
2446 748 2834 802 communione
2867 749 3042 818 rejici,
3076 737 3535 820 quemadmodum
3571 741 3682 813 No-

2094 831 2293 887 vatiani
2339 834 2648 890 instituunt.
2703 836 2859 904 Quod
2921 836 3005 895 est
3062 845 3578 908 mendacissimum.
3622 860 3682 905 ut

2090 937 2154 1011 ex
2185 923 2385 981 Basilio
2407 927 2635 1014 ejusque
2659 931 3126 1014 ptenitentialibus
3154 938 3459 996 eanonibus
3484 926 3676 1014 liquet.

2092 1005 2357 1089 Loquitur
2376 1036 2507 1077 vero
2530 1012 2784 1081 Socrates
2808 1025 2875 1080 de
2901 1011 3177 1084 veteribus
3204 1015 3568 1089 Ecclesiarum
3590 1051 3681 1088 το-

2092 1109 2272 1166 πικῶν
2307 1102 2538 1184 ritibus;
2600 1132 2667 1172 ne
2701 1117 2827 1188 quis
2868 1130 2991 1189 post
3050 1105 3230 1177 Basilii
3262 1124 3471 1180 obitum
3521 1125 3679 1183 aliter

2090 1201 2393 1260 obtinuisse
2437 1204 2715 1276 conjiciat.
2762 1205 3044 1279 Ejusmodi
3092 1212 3276 1285 igitur,
3309 1215 3413 1271 hoc
3439 1226 3680 1272 estcon-

2091 1287 2275 1350 lictum
2307 1313 2448 1361 esse,
2483 1299 2830 1354 vehementer
2860 1303 3131 1372 suspicor,
3169 1305 3315 1375 quod
3361 1306 3466 1362 sub
3497 1305 3678 1361 Nova-

2090 1386 2363 1443 tianorum
2391 1389 2656 1445 duntaxat
2697 1401 2877 1446 ortum
2915 1394 3346 1463 pcenitcntialem
3394 1399 3678 1473 presbyte-

2091 1495 2212 1535 rum
2260 1483 2619 1539 constitutum
2675 1501 2798 1542 esse
2851 1478 2987 1542 dixit
3028 1507 3042 1543 :
3088 1498 3251 1561 quem
3295 1493 3421 1548 cum
3474 1493 3552 1549 ait
3600 1492 3680 1565 τῷ

2090 1560 2275 1626 κανόνι
2308 1576 2726 1653 προστεθεῖσθαι
2750 1578 2820 1634 ab
2862 1560 3157 1650 episcopis,
3193 1591 3332 1640 tecte
3385 1560 3676 1642 admodum

2090 1672 2143 1718 et
2195 1665 2390 1720 callide
2457 1665 2773 1725 Novatianae
2827 1660 3164 1730 crudelitatis
3214 1674 3365 1732 virus
3423 1675 3675 1742 instillat,

2091 1753 2249 1821 quasi
2281 1764 2394 1808 tum
2440 1756 2659 1823 demum
2692 1767 2867 1837 totum
2898 1761 3003 1818 hoc
3035 1762 3368 1832 poenitentiae
3397 1766 3675 1838 negetiuni

2090 1845 2455 1916 excogitatum
2493 1842 2658 1905 fu’crit
2699 1854 2763 1907 ac
2807 1854 2946 1908 novo
3005 1870 3217 1914 canone
3245 1857 3536 1913 sancitum.
3571 1855 3679 1913 Ne—

2086 1952 2193 2007 que
2215 1938 2359 1992 enim
2390 1934 2539 1996 recte
2585 1939 2665 2013 τῷ
2706 1944 2893 1998 κανόνι
2941 1937 3359 2016 προστεθεῗσθαι
3400 1933 3679 2021 accipiunt

2086 2026 2249 2099 vulgo
2285 2044 2411 2086 cum
2457 2032 2770 2104 interprete,
2825 2046 2886 2092 ut
2922 2038 2996 2093 sit
3027 2024 3221 2095 canoui
3242 2025 3507 2111 adjicere;
3548 2051 3673 2097 nam

2086 2119 2319 2176 canonis
2353 2122 2573 2178 decreto
2609 2126 2724 2180 vult
2752 2142 2875 2181 eum
2913 2129 3289 2203 presbyterum
3333 2131 3673 2203 adjunctum.

2087 2209 2269 2277 Quare
2316 2230 2439 2269 mox
2486 2216 2736 2286 sequitur
2773 2236 2787 2272 :
2820 2219 2966 2275 hunc
3006 2236 3270 2277 canonem
3306 2224 3377 2279 ab
3417 2224 3674 2279 Omnibus

2086 2296 2209 2352 aliis
2254 2304 2552 2371 receptum,
2582 2318 2613 2358 a
2654 2302 2978 2363 Novatianis
3027 2309 3289 2366 duntaxat
3327 2314 3672 2382 repudiatum

2087 2386 2277 2446 fuisse.
2342 2390 2538 2449 Verum
2595 2404 2657 2451 ut
2710 2397 2778 2453 de
2833 2397 3197 2459 institutionis
3251 2413 3493 2475 tempore
3537 2390 3674 2462 nihil

2086 2496 2412 2552 pugnemus.
2444 2487 2590 2557 quod
2620 2487 2689 2543 ad
2738 2504 3012 2546 summam
3044 2492 3189 2549 haud
3220 2495 3454 2551 multum
3501 2496 3669 2554 inter-

2083 2581 2187 2638 est,
2239 2573 2341 2638 sic,
2389 2576 2606 2645 opinor,
2669 2578 2942 2649 explicare
2990 2581 3093 2639 ista
3142 2600 3487 2655 possumus:
3526 2587 3667 2644 Cum

2084 2664 2194 2718 duo
2223 2665 2364 2736 apud
2397 2678 2606 2725 veteres
2633 2680 2835 2738 essent,
2886 2672 2944 2729 ut
2992 2685 3150 2731 antea
3195 2675 3506 2747 dueuimus,
3542 2681 3673 2750 p'ec-

2084 2758 2331 2810 calorum
2380 2765 2614 2828 grnera;
2661 2762 2769 2817 alia
2822 2766 3074 2834 graviora
3123 2772 3178 2823 et
3224 2758 3499 2840 capitalia,
3551 2774 3675 2843 (μιαὲ

2088 2846 2405 2904 neniinatim
2457 2866 2696 2909 canones
2757 2854 3292 2928 complectebantur,
3358 2864 3670 2935 quibusque

2087 2938 2302 3009 publica
2356 2945 2673 3031 pmqitentia
2708 2963 2845 3018 opus
2889 2961 3041 3031 erat;
3081 2945 3285 3010 leviora
3328 2943 3523 3025 altera,
3570 2949 3674 3016 huc

2083 3038 2165 3083 est
2198 3046 2228 3084 a
2262 3035 2570 3089 canonibus
2616 3036 2909 3108 prmtcrita,
2944 3040 3139 3112 primis
3173 3032 3431 3103 Ecclesia:
3460 3057 3672 3120 tempo-

2083 3117 2256 3181 ribus.
2308 3122 2494 3190 quise
2542 3126 2741 3195 prioris
2794 3133 3010 3200 generis
3058 3137 3296 3203 peccatis
3341 3117 3673 3197 obstrinxisé

2084 3215 2225 3277 sent,
2262 3215 2327 3268 ad
2360 3217 2648 3287 cpiscopus
2699 3222 3058 3291 ntplurimum
3109 3228 3372 3284 adeuntes
3404 3228 3672 3300 praesa-i-

2082 3315 2227 3372 ptatn
2266 3306 2336 3361 ab
2371 3307 2437 3361 iis
2473 3310 2849 3379 pmnitentiam
2894 3317 3201 3386 explebant.
3238 3324 3316 3377 Ac
3344 3324 3388 3377 si
3425 3323 3550 3394 quis
3576 3336 3667 3379 ve-‘

2083 3396 2383 3452 tustissima
2420 3412 2766 3459 monumenta
2805 3404 3119 3477 diligentius
3136 3412 3398 3482 exploret,
3428 3410 3670 3471 inveniet

2081 3488 2150 3543 ab
2173 3487 2445 3559 episcopis
2480 3492 2615 3563 ipsis
2660 3495 3036 3553 administrata
3089 3494 3261 3558 ferme
3298 3506 3506 3569 omnia,
3544 3511 3670 3576 quai
3712 3516 3719 3522 ’

2080 3578 2146 3633 ad
2178 3580 2503 3649 pmniteutes
2537 3584 2862 3651 attinebant,
2900 3591 3023 3644 cum
3067 3588 3122 3646 et
3164 3582 3452 3663 pauciores
3487 3597 3669 3655 adhuc

2079 3664 2375 3726 Christiani
2420 3672 2617 3743 forent,
2652 3686 2705 3732 et
2737 3679 2944 3735 rariora
3003 3674 3197 3738 delicta
3235 3692 3358 3757 qua“.
3390 3688 3663 3757 publicam

2080 3765 2455 3831 pazniteutiam
2506 3767 2803 3840 exigerent.
2855 3771 3220 3846 Pesteaquam
3281 3793 3411 3834 vero
3462 3782 3666 3851 pariter

2079 3863 2133 3909 et
2168 3853 2406 3912 fidelium
2468 3875 2732 3919 numerus
2764 3862 2819 3919 et
2849 3867 3075 3935 majoris
3102 3866 3192 3923 illa
3223 3866 3553 3941 paenitentiae
3580 3889 3666 3929 se;

2078 3952 2172 4018 ges
2227 3946 2471 4004 excrevit
2525 3944 2799 4024 [graviora
2879 3952 3089 4014 scllicet
3147 3952 3507 4036 capitaliaque
3553 3966 3664 4021 cri-

2087 4037 2284 4108 mina],
2311 4056 2435 4096 cum
2466 4058 2607 4101 unus
2641 4053 2742 4115 par
2773 4050 3029 4108 omnibus
3059 4059 3179 4109 esse
3206 4071 3313 4109 non
3340 4055 3522 4125 posset
3544 4059 3663 4128 cpi-

2079 4136 2307 4201 3copus;
2343 4134 2604 4190 vicarium
2629 4137 2733 4192 sibi
2764 4141 3140 4212 presbyterum
3179 4130 3485 4213 substituit,
3522 4162 3664 4216 quos

2076 4227 2200 4305 cu‘m
2236 4225 2475 4281 laborem
2514 4231 2829 4297 partiretur,
2853 4232 3059 4303 quiqire
3087 4234 3151 4289 iis
3184 4222 3529 4305 potissimum
3562 4254 3665 4295 au-

2075 4303 2288 4373 diendis
2310 4324 2549 4385 vacaret,
2573 4322 2666 4391 qui
2697 4322 2909 4393 publica
2936 4303 3254 4395 paenitentia
3285 4345 3353 4384 ex
3384 4344 3659 4386 canonum

2075 4406 2359 4467 sanctione
2401 4412 2746 4497 tenerentur;
2780 4432 2905 4472 nam
2939 4434 3057 4485 eos,
3090 4420 3181 4497 qui
3229 4422 3495 4492 privatam
3539 4433 3661 4478 tan-

384 4505 592 4576 alioqui
627 4504 759 4575 quid
815 4517 954 4573 opus
1002 4509 1121 4557 erat
1157 4500 1427 4573 ἐχέμυῡον
1499 4503 1834 4557 sacerdotem
1878 4505 1970 4558 dc-
2003 4509 2049 4565 Ι)
2078 4496 2361 4585 tummodo
2392 4488 2782 4588 desiderarent,
2826 4521 2856 4560 a
2912 4488 3297 4588 minutioribus
3328 4511 3660 4585 presbyteris

387 4600 573 4668 ligcrc,
605 4597 648 4651 si
683 4589 831 4649 Velut
870 4594 923 4648 in
963 4595 1174 4648 theatro
1214 4593 1583 4648 traducendus
1621 4604 1765 4675 esset
1794 4596 1971 4665 patui-

386 4699 528 4751 tens,
569 4695 623 4739 et
658 4685 727 4738 ab
777 4684 1028 4755 ipsomct,
1064 4682 1156 4739 aut
1195 4696 1225 4735 a
1259 4682 1539 4738 sacerdote
1570 4683 1715 4738 illius
1748 4697 1966 4755 peccata

386 4772 711 4846 publicanda
730 4770 753 4827 ἲ
912 4839 917 4844 _
1626 4854 1631 4859 ι

457 4866 590 4934 Quae
623 4882 749 4922 cum
786 4863 1181 4920 absurdissima
1232 4863 1360 4928 sint,
1393 4870 1449 4916 et
1499 4863 1565 4917 iis
1615 4862 1758 4918 haud
1792 4865 1965 4920 multo

383 4958 634 5022 meliora,
681 4972 804 5025 qua:
858 4954 1195 5010 anonnullis
1252 4946 1590 5019 afferuntur,
1647 4966 1749 5012 no‘s
1802 4957 1853 5010 in
1900 4972 1963 5011 ea

382 5048 757 5109 controversia
804 5046 915 5101 duo
967 5046 1217 5115 quaedam
1271 5047 1593 5101 excutienda
1641 5048 1900 5104 duximus
1946 5067 1959 5103 :

382 5138 612 5200 alterum
645 5146 911 5210 qborsum
965 5136 1053 5192 ille
1090 5134 1349 5194 sacerdos
1392 5136 1695 5204 institutus,
1731 5138 1960 5193 alterum

380 5244 654 5305 quatenus
686 5232 833 5286 illius
863 5230 933 5285 sit
967 5230 1224 5300 abrogata
1276 5228 1504 5285 functio.
1540 5223 1618 5285 Ac
1662 5232 1729 5285 de
1764 5221 1962 5288 Socra-

378 5325 457 5381 tis
489 5325 614 5387 ﬁde,
644 5313 746 5379 etsi
777 5324 919 5393 quod
966 5323 1031 5376 ad
1076 5322 1251 5391 ipsum
1287 5321 1619 5377 narrationis
1645 5335 1809 5392 caput
1836 5324 1963 5379 atti-

383 5426 499 5482 nct,
532 5413 668 5472 nihil
699 5417 804 5472 hoc
839 5418 957 5471 loco
988 5415 1322 5478 dubitemus,
1362 5411 1630 5482 permulta
1677 5410 1858 5469 tamen
1893 5416 1961 5469 ad

382 5502 670 5568 historiam
710 5511 777 5564 ab
818 5500 1006 5563 eodem
1033 5514 1240 5561 attexta
1279 5503 1574 5569 credimus,
1607 5516 1666 5561 ut
1702 5505 1956 5563 Novatia-

381 5617 579 5657 norum
636 5607 858 5661 sectam,
911 5599 996 5651 cui
1048 5607 1168 5650 crat
1210 5595 1479 5670 addictus,
1525 5598 1848 5653 commentis
1895 5604 1963 5654 ac’

380 5692 696 5753 mendaciis.
730 5690 1034 5743 Sublcvarct
1075 5705 1088 5741 :
1137 5686 1281 5755 q‘no‘d
1315 5687 1632 5756 plerumque
1691 5683 1955 5761 usurpare

458 5811 474 5840 ¹
502 5808 565 5864 F.
600 5809 1083 5881 εἰσπραξομένους.

706 5904 972 5961 Paratus,
1016 5896 1061 5960 ti
1076 5920 1134 5962 ιη.
1176 5897 1226 5963 X-
1241 5904 1342 5963 hil

2077 4582 2356 4646 absolutos
2382 4601 2503 4646 CSSe
2530 4582 2790 4651 credibile
2822 4596 2898 4653 fit.
2938 4596 3001 4653 Et
3026 4582 3245 4669 quidem
3276 4601 3407 4657 olim
3434 4582 3663 4660 absente

2075 4679 2331 4752 episcopo
2362 4695 2641 4752 nunquam
2673 4701 2703 4740 a
2743 4689 3077 4759 presbyteris
3106 4693 3449 4750 reconciliari
3477 4699 3658 4766 ptent-

2076 4780 2250 4829 tentes
2288 4774 2555 4843 solebant,
2586 4778 2681 4833 sed
2711 4767 3205 4838 eXtraordinarium
3237 4783 3329 4855 jus
3355 4785 3488 4843 illud
3518 4799 3659 4853 erat.-

2074 4859 2128 4917 ct
2155 4865 2450 4923 identidem
2500 4870 2567 4925 ab
2612 4870 2872 4940 episcopo
2900 4874 3237 4939 mandatum,
3281 4892 3390 4933 non
3435 4881 3656 4936 ordina-

2074 4956 2216 5013 rium
2235 4975 2299 5016 ac
2331 4948 2822 5018 certishomiuibus
2859 4968 2912 5019 ln
2949 4977 3266 5037 perpetuum
3295 4969 3648 5031 attributum“.

2142 5042 2323 5118 Quare
2371 5061 2432 5106 ut
2482 5052 2623 5122 apud
2677 5050 2954 5110 Romanos
2998 5057 3313 5128 capitalium
3361 5078 3657 5122 causarum

2071 5143 2310 5212 cognitio
2348 5143 2586 5212 primum
2620 5161 2650 5198 a
2679 5155 2893 5211 senatu,
2921 5136 3136 5217 quoties
3162 5158 3301 5222 opus
3342 5165 3481 5221 erat,
3523 5170 3663 5212 con-'

2068 5235 2248 5287 sulum
2286 5226 2441 5287 alteri
2502 5232 2857 5303 ambobusve,
2912 5248 3008 5294 aut
3066 5242 3190 5297 aliis
3240 5236 3657 5316 magistratibus

2067 5328 2551 5395 committebatur;
2584 5341 2769 5397 postea
2823 5336 3125 5402 quaestione
3174 5328 3390 5407 publica
3447 5324 3655 5397 consti-

2064 5427 2205 5482 tuta,
2250 5419 2481 5490 singulis
2538 5421 2884 5489 criminibus,
2939 5440 3062 5496 qum
3114 5430 3333 5497 quidem
3380 5434 3651 5488 atrociora

2065 5507 2269 5587 essent,
2300 5526 2435 5564 suus
2466 5520 2551 5566 cst
2587 5512 2751 5581 juch
2781 5531 2845 5570 ac
2878 5514 3075 5585 praetor
3105 5521 3388 5587 appositus
3422 5541 3435 5575 :
3472 5523 3553 5577 sic
3592 5524 3650 5579 in

2068 5585 2309 5657 Ecclesia
2337 5602 2615 5671 quondam
2652 5596 3030 5675 pmnitcntium
3063 5609 3280 5671 causas,
3307 5612 3511 5681 quibus
3539 5615 3650 5668 vel-

2065 5695 2161 5760 let,
2199 5684 2582 5766 disceptandas
2620 5699 2910 5755 uumdabat
2951 5702 3272 5771 cpiscopus;
3305 5703 3493 5774 postea
3525 5717 3651 5763 cer:

2070 5844 2125 5887 ὁ
3300 5900 3303 5903 λ

3286 5912 3370 5966 3ὶῦ
