4064 6402
531 373 669 431 1035

1622 369 1971 428 APPENDIX
2002 365 2643 425 DlSSERTATlO-NUM.

3656 375 3774 429 1036

530 502 619 549 tus
654 508 716 547 ac
748 491 1040 562 perpetuus
1087 491 1401 562 graviorum
1452 488 1744 545 criminum
1788 490 1975 559 juoex,
2012 503 2102 546 ιιο(

2217 507 2326 543 των
2354 486 2454 552 τὰς
2497 486 2645 557 σφῶν
2693 483 2872 539 αὐτῶν
2918 482 3315 554 πλημμελείας,
3367 487 3459 539 καὶ
3503 488 3603 541 ὑπὸ
3643 490 3777 564 ἀκρι-

531 593 609 642 est
638 584 868 657 publica:
894 583 1233 655 paenitentiae
1259 582 1677 639 administrator
1703 583 1991 640 institutus
2011 593 2114 640 est.

527 676 809 740 Eiusmodi
843 675 1286 748 poenitentiarius
1337 675 1426 731 ille
1455 676 1738 749 presbyter
1770 672 1894 741 fuit,
1935 674 2119 731 orien-

526 769 675 825 tibus
720 767 1067 837 Novatianis,
1101 768 1148 825 si
1182 766 1489 825 Novatiano
1520 767 1784 824 historico
1817 766 2114 827 credimus.

522 877 552 916 a
592 859 878 917 catholicis
927 860 1160 917 ascitus.
1211 861 1358 917 Idem
1407 867 1597 931 postea
1642 856 1997 930 stupri'iilius
2023 872 2117 913 oc-

520 952 750 1007 casione
786 950 1266 1024 Constantinopoli
1294 953 1545 1007 sublatus
1567 989 1583 1015 ,
1635 963 1856 1021 unaque
1893 962 2017 1004 cum
2048 962 2115 1004 eo

523 1044 863 1114 poenitentia:
890 1044 1125 1117 publicae
1159 1059 1293 1101 usus
1330 1044 1668 1115 interruptus
1700 1049 1804 1098 est.
1836 1038 2115 1097 Poeniten-

519 1137 635 1204 tiae,
665 1137 916 1209 inquam,
961 1152 1072 1193 non
1115 1134 1478 1193 confessionis
1523 1134 1775 1206 publicae,
1804 1148 1928 1205 quae
1960 1132 2112 1188 nulla

526 1245 769 1302 unquam
799 1230 856 1287 in
884 1246 1067 1288 rerum
1100 1240 1297 1286 natura
1334 1229 1457 1286 fuit.
1507 1227 1663 1296 Quod
1709 1225 1855 1281 enim
1895 1224 2110 1296 publica

510 1324 794 1380 duntaxat
840 1324 1156 1395 pmnitentia
1187 1337 1481 1394 suppressa
1517 1320 1609 1388 sit,
1635 1320 1720 1375 vel
1771 1328 1963 1375 auctor
1995 1318 2112 1389 ipse

518 1424 654 1484 post
684 1412 966 1469 Socratem
994 1413 1327 1469 narrationis
1366 1412 1513 1468 illius
1558 1410 1902 1466 Sozomcnus
1931 1415 2113 1464 osten-

524 1505 650 1560 dit:
686 1503 780 1575 qui
832 1504 976 1560 idem
1003 1545 1019 1569 ,
1061 1504 1207 1577 quod
1256 1501 1733 1573 Constantinopoli
1789 1502 2108 1572 abrogatum

523 1594 757 1661 dixerat,
789 1593 920 1651 alibi
953 1601 1250 1662 terrarum,
1286 1603 1341 1651 et
1380 1594 1435 1650 in
1472 1594 1787 1656 Occidente,
1818 1607 1884 1649 ac
1923 1591 2113 1647 Romae

511 1686 868 1756 potissimum
923 1701 1307 1758 perseverasse
1353 1687 1549 1754 docet;
1598 1684 1751 1756 quod
1797 1682 2109 1756 cuiusmodi

516 1787 663 1835 esset
686 1793 989 1851 exponens,
1016 1779 1228 1835 nullum
1262 1778 1410 1835 aliud
1445 1778 1552 1834 nisi
1579 1777 1812 1849 publicae
1839 1775 2110 1848 poeniten-

2221 580 2377 645 ϐείας
2415 579 2526 634 τῶν
2575 577 2668 632 ἐπὶ
2712 575 2890 647 τούτῳ
2930 575 3292 645 τεταγμένων
3326 579 3551 649 κριτῶν.
3578 579 3780 646 Quando

2219 672 2432 745 quidem
2460 673 2688 739 minora,
2722 679 2780 725 ut
2826 669 3034 739 opinor,
3068 680 3220 723 erant
3261 683 3384 727 ante
3423 686 3651 742 peccata.
3677 694 3780 733 cum

2218 773 2432 834 propter
2467 778 2649 818 eorum
2699 760 3063 815 uerecundiam
3095 761 3187 832 qui
3239 762 3336 817 illa
3376 766 3779 836 conﬁtebantur;

2221 863 2333 908 tum
2356 853 2419 907 ob
2447 868 2631 929 eqrum
2656 852 2748 925 qui
2779 851 2828 906 ei
2859 851 3066 923 negotio
3087 863 3353 922 prteerant
3383 856 3705 930 diligentiam
3728 878 3780 915 ac

2217 947 2655 1002 sollicitudinem.
2676 944 2883 1002 Verum
2913 947 3015 1003 etsi
3044 945 3522 1006 Novatiani‘verba
3550 963 3783 1023 prsstare

2218 1040 2353 1095 nihil
2392 1055 2616 1096 necesse
2654 1040 2745 1108 sit,
2783 1049 3015 1112 possunt
3057 1057 3120 1097 ea
3165 1051 3344 1099 tamen
3381 1045 3465 1100 sic
3502 1045 3690 1117 accipi,
3716 1048 3779 1102 uti

2217 1130 2417 1187 leviora
2450 1131 2621 1188 fuisse
2650 1132 2883 1189 crimina
2909 1135 3121 1203 doceat,
3151 1136 3296 1207 quod
3328 1147 3382 1192 et
3411 1138 3500 1193 illa
3536 1139 3779 1205 conﬁteri,

2217 1224 2311 1280 uni
2368 1222 2621 1281 videlicet
2669 1225 2835 1279 alicui
2891 1226 3187 1295 sacerdoti,
3234 1231 3559 1299 Oportuerit,
3616 1240 3780 1303 utputa

2215 1315 2643 1387 pmnitentiario,
2667 1326 2721 1372 et
2747 1318 2819 1373 ab
2836 1318 3025 1380 eodem
3052 1318 3287 1376 inflictas
3310 1337 3503 1392 poenas
3525 1324 3780 1394 excipere.

2216 1406 2442 1463 Sublata
2467 1423 2599 1463 vero
2628 1409 2973 1479 poenitentia,
3004 1411 3223 1467 tametsi
3253 1411 3426 1468 nihilo
3460 1414 3639 1470 secius
3669 1430 3787 1471 con-

2213 1495 2518 1566 fiterentur,
2534 1508 2717 1554 tamen
2735 1499 2952 1571 publice
2979 1501 3184 1557 nullam
3208 1503 3417 1574 peccati
3438 1504 3786 1578 suisignilica-

2213 1589 2418 1644 tionem
2443 1590 2685 1659 dabant;
2720 1591 2867 1662 quod
2900 1608 3077 1649 unum
3111 1595 3506 1666 paenitentibus
3535 1597 3788 1654 molestis-

2213 1680 2415 1737 simum
2454 1691 2573 1739 erat
2606 1691 2663 1740 et
2700 1683 3141 1742 acerbissimum.
3186 1685 3369 1755 Quare
3401 1689 3565 1755 αἰδώς
3608 1689 3693 1745 ilia
3740 1701 3787 1747 et

2214 1775 2539 1832 verecundia
2569 1792 2679 1833 non
2715 1788 2825 1835 tam
2852 1779 2919 1834 ad
2943 1777 3267 1849 ἐξαγγελίαν
3297 1779 3604 1844 referenda.
3633 1797 3785 1853 quam

516 1872 607 1926 tiae
628 1871 791 1927 ritum
818 1871 1112 1945 significat,
1144 1872 1351 1928 luctum
1378 1870 1652 1936 videlicet,
1682 1870 1954 1942 lacrymas
1979 1883 2106 1924 cunt
2140 1857 2179 1913 Β
2209 1864 2276 1918 ad
2310 1865 2587 1937 publicam
2619 1866 2903 1924 infamiam
2949 1878 3004 1925 et
3046 1883 3288 1940 poenam,
3318 1886 3441 1942 qua:
3488 1872 3786 1942 graviorum

517 1962 899 2031 paenitentiam
930 1963 1200 2034 ipsorum,
1234 1970 1351 2016 tum
1376 1961 1615 2033 episcopi
1645 1960 1819 2032 ipsius
1848 1974 1915 2016 ac
1940 1959 2108 2016 totius

512 2054 725 2125 populi.
753 2054 835 2109 Ad
860 2053 977 2109 haec
1004 2053 1237 2126 jejunia,
1267 2053 1488 2110 crebras
1513 2052 1794 2110 orationes
1823 2066 1889 2108 ac
1916 2050 2110 2108 statio-

517 2162 637 2211 nes,
674 2158 934 2203 sexcenta
968 2145 1021 2201 id
1060 2161 1257 2217 genus,
1286 2160 1524 2218 quorum
1568 2144 1624 2200 in
1664 2143 1944 2201 veteribus
1972 2159 2109 2199 con-

515 2238 658 2296 ciliis
709 2255 775 2297 ac
813 2247 1130 2297 sanctorum
1168 2238 1392 2295 Patrum
1431 2238 1805 2296 monumentis
1849 2237 2108 2311 frequens

511 2340 595 2386 est
635 2340 691 2388 et
733 2342 991 2388 accurata
1042 2331 1269 2389 mentio.
1324 2329 1588 2404 Nuspiam
1641 2340 1827 2387 autem
1875 2330 2109 2402 publica:

512 2421 877 2481 confessionis
908 2440 1071 2481 usum
1099 2440 1167 2481 ne
1195 2425 1374 2482 littera
1402 2424 1622 2499 quidem
1652 2424 1882 2494 attigere
1910 2421 2108 2479 Socra-

513 2525 596 2572 tes
631 2514 696 2572 ac
730 2517 1113 2590 Sozomqnus;
1153 2534 1332 2590 neque
1369 2532 1535 2589 porro
1575 2516 1823 2589 privatae,
1855 2516 1941 2572 vel
1974 2530 2106 2572 con-

513 2608 795 2687 fessionis,
818 2609 903 2666 vel
926 2610 1264 2681 pmnitentize
1293 2610 1684 2674 meminerunt,
1704 2623 1869 2681 quam
1903 2621 2107 2664 utram-

512 2718 620 2772 que
665 2703 872 2758 salvam
925 2712 1091 2775 atque
1138 2700 1472 2758 incolumem
1502 2700 1669 2756 etiam
1713 2699 2107 2756 Constantino-

513 2791 625 2862 poli
681 2793 950 2848 mansisse
995 2790 1203 2846 nemini
1243 2790 1472 2846 dubium
1518 2802 1644 2845 esse
1693 2788 1873 2844 debet.
1919 2786 2107 2860 Neque

513 2898 845 2954 quemquam
892 2890 1129 2946 moveat,
1177 2879 1323 2952 quod
1382 2880 1643 2936 Socrates
1697 2878 1958 2949 subiicit,
1996 2876 2106 2933 Eu-

511 2974 817 3029 dannonem
848 2973 1037 3038 istum,
1070 2972 1164 3045 qui
1193 2970 1450 3029 Nectario
1490 2970 1791 3043 abrogandi
1832 2970 2103 3042 pmniten-

512 3064 659 3120 tiarii
685 3065 990 3137 presbyteri
1021 3065 1313 3121 consilium
1349 3062 1520 3132 dedit,
1553 3064 1832 3120 hortatum
1861 3078 2007 3130 esse,
2045 3072 2105 3119 ut

511 3173 959 3229 unumquemque
1001 3172 1117 3213 suae
1155 3156 1507 3213 conscientiae
1547 3155 1926 3227 relinqueret:
1957 3155 2103 3225 Συγ-

507 3251 757 3325 χωρῆσαι
785 3250 844 3304 δὲ
872 3250 1106 3306 ἕκαστον
1141 3250 1221 3323 τῷ
1270 3250 1386 3324 ἰδίῳ
1425 3249 1688 3305 συνειδότι
1734 3249 1845 3306 τῶν
1890 3266 2101 3322 μυστη-

511 3343 961 3417 ρίωνκμετέχειψ
1005 3352 1063 3398 ut
1096 3352 1286 3414 suapte
1316 3344 1639 3399 conscientia
1668 3342 1833 3413 fretus
1882 3342 2099 3414 ejusque

506 3445 714 3490 secutus
748 3435 1032 3490 arbitrium
1063 3436 1319 3507 mysteria
1350 3444 1663 3507 capesseret.
1689 3432 1828 3489 Nam
1856 3433 1989 3490 illud
2016 3434 2102 3489 in-

506 3536 588 3582 ter
621 3527 964 3599 antiquitatis
988 3528 1375 3597 ecclesiasticae
1398 3529 1600 3598 peritos
1625 3527 1900 3594 convenit,
1929 3525 2102 3598 publi-

503 3635 628 3674 cam
656 3622 786 3675 olim
808 3620 1210 3690 pmnitentiam,
1235 3620 1341 3676 hoc
1365 3628 1449 3676 est
1469 3635 1663 3691 poenas
1693 3620 1861 3691 ipsas,
1896 3618 2101 3691 quibus

503 3712 943 3779 satisfaciebant,
973 3728 1275 3784 earumque
1322 3721 1538 3784 tempus
1579 3727 1648 3767 ac
1678 3711 1946 3767 rationem
1986 3719 2099 3765 tam

504 3813 822 3858 constanter
871 3819 936 3859 ac
982 3819 1193 3868 severe,
1245 3813 1296 3859 et
1351 3804 1418 3860 ad
1476 3819 1714 3876 unguem
1774 3804 2101 3859 observasse

508 3893 745 3961 priscam
787 3890 1112 3961 Ecclesiam,
1163 3902 1223 3948 ut
1272 3902 1399 3948 ante
1443 3895 1649 3964 justam
1688 3909 1755 3950 ac
1796 3894 2096 3966 legitimam

505 3983 654 4039 illius
700 3982 1035 4038 functionem
1078 3984 1234 4041 nefas
1278 4000 1401 4041 esse
1444 3995 1662 4057 putaret
1707 3985 1775 4041 ad
1820 4001 2009 4058 pacem
2044 3997 2101 4042 et

507 4076 954 4131 communionem
989 4077 1269 4134 accedere.
1302 4077 1441 4134 llinc
1466 4094 1623 4134 acres
1659 4094 1723 4135 ac
1749 4078 2098 4135 vehementes

508 4170 614 4223 illac
650 4168 907 4241 Cypriani
943 4172 1245 4240 prtesertim
1276 4171 1536 4242 querelae,
1565 4187 1705 4243 quas
1748 4172 1803 4227 in
1842 4172 1983 4228 libro
2016 4171 2096 4229 De

505 4260 671 4330 lapsis
702 4268 756 4315 et
790 4260 844 4314 in
881 4262 1128 4331 epistolis
1161 4263 1417 4319 inculcat.
1454 4265 1587 4317 Ante
1625 4264 1841 4334 expiata
1873 4263 2094 4330 delicta,

502 4345 578 4398 ait
599 4342 743 4399 libro
771 4343 844 4399 De
874 4344 1063 4415 lapsis,
1090 4356 1214 4401 ante
1236 4347 1659 4417 exhomologesin
1683 4348 1886 4418 factam
1914 4349 2097 4402 crimi-

501 4436 608 4501 nis,
642 4445 765 4489 ante
804 4447 1085 4508 purgatam
1137 4440 1515 4493 conscientiam
1561 4440 1830 4509 sacri/icio
1853 4447 1904 4493 et
1932 4455 2093 4494 manu

2212 1957 2505 2014 criminum
2528 1960 2933 2019 confessionem
2959 1963 3272 2019 necessario
3297 1976 3638 2034 sequeretur.
3663 1961 3787 2020 Nam

2208 2058 2306 2106 aut
2350 2051 2521 2118 nulla,
2568 2062 2665 2109 aut
2721 2053 2910 2111 leviori
2949 2054 3273 2112 verecundia
3333 2056 3593 2128 deinceps
3626 2052 3789 2113 allecti

2210 2151 2361 2209 sunt,
2411 2143 2559 2214 quod
2601 2143 2807 2201 scirent
2843 2145 3062 2217 publica
3101 2162 3159 2203 se
3205 2147 3526 2219 ignominia,
3576 2165 3639 2205 ac
3688 2160 3789 2205 tam

2208 2234 2472 2290 diututno
2515 2237 2765 2293 cruciatu
2807 2237 3104 2296 carituros.
3146 2239 3229 2295 Ad
3272 2254 3392 2295 eam
3448 2250 3687 2297 mentem
3735 2256 3793 2296 ac

2209 2329 2538 2384 sententiam
2568 2328 2728 2402 dirigi
2756 2338 3008 2401 possunt,
3042 2346 3166 2401 quas
3194 2347 3225 2386 a
3252 2329 3650 2404 Cbrysostomo
3674 2348 3789 2389 cum

2213 2418 2339 2475 aliis
2372 2419 2428 2475 in
2466 2419 2626 2487 locis,
2654 2429 2772 2476 tum
2803 2420 2957 2476 hom.
2989 2420 3023 2476 5
3058 2421 3134 2476 De
3171 2422 3430 2493 incontpr.
3456 2422 3556 2478 Dei
3590 2432 3791 2490 natura,

2210 2524 2404 2579 parum
2440 2511 2731 2567 commode
2763 2511 2910 2567 dicta
2938 2512 3211 2579 videntur,
3254 2513 3344 2569 ubi
3396 2525 3711 2584 peccatores
3734 2531 3791 2571 ca

2207 2615 2269 2656 se
2300 2601 2415 2671 lege
2442 2613 2602 2675 negat
2641 2603 3003 2676 obstringere,
3032 2615 3094 2661 ut
3124 2607 3460 2675 hominibus,
3492 2611 3591 2664 sed
3623 2620 3682 2665 ttt
3707 2611 3791 2664 uni

2207 2692 2473 2749 duntaxat
2521 2694 2633 2750 Deo
2680 2705 2902 2766 peccata
2952 2695 3246 2753 fateantur.
3288 2698 3389 2752 Διὰ
3420 2699 3585 2754 τοῦτο
3617 2718 3787 2773 παρα-

2206 2782 2380 2847 καλῶ,
2412 2785 2508 2838 καὶ
2542 2784 2757 2858 δέομαι,
2803 2786 2898 2841 καὶ
2931 2786 3200 2841 ἀντιδολῶ
3242 2787 3684 2859 ἐξομολογεῖσθαι
3723 2791 3794 2859 τῷ

2205 2874 2327 2945 Θεῷ
2360 2877 2616 2949 συνεχῶς.
2660 2878 2795 2933 Οὐδὲ
2830 2879 2941 2951 γὰρ
2971 2880 3053 2944 εἰς
3084 2879 3147 2933 τὸ
3184 2879 3411 2954 θέατρόν
3451 2898 3513 2936 σε
3544 2883 3665 2951 ἄγω
3694 2881 3793 2936 τῶν

2208 2968 2346 3033 σῶν,
2379 2969 2502 3023 οὐδὲ
2534 2968 2842 3041 ἐκκαλύψαι
2884 2974 2998 3037 τοῖς
3039 2971 3350 3044 ἀνθρώποις
3392 2974 3692 3044 ἀναγκάζω
3730 2977 3792 3029 τὰ

2207 3059 2426 3132 ἁμαρτῆ
2435 3078 2583 3132 ματα
2602 3079 2617 3093 ·
2644 3062 2707 3116 τὸ
2750 3063 2989 3128 συνειδὸς
3017 3063 3325 3133 ἀνάπτυξον
3365 3065 3677 3140 ἔμπροσθεν
3703 3065 3790 3121 τοῦ

2206 3150 2365 3215 Θεοῦ,
2400 3152 2498 3206 καὶ
2529 3152 2681 3225 αὑτῷ
2705 3153 2878 3222 δεῖξον
2907 3154 2979 3209 τὰ
3008 3156 3319 3230 τραύματα,
3349 3158 3444 3213 καὶ
3474 3162 3611 3233 παρ’
3637 3159 3790 3214 αὖτοῦ

2205 3242 2276 3296 τὰ
2302 3243 2574 3315 φάρμακα
2624 3244 2869 3318 αἴτησον.
2912 3245 3040 3302 Non
3074 3256 3144 3314 te,
3175 3249 3374 3320 inquit,
3408 3250 3464 3305 in
3498 3267 3709 3307 scenam
3734 3268 3790 3306 ac

2203 3351 2570 3391 conservorum
2592 3346 2803 3393 tuorum
2833 3355 3135 3396 consessum
3175 3344 3388 3412 prodire
3410 3342 3577 3412 jubeo
3597 3387 3614 3413 ,
3644 3362 3792 3416 neque

2203 3424 2503 3481 hominibus
2525 3437 2742 3498 peccata
2775 3438 2866 3485 tua
2888 3431 3186 3501 patefacere
3211 3450 3230 3489 :
3257 3434 3364 3488 imo
3391 3450 3511 3489 rero
3535 3437 3793 3490 conscien-

2204 3516 2335 3570 tiam
2361 3526 2506 3572 taam
2533 3535 2713 3574 coram
2742 3518 2852 3576 Deo
2878 3524 3049 3591 aperi,
3104 3533 3211 3580 etc.
3274 3523 3484 3581 Etenim
3514 3528 3659 3598 quod
3687 3526 3797 3581 tum

2202 3608 2537 3680 pmnitentis:
2560 3611 2791 3683 publica:
2829 3628 2964 3672 usus
3011 3615 3403 3683 intercidisset,
3438 3632 3662 3690 peccata
3702 3635 3789 3675 eo-

2202 3714 2320 3755 ram
2347 3701 2666 3761 hominibus
2692 3704 2957 3775 publicari
2990 3706 3286 3777 desierant,
3321 3711 3425 3765 hnc
3457 3720 3545 3767 est
3571 3719 3790 3767 externo

2202 3794 2296 3877 illo
2325 3796 2580 3867 squalore
2623 3813 2690 3853 ac
2732 3800 3006 3868 sordibus,
3043 3802 3249 3871 cilicio,
3311 3803 3673 3869 volutatione,
3713 3817 3789 3861 re-

2200 3888 2351 3960 liqua
2378 3890 2530 3945 omni
2558 3892 2815 3949 maeroris
2853 3908 2919 3950 ac
2955 3892 3140 3950 luctus
3168 3894 3569 3966 signiﬁcatione
3598 3896 3785 3967 detegi.

2200 3985 2529 4054 Quanquam
2589 3985 2761 4040 multa
2822 3993 2950 4041 sunt
3014 4000 3047 4041 a
3093 3987 3458 4044 sanctissimis
3505 3987 3786 4052 Patribus,

2199 4072 2617 4143 praesertimque
2652 4088 2684 4128 a
2710 4072 3105 4146 Cbrysostomo
3148 4075 3203 4130 in
3250 4077 3491 4132 homiliis
3532 4094 3788 4150 aspersa:

2199 4174 2322 4232 qua:
2361 4163 2407 4219 si
2456 4163 2524 4220 ad
2572 4174 2779 4221 exacta:
2805 4166 3058 4223 veritatis
3105 4169 3348 4239 regulam
3379 4171 3791 4227 accommodare

2199 4254 2463 4323 volueris,
2514 4256 2645 4312 boni
2698 4271 2896 4314 sensus
2951 4258 3134 4314 inania
3187 4260 3560 4318 videbuntur:
3598 4261 3791 4333 quippe

2197 4344 2595 4402 declamatorio
2631 4347 2724 4402 illo
2750 4362 2904 4404 more
2946 4349 3013 4405 ad
3053 4350 3359 4421 imperitam
3397 4351 3509 4408 fere
3543 4353 3787 4409 multitu-

2197 4436 2406 4502 dinem,
2440 4440 2801 4510 exaggerandi
2848 4456 3041 4510 causa,
3080 4451 3136 4497 et
3187 4442 3372 4499 subito
3405 4446 3649 4516 quodam
3692 4445 3787 4500 im-

503 4527 816 4594 sacerdotis,
850 4536 975 4581 ante
1014 4527 1271 4596 offensam
1313 4528 1584 4598 placatam
1622 4528 1951 4600 indignantis
1986 4527 2092 4583 Do-
2118 4552 2174 4614 Β
2202 4534 2328 4598 petu
2362 4528 2579 4585 dicendi
2614 4544 2679 4584 ac
2711 4530 2893 4586 calore
2930 4531 3155 4602 profusa
3190 4533 3441 4589 feruntur
3469 4536 3786 4606 plerumque

504 4619 637 4672 mini
673 4628 723 4672 et
753 4619 1026 4685 minantis,
1064 4636 1245 4690 pacem
1272 4629 1462 4690 putant
1504 4637 1638 4688 esse,
1683 4637 1845 4692 quant
1882 4620 2094 4693 quidem

499 4711 666 4765 verbis
697 4711 983 4780 [altaribus
1013 4713 1302 4768 venditant.

573 4799 725 4856 Hanc
759 4806 1090 4874 poenitentiae
1136 4803 1369 4859 fortnam
1413 4822 1538 4860 cum
1583 4806 1824 4878 episcopi
1860 4807 2094 4880 diligen-

502 4901 586 4947 ter
628 4895 940 4965 exigerent,
990 4913 1091 4951 nec
1139 4897 1241 4952 nisi
1294 4897 1544 4953 absoluta
1597 4900 1687 4954 illa
1744 4898 2095 4970 perfectaque

444 5058 447 5063 ι
501 5001 831 5056 quemquam
873 4987 1241 5056 admitterent,
1270 4990 1449 5046 ablata
1480 4991 1961 5061 Constantinopoli
1986 5008 2090 5062 pu-

503 5077 642 5131 blica
690 5079 1043 5147 pmnitentia,
1090 5079 1343 5151 privatim
1393 5083 1692 5154 unicuique
1746 5083 2093 5138 moderanda:

500 5171 649 5226 illius
690 5186 756 5225 ac
801 5172 1158 5228 terminandzc
1205 5185 1448 5245 potestas
1493 5186 1577 5231 est
1621 5175 1798 5239 facta;
1849 5191 1973 5230 cum
2026 5191 2089 5228 ea

504 5275 686 5319 tamen
714 5265 989 5329 cautione,
1020 5274 1079 5320 ut
1099 5267 1201 5320 nisi
1228 5269 1330 5322 rite
1358 5276 1409 5322 et
1437 5284 1536 5338 pro
1561 5269 1887 5323 delictorum
1927 5267 2090 5321 modo

414 5429 429 5435 ε
503 5371 532 5408 a
563 5356 744 5426 seipse
777 5370 968 5426 poenas
1016 5368 1299 5427 repeteret,
1343 5359 1485 5429 apud
1523 5359 1694 5415 Deum
1744 5373 2087 5429 nequaquam

499 5447 655 5515 culpa
685 5456 912 5503 careret.
949 5448 1242 5518 Aliquanto
1273 5449 1548 5506 difﬁcilius
1583 5460 1685 5515 est,
1726 5453 1874 5522 quod
1908 5450 2087 5507 Sozo-

502 5550 696 5592 menns
727 5540 965 5594 disserit.
1001 5538 1257 5606 Queritur
1283 5541 1429 5596 enim
1465 5542 1570 5597 hoc
1609 5543 1755 5596 velut
1795 5541 1950 5598 freno
1989 5542 2089 5599 de-

505 5633 676 5684 tracto
709 5630 966 5698 majorem
994 5632 1061 5685 ad
1101 5647 1263 5686 omne
1297 5632 1478 5687 scelus
1505 5632 1882 5704 impunitatem
1919 5650 1985 5689 ac
2021 5635 2088 5689 li~

505 5722 735 5773 centiam
763 5725 1057 5779 exstitisse.
1078 5724 1231 5778 Ἐπεὶ
1246 5725 1534 5797 πρότερον,
1551 5725 1627 5788 ὡς
1652 5726 1911 5797 ἡγοῦμαι,
1947 5727 2084 5797 μείω

496 5809 567 5861 τὰ
604 5810 975 5883 ἁμαρτήματα
1006 5810 1093 5885 ἦν,
1133 5816 1238 5869 ὑπό
1272 5833 1331 5868 τε
1367 5814 1549 5877 αἰδοῦς
1586 5818 1695 5870 τῶν
1739 5818 2102 5894 ὲξαγγελλόῆ

2199 4618 2474 4676 licentius.
2532 4619 2684 4677 Unde
2732 4639 2799 4678 ex
2832 4623 3064 4679 aliorum
3101 4627 3509 4695 comparatione
3543 4626 3783 4683 locorum

2197 4711 2284 4767 vel
2312 4712 2675 4769 conciliarent
2715 4717 2898 4785 potius
2940 4730 3005 4771 ac
3052 4716 3275 4772 Patrum
3325 4721 3699 4789 temperanda,
3734 4728 3784 4774 et

2198 4802 2253 4856 in
2281 4817 2474 4873 gyrum
2514 4804 2760 4859 veritatis
2797 4806 3109 4861 revocanda
3139 4816 3288 4863 sunt.

2268 4894 2432 4965 Atqui
2460 4896 2747 4951 innumera
2776 4906 2905 4952 sunt
2937 4898 3279 4969 antiquitatis
3308 4901 3649 4966 testimonia,
3672 4916 3785 4972 qua:

2196 4997 2547 5057 peccatorum
2582 4987 2937 5055 confessioni,
2983 4998 3038 5043 et
3071 4989 3290 5060 quidem
3339 5000 3565 5047 secreta:
3601 5008 3669 5047 ac
3707 5004 3783 5046 ta-

2194 5081 2337 5144 eitm,
2361 5080 2792 5137 luculentissime
2816 5080 3224 5152 suffragantur:
3254 5098 3375 5154 qua:
3402 5099 3526 5137 cum
3547 5083 3658 5141 bac
3681 5099 3782 5139 una

2193 5173 2278 5229 vel
2332 5173 2502 5228 altera
2547 5172 2708 5243 paulo
2743 5173 3064 5229 obscuriore
3102 5173 3475 5246 Cltt‘ySOstont‘i
3512 5176 3782 5233 sententia

2194 5267 2541 5338 compensari
2575 5276 2824 5336 possunt.
2848 5264 3007 5330 Nam,
3044 5276 3099 5321 ut
3136 5282 3238 5337 ego
3260 5268 3451 5338 paucis
3482 5268 3781 5334 absolvam,

2194 5375 2371 5430 neque
2386 5360 2530 5414 enim
2558 5359 2608 5414 id
2634 5360 2796 5414 modo
2819 5359 3034 5429 agitur:
3058 5370 3410 5433 quotcunque
3425 5370 3669 5417 veterum
3692 5360 3780 5415 Pa~

2195 5461 2337 5506 trum
2365 5454 2566 5524 scripta
2611 5466 2761 5520 sunt,
2802 5457 2885 5512 vel
2929 5458 3287 5514 conciliorum
3327 5459 3781 5529 docreta,quibns

2190 5544 2525 5613 paenitentia:
2554 5543 2750 5604 m'odus
2776 5549 3056 5617 indicitur,
3078 5551 3302 5608 totidem
3324 5551 3686 5609 confessionis
3705 5566 3780 5605 ar.

2189 5652 2342 5692 canae.
2375 5638 2717 5695 ﬁrmamenta
2758 5657 2822 5697 ac
2860 5644 3196 5701 monimenta
3227 5646 3553 5702 retinemus;
3580 5644 3778 5718 anent

2189 5731 2569 5801 antiquissima
2594 5732 2817 5789 Patrum
2842 5745 3004 5807 atque
3027 5737 3285 5795 Ecclesia:
3307 5739 3578 5801 consulta,
3598 5738 3776 5808 lapsos

2189 5839 2287 5893 pro
2307 5836 2651 5894 peccatorum
2674 5841 2721 5898 gr
2743 5829 2937 5886 avitate
2963 5830 3142 5901 plecti,
3162 5840 3213 5887 et
3232 5834 3296 5887 ab
3328 5830 3668 5887 antistitibus
3689 5836 3777 5883 aut
