4064 6422
394 356 535 414 i037

1323 342 1410 396 DE
1450 337 1925 397 PLISMTEN'HAS
1964 333 2236 390 \‘ETERE
2269 330 2668 386 DlSClPLlNA.

3532 321 3551 376 Ι
3565 319 3666 377 058

393 465 773 524 sacerdotibus
827 459 1120 531 pmnitutnli
1163 458 1304 529 leges
1348 468 1412 511 ac
1459 455 1798 510 conditiones
1836 449 1978 504 acci-
2011 459 2051 508 Α
2091 445 2486 516 Chrysostomo
2543 442 2765 496 minime
2818 447 3149 493 revocatum.
3204 438 3285 531 Ub
3334 449 3426 490 eas
3473 448 3671 531 causas

394 574 544 630 pere,
579 567 659 620 ut.
688 570 878 610 eorum
919 568 1084 608 causa
1135 551 1352 620 cognita
1397 563 1460 602 ac
1502 545 1798 627 prudenter
1838 542 1983 599 aesti-

396 661 579 715 mata,
628 648 925 703 Icvioribbs
975 647 1094 700 illos
1146 642 1555 715 gravioribusve
1600 639 1777 713 ptenis
1823 652 1980 692 coer-

395 748 576 798 ceant.
610 736 877 806 Quissnisi
905 737 1133 791 insanus
1155 733 1312 788 aliter
1337 732 1387 785 id
1417 728 1789 785 administrari
1822 740 1985 796 posse

399 837 572 901 putet,
602 842 766 896 quam
806 826 851 881 si
888 832 1109 896 peccata
1154 838 1254 879 sua
1297 822 1385 877 ille
1422 821 1557 892 ipse,
1607 818 1698 888 qui
1741 816 1983 884 admisit,

398 920 684 992 exponat?
725 910 1089 975 Confessione
1122 916 1290 986 igitur
1318 930 1383 969 ac
1405 912 1773 968 deelaratione
1804 910 1986 980 aliqua

382 1023 542 1078 ,opus
571 1021 673 1062 esu
705 1005 778 1060 Ea
819 1021 947 1059 vero
993 1005 1203 1075 privata
1245 1018 1310 1058 ac
1351 1002 1539 1064 tacita,
1570 1013 1630 1056 ut
1679 1000 1840 1056 hodie
1881 1007 1985 1065 est,

401 1101 478 1154 ita
510 1109 771 1169 perpetuo
809 1097 930 1163 luit,
975 1106 1076 1151 nec
1115 1096 1223 1150 ulla
1265 1110 1508 1164 unquam
1542 1093 1759 1164 publica
1792 1108 1892 1147 usu
1924 1107 1988 1147 ac

401 1192 652 1246 moribus
687 1189 942 1246 Ecclesiae
971 1198 1184 1259 receptu
1214 1207 1228 1244 :
1263 1187 1409 1260 quod
1441 1196 1719 1258 postremo
1748 1187 1868 1243 loco
1895 1187 1988 1241 de-

402 1282 822 1338 monstrandum
854 1281 1220 1354 suscepimus.

414 1390 697 1459 _Fueritne
743 1393 1009 1463 quondam
1048 1390 1260 1463 publica
1301 1400 1636 1461 peccatorum
1694 1391 1954 1460 ronfesst'o

796 1461 1057 1517 Ecclesin
1086 1462 1319 1516 moribus
1364 1472 1589 1531 recepta.

477 1551 799 1608 Inveteravit
819 1554 1097 1626 Ιιειξευερυιι
1136 1556 1572 1626 quamplurimos
1595 1555 1770 1613 anatis
1795 1564 1992 1611 nostra:

405 1646 705 1716 scriptores
730 1647 916 1717 opinio
943 1690 958 1715 ,
993 1647 1265 1717 publicam
1305 1658 1654 1716 peccatorum
1691 1647 1991 1703 confessio-

403 1752 530 1792 nem
559 1739 893 1808 pmnitentiae
917 1750 1127 1810 partem
1153 1739 1324 1797 fuisse
1346 1779 1362 1805 ,
1388 1740 1747 1811 eamdemque
1772 1740 1994 1811 perinde

405 1836 471 1882 ut
501 1839 694 1884 callem
739 1830 886 1884 illius
914 1829 1088 1885 cilicia
1128 1832 1408 1887 communi
1452 1846 1552 1888 usu
1600 1846 1664 1886 ac
1695 1839 1993 1888 consuetu-

413 1922 540 1978 dine
588 1935 883 1994 nceptam.
927 1923 1033 1977 Sed
1093 1923 1401 1994 cujusmodi
1430 1922 1651 1978 demum
1696 1940 1763 1980 ea
1810 1921 1991 1986 fuerit,

408 2014 722 2084 quibusque
758 2013 981 2069 deﬁnita
1018 2024 1364 2084 peccatorum
1400 2016 1716 2086 generibus,
1750 2032 1857 2071 non
1899 2029 1993 2071 co—

409 2107 533 2161 dem
569 2108 735 2163 modo
780 2107 1137 2178 pronuntiant
1166 2122 1377 2163 omnes.
1438 2107 1636 2163 Verum
1670 2107 1762 2162 alii
1797 2107 1994 2165 tolera-

408 2199 600 2263 bilem,
646 2199 738 2255 alii
771 2214 997 2269 prorsus
1025 2198 1325 2255 absurdum
1362 2199 1510 2255 hunc
1538 2211 1782 2255 errorem
1826 2199 1997 2255 inter-

410 2290 721 2360 pretatione
751 2305 852 2345 sua
884 2288 1107 2344 faciunt.

484 2379 660 2437 Fuere
689 2382 782 2450 qui
836 2380 1045 2434 nullum
1095 2388 1447 2451 peccatorum
1482 2394 1653 2449 genus
1697 2395 1727 2434 a
1769 2380 1998 2451 publicae

412 2474 533 2546 lege
561 2472 931 2529 confessionis
950 2460 1415 2543 exeiperentfne
1462 2473 1678 2528 occulta
1734 2474 1992 2543 quidem:

414 2580 557 2635 quos
583 2566 966 2635 prudentiores
990 2563 1170 2619 cancri
1199 2564 1396 2619 merito
1426 2564 1752 2634 rejiciendos
1777 2575 1992 2635 putant.

414 2657 522 2711 Alii
578 2656 792 2727 publica
834 2655 1100 2711 duntaxat
1145 2654 1416 2718 crimina,
1468 2653 1739 2726 vulgoque
1779 2658 1998 2728 cognita

414 2747 648 2818 publicae
698 2746 773 2800 illi
833 2746 1163 2817 professioni
1221 2746 1542 2817 subjiciunt.
1611 2748 1716 2802 Alii
1767 2748 2001 2820 denique

415 2848 566 2895 certa
589 2839 857 2894 duntaxat
877 2854 942 2894 ex
972 2839 1229 2893 omnibus
1259 2853 1289 2893 a
1317 2839 1655 2909 paenitentiae
1679 2840 2002 2911 prwsidibus

417 2933 627 2988 delecm
660 2932 1016 2987 contendunt.
1039 2930 1266 2988 .Rursus
1298 2932 1469 3003 aliqui
1504 2935 1830 3003 ptenitentes
1853 2935 2001 3005 ipsos

417 3034 675 3080 asserunt
734 3023 790 3078 in
846 3023 1169 3079 concionem
1221 3024 1517 3095 productos
1570 3041 1668 3082 sua
1720 3028 2001 3098 propalam

2088 536 2314 593 dubium
2351 534 2554 588 nemini
2605 532 2729 598 fuit,
2763 533 2895 601 quin
2964 538 3160 599 pra-ter
3212 530 3476 599 privatam
3524 516 3672 582 illam

2089 640 2151 681 ac
2183 624 2501 697 legitimam,
2534 633 2587 677 et
2615 637 2740 676 vere
2782 620 3171 682 necessariam,
3201 619 3493 689 q‘uu'rcnda
3529 627 3673 673 esset

2090 720 2260 775 altera
2333 715 2823 784 constituendaque
2885 713 3124 783 publica.
3178 712 3278 765 Cui
3338 711 3675 767 stabilienda:

2089 808 2507 880 asserenda:un
2546 807 2697 861 varia
2757 805 3107 875 postmodum
3157 804 3408 874 praesidia
3445 803 3676 873 conqui-

2088 903 2322 965 sierunt,
2345 917 2409 961 ex
2441 900 2806 971 quorumdam
2832 896 3056 952 Patrum
3091 896 3672 952 auctoritatibusuum

2092 1006 2220 1047 vero
2251 992 2704 1063 t‘xhomologcsin
2742 990 2887 1045 illam
2926 1003 2992 1043 eo
3024 997 3303 1043 traxerunt
3332 1006 3345 1042 :
3380 989 3539 1059 cujus
3578 1004 3673 1044 an-

2090 1084 2315 1156 tiquitas
2359 1085 2542 1139 omnis
2602 1083 2919 1138 Christiana
2958 1094 3201 1152 persazpe
3238 1082 3503 1137 meminit.
3549 1081 3674 1139 llzcc

2091 1176 2310 1231 illorum
2339 1175 2481 1229 ratio
2507 1172 2609 1229 fuit
2632 1214 2646 1237 ,
2686 1189 2870 1229 nostra
2906 1189 3036 1230 vero
3073 1186 3158 1232 est
3184 1175 3451 1248 ejusmodi
3484 1194 3497 1230 :
3534 1176 3671 1230 Cum

2091 1267 2159 1321 de
2200 1264 2396 1337 priscis
2448 1264 2706 1322 Ecclesiae
2758 1267 2958 1322 ritibus
3010 1268 3223 1335 agitur,
3283 1267 3421 1321 nihil
3475 1276 3677 1323 temere

2094 1375 2195 1415 nec
2234 1359 2444 1430 absque
2479 1369 2723 1416 veterum
2758 1361 3090 1430 scriptorum
3134 1362 3410 1432 expressis
3440 1360 3680 1418 teatimo-

2094 1449 2202 1504 niis
2225 1447 2582 1505 atlercndum.
2618 1446 2806 1519 Neque
2843 1449 2988 1505 enim
3023 1449 3075 1505 id
3106 1467 3273 1504 unum
3311 1450 3512 1506 intueri
3549 1451 3683 1505 satis

2094 1556 2236 1605 esse,
2264 1557 2428 1612 quam
2462 1552 2511 1597 te
2541 1542 2895 1613 probabiliter
2921 1557 2951 1597 e
2978 1541 3188 1612 laqueis
3228 1543 3546 1613 quaesuonis
3583 1541 3683 1597 ali-

2096 1637 2259 1704 cujus
2310 1634 2570 1706 explices,
2603 1635 2747 1704 quod
2800 1636 2851 1689 in
2903 1634 3250 1690 scholasticis
3289 1635 3683 1690 controversiis

2103 1740 2203 1780 usu
2277 1726 2460 1791 venit;
2513 1724 2607 1780 sed
2659 1726 3020 1796 quodcunque
3067 1726 3286 1781 densum
3355 1723 3684 1795 antiquioris

2098 1820 2354 1876 Ecclesia:
2385 1820 2635 1877 moribus
2668 1820 3013 1890 ascripseris,
3038 1820 3201 1891 hujus
3231 1835 3294 1875 ex
3329 1820 3555 1875 historia
3588 1818 3683 1873 tibi

2098 1912 2381 1968 veritatem
2409 1927 2531 1968 esse
2557 1906 2942 1987 praestandam.
2977 1909 3098 1968 Jam
3136 1922 3265 1969 vero
3295 1911 3382 1967 hic
3427 1910 3516 1967 ille
3550 1926 3683 1966 con-

2098 2002 2353 2059 fessionis
2393 2003 2627 2074 publica
2678 2017 2823 2068 mos,
2867 2017 2976 2073 quo
3011 2003 3077 2059 de
3114 2002 3327 2075 agitur,
3362 2010 3467 2056 non
3520 2002 3683 2057 modo

2099 2094 2332 2151 solidum
2369 2096 2533 2151 habet
2573 2090 2706 2150 nihil
2750 2104 2844 2151 aut
2873 2110 3195 2166 expressum
3226 2111 3290 2151 ex
3337 2095 3486 2152 omni
3526 2106 3681 2150 vetus

2099 2188 2257 2242 statis
2285 2188 2570 2251 memoria,
2590 2203 2700 2258 quo
2730 2187 2867 2243 tueri
2891 2203 3010 2247 sese
3038 2188 3232 2258 possit,
3255 2189 3347 2244 sed
3377 2188 3563 2243 multis
3593 2197 3687 2241 va:

2098 2278 2497 2351 lidissimisque
2516 2279 2829 2336 rationibus
2844 2280 3127 2337 evertitur.
3156 2266 3261 2337 Sed
3281 2288 3549 2352 repugnat
3577 2292 3685 2349 prae

2099 2372 2313 2428 caeteris
2354 2372 2681 2445 gravissima
2710 2372 2770 2428 S.
2813 2372 3015 2430 Leonis
3045 2373 3380 2433 sanctissimi
3412 2372 3686 2445 potitilicls

2100 2464 2417 2529 auctoritas,
2442 2463 2535 2535 qui
2562 2465 2701 2521 hanc
2717 2464 3151 2536 proﬂtendorum
3177 2466 3394 2538 publice
3417 2467 3685 2524 scelerum

2101 2558 2556 2615 consuetudinem
2598 2567 2862 2631 tanquam
2893 2561 3209 2632 apostolica:
3244 2561 3451 2632 regulze
3472 2568 3696 2617 contra-

2104 2649 2241 2704 riam
2272 2650 2546 2721 improbat
2568 2651 2800 2721 epistola
2829 2651 2920 2719 80,
2956 2667 3080 2724 cap.
3108 2652 3367 2725 2.:Cujus
3404 2654 3566 2710 verba
3605 2655 3694 2710 hic

2102 2742 2327 2797 omnino
2356 2743 2715 2800 describenda
2737 2752 2867 2801 sunt
2895 2763 2911 2802 :
2935 2742 3124 2810 Illam,
3150 2745 3348 2816 inquit,
3380 2748 3543 2803 etiam
3566 2762 3693 2802 con-

2107 2844 2189 2889 tra
2215 2836 2565 2905 apostolicam
2586 2836 2824 2907 regulam
2848 2838 3334 2907 prtesumptionem.
3351 2844 3511 2910 quam
3532 2842 3696 2909 nuper

2107 2929 2297 2998 agnovi
2346 2946 2381 2982 a
2428 2927 2749 2996 quibusdam
2789 2928 2983 2983 illicita
3033 2932 3377 2999 usurpatione
3415 2933 3697 2994 committi,

2109 3022 2279 3075 modis
2326 3020 2568 3077 omm’bus
2611 3021 2876 3077 constituo
2922 3021 3218 3077 submoueri
3248 3023 3348 3092 (de
3390 3023 3700 3093 ptenitentia

420 3126 638 3189 peccata
704 3114 1023 3180 confessos;
1077 3115 1192 3184 alii,
1240 3131 1351 3186 quo
1378 3116 1595 3171 illorum
1644 3118 1837 3186 pudori
1872 3133 2005 3175 con-
2034 3133 2080 3193 ο
2110 3112 2373 3181 videlicet,
2412 3129 2530 3184 qua:
2559 3114 2639 3168 ita
2664 3129 2697 3167 a
2724 3110 2972 3183 ﬁdelibus
2992 3114 3365 3187 postulatur),
3391 3131 3455 3170 ne
3492 3116 3558 3169 de
3580 3116 3700 3169 siu-

419 3208 709 3273 suleretur,
763 3222 858 3261 eas
911 3215 1093 3276 partes
1161 3206 1540 3262 sacerdotibus
1594 3207 2005 3267 demandandas

423 3309 703 3365 putarunt,
739 3300 834 3371 qui
878 3308 973 3354 aut
1001 3301 1336 3363 memoriter,
1366 3307 1463 3353 aut
1491 3314 1558 3354 ex
1588 3300 1794 3371 scripto
1828 3301 2007 3370 parui-

424 3394 652 3449 tentiam
681 3394 916 3447 crimina
958 3393 1009 3447 in
1040 3393 1299 3463 populum
1334 3392 1610 3447 alferrent.

496 3484 541 3538 A
594 3486 795 3556 quibus
843 3484 1099 3539 omnibus
1154 3483 1504 3539 vehementer
1552 3499 1654 3555 ego
1720 3488 2003 3544 dissentio.

422 3575 612 3647 Neque
664 3576 810 3630 enim
858 3576 1055 3631 adduci
1103 3590 1326 3647 possunt
1362 3585 1421 3631 ut
1448 3576 1791 3645 existimem,
1835 3577 2007 3649 legem

428 3669 595 3724 ullam
642 3668 695 3723 in
733 3667 974 3724 Ecclesia
1025 3667 1197 3725 fuisse
1246 3684 1488 3740 unquam
1533 3668 1839 3740 ejusmodi,
1889 3686 2012 3742 qua:

428 3770 650 3831 poet-sta
695 3742 928 3831 proferri
984 3760 1198 3831 publice
1254 3762 1578 3818 decreverit.
1633 3760 1820 3818 Fuerit
1863 3765 2010 3819 enim

428 3853 703 3908 interdum
736 3852 959 3922 aliquis.
1027 3853 1119 3923 qui
1165 3852 1497 3907 abundantia
1538 3854 1773 3924 quadam
1807 3854 2013 3915 doloris

428 3959 495 4000 ac
533 3944 750 4015 pictatis
780 3943 980 4000 delicta
1015 3959 1113 4001 sua
1146 3960 1334 4000 coram
1365 3946 1622 4003 omnibus
1651 3948 1970 4018 exposuerit
1996 3966 2011 4004 :

429 4047 777 4105 nequaquam
835 4045 1014 4090 tamen
1078 4036 1130 4090 id
1196 4036 1249 4090 in
1303 4036 1611 4106 exemplum
1662 4038 2015 4094 consuetudi-

433 4143 670 4197 nemque
714 4129 840 4199 jure
888 4135 1068 4197 potest
1108 4126 1416 4183 transferri.
1473 4125 1577 4183 Sed
1622 4137 1683 4183 ut
1737 4130 1911 4201 magis
1959 4131 2013 4186 in

432 4234 615 4274 arcem
644 4218 967 4289 quaestionis
1014 4217 1163 4274 illius
1207 4220 1550 4284 involemns,
1587 4221 1876 4292 utriusque
1903 4239 2018 4279 mo-

434 4320 619 4365 menta
644 4310 815 4380 partis
836 4320 891 4365 et
917 4310 1158 4380 pondera
1185 4309 1472 4383 diligenter
1502 4304 1823 4367 aestimanda
1851 4323 1980 4369 sunt
1999 4324 2043 4379 ;‘

434 4405 703 4474 negantis,
740 4404 985 4475 inquam,
1028 4417 1180 4465 mea),
1222 4413 1276 4458 et
1313 4399 1634 4457 allirmantis
1665 4404 1909 4461 alterius.

507 4494 633 4552 Haec
664 4495 830 4566 igitur
872 4511 936 4550 ex
985 4494 1309 4551 Nectariana
1345 4495 1436 4551 illa
1484 4495 1712 4552 historia
1764 4506 1891 4552 nata
1923 4510 2021 4569 po-
2053 4495 2098 4551 D

437 4588 713 4643 tissimum
755 4587 989 4641 videtur.
1030 4585 1204 4653 Quam
1243 4601 1366 4639 cum
1414 4585 1587 4641 nostri
1632 4587 1900 4642 acerrime
1949 4589 2018 4643 ab

438 4679 710 4735 hrereticis
758 4679 957 4750 opponi
1006 4685 1330 4743 cernerent,
1371 4690 1552 4748 neque
1601 4679 1768 4734 alium
1811 4679 2016 4736 exitum

436 4769 781 4826 difﬁcultatis
818 4770 1077 4839 expedire
1129 4780 1390 4839 possent,
1438 4769 1723 4841 ingeniose
1766 4769 1910 4825 istud
1958 4785 2023 4825 ac

439 4863 670 4918 solerter
729 4862 1128 4931 excogitat-unt.
1182 4859 1452 4916 Videbunt
1502 4861 1646 4915 enim
1692 4861 1744 4914 id
1798 4862 2023 4917 omnino

439 4954 713 5010 sublatum
747 4968 777 5006 a
805 4950 1078 5019 Necmrio,
1113 4953 1257 5008 unde
1293 4965 1442 5008 tanta
1476 4968 1535 5008 se
1564 4951 1781 5008 invidiae
1803 4953 2022 5009 llarnma

440 5045 792 5103 cbncitassct.
840 5041 958 5125 μου
994 5056 1177 5099 autem
1221 5045 1352 5116 quid
1402 5044 1548 5099 aliud
1600 5061 1739 5111 esse,
1771 5061 1938 5115 quam
1971 5046 2023 5101 id

438 5156 507 5193 ex
532 5153 643 5209 quo
675 5148 934 5192 matrona1
960 5147 1232 5206 stuprum,
1266 5155 1331 5193 ac
1357 5139 1574 5193 diaconi
1608 5139 1872 5209 ﬂagitium
1907 5156 2025 5194 ma-

442 5240 603 5286 narat
647 5229 700 5282 in
749 5229 1057 5299 pupulum?
1113 5228 1244 5283 Eam
1276 5246 1405 5283 vero
1440 5230 1626 5298 procul
1676 5230 1844 5285 dubio
1889 5247 2025 5285 con-

443 5321 741 5377 fessionem
775 5320 946 5375 l‘uisee
975 5338 988 5374 :
1020 5322 1164 5390 quod
1197 5322 1268 5376 ita
1296 5320 1485 5376 Latine
1514 5324 1655 5391 apud
1695 5322 1981 5377 Socratem
2012 5342 2024 5376 :

446 5415 641 5471 Mulier
664 5414 872 5484 longius
903 5415 957 5466 in
986 5413 1281 5484 confitendo
1313 5430 1611 5484 progressa.
1650 5413 1814 5468 Nefas
1844 5425 2026 5469 autent

442 5513 531 5560 est
557 5502 812 5557 arbitrari
847 5501 1112 5570 privatam
1158 5510 1213 5556 et
1265 5520 1291 5553 a
1329 5500 1581 5556 Nectar-io
1622 5500 2026 5555 confessionem

444 5597 738 5655 extortam,
773 5598 829 5644 et
860 5589 1004 5656 quod
1042 5598 1205 5657 caput
1254 5598 1362 5653 est,
1414 5590 1482 5643 ab
1519 5590 1664 5644 illius
1710 5600 2030 5645 successore

522 5742 537 5775 ⁸
579 5740 641 5797 F.
679 5747 798 5814 qui:

2109 3204 2351 3275 gulorum
2383 3214 2721 3272 peccatorum
2745 3220 2950 3274 genere,
2980 3197 3180 3259 libellis
3213 3205 3417 3274 scripta
3444 3206 3702 3276 professio

2108 3291 2314 3365 publice
2353 3297 2623 3362 recitetur,
2657 3311 2774 3349 cum
2802 3305 2978 3350 reatus
3007 3297 3449 3354 conseientiarum
3478 3298 3701 3367 summa!

2110 3386 2238 3444 solis
2261 3387 2623 3443 sacerdotibus
2651 3386 2881 3442 iudicari
2903 3387 3228 3458 confessione
3253 3398 3474 3445 secreta.
3504 3388 3705 3457 Quam.

2114 3482 2187 3534 vis
2214 3481 2356 3534 enim
2383 3479 2656 3549 plenitudo
2684 3478 2810 3550 ﬁdei
2836 3480 3079 3535 videatur
3102 3497 3213 3535 esse
3256 3480 3552 3547 laudanda,
3583 3499 3701 3553 qua:

2110 3580 2323 3641 propter
2374 3569 2472 3626 Dei
2513 3571 2758 3627 timorem
2798 3571 2940 3640 apud
2971 3571 3208 3627 homines
3252 3573 3554 3629 erubescere
3598 3586 3702 3629 non

2112 3676 2353 3732 veretur,
2401 3677 2581 3722 tamen
2621 3667 2748 3737 quia
2796 3682 2901 3721 non
2954 3667 3188 3738 omnium
3233 3668 3538 3737 hujusmodi
3575 3680 3701 3725 sust

2112 3768 2363 3828 peccata,
2415 3769 2473 3814 ut
2517 3776 2612 3824 ea,
2659 3759 2815 3831 quw‘i
2861 3760 3222 3831 pmniteutiam
3275 3771 3541 3832 poscunt,
3599 3780 3704 3817 non

2118 3852 2337 3907 timeant
2363 3852 2657 3923 publicare,
2693 3862 3022 3909 removeatur
3050 3864 3161 3908 tam
3186 3853 3548 3924 improbabilia
3580 3870 3707 3910 cons

2115 3945 2361 4010 suetudo,
2398 3959 2459 3999 ne
2488 3945 2641 4001 multi
2676 3963 2709 3999 a
2746 3946 3065 4017 paenitentia:
3110 3946 3354 4019 remediis
3394 3956 3707 4014 arceantur,

2117 4038 2244 4091 dum
2275 4046 2367 4091 aut
2392 4037 2730 4105 erubescunt,
2761 4047 2855 4091 aut
2899 4049 3138 4094 metuunt
3170 4037 3403 4092 inimicis
3441 4054 3539 4093 sua
3560 4041 3708 4108 facta

2119 4129 2367 4197 reserari,
2399 4131 2589 4199 quibus
2612 4130 2822 4199 possint
2861 4129 3033 4200 legum
3063 4131 3436 4189 constitutione
3467 4133 3702 4199 percelli.

2120 4218 2320 4290 Sufﬁcit
2345 4221 2484 4275 enim
2517 4220 2614 4274 illa
2641 4221 2900 4289 confessio
2921 4261 2936 4286 ,
2975 4237 3091 4290 qua:
3133 4223 3363 4291 primum
3408 4222 3519 4277 Deo
3548 4225 3709 4294 offer-

2122 4321 2242 4374 tur,
2291 4323 2401 4365 tum
2445 4313 2606 4366 etiam
2649 4314 2948 4379 sacerdoti,
3000 4315 3090 4382 qui
3140 4326 3235 4380 pro
3283 4317 3494 4371 delictis
3532 4319 3708 4387 paeni-'-

2123 4404 2249 4456 tenti
2258 4420 2342 4456 um
2364 4413 2608 4472 precator
2623 4405 2848 4459 accedit.
3698 4406 3713 4412 ’

2203 4491 2299 4549 llis
2329 4494 2621 4550 verborum
2652 4487 3179 4568 sententiarumque
3201 4497 3526 4559 fullninibus
3555 4514 3708 4559 com-'-

2121 4599 2364 4643 mentum
2397 4586 2528 4642 illud
2577 4588 2808 4658 publica:
2867 4588 3235 4649 confessionis
3286 4594 3619 4664 percellitur.
3650 4593 3711 4650 Si

2125 4681 2299 4745 enim,
2333 4696 2402 4735 ne
2442 4681 2750 4737 volentibus
2792 4681 3013 4750 quidem
3061 4692 3225 4755 atque
3270 4685 3412 4741 ultro
3461 4686 3712 4756 ﬂagitan-

2128 4770 2273 4829 tibus
2298 4771 2592 4827 criminum
2619 4772 2749 4841 reis,
2768 4773 2983 4842 publice
3012 4775 3117 4831 ista
3143 4778 3485 4846 pr0nuntiari
3516 4793 3712 4848 pasws

2123 4874 2240 4926 est,
2275 4879 2508 4935 eamque
2538 4873 2727 4919 contra
2777 4866 3123 4921 traditionem
3172 4870 3525 4938 apostolicam
3575 4888 3713 4942 pra:—

2125 4960 2472 5027 sumptionem
2503 4973 2627 5014 esse
2653 4958 2873 5014 dellnit:
2904 4968 3061 5015 estne
3093 4971 3153 5018 ut
3175 4960 3437 5032 rejectum
3463 4979 3529 5021 ac
3559 4966 3714 5021 dami-

2129 5063 2317 5104 natum
2372 5049 2505 5105 tanti
2561 5050 2835 5121 pontiﬁcis
2883 5051 3093 5119 judicio
3143 5068 3353 5111 morem
3406 5056 3710 5129 legitimum

2130 5143 2426 5213 aliquando
2459 5141 2631 5197 fuisse
2660 5154 2937 5214 putemus,
2967 5153 3022 5200 et
3045 5148 3327 5203 communi
3356 5149 3425 5204 ab
3456 5151 3715 5206 eninibns

2130 5233 2391 5290 Ecclesiae
2423 5235 2547 5305 jure
2584 5235 2902 5290 servatum?
2934 5239 3004 5292 At
3034 5237 3178 5294 enim
3212 5240 3461 5310 pleriqbe
3498 5241 3579 5297 sic
3625 5257 3710 5297 re-

2130 5328 2401 5397 spondent
2430 5346 2441 5381 :
2474 5326 2712 5383 Leonem
2742 5329 2809 5383 de
2835 5330 3067 5386 occultis
3092 5332 3360 5388 duntaxat
3387 5333 3712 5390 criminibus

2130 5417 2317 5486 loqui,
2370 5433 2492 5488 qua:
2535 5419 2751 5488 publice
2806 5422 3057 5478 confiteri
3096 5438 3260 5477 nemo
3302 5424 3570 5488 debuerit,
3592 5436 3713 5504 non

2102 5517 2313 5561 .autem
2348 5510 2415 5563 de
2444 5511 2698 5580 publicis,
2736 5529 2857 5582 qua:
2900 5515 3054 5569 unica
3088 5514 3319 5583 publica:
3350 5514 3714 5572 confessionis

2134 5609 2290 5667 seges
2337 5603 2563 5657 exstitit.
2603 5603 2959 5659 (Iornmodius
3016 5602 3104 5658 isti
3154 5619 3321 5670 sane,
3354 5606 3446 5676 qui
3501 5609 3571 5662 ab
3612 5609 3716 5665 liae
