4064 6478
347 465 471 522 ιιιιι

1273 465 1357 520 DE
1398 464 1872 523 ΜΕΝΙΤΕΝΤΙᾹΞ
1908 462 2191 521 VETERE
2228 465 2634 524 DISCIPLINA.

3473 464 3617 523 £01“!

343 581 463 649 ejus
489 591 546 631 sc
562 574 819 645 praesidio
849 575 1172 633 defendunt.
1208 574 1472 650 Origenes
1509 581 1693 652 itaque
1715 582 1865 636 hom.
1891 597 1926 637 ιι
1961 588 2006 644 Α
2034 589 2245 638 cretum
2276 623 2293 649 ,
2333 591 2389 637 et
2426 579 2731 636 Tridentini
2783 577 3002 635 concilii
3054 579 3351 641 auctoritas
3404 580 3621 636 evincat

344 674 397 726 in
459 668 606 724 l’sal.
643 683 850 733 xxxv",
884 685 947 724 ca
982 670 1201 727 Davidis
1221 673 1387 728 verba
1413 673 1934 731 declaranszAmici

346 763 445 816 mei
503 769 552 814 et
600 761 834 830 proximi
886 762 990 816 mei
1033 763 1313 817 adversum
1354 780 1435 819 me
1486 765 1936 837 appropinquave—

344 862 502 917 runt,
539 863 588 907 et
619 863 918 907 steterunt:
954 855 1068 909 haec
1101 853 1170 908 ad
1210 855 1564 924 poenitentem
1607 856 1813 922 refert,
1840 858 1934 928 qui

342 952 567 1014 peccato
618 959 720 1000 suo
770 945 1104 1000 medicinam
1154 945 1336 1003 facere
1385 948 1597 1012 volens,
1628 952 1932 1006 amicorum

344 1043 717 1105 contemptum
760 1036 1187 1108 irrisionemque
1238 1040 1494 1109 negligat.
1538 1038 1600 1096 Si
1649 1058 1808 1113 ergo,
1858 1043 1936 1097 in-

343 1125 485 1194 quit,
514 1126 823 1197 ltujusmodi
853 1129 1009 1183 homo
1049 1147 1248 1185 memor
1292 1132 1475 1187 delicti
1504 1133 1588 1188 sui
1619 1135 1936 1203 conﬁteatur

342 1234 462 1289 qua:
498 1220 802 1284 commisit,
840 1230 892 1276 et
940 1223 1174 1278 Immana
1221 1225 1526 1296 confusione
1564 1228 1715 1297 parvi
1738 1234 1935 1298 pendat

342 1325 461 1375 eos,
498 1312 590 1382 qui
637 1313 961 1383 exprobrant
999 1324 1131 1369 eum”
1154 1317 1489 1387 confitentem
1510 1358 1526 1383 ,
1567 1329 1617 1373 et
1645 1328 1829 1373 notant
1859 1321 1937 1374 vel

343 1407 571 1460 irrident
597 1445 613 1470 ,
643 1405 735 1461 ille
762 1417 937 1462 autem
976 1409 1273 1480 intelligens
1317 1427 1410 1480 per
1441 1412 1553 1467 Ita’c
1583 1414 1684 1469 sibi
1730 1413 1937 1467 ueniam

343 1498 488 1561 dari,
525 1509 631 1554 etc.
670 1497 731 1554 Si
779 1516 902 1572 ergo
934 1502 1007 1555 sit
1037 1501 1233 1572 aliquis
1272 1504 1351 1558 ita
1381 1504 1556 1573 fidelis
1580 1544 1597 1569 ,
1644 1513 1703 1558 ut
1731 1505 1780 1558 si
1809 1504 1938 1575 quid

343 1590 586 1646 conscius
619 1592 688 1645 sit
722 1593 861 1655 sibi,
895 1593 1147 1662 procedat
1191 1594 1249 1648 in
1287 1596 1549 1661 medium,
1594 1604 1644 1650 et
1698 1597 1807 1666 ipse
1854 1596 1938 1650 sui

342 1691 629 1736 accusator
653 1686 913 1738 exsistat:
947 1685 1000 1737 Ιιί
1032 1694 1210 1739 autem
1243 1686 1335 1756 qui
1368 1685 1610 1755 futurum
1645 1686 1747 1742 Dei
1787 1685 1939 1757 judi-

343 1773 486 1825 cium
522 1788 627 1826 non
660 1782 923 1837 metuunt,
952 1776 1064 1829 hac
1091 1775 1366 1829 audientes
1396 1791 1519 1829 cum
1539 1775 1939 1845 infirmantibus

340 1865 558 1934 quidem
589 1881 693 1918 non
726 1867 1065 1933 inﬁrmcntur
1089 1905 1105 1928 ,
1136 1883 1255 1921 cum
1301 1867 1795 1931 scandalizantibus
1834 1885 1939 1923 non

342 1965 595 2023 urantur,
628 1972 747 2011 cum
781 1958 949 2027 lapsis
981 1975 1085 2013 non
1109 1959 1347 2028 jaceant,
1380 1961 1471 2015 sed
1514 1959 1734 2016 dicant:
1767 1960 1941 2032 Longe

343 2060 393 2103 te
428 2049 519 2118 fac
557 2066 591 2102 a
628 2066 730 2114 me,
756 2066 919 2120 neque
948 2051 1170 2105 accedas
1206 2051 1276 2105 ad
1304 2068 1405 2118 me,
1432 2053 1686 2123 quoniam
1713 2051 1940 2106 mundus

341 2157 499 2203 sum:
529 2150 580 2195 et
607 2142 861 2197 detestari
900 2145 1161 2214 incipiant
1190 2162 1332 2213 eum,
1368 2162 1521 2214 quem
1550 2154 1673 2200 ante
1703 2145 1943 2200 adrnira-

342 2235 577 2295 bantur,
611 2242 667 2287 et
710 2234 775 2287 ab
817 2236 1060 2290 amicitia
1101 2237 1347 2291 recedant
1379 2236 1492 2310 ejus
1518 2277 1534 2301 ,
1571 2238 1662 2308 qui
1690 2238 1942 2293 delictum

342 2341 500 2380 suum
548 2325 718 2382 noluit
762 2330 1031 2382 occultare
1053 2343 1072 2381 :
1101 2345 1260 2398 super
1293 2330 1372 2386 liis
1404 2347 1528 2399 ergo
1571 2342 1945 2402 consequenter

341 2414 510 2482 dicit,
550 2416 643 2487 qui
681 2418 1107 2491 exltomologesin
1131 2460 1146 2482 ,
1187 2419 1242 2473 id
1276 2430 1354 2474 est
1388 2421 1808 2490 confessionem,
1855 2422 1939 2491 fa-

339 2506 439 2571 cit,
462 2515 580 2562 etc.
613 2503 718 2561 Sed
749 2516 938 2577 postea
973 2508 1180 2563 clarius
1212 2508 1352 2564 idem
1404 2510 1688 2574 declarat,
1724 2526 1851 2566 cum
1875 2511 1942 2565 ad

343 2595 430 2648 sui
474 2598 892 2651 accusationem
936 2607 993 2651 ct
1036 2597 1443 2655 confessionem
1497 2600 1838 2665 adhortans,
1870 2602 1940 2655 ita

340 2688 638 2757 loquitur:
690 2687 1082 2745 Tantummodo
1131 2693 1477 2761 circumspice
1514 2692 1819 2762 diligentius
1858 2693 1942 2748 cui

339 2780 540 2835 debeas
573 2781 815 2849 confiteri
853 2792 1128 2851 peccatum
1178 2792 1350 2839 tuum.
1390 2783 1567 2839 Proba
1596 2785 1744 2856 prius
1778 2786 1942 2839 medi-

340 2890 462 2928 cam
483 2914 498 2936 ,
543 2875 631 2927 cui
658 2873 843 2929 debeas
871 2892 1091 2928 causam
1122 2875 1397 2947 languoris
1422 2893 1699 2946 exponere,
1727 2890 1858 2941 etc.,
1887 2887 1944 2931 ut

342 2967 422 3021 i:a
452 2968 672 3021 demum
698 2968 744 3020 si
768 2968 896 3037 quid
922 2968 1013 3022 ille
1043 2969 1263 3030 dixerit,
1298 2968 1390 3038 qui
1422 2985 1477 3022 se
1509 2970 1656 3037 prius
1683 2979 1732 3024 et
1762 2971 1945 3024 erudi-

343 3068 459 3113 tum
503 3059 773 3112 medicum
839 3060 1127 3115 ostenderit
1170 3071 1220 3115 et
1266 3061 1693 3127 misericordem,
1737 3064 1785 3117 si
1816 3063 1944 3135 quid

338 3150 561 3205 consilii
594 3149 829 3214 dederit,
878 3149 1055 3219 facias
1108 3160 1160 3204 et
1208 3152 1492 3220 sequaris;
1524 3152 1569 3205 si
1600 3150 1943 3217 intellexerit,

2037 673 2240 744 (neque
2265 672 2414 727 enim
2442 671 2688 742 ejusdem
2717 669 2996 740 opinionis
3030 669 3166 724 alios
3193 668 3464 738 quosdam
3496 683 3620 723 mo-

2036 777 2265 828 ramur,
2307 761 2401 832 qui
2439 775 2508 816 ex
2552 760 2771 815 arcanis
2833 759 2969 829 ipsis
3019 759 3343 814 criminibus
3369 758 3622 828 quaedam

2035 854 2203 909 etiam
2243 852 2309 907 ad
2353 851 2629 922 publicam
2688 848 3088 920 professionem
3148 850 3432 920 designata
3486 863 3622 904 cen-

2035 955 2180 1015 sent,
2212 958 2448 1014 quorum
2479 955 2565 999 est
2611 942 2798 997 minus
2830 942 3148 997 toierandus
3185 941 3403 1012 error),
3456 940 3625 1011 pluri-

2037 1052 2188 1093 mum
2216 1036 2409 1101 abest,
2447 1046 2508 1091 ut
2534 1050 2605 1092 ex
2640 1035 2749 1090 illis
2779 1032 3033 1104 Origenis
3076 1034 3407 1089 testimoniis
3442 1048 3624 1102 onerat

2037 1129 2271 1200 pretium
2307 1128 2479 1182 ullum
2526 1128 2593 1183 ad
2638 1127 2936 1183 commenti
2995 1127 3079 1181 sui
3129 1127 3494 1196 patrocinium
3545 1124 3626 1179 fa-
3664 1182 3667 1187 ,

2038 1222 2205 1278 ciant.
2245 1218 2378 1287 Quae
2411 1234 2538 1274 cum
2596 1218 2672 1274 ita
2707 1232 2832 1275 sese
2863 1217 3102 1272 habeant
3125 1257 3142 1283 ,
3183 1217 3342 1272 aliter
3372 1214 3625 1287 Origeuis

2037 1311 2351 1381 accipienda
2388 1309 2479 1364 illa
2516 1308 2675 1364 verba
2704 1318 2856 1372 sunt,
2888 1323 3013 1364 cum
3046 1309 3264 1380 publice
3291 1308 3623 1372 accusanda,

2039 1403 2366 1468 confitenda,
2399 1410 2496 1457 aut
2526 1400 2848 1472 exponenda
2892 1410 3114 1471 peccata
3143 1400 3298 1467 dicit,
3338 1400 3426 1455 vel
3453 1400 3625 1453 exbo‘

2039 1496 2343 1567 mologcsin
2376 1495 2798 1550 instituendam:
2845 1493 2995 1564 quod
3019 1493 3165 1564 apud
3187 1502 3418 1549 caeteros
3434 1492 3627 1548 Patres

2040 1588 2094 1643 in
2123 1588 2422 1659 primisque
2447 1586 2779 1659 Cyprianum
2839 1585 3153 1657 frequenter
3201 1584 3463 1640 occurrit.
3531 1584 3633 1639 Nc—

2039 1696 2149 1751 que
2194 1681 2341 1736 enim
2399 1688 2662 1751 perpetuo
2726 1679 2970 1750 legitima
3033 1678 3217 1748 aliqua
3273 1687 3624 1746 peccatorum

2039 1774 2334 1831 declaratio
2353 1812 2371 1838 ,
2399 1788 2464 1827 ac
2505 1771 2850 1842 singulorum
2879 1769 3153 1840 expositio
3189 1768 3502 1825 istiusmodi
3533 1782 3631 1821 vo-

2041 1867 2365 1924 cabulorum
2400 1864 2649 1920 formulis
2679 1863 3033 1935 intelligitur,
3077 1861 3173 1918 sed
3215 1877 3279 1917 ea
3305 1862 3632 1931 plerumque

2046 1959 2347 2033 professio,
2379 1973 2501 2029 qua:
2534 1956 2698 2013 iactis
2753 1956 2889 2028 ipsis
2933 1971 3000 2012 ac
3024 1955 3403 2026 paenitendum
3437 1952 3631 2007 officiis

2044 2052 2247 2118 editur,
2273 2060 2371 2107 aut
2391 2050 2439 2106 si
2473 2064 2571 2107 ore
2597 2048 2855 2105 fortassis
2879 2062 2947 2104 ac
2975 2047 3183 2109 verbis.
3215 2062 3323 2102 non
3348 2060 3411 2102 ea
3444 2046 3634 2115 singu-

2047 2146 2224 2201 lorum
2251 2144 2545 2199 criminum
2570 2141 2826 2199 condicto
2851 2140 2974 2198 loco
3000 2156 3069 2198 ac
3092 2149 3338 2211 tempore
3357 2137 3634 2196 confessio

2046 2238 2151 2294 fuit
2173 2277 2190 2304 ,
2225 2249 2284 2293 ut
2312 2237 2396 2292 vel
2424 2252 2491 2292 ex
2519 2236 2732 2306 scripto
2755 2275 2772 2301 ,
2804 2235 2891 2291 vel
2914 2250 2982 2291 ex
3014 2233 3277 2289 memoria
3306 2229 3632 2302 pronuntia-

2048 2337 2238 2384 rentur
2262 2367 2278 2393 ,
2309 2327 2404 2383 sed
2464 2326 2738 2398 generalis
2770 2326 3038 2383 scelerum
3064 2323 3303 2394 agnitio,
3341 2331 3399 2378 et
3432 2323 3635 2390 impro-

2046 2420 2234 2476 bitatis
2266 2435 2380 2476 sua-
2406 2417 2679 2490 professio
2709 2433 2778 2475 ac
2797 2416 3125 2475 detestatio:
3165 2412 3476 2485 cujusmodi
3504 2425 3629 2467 esse

2049 2516 2264 2571 videtur
2303 2514 2576 2586 generalis
2614 2512 2707 2568 illa
2741 2511 3108 2568 confessionis
3160 2508 3394 2565 formula
3417 2547 3434 2573 ,
3464 2521 3632 2577 quam

2045 2617 2312 2666 accurata-
2342 2625 2408 2666 ac
2446 2609 2675 2679 privatae
2722 2615 3073 2677 peccatorum
3124 2602 3506 2675 explicatioui,
3539 2608 3635 2655 aut

2049 2702 2337 2759 incruento
2362 2701 2547 2756 missa:
2571 2700 2847 2756 sacrificio
2877 2696 3206 2756 celebrando
3229 2695 3633 2769 praemittimus.

2048 2793 2237 2866 Neque
2263 2803 2443 2849 tamen
2468 2794 2706 2859 inlicior,
2730 2792 2865 2864 quin
2890 2791 3338 2862 exhomologesis
3360 2787 3634 2843 interdum

2048 2898 2236 2939 veram
2264 2892 2320 2938 et
2366 2882 2700 2938 sacramenti
2739 2880 3050 2952 propriam.
3081 2878 3330 2947 adeoque
3368 2877 3635 2946 privatam

2050 2983 2401 3046 peccatomm
2438 2972 2840 3043 expositionem
2875 2971 3175 3042 signiticet,
3219 2967 3314 3024 sed
3374 2976 3536 3022 caute
3573 2981 3641 3020 ac

2049 3068 2348 3138 prudenter
2387 3065 2440 3120 in
2496 3066 2664 3136 hujus
2713 3066 2866 3120 vocis
2918 3062 3371 3134 interpretatione
3415 3075 3640 3115 versan-

2050 3161 2181 3215 dum
2206 3167 2311 3224 cst,
2337 3168 2394 3211 ut
2414 3173 2482 3212 ex
2514 3159 2636 3226 ipso
2664 3156 2997 3212 narrationis
3023 3166 3307 3214 contextu.
3334 3168 3448 3224 quo
3472 3168 3639 3208 sensu

338 3252 391 3296 et
422 3241 736 3312 praeciderit
762 3241 919 3295 talem
936 3257 1045 3295 esse
1072 3240 1380 3311 languorem
1411 3252 1581 3307 tuum,
1614 3244 1705 3312 qui
1737 3243 1791 3296 in
1814 3259 1941 3297 con-

2050 3266 2082 3304 a
2110 3248 2364 3303 Patribus
2393 3259 2656 3317 usurpata
2680 3248 2771 3313 sit,
2798 3246 3102 3318 dijudicare
3127 3246 3429 3316 ιιοεεὶιιιιιε.
3463 3244 3638 3310 Quam

342 3345 503 3389 centu
538 3335 706 3389 totius
739 3332 997 3391 Ecclesia:
1036 3338 1226 3406 exponi
1291 3337 1475 3390 debeat
1537 3344 1588 3390 et
1634 3336 1848 3402 curari,
1883 3352 1947 3391 ea:

340 3444 448 3496 quo
472 3427 729 3496 fortassis
756 3436 806 3480 et
846 3429 1027 3481 ctcteri
1062 3428 1326 3498 a’di/icuri
1363 3438 1609 3496 poterunt
1636 3467 1651 3491 ,
1676 3437 1725 3481 et
1759 3436 1813 3480 tu
1839 3429 1949 3497 ipse

343 3520 512 3588 facile
545 3520 773 3583 sanari,
816 3519 986 3575 multa
1029 3521 1125 3574 ltoc
1159 3521 1540 3575 deliberatione
1567 3558 1583 3583 ,
1613 3529 1661 3573 et
1689 3520 1825 3574 satis
1858 3537 1950 3590 pe-

342 3611 455 3664 rito
489 3610 689 3663 medici
726 3610 873 3664 illius
910 3612 1134 3667 consilio
1179 3615 1576 3681 procurandum
1605 3621 1705 3668 est.
1747 3611 1948 3670 Hacte-

342 3721 456 3760 nus
489 3704 777 3774 Origenes.

418 3792 627 3849 Nullus
658 3794 712 3848 in
741 3797 892 3851 omni
926 3806 1200 3853 vetustate
1237 3798 1392 3854 locus
1419 3809 1535 3868 est,
1570 3818 1633 3856 ex
1668 3816 1777 3873 quo
1812 3801 1950 3857 vali-

340 3885 477 3940 dius
509 3887 564 3940 id
602 3885 863 3942 aﬂitmari
918 3900 1144 3958 putent,
1172 3892 1317 3960 quod
1369 3893 1437 3948 de
1483 3894 1700 3963 publica
1742 3893 1954 3952 confes-

329 3978 511 4049 .sionc
538 3978 814 4034 sentiunt:
859 3995 984 4034 nam
1022 3982 1075 4035 in
1113 3984 1401 4054 posteriori
1457 3988 1696 4042 maxime
1742 3997 1955 4043 senten-

344 4072 425 4124 tia
474 4069 751 4124 delcctum
810 4081 1158 4140 peccatorum
1211 4090 1240 4128 a
1296 4078 1577 4133 sacerdote
1639 4077 1951 4134 faciendum

344 4164 652 4229 insinuat,
708 4180 831 4234 qua:
890 4168 1163 4235 paenitens
1217 4171 1284 4223 ad
1350 4172 1596 4225 omnium
1661 4173 1952 4229 utilitatem

342 4257 578 4325 publice
610 4257 948 4325 profiteatur.
976 4259 1139 4329 Atqui
1167 4261 1304 4314 nihil
1331 4262 1468 4318 istos
1503 4262 1767 4332 Origenes
1797 4264 1954 4332 adju-

344 4356 481 4401 v:tt:
527 4346 641 4399 into
675 4361 804 4402 vero
840 4347 999 4402 obest
1028 4350 1110 4403 vel
1145 4351 1479 4420 plurimum,
1503 4353 1952 4422 quandtujuidem

344 4441 420 4495 de
480 4440 705 4496 arcanis
750 4442 1092 4512 occultisque
1128 4446 1402 4514 peccatis,
1441 4462 1545 4500 tum
1589 4447 1823 4516 publicis
1875 4447 1954 4501 lo-

343 4529 595 4601 quitur:
630 4528 698 4584 de
728 4529 833 4594 iis,
866 4531 1091 4601 inquam
1113 4572 1129 4597 ,
1162 4536 1402 4601 peccatis
1436 4535 1539 4590 ista
1582 4536 1957 4605 pronuntiatit

2050 3340 2119 3394 ad
2178 3355 2291 3392 rem
2357 3338 2611 3409 egregius
2655 3348 2741 3394 est
2789 3337 3115 3393 Tertulliani
3178 3337 3365 3401 locus,
3431 3335 3526 3388 lib.
3564 3334 3642 3387 De

2050 3433 2230 3501 pwnit.
2278 3448 2400 3501 cap.
2446 3433 2517 3487 9:
2570 3428 2793 3500 Hujus,
2839 3430 3051 3499 inquit,
3097 3430 3263 3497 igitur
3319 3427 3642 3496 pauitantia:

2048 3524 2328 3588 sectmdte,
2375 3536 2423 3577 et
2462 3524 2657 3586 unius,
2704 3532 2904 3592 quanto
2934 3522 2989 3575 in
3045 3533 3193 3575 arcto
3238 3520 3506 3590 negotium
3539 3528 3641 3584 est,

2051 3627 2203 3672 tanto
2247 3617 2517 3687 operosior
2559 3616 2801 3685 probatio
2834 3624 2946 3679 est,
2982 3627 3041 3668 ut
3075 3631 3179 3668 non
3218 3613 3335 3667 sola
3370 3612 3641 3667 conscien-

2054 3710 2131 3763 tia
2158 3710 2506 3779 praferatnr,
2537 3708 2630 3763 sed
2661 3709 2838 3779 aliquo
2862 3710 3023 3761 etiam
3061 3717 3182 3761 actu
3215 3705 3639 3760 administretur.

2055 3798 2113 3854 Is
2143 3810 2328 3861 actus,
2375 3799 2469 3869 qui
2520 3799 2690 3868 magis
2725 3795 2905 3852 Cra’co
2934 3795 3187 3851 vocabulo
3233 3794 3549 3865 exprimitur
3591 3801 3643 3848 et

2052 3892 2455 3962 frequentatur,
2488 3889 2905 3960 exltotnologesis
2939 3898 3018 3943 est
3047 3928 3063 3951 ,
3111 3904 3220 3958 qua
3250 3886 3500 3942 delictum
3534 3882 3644 3938 Do-

2056 3985 2197 4037 mino
2227 3993 2406 4037 nostra
2442 3982 2759 4051 conﬁtemur
2781 4020 2797 4044 ,
2831 3996 2934 4033 non
2966 3979 3177 4050 quidem
3208 3987 3267 4032 ut
3306 3978 3522 4049 ignaro,
3554 3976 3645 4032 sed

2054 4086 2311 4147 quatenus
2341 4074 2645 4144 satisfactio
2678 4073 3006 4143 confessione
3052 4072 3393 4141 disponitur,
3439 4070 3647 4139 confes-

2054 4168 2199 4220 sione
2222 4167 2529 4235 paenitentia
2557 4166 2820 4229 nascitur,
2845 4164 3152 4231 poenitentia
3175 4162 3312 4217 Deus
3340 4162 3642 4232 mitigatur.

2059 4258 2246 4328 Itaque
2277 4258 2693 4328 exltomologesis
2756 4256 3121 4324 prosternendi
3159 4265 3209 4309 et
3253 4253 3646 4321 humiliﬁcaudi

2008 4332 2014 4343 ’
2057 4352 2284 4406 nominis
2340 4348 2627 4419 disciplina
2683 4360 2800 4411 est,
2867 4347 3314 4401 conversationem
3364 4345 3643 4415 iujungens

2058 4441 2442 4499 misericordia:
2472 4441 2670 4495 ilicem.

2132 4537 2237 4591 Sed
2267 4535 2335 4597 de
2380 4532 2824 4606 ὲξομολογήσεως
2860 4531 3178 4588 notionibus
3229 4529 3398 4583 'vat‘iis
3424 4528 3647 4599 jampri-

343 4622 663 4693 Origenes,
698 4623 896 4692 quibus
948 4623 1038 4677 illa
1065 4664 1080 4687 ,
1138 4640 1303 4695 quam
1340 4628 1571 4692 suadet,
1610 4626 1957 4684 confessione
1988 4630 2035 4690 D
2061 4632 2182 4687 dem
2210 4629 2381 4684 multa
2405 4638 2536 4682 sunt
2557 4642 2589 4681 a
2616 4627 2747 4681 viris
2765 4625 2997 4682 crttditis
3028 4625 3338 4680 observata.
3366 4620 3474 4677 Nos
3500 4624 3645 4692 apud

345 4713 687 4783 patefactis,
743 4715 837 4785 qui
877 4715 1231 4771 eonl‘ttctttetn
1294 4718 1555 4773 autabant
1620 4732 1674 4773 ct
1711 4721 1955 4775 admira-

348 4807 570 4860 bantur
599 4815 757 4859 autea
779 4847 795 4870 ,
828 4806 1088 4877 deinceps
1118 4809 1266 4864 velut
1320 4811 1390 4865 ab
1418 4812 1633 4880 impuro
1690 4813 1958 4866 contami-

345 4915 383 4952 ιι
430 4909 610 4967 tuque
648 4897 972 4966 discedant,
1006 4910 1067 4954 ut
1097 4901 1152 4954 in
1199 4906 1380 4971 priore
1416 4901 1536 4956 loco
1581 4911 1786 4957 narrat.
1824 4901 1955 4957 Item

341 4989 641 5060 ejusmodi
670 5000 890 5058 peccata
931 4991 1020 5045 illa
1055 5002 1205 5058 sunt,
1248 5008 1370 5063 qua:
1395 4994 1643 5049 confiteri
1672 4994 1866 5064 jubet,
1900 5003 1960 5049 ut

346 5098 471 5138 non
542 5092 745 5137 temere
777 5082 832 5137 in
885 5082 1110 5155 publico
1156 5094 1428 5139 conventu
1470 5085 1705 5140 debeant
1736 5086 1957 5157 exponi,

342 5176 455 5232 sed
491 5190 625 5231 cum
655 5186 910 5231 accurata
939 5176 1363 5244 deliberatione,
1404 5187 1460 5232 et
1496 5177 1803 5235 sacerdotis
1828 5194 1960 5235 con-

343 5270 494 5326 silio
526 5309 543 5332 ,
572 5269 718 5338 quod
770 5271 1041 5340 posterior
1079 5270 1230 5326 locus
1273 5272 1552 5326 admonet.
1588 5270 1958 5338 Quamobrem

343 5359 589 5418 occulta
625 5359 715 5413 illa
746 5368 907 5425 sunt,
941 5375 1047 5413 non
1090 5361 1306 5428 publica
1335 5369 1502 5430 atque
1533 5361 1822 5418 manifesta
1845 5401 1862 5427 ,
1892 5363 1961 5418 de

345 5452 578 5525 quibus
604 5452 819 5521 publice
842 5452 1168 5507 contiteudis
1196 5467 1263 5506 ne
1291 5452 1706 5507 deliberandum
1735 5453 1956 5523 quidem

343 5551 518 5601 esset
546 5582 562 5607 ,
601 5543 647 5597 si
686 5543 736 5596 id
791 5543 1020 5612 publicae
1071 5544 1403 5612 paenitentiae
1437 5544 1577 5597 ratio
1609 5554 1662 5599 ct
1703 5544 1961 5600 Ecclesia!

347 5638 448 5691 lex
483 5634 805 5693 necessario
830 5636 1146 5704 postularet.
1184 5634 1319 5689 Cum
1356 5635 1522 5706 igitur
1552 5637 1785 5707 publica:
1826 5653 1962 5693 cou-

349 5725 639 5783 l'cssionis
668 5728 880 5797 patroni
912 5728 1116 5783 nullam
1148 5729 1492 5785 occultorum
1518 5730 1835 5795 criminum,
1866 5730 1961 5786 sed

349 5818 720 5893 publicorum
759 5820 1071 5885 duntaxat,
1107 5821 1381 5891 publicant
1417 5820 1819 5905 confessionem
1877 5824 1955 5879 le-

347 5915 631 5987 gitimam
662 5911 834 5969 fuisse
882 5911 1082 5980 velint;
1132 5914 1295 5985 idque
1327 5924 1379 5970 et
1428 5914 1627 5971 Leonis
1656 5914 1833 5985 Magni
1862 5915 1959 5973 do-

2058 4724 2389 4796 (Iyprianutn
2413 4719 2910 4776 animadvertimus
2935 4717 3381 4793 exltomologesin
3413 4732 3513 4788 pro
3537 4731 3650 4787 pot-

2060 4814 2304 4869 uiteutias
2362 4805 2595 4883 publica:
2631 4819 2781 4865 certa
2820 4810 3109 4864 iunctione
3156 4809 3338 4874 sumi,
3373 4824 3498 4879 qua:
3549 4809 3647 4862 uni

2057 4922 2126 4962 ex
2153 4915 2393 4976 quatuor
2423 4903 2809 4974 ptenitentium
2839 4900 3101 4973 gradibus
3144 4901 3415 4971 praecipue
3444 4916 3650 4955 conveo

2060 4999 2235 5052 niret:
2272 4996 2533 5051 nimirum
2575 4992 2911 5055 ὐποπτώσει,
2936 5007 3060 5062 qua:
3092 4994 3254 5048 tertio
3295 4992 3418 5048 loco
3450 5007 3649 5047 nume-

2058 5098 2240 5143 ratur:
2285 5103 2411 5143 nam
2442 5087 2535 5157 qui
2566 5086 2622 5141 in
2654 5101 2721 5140 co
2749 5088 2918 5155 gradu
2960 5085 3327 5148 censebatur,
3370 5085 3524 5151 ὲντδς
3549 5085 3650 5157 τῆς

2058 5180 2152 5235 τοῦ
2190 5180 2323 5236 ναοῦ
2376 5179 2591 5251 πύλης,
2650 5180 2792 5234 intra
2835 5179 3023 5249 templi
3081 5189 3296 5250 portam
3347 5180 3645 5253 admissus,

2060 5288 2184 5328 cum
2230 5271 2638 5328 catecbutuenis
2681 5273 2953 5327 facessere
2994 5271 3332 5342 jubebatur,
3375 5287 3440 5328 ac
3486 5271 3650 5327 certis

2060 5362 2256 5418 diebus
2275 5376 2463 5417 coram
2494 5362 2754 5432 episcopo
2788 5363 3082 5432 procideus
3111 5405 3125 5431 ,
3157 5363 3506 5434 impositione
3533 5376 3653 5415 ma-

2061 5470 2233 5510 nuum
2307 5467 2373 5509 ac
2423 5454 2654 5509 solemni
2721 5455 3035 5525 precatione
3084 5454 3395 5523 impertitus
3445 5448 3650 5506 dimitti

2060 5547 2290 5602 solebat.
2355 5544 2510 5602 Unde
2552 5546 2871 5609 ὑπόπτωσις
2905 5556 3007 5606 est,
3037 5547 3181 5601 dicta
3201 5586 3218 5610 ,
3270 5544 3415 5613 quod
3449 5542 3650 5598 ὑπέπι-

2061 5654 2218 5703 πτεν,
2250 5638 2352 5693 hoc
2380 5646 2466 5692 est
2495 5651 2687 5692 coram
2722 5636 2967 5693 antistite
3001 5635 3351 5704 procidebat,
3386 5632 3483 5703 qui
3519 5647 3646 5687 cum

2062 5728 2210 5782 omni
2248 5728 2451 5798 popqu
2485 5726 2778 5795 procidens
2829 5736 2885 5781 et
2938 5727 3056 5796 ipse
3090 5725 3327 5794 primum
3354 5765 3371 5790 ,
3402 5733 3516 5778 tum
3552 5737 3648 5778 ex.

2063 5833 2316 5888 surgens,
2353 5832 2547 5872 manus
2568 5858 2584 5883 ,
2613 5816 2688 5873 uti
2720 5816 2866 5881 dixi,
2891 5813 3285 5886 pteniteutibus
3312 5814 3648 5885 imponebat.

2063 5912 2221 5978 Quod
2260 5912 2536 5968 luculente
2573 5925 2698 5967 cum
2723 5910 2915 5982 primis
2942 5908 3253 5966 declaratur
3285 5923 3315 5964 a
3345 5907 3651 5965 Sozomeno
