4064 6412
473 446 610 513 {0‘5

1565 441 1910 509 APPENDIX
1955 438 2593 501 DISSERTATIONUM.

3606 444 3741 500 £0“

473 562 568 631 lib.
601 576 678 615 vit
704 598 718 622 ,
748 574 867 629 cap.
905 558 970 612 l6
996 597 1009 611 .
1043 556 1137 612 ubi
1186 559 1519 626 pmniteulia:
1575 557 1866 613 formulam
1905 570 2065 627 espo-

2176 558 2458 631 μετανοίᾳ.
2495 558 2727 615 Vcrbum
2764 559 2854 613 τοῦ
2898 559 3155 615 ἀπολύειν
3197 558 3435 623 missam,
3468 558 3583 613 sive
3620 559 3744 612 inis-

473 655 575 715 nit,
607 667 732 722 qum
760 649 1238 720 Constantinopoli
1271 650 1529 721 abrogata
1577 649 1765 705 ﬂorum
1796 656 2059 719 perpetuo

474 745 695 798 mansit.
747 743 864 809 Qua
935 742 988 796 in
1045 741 1341 797 Soromeni
1396 742 1768 813 descriptione
1821 740 2058 812 plurima

473 848 632 901 sunt,
669 852 788 906 quae
822 838 888 891 ad
931 852 1124 892 omnes
1163 837 1497 907 poenitentia:
1526 834 1729 905 gradus
1762 835 2057 906 pertinent,

473 944 578 993 non
639 943 810 998 pauca
853 929 919 982 a.|
974 929 1291 983 Oﬁ‘lﬁtwaw
1344 928 1676 989 referuntur.
1726 927 1837 983 Cur
1877 936 2057 982 autem

470 1020 917 1088 exbomolngcsin
977 1021 1104 1076 huic
1147 1021 1307 1075 tertio
1363 1019 1700 1091 pmnitentiae
1741 1018 1930 1089 gradui
1974 1031 2063 1087 po-

474 1111 747 1166 tissiuuun
782 1111 1081 1180 assignetu,
1107 1110 1365 1182 Cypriani
1394 1109 1694 1167 auctoritas
1728 1117 1940 1174 movet,
1964 1110 2060 1179 qui

474 1212 596 1271 post
654 1202 792 1257 a:ias
845 1203 1180 1271 panno-mia:
1237 1202 1549 1258 functiones
1606 1199 2059 1270 esbomologesiu

472 1296 748 1349 collocare
779 1297 957 1357 solet.
990 1306 1043 1349 et
1098 1294 1530 1355 reconciliatioui
1568 1309 1632 1349 ac
1682 1293 2061 1367 communioni

474 1387 787 1457 propiorem
819 1388 1129 1441 ostendere.
1171 1386 1261 1444 Sic
1290 1388 1345 1442 in
1378 1387 1609 1458 epistola
1636 1386 1705 1441 l0
1732 1386 1801 1439 ad
1822 1385 2066 1441 (Iterum:

479 1478 619 1534 Nam
647 1496 765 1533 cum
794 1482 847 1533 in
892 1481 1185 1535 minoribus
1217 1482 1467 1550 peccatis,
1512 1480 1707 1551 inquit,
1743 1490 1903 1549 agant
1946 1494 2061 1548 pec-

478 1581 684 1625 catores
740 1572 1101 1638 proﬁtentium
1151 1573 1302 1641 justo
1362 1582 1633 1641 tempore,
1682 1581 1731 1627 et
1777 1565 2063 1625 secundum

477 1664 775 1731 disciplina
798 1666 1036 1723 ordinem
1073 1666 1142 1720 ad
1177 1665 1603 1735 exltomologesiu
1628 1666 1837 1719 ueniant
1861 1704 1877 1729 ,
1900 1672 1949 1716 et
1971 1676 2063 1729 per

479 1770 668 1809 manus
700 1757 1088 1825 impositionem
1119 1758 1355 1826 episcopi
1406 1765 1455 1811 et
1485 1757 1614 1810 cieri
1653 1756 1746 1826 jus
1774 1753 2064 1808 communi-

478 1847 703 1901 cationis
744 1850 1008 1919 accipiant
1028 1891 1042 1914 ,
1074 1865 1213 1903 nunc
1242 1851 1409 1906 crudo
1441 1860 1670 1917 tempore
1705 1846 2065 1917 persecutione

2168 651 2369 706 sionem
2400 654 2707 725 signiﬁcat,
2743 662 2804 709 ut
2836 654 2889 707 in
2915 654 3271 725 Expositione
3300 650 3424 707 ﬁdei
3463 650 3743 706 catholicae

2169 741 2223 796 in
2253 741 2360 797 line
2386 744 2569 814 operis
2594 741 2757 814 hujus
2780 743 3103 798 videbimus.
3139 740 3530 797 Poeniteutium
3562 740 3746 810 itaque

2169 836 2439 894 discessio
2463 838 2645 904 ﬁebat,
2676 838 2935 894 duntaxat
2970 852 3184 900 eorum,
3224 837 3316 907 qui
3343 836 3396 891 in
3431 835 3607 890 tribus
3636 833 3742 905 pri-

2167 932 2277 987 mis
2306 929 2568 1001 gradibus
2593 939 2968 994 censerentur,
3008 927 3087 983 uti
3121 938 3332 984 veteres
3371 944 3614 983 canones
3650 943 3744 982 nos

2168 1019 2390 1086 docent,
2409 1020 2707 1092 prtesertim
2727 1018 2969 1090 Gregorii
2987 1017 3380 1089 Thaumaturgi
3404 1015 3745 1082 undecimus,

2171 1110 2339 1184 idque
2365 1113 2617 1184 pluribus
2645 1110 2888 1169 Zonaras
2922 1121 2978 1168 et
3022 1111 3276 1166 Balsama
3304 1110 3631 1180 interpretes
3658 1108 3748 1163 ob-

2171 1215 2406 1261 servant.
2433 1205 2568 1262 Nam
2595 1206 2687 1277 qui
2717 1207 2770 1261 in
2793 1214 2989 1275 quarto
3018 1205 3210 1276 gradu,
3237 1204 3435 1260 bocest
3458 1205 3526 1275 τῇ
3555 1202 3748 1258 συστά-

2172 1311 2255 1349 σει
2302 1297 2773 1362 numerabantur,
2817 1312 2943 1352 cnm
3002 1295 3250 1351 ﬁdelibus
3294 1294 3745 1364 perseverabant:

2171 1387 2207 1459 ἡ
2241 1389 2504 1455 σύστασις
2529 1390 2627 1461 (ait
2669 1386 3134 1461 Thaumaturgus)
3165 1388 3252 1442 ἵνα
3283 1387 3601 1442 συνίσταται
3643 1389 3749 1451 τοῖς

2172 1482 2407 1545 πιστοῖς,
2429 1482 2526 1535 καὶ
2561 1482 2635 1554 μὴ
2670 1481 2958 1554 ὲξέρχηται
2984 1481 3121 1556 μεεςὰ
3153 1480 3262 1534 τῶν
3290 1480 3745 1551 καπηλουμένων.

2171 1568 2503 1628 lliuemarus
2539 1573 2595 1628 in
2645 1571 2886 1643 Epistula
2927 1572 2996 1626 ad
3041 1571 3389 1626 llincmarum
3438 1570 3752 1625 Laudunen-

2171 1678 2277 1716 sem
2318 1664 2640 1733 episcOpum,
2680 1677 2845 1735 quam
2878 1660 3141 1719 Justellus
3179 1663 3311 1718 citat
3346 1680 3360 1716 :
3405 1659 3644 1726 Quidam
3669 1661 3753 1732 ju-

2174 1754 2363 1809 bentur
2390 1770 2552 1825 usque
2582 1755 2650 1808 ad
2688 1756 2907 1809 missam
2941 1754 3433 1809 cateclmmcnorttm
3465 1770 3677 1807 manere
3699 1754 3751 1805 in

2172 1848 2419 1915 ecclesia,
2460 1848 2676 1916 quidam
2748 1862 2925 1902 autem
2963 1846 3077 1902 sola
3125 1848 3268 1899 intra
3309 1845 3583 1899 ecclesiam
3620 1846 3751 1915 [ide-

477 1940 649 1994 adhuc
675 1951 1060 2010 perseverante,
1085 1942 1320 1996 nantium
1353 1942 1599 1995 restituta
1623 1939 1876 1997 Ecclesia
1901 1938 2066 2007 ipsius
2099 1924 2141 1981 Β
2173 1940 2302 1993 lium
2334 1940 2574 1994 oratione
2596 1939 2752 2009 jungi
2779 1954 2947 1994 sacrm
2980 1938 3346 2007 mysteriorum
3375 1935 3692 1995 celebritati.
3722 1954 3753 1989 a

479 2049 607 2099 pace
654 2035 724 2087 ad
768 2036 1296 2090 communicationem
1336 2033 1694 2091 admittuntur
1716 2074 1732 2100 ,
1764 2040 1813 2087 et
1845 2031 2066 2101 oﬁ'ertur

479 2142 666 2181 nostrost
700 2120 915 2193 eortina,
949 2137 998 2182 et
1029 2129 1260 2181 nendum
1295 2126 1603 2194 paenitentia
1637 2135 1761 2179 acta
1781 2166 1795 2188 ,
1830 2125 2062 2178 nondum

479 2218 871 2290 συνοικήσασά
906 2219 1086 2289 facta,
1137 2219 1369 2273 nondum
1408 2234 1571 2272 manu
1602 2218 1678 2273 eis
1726 2218 1793 2272 ab
1824 2218 2065 2287 episcopo

478 2324 525 2364 ct
550 2311 689 2364 clero
720 2312 993 2381 imposita,
1017 2312 1343 2366 cucharistia
1366 2309 1476 2364 illis
1492 2310 1676 2364 datur.
1708 2309 1800 2365 Sic
1816 2310 1973 2378 epist.
2000 2308 2066 2364 l0

480 2410 603 2471 [nisi
621 2414 801 2458 actam
841 2404 1219 2474 pmultentiam
1248 2402 1472 2473 subiicit
1503 2400 1972 2472 exltomologesin.
2000 2400 2069 2456 Et

479 2492 637 2561 epist.
668 2494 768 2547 ηε
804 2493 943 2547 Nam
960 2510 1081 2549 cum
1097 2495 1153 2547 in
1180 2493 1475 2547 minoribus
1495 2491 1724 2558 delictis,
1748 2509 1865 2563 qua:
1893 2494 2065 2547 nonin

483 2583 765 2641 Dontiuum
819 2586 1268 2651 committuntur,
1318 2586 1629 2655 pauitantia
1670 2595 1864 2657 agatur
1914 2588 2065 2654 justo

482 2690 710 2749 tempore
736 2722 751 2747 ,
799 2689 847 2733 et
879 2680 1293 2750 crteonwtogesis
1347 2680 1443 2748 ﬁat
1486 2681 1724 2749 inspecta
1776 2679 1883 2732 vita
1926 2679 2062 2747 ejus,

479 2770 570 2838 qui
603 2771 710 2838 agit
750 2770 1150 2839 pwnitentiaut,
1195 2787 1287 2825 nec
1322 2770 1393 2823 ad
1416 2768 1943 2824 communicationem
1977 2783 2065 2821 uc-

483 2863 597 2917 uire
616 2864 735 2932 quis
776 2864 963 2932 possit,
1004 2864 1110 2916 nisi
1147 2864 1296 2931 prius
1334 2862 1419 2916 illi
1468 2862 1534 2915 ab
1559 2862 1799 2931 episcopo
1849 2870 1898 2914 et
1927 2860 2066 2914 clero

485 2976 674 3014 manus
707 2960 868 3029 fuerit
909 2959 1181 3028 imposita.
1215 2957 1360 3013 Ideni
1408 2957 1464 3010 in
1498 2963 1640 3011 orat.
1673 2955 1750 3009 De
1786 2954 1981 3024 lapsis,
2013 2962 2068 3009 et

483 3052 610 3106 alibi
635 3051 835 3123 sapius
859 3051 1052 3106 eodem
1072 3050 1265 3106 ordine
1294 3055 1709 3104 commemorat.
1736 3044 1879 3113 Quin
1901 3045 2063 3100 etiam

484 3144 710 3199 Tertull.
762 3143 858 3199 lib.
905 3142 983 3200 De
1031 3158 1167 3213 pom.
1202 3140 1540 3197 enumeratis
1585 3139 1843 3194 omnibus
1893 3137 2067 3207 pinni-

484 3238 712 3305 tentium
749 3236 1115 3292 incommodis
1149 3248 1214 3291 ac
1240 3232 1627 3289 versationibus
1648 3271 1662 3295 ,
1710 3231 1826 3286 bace
1856 3230 2019 3285 inl'ert
2049 3248 2062 3283 :

484 3327 742 3384 Miserum
790 3337 868 3383 est
909 3328 987 3382 sic
1032 3326 1105 3381 ad
1152 3325 1578 3395 exltomologesin
1608 3324 1889 3391 peruenire.
1920 3321 2068 3377 Malo

482 3422 621 3475 enim
666 3421 736 3475 ad
769 3420 1040 3475 miseriam
1086 3420 1424 3488 pervenitur;
1460 3418 1550 3472 sed
1583 3416 1671 3471 ubi
1714 3416 2070 3485 pmnitendum

476 3522 580 3575 est,
609 3512 802 3565 desinit
832 3511 1083 3565 miserum
1109 3550 1125 3576 ,
1164 3511 1289 3579 quia
1321 3510 1527 3580 factum
1577 3517 1656 3563 est
1686 3508 1941 3563 salutare.
1991 3506 2071 3562 Ex

483 3603 686 3678 quilms
728 3603 1080 3674 perspicusmr
1132 3602 1378 3657 redditur
1403 3640 1419 3667 ,
1455 3610 1582 3655 ante
1614 3598 2069 3669 exltomologesin

486 3695 685 3763 minitas
736 3695 1120 3766 pmnitentium
1180 3695 1449 3773 actiones.
1484 3694 1622 3748 alias
1683 3693 2068 3758 antecessisse,

487 3787 635 3848 illam
672 3797 857 3842 autem
905 3785 1277 3849 ὑποπτώσεως
1327 3786 1660 3855 peculiarem
1716 3800 1882 3852 esse,
1939 3784 2070 3854 quia

488 3879 747 3942 σύστασις
782 3894 891 3934 nou
927 3880 1041 3948 jam
1094 3879 1310 3932 miseria
1339 3878 1446 3933 dici
1480 3885 1696 3949 potest,
1729 3892 1854 3933 cum
1891 3886 2069 3933 status

484 3972 579 4025 llic
615 3962 955 4041 poenitentia;
980 3968 1467 4024 commodissimus
1501 3968 1748 4023 omnium
1769 3968 2067 4023 exstiterit.

486 4062 557 4118 At
608 4060 928 4126 ὑπόπτωσις
987 4060 1188 4115 multas
1240 4059 1743 4130 acerbissimisque
1791 4042 2072 4114 molestias

487 4154 708 4228 habuit,
759 4163 817 4209 et
843 4154 1052 4224 majore
1098 4166 1224 4209 eum
1255 4152 1585 4207 verecundia
1611 4152 1905 4222 conjuncta
1944 4150 2069 4219 fuit,

473 4262 610 4311 cum
649 4247 705 4304 in
754 4245 933 4301 media
960 4246 1153 4317 populi,
1195 4243 1462 4302 concione
1496 4245 1699 4301 sistens
1728 4259 1851 4301 sese
1887 4259 2073 4314 pecca-

486 4350 659 4395 torem
693 4337 1079 4409 proﬁteretur,
1134 4351 1200 4393 ac
1254 4336 1565 4408 generalem
1622 4336 2069 4405 exbomoIOgesiu

486 4431 799 4500 concipiens
823 4430 1080 4502 lacrymis
1109 4439 1273 4500 atque
1298 4428 1597 4497 eiulatibus
1627 4428 1855 4483 instaret
1883 4429 2073 4483 arden-

484 4523 615 4585 tius.
648 4522 941 4592 Propterea
972 4522 1267 4577 concilium
1304 4522 1683 4591 Ancyranum,
1713 4529 1774 4575 ut
1799 4534 1964 4589 supra
1990 4519 2071 4573 vi-

486 4611 666 4665 dimus
687 4650 704 4676 ,
749 4627 874 4665 ean.
909 4610 976 4666 l9
1003 4611 1296 4665 voluntarii
1337 4611 1616 4680 parricidii
1651 4626 1776 4667 reos
1803 4620 1919 4665 toto
1947 4609 2069 4666 vitae
2103 4625 2149 4683 ι)

487 4709 749 4783 tempore
765 4700 1098 4754 ὑποπίπτειν
1122 4699 1300 4769 jubet.
1702 4690 1743 4737 ί

557 4780 749 4864 Atque
768 4793 1016 4848 eamdem
1045 4807 1169 4848 esse
1196 4806 1420 4848 causam
1466 4792 1719 4861 suspicor
1746 4830 1760 4852 ,
1802 4805 1902 4843 cur
1948 4803 2068 4858 p03-

490 4886 778 4953 nitentium
831 4886 1055 4941 nomine
1091 4898 1236 4955 saepe
1281 4883 1358 4939 illi
1399 4883 1501 4939 soli
1543 4883 2075 4953 comprehendantur

492 4995 521 5047 δ
543 4977 798 5041 conciliis
842 4986 898 5032 et
924 4976 1203 5042 Patribus,
1237 4975 1332 5045 qui
1365 4975 1420 5028 in
1453 4974 1629 5029 tribus
1660 4973 1850 5043 primis
1892 4971 2073 5044 gradi-

489 5069 595 5131 bus
630 5068 916 5127 natarent.
948 5065 1089 5123 Nam
1130 5068 1185 5122 in
1230 5065 1469 5136 liturgiis
1511 5079 1577 5120 ac
1621 5065 1908 5120 sacriﬁciis
1951 5073 2075 5134 post

488 5160 901 5233 Scripturarum
942 5158 1233 5219 lectionem
1267 5166 1322 5213 et
1353 5156 1524 5213 divini
1564 5157 1713 5212 verbi
1731 5157 2077 5227 praedicatio-

487 5270 636 5322 nem,
680 5251 998 5323 priusquam
1031 5250 1100 5306 ad
1133 5265 1334 5308 arcana
1357 5242 1789 5322 augustiorsque
1815 5250 2074 5321 mysteria

482 5345 959 5418 progrederemur,
971 5342 1818 5413 armchuniemgenergumeuos
1828 5356 1954 5398 eum
1966 5356 2081 5413 pm-

488 5436 785 5493 niteutibus
823 5436 1096 5491 {nocuere
1124 5432 1393 5489 diaconus
1420 5435 1743 5504 imperabat.
1782 5432 2076 5506 Dionysius

489 5524 583 5581 lib.
614 5525 691 5582 De
707 5524 893 5580 eccles.
917 5524 1115 5585 hierar.
1134 5537 1256 5592 cap.
1277 5522 1314 5577 3
1331 5542 1344 5577 :
1370 5524 1481 5585 Καὶ
1496 5525 1634 5595 μετὰ
1647 5524 1852 5589 ταύτας
1867 5525 2079 5595 (lectio—

490 5630 589 5672 nes
617 5616 823 5686 sam-as)
853 5615 959 5683 ἔξω
992 5612 1231 5683 γίνοντάι
1245 5615 1346 5684 τῆς
1374 5615 1525 5685 ἱερᾶς
1572 5617 1837 5688 περιοχῆς
1858 5617 1908 5671 oi.
1947 5634 2080 5671 κατ-

492 5706 805 5778 ηχούμενοι,
828 5706 922 5759 καὶ
951 5704 1087 5779 πρὸς
1106 5707 1293 5769 αὐτοῖς
1315 5706 1366 5759 ol
1397 5707 1800 5777 ὲνεργθύμενοι,
1827 5709 1988 5762 aculei
2021 5710 2080 5762 ὲν

495 5796 757 5879 μετανοίᾳ
813 5796 989 5859 ὄντες.
1056 5795 1150 5852 Sic
1212 5798 1268 5853 in
1333 5797 1563 5853 Constit.
1631 5808 1803 5867 apost.
1865 5800 1902 5854 ι.
1957 5815 2077 5867 vut,

649 5886 725 5943 9:
760 5884 866 5941 Kal
909 5890 938 5943 ὁ
980 5887 1226 5953 διάκονος
1276 5890 1495 5960 λεγέτω
1548 5892 1896 5961 ’Λπολύεσοε,
1933 5895 1980 5946 οἱ
2023 5896 2080 5949 ὲν

2177 2026 2470 2083 Dominica
2497 2038 2668 2081 autem
2701 2041 2893 2081 mensa:
2914 2027 3147 2080 convivio
3173 2026 3455 2096 segregari.
3486 2022 3754 2091 Quocirca

2173 2122 2224 2175 oi
2251 2122 2310 2174 ὲν
2354 2121 2614 2174 συστάσει
2658 2118 2812 2184 ὄντες
2859 2128 3011 2174 extra
3058 2118 3438 2189 pwuitentium
3506 2119 3753 2174 ordinem

2174 2230 2237 2267 ex
2271 2212 2363 2268 illa
2427 2226 2701 2269 canonum
2746 2226 2810 2268 ac
2860 2209 3079 2273 Patrum
3125 2210 3379 2281 loquendi
3418 2210 3634 2267 ratione
3666 2227 3753 2267 se-

2174 2303 2307 2358 creti
2332 2310 2480 2359 sunt.

2177 2432 2419 2500 Quonam
2448 2436 2504 2485 in
2546 2432 2866 2502 pmuitcntia:
2901 2413 3081 2502 gradu’
3106 2431 3512 2488 sacramentalis
3541 2432 3750 2487 absolu-

2688 2504 2761 2557 tio
2789 2519 3034 2557 concessa
3066 2503 3243 2572 fuerit.

2248 2594 2326 2650 Ex
2355 2610 2468 2666 quo
2502 2594 2593 2650 illa
2618 2609 2750 2650 sane
2777 2610 2886 2650 non
2916 2594 3050 2650 levis
3074 2595 3291 2651 exsistit
3314 2594 3547 2664 qumstio
3580 2610 3595 2647 :
3623 2607 3756 2662 quo-

2176 2703 2303 2742 nam
2338 2697 2600 2757 tempere,
2640 2700 2818 2757 quove
2857 2686 2911 2741 in
2953 2685 3123 2757 gradu
3164 2698 3494 2756 postremam
3533 2685 3685 2740 illam
3722 2699 3753 2737 a

2177 2778 2414 2849 peccatis
2442 2777 2845 2833 absolutionem
2879 2777 3206 2847 pmuitentes
3230 2776 3561 2833 obtinerent.
3599 2775 3751 2842 Quod

2176 2869 2320 2924 enim
2375 2866 2607 2924 subinde
2663 2878 2787 2938 post
2820 2867 3020 2922 editam
3050 2875 3397 2937 peccatorum
3445 2864 3751 2923 emitessio-

2178 2975 2302 3016 nem
2361 2959 2570 3016 absolvi
2629 2974 2737 3014 non
2788 2939 3046 3027 solerent,
3078 2959 3244 3029 idque
3289 2957 3504 3013 nonnisi
3540 2958 3754 3033 expleto

2177 3051 2507 3121 poenitentia:
2534 3059 2776 3121 tempore
2804 3059 3291 3120 consequerentur,
3320 3048 3569 3120 pluribus
3597 3057 3753 3104 antea

2175 3140 2614 3197 demonstratum
2656 3147 2761 3195 est.
2807 3138 2963 3194 Nunc
3006 3139 3139 3194 illud
3204 3139 3397 3193 merito
3446 3136 3750 3199 dubitatur,

2180 3237 2492 3284 utrumnam
2532 3237 2730 3299 quarto
2764 3228 2986 3298 insuper
3033 3228 3226 3298 gradu,
3279 3226 3381 3282 boc
3427 3238 3512 3283 est
3558 3226 3750 3281 συστά-

2176 3338 2281 3389 σει,
2322 3321 2476 3392 prius
2519 3320 2923 3392 defungendum
2977 3321 3085 3377 illis
3128 3320 3325 3387 fuerit,
3360 3337 3527 3391 quam
3567 3337 3751 3379 sacra~

2177 3410 2497 3474 mentalem,
2554 3419 2617 3465 ut
2671 3420 2887 3476 vocant,
2928 3409 3326 3465 absolutionem
3374 3410 3748 3485 impetrarent,

2175 3512 2245 3554 an
2272 3506 2395 3567 post
2423 3498 2742 3552 ὑπόπτωσιν
2772 3497 3187 3553 absolverentur
3213 3512 3245 3552 a
3269 3498 3507 3568 peccatis
3539 3497 3615 3553 illi
3641 3499 3751 3567 qui-

2173 3585 2320 3652 dem,
2353 3585 2446 3641 sed
2489 3586 2729 3641 nondum
2763 3595 2943 3639 tamen
2992 3585 3060 3639 ad
3111 3584 3378 3640 Dominici
3413 3585 3750 3640 communio-

2178 3689 2304 3729 nem
2339 3673 2587 3741 corporis
2619 3674 3058 3730 admitterentur.
3089 3674 3170 3729 Ac
3188 3674 3355 3730 videri
3391 3690 3529 3729 sane
3555 3684 3747 3745 potest,

2176 3775 2299 3837 post
2340 3766 2679 3832 ὐπόπτωσιν,
2726 3777 3074 3836 peccatorum
3112 3766 3221 3824 illis
3256 3768 3497 3828 veniam,
3538 3767 3642 3822 hoc
3674 3776 3749 3821 est

2174 3856 2627 3913 saerameutalem
2700 3859 2849 3914 illam
2908 3860 3303 3915 relaxationem
3354 3873 3475 3912 esse
3529 3873 3749 3914 conces-

2174 3965 2314 4006 sam.
2368 3949 2502 4006 Nam
2550 3966 2678 4008 eum
2730 3953 2893 4008 tertio
2940 3968 3008 4009 ex
3056 3954 3150 4008 illo
3202 3952 3370 4024 gradu
3424 3952 3490 4005 ad
3556 3952 3749 4006 cnim-

2178 4059 2265 4095 σιν
2299 4053 2659 4111 emerserunt,
2690 4044 3021 4113 pmnitentes
3056 4060 3179 4100 eSse
3226 4045 3632 4115 quodammodo
3668 4044 3749 4097 de.

2177 4134 2453 4199 sinebant,
2485 4145 2546 4191 ut
2578 4137 2743 4207 paulo
2772 4148 2900 4192 ante
2935 4136 3335 4193 declaravimus
3362 4156 3374 4191 :
3413 4136 3558 4207 quod
3591 4152 3748 4205 argu-

2178 4236 2368 4283 mento
2391 4243 2514 4285 esse
2566 4238 2767 4301 potest,
2810 4230 3053 4286 relaxata
3077 4230 3188 4300 jam
3223 4228 3329 4285 illis
3357 4243 3421 4285 ac
3448 4228 3747 4283 condonata

2177 4334 2300 4376 esse
2331 4321 2590 4388 crimina,
2618 4330 2841 4393 propter
2864 4337 2988 4394 quae
3026 4322 3083 4378 in
3116 4321 3262 4376 illam
3297 4319 3559 4376 obeunda:
3582 4318 3751 4389 pmni-

2178 4411 2363 4466 leutite
2395 4413 2775 4467 necessitatem
2822 4413 3184 4468 incurrerunt.
3215 4410 3367 4467 Adde
3401 4412 3588 4466 outuia
3624 4409 3747 4469 illis,

2182 4513 2295 4554 uno
2317 4509 2547 4570 excepto
2578 4498 2795 4555 Domini
2825 4515 3077 4571 corpore,
3112 4515 3237 4556 cum
3260 4499 3473 4555 caeteris
3507 4497 3748 4552 ﬁdelibus

2178 4590 2354 4647 fuisse
2398 4593 2770 4649 communia:
2819 4594 3002 4649 locum
3056 4594 3112 4648 in
3172 4580 3362 4657 primis
3414 4606 3480 4648 ac
3540 4603 3748 4659 tempus

2177 4683 2484 4751 orationis;
2532 4686 2881 4755 nequeenim
2909 4701 3031 4741 cum
3078 4684 3468 4756 ptenitentibus
3511 4682 3749 4745 exibant,

2177 4790 2280 4831 nec
2317 4776 2469 4841 alibi,
2515 4791 2680 4847 quam
2732 4777 2827 4833 ubi
2882 4778 3068 4833 ﬁdeles
3113 4778 3329 4844 ceteri,
3377 4777 3744 4831 versabantur.

2180 4864 2320 4921 Tum
2379 4868 2649 4924 sacriﬁcia
2703 4869 2820 4937 ipsa
2871 4877 2927 4924 et
2983 4867 3230 4938 liturgias
3262 4909 3279 4935 ,
3328 4880 3559 4937 quorum
3617 4863 3747 4916 citra

2178 4958 2652 5023 communionem,
2686 4969 2842 5015 erant
2881 4958 3196 5030 participes.
3244 4956 3447 5013 Deinde
3484 4969 3613 5010 vero
3658 4969 3748 5007 ne-

2182 5051 2314 5106 mini
2350 5052 2578 5109 dubium
2616 5053 2749 5109 illud
2780 5061 2888 5119 est,
2915 5064 3009 5123 per
3040 5050 3436 5121 impositioncm
3468 5058 3746 5105 manuum,

2178 5153 2374 5203 caetera
2426 5154 2490 5199 ut
2532 5144 2816 5208 eruittam,
2863 5154 3211 5214 peccatorum
3259 5141 3365 5198 illis
3419 5138 3747 5209 temporibus

2179 5239 2441 5297 tributam
2477 5252 2603 5294 esse
2647 5237 2887 5292 veniam.
2937 5235 3142 5289 Doceat
3187 5234 3289 5289 hoc
3333 5235 3614 5287 innumera
3648 5230 3748 5301 Cy-

2181 5330 2360 5402 priani
2390 5330 2727 5396 testimonia,
2772 5342 3007 5399 quorum
3053 5330 3315 5383 hactenus
3347 5324 3599 5395 pleraque
3627 5337 3746 5393 pro—

2180 5425 2464 5488 duximus,
2507 5424 2562 5479 in
2592 5424 2795 5493 quibus
2837 5436 2932 5492 per
2972 5435 3171 5475 rnanus
3208 5417 3606 5488 impositionem
3648 5426 3744 5482 pax

2180 5526 2237 5571 et
2271 5515 2651 5575 reconciliatio
2684 5512 3221 5581 commnnicatioque
3250 5508 3577 5564 conceditur.
3612 5503 3744 5558 Tum

2181 5611 2237 5664 in
2264 5608 2525 5677 Carthag.
2558 5621 2717 5663 eone.
2747 5621 2822 5674 IV,
2846 5620 2969 5661 can.
3002 5603 3069 5657 76
3092 5605 3158 5658 de
3180 5619 3245 5658 eo
3267 5604 3358 5673 qui
3386 5599 3745 5672 pmnitcutiam

2184 5704 2240 5759 in
2297 5703 2618 5760 inﬁrmitate
2668 5700 2908 5773 postulat
2953 5719 2967 5755 :
3025 5697 3094 5753 Et
3146 5698 3199 5761 si,
3242 5697 3508 5760 continuo,
3558 5689 3744 5759 inquit,
3810 5730 3815 5731 κ

2185 5797 2421 5854 creditur
2448 5795 2764 5858 moriturus,
2799 5791 3166 5847 reconcilietur
3200 5803 3293 5857 per
3321 5801 3506 5840 uiantis
3540 5780 3746 5851 imposi-

2189 5898 2422 5952 tiom'm.
2469 5898 2518 5944 et
2554 5886 2874 5957 infundatur
2910 5885 2989 5939 ori
3048 5882 3159 5951 eius
3214 5879 3560 5935 Eucharistia.
3622 5872 3744 5928 Item
