4064 6406
339 393 473 453 1045

1593 386 1679 440 DE
1712 384 2285 444 ClIOREPlSCOPlS.

3461 386 3604 445 10M

334 528 451 569 can.
505 459 981 565 78:}wnitentcs.
1036 505 1128 575 qui
1173 507 1227 559 in
1292 505 1607 575 inﬁrmitate
1661 505 1920 558 viaticum
1949 515 1994 571 Α
2022 503 2396 576 ticipationem
2472 504 2917 575 impetraverint;
2994 502 3301 576 Cyprianus
3378 502 3608 574 insuper

339 602 684 658 Enclrm-istia:
736 599 1053 668 acceperint,
1108 614 1211 651 non
1267 614 1321 651 se
1376 597 1594 651 credant
1637 595 1908 651 absolutos

334 693 445 748 sine
468 706 654 743 manus
676 686 1034 758 impositione,
1074 687 1120 741 si
1152 688 1555 755 supervixerint.
1586 684 1645 740 ιιι
1678 686 1907 741 Constit.

334 791 503 855 apost.
532 781 572 836 l.
607 798 676 845 ll,
706 797 829 852 cap.
856 781 950 845 ﬂ,
988 779 1023 851 ἡ
1042 778 1354 851 χειροθεσία
1379 778 1765 849 paenitentibus
1791 777 1912 832 ἀντὶ

334 876 424 932 τοῦ
462 876 765 949 λούσματος
810 889 933 931 esse
971 872 1191 928 dicitur.
1236 872 1308 927 At
1349 886 1477 927 vero
1509 886 1704 926 manus
1734 870 1913 940 impo-

334 970 456 1026 sitio
481 968 701 1041 propria
741 968 843 1039 τῆς
882 965 1254 1029 ὑποπτώσεως
1306 963 1480 1020 fuisse
1525 961 1759 1017 videtur.
1790 960 1912 1029 Quo

331 1064 384 1119 in
420 1064 588 1132 gradu
621 1062 950 1134 ptenitentes
988 1060 1091 1116 sub
1119 1058 1362 1130 episcopi
1384 1072 1580 1113 manus
1603 1056 1867 1112 subibant
1895 1074 1909 1112 :

333 1153 476 1209 unde
504 1153 606 1225 τῆς
626 1153 1002 1228 εὑποπτώσεως
1030 1151 1358 1207 vocabulum
1397 1148 1713 1205 deductum.
1737 1147 1915 1216 Atque

333 1248 436 1305 hoc
469 1258 595 1303 ante
654 1256 985 1319 postremam
1036 1244 1436 1300 absolutionem
1486 1255 1554 1298 ac
1596 1240 1914 1297 reconcilia-

333 1339 535 1402 tionem
568 1337 766 1407 sa-pius
790 1335 1134 1392 factitabant.
1182 1332 1240 1388 ln
1278 1332 1504 1388 Laodic.
1555 1331 1786 1396 can.l9,
1824 1330 1913 1387 ubi

331 1429 673 1499 liturgiarum
699 1427 1149 1482 celebrandarum
1176 1422 1353 1480 forma
1373 1421 1771 1494 praescribitur,
1789 1421 1918 1493 scapi.

329 1520 422 1574 τοῦ
469 1520 582 1573 δεῖν
626 1519 733 1590 ὶδιᾳ
791 1518 1011 1590 πρῶτον
1050 1517 1200 1619 μετὰ
1243 1517 1343 1581 τὰς
1391 1514 1610 1587 ὁμιλίας
1651 1512 1759 1568 τῶν
1800 1514 1918 1567 ὲπι-
1956 1566 1963 1571 _

330 1614 568 1675 σκόπων,
599 1612 824 1666 καὶτῶν
858 1606 1282 1684 κατηχᾶδμένων
1312 1611 1480 1682 εὐχὴν
1520 1606 1915 1672 ἐπιτελεῖσθαι,

330 1705 422 1759 καὶ
458 1703 598 1775 μετὰ
636 1705 699 1757 τὸ
733 1703 972 1769 ἐξελθεῖν
1019 1703 1146 1767 τοὺς
1191 1701 1659 1774 κατηχουμένους,
1701 1699 1812 1754 τῶν
1861 1700 1919 1753 ὲν

329 1796 595 1868 μετανοίᾳ
626 1794 726 1867 τὴν
749 1795 913 1868 εὐχὴν
941 1793 1212 1865 γίνεσθαι,
1244 1793 1340 1849 καὶ
1368 1792 1573 1848 τούτων
1594 1790 1920 1866 προσελθόν-

2010 595 2172 668 epist.
2192 596 2252 652 li
2277 613 2293 651 :
2310 596 2445 652 Ante
2461 606 2656 662 actam,
2673 596 2882 667 inquit,
2911 596 3291 664 ptenitentiam,
3310 605 3430 650 ante
3449 595 3609 649 exlio-

2012 692 2300 764 mologesin
2340 693 2641 763 gravissimi
2677 702 2833 764 atque
2895 691 3118 747 extremi
3159 690 3342 746 delicti
3382 690 3600 760 famam,

2012 792 2134 841 ante
2159 800 2375 839 manum
2403 785 2468 839 ab
2493 785 2737 855 episcopo
2760 793 2809 839 et
2840 784 2982 841 clero
3013 785 3067 838 in
3099 783 3469 853 paenitentiam
3500 783 3608 836 int-

2020 877 2271 947 positam.
2322 875 2397 931 ibi
2444 876 2767 948 pmnitentia
2818 890 2919 946 pro
2961 875 3306 932 absolutione
3349 875 3607 945 usurpari

2018 968 2256 1031 videtur,
2299 976 2359 1022 ut
2394 974 2451 1023 et
2480 965 2612 1022 alibi
2653 966 2880 1037 passim,
2929 966 3145 1036 quoties
3183 966 3252 1022 de
3290 965 3612 1029 reconcilia-

2015 1059 2164 1115 tione
2195 1059 2428 1129 loquens
2468 1058 2536 1115 iis
2574 1058 2755 1115 verbis
2796 1058 2966 1114 utitur
3008 1076 3022 1113 :
3064 1074 3227 1113 manu
3258 1058 3317 1113 in
3348 1058 3605 1126 paeniten-

2015 1153 2148 1205 tiam
2208 1152 2478 1220 imposita.
2555 1150 2827 1218 Quocirca
2884 1151 2940 1205 in
3002 1150 3110 1206 line
3191 1149 3294 1221 τῆς
3349 1147 3607 1203 baton-cib-

2016 1261 2154 1310 σεως
2200 1243 2414 1300 fortean
2444 1258 2640 1299 manus
2674 1243 2728 1299 in
2770 1243 3147 1313 pmnitentiam
3195 1243 3449 1314 imposita
3483 1242 3604 1307 fuit,

2016 1336 2122 1393 hoc
2157 1346 2247 1393 est
2310 1335 2586 1392 absolutio
2627 1335 3116 1409 reconciliatioque
3157 1335 3286 1390 data
3332 1333 3606 1405 perniten-

2018 1427 2184 1493 tibus,
2213 1426 2296 1483 sic
2328 1435 2389 1483 ut
2420 1425 2687 1496 tantisper
2715 1439 2748 1481 a
2781 1424 3060 1498 mysteriis
3087 1424 3448 1481 abstinerent.

2087 1518 2293 1577 Verum
2333 1534 2402 1574 ne
2445 1518 2572 1576 huic
2622 1518 2955 1589 conjecturas
2996 1517 3230 1573 nimium
3291 1516 3607 1581 conﬁdam,

2018 1626 2189 1667 unum
2218 1610 2348 1667 illud
2380 1611 2542 1674 facit,
2583 1608 2731 1681 quod
2761 1608 3119 1666 vetustissimi
3163 1606 3377 1672 Patres,
3408 1606 3465 1663 in
3497 1609 3610 1678 pri-

2019 1702 2235 1773 misque
2257 1701 2565 1773 Cyprianus
2625 1709 2751 1772 post
2788 1700 3239 1772 exhomologesin
3277 1708 3611 1755 extremam-

2021 1807 2129 1864 que
2156 1807 2422 1849 manuum
2455 1793 2864 1863 impositionem
2898 1792 3086 1850 statim
3116 1791 3183 1848 ad
3212 1790 3606 1863 mysteriorum

328 1905 433 1941 των
471 1887 578 1941 ὑπὸ
610 1890 789 1958 χεῖρα,
823 1888 917 1940 καὶ
950 1886 1454 1959 ὑποχωρησάντων,
1493 1883 1668 1949 οὕτως
1700 1884 1805 1948 τὰς
1826 1883 1917 1936 εὑ-

2024 1886 2469 1941 commuuionem
2483 1883 2576 1954 jus
2601 1884 2863 1941 habuisse
2885 1883 3219 1955 pmnitentes
3246 1897 3357 1938 non
3374 1881 3611 1937 obscure

327 1979 426 2049 κάς
476 1977 587 2033 τῶν
636 1977 846 2033 πιστῶν
883 1976 1130 2047 γίνεσθαι
1175 1978 1346 2049 τρεῖς.
1391 1975 1703 2047 Agathense
1751 1989 1907 2030 conc.

326 2085 450 2124 can.
484 2069 553 2126 15
583 2088 598 2125 :
631 2070 949 2126 Ptenitentcs
996 2078 1248 2139 tempore,
1298 2083 1399 2138 quo
1439 2068 1802 2137 paenitentiam
1834 2082 1915 2136 pe-

329 2171 463 2226 tunt,
505 2162 897 2233 impositionem
925 2177 1180 2215 uiantium
1220 2170 1272 2216 et
1311 2158 1549 2214 cilicium
1574 2173 1731 2228 super
1755 2168 1912 2228 caput

325 2271 360 2311 α
400 2257 700 2320 sacerdote,
753 2256 890 2310 sicut
938 2254 1130 2325 ubique
1174 2253 1522 2321 constitutum
1564 2259 1680 2313 est,
1730 2266 1912 2306 conse-

322 2355 579 2415 quantur.
610 2345 741 2401 Item
777 2345 1033 2416 Carthag.
1079 2359 1154 2408 tv,
1196 2358 1320 2398 can.
1342 2340 1412 2396 80
1444 2359 1460 2397 :
1494 2339 1654 2395 Omni
1684 2349 1914 2410 tempore

315 2438 515 2508 jejunii
546 2454 733 2493 manus
761 2437 1129 2508 pauitantibus
1154 2453 1186 2490 α
1203 2433 1562 2489 sacerdotibus
1584 2433 1913 2503 imponatur.

392 2530 582 2600 Itaque
607 2545 734 2585 cum
769 2530 839 2584 ab
892 2527 1209 2582 ὑποπτώσει
1254 2533 1323 2583 ad
1360 2535 1616 2596 quartum
1660 2524 1910 2580 ordinem

322 2635 388 2678 ac
409 2629 751 2692 postremum
784 2620 1106 2692 migrarent,
1153 2616 1435 2689 probabile
1476 2626 1561 2674 est
1600 2631 1699 2688 per
1737 2616 1917 2689 impo-

323 2711 579 2768 sitioncm
630 2727 892 2767 manuum
945 2711 1398 2767 sacramentalem
1449 2709 1562 2767 illis
1610 2709 1916 2766 absolutio-

323 2819 445 2860 nem
480 2803 816 2874 impertitam
858 2802 1050 2860 fuisse.
1098 2800 1284 2873 Neque
1322 2802 1494 2870 enim,
1531 2802 1680 2874 quod
1717 2803 1915 2867 sciam,

322 2897 536 2967 antiqui
577 2910 822 2952 canones
873 2905 997 2966 post
1027 2894 1289 2950 σύστασιν
1322 2896 1716 2965 ptenitentibds
1742 2895 1919 2968 impo-

321 2989 482 3045 sitam
516 3002 641 3043 esse
674 2987 1007 3058 significant,
1048 2988 1146 3044 sed
1179 3002 1300 3043 eam
1346 2987 1761 3059 impositionem
1788 3002 1917 3045 cum

272 3101 283 3105 -
333 3079 651 3135 ὑποπτώσει
679 3079 1039 3151 conjunguut.
1063 3077 1198 3146 Quae
1225 3079 1540 3152 conjectura
1569 3081 1615 3137 si
1644 3080 1731 3137 cui
1758 3078 1921 3137 forsi-

329 3181 417 3226 tan
470 3170 763 3243 placuerit,
801 3169 871 3225 ad
902 3171 1165 3226 nonnulla
1218 3169 1442 3227 Patrum
1482 3171 1604 3225 loca
1636 3169 1918 3227 transferri

322 3259 841 3331 accommodarique
870 3260 1089 3330 poterit.
1129 3260 1183 3314 in
1214 3261 1414 3331 quibus
1444 3261 1766 3331 pmuitentia
1797 3261 1920 3319 sine

322 3352 711 3408 communione
733 3352 898 3407 certis
925 3353 1302 3421 peccatoribus
1317 3367 1581 3409 concessa
1611 3352 1826 3423 legitur.
1850 3352 1922 3409 Ut

321 3456 444 3496 cum
468 3443 821 3497 [innocentius
857 3442 994 3513 papa
1010 3442 1221 3506 scribit,
1254 3443 1384 3501 olim
1419 3443 1506 3509 iis,
1534 3443 1628 3513 qui
1674 3444 1923 3499 reconci-

323 3530 601 3589 liati0nem
653 3536 758 3590 sub
802 3542 1109 3589 extremum
1143 3543 1358 3603 tempus
1387 3535 1512 3589 vitae
1540 3533 1914 3604 postulabant,

324 3633 520 3696 negata
549 3625 962 3691 communione,
990 3639 1312 3680 concessam
1339 3639 1463 3680 esse
1486 3623 1863 3693 paenitentiam
1892 3642 1907 3683 :

323 3731 450 3772 nam
499 3718 835 3787 pcnnitentite
888 3717 1117 3773 nomine
1163 3718 1578 3772 sacramentalis
1638 3718 1915 3774 absolutio

324 3816 503 3878 potest
529 3808 774 3880 intelligi,
808 3824 974 3880 quam
1016 3811 1154 3865 citra
1203 3807 1472 3867 Dominici
1504 3811 1758 3882 corporis
1787 3825 1914 3881 par-

2015 1975 2410 2033 demonstrant.
2445 1975 2537 2031 Sic
2561 1976 2614 2031 in
2645 1975 2805 2046 epist.
2844 1974 2913 2031 10
2938 1974 3009 2029 ad
3030 1975 3281 2032 Clerum:
3313 1970 3460 2027 Nam
3489 1988 3610 2026 cum

2014 2070 2073 2123 in
2111 2065 2412 2123 minoribus
2455 2068 2687 2136 peccatis
2726 2065 3011 2137 (Cypriani
3054 2063 3224 2123 verba
3255 2066 3407 2125 sunt)
3447 2072 3610 2134 agant

2013 2165 2313 2227 peccatores
2339 2155 2704 2225 paenitentiam
2742 2155 2893 2220 iusto
2935 2165 3185 2222 tempore,
3226 2161 3278 2210 et
3323 2152 3611 2209 secundum

2014 2248 2313 2317 disciplima
2341 2247 2581 2303 ordinem
2606 2248 2675 2301 ad
2715 2245 3144 2317 exhomologesin
3182 2243 3413 2307 ueniant,
3441 2252 3493 2299 et
3519 2257 3613 2312 per

2016 2357 2206 2395 manus
2244 2339 2636 2410 impositiouem
2675 2339 2909 2409 episcopi
2944 2347 2992 2397 et
3023 2336 3153 2392 clari
3182 2335 3277 2406 jus
3315 2336 3611 2391 communi-

2016 2433 2243 2489 cationis
2274 2431 2562 2503 accipiant,
2602 2446 2742 2486 nunc
2775 2430 2941 2486 crudo
2966 2440 3218 2497 tempore,
3246 2428 3610 2498 persecutione

2018 2523 2191 2579 adhuc
2261 2531 2660 2595 perseverante,
2729 2522 2970 2578 nondum
3034 2521 3284 2577 restituta
3353 2518 3611 2574 Ecclesia:

2016 2619 2185 2688 ipsius
2218 2634 2369 2688 pace,
2423 2620 2492 2674 ad
2539 2617 3075 2677 communicationem
3130 2615 3516 2679 admittuntur,
3561 2620 3613 2666 et

2016 2712 2240 2783 oﬂ'ertur
2258 2728 2450 2768 nomen
2470 2726 2673 2778 eorum,
2694 2722 2744 2767 et
2772 2709 3006 2767 nondum
3033 2708 3423 2780 exliomologesi
3440 2708 3610 2777 fauo.

2015 2802 2255 2858 nondum
2301 2819 2464 2857 manu
2510 2802 2588 2857 eis
2655 2801 2722 2856 ab
2761 2802 3007 2872 episcopo
3056 2809 3108 2857 et
3155 2799 3296 2856 clero
3335 2798 3611 2866 imposita,

2021 2892 2374 2950 Eucharistia
2401 2894 2513 2951 illis
2538 2897 2725 2950 datur.
2763 2892 2921 2955 idem
2940 2893 3137 2964 repetit
3161 2891 3324 2963 epist.
3353 2891 3416 2946 Η
3454 2904 3519 2945 ac
3543 2890 3613 2944 12

2018 2992 2074 3040 et
2101 2984 2377 3041 sexcentis
2408 2984 2534 3042 aliis
2560 2983 2718 3040 locis.
2751 2981 2830 3038 Ex
2859 2984 3065 3054 quibus
3091 2982 3354 3047 eﬁcitur,
3391 2978 3614 3036 nonnisi

2022 3086 2247 3149 peracta
2280 3077 2620 3147 poenitentia.
2653 3084 2707 3132 et
2738 3076 2846 3131 sub
2870 3076 3034 3133 ditem
3065 3075 3380 3137 συστάσεως
3411 3081 3618 3144 postre-

2024 3183 2170 3223 mam
2199 3168 2347 3222 illam
2381 3181 2645 3223 manunm
2674 3166 3104 3236 impositionem,
3132 3180 3242 3235 qua
3294 3177 3615 3218 sacramen-

2022 3258 2150 3317 talis
2214 3259 2489 3319 absolutio
2568 3257 2995 3325 continebatur,
3067 3256 3401 3327 paenitentes
3471 3252 3617 3306 obti-

2032 3352 2242 3409 nuisse.
2292 3349 2440 3409 Nihil
2495 3349 2640 3404 inter
2689 3363 2878 3419 pacem
2910 3356 2967 3403 et
3003 3345 3510 3403 reconciliationem
3552 3358 3618 3397 ac

2024 3444 2412 3517 mysteriorum
2465 3442 2971 3513 participandorum
3017 3440 3111 3509 jus
3155 3436 3614 3506 interponendum

2026 3535 2241 3593 videtur
2284 3552 2298 3590 :
2345 3543 2401 3590 ct
2440 3547 2736 3604 utrumque
2781 3531 3190 3591 communionis
3249 3529 3617 3598 appellatione

2017 3627 2524 3698 comprehenditur.
2573 3624 2674 3681 llic
2722 3625 2891 3694 igitur
2941 3624 3162 3695 ἐπέχω,
3208 3621 3389 3692 deque
3440 3636 3503 3675 ea
3557 3636 3619 3675 ro

2023 3720 2314 3778 doctorum
2363 3727 2419 3775 et
2447 3717 2794 3791 antiquitatis
2823 3715 3213 3773 eecleaiasticte
3236 3713 3617 3771 consltltorum

2029 3811 2319 3873 hominum
2345 3811 2617 3883 judicium
2647 3819 2927 3882 exspecto.

1388 4138 1536 4227 DE
1613 4136 2612 4231 CHOREPISCOPIS.

1347 4326 1429 4381 Ad
1462 4329 1593 4384 haer.
1631 4344 1782 4394 thx,
1812 4337 1949 4384 tom.
1973 4327 2040 4395 ll,
2071 4331 2178 4387 col.
2214 4331 2344 4399 201,
2378 4342 2493 4388 not.
2525 4333 2614 4388 62.

397 4484 576 4565 “(iam
607 4508 718 4580 γὰρ
750 4507 1106 4577 Ἐκκλησίαι
1130 4505 1242 4575 τῆς
1272 4506 1621 4577 καθολικῆς.
1655 4507 1911 4581 Singula-

2024 4511 2122 4567 sint
2153 4512 2491 4566 constitutaz:
2523 4525 2750 4580 quarum
2773 4507 3088 4581 presbyteri,
3111 4510 3240 4581 quia
3258 4510 3345 4564 die
3367 4511 3470 4565 isto
3498 4527 3616 4579 pro-

324 4618 440 4658 rem
468 4612 600 4658 tnuc
624 4602 889 4671 temporis
924 4599 1267 4655 Alexandriae
1305 4615 1515 4655 morem
1550 4600 1700 4657 hunc
1727 4600 1923 4671 fuisse,
1956 4587 2005 4647 Ι)
2029 4613 2145 4674 pter
2173 4603 2373 4675 plebem
2399 4602 2503 4658 sibi
2532 4603 2871 4657 commissam
2902 4602 3177 4657 nobiscum
3214 4604 3487 4657 convenire
3518 4621 3623 4658 non

326 4696 411 4750 vel
433 4695 629 4750 saltem
655 4694 844 4764 paucis
865 4694 920 4749 in
945 4693 1205 4749 Ecclesiis
1227 4702 1575 4762 usurpatum,
1599 4709 1666 4749 ex
1697 4709 1762 4750 eo
1786 4709 1922 4751 con-

323 4789 508 4858 jicias,
536 4788 683 4858 quod
717 4782 837 4841 [aun’
855 4802 1112 4858 expresse
1140 4786 1453 4843 istiusmodi
1479 4786 1923 4852 consuetudinis,

329 4887 591 4949 tanquam
608 4876 990 4933 Alexandrina:
1014 4877 1272 4933 Ecclesiae
1299 4878 1612 4949 peculiaris,
1640 4877 1925 4934 meminit:

331 4968 412 5023 uti
443 4969 701 5023 nimirum
734 4967 918 5039 plures
943 4969 995 5022 in
1020 4968 1213 5023 eadem
1246 4969 1381 5024 urbe
1406 4969 1544 5023 tituli
1576 4969 1778 5032 forent,
1803 4971 1929 5040 qui-

328 5059 434 5116 bus
481 5061 712 5132 singulis
765 5075 901 5115 suus
948 5060 1246 5116 attributus
1294 5071 1440 5117 esset
1481 5061 1786 5132 presbyter,
1835 5062 1933 5132 qui

333 5151 738 5209 ecclesiasticas
764 5150 1070 5207 functiones
1092 5152 1205 5208 illic
1226 5153 1423 5208 obiret.
1452 5153 1558 5209 Sed
1581 5154 1715 5209 alibi
1747 5162 1933 5211 tamen

326 5239 659 5310 jampridem
686 5242 1000 5296 institutum
1020 5241 1166 5297 idem
1199 5241 1397 5305 fuerat,
1429 5244 1575 5299 velut
1604 5242 1812 5311 Romae,
1838 5244 1934 5299 ubi

333 5345 431 5399 per
465 5331 655 5388 titulos
689 5333 967 5389 distributi
1003 5334 1305 5406 presbyteri
1341 5350 1472 5390 suos
1519 5337 1725 5405 quique
1757 5349 1936 5406 popa»

334 5421 421 5477 los
454 5424 735 5494 regebant.
782 5425 862 5479 Ad
890 5441 988 5481 eos
1009 5426 1248 5496 episcopi
1280 5425 1581 5482 Dominicis
1610 5427 1803 5483 diebus
1832 5427 1940 5483 fer-

338 5522 611 5580 mentum,
663 5516 780 5570 sive
822 5516 1165 5572 benedictum
1209 5533 1405 5587 panem
1442 5521 1494 5573 in
1530 5519 1939 5575 communionis

341 5606 655 5674 symbolum
712 5608 927 5663 mittere
985 5618 1402 5664 consueverant.
1464 5609 1815 5666 innocentius
1868 5611 1939 5664 ad

343 5694 653 5753 Decentium
684 5717 803 5768 cap.
829 5700 862 5754 5
899 5718 913 5756 :
948 5700 1024 5755 De
1067 5702 1321 5770 fermento
1351 5717 1492 5768 vero,
1528 5704 1667 5772 quod
1708 5704 1792 5756 die
1832 5702 1943 5757 Do-

344 5784 545 5837 minico
579 5803 668 5853 per
690 5788 873 5842 titulos
901 5789 1195 5855 mittimus,
1231 5791 1494 5859 superﬂue
1529 5809 1622 5846 nos
1664 5793 1937 5847 consulere

349 5874 584 5942 coluisti,
632 5896 748 5933 cum
782 5897 957 5936 omnes
982 5883 1216 5938 ccclesite
1256 5893 1451 5939 ποεῖν-(ι’
1486 5886 1627 5939 intra
1665 5887 1935 5940 riritatem

2026 4704 2267 4765 possunt,
2297 4695 2414 4752 ideo
2451 4694 2767 4764 fermentum
2790 4711 2824 4748 a
2860 4695 3009 4750 nobis
3053 4694 3349 4765 confectum
3376 4711 3469 4765 per
3495 4713 3622 4750 aco-

2028 4789 2201 4861 lytltos
2223 4789 2515 4859 accipiunt,
2534 4799 2591 4842 ut
2620 4805 2676 4844 se
2701 4805 2734 4841 a
2762 4797 2946 4843 nostra
2975 4789 3364 4847 communione.
3392 4790 3624 4843 maxime

2029 4884 2127 4938 illa
2153 4884 2239 4937 die
2288 4899 2390 4937 non
2418 4882 2662 4953 judicent
2705 4890 3000 4951 separatos.
3058 4878 3214 4948 Quod
3246 4896 3279 4936 a
3329 4878 3627 4937 Melcbiade

2032 4977 2395 5032 constitutum
2434 4973 2606 5030 fuisse
2632 4973 2768 5029 liber
2799 4970 3133 5029 Pontificalis
3167 4971 3388 5029 Damasi
3438 4974 3624 5031 tradit.

2035 5066 2259 5123 Laodic.
2310 5082 2465 5122 conc.
2522 5081 2647 5122 can.
2697 5064 2795 5133 14,
2839 5064 3184 5135 eulogiarum
3234 5065 3467 5122 istarum
3515 5082 3628 5121 me-

2037 5160 2228 5215 minit:
2298 5157 2437 5231 Περὶ
2481 5158 2575 5212 τοῦ
2625 5158 2701 5229 μὴ
2738 5156 2809 5211 τὰ
2848 5156 2981 5225 ἆγια
3019 5157 3100 5222 εἰς
3156 5156 3317 5225 λόγον
3365 5157 3628 5225 εὐλογιῶν

2038 5250 2178 5304 κατά
2216 5250 2315 5320 τὴν
2355 5248 2549 5321 ἑορτὴν
2591 5248 2688 5301 τοῦ
2729 5248 2921 5319 Πάσχα
2962 5249 3043 5312 εἰς
3096 5247 3288 5319 ἑτέρας
3334 5247 3629 5320 παροικίας

2041 5333 2473 5405 διαπέμπεσθαι.
2509 5333 2615 5389 Sed
2643 5333 2710 5389 de
2736 5333 2843 5390 hoc
2872 5334 2981 5390 ritu
3015 5334 3264 5405 pluribus
3292 5333 3345 5387 in
3377 5331 3629 5386 Ecclesia:

2043 5442 2169 5482 ann.
2202 5425 2473 5483 Batonius
2504 5441 2555 5482 a.
2595 5426 2719 5482 3l5.
2774 5425 2893 5481 Non
2930 5426 3121 5481 dubito
3156 5425 3457 5496 majoribus
3483 5424 3630 5480 dun—

2043 5528 2192 5575 taxat
2217 5520 2271 5574 in
2292 5520 2521 5575 urbibus
2547 5519 2733 5590 plures
2758 5519 2898 5575 intra
2922 5519 3185 5588 pommria
3219 5517 3407 5573 titulos
3434 5516 3625 5582 fuisse,

2042 5626 2168 5667 cum
2198 5612 2340 5665 intra
2367 5609 2555 5665 cadem
2588 5620 2740 5681 septa
2774 5607 3042 5665 contineri
3096 5621 3312 5675 unaque
3338 5606 3626 5662 convenire

2045 5718 2154 5758 non
2182 5710 2438 5773 possent:
2483 5702 2727 5769 adeoque
2755 5700 3099 5769 presbyteros
3126 5697 3357 5767 singulis
3385 5698 3630 5753 eet-Iesus

2047 5793 2356 5863 impositos.
2391 5795 2452 5847 In
2486 5792 2793 5847 minoribus
2842 5800 3021 5845 autem
3062 5804 3124 5843 ac
3154 5788 3338 5842 minus
3376 5786 3631 5854 frequen-

2049 5888 2194 5942 tibus
2230 5887 2441 5955 oppidis
2490 5899 2655 5938 unam
2703 5884 2967 5938 duntaxat
3007 5881 3298 5937 ecclesiam
3333 5880 3628 5941 exstitisse,
