4064 6434
490 409 623 483 ιοιτ

1518 411 1873 469 ΔιῬΕΝϋΙΧ
1916 412 2541 475 οιδεειιτΛτιοΝιῑιι

3609 417 3739 481 1048

489 524 546 582 iu
572 537 738 594 quam
766 524 1005 579 universi
1038 525 1393 582 conﬂuerent.
1438 527 1761 598 Cuiusmodi
1784 530 1945 603 Cypri
1979 546 2070 593 ur-

2184 534 2443 605 κειμένας
2463 533 2646 598 αὐτοῖς
2669 530 2985 608 ἑκκλησῖας,
3008 534 3101 587 καὶ
3122 535 3188 606 τῇ
3208 528 3425 591 ’τούτων
3454 532 3739 607 ἀρκετσθαι

488 612 586 673 bes
639 623 814 667 erant.
866 610 1021 669 Unde
1064 615 1209 683 quod
1238 614 1580 673 Alexandria:
1619 631 1896 690 receptum
1932 631 2070 695 erat,

2175 625 2437 697 φροντίδι,
2456 627 2549 679 nati.
2564 625 2857 697 κηδεμονίᾳ
2873 642 2887 656 ·
2908 625 3170 696 καθιστᾷν
3190 626 3244 678 δὲ
3268 625 3638 695 ἀναγνώστας,
3655 625 3743 679 καὶ

488 703 634 758 velut
653 704 1007 773 popularibus
1025 702 1142 761 suis
1164 707 1508 777 peregrinum
1533 718 1586 763 et
1603 711 1947 777 inusitatum,
1977 711 2070 766 ad-

2174 718 2581 783 ὑποδιακόνους,
2606 718 2700 772 καὶ
2724 716 3077 789 ὲπορκιστὰς,
3106 718 3199 770 καὶ
3227 719 3292 789 τῇ
3325 717 3527 770 τούτων
3559 717 3742 788 ἀρκεῖ-

488 795 698 849 notavit
726 795 1083 865 Epiphanius.
1133 795 1272 852 Hinc
1309 799 1463 871 origo
1493 801 1877 869 parteciarum,
1925 802 2071 872 quod

487 888 811 942 vocabulum
834 903 865 942 a
891 890 1189 945 rusticanis
1226 890 1477 948 ecclesiis
1505 892 1571 946 ad
1598 892 1816 949 urbicas
1842 894 2073 950 transla-

487 988 624 1033 tum.
664 979 933 1052 Παροικξα
964 982 1184 1051 proprie
1214 980 1400 1052 χώραν
1432 997 1648 1038 omnem
1682 986 2072 1058 regionemque

484 1071 774 1140 signiﬁcat,
800 1088 924 1142 qua:
953 1076 1024 1128 ab
1059 1075 1194 1129 urbe
1228 1075 1441 1130 distans
1465 1076 1713 1132 ecclesiae
1739 1087 1904 1134 certas
1938 1094 2072 1136 con-

440 1201 447 1205 .
486 1160 763 1226 tribuitur,
817 1162 1279 1232 quemadmodum
1328 1166 1456 1220 olim
1489 1166 1677 1222 Romte
1729 1170 1962 1241 singulis
1989 1172 2071 1226 vi-

482 1250 625 1306 cinis
678 1251 866 1321 πὰγοι,
904 1253 1020 1308 sive
1057 1255 1222 1310 colles
1257 1256 1534 1311 constituti
1570 1257 1793 1313 fuerunt
1817 1275 1848 1314 a
1880 1258 2071 1316 S-rvio

485 1340 666 1397 Tullio
696 1358 840 1415 rege,
868 1352 1129 1414 tanquam
1165 1345 1545 1417 κρησφύγετα,
1580 1348 1695 1404 sive
1728 1360 1978 1419 receptus
2006 1366 2071 1406 ac

485 1432 732 1505 perfugia
757 1474 774 1498 ,
803 1450 914 1504 quo
943 1451 1005 1492 se
1034 1436 1105 1490 ab
1132 1436 1405 1508 ingruenti
1439 1438 1597 1495 hoste
1622 1448 1952 1496 tutarentur.
2010 1440 2069 1496 in

485 1522 554 1592 iis
587 1525 822 1581 collibus
869 1540 977 1582 ara:
1007 1527 1321 1585 collocatas:
1353 1529 1504 1584 Θεῶν
1527 1533 1847 1587 ἐπισκόπων
1880 1550 1942 1586 τε
1975 1536 2072 1589 καὶ

485 1617 876 1686 φυλάκωντοῦ
906 1620 1107 1690 πάγου,
1151 1621 1246 1687 οὓς
1274 1621 1430 1689 ἔταξε
1466 1624 1679 1691 θυσίαις
1739 1630 1947 1693 κοιναῖς
1974 1646 2070 1697 γε-

487 1709 720 1780 ραίρειν,
754 1719 864 1767 etc.
900 1714 980 1769 ait
1011 1713 1287 1770 Halicarn.
1324 1715 1418 1771 lib.
1456 1732 1528 1773 tv.
1567 1716 1681 1773 lino
1705 1734 1836 1774 vero
1862 1729 1917 1775 et
1946 1722 2067 1792 pagi

384 1870 391 1887 ³
483 1801 685 1872 singuli
717 1813 1006 1860 curatores
1033 1820 1163 1861 suos
1194 1804 1525 1871 habuerunt,
1552 1824 1693 1879 quos
1738 1810 2072 1877 ἐπισκόπους

2174 811 2300 864 σθαι
2325 812 2647 882 προαγωγῇ,
2683 810 2820 881 μήτε
2846 810 2903 863 δὲ
2929 810 3319 881 πρεσϐύτερον,
3348 809 3483 879 μήτε
3505 807 3746 867 διάκονον

2172 905 2499 977 χειροτονεῖν
2525 884 2729 973 τολμᾷν
2761 902 2885 977 δίχα
2919 903 3013 963 τοῦ
3057 903 3117 955 ἐν
3146 904 3212 973 τῇ
3252 900 3402 954 πόλει
3430 901 3744 965 ἐπισκόπου,

2170 974 2206 1066 ᾖ
2236 992 2553 1046 ὑπόκεινται
2582 992 2744 1057 αὐτός
2778 974 2848 1046 τε
2892 995 2988 1047 καὶ
3017 994 3052 1070 ἡ
3082 991 3255 1065 χώρα.
3287 993 3348 1046 El
3373 991 3429 1044 δὲ
3458 991 3744 1061 τολμήσειέ

2170 1103 2255 1149 τις
2287 1083 2600 1157 παραϐῆναι
2632 1084 2701 1137 τὰ
2727 1083 3033 1156 ὁρισθέντα,
3064 1082 3442 1155 καθαιρεῖσθαι
3470 1082 3635 1135 αὑτὸν
3661 1083 3749 1133 καὶ

2170 1171 2238 1248 ἧς
2283 1176 2500 1248 μετέχει
2540 1176 2728 1247 τιμῆς.
2794 1175 3220 1247 Χωρεπισκοπον
3251 1174 3309 1228 δὲ
3350 1173 3603 1242 γίνεσθαι
3653 1172 3749 1224 ὑπὸ

2169 1269 2269 1338 τῆς
2300 1260 2583 1342 πό).εως,ᾖ
2613 1267 2921 1329 ὑπόκειται,
2949 1266 3268 1321 ἐπισκόπου.
3293 1265 3464 1333 Quem
3484 1280 3744 1320 canonem

2172 1353 2252 1409 sic
2284 1352 2514 1411 Latinus
2539 1355 2805 1425 interpres
2829 1356 3096 1411 reddidit:
3127 1355 3515 1424 Cltorepiscopi,
3544 1357 3747 1408 tatnetsi

2172 1463 2362 1501 manus
2404 1448 2793 1517 intpositioncnt
2831 1448 2895 1501 ab
2927 1450 3165 1517 episcopo
3198 1459 3563 1516 susceperunt,
3614 1459 3661 1501 et
3696 1457 3748 1499 at

2170 1535 2403 1605 episcopi
2418 1546 2539 1591 sunt
2563 1539 2877 1602 consecrati,
2910 1547 3083 1593 tamen
3099 1537 3303 1605 placuit
3326 1546 3528 1591 sancta:
3552 1539 3749 1609 synodo

2170 1641 2257 1679 eos
2294 1625 2505 1679 modum
2538 1627 2811 1695 proprium
2839 1629 3080 1693 retinere,
3108 1635 3158 1681 et
3188 1627 3479 1697 gubernare
3502 1628 3750 1696 adjacen-

2174 1727 2248 1771 tcs
2278 1717 2379 1772 sibi
2419 1717 2678 1782 civitates,
2711 1728 2760 1772 et
2801 1733 2911 1771 esse
2942 1727 3212 1771 contentos
3243 1719 3460 1787 prapria
3498 1717 3751 1770 sollicitu-

2174 1808 2298 1862 dine
2322 1818 2371 1863 et
2413 1809 2811 1879 gubernatione,
2840 1824 3002 1880 quant
3030 1819 3389 1878 susceperunt.
3419 1804 3749 1863 Constituere

480 1903 537 1959 et
564 1895 898 1966 περιπόλους
950 1897 1093 1952 idem
1140 1908 1336 1955 auctor
1367 1901 1624 1971 appellat.
1681 1902 1893 1971 Quibus
1920 1905 2075 1961 Cbri-
2105 1882 2146 1938 Β
2174 1910 2353 1954 autem
2374 1902 2456 1955 bis
2489 1901 2819 1970 permittitur
2854 1900 3095 1967 lectores,
3114 1909 3163 1963 et
3195 1901 3568 1966 subdiaconus,
3600 1911 3749 1970 atque

481 1986 786 2043 stianorum
832 1986 887 2042 in
943 1987 1090 2057 agris
1123 1991 1380 2058 parmene
1410 2006 1577 2061 quam
1620 1992 1913 2050 simillimae
1951 1994 2070 2050 fue-

481 2086 631 2134 runt.
693 2075 831 2133 Nam
865 2087 921 2134 et
952 2078 1067 2136 illic
1099 2080 1415 2150 ὲπισκοποι,
1454 2084 1571 2141 sive
1618 2086 1800 2157 potius
1829 2089 2071 2160 χωρεπι‹

481 2186 675 2224 attonat
716 2169 846 2226 olim
882 2169 1238 2241 prastat-runt,
1275 2189 1414 2244 quos
1441 2177 1805 2247 episcoporum
1846 2180 2072 2235 sicarios

484 2261 690 2319 Latinae
735 2263 985 2334 quasdam
1021 2279 1295 2322 canonum
1326 2268 1805 2340 interpretationes
1836 2282 2068 2329 vocant:

481 2356 603 2412 alite
649 2354 1003 2427 regiionarios,
1039 2373 1137 2415 seu
1175 2362 1407 2429 vicanos,
1444 2362 1606 2432 longe
1636 2380 1803 2435 quam
1852 2365 1957 2421 illae
1985 2381 2074 2423 rc-

478 2447 643 2511 ctius.
694 2446 823 2504 Fuit
846 2464 1039 2504 eorum
1076 2450 1313 2522 dignitas
1369 2461 1426 2508 et
1459 2462 1702 2524 potestas
1736 2458 2071 2530 presbyteris

479 2540 844 2612 simplicibus,
876 2552 936 2599 ut
970 2542 1205 2610 videtur,
1236 2545 1491 2615 amplior,
1535 2554 1587 2603 et
1614 2547 1910 2620 episcopali
1940 2565 2069 2621 sup-

482 2649 610 2703 par;
636 2648 761 2689 nam
792 2643 849 2690 et
874 2634 1161 2692 inferiores
1186 2636 1412 2694 ordines
1438 2639 1507 2694 ab
1530 2638 1599 2695 iis
1625 2639 1922 2698 collocatos
1948 2657 2071 2699 esse

479 2733 716 2790 constat.
756 2724 876 2792 Qua
922 2727 990 2781 de
1018 2741 1078 2782 re
1108 2726 1379 2784 obscurus
1407 2737 1495 2784 est
1539 2730 1814 2803 Ancyrani
1849 2734 2068 2791 concilii

480 2833 604 2875 can.
635 2818 1219 2890 l3:prsmox6wou;
1255 2821 1333 2892 μὴ
1366 2819 1567 2886 ἐξεῖναι
1597 2822 2007 2896 πρεσϐυτέρους
2032 2825 2068 2897 ἢ

479 2909 763 2975 διακόνους
794 2913 1124 2982 χειροτονεὶν
1146 2928 1165 2944 σ
1199 2911 1337 2966 ἀλλὰ
1361 2913 1498 2983 μηδὲ
1524 2910 1937 2986 πρεσϐυτέᾷους
1967 2916 2066 2969 πό-

478 3003 637 3071 λεως,
655 3005 827 3077 χωρἰς
844 3004 941 3059 τοῦ
969 3006 1338 3079 ἐπιτραπῆναι
1366 3007 1472 3061 ὑπὸ
1489 3007 1585 3062 τοῦ
1607 3008 1909 3062 ἐπισκόπου
1932 3008 2071 3081 μετὰ

479 3094 824 3167 γραμμάτων
854 3097 913 3148 ὲν
932 3095 1097 3166 ἑτέρα
1124 3098 1412 3171 παροικίᾳ.
1444 3096 1603 3155 Vetat
1629 3099 1977 3172 presbyteros
2005 3115 2070 3157 ac

476 3178 741 3245 diaconos
771 3205 802 3245 a
828 3189 1238 3262 cborepiscopis
1271 3192 1606 3247 consecrari.

552 3281 660 3338 Sed
689 3283 1083 3340 obscurissima
1113 3295 1241 3341 sunt
1269 3297 1392 3355 qua:
1412 3284 1734 3356 subjunxit:
1762 3284 1899 3341 ἀλλὰ
1930 3284 2068 3359 μηδὲ

480 3374 908 3447 πρεσϐυτέρους,
960 3390 1195 3446 quorum
1236 3376 1439 3447 duplex
1483 3385 1664 3447 potest
1693 3392 1816 3433 esse
1846 3391 2065 3435 sensus.

479 3466 587 3523 Aut
605 3467 752 3522 enim
769 3466 1017 3524 eamdem
1036 3467 1263 3524 urbanis
1280 3468 1616 3540 presbyteris
1642 3477 1963 3540 potestatem
1982 3468 2073 3524 ad-

480 3559 628 3616 imit:
675 3560 822 3632 quod
853 3559 1093 3617 otiosum
1144 3569 1201 3615 et
1224 3558 1470 3630 ineptum
1497 3558 1732 3614 videtur.
1760 3557 1896 3626 Quis
1922 3558 2069 3615 enim

481 3654 831 3726 presbyteros
855 3668 888 3710 a
918 3653 1253 3725 presbyteris
1281 3652 1565 3708 ordinatos
1599 3667 1842 3723 unquam
1876 3651 2071 3717 audiit,

484 3758 576 3820 aut
602 3746 721 3816 eius
746 3748 825 3803 rei
856 3756 1182 3819 potestatem
1212 3746 1320 3802 illis
1356 3749 1426 3802 ab
1450 3747 1710 3818 episcopo
1737 3762 1836 3817 per
1863 3746 2074 3803 litteras

479 3855 604 3897 esse
649 3839 897 3896 tactam?
946 3838 1096 3910 quod
1152 3853 1330 3896 canon
1373 3838 1625 3908 excipere
1685 3837 1919 3893 videtur.
1981 3837 2075 3892 Vel

479 3941 630 3989 certe
683 3930 1111 4003 chorepiscopos
1159 3929 1410 4002 prohibet
1455 3929 1675 3986 urbicos
1726 3930 2074 4001 presbyteros

482 4022 741 4087 ordinare
769 4021 891 4078 sine
927 4020 1167 4092 episcopi
1218 4019 1583 4077 consensione
1624 4036 1689 4076 ac
1727 4020 1946 4086 litteris,
1997 4020 2076 4077 id-

481 4129 589 4186 que
629 4114 682 4170 in
712 4113 889 4170 aliena
923 4112 1198 4185 partecia;
1250 4121 1415 4183 atque
1464 4112 1543 4168 ita
1586 4109 1875 4167 Balsamo:
1925 4114 2073 4184 quod

482 4220 552 4261 ne
599 4204 780 4276 ipsum
836 4203 1056 4275 quidem
1106 4201 1401 4273 probatur;
1462 4215 1587 4255 nam
1637 4199 1684 4255 si
1727 4199 2074 4272 presbyteros

480 4301 577 4362 aut
621 4292 881 4348 diaconos
934 4291 1149 4362 penitus
1185 4290 1444 4346 ordinare
1484 4290 1708 4345 vetitum
1759 4299 1876 4356 est,
1939 4290 2073 4362 quid

480 4384 676 4440 attinet
718 4383 788 4439 de
835 4384 1058 4440 urbanis
1108 4383 1440 4455 presbyteris
1500 4383 1825 4437 nominatim
1881 4383 2073 4437 memi-

481 4475 668 4532 nisse?
731 4474 1051 4531 Mendosum
1110 4475 1278 4545 igitur
1323 4489 1448 4530 esse
1497 4473 1751 4530 Graecum
1802 4489 2069 4530 canonem

2093 3220 2140 3279 C

2172 1993 2468 2048 exorcistas
2485 2005 2505 2046 :
2530 1991 2719 2062 quibus
2743 1992 2967 2062 snﬁiciat
3000 1993 3226 2046 istorum
3251 2002 3456 2046 tantum
3491 1992 3749 2064 graduum

2172 2083 2444 2139 licentiam
2459 2082 2737 2153 accepisse.
2774 2081 2899 2138 Non
2918 2093 3091 2139 antem
3112 2084 3491 2154 presbyterum,
3518 2100 3624 2137 non
3642 2084 3752 2141 dia-

2171 2190 2363 2230 conum
2403 2175 2634 2229 audeant
2677 2175 2926 2229 ordinare
2968 2185 3161 2244 prtvter
3202 2178 3584 2238 conscientiam
3647 2176 3752 2245 epi-

2171 2266 2317 2337 scopi
2343 2264 2594 2333 civilatis,
2635 2264 2713 2319 uel
2748 2265 3016 2333 Ecciesiat,
3046 2268 3133 2322 cui
3175 2269 3423 2338 adjacens
3450 2270 3750 2332 innititur;

2171 2378 2260 2417 seu
2283 2361 2414 2431 ipse,
2451 2377 2541 2416 seu
2574 2364 2737 2433 regio,
2776 2363 2832 2416 in
2875 2379 2979 2433 qua
3006 2379 3229 2432 praeesse
3263 2363 3613 2433 dignoscitur,
3647 2371 3749 2417 etc.

2172 2452 2588 2524 Chorepiscopns
2631 2463 2808 2507 autem
2847 2454 2912 2507 ab
2939 2455 3182 2525 episcopo
3212 2454 3462 2521 civitatis,
3514 2454 3595 2509 vel
3634 2453 3751 2521 loci,

2172 2546 2258 2600 cui
2289 2547 2429 2600 idem
2456 2545 2687 2616 adjacet,
2721 2546 3051 2600 ordinandus
3073 2557 3172 2602 est.

2241 2636 2503 2707 Poterant
2536 2638 2721 2710 itaque
2766 2637 3132 2694 subdiaconus
3193 2654 3259 2694 ac
3320 2638 3567 2693 minores
3597 2637 3752 2692 cleri-

2171 2745 2268 2786 cos
2310 2728 2585 2794 ordinare,
2625 2739 2680 2786 et
2723 2745 2853 2784 vero
2880 2730 3230 2800 presbyteros
3285 2744 3348 2785 ac
3390 2729 3678 2794 diaconos,
3709 2730 3752 2784 si

2170 2820 2241 2877 ab
2262 2820 2520 2891 episcopo
2548 2820 2700 2876 tieret
2731 2827 2990 2892 potestas.
3021 2819 3204 2887 Quare
3232 2822 3468 2891 amplius
3499 2822 3751 2892 quiddam

2170 2924 2331 2972 erant
2354 2931 2517 2986 quam
2549 2916 2967 2988 presbyteri,et,
2999 2917 3046 2972 si
3074 2933 3264 2972 verum
3295 2919 3620 2988 quaerimus,
3654 2917 3754 2986 epi-

2170 3008 2320 3078 scopi
2343 3017 2522 3072 erant,
2556 3023 2682 3062 eum
2708 3007 2776 3062 ab
2801 3008 2928 3072 alio,
2959 3024 3121 3078 quam
3147 3008 3216 3063 ab
3241 3008 3500 3078 episcopo
3517 3009 3751 3062 ordinari

2172 3099 2489 3155 sacerdotes
2531 3114 2596 3155 ac
2633 3099 2849 3154 diaconi
2903 3101 3095 3155 saltem
3144 3110 3435 3170 nequeant.
3489 3099 3585 3154 Sic
3615 3101 3751 3153 enim

2171 3190 2544 3263 argumentari
2575 3189 2738 3247 licet:
2777 3190 2915 3247 Cum
2955 3192 3010 3247 in
3058 3192 3299 3247 secundo
3325 3192 3749 3261 apostolicorum

2172 3297 2445 3339 canonum
2499 3282 2875 3354 praescriptum
2930 3284 3036 3348 sit,
3099 3293 3159 3338 ut
3208 3284 3278 3338 ab
3333 3299 3441 3337 uno
3505 3285 3753 3354 episcopo

2173 3373 2476 3445 presbyter,
2498 3384 2554 3429 et
2581 3374 2865 3440 diaconus,
2892 3390 2957 3430 ac
2985 3375 3180 3446 reliqui
3203 3375 3386 3431 clerici
3411 3376 3747 3438 ordinentur,

2173 3465 2546 3536 chorepiscopi
2581 3474 2762 3521 autem
2801 3465 3168 3521 subdiaconos
3232 3465 3628 3537 inferioresque
3654 3480 3751 3520 cae-

2175 3567 2320 3611 teros
2353 3569 2447 3626 per
2474 3570 2614 3619 sese,
2634 3554 2978 3627 presbyteros
3009 3569 3074 3610 ac
3098 3553 3383 3621 diaconos,
3411 3556 3749 3626 permittente

2173 3647 2454 3719 episcopo,
2479 3659 2804 3702 consecrare
2830 3646 3125 3717 potuerint,
3145 3661 3366 3704 necesse
3391 3655 3477 3702 est
3492 3648 3616 3702 illos
3646 3647 3750 3716 rpi-

2175 3754 2372 3810 seopos
2413 3737 2605 3793 fuisse.
2673 3739 2851 3809 Atque
2882 3738 2987 3793 hoc
3030 3738 3318 3808 perspicue
3350 3753 3535 3793 canon
3567 3739 3749 3792 Antio-

2174 3830 2384 3887 cbenus
2414 3828 2704 3899 signiﬁcat,
2752 3843 2878 3884 cum
2906 3828 3016 3883 ait:
3063 3830 3126 3881 El
3159 3829 3252 3883 καὶ
3281 3829 3619 3900 χειροθεσίαν
3650 3823 3753 3880 εἷεν

2175 3921 2493 3978 ἐπισκόπων
2526 3921 2829 3993 εἰληφότες.
2901 3921 3055 3990 Quod
3092 3920 3380 3991 Dionysius
3415 3919 3658 3992 Exiguus
3684 3920 3750 3974 ita

2175 4014 2374 4070 vertit:
2424 4012 2677 4080 Quamvis
2729 4030 2918 4068 manus
2969 4015 3356 4083 impositionem
3397 4015 3750 4083 episcoporum

2176 4108 2521 4178 perceperint,
2568 4116 2618 4161 et
2657 4115 2715 4160 ut
2761 4106 2994 4176 episcopi
3042 4106 3337 4162 consecrati
3365 4107 3495 4160 sint.
3561 4106 3661 4160 Sed
3702 4115 3752 4157 et

2175 4199 2617 4255 Neocasariense
2651 4198 2947 4255 concilium
2979 4214 3101 4254 can.
3152 4199 3243 4261 15,
3282 4214 3406 4254 cum
3445 4197 3749 4267 prohibuis-

2176 4301 2282 4356 set,
2315 4307 2384 4346 ne
2407 4290 2695 4364 ἐπιχώριοι
2724 4290 3086 4363 πρεσϐύτεροι
3121 4291 3283 4362 (quos
3314 4293 3639 4362 presbyteros
3667 4307 3749 4344 rn-

2178 4384 2252 4438 ris
2294 4383 2682 4454 interpretatur
2740 4382 3066 4455 Dionysius:
3118 4384 3224 4440 alia
3277 4399 3552 4439 canonum
3595 4384 3749 4437 editio

2176 4476 2593 4547 conregionales)
2633 4477 2692 4528 ὲν
2731 4474 2980 4547 κυριακῷ
3019 4476 3119 4547 τῆς
3165 4476 3373 4540 πόλεως
3415 4492 3603 4531 coram
3643 4473 3749 4544 epi-

479 4575 733 4639 oportct:
761 4566 919 4636 cujus
946 4566 1272 4622 sententiam
1303 4566 1374 4620 ita
1397 4563 1589 4620 Latina
1616 4565 1782 4620 editio
1805 4566 2065 4635 concipit:
2101 4578 2146 4634 ο
2176 4583 2365 4638 scopo,
2394 4568 2478 4623 vel
2511 4568 2664 4624 urbis
2700 4568 3017 4639 presbytero
3048 4568 3376 4622 oblationem
3430 4566 3668 4623 iacerent
3699 4575 3751 4619 ct

492 4660 722 4728 Yicariis
755 4645 1141 4729 episcoporum,
1171 4676 1300 4729 quos
1334 4656 1508 4714 erci
1544 4659 1940 4730 cltorepiscapos
1982 4676 2071 4715 vo-

480 4763 626 4833 cant,
667 4771 770 4810 non
793 4754 951 4809 licere
993 4752 1070 4807 uel
1115 4751 1469 4822 presbyteros,
1518 4751 1596 4806 vel
1637 4753 1891 4807 diaconos
1923 4754 2072 4808 ordi-

480 4865 612 4919 nare
629 4864 648 4902 :
674 4849 768 4918 sed
797 4864 889 4902 nec
921 4846 1239 4917 presbyteris
1266 4846 1522 4912 civitatis,
1544 4846 1658 4900 sine
1688 4848 1917 4917 episcopi
1942 4863 2074 4917 prte-

481 4941 899 5014 cepto,aptplius
932 4939 1140 5011 aliquid
1160 4939 1454 5009 imperare;
1488 4955 1582 4994 nec
1610 4940 1726 4994 sine
1753 4941 2072 4995 auctoritate

481 5017 782 5105 litterarum
815 5033 929 5104 ejus
955 5032 1009 5101 in
1034 5047 1349 5103 unaquaque
1376 5030 1631 5103 parocbia
1657 5031 1862 5102 aliquid
1895 5048 2068 5102 agere.

480 5122 638 5190 Quod
663 5122 708 5178 si
730 5122 784 5176 in
807 5113 998 5177 Graeco
1019 5136 1226 5185 canone
1246 5120 1410 5176 verba
1430 5119 1522 5175 illa
1543 5120 1875 5189 expunxeris
1897 5139 1909 5174 :
1936 5119 2072 5175 ἀλλὰ

484 5214 621 5287 μηδὲ
656 5211 1065 5287 πρεσϐυτέρους
1107 5212 1337 5280 πόλεως,
1366 5227 1564 5268 sensus
1588 5213 1692 5268 erit
1728 5212 2069 5280 aptissimus,

480 5325 591 5378 quo
618 5294 966 5364 interdictum
995 5307 1402 5393 eborepiscopis
1427 5315 1512 5363 est
1538 5307 1980 5378 presbyterorum
2005 5321 2071 5362 ac

481 5402 843 5475 diaconorutn
858 5399 1223 5469 ordinatione,
1240 5398 1342 5466 nisi
1363 5398 1415 5467 id
1430 5414 1524 5469 per
1538 5398 1822 5469 episeopos
1835 5398 2070 5453 licuerit.

483 5493 641 5558 Quod
670 5510 791 5563 cum
818 5491 1171 5566 Antiocltenze
1199 5491 1390 5564 synodi
1417 5491 1634 5546 decreto
1656 5492 1932 5561 geminum
1967 5500 2071 5554 est,

483 5599 605 5654 qua:
632 5602 756 5658 ean.
787 5586 853 5657 l0
890 5587 960 5640 ita
985 5586 1201 5659 sanxit:
1234 5584 1373 5657 Τοὺς
1402 5584 1461 5654 ἐν
1485 5586 1604 5650 ταῖς
1627 5583 1865 5656 κώμαις,
1894 5583 1927 5654 ἢ
1952 5586 2072 5648 ταῖς

487 5674 711 5750 χώραις,
727 5677 762 5746 ἦ
778 5677 903 5741 τοὺς
917 5675 1283 5747 καλουμένους
1303 5676 1771 5747 χιορεπισκόπους,
1789 5676 1837 5728 εἰ
1858 5676 1954 5730 καὶ
1968 5694 2074 5747 χει-

490 5766 736 5835 ροθεσίαν
756 5763 865 5820 εἷεν
888 5768 1202 5821 ἐπισκόπων
1224 5768 1526 5839 εἰληφότες,
1544 5766 1691 5832 ἔδοξε
1711 5770 1778 5838 τῇ
1795 5769 1925 5839 ἁγίᾳ
1944 5787 2069 5823 συν-

485 5855 591 5929 ὁδῳ
621 5856 823 5932 ειδέναι.
846 5857 916 5912 τὰ
949 5859 1156 5933 ἑαυτῶν
1196 5859 1392 5932 μέτρα,
1415 5860 1522 5933 καὶ
1554 5842 1773 5934 διοικεῖν
1807 5862 1905 5928 τὰς
1932 5848 2067 5934 ὑπο,-

2179 4661 2353 4716 sacris
2378 4669 2757 4728 operarentur,
2788 4661 2979 4714 eodem
3024 4674 3255 4722 canone,
3278 4659 3581 4714 secundum
3611 4657 3745 4711 Lati-

2180 4769 2279 4808 nas
2294 4750 2583 4818 editiones,
2609 4751 2697 4806 vel
2720 4750 2992 4821 sequenti,
3019 4760 3076 4805 ut
3094 4748 3267 4805 Graeci
3294 4750 3509 4805 codices
3534 4750 3742 4811 habent,

2181 4845 2587 4916 cliorepiscopis
2640 4843 2694 4898 id
2751 4842 3036 4913 permittit,
3086 4843 3229 4913 quod
3281 4844 3395 4905 τοῖς
3443 4840 3745 4911 ἐπιχωρίοις

2180 4936 2575 5009 πρεσϐυτέροις
2608 4943 2921 5005 negaverat.
2979 4936 3044 4987 Oi
3078 4933 3484 5005 χωρεπωκοποί
3515 4934 3621 4986 εἰσι
3656 4935 3746 5002 μὲν

2179 5032 2260 5094 εἰς
2287 5031 2460 5085 τύπον
2482 5028 2591 5084 τῶν
2623 5028 3017 5099 ἐϐδομήκοντα,
3045 5025 3120 5090 ὡς
3153 5026 3211 5079 δὲ
3242 5025 3639 5097 συλλειτουργοὶ
3665 5022 3745 5078 διὰ

2178 5121 2279 5195 τὴν
2313 5119 2549 5191 σπουδὴν
2580 5121 2661 5182 εἰς
2683 5119 2811 5183 1τοὺς
2844 5117 3095 5188 πτωχοὺς
3121 5115 3491 5187 προσφέρουσι
3519 5114 3746 5185 τιμώμε-

2179 5232 2282 5269 νοι.
2332 5211 2451 5269 Νοη
2495 5213 2662 5283 igitur
2699 5210 3003 5283 presbyteri
3036 5209 3314 5279 simplices
3337 5219 3524 5264 erant:
3552 5207 3742 5277 alioqui

2180 5305 2315 5361 nihil
2336 5305 2483 5379 aliud
2528 5312 2732 5368 essent,
2760 5318 2927 5373 quam
2954 5300 3238 5375 ἐπιχώριοι
3272 5300 3650 5374 πρεσϐύτεροι,
3695 5310 3744 5352 et

2179 5415 2304 5455 cum
2343 5395 2744 5470 συλλειτουργοί
2783 5395 3155 5470 nominantur,
3190 5410 3311 5465 qnze
3348 5411 3453 5451 vos
3494 5404 3551 5449 ut
3587 5392 3743 5464 pluti-

2181 5506 2332 5546 mnm
2360 5489 2743 5561 episcoporum
2767 5488 3006 5556 collegas
3032 5487 3323 5557 signiﬁcat,
3345 5487 3412 5541 ad
3440 5502 3558 5541 eam
3578 5486 3741 5555 digni-

2181 5596 2345 5641 tatem
2369 5582 2697 5654 pertinuisse
2717 5580 2991 5635 videntur.
3020 5578 3165 5645 Sane
3185 5579 3238 5634 in
3265 5575 3738 5648 subscriptionibus

2180 5675 2539 5732 conciliorum
2555 5686 2947 5740 nonnunquam
2962 5670 3230 5740 episcopis
3241 5665 3737 5724 accensenturcber-

2180 5769 2442 5837 episcOpi,
2478 5776 2537 5822 ut
2572 5766 2625 5820 in
2658 5763 2928 5834 Epltesina
2967 5762 3175 5833 synodo
3218 5778 3271 5832 p.
3313 5761 3439 5825 522,
3486 5756 3737 5815 (lanarius

2182 5861 2627 5933 cborepiscepus,
2658 5867 2711 5913 et
2742 5855 3185 5926 Ncocwsat‘icnsi,
3239 5854 3543 5924 Stephanus
3584 5849 3733 5917 choro
