4064 6446
328 417 474 473 “HS

1549 415 1635 471 DE
1672 414 2239 477 CllOREPlStIOl’lS.

3474 426 3621 484 {050

325 533 625 600 episcopus
645 528 1023 600 Cappadociae.
1051 529 1106 583 ln
1131 529 1473 586 Antiocheno
1495 546 1624 587 vero
1656 548 1867 587 emtone
1890 534 1923 587 8
1954 534 1998 591 Α
2026 535 2351 589 ostenditur.
2408 536 2652 591 Priinum
2682 539 2827 609 quod
2864 541 2932 595 ab
2959 557 3069 597 uno
3094 541 3353 613 episcopo
3378 546 3616 602 ordinari

327 622 748 693 chorepiscopis
794 637 1149 690 concessum,
1202 630 1261 677 ut
1307 622 1562 693 pacilicas
1593 624 1800 679 litteras
1830 625 1925 678 tri-

330 715 504 769 buere
535 714 767 784 possint.

405 805 698 861 Postremo
732 807 839 859 Leo
871 821 1007 876 papa
1037 807 1196 877 epist.
1216 806 1287 861 8η
1310 806 1377 862 de
1405 806 1597 861 iisdem
1618 806 1708 861 ille
1724 822 1922 879 agens:

334 896 485 951 Nam
536 899 796 968 quamvis,
843 899 1041 969 inquit,
1084 916 1203 953 cum
1248 902 1503 971 episcopis
1541 903 1774 972 plurima
1818 902 1927 956 illis

330 990 757 1045 ministeriorum
805 993 1101 1047 communis
1154 994 1225 1047 sit
1278 993 1625 1063 dispensatio,
1683 995 1929 1064 quedam

330 1087 515 1132 tamen
562 1080 884 1135 auctoritate
920 1085 1108 1136 veteris
1150 1082 1302 1153 legis,
1340 1086 1587 1153 quendam
1621 1086 1849 1149 novella,
1877 1094 1928 1139 et

328 1172 714 1226 ecclesiasticis
766 1171 963 1242 regulis
1010 1172 1114 1228 sibi
1164 1175 1434 1243 prohibita
1475 1178 1733 1241 noverint,
1790 1159 1964 1233 sicut.

328 1263 763 1333 presbyterorum
783 1274 832 1318 et
854 1264 1223 1333 diaconorum,
1248 1280 1341 1321 aut
1368 1268 1630 1337 virginum
1653 1284 1931 1322 consecra-

331 1354 447 1419 tio;
476 1355 613 1408 sicut
630 1356 941 1411 constitutio
963 1355 1178 1424 altaris,
1202 1374 1264 1411 ac
1286 1357 1600 1426 benedictio,
1624 1360 1704 1414 vel
1727 1361 1926 1424 unctio,

329 1454 440 1501 etc.
508 1445 837 1517 Quanquam
884 1448 988 1504 hac
1034 1450 1223 1504 eadem
1249 1449 1490 1521 Epistula
1522 1450 1635 1506 Leo
1677 1453 1928 1523 chorrpi-

329 1552 538 1606 scopos
570 1539 624 1592 in
663 1540 1103 1611 presbyterorum
1153 1542 1399 1597 ordinem
1440 1543 1656 1614 redigit,
1693 1560 1816 1599 cum
1855 1546 1929 1600 ita

332 1628 615 1697 loquitur:
643 1628 1053 1699 Chorepiscopos
1075 1629 1186 1700 (qui
1208 1630 1372 1699 juxta
1397 1648 1621 1686 canones
1648 1631 1932 1688 Neocresa-

331 1720 558 1787 rienses,
585 1722 692 1775 sive
715 1722 1006 1776 secundum
1030 1721 1260 1776 aliorum
1286 1726 1494 1778 decreta
1520 1724 1746 1778 Patrum
1773 1727 1931 1780 iidem

329 1825 480 1877 sunt,
522 1814 614 1883 qui
657 1822 707 1868 et
754 1813 1069 1887 presbyteri)
1101 1815 1176 1869 vel
1212 1815 1542 1885 presbyteros
1577 1818 1928 1873 destinarent.

2034 625 2294 690 solerent,
2323 642 2447 682 cum
2478 645 2510 683 a
2537 628 2789 686 Pati-ibus
2817 633 3053 689 edictum
3082 635 3173 699 sit,
3201 645 3253 689 ut
3289 637 3381 705 qui
3411 638 3480 691 ab
3507 654 3618 694 uno

2034 719 2117 773 vel
2143 735 2172 772 a
2206 720 2420 777 duobus
2450 733 2582 778 sunt
2612 726 2846 779 ordinati
2877 727 3168 797 episcopis,
3202 744 3303 785 nec
3332 731 3620 787 nominen-

2036 820 2124 865 tur
2154 812 2416 883 episcopi.
2453 814 2658 872 Deinde
2700 818 2844 886 quod
2888 819 3272 875 ecclesiasticas
3305 823 3618 879 sanctiones

2036 904 2360 973 prohibeant
2390 906 2442 959 in
2477 907 2625 972 villa,
2677 910 2761 963 vel
2812 910 2866 964 in
2913 912 3161 975 castello,
3204 921 3300 967 aut
3334 914 3387 967 in
3419 915 3618 985 exiguo

2036 997 2224 1066 aliquo
2257 999 2519 1068 oppidulo
2564 1001 2882 1071 episcOpum
2921 1018 3257 1060 consecrare.
3292 1005 3383 1070 At,
3418 1005 3615 1075 inquit,

2035 1089 2463 1160 chorepiscopus
2498 1100 2579 1145 est
2604 1092 2835 1149 villanus
2875 1095 3187 1164 episcopus.
3218 1094 3387 1165 Igitur
3424 1109 3614 1153 contra

2037 1194 2308 1233 canonum
2364 1181 2753 1237 auctoritatem
2793 1193 2878 1239 est
2910 1185 3423 1256 cborepiscoporum
3458 1189 3616 1242 insti-

2038 1268 2196 1323 tutio.
2245 1267 2349 1323 Sed
2388 1271 2534 1340 quod
2571 1273 2637 1324 ad
2669 1273 3186 1346 chorepiscoporum
3219 1277 3615 1334 ordinationem

2036 1364 2249 1423 attinet,
2288 1362 2559 1418 fuerintne
2606 1364 2677 1418 ab
2726 1380 2835 1419 uno
2877 1366 3165 1433 duntaxat,
3196 1369 3356 1438 cujus
3391 1369 3444 1423 in
3476 1370 3616 1424 dim-

2036 1453 2146 1507 cesi
2185 1460 2362 1519 erant,
2396 1453 2656 1524 episeOpo
2684 1455 3011 1523 consecrati,
3063 1471 3131 1511 an
3173 1473 3204 1511 a
3240 1458 3506 1527 pluribus,
3535 1459 3619 1514 ni-

2039 1543 2113 1596 hil
2153 1544 2208 1597 in
2246 1545 2395 1599 onmi
2432 1545 2773 1614 antiquitatis
2817 1548 3079 1602 memoria
3124 1549 3259 1604 satis
3295 1564 3616 1618 expressum

2037 1636 2197 1690 nobis
2220 1636 2479 1692 occurrit.
2511 1635 2669 1703 Quod
2694 1637 2739 1691 si
2783 1636 3019 1693 Damaso
3065 1640 3140 1692 illi
3174 1642 3472 1705 credimus,
3508 1658 3615 1697 nou

2037 1725 2217 1780 solum
2247 1727 2487 1796 episcopi
2518 1736 2632 1781 tum
2655 1737 2844 1793 erant,
2870 1732 2964 1782 sed
2988 1746 3017 1782 a
3047 1730 3296 1799 pluribus
3323 1732 3486 1786 etiam
3510 1734 3619 1800 cpi-

2037 1818 2220 1887 scopis
2267 1818 2683 1874 ordinabantur.
2729 1818 2886 1885 Quod
2917 1835 2984 1874 ex
3025 1822 3348 1877 Antiocheni
3386 1823 3617 1877 (talionis

333 1902 450 1959 Nisi
512 1902 656 1958 forte
717 1904 851 1969 haec,
913 1921 1037 1975 qua:
1089 1906 1403 1976 parenthesi
1458 1907 1813 1975 clauduntur,
1864 1911 1933 1965 ab
1963 1899 2009 1955 Β
2041 1911 2223 1966 verbis
2251 1908 2509 1974 afﬁrmat,
2541 1911 2802 1980 quoniam
2850 1910 2924 1965 ita
2970 1912 3229 1982 scriptum
3258 1924 3388 1969 est:
3429 1914 3492 1968 El
3520 1914 3618 1968 καὶ

333 1996 520 2052 otioso
555 1996 739 2066 aliquo
777 1998 844 2052 ad
884 1997 1183 2067 marginem
1211 2000 1449 2070 ascripta
1483 2012 1671 2069 postea
1703 2001 1758 2056 in
1798 2016 1933 2057 con-

334 2097 554 2143 textum
600 2088 954 2158 irrepserint;
1004 2091 1149 2161 quod
1194 2107 1384 2147 verum
1437 2102 1590 2162 puto.
1643 2092 1780 2149 Nam
1829 2098 1932 2153 etsi

331 2196 553 2235 canone
591 2178 1051 2240 Neocaesariensis
1084 2185 1275 2256 synodi
1307 2185 1374 2239 15
1409 2186 1834 2258 chon-episcopos
1864 2189 1933 2243 ad

330 2273 653 2343 exemplum
692 2271 1046 2344 Septuaginta
1095 2277 1428 2333 constitutos
1484 2293 1606 2333 esse
1650 2278 1931 2334 decretum

331 2364 424 2428 sit,
458 2373 646 2419 tamen
683 2365 904 2420 diﬁerre
954 2366 1247 2432 plurimum
1296 2382 1327 2421 a
1362 2368 1719 2440 presbyteris,
1757 2371 1934 2441 iisque

330 2456 665 2512 antecellere
713 2458 902 2513 docuit
955 2474 1131 2513 canon
1181 2459 1347 2526 idem,
1378 2475 1542 2530 quem
1578 2477 1740 2531 supra
1787 2478 1934 2518 com-

333 2549 788 2603 memoravimus.
837 2548 1032 2604 Esstat
1077 2550 1219 2605 inter
1257 2552 1576 2621 pontiﬁcum
1626 2553 1932 2609 Decretales

332 2639 570 2708 epistola
606 2638 826 2696 Damasi
860 2640 922 2708 V,
956 2642 1025 2697 de
1056 2642 1484 2713 chorepiscopis,
1534 2644 1588 2699 in
1626 2660 1733 2715 qua
1767 2649 1931 2702 vehe-

337 2739 558 2784 menter
600 2731 850 2785 ordinem
885 2732 1039 2786 illutn
1066 2733 1325 2803 exagitat,
1361 2745 1631 2806 negatque
1663 2738 1929 2804 funditus,

336 2839 366 2874 a
401 2821 742 2892 presbyteris
785 2822 893 2877 ulla
933 2839 1002 2877 ex
1041 2833 1194 2893 parte
1236 2826 1572 2896 discrepare.
1627 2827 1730 2884 Sed
1763 2832 1931 2886 multa

262 2970 267 2975 ,
338 2923 489 2979 sunt,
533 2930 660 2984 qua:
688 2924 998 2984 suSpectam
1038 2916 1187 2971 illius
1220 2918 1467 2988 epistola:
1493 2919 1654 2974 ﬁdem
1684 2937 1794 2975 non
1833 2923 1933 2979 ob-

278 3016 282 3021 '
335 3021 444 3063 csa:
473 3007 635 3062 naris
666 3007 983 3063 hominibus
1014 3009 1271 3078 reddant;
1304 3027 1427 3065 nam
1459 3022 1514 3067 ut
1537 3013 1604 3068 de
1627 3015 1771 3086 stylo
1815 3018 1933 3085 ipso

337 3099 728 3168 scribendique
767 3114 965 3168 genere
1007 3100 1144 3154 nihil
1173 3100 1265 3156 hic
1293 3102 1495 3167 dicam,
1532 3119 1716 3161 nonne
1749 3107 1931 3165 falsis-

339 3192 547 3246 simum
568 3199 673 3253 est,
698 3193 844 3259 quod
869 3190 1070 3246 ibidem
1094 3192 1349 3259 refertur,
1372 3195 1793 3267 chorepisc0pos
1820 3209 1927 3254 tam

339 3298 369 3335 a
401 3282 654 3338 Romana
681 3283 838 3348 sede,
868 3299 1033 3353 quam
1085 3300 1115 3337 a
1149 3284 1316 3340 totius
1354 3286 1506 3342 orbis
1540 3289 1815 3358 episcopis
1838 3293 1934 3348 ab—

341 3387 568 3446 rogatas
597 3389 664 3429 ac
711 3375 1021 3431 ministerio
1047 3377 1352 3445 prohibitos
1378 3378 1588 3434 luisse?
1645 3380 1736 3437 Vel
1768 3382 1932 3439 unius

340 3463 548 3521 Leonls
596 3465 852 3535 epistola,
907 3482 1074 3536 quam
1118 3468 1367 3537 proxime
1405 3470 1729 3530 citavimus.
1775 3488 1932 3544 argu-

342 3566 532 3614 mento
583 3573 707 3613 esse
751 3566 948 3627 potest,
1010 3574 1121 3613 non
1173 3559 1340 3615 modo
1385 3576 1493 3617 non
1543 3567 1859 3634 antiquatos
1900 3582 1931 3621 a

342 3652 597 3707 Romano
642 3652 899 3721 pontiﬁce
934 3652 1375 3723 chorepiscopos,
1425 3656 1520 3711 sed
1576 3660 1780 3713 ascitos
1811 3676 1934 3717 esse

342 3760 406 3801 ac
435 3755 591 3802 certa
620 3745 909 3816 disciplina
940 3747 1300 3811 constrictos:
1345 3763 1468 3803 cum
1501 3752 1617 3805 suis
1648 3766 1706 3806 se
1734 3752 1932 3811 ﬁnibus

342 3839 628 3893 continere
653 3838 938 3908 iubentur,
980 3853 1081 3894 nec
1105 3854 1168 3893 ea
1214 3855 1338 3909 qua:
1366 3842 1683 3911 pontiﬁcum
1715 3846 1930 3914 pr0pria

344 3941 474 3987 sunt
511 3946 787 4000 usurpare
823 3945 1072 3986 munera.
1116 3930 1392 3997 Quamvis,
1429 3934 1627 4003 inquit,
1670 3953 1789 3990 cum
1819 3939 1931 4006 epi-

343 4024 515 4094 scopis
540 4023 775 4093 plurima
804 4022 916 4077 illis
956 4024 1372 4079 ministeriorum
1396 4029 1689 4082 communis
1710 4039 1785 4083 est
1815 4030 1931 4084 dis-

343 4117 607 4185 pensatio.
657 4115 814 4181 Quod
847 4116 914 4171 ad
941 4116 1185 4186 reliquos
1209 4126 1418 4187 spectat
1452 4120 1617 4175 totius
1642 4123 1793 4177 orbis
1817 4124 1933 4192 epi-

345 4222 563 4277 scopos,
618 4220 651 4261 a
706 4206 908 4275 quibus
960 4207 1264 4275 prohibitos
1317 4222 1440 4263 esse
1492 4208 1659 4275 dicit;
1720 4220 1928 4269 tantum

346 4298 520 4362 abest,
567 4306 627 4352 ut
668 4298 722 4352 id
770 4313 958 4355 verum
1008 4299 1101 4366 sit,
1152 4307 1213 4354 ut
1260 4301 1316 4354 in
1345 4303 1682 4358 meumenica
1722 4307 1931 4376 synodo

346 4389 782 4446 Chalcedonensi
815 4390 959 4444 inter
1002 4389 1234 4447 clericos
1269 4404 1658 4448 recenseantur
1694 4412 1817 4450 can.
1853 4396 1927 4450 ‘2:

350 4480 416 4534 Et
429 4498 515 4545 τις
542 4481 842 4544 ἐπίσκοπος
865 4481 959 4534 ἐπὶ
986 4482 1234 4552 χρήμασι
1262 4484 1595 4553 χειροτονίαν
1622 4490 1927 4557 ποιήσαιτο,

347 4578 480 4641 etc.,
516 4573 614 4628 καὶ
648 4575 1079 4645 χειροτονήσειεν
1106 4575 1202 4628 ἐπὶ
1229 4575 1510 4648 χρήμασιν
1541 4578 1861 4644 ἐπίσκοπον,
1896 4584 1929 4652 ἢ
1962 4601 2010 4659 ο

346 4664 783 4734 χωρεπίσκοπον,
814 4664 848 4735 ἢ
881 4665 1306 4736 πρεσϐυτέρους,
1338 4668 1371 4739 ἢ
1401 4668 1706 4735 διακόνους,
1735 4682 1864 4732 etc..
1884 4689 1938 4732 et

349 4754 402 4807 in
435 4755 732 4825 Ephesius,
776 4756 852 4829 uti
888 4757 1154 4822 diximus,
1201 4759 1343 4813 inter
1374 4760 1660 4829 episcopos
1697 4764 1940 4820 subscri-

350 4848 512 4911 pserit
532 4847 806 4903 Cresztrius
818 4849 1268 4921 chorepiscopus.
1283 4851 1424 4918 Quin
1442 4852 1605 4907 etiam
1628 4854 1679 4908 in
1698 4835 1933 4925 Capitol.

346 4936 527 4994 Caroli
555 4940 751 5010 imper.
775 4955 896 5007 cap.
920 4942 954 4996 9
979 4941 1046 4996 de
1077 4942 1485 5012 chorcpiscopis
1513 4960 1577 4998 ex
1599 4946 1934 5002 Antiocheua

349 5037 403 5082 et
425 5030 712 5100 Ancyrana
737 5029 950 5099 synodo
981 5031 1263 5085 decretum
1291 5032 1573 5099 inseritur,
1596 5045 1656 5087 ut
1680 5047 1937 5105 appareat

348 5117 511 5172 etiam
565 5128 682 5174 tum
734 5120 791 5173 in
831 5118 1022 5175 Galliis
1075 5121 1244 5178 fuisse
1289 5125 1734 5195 chorepiscopos.
1797 5128 1933 5186 Nam

350 5216 405 5261 et
459 5210 529 5264 ad
566 5210 878 5267 Gallicanos
932 5212 1220 5283 episcopos
1270 5213 1380 5270 Leo
1433 5232 1568 5286 papa
1628 5219 1695 5273 de
1743 5219 1934 5278 iisdem

352 5312 665 5368 scripserat.

420 5386 541 5445 Non
566 5392 750 5446 minus
779 5390 975 5447 falsum
1000 5395 1266 5464 est.qu0d
1295 5396 1406 5451 illic
1423 5398 1806 5469 supposit‘itius
1827 5403 1934 5457 Da-

354 5493 540 5537 masus
578 5482 832 5548 aﬂirmat,
868 5500 977 5538 non
1000 5484 1223 5541 licuisse
1265 5490 1676 5560 chorepiscopis
1706 5494 1933 5549 subdia-

353 5586 522 5630 conos
539 5575 817 5641 ordinare,
834 5589 1023 5632 contra
1043 5578 1367 5636 Antiocheni
1397 5586 1613 5642 concilii
1641 5602 1931 5655 canonem,

355 5670 410 5733 e‘t
445 5664 640 5724 Leonis
683 5668 991 5737 epistolam,
1033 5670 1126 5738 qui
1165 5673 1609 5743 presbyterorum
1647 5679 1931 5745 duntaxat,

356 5766 419 5808 ac
444 5756 802 5831 tliaeonorum
837 5761 1305 5817 consecrationem
1334 5764 1544 5821 adimit.
1576 5768 1790 5823 Atenim
1814 5787 1932 5839 cpt-

357 5859 550 5925 δείψοδ
600 5851 720 5907 illos
776 5868 885 5907 non
935 5850 1106 5909 fuisse
1156 5855 1319 5910 etiam
1372 5857 1677 5926 rationibus
1726 5861 1926 5919 ibidem

2040 2002 2381 2073 χειροθεσίαν
2422 1984 2535 2055 εἷεν
2565 2002 2881 2057 ἐπισκόπων
2918 2002 3219 2073 εἰληφότες.
3256 2002 3495 2068 Videtur,
3530 2004 3616 2059 iu-

2040 2096 2177 2163 quit,
2207 2096 2337 2149 mihi
2358 2095 2497 2164 quod
2519 2104 2643 2148 tunc
2668 2111 2772 2149 non
2800 2095 2868 2149 ab
2897 2111 3023 2162 uno,
3048 2095 3138 2150 sed
3161 2113 3194 2148 a
3218 2095 3458 2165 pluribus
3480 2095 3621 2149 ordi-

2040 2185 2327 2252 nabuntur,
2358 2185 2487 2255 quia
2513 2184 2819 2239 nullatenus
2853 2184 3049 2240 diceret
3071 2186 3456 2254 episcoporum,
3485 2186 3533 2238 si
3554 2185 3618 2237 ab

2039 2293 2144 2330 uno
2172 2276 2320 2345 ﬁeret
2352 2276 2543 2329 talium
2572 2276 2860 2341 ordinatio,
2897 2293 3017 2331 cum
3052 2279 3417 2346 episcoporum
3443 2278 3620 2345 plura-

2039 2367 2163 2422 liter
2181 2367 2383 2421 dictunt
2412 2368 2505 2421 sit.
2542 2367 2648 2422 Sed
2677 2367 2971 2436 genitivum
2995 2367 3144 2422 illurn
3166 2367 3482 2421 ἐπισκόπων
3518 2365 3619 2420 ali-

2042 2466 2124 2513 ter
2148 2458 2326 2513 Latini
2359 2459 2682 2528 interpretes
2719 2468 3069 2528 acceperunt,
3114 2467 3174 2513 ut
3212 2457 3472 2511 nimirum
3504 2471 3618 2527 χει-

2041 2549 2263 2621 ροθεσία
2290 2550 2608 2603 ἐπισκόπων
2637 2564 2746 2603 non
2784 2550 2874 2603 illa
2912 2564 3172 2604 luminum
3209 2548 3487 2618 impositio
3522 2548 3615 2611 sit,

2038 2658 2204 2714 quam
2230 2642 2415 2712 plures
2433 2642 2675 2713 episcopi
2703 2641 2931 2705 laclunt,
2974 2641 3069 2696 sed
3096 2656 3204 2710 qua
3233 2640 3369 2695 ﬁunt
3400 2639 3617 2709 episco-

2040 2736 2112 2805 pi.
2138 2733 2329 2813 _Quare
2372 2733 2418 2788 si
2465 2747 2652 2788 verum
2681 2741 2787 2797 est,
2819 2731 2966 2803 quod
3004 2730 3234 2801 epistola
3266 2731 3370 2785 ista
3401 2740 3613 2795 narrat,

2040 2843 2149 2882 non
2177 2829 2247 2883 ab
2272 2843 2384 2883 uno
2412 2836 2625 2893 tantum
2654 2828 2960 2884 consecrati
2989 2826 3191 2882 fuerint
3216 2826 3615 2898 cborepiscopi.

2042 2916 2242 2972 Verum
2284 2918 2597 2989 perturbate
2651 2919 2947 2974 admodum
2975 2934 3039 2973 ac
3070 2917 3320 2989 perplexe
3352 2917 3617 2987 loquitur.

2037 3026 2163 3066 cum
2195 3012 2438 3077 eosdem,
2487 3027 2629 3082 quos
2674 3012 2963 3082 episcopos
3002 3010 3176 3066 fuisse
3210 3019 3340 3067 tunc
3368 3025 3620 3066 asserueo

2038 3112 2143 3168 rat,
2166 3104 2355 3159 nescio
2373 3120 2483 3173 quo
2505 3114 2664 3174 pacto
2684 3104 2915 3160 subinde
2935 3113 3091 3173 neget
3117 3104 3407 3173 episcopos
3424 3103 3615 3158 fuisse.

2040 3194 2147 3251 Sed
2174 3195 2500 3251 Antiocheni
2525 3196 2757 3252 canonis
2783 3195 3083 3252 auctoritas
3105 3195 3423 3264 opponitur,
3460 3194 3620 3264 cujus

2035 3301 2100 3340 ea
2127 3286 2376 3341 clausula
2406 3295 2492 3341 est
2518 3304 2533 3341 :
2565 3286 3003 3356 Χωρεπίσκοπον
3030 3286 3088 3338 δὲ
3117 3283 3365 3353 γίνεσθαι
3395 3285 3501 3338 ὑπὸ
3522 3282 3619 3338 τοῦ

2033 3378 2134 3449 τῆς
2172 3377 2382 3441 πόλεως
2508 3377 2794 3431 ὑπόκειται
2843 3376 3167 3430 ὲπισκόπου’
3203 3375 3617 3446 Chorepiscopus

2035 3479 2210 3524 autem
2241 3470 2307 3523 ab
2340 3469 2584 3539 episcopo
2613 3469 2848 3523 civitatis
2883 3469 2961 3523 vel
2996 3468 3123 3531 loci,
3171 3467 3257 3520 cui
3293 3466 3433 3520 idem
3471 3465 3622 3536 adja-

2032 3569 2134 3629 cet,
2171 3556 2502 3614 ordinandus
2536 3569 2637 3615 est.
2669 3559 2808 3614 Hinc
2840 3559 2945 3614 illa:
2985 3558 3260 3629 lacrymaa.
3293 3557 3454 3626 Atqui
3489 3572 3616 3612 cum

2034 3652 2105 3705 ab
2137 3651 2418 3722 episcopo,
2461 3652 2549 3706 cui
2588 3652 2872 3721 subjectus
2900 3660 3006 3718 est,
3037 3649 3277 3706 ordinari
3301 3649 3473 3718 jubet,
3507 3664 3616 3703 non
3714 3673 3721 3677 -

2034 3744 2174 3799 alios
2218 3743 2482 3810 excludit,
2510 3744 2605 3814 qui
2657 3759 2765 3797 una
2811 3757 3009 3798 manus
3038 3743 3344 3812 imponant,
3387 3743 3482 3797 sed
3514 3742 3617 3798 hoc

2035 3835 2213 3890 solum
2243 3835 2509 3906 praecipit,
2542 3844 2602 3889 ut
2628 3835 2994 3890 ordinationis
3024 3851 3227 3907 praeses
3262 3849 3328 3889 ac
3358 3833 3611 3888 modera-

2037 3939 2124 3986 tor
2158 3930 2250 3986 ille
2279 3930 2374 3995 sit,
2410 3931 2569 4001 cujus
2600 3931 2655 3983 in
2687 3929 2901 3985 ditione
2929 3939 3201 3997 versatur,
3241 3936 3301 3983 ut
3336 3928 3457 3998 eius
3491 3926 3644 3985 hor—.

2037 4031 2151 4077 tatu
2186 4022 2530 4093 invitatuque
2588 4021 2957 4077 adhibeantur
2981 4021 3097 4091 alii,
3125 4029 3187 4075 ut
3217 4020 3407 4075 eodem
3436 4019 3624 4074 incon-

2035 4114 2204 4177 sulto,
2238 4124 2301 4170 ut
2328 4114 2544 4184 injussu
2575 4113 2814 4182 denique
2842 4113 3270 4183 chorepiscopus
3297 4127 3405 4166 non
3435 4111 3549 4166 ﬁat.

2062 4224 2069 4235 ί
2103 4207 2278 4274 Quam
2307 4206 2471 4276 huius
2493 4206 2723 4259 canonis
2745 4219 2865 4260 esse
2893 4203 3216 4259 sententiam
3229 4202 3469 4257 declarat
3495 4200 3621 4254 Bal-

2034 4314 2210 4363 samo,
2267 4312 2394 4352 cum
2444 4296 2542 4361 ait,
2583 4296 3106 4364 cborepiscoporum
3166 4293 3268 4348 hac
3323 4291 3621 4362 appendice

2037 4390 2365 4445 refrenatam
2418 4386 2812 4456 arrogantiam,
2860 4384 2977 4454 qui,
3013 4383 3251 4453 propriis
3293 4382 3618 4451 contemptis

2034 4481 2326 4553 episcOpis,
2375 4495 2407 4535 a
2431 4478 2874 4549 metropolitano,
2916 4477 2998 4533 vel
3032 4476 3341 4545 patriarcha
3372 4474 3618 4530 ordinari

2036 4588 2156 4628 sese
2183 4572 2403 4634 vellent,
2444 4586 2555 4640 quo
2584 4568 2769 4623 minus
2794 4568 2847 4620 in
2878 4582 3102 4621 suorum
3125 4574 3389 4636 potestate
3418 4564 3616 4621 forent.

2041 4662 2167 4718 ldeo
2190 4661 2573 4725 constitutum,
2617 4668 2677 4714 ut
2714 4659 2784 4712 ab
2812 4657 3069 4726 episcopo
3095 4670 3198 4712 suo
3228 4670 3621 4711 consecraren-

2040 4765 2145 4809 tur.
2182 4752 2396 4808 Etenim
2437 4750 2776 4807 simillimum
2811 4748 3069 4817 quiddam
3121 4745 3336 4801 videtur
3380 4759 3447 4799 ac
3490 4758 3616 4798 cum

2037 4846 2262 4910 dicitur,
2287 4860 2318 4900 a
2352 4841 2771 4913 metropolitano
2799 4838 3163 4910 provinciales
3189 4852 3380 4892 omnes
3407 4836 3620 4907 episco-

2039 4954 2138 5009 pos
2169 4938 2447 5005 ordinari;
2480 4951 2550 4993 ex
2589 4937 2764 4993 veteri
2807 4951 3039 5000 canone,
3076 4937 3172 5006 qui
3201 4936 3256 4990 in
3286 4935 3616 4991 Chalcedon.

2016 5029 2299 5093 'concilio,
2331 5029 2519 5085 Actor.
2544 5028 2631 5092 l5,
2649 5040 2779 5095 pag.
2813 5024 2938 5089 589,
2958 5024 3031 5080 ita
3071 5027 3379 5097 concipitur
3407 5045 3421 5083 :
3456 5028 3626 5089 Ὥστε,

2037 5120 2097 5172 ὲν
2128 5120 2228 5190 μιᾷ
2252 5118 2460 5190 ἑκάστῃ
2491 5115 2601 5168 τῶν
2627 5114 2906 5186 ἐπαρχιῶν
2938 5118 3002 5168 τὸ
3030 5114 3197 5187 κῦρος
3229 5116 3377 5187 ἔχειν
3407 5116 3496 5170 τὸν
3522 5116 3622 5188 τῆς

2041 5211 2449 5284 μητροπόλεως,
2492 5208 2587 5261 καὶ
2621 5208 2783 5260 αὐτὸν
2820 5206 3085 5278 καθιστᾷν
3124 5208 3331 5272 πάντας
3362 5209 3490 5271 τοὺς
3515 5208 3631 5263 ὑπὸ.

2035 5304 2136 5375 τὴν
2165 5302 2334 5373 αὐτὴν
2372 5299 2645 5371 ἐπαρχίαν
2693 5298 3049 5364 ἐπισκόπους·
3097 5298 3165 5354 Ut
3210 5301 3265 5353 in
3311 5315 3621 5369 unaquaque

2034 5397 2307 5466 provincia
2339 5395 2433 5464 jus
2467 5409 2529 5446 ac
2592 5401 2908 5462 potestatem
2944 5391 3377 5460 metropolitanus
3405 5388 3622 5454 habeat,

2035 5489 2276 5555 idemque
2310 5494 2546 5547 cunctos,
2591 5487 2680 5555 qui
2712 5485 2770 5539 in
2803 5485 2987 5539 eadem
3026 5483 3299 5554 provincia
3338 5492 3485 5550 sunt,
3509 5485 3621 5554 cpi-

2036 5597 2221 5650 scapos
2256 5581 2483 5634 ordinet.
2517 5578 2613 5634 Sic
2635 5577 2881 5647 ejusdem
2924 5574 3140 5632 concilii
3174 5574 3361 5628 Actor.
3399 5574 3467 5627 l6
3494 5589 3624 5636 cum.

2034 5687 2101 5725 ex
2138 5687 2174 5724 ιι
2212 5668 2407 5741 synodi
2443 5669 2663 5723 decreto
2698 5662 3306 5731 ConstantinOpolitano
3344 5662 3617 5731 archiepi-

2037 5778 2205 5831 sc0po
2229 5776 2553 5817 concessum
2576 5759 2800 5821 dicitur,
2825 5765 2885 5811 ut
2910 5754 3169 5818 Ponticas,
3193 5754 3429 5819 Arianae,
3455 5751 3497 5809 Τ
3503 5752 3623 5813 luta-

2038 5856 2135 5911 cia:
2163 5856 2471 5921 diucugscos
2500 5848 2901 5921 lucttopolitani
2938 5847 3203 5903 duntaxat
3235 5848 3300 5900 ab
3334 5861 3406 5903 eo.
3427 5861 3621 5907 emitur
