  <div class='ocr_page' id='page_1' title='image "/cluster/home/n/w/nwhite01/storage/ocr_20150623/42:no.2/coo.31924054869403/531.png"; bbox 0 0 4064 6444; ppageno 0'>
   <div class='ocr_carea' id='block_1_1' title="bbox 471 392 604 451">
    <p class='ocr_par' dir='ltr' id='par_1_1' title="bbox 471 392 604 451">
     <span class='ocr_line' id='line_1_1' title="bbox 471 392 604 451; baseline -0.045 0"><span class='ocrx_word' id='word_1_1' title='bbox 471 392 604 451; x_wconf 69' lang='grc'><strong>1051</strong></span> 
     </span>
    </p>
   </div>
   <div class='ocr_carea' id='block_1_2' title="bbox 1527 390 2531 454">
    <p class='ocr_par' dir='ltr' id='par_1_2' title="bbox 1527 390 2531 454">
     <span class='ocr_line' id='line_1_2' title="bbox 1527 390 2531 454; baseline 0 -7"><span class='ocrx_word' id='word_1_2' title='bbox 1527 392 1868 450; x_wconf 78' lang='lat' dir='ltr'><strong>APPENDIX</strong></span> <span class='ocrx_word' id='word_1_3' title='bbox 1897 390 2531 454; x_wconf 79' lang='lat' dir='ltr'><strong>DISSERTATIONUM.</strong></span> 
     </span>
    </p>
   </div>
   <div class='ocr_carea' id='block_1_3' title="bbox 3605 388 3736 442">
    <p class='ocr_par' dir='ltr' id='par_1_3' title="bbox 3605 388 3736 442">
     <span class='ocr_line' id='line_1_3' title="bbox 3605 388 3736 442; baseline 0.015 -2"><span class='ocrx_word' id='word_1_4' title='bbox 3605 388 3736 442; x_wconf 68' lang='lat' dir='ltr'><strong>i059.</strong></span> 
     </span>
    </p>
   </div>
   <div class='ocr_carea' id='block_1_4' title="bbox 470 499 2080 574">
    <p class='ocr_par' dir='ltr' id='par_1_4' title="bbox 470 499 2052 574">
     <span class='ocr_line' id='line_1_4' title="bbox 470 499 2052 574; baseline 0.004 -25"><span class='ocrx_word' id='word_1_5' title='bbox 470 508 692 558; x_wconf 75' lang='lat' dir='ltr'><strong>creatur</strong></span> <span class='ocrx_word' id='word_1_6' title='bbox 740 515 754 553; x_wconf 91' lang='lat'><strong>:</strong></span> <span class='ocrx_word' id='word_1_7' title='bbox 801 499 1238 571; x_wconf 78' lang='grc' dir='ltr'>Χειροτονείσοαι</span> <span class='ocrx_word' id='word_1_8' title='bbox 1291 502 1417 564; x_wconf 77' lang='grc' dir='ltr'>τοὺς</span> <span class='ocrx_word' id='word_1_9' title='bbox 1486 503 1890 574; x_wconf 79' lang='grc' dir='ltr'><strong>μητροπολίτας</strong></span> <span class='ocrx_word' id='word_1_10' title='bbox 1945 503 2052 558; x_wconf 82' lang='grc' dir='ltr'><strong>τῶν</strong></span> 
     </span>
    </p>
   </div>
   <div class='ocr_carea' id='block_1_5' title="bbox 2183 499 3737 574">
    <p class='ocr_par' dir='ltr' id='par_1_5' title="bbox 2229 500 3737 572">
     <span class='ocr_line' id='line_1_5' title="bbox 2229 500 3737 572; baseline 0 -16"><span class='ocrx_word' id='word_1_11' title='bbox 2229 502 2359 557; x_wconf 77' lang='grc' dir='ltr'><strong>Μίιιί</strong></span> <span class='ocrx_word' id='word_1_12' title='bbox 2415 517 2546 557; x_wconf 81' lang='lat' dir='ltr'><strong>vcro</strong></span> <span class='ocrx_word' id='word_1_13' title='bbox 2574 502 3087 572; x_wconf 81' lang='lat' dir='ltr'><strong>clmrcpisroporum</strong></span> <span class='ocrx_word' id='word_1_14' title='bbox 3117 502 3268 570; x_wconf 68' lang='grc' dir='ltr'><strong>(πτςο</strong></span> <span class='ocrx_word' id='word_1_15' title='bbox 3300 500 3488 557; x_wconf 86' lang='lat' dir='ltr'><strong>iisdem</strong></span> <span class='ocrx_word' id='word_1_16' title='bbox 3521 516 3590 556; x_wconf 81' lang='lat' dir='ltr'><strong>ex</strong></span> <span class='ocrx_word' id='word_1_17' title='bbox 3614 517 3737 556; x_wconf 84' lang='lat' dir='ltr'><strong>eau-</strong></span> 
     </span>
    </p>
   </div>
   <div class='ocr_carea' id='block_1_6' title="bbox 472 588 2060 665">
    <p class='ocr_par' dir='ltr' id='par_1_6' title="bbox 472 588 2060 665">
     <span class='ocr_line' id='line_1_6' title="bbox 472 588 2060 665; baseline 0.001 -21"><span class='ocrx_word' id='word_1_18' title='bbox 472 589 888 662; x_wconf 82' lang='grc' dir='ltr'>προειρημένων</span> <span class='ocrx_word' id='word_1_19' title='bbox 917 588 1240 660; x_wconf 81' lang='grc' dir='ltr'><strong>διοικήσεων</strong></span> <span class='ocrx_word' id='word_1_20' title='bbox 1288 591 1442 663; x_wconf 77' lang='grc' dir='ltr'>παρὰ</span> <span class='ocrx_word' id='word_1_21' title='bbox 1470 592 1566 647; x_wconf 79' lang='grc' dir='ltr'>τοῦ</span> <span class='ocrx_word' id='word_1_22' title='bbox 1628 595 2060 665; x_wconf 81' lang='grc' dir='ltr'>ἁρχιεπισκόπου</span> 
     </span>
    </p>
   </div>
   <div class='ocr_carea' id='block_1_7' title="bbox 472 680 2062 755">
    <p class='ocr_par' dir='ltr' id='par_1_7' title="bbox 472 680 2062 755">
     <span class='ocr_line' id='line_1_7' title="bbox 472 680 2062 755; baseline 0.003 -21"><span class='ocrx_word' id='word_1_23' title='bbox 472 680 1130 746; x_wconf 79' lang='grc' dir='ltr'><strong>Κωνσταντινουπόλεως,</strong></span> <span class='ocrx_word' id='word_1_24' title='bbox 1189 697 1299 737; x_wconf 88' lang='lat' dir='ltr'><strong>non</strong></span> <span class='ocrx_word' id='word_1_25' title='bbox 1344 683 1530 738; x_wconf 90' lang='lat' dir='ltr'><strong>statim</strong></span> <span class='ocrx_word' id='word_1_26' title='bbox 1581 699 1924 755; x_wconf 86' lang='lat' dir='ltr'><strong>consequens</strong></span> <span class='ocrx_word' id='word_1_27' title='bbox 1955 694 2062 750; x_wconf 80' lang='lat' dir='ltr'><strong>est,</strong></span> 
     </span>
    </p>
   </div>
   <div class='ocr_carea' id='block_1_8' title="bbox 472 771 2066 858">
    <p class='ocr_par' dir='ltr' id='par_1_8' title="bbox 472 771 2066 858">
     <span class='ocr_line' id='line_1_8' title="bbox 472 771 2066 858; baseline 0.002 -31"><span class='ocrx_word' id='word_1_28' title='bbox 472 771 649 827; x_wconf 88' lang='lat' dir='ltr'><strong>solum</strong></span> <span class='ocrx_word' id='word_1_29' title='bbox 679 771 1156 843; x_wconf 78' lang='lat' dir='ltr'><strong>archiepiscopum</strong></span> <span class='ocrx_word' id='word_1_30' title='bbox 1190 788 1385 858; x_wconf 74' lang='lat' dir='ltr'><strong>manus</strong></span> <span class='ocrx_word' id='word_1_31' title='bbox 1415 776 1720 844; x_wconf 87' lang='lat' dir='ltr'><strong>imponere,</strong></span> <span class='ocrx_word' id='word_1_32' title='bbox 1750 776 1866 842; x_wconf 81' lang='lat' dir='ltr'><strong>sed,</strong></span> <span class='ocrx_word' id='word_1_33' title='bbox 1891 775 1953 829; x_wconf 84' lang='grc' dir='ltr'><strong>τὸ</strong></span> <span class='ocrx_word' id='word_1_34' title='bbox 1974 775 2066 830; x_wconf 76' lang='grc' dir='ltr'><strong>κῦ-</strong></span> 
     </span>
    </p>
   </div>
   <div class='ocr_carea' id='block_1_9' title="bbox 474 862 2064 937">
    <p class='ocr_par' dir='ltr' id='par_1_9' title="bbox 474 862 2064 937">
     <span class='ocr_line' id='line_1_9' title="bbox 474 862 2064 937; baseline 0.006 -24"><span class='ocrx_word' id='word_1_35' title='bbox 474 878 568 933; x_wconf 84' lang='grc' dir='ltr'><strong>ρος</strong></span> <span class='ocrx_word' id='word_1_36' title='bbox 595 863 762 933; x_wconf 80' lang='grc' dir='ltr'><strong>ἔχειν,</strong></span> <span class='ocrx_word' id='word_1_37' title='bbox 795 872 855 919; x_wconf 90' lang='lat' dir='ltr'><strong>ut</strong></span> <span class='ocrx_word' id='word_1_38' title='bbox 883 862 1139 920; x_wconf 82' lang='lat' dir='ltr'><strong>Nicamus</strong></span> <span class='ocrx_word' id='word_1_39' title='bbox 1170 864 1351 921; x_wconf 78' lang='lat' dir='ltr'><strong>canon</strong></span> <span class='ocrx_word' id='word_1_40' title='bbox 1382 883 1431 921; x_wconf 84' lang='lat' dir='ltr'><strong>tv</strong></span> <span class='ocrx_word' id='word_1_41' title='bbox 1461 867 1708 937; x_wconf 90' lang='lat' dir='ltr'><strong>loquitur</strong></span> <span class='ocrx_word' id='word_1_42' title='bbox 1739 890 1753 923; x_wconf 90' lang='lat'><strong>:</strong></span> <span class='ocrx_word' id='word_1_43' title='bbox 1782 867 1846 921; x_wconf 82' lang='grc' dir='ltr'><strong>τὸ</strong></span> <span class='ocrx_word' id='word_1_44' title='bbox 1878 867 1936 921; x_wconf 81' lang='grc' dir='ltr'><strong>δὲ</strong></span> <span class='ocrx_word' id='word_1_45' title='bbox 1968 867 2064 922; x_wconf 81' lang='grc' dir='ltr'><strong>κῦ-</strong></span> 
     </span>
    </p>
   </div>
   <div class='ocr_carea' id='block_1_10' title="bbox 477 954 2066 1029">
    <p class='ocr_par' dir='ltr' id='par_1_10' title="bbox 477 954 2066 1029">
     <span class='ocr_line' id='line_1_10' title="bbox 477 954 2066 1029; baseline 0.004 -23"><span class='ocrx_word' id='word_1_46' title='bbox 477 970 567 1026; x_wconf 87' lang='grc' dir='ltr'><strong>ρος</strong></span> <span class='ocrx_word' id='word_1_47' title='bbox 596 954 703 1008; x_wconf 83' lang='grc' dir='ltr'><strong>τῶν</strong></span> <span class='ocrx_word' id='word_1_48' title='bbox 731 955 1037 1028; x_wconf 82' lang='grc' dir='ltr'><strong>γινομένων</strong></span> <span class='ocrx_word' id='word_1_49' title='bbox 1075 956 1321 1012; x_wconf 80' lang='grc' dir='ltr'><strong>δίδοσθαι</strong></span> <span class='ocrx_word' id='word_1_50' title='bbox 1361 960 1484 1013; x_wconf 84' lang='grc' dir='ltr'>καυ’</span> <span class='ocrx_word' id='word_1_51' title='bbox 1519 959 1758 1029; x_wconf 82' lang='grc' dir='ltr'><strong>ἑκάστην</strong></span> <span class='ocrx_word' id='word_1_52' title='bbox 1795 960 2066 1029; x_wconf 76' lang='grc' dir='ltr'><strong>ἐπαρχίαν</strong></span> 
     </span>
    </p>
   </div>
   <div class='ocr_carea' id='block_1_11' title="bbox 473 1043 2055 1120">
    <p class='ocr_par' dir='ltr' id='par_1_11' title="bbox 473 1043 2055 1120">
     <span class='ocr_line' id='line_1_11' title="bbox 473 1043 2055 1120; baseline 0.004 -21"><span class='ocrx_word' id='word_1_53' title='bbox 473 1043 553 1116; x_wconf 84' lang='grc' dir='ltr'><strong>τῷ</strong></span> <span class='ocrx_word' id='word_1_54' title='bbox 596 1046 992 1118; x_wconf 75' lang='grc' dir='ltr'><strong>μητροπολίτῃ.</strong></span> <span class='ocrx_word' id='word_1_55' title='bbox 1018 1048 1098 1102; x_wconf 79' lang='lat' dir='ltr'><strong>Ad</strong></span> <span class='ocrx_word' id='word_1_56' title='bbox 1123 1050 1377 1106; x_wconf 89' lang='lat' dir='ltr'><strong>eumdem</strong></span> <span class='ocrx_word' id='word_1_57' title='bbox 1405 1051 1590 1120; x_wconf 89' lang='lat' dir='ltr'><strong>itaque</strong></span> <span class='ocrx_word' id='word_1_58' title='bbox 1622 1050 1846 1105; x_wconf 87' lang='lat' dir='ltr'><strong>modum</strong></span> <span class='ocrx_word' id='word_1_59' title='bbox 1894 1053 2055 1105; x_wconf 87' lang='lat' dir='ltr'><strong>ebor-</strong></span> 
     </span>
    </p>
   </div>
   <div class='ocr_carea' id='block_1_12' title="bbox 474 1137 2068 1213">
    <p class='ocr_par' dir='ltr' id='par_1_12' title="bbox 474 1137 2068 1213">
     <span class='ocr_line' id='line_1_12' title="bbox 474 1137 2068 1213; baseline 0.004 -21"><span class='ocrx_word' id='word_1_60' title='bbox 474 1137 768 1208; x_wconf 87' lang='lat' dir='ltr'><strong>episcopus</strong></span> <span class='ocrx_word' id='word_1_61' title='bbox 799 1153 829 1193; x_wconf 88' lang='lat' dir='ltr'><strong>a</strong></span> <span class='ocrx_word' id='word_1_62' title='bbox 865 1139 1116 1208; x_wconf 83' lang='lat' dir='ltr'><strong>pluribus</strong></span> <span class='ocrx_word' id='word_1_63' title='bbox 1164 1143 1402 1197; x_wconf 87' lang='lat' dir='ltr'><strong>ordinari</strong></span> <span class='ocrx_word' id='word_1_64' title='bbox 1448 1142 1646 1212; x_wconf 91' lang='lat' dir='ltr'><strong>potuit,</strong></span> <span class='ocrx_word' id='word_1_65' title='bbox 1679 1153 1957 1213; x_wconf 63' lang='lat' dir='ltr'><strong>praeeunte</strong></span> <span class='ocrx_word' id='word_1_66' title='bbox 2003 1158 2068 1199; x_wconf 90' lang='lat' dir='ltr'><strong>ac</strong></span> 
     </span>
    </p>
   </div>
   <div class='ocr_carea' id='block_1_13' title="bbox 477 1226 2067 1304">
    <p class='ocr_par' dir='ltr' id='par_1_13' title="bbox 477 1226 2067 1304">
     <span class='ocr_line' id='line_1_13' title="bbox 477 1226 2067 1304; baseline 0.007 -26"><span class='ocrx_word' id='word_1_67' title='bbox 477 1226 801 1282; x_wconf 89' lang='lat' dir='ltr'><strong>moderante</strong></span> <span class='ocrx_word' id='word_1_68' title='bbox 835 1228 1048 1285; x_wconf 81' lang='lat' dir='ltr'><strong>scilicet</strong></span> <span class='ocrx_word' id='word_1_69' title='bbox 1091 1233 1371 1303; x_wconf 89' lang='lat' dir='ltr'><strong>episcopo.</strong></span> <span class='ocrx_word' id='word_1_70' title='bbox 1430 1233 1679 1288; x_wconf 86' lang='lat' dir='ltr'><strong>Alterum</strong></span> <span class='ocrx_word' id='word_1_71' title='bbox 1711 1236 1858 1304; x_wconf 89' lang='lat' dir='ltr'><strong>quod</strong></span> <span class='ocrx_word' id='word_1_72' title='bbox 1894 1234 1948 1289; x_wconf 90' lang='lat' dir='ltr'><strong>iu</strong></span> <span class='ocrx_word' id='word_1_73' title='bbox 1977 1235 2067 1289; x_wconf 85' lang='lat' dir='ltr'><strong>itla</strong></span> 
     </span>
    </p>
   </div>
   <div class='ocr_carea' id='block_1_14' title="bbox 478 1314 2072 1394">
    <p class='ocr_par' dir='ltr' id='par_1_14' title="bbox 478 1314 2072 1394">
     <span class='ocr_line' id='line_1_14' title="bbox 478 1314 2072 1394; baseline 0.008 -24"><span class='ocrx_word' id='word_1_74' title='bbox 478 1314 699 1374; x_wconf 82' lang='lat' dir='ltr'><strong>Damasi</strong></span> <span class='ocrx_word' id='word_1_75' title='bbox 729 1320 959 1389; x_wconf 87' lang='lat' dir='ltr'><strong>epistola</strong></span> <span class='ocrx_word' id='word_1_76' title='bbox 989 1326 1333 1394; x_wconf 74' lang='lat' dir='ltr'><strong>proponitur,</strong></span> <span class='ocrx_word' id='word_1_77' title='bbox 1373 1335 1598 1382; x_wconf 90' lang='lat' dir='ltr'><strong>cautum</strong></span> <span class='ocrx_word' id='word_1_78' title='bbox 1629 1342 1779 1392; x_wconf 88' lang='lat' dir='ltr'><strong>esse,</strong></span> <span class='ocrx_word' id='word_1_79' title='bbox 1815 1343 1882 1382; x_wconf 91' lang='lat' dir='ltr'><strong>ne</strong></span> <span class='ocrx_word' id='word_1_80' title='bbox 1912 1328 1967 1384; x_wconf 91' lang='lat' dir='ltr'><strong>iu</strong></span> <span class='ocrx_word' id='word_1_81' title='bbox 1996 1329 2072 1382; x_wconf 90' lang='lat' dir='ltr'><strong>vi-</strong></span> 
     </span>
    </p>
   </div>
   <div class='ocr_carea' id='block_1_15' title="bbox 480 1410 2072 1488">
    <p class='ocr_par' dir='ltr' id='par_1_15' title="bbox 480 1410 2072 1488">
     <span class='ocr_line' id='line_1_15' title="bbox 480 1410 2072 1488; baseline 0.005 -22"><span class='ocrx_word' id='word_1_82' title='bbox 480 1410 561 1467; x_wconf 89' lang='lat' dir='ltr'><strong>cis</strong></span> <span class='ocrx_word' id='word_1_83' title='bbox 588 1413 804 1483; x_wconf 89' lang='lat' dir='ltr'><strong>agrisve</strong></span> <span class='ocrx_word' id='word_1_84' title='bbox 827 1416 1296 1472; x_wconf 75' lang='lat' dir='ltr'><strong>constituerentur</strong></span> <span class='ocrx_word' id='word_1_85' title='bbox 1321 1417 1588 1488; x_wconf 87' lang='lat' dir='ltr'><strong>episcopi,</strong></span> <span class='ocrx_word' id='word_1_86' title='bbox 1622 1419 1953 1474; x_wconf 86' lang='lat' dir='ltr'><strong>sententiam</strong></span> <span class='ocrx_word' id='word_1_87' title='bbox 1980 1435 2072 1474; x_wconf 90' lang='lat' dir='ltr'><strong>no-</strong></span> 
     </span>
    </p>
   </div>
   <div class='ocr_carea' id='block_1_16' title="bbox 479 1507 2073 1575">
    <p class='ocr_par' dir='ltr' id='par_1_16' title="bbox 479 1507 2073 1575">
     <span class='ocr_line' id='line_1_16' title="bbox 479 1507 2073 1575; baseline 0.007 -18"><span class='ocrx_word' id='word_1_88' title='bbox 479 1512 648 1559; x_wconf 88' lang='lat' dir='ltr'><strong>stram</strong></span> <span class='ocrx_word' id='word_1_89' title='bbox 680 1507 942 1575; x_wconf 83' lang='lat' dir='ltr'><strong>majorem</strong></span> <span class='ocrx_word' id='word_1_90' title='bbox 973 1507 1028 1563; x_wconf 91' lang='lat' dir='ltr'><strong>in</strong></span> <span class='ocrx_word' id='word_1_91' title='bbox 1052 1509 1274 1564; x_wconf 86' lang='lat' dir='ltr'><strong>modum</strong></span> <span class='ocrx_word' id='word_1_92' title='bbox 1296 1511 1609 1566; x_wconf 80' lang='lat' dir='ltr'><strong>conﬁrmat.</strong></span> <span class='ocrx_word' id='word_1_93' title='bbox 1641 1510 1739 1568; x_wconf 86' lang='lat' dir='ltr'><strong>Est</strong></span> <span class='ocrx_word' id='word_1_94' title='bbox 1761 1510 1907 1567; x_wconf 89' lang='lat' dir='ltr'><strong>enim</strong></span> <span class='ocrx_word' id='word_1_95' title='bbox 1937 1511 2073 1568; x_wconf 86' lang='lat' dir='ltr'><strong>Lao-</strong></span> 
     </span>
    </p>
   </div>
   <div class='ocr_carea' id='block_1_17' title="bbox 478 1594 2070 1675">
    <p class='ocr_par' dir='ltr' id='par_1_17' title="bbox 478 1594 2070 1675">
     <span class='ocr_line' id='line_1_17' title="bbox 478 1594 2070 1675; baseline 0.005 -25"><span class='ocrx_word' id='word_1_96' title='bbox 478 1594 657 1652; x_wconf 89' lang='lat' dir='ltr'><strong>diccni</strong></span> <span class='ocrx_word' id='word_1_97' title='bbox 679 1598 899 1653; x_wconf 88' lang='lat' dir='ltr'><strong>concilii</strong></span> <span class='ocrx_word' id='word_1_98' title='bbox 921 1614 1099 1656; x_wconf 89' lang='lat' dir='ltr'><strong>canon</strong></span> <span class='ocrx_word' id='word_1_99' title='bbox 1121 1600 1225 1657; x_wconf 80' lang='lat'><strong>57:</strong></span> <span class='ocrx_word' id='word_1_100' title='bbox 1254 1602 1379 1657; x_wconf 86' lang='grc' dir='ltr'>Ὅτι</span> <span class='ocrx_word' id='word_1_101' title='bbox 1409 1604 1472 1657; x_wconf 84' lang='grc' dir='ltr'><strong>οὐ</strong></span> <span class='ocrx_word' id='word_1_102' title='bbox 1500 1602 1581 1657; x_wconf 80' lang='grc' dir='ltr'><strong>δεῖ</strong></span> <span class='ocrx_word' id='word_1_103' title='bbox 1600 1605 1661 1657; x_wconf 83' lang='grc' dir='ltr'><strong>ὲν</strong></span> <span class='ocrx_word' id='word_1_104' title='bbox 1685 1605 1805 1667; x_wconf 84' lang='grc' dir='ltr'>ταῖς</span> <span class='ocrx_word' id='word_1_105' title='bbox 1831 1603 2070 1675; x_wconf 82' lang='grc' dir='ltr'><strong>κώμαις.</strong></span> 
     </span>
    </p>
   </div>
   <div class='ocr_carea' id='block_1_18' title="bbox 479 1688 2074 1764">
    <p class='ocr_par' dir='ltr' id='par_1_18' title="bbox 479 1688 2074 1764">
     <span class='ocr_line' id='line_1_18' title="bbox 479 1688 2074 1764; baseline 0.008 -24"><span class='ocrx_word' id='word_1_106' title='bbox 479 1688 575 1741; x_wconf 76' lang='grc' dir='ltr'>καὶ</span> <span class='ocrx_word' id='word_1_107' title='bbox 611 1688 670 1743; x_wconf 75' lang='grc' dir='ltr'><strong>ὲν</strong></span> <span class='ocrx_word' id='word_1_108' title='bbox 714 1693 835 1754; x_wconf 83' lang='grc' dir='ltr'>ταῖς</span> <span class='ocrx_word' id='word_1_109' title='bbox 878 1690 1090 1764; x_wconf 77' lang='grc' dir='ltr'>χώραις</span> <span class='ocrx_word' id='word_1_110' title='bbox 1132 1693 1506 1749; x_wconf 73' lang='grc' dir='ltr'><strong>καθίστασθαι</strong></span> <span class='ocrx_word' id='word_1_111' title='bbox 1546 1697 1906 1762; x_wconf 73' lang='grc' dir='ltr'>ἐπισκόπους,</span> <span class='ocrx_word' id='word_1_112' title='bbox 1936 1696 2074 1752; x_wconf 78' lang='grc' dir='ltr'><strong>ἀλλὰ</strong></span> 
     </span>
    </p>
   </div>
   <div class='ocr_carea' id='block_1_19' title="bbox 479 1772 2075 1865">
    <p class='ocr_par' dir='ltr' id='par_1_19' title="bbox 479 1772 2075 1865">
     <span class='ocr_line' id='line_1_19' title="bbox 479 1772 2075 1865; baseline 0.008 -35"><span class='ocrx_word' id='word_1_113' title='bbox 479 1772 856 1850; x_wconf 74' lang='grc' dir='ltr'>πὲριοδευτάς·</span> <span class='ocrx_word' id='word_1_114' title='bbox 885 1783 1013 1850; x_wconf 79' lang='grc' dir='ltr'>τοὺς</span> <span class='ocrx_word' id='word_1_115' title='bbox 1054 1783 1240 1865; x_wconf 71' lang='grc' dir='ltr'><strong>μέντοι</strong></span> <span class='ocrx_word' id='word_1_116' title='bbox 1289 1786 1846 1857; x_wconf 78' lang='grc' dir='ltr'><strong>προκατασταθέντας</strong></span> <span class='ocrx_word' id='word_1_117' title='bbox 1908 1787 2075 1858; x_wconf 71' lang='grc' dir='ltr'><strong>μηδὲν</strong></span> 
     </span>
    </p>
   </div>
   <div class='ocr_carea' id='block_1_20' title="bbox 2165 588 3737 665">
    <p class='ocr_par' dir='ltr' id='par_1_20' title="bbox 2165 588 3737 665">
     <span class='ocr_line' id='line_1_20' title="bbox 2165 588 3737 665; baseline -0.003 -16"><span class='ocrx_word' id='word_1_118' title='bbox 2165 595 2243 651; x_wconf 90' lang='lat' dir='ltr'><strong>sis</strong></span> <span class='ocrx_word' id='word_1_119' title='bbox 2265 593 2592 665; x_wconf 77' lang='lat' dir='ltr'><strong>proﬂuxisse</strong></span> <span class='ocrx_word' id='word_1_120' title='bbox 2617 592 2833 647; x_wconf 87' lang='lat' dir='ltr'><strong>videtur</strong></span> <span class='ocrx_word' id='word_1_121' title='bbox 2852 633 2868 659; x_wconf 94' lang='lat'><strong>,</strong></span> <span class='ocrx_word' id='word_1_122' title='bbox 2905 592 2974 646; x_wconf 89' lang='lat' dir='ltr'><strong>ob</strong></span> <span class='ocrx_word' id='word_1_123' title='bbox 3003 607 3147 661; x_wconf 85' lang='lat' dir='ltr'><strong>quas</strong></span> <span class='ocrx_word' id='word_1_124' title='bbox 3177 590 3517 645; x_wconf 68' lang='lat' dir='ltr'><strong>Alexandria:</strong></span> <span class='ocrx_word' id='word_1_125' title='bbox 3542 588 3737 644; x_wconf 84' lang='lat' dir='ltr'><strong>Lanra-</strong></span> 
     </span>
    </p>
   </div>
   <div class='ocr_carea' id='block_1_21' title="bbox 2165 680 3738 752">
    <p class='ocr_par' dir='ltr' id='par_1_21' title="bbox 2165 680 3738 752">
     <span class='ocr_line' id='line_1_21' title="bbox 2165 680 3738 752; baseline -0.006 -9"><span class='ocrx_word' id='word_1_126' title='bbox 2165 703 2313 752; x_wconf 89' lang='lat' dir='ltr'><strong>rum,</strong></span> <span class='ocrx_word' id='word_1_127' title='bbox 2342 686 2458 742; x_wconf 86' lang='lat' dir='ltr'><strong>sive</strong></span> <span class='ocrx_word' id='word_1_128' title='bbox 2490 684 2859 740; x_wconf 85' lang='lat' dir='ltr'><strong>Ecclesiarum</strong></span> <span class='ocrx_word' id='word_1_129' title='bbox 2885 683 3181 738; x_wconf 70' lang='lat' dir='ltr'><strong>divisiones</strong></span> <span class='ocrx_word' id='word_1_130' title='bbox 3210 682 3486 737; x_wconf 85' lang='lat' dir='ltr'><strong>institutas</strong></span> <span class='ocrx_word' id='word_1_131' title='bbox 3512 680 3738 751; x_wconf 83' lang='lat' dir='ltr'><strong>Epipha-</strong></span> 
     </span>
    </p>
   </div>
   <div class='ocr_carea' id='block_1_22' title="bbox 2168 771 3735 845">
    <p class='ocr_par' dir='ltr' id='par_1_22' title="bbox 2168 771 3735 845">
     <span class='ocr_line' id='line_1_22' title="bbox 2168 771 3735 845; baseline -0.004 -13"><span class='ocrx_word' id='word_1_132' title='bbox 2168 778 2293 833; x_wconf 86' lang='lat' dir='ltr'><strong>nius</strong></span> <span class='ocrx_word' id='word_1_133' title='bbox 2327 776 2539 844; x_wconf 85' lang='lat' dir='ltr'><strong>scribit,</strong></span> <span class='ocrx_word' id='word_1_134' title='bbox 2602 776 2898 845; x_wconf 83' lang='lat' dir='ltr'><strong>itidemque</strong></span> <span class='ocrx_word' id='word_1_135' title='bbox 2938 773 3128 828; x_wconf 73' lang='lat' dir='ltr'><strong>Romae</strong></span> <span class='ocrx_word' id='word_1_136' title='bbox 3165 773 3470 828; x_wconf 84' lang='lat' dir='ltr'><strong>Christiana</strong></span> <span class='ocrx_word' id='word_1_137' title='bbox 3504 771 3653 842; x_wconf 82' lang='lat' dir='ltr'><strong>plebs</strong></span> <span class='ocrx_word' id='word_1_138' title='bbox 3686 772 3735 825; x_wconf 87' lang='lat' dir='ltr'><strong>in</strong></span> 
     </span>
    </p>
   </div>
   <div class='ocr_carea' id='block_1_23' title="bbox 2168 864 3738 934">
    <p class='ocr_par' dir='ltr' id='par_1_23' title="bbox 2168 864 3738 934">
     <span class='ocr_line' id='line_1_23' title="bbox 2168 864 3738 934; baseline -0.004 -9"><span class='ocrx_word' id='word_1_139' title='bbox 2168 871 2358 926; x_wconf 84' lang='lat' dir='ltr'><strong>titulos</strong></span> <span class='ocrx_word' id='word_1_140' title='bbox 2394 869 2691 926; x_wconf 82' lang='lat' dir='ltr'><strong>distributa</strong></span> <span class='ocrx_word' id='word_1_141' title='bbox 2736 867 2861 923; x_wconf 77' lang='lat' dir='ltr'><strong>fuit.</strong></span> <span class='ocrx_word' id='word_1_142' title='bbox 2906 866 3045 923; x_wconf 86' lang='lat' dir='ltr'><strong>Cum</strong></span> <span class='ocrx_word' id='word_1_143' title='bbox 3090 866 3237 920; x_wconf 86' lang='lat' dir='ltr'><strong>enim</strong></span> <span class='ocrx_word' id='word_1_144' title='bbox 3268 864 3509 934; x_wconf 81' lang='lat' dir='ltr'><strong>cpiscOpi</strong></span> <span class='ocrx_word' id='word_1_145' title='bbox 3540 864 3738 919; x_wconf 85' lang='lat' dir='ltr'><strong>urbana</strong></span> 
     </span>
    </p>
   </div>
   <div class='ocr_carea' id='block_1_24' title="bbox 2168 957 3740 1034">
    <p class='ocr_par' dir='ltr' id='par_1_24' title="bbox 2168 957 3740 1034">
     <span class='ocr_line' id='line_1_24' title="bbox 2168 957 3740 1034; baseline -0.007 -14"><span class='ocrx_word' id='word_1_146' title='bbox 2168 963 2325 1032; x_wconf 84' lang='lat' dir='ltr'><strong>plebe</strong></span> <span class='ocrx_word' id='word_1_147' title='bbox 2358 963 2594 1033; x_wconf 81' lang='lat' dir='ltr'><strong>regenda</strong></span> <span class='ocrx_word' id='word_1_148' title='bbox 2625 963 3010 1034; x_wconf 85' lang='lat' dir='ltr'><strong>pascendaque</strong></span> <span class='ocrx_word' id='word_1_149' title='bbox 3049 959 3304 1025; x_wconf 85' lang='lat' dir='ltr'><strong>districti,</strong></span> <span class='ocrx_word' id='word_1_150' title='bbox 3354 957 3407 1012; x_wconf 90' lang='lat' dir='ltr'><strong>in</strong></span> <span class='ocrx_word' id='word_1_151' title='bbox 3449 971 3614 1025; x_wconf 82' lang='lat' dir='ltr'><strong>agros</strong></span> <span class='ocrx_word' id='word_1_152' title='bbox 3652 971 3740 1009; x_wconf 78' lang='lat' dir='ltr'><strong>cx-</strong></span> 
     </span>
    </p>
   </div>
   <div class='ocr_carea' id='block_1_25' title="bbox 2169 1053 3740 1126">
    <p class='ocr_par' dir='ltr' id='par_1_25' title="bbox 2169 1053 3740 1126">
     <span class='ocr_line' id='line_1_25' title="bbox 2169 1053 3740 1126; baseline -0.006 -13"><span class='ocrx_word' id='word_1_153' title='bbox 2169 1070 2410 1122; x_wconf 85' lang='lat' dir='ltr'><strong>currere,</strong></span> <span class='ocrx_word' id='word_1_154' title='bbox 2443 1064 2609 1126; x_wconf 86' lang='lat' dir='ltr'><strong>atque</strong></span> <span class='ocrx_word' id='word_1_155' title='bbox 2635 1053 3007 1111; x_wconf 87' lang='lat' dir='ltr'><strong>ecclesiastica</strong></span> <span class='ocrx_word' id='word_1_156' title='bbox 3040 1066 3268 1108; x_wconf 71' lang='lat' dir='ltr'><strong>nitunera</strong></span> <span class='ocrx_word' id='word_1_157' title='bbox 3320 1060 3375 1105; x_wconf 88' lang='lat' dir='ltr'><strong>et</strong></span> <span class='ocrx_word' id='word_1_158' title='bbox 3407 1059 3740 1105; x_wconf 81' lang='lat' dir='ltr'><strong>sacramenta</strong></span> 
     </span>
    </p>
   </div>
   <div class='ocr_carea' id='block_1_26' title="bbox 2172 1143 3741 1217">
    <p class='ocr_par' dir='ltr' id='par_1_26' title="bbox 2172 1143 3741 1217">
     <span class='ocr_line' id='line_1_26' title="bbox 2172 1143 3741 1217; baseline -0.006 -12"><span class='ocrx_word' id='word_1_159' title='bbox 2172 1149 2470 1205; x_wconf 86' lang='lat' dir='ltr'><strong>rusticanis</strong></span> <span class='ocrx_word' id='word_1_160' title='bbox 2524 1148 2845 1204; x_wconf 82' lang='lat' dir='ltr'><strong>hominibus</strong></span> <span class='ocrx_word' id='word_1_161' title='bbox 2899 1145 3213 1217; x_wconf 87' lang='lat' dir='ltr'><strong>impendere</strong></span> <span class='ocrx_word' id='word_1_162' title='bbox 3269 1143 3453 1199; x_wconf 88' lang='lat' dir='ltr'><strong>minus</strong></span> <span class='ocrx_word' id='word_1_163' title='bbox 3507 1151 3741 1213; x_wconf 81' lang='lat' dir='ltr'><strong>possent,</strong></span> 
     </span>
    </p>
   </div>
   <div class='ocr_carea' id='block_1_27' title="bbox 2174 1235 3745 1309">
    <p class='ocr_par' dir='ltr' id='par_1_27' title="bbox 2174 1235 3745 1309">
     <span class='ocr_line' id='line_1_27' title="bbox 2174 1235 3745 1309; baseline -0.004 -14"><span class='ocrx_word' id='word_1_164' title='bbox 2174 1240 2411 1296; x_wconf 80' lang='lat' dir='ltr'><strong>vicarius</strong></span> <span class='ocrx_word' id='word_1_165' title='bbox 2457 1240 2650 1295; x_wconf 73' lang='lat' dir='ltr'><strong>eodem</strong></span> <span class='ocrx_word' id='word_1_166' title='bbox 2702 1239 3125 1309; x_wconf 74' lang='lat' dir='ltr'><strong>cborcpiscopos</strong></span> <span class='ocrx_word' id='word_1_167' title='bbox 3158 1235 3497 1306; x_wconf 84' lang='lat' dir='ltr'><strong>allegabant;</strong></span> <span class='ocrx_word' id='word_1_168' title='bbox 3531 1235 3586 1287; x_wconf 90' lang='lat' dir='ltr'><strong>in</strong></span> <span class='ocrx_word' id='word_1_169' title='bbox 3615 1248 3745 1303; x_wconf 87' lang='lat' dir='ltr'><strong>quos</strong></span> 
     </span>
    </p>
   </div>
   <div class='ocr_carea' id='block_1_28' title="bbox 2173 1326 3745 1404">
    <p class='ocr_par' dir='ltr' id='par_1_28' title="bbox 2173 1326 3745 1404">
     <span class='ocr_line' id='line_1_28' title="bbox 2173 1326 3745 1404; baseline -0.008 -15"><span class='ocrx_word' id='word_1_170' title='bbox 2173 1348 2429 1404; x_wconf 86' lang='lat' dir='ltr'><strong>magnam</strong></span> <span class='ocrx_word' id='word_1_171' title='bbox 2467 1334 2609 1404; x_wconf 85' lang='lat' dir='ltr'><strong>juris</strong></span> <span class='ocrx_word' id='word_1_172' title='bbox 2658 1333 3055 1403; x_wconf 87' lang='lat' dir='ltr'><strong>potestatisque</strong></span> <span class='ocrx_word' id='word_1_173' title='bbox 3089 1345 3202 1386; x_wconf 72' lang='lat' dir='ltr'><strong>sua:</strong></span> <span class='ocrx_word' id='word_1_174' title='bbox 3236 1336 3443 1399; x_wconf 87' lang='lat' dir='ltr'><strong>partem</strong></span> <span class='ocrx_word' id='word_1_175' title='bbox 3488 1326 3745 1382; x_wconf 80' lang='lat' dir='ltr'><strong>transter-</strong></span> 
     </span>
    </p>
   </div>
   <div class='ocr_carea' id='block_1_29' title="bbox 2174 1418 3746 1493">
    <p class='ocr_par' dir='ltr' id='par_1_29' title="bbox 2174 1418 3746 1493">
     <span class='ocr_line' id='line_1_29' title="bbox 2174 1418 3746 1493; baseline -0.004 -14"><span class='ocrx_word' id='word_1_176' title='bbox 2174 1434 2316 1489; x_wconf 86' lang='lat' dir='ltr'><strong>rent,</strong></span> <span class='ocrx_word' id='word_1_177' title='bbox 2355 1426 2640 1482; x_wconf 77' lang='lat' dir='ltr'><strong>uounutlis</strong></span> <span class='ocrx_word' id='word_1_178' title='bbox 2667 1425 2878 1481; x_wconf 88' lang='lat' dir='ltr'><strong>scilicet</strong></span> <span class='ocrx_word' id='word_1_179' title='bbox 2908 1422 3171 1493; x_wconf 71' lang='lat' dir='ltr'><strong>exceptis.</strong></span> <span class='ocrx_word' id='word_1_180' title='bbox 3208 1436 3275 1475; x_wconf 90' lang='lat' dir='ltr'><strong>ac</strong></span> <span class='ocrx_word' id='word_1_181' title='bbox 3304 1419 3407 1476; x_wconf 90' lang='lat' dir='ltr'><strong>sibi</strong></span> <span class='ocrx_word' id='word_1_182' title='bbox 3442 1418 3746 1486; x_wconf 80' lang='lat' dir='ltr'><strong>reservatis,</strong></span> 
     </span>
    </p>
   </div>
   <div class='ocr_carea' id='block_1_30' title="bbox 2174 1511 3749 1585">
    <p class='ocr_par' dir='ltr' id='par_1_30' title="bbox 2174 1511 3749 1585">
     <span class='ocr_line' id='line_1_30' title="bbox 2174 1511 3749 1585; baseline -0.003 -15"><span class='ocrx_word' id='word_1_183' title='bbox 2174 1532 2411 1585; x_wconf 87' lang='lat' dir='ltr'><strong>quorum</strong></span> <span class='ocrx_word' id='word_1_184' title='bbox 2455 1532 2586 1572; x_wconf 87' lang='lat' dir='ltr'><strong>usus</strong></span> <span class='ocrx_word' id='word_1_185' title='bbox 2639 1532 2706 1572; x_wconf 89' lang='lat' dir='ltr'><strong>ac</strong></span> <span class='ocrx_word' id='word_1_186' title='bbox 2748 1516 2958 1571; x_wconf 74' lang='lat' dir='ltr'><strong>iunctio</strong></span> <span class='ocrx_word' id='word_1_187' title='bbox 3002 1515 3184 1570; x_wconf 88' lang='lat' dir='ltr'><strong>minus</strong></span> <span class='ocrx_word' id='word_1_188' title='bbox 3227 1521 3470 1584; x_wconf 84' lang='lat' dir='ltr'><strong>urgeret;</strong></span> <span class='ocrx_word' id='word_1_189' title='bbox 3520 1526 3644 1581; x_wconf 64' lang='lat' dir='ltr'><strong>qua:</strong></span> <span class='ocrx_word' id='word_1_190' title='bbox 3685 1511 3749 1565; x_wconf 85' lang='lat' dir='ltr'><strong>ab</strong></span> 
     </span>
    </p>
   </div>
   <div class='ocr_carea' id='block_1_31' title="bbox 2161 1593 3747 1669">
    <p class='ocr_par' dir='ltr' id='par_1_31' title="bbox 2161 1593 3747 1669">
     <span class='ocr_line' id='line_1_31' title="bbox 2161 1593 3747 1669; baseline -0.004 -8"><span class='ocrx_word' id='word_1_191' title='bbox 2161 1593 2357 1662; x_wconf 70' lang='lat' dir='ltr'><strong>&#39;Leone</strong></span> <span class='ocrx_word' id='word_1_192' title='bbox 2407 1617 2463 1663; x_wconf 91' lang='lat' dir='ltr'><strong>et</strong></span> <span class='ocrx_word' id='word_1_193' title='bbox 2527 1608 2620 1662; x_wconf 90' lang='lat' dir='ltr'><strong>illo</strong></span> <span class='ocrx_word' id='word_1_194' title='bbox 2679 1607 2916 1662; x_wconf 84' lang='lat' dir='ltr'><strong>Damaso</strong></span> <span class='ocrx_word' id='word_1_195' title='bbox 2961 1612 3484 1662; x_wconf 85' lang='lat' dir='ltr'><strong>commemorantur.</strong></span> <span class='ocrx_word' id='word_1_196' title='bbox 3551 1601 3747 1669; x_wconf 82' lang='lat' dir='ltr'><strong>Quam-</strong></span> 
     </span>
    </p>
   </div>
   <div class='ocr_carea' id='block_1_32' title="bbox 2176 1696 3749 1768">
    <p class='ocr_par' dir='ltr' id='par_1_32' title="bbox 2176 1696 3749 1768">
     <span class='ocr_line' id='line_1_32' title="bbox 2176 1696 3749 1768; baseline -0.004 -14"><span class='ocrx_word' id='word_1_197' title='bbox 2176 1698 2366 1754; x_wconf 87' lang='lat' dir='ltr'><strong>obrem</strong></span> <span class='ocrx_word' id='word_1_198' title='bbox 2423 1699 2812 1768; x_wconf 85' lang='lat' dir='ltr'><strong>antiquissima</strong></span> <span class='ocrx_word' id='word_1_199' title='bbox 2856 1714 2983 1755; x_wconf 87' lang='lat' dir='ltr'><strong>esse</strong></span> <span class='ocrx_word' id='word_1_200' title='bbox 3027 1698 3190 1753; x_wconf 85' lang='lat' dir='ltr'><strong>debet</strong></span> <span class='ocrx_word' id='word_1_201' title='bbox 3238 1696 3749 1767; x_wconf 87' lang='lat' dir='ltr'><strong>cborepiscoporum</strong></span> 
     </span>
    </p>
   </div>
   <div class='ocr_carea' id='block_1_33' title="bbox 2178 1785 3752 1860">
    <p class='ocr_par' dir='ltr' id='par_1_33' title="bbox 2178 1785 3752 1860">
     <span class='ocr_line' id='line_1_33' title="bbox 2178 1785 3752 1860; baseline -0.001 -18"><span class='ocrx_word' id='word_1_202' title='bbox 2178 1787 2480 1852; x_wconf 88' lang='lat' dir='ltr'><strong>institutio,</strong></span> <span class='ocrx_word' id='word_1_203' title='bbox 2515 1790 2768 1860; x_wconf 87' lang='lat' dir='ltr'><strong>adeoque</strong></span> <span class='ocrx_word' id='word_1_204' title='bbox 2800 1791 2973 1844; x_wconf 87' lang='lat' dir='ltr'><strong>altera</strong></span> <span class='ocrx_word' id='word_1_205' title='bbox 3002 1787 3095 1843; x_wconf 88' lang='lat' dir='ltr'><strong>illa</strong></span> <span class='ocrx_word' id='word_1_206' title='bbox 3127 1786 3414 1842; x_wconf 84' lang='lat' dir='ltr'><strong>titulorum</strong></span> <span class='ocrx_word' id='word_1_207' title='bbox 3451 1787 3506 1840; x_wconf 90' lang='lat' dir='ltr'><strong>in</strong></span> <span class='ocrx_word' id='word_1_208' title='bbox 3538 1785 3752 1841; x_wconf 79' lang='lat' dir='ltr'><strong>urbibus</strong></span> 
     </span>
    </p>
   </div>
   <div class='ocr_carea' id='block_1_34' title="bbox 478 1871 2080 1951">
    <p class='ocr_par' dir='ltr' id='par_1_34' title="bbox 478 1871 2075 1951">
     <span class='ocr_line' id='line_1_34' title="bbox 478 1871 2075 1951; baseline 0.007 -29"><span class='ocrx_word' id='word_1_209' title='bbox 478 1871 745 1948; x_wconf 81' lang='grc' dir='ltr'>πράττειν</span> <span class='ocrx_word' id='word_1_210' title='bbox 776 1874 906 1929; x_wconf 82' lang='grc' dir='ltr'>ἄνευ</span> <span class='ocrx_word' id='word_1_211' title='bbox 951 1875 1181 1949; x_wconf 76' lang='grc' dir='ltr'><strong>γνώμης</strong></span> <span class='ocrx_word' id='word_1_212' title='bbox 1220 1876 1319 1932; x_wconf 80' lang='grc' dir='ltr'><strong>τοῦ</strong></span> <span class='ocrx_word' id='word_1_213' title='bbox 1362 1880 1422 1933; x_wconf 81' lang='grc' dir='ltr'><strong>ὲν</strong></span> <span class='ocrx_word' id='word_1_214' title='bbox 1453 1881 1516 1951; x_wconf 77' lang='grc' dir='ltr'><strong>τῇ</strong></span> <span class='ocrx_word' id='word_1_215' title='bbox 1547 1879 1724 1934; x_wconf 73' lang='grc' dir='ltr'>πόλει.</span> <span class='ocrx_word' id='word_1_216' title='bbox 1768 1878 1924 1946; x_wconf 79' lang='lat' dir='ltr'><strong>Quod</strong></span> <span class='ocrx_word' id='word_1_217' title='bbox 1971 1896 2075 1935; x_wconf 80' lang='lat' dir='ltr'><strong>non</strong></span> 
     </span>
    </p>
   </div>
   <div class='ocr_carea' id='block_1_35' title="bbox 2183 1871 3755 1951">
    <p class='ocr_par' dir='ltr' id='par_1_35' title="bbox 2183 1876 3755 1951">
     <span class='ocr_line' id='line_1_35' title="bbox 2183 1876 3755 1951; baseline -0.004 -15"><span class='ocrx_word' id='word_1_218' title='bbox 2183 1878 2452 1936; x_wconf 77' lang='lat' dir='ltr'><strong>divisione</strong></span> <span class='ocrx_word' id='word_1_219' title='bbox 2478 1882 2762 1936; x_wconf 78' lang='lat' dir='ltr'><strong>vetustior.</strong></span> <span class='ocrx_word' id='word_1_220' title='bbox 2804 1881 3085 1951; x_wconf 80' lang='lat' dir='ltr'><strong>Siquidem</strong></span> <span class='ocrx_word' id='word_1_221' title='bbox 3131 1879 3285 1933; x_wconf 88' lang='lat' dir='ltr'><strong>initio</strong></span> <span class='ocrx_word' id='word_1_222' title='bbox 3313 1893 3457 1933; x_wconf 87' lang='lat' dir='ltr'><strong>unus</strong></span> <span class='ocrx_word' id='word_1_223' title='bbox 3479 1876 3755 1947; x_wconf 84' lang='lat' dir='ltr'><strong>oppidanis</strong></span> 
     </span>
    </p>
   </div>
   <div class='ocr_carea' id='block_1_36' title="bbox 479 1967 2070 2043">
    <p class='ocr_par' dir='ltr' id='par_1_36' title="bbox 479 1967 2070 2043">
     <span class='ocr_line' id='line_1_36' title="bbox 479 1967 2070 2043; baseline 0.006 -24"><span class='ocrx_word' id='word_1_224' title='bbox 479 1974 717 2034; x_wconf 80' lang='lat' dir='ltr'><strong>oporteat</strong></span> <span class='ocrx_word' id='word_1_225' title='bbox 745 1967 803 2022; x_wconf 88' lang='lat' dir='ltr'><strong>in</strong></span> <span class='ocrx_word' id='word_1_226' title='bbox 836 1968 1061 2035; x_wconf 76' lang='lat' dir='ltr'><strong>riualis,</strong></span> <span class='ocrx_word' id='word_1_227' title='bbox 1088 1978 1146 2033; x_wconf 82' lang='lat' dir='ltr'><strong>et</strong></span> <span class='ocrx_word' id='word_1_228' title='bbox 1188 1970 1245 2024; x_wconf 82' lang='lat' dir='ltr'><strong>in</strong></span> <span class='ocrx_word' id='word_1_229' title='bbox 1289 1972 1434 2042; x_wconf 70' lang='lat' dir='ltr'><strong>agris</strong></span> <span class='ocrx_word' id='word_1_230' title='bbox 1477 1973 1747 2043; x_wconf 74' lang='lat' dir='ltr'><strong>episcopos</strong></span> <span class='ocrx_word' id='word_1_231' title='bbox 1793 1974 2070 2041; x_wconf 72' lang='lat' dir='ltr'><strong>constitui,</strong></span> 
     </span>
    </p>
   </div>
   <div class='ocr_carea' id='block_1_37' title="bbox 479 2058 2073 2135">
    <p class='ocr_par' dir='ltr' id='par_1_37' title="bbox 479 2058 2073 2135">
     <span class='ocr_line' id='line_1_37' title="bbox 479 2058 2073 2135; baseline 0.006 -22"><span class='ocrx_word' id='word_1_232' title='bbox 479 2058 572 2113; x_wconf 73' lang='lat' dir='ltr'><strong>sed</strong></span> <span class='ocrx_word' id='word_1_233' title='bbox 613 2058 939 2117; x_wconf 76' lang='lat' dir='ltr'><strong>uisitatores.</strong></span> <span class='ocrx_word' id='word_1_234' title='bbox 996 2060 1371 2118; x_wconf 71' lang='lat' dir='ltr'><strong>Verumtamen</strong></span> <span class='ocrx_word' id='word_1_235' title='bbox 1416 2064 1743 2135; x_wconf 80' lang='lat' dir='ltr'><strong>jampridem</strong></span> <span class='ocrx_word' id='word_1_236' title='bbox 1793 2068 2073 2122; x_wconf 77' lang='lat' dir='ltr'><strong>constituti</strong></span> 
     </span>
    </p>
   </div>
   <div class='ocr_carea' id='block_1_38' title="bbox 483 2149 2071 2237">
    <p class='ocr_par' dir='ltr' id='par_1_38' title="bbox 483 2149 2071 2237">
     <span class='ocr_line' id='line_1_38' title="bbox 483 2149 2071 2237; baseline 0.005 -34"><span class='ocrx_word' id='word_1_237' title='bbox 483 2149 617 2204; x_wconf 79' lang='lat' dir='ltr'><strong>nihil</strong></span> <span class='ocrx_word' id='word_1_238' title='bbox 650 2151 856 2221; x_wconf 82' lang='lat' dir='ltr'><strong>faciant</strong></span> <span class='ocrx_word' id='word_1_239' title='bbox 900 2162 1094 2222; x_wconf 64' lang='lat' dir='ltr'><strong>praeter</strong></span> <span class='ocrx_word' id='word_1_240' title='bbox 1133 2155 1513 2211; x_wconf 78' lang='lat' dir='ltr'><strong>conscientiam</strong></span> <span class='ocrx_word' id='word_1_241' title='bbox 1550 2156 1779 2227; x_wconf 82' lang='lat' dir='ltr'><strong>episcopi</strong></span> <span class='ocrx_word' id='word_1_242' title='bbox 1817 2158 2071 2237; x_wconf 67' lang='lat' dir='ltr'><strong>ciuitatis.</strong></span> 
     </span>
    </p>
   </div>
   <div class='ocr_carea' id='block_1_39' title="bbox 480 2243 2077 2319">
    <p class='ocr_par' dir='ltr' id='par_1_39' title="bbox 480 2243 2077 2319">
     <span class='ocr_line' id='line_1_39' title="bbox 480 2243 2077 2319; baseline 0.004 -22"><span class='ocrx_word' id='word_1_243' title='bbox 480 2243 560 2299; x_wconf 86' lang='lat' dir='ltr'><strong>De</strong></span> <span class='ocrx_word' id='word_1_244' title='bbox 583 2244 999 2317; x_wconf 76' lang='lat' dir='ltr'><strong>clior-episcopis</strong></span> <span class='ocrx_word' id='word_1_245' title='bbox 1031 2248 1387 2317; x_wconf 60' lang='lat' dir='ltr'><strong>praescribere</strong></span> <span class='ocrx_word' id='word_1_246' title='bbox 1414 2248 1653 2315; x_wconf 87' lang='lat' dir='ltr'><strong>videtur,</strong></span> <span class='ocrx_word' id='word_1_247' title='bbox 1686 2263 1829 2318; x_wconf 86' lang='lat' dir='ltr'><strong>quos</strong></span> <span class='ocrx_word' id='word_1_248' title='bbox 1861 2248 2077 2319; x_wconf 83' lang='lat' dir='ltr'><strong>cpisco-</strong></span> 
     </span>
    </p>
   </div>
   <div class='ocr_carea' id='block_1_40' title="bbox 481 2336 2077 2412">
    <p class='ocr_par' dir='ltr' id='par_1_40' title="bbox 481 2336 2077 2412">
     <span class='ocr_line' id='line_1_40' title="bbox 481 2336 2077 2412; baseline 0.004 -23"><span class='ocrx_word' id='word_1_249' title='bbox 481 2350 582 2404; x_wconf 93' lang='lat' dir='ltr'><strong>pos</strong></span> <span class='ocrx_word' id='word_1_250' title='bbox 617 2336 888 2408; x_wconf 83' lang='lat' dir='ltr'><strong>agnoscit,</strong></span> <span class='ocrx_word' id='word_1_251' title='bbox 923 2337 1021 2394; x_wconf 87' lang='lat' dir='ltr'><strong>sed</strong></span> <span class='ocrx_word' id='word_1_252' title='bbox 1053 2338 1311 2410; x_wconf 86' lang='lat' dir='ltr'><strong>usurpari</strong></span> <span class='ocrx_word' id='word_1_253' title='bbox 1341 2339 1395 2394; x_wconf 88' lang='lat' dir='ltr'><strong>id</strong></span> <span class='ocrx_word' id='word_1_254' title='bbox 1430 2340 1667 2411; x_wconf 85' lang='lat' dir='ltr'><strong>amplius</strong></span> <span class='ocrx_word' id='word_1_255' title='bbox 1695 2348 1861 2408; x_wconf 89' lang='lat' dir='ltr'><strong>vetat,</strong></span> <span class='ocrx_word' id='word_1_256' title='bbox 1898 2354 2077 2412; x_wconf 89' lang='lat' dir='ltr'><strong>neque</strong></span> 
     </span>
    </p>
   </div>
   <div class='ocr_carea' id='block_1_41' title="bbox 480 2427 2073 2504">
    <p class='ocr_par' dir='ltr' id='par_1_41' title="bbox 480 2427 2073 2504">
     <span class='ocr_line' id='line_1_41' title="bbox 480 2427 2073 2504; baseline 0.006 -23"><span class='ocrx_word' id='word_1_257' title='bbox 480 2427 741 2499; x_wconf 88' lang='lat' dir='ltr'><strong>deinceps</strong></span> <span class='ocrx_word' id='word_1_258' title='bbox 771 2428 841 2487; x_wconf 88' lang='lat' dir='ltr'><strong>iis</strong></span> <span class='ocrx_word' id='word_1_259' title='bbox 873 2430 931 2486; x_wconf 90' lang='lat' dir='ltr'><strong>in</strong></span> <span class='ocrx_word' id='word_1_260' title='bbox 972 2429 1111 2488; x_wconf 90' lang='lat' dir='ltr'><strong>locis</strong></span> <span class='ocrx_word' id='word_1_261' title='bbox 1137 2431 1430 2502; x_wconf 85' lang='lat' dir='ltr'><strong>episcopos</strong></span> <span class='ocrx_word' id='word_1_262' title='bbox 1467 2432 1617 2504; x_wconf 81' lang='lat' dir='ltr'><strong>eligi.</strong></span> <span class='ocrx_word' id='word_1_263' title='bbox 1651 2431 1829 2500; x_wconf 85' lang='lat' dir='ltr'><strong>Quam</strong></span> <span class='ocrx_word' id='word_1_264' title='bbox 1851 2433 2073 2504; x_wconf 87' lang='lat' dir='ltr'><strong>quidem</strong></span> 
     </span>
    </p>
   </div>
   <div class='ocr_carea' id='block_1_42' title="bbox 482 2521 2076 2594">
    <p class='ocr_par' dir='ltr' id='par_1_42' title="bbox 482 2521 2076 2594">
     <span class='ocr_line' id='line_1_42' title="bbox 482 2521 2076 2594; baseline 0.004 -19"><span class='ocrx_word' id='word_1_265' title='bbox 482 2521 822 2576; x_wconf 78' lang='lat' dir='ltr'><strong>sanctionem</strong></span> <span class='ocrx_word' id='word_1_266' title='bbox 872 2537 1220 2594; x_wconf 87' lang='lat' dir='ltr'><strong>nequaquam</strong></span> <span class='ocrx_word' id='word_1_267' title='bbox 1258 2524 1608 2581; x_wconf 82' lang='lat' dir='ltr'><strong>observatam</strong></span> <span class='ocrx_word' id='word_1_268' title='bbox 1635 2524 1811 2582; x_wconf 80' lang='lat' dir='ltr'><strong>fuisse</strong></span> <span class='ocrx_word' id='word_1_269' title='bbox 1845 2524 1981 2581; x_wconf 80' lang='lat' dir='ltr'><strong>satis</strong></span> <span class='ocrx_word' id='word_1_270' title='bbox 2009 2540 2076 2581; x_wconf 88' lang='lat' dir='ltr'><strong>ea</strong></span> 
     </span>
    </p>
   </div>
   <div class='ocr_carea' id='block_1_43' title="bbox 481 2610 2079 2685">
    <p class='ocr_par' dir='ltr' id='par_1_43' title="bbox 481 2610 2079 2685">
     <span class='ocr_line' id='line_1_43' title="bbox 481 2610 2079 2685; baseline 0.004 -19"><span class='ocrx_word' id='word_1_271' title='bbox 481 2610 886 2682; x_wconf 75' lang='lat' dir='ltr'><strong>demonstrant,</strong></span> <span class='ocrx_word' id='word_1_272' title='bbox 922 2631 1044 2685; x_wconf 80' lang='lat' dir='ltr'><strong>qua:</strong></span> <span class='ocrx_word' id='word_1_273' title='bbox 1077 2632 1145 2672; x_wconf 76' lang='lat' dir='ltr'><strong>ex</strong></span> <span class='ocrx_word' id='word_1_274' title='bbox 1176 2617 1524 2673; x_wconf 80' lang='lat' dir='ltr'><strong>Antiocheno</strong></span> <span class='ocrx_word' id='word_1_275' title='bbox 1577 2617 1815 2674; x_wconf 65' lang='lat' dir='ltr'><strong>cont-ilio</strong></span> <span class='ocrx_word' id='word_1_276' title='bbox 1859 2625 1915 2673; x_wconf 85' lang='lat' dir='ltr'><strong>ct</strong></span> <span class='ocrx_word' id='word_1_277' title='bbox 1941 2616 2079 2673; x_wconf 74' lang='lat' dir='ltr'><strong>al?o-</strong></span> 
     </span>
    </p>
   </div>
   <div class='ocr_carea' id='block_1_44' title="bbox 483 2704 1475 2772">
    <p class='ocr_par' dir='ltr' id='par_1_44' title="bbox 483 2704 1475 2772">
     <span class='ocr_line' id='line_1_44' title="bbox 483 2704 1475 2772; baseline 0.004 -12"><span class='ocrx_word' id='word_1_278' title='bbox 483 2719 607 2761; x_wconf 91' lang='lat' dir='ltr'><strong>rum</strong></span> <span class='ocrx_word' id='word_1_279' title='bbox 646 2704 873 2762; x_wconf 80' lang='lat' dir='ltr'><strong>Patrum</strong></span> <span class='ocrx_word' id='word_1_280' title='bbox 902 2708 1140 2772; x_wconf 73' lang='lat' dir='ltr'><strong>decretis</strong></span> <span class='ocrx_word' id='word_1_281' title='bbox 1167 2710 1475 2767; x_wconf 80' lang='lat' dir='ltr'><strong>attulimus.</strong></span> 
     </span>
    </p>
   </div>
   <div class='ocr_carea' id='block_1_45' title="bbox 552 2796 2075 2875">
    <p class='ocr_par' dir='ltr' id='par_1_45' title="bbox 552 2796 2075 2875">
     <span class='ocr_line' id='line_1_45' title="bbox 552 2796 2075 2875; baseline 0.003 -24"><span class='ocrx_word' id='word_1_282' title='bbox 552 2796 636 2853; x_wconf 72' lang='lat' dir='ltr'><strong>Ad</strong></span> <span class='ocrx_word' id='word_1_283' title='bbox 667 2813 944 2854; x_wconf 82' lang='lat' dir='ltr'><strong>summam</strong></span> <span class='ocrx_word' id='word_1_284' title='bbox 994 2802 1377 2873; x_wconf 66' lang='lat' dir='ltr'><strong>clior-episcopi</strong></span> <span class='ocrx_word' id='word_1_285' title='bbox 1404 2802 1505 2875; x_wconf 85' lang='grc' dir='ltr'><strong>τῆς</strong></span> <span class='ocrx_word' id='word_1_286' title='bbox 1542 2801 1751 2874; x_wconf 78' lang='grc' dir='ltr'><strong>χώρας,</strong></span> <span class='ocrx_word' id='word_1_287' title='bbox 1781 2815 1905 2873; x_wconf 62' lang='lat' dir='ltr'><strong>quae</strong></span> <span class='ocrx_word' id='word_1_288' title='bbox 1942 2801 2075 2858; x_wconf 89' lang='lat' dir='ltr'><strong>olim</strong></span> 
     </span>
    </p>
   </div>
   <div class='ocr_carea' id='block_1_46' title="bbox 482 2887 2080 2965">
    <p class='ocr_par' dir='ltr' id='par_1_46' title="bbox 482 2887 2080 2965">
     <span class='ocr_line' id='line_1_46' title="bbox 482 2887 2080 2965; baseline 0.006 -24"><span class='ocrx_word' id='word_1_289' title='bbox 482 2887 703 2957; x_wconf 66' lang='lat' dir='ltr'><strong>proprie</strong></span> <span class='ocrx_word' id='word_1_290' title='bbox 747 2892 1014 2962; x_wconf 74' lang='lat' dir='ltr'><strong>mpoutia</strong></span> <span class='ocrx_word' id='word_1_291' title='bbox 1041 2893 1348 2960; x_wconf 85' lang='lat' dir='ltr'><strong>dicebatur,</strong></span> <span class='ocrx_word' id='word_1_292' title='bbox 1389 2894 1657 2965; x_wconf 81' lang='lat' dir='ltr'><strong>cpiscOpi,</strong></span> <span class='ocrx_word' id='word_1_293' title='bbox 1690 2909 1757 2950; x_wconf 90' lang='lat' dir='ltr'><strong>ac</strong></span> <span class='ocrx_word' id='word_1_294' title='bbox 1785 2894 2080 2951; x_wconf 85' lang='lat' dir='ltr'><strong>rusticanis</strong></span> 
     </span>
    </p>
   </div>
   <div class='ocr_carea' id='block_1_47' title="bbox 484 2977 2081 3068">
    <p class='ocr_par' dir='ltr' id='par_1_47' title="bbox 484 2977 2081 3068">
     <span class='ocr_line' id='line_1_47' title="bbox 484 2977 2081 3068; baseline 0.006 -36"><span class='ocrx_word' id='word_1_295' title='bbox 484 2977 750 3036; x_wconf 53' lang='lat' dir='ltr'><strong>Feclesiis</strong></span> <span class='ocrx_word' id='word_1_296' title='bbox 771 2997 921 3053; x_wconf 69' lang='lat' dir='ltr'><strong>prazp</strong></span> <span class='ocrx_word' id='word_1_297' title='bbox 942 2985 1051 3039; x_wconf 75' lang='lat' dir='ltr'><strong>isiti</strong></span> <span class='ocrx_word' id='word_1_298' title='bbox 1084 2983 1329 3041; x_wconf 78' lang='lat' dir='ltr'><strong>fuerunt.</strong></span> <span class='ocrx_word' id='word_1_299' title='bbox 1364 2984 1439 3041; x_wconf 87' lang='lat' dir='ltr'><strong>De</strong></span> <span class='ocrx_word' id='word_1_300' title='bbox 1461 3000 1702 3056; x_wconf 88' lang='lat' dir='ltr'><strong>quorum</strong></span> <span class='ocrx_word' id='word_1_301' title='bbox 1736 2986 2081 3068; x_wconf 80' lang='lat' dir='ltr'><strong>institutione</strong></span> 
     </span>
    </p>
   </div>
   <div class='ocr_carea' id='block_1_48' title="bbox 486 3070 2078 3151">
    <p class='ocr_par' dir='ltr' id='par_1_48' title="bbox 486 3070 2078 3151">
     <span class='ocr_line' id='line_1_48' title="bbox 486 3070 2078 3151; baseline 0.006 -25"><span class='ocrx_word' id='word_1_302' title='bbox 486 3070 744 3129; x_wconf 75' lang='lat' dir='ltr'><strong>Balsamo</strong></span> <span class='ocrx_word' id='word_1_303' title='bbox 772 3075 839 3130; x_wconf 87' lang='lat' dir='ltr'><strong>ad</strong></span> <span class='ocrx_word' id='word_1_304' title='bbox 869 3075 938 3131; x_wconf 74' lang='grc'><strong>14</strong></span> <span class='ocrx_word' id='word_1_305' title='bbox 973 3091 1100 3133; x_wconf 88' lang='lat' dir='ltr'><strong>can.</strong></span> <span class='ocrx_word' id='word_1_306' title='bbox 1134 3075 1380 3134; x_wconf 69' lang='lat' dir='ltr'><strong>Neocaas.</strong></span> <span class='ocrx_word' id='word_1_307' title='bbox 1408 3078 1630 3135; x_wconf 89' lang='lat' dir='ltr'><strong>concilii</strong></span> <span class='ocrx_word' id='word_1_308' title='bbox 1674 3079 1748 3135; x_wconf 89' lang='lat' dir='ltr'><strong>ita</strong></span> <span class='ocrx_word' id='word_1_309' title='bbox 1792 3079 2035 3151; x_wconf 86' lang='lat' dir='ltr'><strong>disputat</strong></span> <span class='ocrx_word' id='word_1_310' title='bbox 2063 3098 2078 3136; x_wconf 86' lang='lat'><strong>:</strong></span> 
     </span>
    </p>
   </div>
   <div class='ocr_carea' id='block_1_49' title="bbox 486 3162 2080 3239">
    <p class='ocr_par' dir='ltr' id='par_1_49' title="bbox 486 3162 2080 3239">
     <span class='ocr_line' id='line_1_49' title="bbox 486 3162 2080 3239; baseline 0.006 -21"><span class='ocrx_word' id='word_1_311' title='bbox 486 3162 793 3236; x_wconf 79' lang='lat' dir='ltr'><strong>Episcopos</strong></span> <span class='ocrx_word' id='word_1_312' title='bbox 838 3166 895 3221; x_wconf 91' lang='lat' dir='ltr'><strong>in</strong></span> <span class='ocrx_word' id='word_1_313' title='bbox 952 3167 1139 3224; x_wconf 89' lang='lat' dir='ltr'><strong>locum</strong></span> <span class='ocrx_word' id='word_1_314' title='bbox 1188 3170 1565 3239; x_wconf 84' lang='lat' dir='ltr'><strong>apostolorum</strong></span> <span class='ocrx_word' id='word_1_315' title='bbox 1613 3178 1691 3226; x_wconf 77' lang='lat' dir='ltr'><strong>an</strong></span> <span class='ocrx_word' id='word_1_316' title='bbox 1723 3171 2080 3236; x_wconf 66' lang='lat' dir='ltr'><strong>successisse,</strong></span> 
     </span>
    </p>
   </div>
   <div class='ocr_carea' id='block_1_50' title="bbox 487 3254 2081 3333">
    <p class='ocr_par' dir='ltr' id='par_1_50' title="bbox 487 3254 2081 3333">
     <span class='ocr_line' id='line_1_50' title="bbox 487 3254 2081 3333; baseline 0.008 -25"><span class='ocrx_word' id='word_1_317' title='bbox 487 3254 693 3324; x_wconf 79' lang='lat' dir='ltr'><strong>quibus</strong></span> <span class='ocrx_word' id='word_1_318' title='bbox 751 3256 956 3327; x_wconf 88' lang='lat' dir='ltr'><strong>ligandi</strong></span> <span class='ocrx_word' id='word_1_319' title='bbox 988 3259 1348 3333; x_wconf 85' lang='lat' dir='ltr'><strong>solvendique</strong></span> <span class='ocrx_word' id='word_1_320' title='bbox 1378 3271 1625 3333; x_wconf 84' lang='lat' dir='ltr'><strong>potestas</strong></span> <span class='ocrx_word' id='word_1_321' title='bbox 1664 3271 1752 3320; x_wconf 89' lang='lat' dir='ltr'><strong>est</strong></span> <span class='ocrx_word' id='word_1_322' title='bbox 1785 3264 1933 3320; x_wconf 83' lang='lat' dir='ltr'><strong>data.</strong></span> <span class='ocrx_word' id='word_1_323' title='bbox 1972 3264 2081 3321; x_wconf 84' lang='lat' dir='ltr'><strong>Sed</strong></span> 
     </span>
    </p>
   </div>
   <div class='ocr_carea' id='block_1_51' title="bbox 486 3348 2082 3427">
    <p class='ocr_par' dir='ltr' id='par_1_51' title="bbox 486 3348 2082 3427">
     <span class='ocr_line' id='line_1_51' title="bbox 486 3348 2082 3427; baseline 0.008 -27"><span class='ocrx_word' id='word_1_324' title='bbox 486 3360 614 3402; x_wconf 88' lang='lat' dir='ltr'><strong>cum</strong></span> <span class='ocrx_word' id='word_1_325' title='bbox 651 3348 722 3403; x_wconf 87' lang='lat' dir='ltr'><strong>ad</strong></span> <span class='ocrx_word' id='word_1_326' title='bbox 753 3348 1034 3422; x_wconf 79' lang='lat' dir='ltr'><strong>Evangelii</strong></span> <span class='ocrx_word' id='word_1_327' title='bbox 1096 3354 1545 3425; x_wconf 78' lang='lat' dir='ltr'><strong>praedicationem</strong></span> <span class='ocrx_word' id='word_1_328' title='bbox 1577 3365 1916 3427; x_wconf 65' lang='lat' dir='ltr'><strong>caeterasque</strong></span> <span class='ocrx_word' id='word_1_329' title='bbox 1952 3356 2082 3413; x_wconf 62' lang='lat' dir='ltr'><strong>fulta-</strong></span> 
     </span>
    </p>
   </div>
   <div class='ocr_carea' id='block_1_52' title="bbox 487 3438 2085 3514">
    <p class='ocr_par' dir='ltr' id='par_1_52' title="bbox 487 3438 2085 3514">
     <span class='ocr_line' id='line_1_52' title="bbox 487 3438 2085 3514; baseline 0.006 -22"><span class='ocrx_word' id='word_1_330' title='bbox 487 3438 696 3494; x_wconf 87' lang='lat' dir='ltr'><strong>ctiones</strong></span> <span class='ocrx_word' id='word_1_331' title='bbox 723 3440 1012 3500; x_wconf 82' lang='lat' dir='ltr'><strong>obeundas</strong></span> <span class='ocrx_word' id='word_1_332' title='bbox 1038 3445 1276 3514; x_wconf 80' lang='lat' dir='ltr'><strong>apostoli</strong></span> <span class='ocrx_word' id='word_1_333' title='bbox 1306 3446 1537 3503; x_wconf 86' lang='lat' dir='ltr'><strong>minime</strong></span> <span class='ocrx_word' id='word_1_334' title='bbox 1570 3446 1909 3514; x_wconf 78' lang='lat' dir='ltr'><strong>suﬁlcerent,</strong></span> <span class='ocrx_word' id='word_1_335' title='bbox 1935 3447 2085 3503; x_wconf 84' lang='lat' dir='ltr'><strong>adbi-</strong></span> 
     </span>
    </p>
   </div>
   <div class='ocr_carea' id='block_1_53' title="bbox 488 3529 2083 3611">
    <p class='ocr_par' dir='ltr' id='par_1_53' title="bbox 488 3529 2083 3611">
     <span class='ocr_line' id='line_1_53' title="bbox 488 3529 2083 3611; baseline 0.006 -26"><span class='ocrx_word' id='word_1_336' title='bbox 488 3529 633 3586; x_wconf 78' lang='lat' dir='ltr'><strong>bitos</strong></span> <span class='ocrx_word' id='word_1_337' title='bbox 662 3531 717 3587; x_wconf 89' lang='lat' dir='ltr'><strong>in</strong></span> <span class='ocrx_word' id='word_1_338' title='bbox 747 3536 1091 3591; x_wconf 89' lang='lat' dir='ltr'><strong>consortium</strong></span> <span class='ocrx_word' id='word_1_339' title='bbox 1144 3547 1324 3595; x_wconf 88' lang='lat' dir='ltr'><strong>certos</strong></span> <span class='ocrx_word' id='word_1_340' title='bbox 1368 3538 1643 3607; x_wconf 85' lang='lat' dir='ltr'><strong>homines,</strong></span> <span class='ocrx_word' id='word_1_341' title='bbox 1687 3540 1782 3611; x_wconf 87' lang='lat' dir='ltr'><strong>qui</strong></span> <span class='ocrx_word' id='word_1_342' title='bbox 1834 3540 2083 3609; x_wconf 76' lang='lat' dir='ltr'><strong>discipuli</strong></span> 
     </span>
    </p>
   </div>
   <div class='ocr_carea' id='block_1_54' title="bbox 490 3620 2088 3702">
    <p class='ocr_par' dir='ltr' id='par_1_54' title="bbox 490 3620 2088 3702">
     <span class='ocr_line' id='line_1_54' title="bbox 490 3620 2088 3702; baseline 0.006 -25"><span class='ocrx_word' id='word_1_343' title='bbox 490 3620 708 3678; x_wconf 81' lang='lat' dir='ltr'><strong>Domim’</strong></span> <span class='ocrx_word' id='word_1_344' title='bbox 734 3635 1086 3696; x_wconf 80' lang='lat' dir='ltr'><strong>vocarentur,</strong></span> <span class='ocrx_word' id='word_1_345' title='bbox 1109 3629 1203 3699; x_wconf 87' lang='lat' dir='ltr'><strong>qui</strong></span> <span class='ocrx_word' id='word_1_346' title='bbox 1224 3629 1446 3700; x_wconf 88' lang='lat' dir='ltr'><strong>quidem</strong></span> <span class='ocrx_word' id='word_1_347' title='bbox 1480 3630 1936 3686; x_wconf 85' lang='lat' dir='ltr'><strong>remittendorum</strong></span> <span class='ocrx_word' id='word_1_348' title='bbox 1965 3646 2088 3702; x_wconf 89' lang='lat' dir='ltr'><strong>pec-</strong></span> 
     </span>
    </p>
   </div>
   <div class='ocr_carea' id='block_1_55' title="bbox 486 3722 2083 3788">
    <p class='ocr_par' dir='ltr' id='par_1_55' title="bbox 486 3722 2083 3788">
     <span class='ocr_line' id='line_1_55' title="bbox 486 3722 2083 3788; baseline 0.006 -18"><span class='ocrx_word' id='word_1_349' title='bbox 486 3724 738 3772; x_wconf 82' lang='lat' dir='ltr'><strong>catorum</strong></span> <span class='ocrx_word' id='word_1_350' title='bbox 791 3728 1060 3788; x_wconf 85' lang='lat' dir='ltr'><strong>potestate</strong></span> <span class='ocrx_word' id='word_1_351' title='bbox 1107 3731 1383 3778; x_wconf 83' lang='lat' dir='ltr'><strong>carerent.</strong></span> <span class='ocrx_word' id='word_1_352' title='bbox 1429 3722 1638 3778; x_wconf 83' lang='lat' dir='ltr'><strong>Horum</strong></span> <span class='ocrx_word' id='word_1_353' title='bbox 1668 3723 1738 3778; x_wconf 90' lang='lat' dir='ltr'><strong>ad</strong></span> <span class='ocrx_word' id='word_1_354' title='bbox 1767 3723 2083 3779; x_wconf 80' lang='lat' dir='ltr'><strong>similitudi-</strong></span> 
     </span>
    </p>
   </div>
   <div class='ocr_carea' id='block_1_56' title="bbox 490 3809 2081 3886">
    <p class='ocr_par' dir='ltr' id='par_1_56' title="bbox 490 3809 2081 3886">
     <span class='ocr_line' id='line_1_56' title="bbox 490 3809 2081 3886; baseline 0.006 -25"><span class='ocrx_word' id='word_1_355' title='bbox 490 3822 615 3863; x_wconf 85' lang='lat' dir='ltr'><strong>nem</strong></span> <span class='ocrx_word' id='word_1_356' title='bbox 641 3809 1038 3885; x_wconf 76' lang='lat' dir='ltr'><strong>cltorepiscopos</strong></span> <span class='ocrx_word' id='word_1_357' title='bbox 1065 3810 1241 3868; x_wconf 80' lang='lat' dir='ltr'><strong>fuisse</strong></span> <span class='ocrx_word' id='word_1_358' title='bbox 1265 3812 1551 3879; x_wconf 77' lang='lat' dir='ltr'><strong>suii‘ectos,</strong></span> <span class='ocrx_word' id='word_1_359' title='bbox 1592 3815 1686 3886; x_wconf 84' lang='lat' dir='ltr'><strong>qui</strong></span> <span class='ocrx_word' id='word_1_360' title='bbox 1734 3815 2081 3871; x_wconf 86' lang='lat' dir='ltr'><strong>ecclesiasti-</strong></span> 
     </span>
    </p>
   </div>
   <div class='ocr_carea' id='block_1_57' title="bbox 490 3894 2087 3979">
    <p class='ocr_par' dir='ltr' id='par_1_57' title="bbox 490 3894 2087 3979">
     <span class='ocr_line' id='line_1_57' title="bbox 490 3894 2087 3979; baseline 0.006 -24"><span class='ocrx_word' id='word_1_361' title='bbox 490 3915 588 3957; x_wconf 80' lang='lat' dir='ltr'><strong>cas</strong></span> <span class='ocrx_word' id='word_1_362' title='bbox 619 3902 882 3971; x_wconf 81' lang='lat' dir='ltr'><strong>pecunias</strong></span> <span class='ocrx_word' id='word_1_363' title='bbox 908 3903 967 3957; x_wconf 90' lang='lat' dir='ltr'><strong>in</strong></span> <span class='ocrx_word' id='word_1_364' title='bbox 1001 3894 1277 3975; x_wconf 83' lang='lat' dir='ltr'><strong>pauperes</strong></span> <span class='ocrx_word' id='word_1_365' title='bbox 1320 3905 1648 3962; x_wconf 89' lang='lat' dir='ltr'><strong>dividerent.</strong></span> <span class='ocrx_word' id='word_1_366' title='bbox 1700 3904 1860 3963; x_wconf 86' lang='lat' dir='ltr'><strong>Unde</strong></span> <span class='ocrx_word' id='word_1_367' title='bbox 1909 3922 2087 3979; x_wconf 86' lang='lat' dir='ltr'><strong>neque</strong></span> 
     </span>
    </p>
   </div>
   <div class='ocr_carea' id='block_1_58' title="bbox 484 3993 2088 4070">
    <p class='ocr_par' dir='ltr' id='par_1_58' title="bbox 484 3993 2088 4070">
     <span class='ocr_line' id='line_1_58' title="bbox 484 3993 2088 4070; baseline 0.006 -24"><span class='ocrx_word' id='word_1_368' title='bbox 484 3993 842 4063; x_wconf 69' lang='lat' dir='ltr'><strong>presbyteros</strong></span> <span class='ocrx_word' id='word_1_369' title='bbox 885 4007 951 4048; x_wconf 88' lang='lat' dir='ltr'><strong>ac</strong></span> <span class='ocrx_word' id='word_1_370' title='bbox 994 3993 1259 4050; x_wconf 88' lang='lat' dir='ltr'><strong>diaconos</strong></span> <span class='ocrx_word' id='word_1_371' title='bbox 1302 3994 1562 4051; x_wconf 86' lang='lat' dir='ltr'><strong>ordinare</strong></span> <span class='ocrx_word' id='word_1_372' title='bbox 1609 4007 1863 4068; x_wconf 88' lang='lat' dir='ltr'><strong>possunt,</strong></span> <span class='ocrx_word' id='word_1_373' title='bbox 1908 4013 2088 4070; x_wconf 88' lang='lat' dir='ltr'><strong>neque</strong></span> 
     </span>
    </p>
   </div>
   <div class='ocr_carea' id='block_1_59' title="bbox 496 4086 2085 4158">
    <p class='ocr_par' dir='ltr' id='par_1_59' title="bbox 496 4086 2085 4158">
     <span class='ocr_line' id='line_1_59' title="bbox 496 4086 2085 4158; baseline 0.005 -18"><span class='ocrx_word' id='word_1_374' title='bbox 496 4092 724 4154; x_wconf 83' lang='lat' dir='ltr'><strong>peccata</strong></span> <span class='ocrx_word' id='word_1_375' title='bbox 775 4086 1079 4154; x_wconf 87' lang='lat' dir='ltr'><strong>remittere,</strong></span> <span class='ocrx_word' id='word_1_376' title='bbox 1133 4088 1599 4158; x_wconf 85' lang='lat' dir='ltr'><strong>quemadmodum</strong></span> <span class='ocrx_word' id='word_1_377' title='bbox 1641 4105 1743 4146; x_wconf 88' lang='lat' dir='ltr'><strong>nec</strong></span> <span class='ocrx_word' id='word_1_378' title='bbox 1773 4105 1880 4145; x_wconf 76' lang='lat' dir='ltr'><strong>Lxx</strong></span> <span class='ocrx_word' id='word_1_379' title='bbox 1916 4091 2085 4148; x_wconf 87' lang='lat' dir='ltr'><strong>disci-</strong></span> 
     </span>
    </p>
   </div>
   <div class='ocr_carea' id='block_1_60' title="bbox 378 4176 2087 4254">
    <p class='ocr_par' dir='ltr' id='par_1_60' title="bbox 378 4176 2087 4254">
     <span class='ocr_line' id='line_1_60' title="bbox 378 4176 2087 4254; baseline 0.006 -24"><span class='ocrx_word' id='word_1_380' title='bbox 378 4244 391 4251; x_wconf 27' lang='grc' dir='ltr'>κ</span> <span class='ocrx_word' id='word_1_381' title='bbox 495 4176 610 4248; x_wconf 83' lang='lat' dir='ltr'><strong>puti</strong></span> <span class='ocrx_word' id='word_1_382' title='bbox 651 4187 921 4249; x_wconf 86' lang='lat' dir='ltr'><strong>poterant.</strong></span> <span class='ocrx_word' id='word_1_383' title='bbox 969 4179 1097 4237; x_wconf 68' lang='lat' dir='ltr'><strong>Haec</strong></span> <span class='ocrx_word' id='word_1_384' title='bbox 1132 4180 1248 4237; x_wconf 84' lang='lat' dir='ltr'><strong>fere</strong></span> <span class='ocrx_word' id='word_1_385' title='bbox 1273 4180 1546 4238; x_wconf 88' lang='lat' dir='ltr'><strong>Balsamo.</strong></span> <span class='ocrx_word' id='word_1_386' title='bbox 1582 4181 1683 4239; x_wconf 88' lang='lat' dir='ltr'><strong>Ubi</strong></span> <span class='ocrx_word' id='word_1_387' title='bbox 1711 4183 1861 4254; x_wconf 89' lang='lat' dir='ltr'><strong>quod</strong></span> <span class='ocrx_word' id='word_1_388' title='bbox 1895 4185 2087 4241; x_wconf 84' lang='lat' dir='ltr'><strong>remit-</strong></span> 
     </span>
    </p>
   </div>
   <div class='ocr_carea' id='block_1_61' title="bbox 498 4270 2088 4359">
    <p class='ocr_par' dir='ltr' id='par_1_61' title="bbox 498 4270 2088 4359">
     <span class='ocr_line' id='line_1_61' title="bbox 498 4270 2088 4359; baseline 0.009 -37"><span class='ocrx_word' id='word_1_389' title='bbox 498 4270 790 4325; x_wconf 82' lang='lat' dir='ltr'><strong>tendorum</strong></span> <span class='ocrx_word' id='word_1_390' title='bbox 853 4281 1180 4342; x_wconf 82' lang='lat' dir='ltr'><strong>potestatem</strong></span> <span class='ocrx_word' id='word_1_391' title='bbox 1251 4287 1606 4346; x_wconf 87' lang='lat' dir='ltr'><strong>peccatorum</strong></span> <span class='ocrx_word' id='word_1_392' title='bbox 1676 4279 2088 4359; x_wconf 82' lang='lat' dir='ltr'><strong>cborepiscopis</strong></span> 
     </span>
    </p>
   </div>
   <div class='ocr_carea' id='block_1_62' title="bbox 498 4362 2085 4441">
    <p class='ocr_par' dir='ltr' id='par_1_62' title="bbox 498 4362 2085 4441">
     <span class='ocr_line' id='line_1_62' title="bbox 498 4362 2085 4441; baseline 0.008 -26"><span class='ocrx_word' id='word_1_393' title='bbox 498 4362 711 4429; x_wconf 86' lang='lat' dir='ltr'><strong>adimit,</strong></span> <span class='ocrx_word' id='word_1_394' title='bbox 739 4378 804 4419; x_wconf 86' lang='lat' dir='ltr'><strong>ac</strong></span> <span class='ocrx_word' id='word_1_395' title='bbox 826 4364 960 4421; x_wconf 69' lang='lat' dir='ltr'><strong>solis</strong></span> <span class='ocrx_word' id='word_1_396' title='bbox 991 4367 1265 4438; x_wconf 79' lang='lat' dir='ltr'><strong>epiSCOpis</strong></span> <span class='ocrx_word' id='word_1_397' title='bbox 1293 4368 1507 4436; x_wconf 88' lang='lat' dir='ltr'><strong>tribuit,</strong></span> <span class='ocrx_word' id='word_1_398' title='bbox 1537 4385 1650 4441; x_wconf 85' lang='lat' dir='ltr'><strong>quo</strong></span> <span class='ocrx_word' id='word_1_399' title='bbox 1683 4385 1850 4427; x_wconf 82' lang='lat' dir='ltr'><strong>sensu</strong></span> <span class='ocrx_word' id='word_1_400' title='bbox 1879 4371 2085 4427; x_wconf 83' lang='lat' dir='ltr'><strong>dictum</strong></span> 
     </span>
    </p>
   </div>
   <div class='ocr_carea' id='block_1_63' title="bbox 499 4452 2092 4535">
    <p class='ocr_par' dir='ltr' id='par_1_63' title="bbox 499 4452 2092 4535">
     <span class='ocr_line' id='line_1_63' title="bbox 499 4452 2092 4535; baseline 0.007 -29"><span class='ocrx_word' id='word_1_401' title='bbox 499 4452 573 4507; x_wconf 86' lang='lat' dir='ltr'><strong>sit</strong></span> <span class='ocrx_word' id='word_1_402' title='bbox 584 4455 748 4523; x_wconf 88' lang='lat' dir='ltr'><strong>paulo</strong></span> <span class='ocrx_word' id='word_1_403' title='bbox 761 4465 890 4526; x_wconf 83' lang='lat' dir='ltr'><strong>post</strong></span> <span class='ocrx_word' id='word_1_404' title='bbox 902 4458 1174 4515; x_wconf 86' lang='lat' dir='ltr'><strong>declarat:</strong></span> <span class='ocrx_word' id='word_1_405' title='bbox 1193 4461 1316 4515; x_wconf 85' lang='grc' dir='ltr'>Ὅτι</span> <span class='ocrx_word' id='word_1_406' title='bbox 1340 4463 1389 4515; x_wconf 85' lang='lat' dir='ltr'><strong>ot</strong></span> <span class='ocrx_word' id='word_1_407' title='bbox 1407 4462 1573 4534; x_wconf 72' lang='grc' dir='ltr'>ἱερεῖς</span> <span class='ocrx_word' id='word_1_408' title='bbox 1584 4462 1647 4516; x_wconf 82' lang='grc' dir='ltr'>οὐ</span> <span class='ocrx_word' id='word_1_409' title='bbox 1673 4461 1929 4519; x_wconf 81' lang='grc' dir='ltr'>δύνανται</span> <span class='ocrx_word' id='word_1_410' title='bbox 1946 4464 2092 4535; x_wconf 82' lang='grc' dir='ltr'><strong>δέχε-</strong></span> 
     </span>
    </p>
   </div>
   <div class='ocr_carea' id='block_1_64' title="bbox 2106 3219 2152 3277">
    <p class='ocr_par' dir='ltr' id='par_1_64' title="bbox 2106 3219 2152 3277">
     <span class='ocr_line' id='line_1_64' title="bbox 2106 3219 2152 3277; baseline 0 0"><span class='ocrx_word' id='word_1_411' title='bbox 2106 3219 2152 3277; x_wconf 83' lang='lat' dir='ltr'><strong>C</strong></span> 
     </span>
    </p>
   </div>
   <div class='ocr_carea' id='block_1_65' title="bbox 2176 1969 3755 2044">
    <p class='ocr_par' dir='ltr' id='par_1_65' title="bbox 2176 1969 3755 2044">
     <span class='ocr_line' id='line_1_65' title="bbox 2176 1969 3755 2044; baseline -0.001 -19"><span class='ocrx_word' id='word_1_412' title='bbox 2176 1972 2440 2028; x_wconf 85' lang='lat' dir='ltr'><strong>omnibus</strong></span> <span class='ocrx_word' id='word_1_413' title='bbox 2470 1988 2570 2044; x_wconf 86' lang='lat' dir='ltr'><strong>par</strong></span> <span class='ocrx_word' id='word_1_414' title='bbox 2594 1987 2720 2029; x_wconf 80' lang='lat' dir='ltr'><strong>esse</strong></span> <span class='ocrx_word' id='word_1_415' title='bbox 2745 1981 2962 2044; x_wconf 76' lang='lat' dir='ltr'><strong>poterat</strong></span> <span class='ocrx_word' id='word_1_416' title='bbox 2993 1972 3307 2043; x_wconf 86' lang='lat' dir='ltr'><strong>cpiscopus.</strong></span> <span class='ocrx_word' id='word_1_417' title='bbox 3340 1970 3477 2025; x_wconf 80' lang='lat' dir='ltr'><strong>Hinc</strong></span> <span class='ocrx_word' id='word_1_418' title='bbox 3509 1969 3755 2040; x_wconf 82' lang='lat' dir='ltr'><strong>estquod</strong></span> 
     </span>
    </p>
   </div>
   <div class='ocr_carea' id='block_1_66' title="bbox 2177 2060 3756 2134">
    <p class='ocr_par' dir='ltr' id='par_1_66' title="bbox 2177 2060 3756 2134">
     <span class='ocr_line' id='line_1_66' title="bbox 2177 2060 3756 2134; baseline -0.004 -15"><span class='ocrx_word' id='word_1_419' title='bbox 2177 2061 2234 2119; x_wconf 92' lang='lat' dir='ltr'><strong>in</strong></span> <span class='ocrx_word' id='word_1_420' title='bbox 2268 2061 2515 2120; x_wconf 60' lang='lat' dir='ltr'><strong>Neocaes.</strong></span> <span class='ocrx_word' id='word_1_421' title='bbox 2553 2080 2682 2121; x_wconf 86' lang='lat' dir='ltr'><strong>can.</strong></span> <span class='ocrx_word' id='word_1_422' title='bbox 2715 2066 2781 2121; x_wconf 71' lang='lat'><strong>13</strong></span> <span class='ocrx_word' id='word_1_423' title='bbox 2817 2079 2987 2120; x_wconf 89' lang='lat' dir='ltr'><strong>unum</strong></span> <span class='ocrx_word' id='word_1_424' title='bbox 3017 2065 3287 2120; x_wconf 65' lang='lat' dir='ltr'><strong>duntaxat</strong></span> <span class='ocrx_word' id='word_1_425' title='bbox 3319 2063 3475 2118; x_wconf 85' lang='lat' dir='ltr'><strong>urbis</strong></span> <span class='ocrx_word' id='word_1_426' title='bbox 3503 2060 3756 2134; x_wconf 79' lang='grc' dir='ltr'>κυριακόν</span> 
     </span>
    </p>
   </div>
   <div class='ocr_carea' id='block_1_67' title="bbox 2177 2154 3757 2228">
    <p class='ocr_par' dir='ltr' id='par_1_67' title="bbox 2177 2154 3757 2228">
     <span class='ocr_line' id='line_1_67' title="bbox 2177 2154 3757 2228; baseline -0.002 -16"><span class='ocrx_word' id='word_1_427' title='bbox 2177 2157 2518 2221; x_wconf 80' lang='lat' dir='ltr'><strong>nominatur,</strong></span> <span class='ocrx_word' id='word_1_428' title='bbox 2551 2158 2606 2212; x_wconf 92' lang='lat' dir='ltr'><strong>in</strong></span> <span class='ocrx_word' id='word_1_429' title='bbox 2647 2171 2759 2227; x_wconf 92' lang='lat' dir='ltr'><strong>quo</strong></span> <span class='ocrx_word' id='word_1_430' title='bbox 2787 2157 2998 2213; x_wconf 85' lang='lat' dir='ltr'><strong>vieauis</strong></span> <span class='ocrx_word' id='word_1_431' title='bbox 3021 2156 3378 2228; x_wconf 82' lang='lat' dir='ltr'><strong>presbyteris,</strong></span> <span class='ocrx_word' id='word_1_432' title='bbox 3404 2154 3757 2224; x_wconf 61' lang='lat' dir='ltr'><strong>praesentibus</strong></span> 
     </span>
    </p>
   </div>
   <div class='ocr_carea' id='block_1_68' title="bbox 2180 2245 3757 2319">
    <p class='ocr_par' dir='ltr' id='par_1_68' title="bbox 2180 2245 3757 2319">
     <span class='ocr_line' id='line_1_68' title="bbox 2180 2245 3757 2319; baseline -0.003 -16"><span class='ocrx_word' id='word_1_433' title='bbox 2180 2247 2408 2314; x_wconf 87' lang='lat' dir='ltr'><strong>urbicis,</strong></span> <span class='ocrx_word' id='word_1_434' title='bbox 2437 2248 2612 2304; x_wconf 88' lang='lat' dir='ltr'><strong>sacris</strong></span> <span class='ocrx_word' id='word_1_435' title='bbox 2644 2249 2858 2319; x_wconf 88' lang='lat' dir='ltr'><strong>operari</strong></span> <span class='ocrx_word' id='word_1_436' title='bbox 2891 2264 3000 2303; x_wconf 88' lang='lat' dir='ltr'><strong>non</strong></span> <span class='ocrx_word' id='word_1_437' title='bbox 3023 2248 3169 2308; x_wconf 89' lang='lat' dir='ltr'><strong>licet.</strong></span> <span class='ocrx_word' id='word_1_438' title='bbox 3194 2247 3374 2318; x_wconf 84' lang='lat' dir='ltr'><strong>Atque</strong></span> <span class='ocrx_word' id='word_1_439' title='bbox 3388 2247 3507 2302; x_wconf 63' lang='lat' dir='ltr'><strong>haec</strong></span> <span class='ocrx_word' id='word_1_440' title='bbox 3530 2245 3757 2317; x_wconf 83' lang='lat' dir='ltr'><strong>Epipha-</strong></span> 
     </span>
    </p>
   </div>
   <div class='ocr_carea' id='block_1_69' title="bbox 2181 2337 3759 2410">
    <p class='ocr_par' dir='ltr' id='par_1_69' title="bbox 2181 2337 3759 2410">
     <span class='ocr_line' id='line_1_69' title="bbox 2181 2337 3759 2410; baseline -0.001 -14"><span class='ocrx_word' id='word_1_441' title='bbox 2181 2340 2261 2396; x_wconf 89' lang='lat' dir='ltr'><strong>nii</strong></span> <span class='ocrx_word' id='word_1_442' title='bbox 2292 2350 2402 2396; x_wconf 90' lang='lat' dir='ltr'><strong>tam</strong></span> <span class='ocrx_word' id='word_1_443' title='bbox 2437 2351 2696 2396; x_wconf 86' lang='lat' dir='ltr'><strong>accurata</strong></span> <span class='ocrx_word' id='word_1_444' title='bbox 2725 2341 2794 2396; x_wconf 88' lang='lat' dir='ltr'><strong>dc</strong></span> <span class='ocrx_word' id='word_1_445' title='bbox 2827 2339 3215 2395; x_wconf 74' lang='lat' dir='ltr'><strong>Alexandrina:</strong></span> <span class='ocrx_word' id='word_1_446' title='bbox 3235 2337 3494 2395; x_wconf 80' lang='lat' dir='ltr'><strong>Ecclesia:</strong></span> <span class='ocrx_word' id='word_1_447' title='bbox 3522 2339 3759 2410; x_wconf 80' lang='lat' dir='ltr'><strong>pluribus</strong></span> 
     </span>
    </p>
   </div>
   <div class='ocr_carea' id='block_1_70' title="bbox 2177 2424 3756 2502">
    <p class='ocr_par' dir='ltr' id='par_1_70' title="bbox 2177 2424 3756 2502">
     <span class='ocr_line' id='line_1_70' title="bbox 2177 2424 3756 2502; baseline -0.004 -13"><span class='ocrx_word' id='word_1_448' title='bbox 2177 2431 2428 2489; x_wconf 83' lang='lat' dir='ltr'><strong>ccclesiis</strong></span> <span class='ocrx_word' id='word_1_449' title='bbox 2465 2424 2778 2488; x_wconf 84' lang='lat' dir='ltr'><strong>observatio</strong></span> <span class='ocrx_word' id='word_1_450' title='bbox 2810 2446 2925 2487; x_wconf 87' lang='lat' dir='ltr'><strong>rem</strong></span> <span class='ocrx_word' id='word_1_451' title='bbox 2967 2446 3069 2486; x_wconf 87' lang='lat' dir='ltr'><strong>nec</strong></span> <span class='ocrx_word' id='word_1_452' title='bbox 3098 2430 3228 2485; x_wconf 82' lang='lat' dir='ltr'><strong>alibi</strong></span> <span class='ocrx_word' id='word_1_453' title='bbox 3258 2430 3488 2502; x_wconf 85' lang='lat' dir='ltr'><strong>passim,</strong></span> <span class='ocrx_word' id='word_1_454' title='bbox 3519 2445 3621 2485; x_wconf 88' lang='lat' dir='ltr'><strong>nec</strong></span> <span class='ocrx_word' id='word_1_455' title='bbox 3638 2430 3756 2485; x_wconf 81' lang='lat' dir='ltr'><strong>olim</strong></span> 
     </span>
    </p>
   </div>
   <div class='ocr_carea' id='block_1_71' title="bbox 2181 2518 3753 2593">
    <p class='ocr_par' dir='ltr' id='par_1_71' title="bbox 2181 2518 3753 2593">
     <span class='ocr_line' id='line_1_71' title="bbox 2181 2518 3753 2593; baseline -0.003 -16"><span class='ocrx_word' id='word_1_456' title='bbox 2181 2533 2500 2593; x_wconf 84' lang='lat' dir='ltr'><strong>usurpatam</strong></span> <span class='ocrx_word' id='word_1_457' title='bbox 2532 2537 2602 2578; x_wconf 86' lang='lat' dir='ltr'><strong>ac</strong></span> <span class='ocrx_word' id='word_1_458' title='bbox 2640 2518 2917 2593; x_wconf 77' lang='lat' dir='ltr'><strong>receptam</strong></span> <span class='ocrx_word' id='word_1_459' title='bbox 2955 2522 3126 2578; x_wconf 75' lang='lat' dir='ltr'><strong>fuisse</strong></span> <span class='ocrx_word' id='word_1_460' title='bbox 3163 2522 3532 2578; x_wconf 83' lang='lat' dir='ltr'><strong>demonstrat.</strong></span> <span class='ocrx_word' id='word_1_461' title='bbox 3581 2522 3652 2575; x_wconf 77' lang='lat' dir='ltr'><strong>At</strong></span> <span class='ocrx_word' id='word_1_462' title='bbox 3704 2524 3753 2573; x_wconf 87' lang='lat' dir='ltr'><strong>ia</strong></span> 
     </span>
    </p>
   </div>
   <div class='ocr_carea' id='block_1_72' title="bbox 2179 2612 3759 2687">
    <p class='ocr_par' dir='ltr' id='par_1_72' title="bbox 2179 2612 3759 2687">
     <span class='ocr_line' id='line_1_72' title="bbox 2179 2612 3759 2687; baseline -0.004 -18"><span class='ocrx_word' id='word_1_463' title='bbox 2179 2616 2332 2687; x_wconf 81' lang='lat' dir='ltr'><strong>agris</strong></span> <span class='ocrx_word' id='word_1_464' title='bbox 2377 2615 2750 2685; x_wconf 70' lang='lat' dir='ltr'><strong>parteciarum</strong></span> <span class='ocrx_word' id='word_1_465' title='bbox 2790 2614 3268 2684; x_wconf 74' lang='lat' dir='ltr'><strong>ecclesiarumque</strong></span> <span class='ocrx_word' id='word_1_466' title='bbox 3305 2613 3546 2669; x_wconf 82' lang='lat' dir='ltr'><strong>divortia</strong></span> <span class='ocrx_word' id='word_1_467' title='bbox 3581 2612 3759 2682; x_wconf 85' lang='lat' dir='ltr'><strong>primi-</strong></span> 
     </span>
    </p>
   </div>
   <div class='ocr_carea' id='block_1_73' title="bbox 2182 2702 3761 2777">
    <p class='ocr_par' dir='ltr' id='par_1_73' title="bbox 2182 2702 3761 2777">
     <span class='ocr_line' id='line_1_73' title="bbox 2182 2702 3761 2777; baseline -0.004 -15"><span class='ocrx_word' id='word_1_468' title='bbox 2182 2717 2272 2763; x_wconf 77' lang='lat' dir='ltr'><strong>tus</strong></span> <span class='ocrx_word' id='word_1_469' title='bbox 2303 2709 2555 2763; x_wconf 84' lang='lat' dir='ltr'><strong>instituta</strong></span> <span class='ocrx_word' id='word_1_470' title='bbox 2587 2720 2751 2763; x_wconf 83' lang='lat' dir='ltr'><strong>nemo</strong></span> <span class='ocrx_word' id='word_1_471' title='bbox 2788 2705 3033 2777; x_wconf 80' lang='lat' dir='ltr'><strong>prudens</strong></span> <span class='ocrx_word' id='word_1_472' title='bbox 3080 2706 3377 2776; x_wconf 76' lang='lat' dir='ltr'><strong>negaverit.</strong></span> <span class='ocrx_word' id='word_1_473' title='bbox 3415 2704 3634 2773; x_wconf 80' lang='lat' dir='ltr'><strong>Quibus</strong></span> <span class='ocrx_word' id='word_1_474' title='bbox 3676 2702 3761 2757; x_wconf 82' lang='lat' dir='ltr'><strong>ad—</strong></span> 
     </span>
    </p>
   </div>
   <div class='ocr_carea' id='block_1_74' title="bbox 2182 2798 3759 2870">
    <p class='ocr_par' dir='ltr' id='par_1_74' title="bbox 2182 2798 3759 2870">
     <span class='ocr_line' id='line_1_74' title="bbox 2182 2798 3759 2870; baseline -0.005 -14"><span class='ocrx_word' id='word_1_475' title='bbox 2182 2799 2564 2856; x_wconf 82' lang='lat' dir='ltr'><strong>ministrandis</strong></span> <span class='ocrx_word' id='word_1_476' title='bbox 2591 2815 2657 2855; x_wconf 91' lang='lat' dir='ltr'><strong>ac</strong></span> <span class='ocrx_word' id='word_1_477' title='bbox 2701 2798 3074 2870; x_wconf 85' lang='lat' dir='ltr'><strong>gubernandis</strong></span> <span class='ocrx_word' id='word_1_478' title='bbox 3090 2798 3495 2869; x_wconf 82' lang='lat' dir='ltr'><strong>cborepiseopi,</strong></span> <span class='ocrx_word' id='word_1_479' title='bbox 3515 2806 3759 2866; x_wconf 79' lang='lat' dir='ltr'><strong>tanquam</strong></span> 
     </span>
    </p>
   </div>
   <div class='ocr_carea' id='block_1_75' title="bbox 2186 2888 3760 2962">
    <p class='ocr_par' dir='ltr' id='par_1_75' title="bbox 2186 2888 3760 2962">
     <span class='ocr_line' id='line_1_75' title="bbox 2186 2888 3760 2962; baseline -0.005 -16"><span class='ocrx_word' id='word_1_480' title='bbox 2186 2892 2336 2947; x_wconf 85' lang='lat' dir='ltr'><strong>ruris</strong></span> <span class='ocrx_word' id='word_1_481' title='bbox 2384 2892 2656 2962; x_wconf 79' lang='lat' dir='ltr'><strong>episcopi,</strong></span> <span class='ocrx_word' id='word_1_482' title='bbox 2707 2891 2992 2962; x_wconf 62' lang='lat' dir='ltr'><strong>praepositi</strong></span> <span class='ocrx_word' id='word_1_483' title='bbox 3039 2900 3191 2959; x_wconf 83' lang='lat' dir='ltr'><strong>sunt,</strong></span> <span class='ocrx_word' id='word_1_484' title='bbox 3245 2905 3373 2946; x_wconf 88' lang='lat' dir='ltr'><strong>cum</strong></span> <span class='ocrx_word' id='word_1_485' title='bbox 3432 2888 3760 2960; x_wconf 81' lang='lat' dir='ltr'><strong>amplissima</strong></span> 
     </span>
    </p>
   </div>
   <div class='ocr_carea' id='block_1_76' title="bbox 2183 2965 3757 3053">
    <p class='ocr_par' dir='ltr' id='par_1_76' title="bbox 2183 2965 3757 3053">
     <span class='ocr_line' id='line_1_76' title="bbox 2183 2965 3757 3053; baseline -0.006 -15"><span class='ocrx_word' id='word_1_486' title='bbox 2183 2984 2488 3053; x_wconf 81' lang='lat' dir='ltr'><strong>quondam,</strong></span> <span class='ocrx_word' id='word_1_487' title='bbox 2536 2992 2599 3039; x_wconf 88' lang='lat' dir='ltr'><strong>ut</strong></span> <span class='ocrx_word' id='word_1_488' title='bbox 2645 2981 2907 3048; x_wconf 87' lang='lat' dir='ltr'><strong>vidimus,</strong></span> <span class='ocrx_word' id='word_1_489' title='bbox 2957 2965 3239 3047; x_wconf 78' lang='lat' dir='ltr'><strong>iacultate,</strong></span> <span class='ocrx_word' id='word_1_490' title='bbox 3276 2983 3601 3052; x_wconf 81' lang='lat' dir='ltr'><strong>optimaque</strong></span> <span class='ocrx_word' id='word_1_491' title='bbox 3637 2978 3757 3048; x_wconf 81' lang='lat' dir='ltr'><strong>lege.</strong></span> 
     </span>
    </p>
   </div>
   <div class='ocr_carea' id='block_1_77' title="bbox 2185 3070 3760 3145">
    <p class='ocr_par' dir='ltr' id='par_1_77' title="bbox 2185 3070 3760 3145">
     <span class='ocr_line' id='line_1_77' title="bbox 2185 3070 3760 3145; baseline -0.004 -17"><span class='ocrx_word' id='word_1_492' title='bbox 2185 3072 2365 3140; x_wconf 87' lang='lat' dir='ltr'><strong>Quam</strong></span> <span class='ocrx_word' id='word_1_493' title='bbox 2399 3073 2601 3129; x_wconf 85' lang='lat' dir='ltr'><strong>deinde</strong></span> <span class='ocrx_word' id='word_1_494' title='bbox 2631 3083 2961 3145; x_wconf 82' lang='lat' dir='ltr'><strong>potestatem</strong></span> <span class='ocrx_word' id='word_1_495' title='bbox 2991 3072 3238 3145; x_wconf 83' lang='lat' dir='ltr'><strong>episcopi</strong></span> <span class='ocrx_word' id='word_1_496' title='bbox 3266 3070 3760 3142; x_wconf 69' lang='lat' dir='ltr'><strong>constringendam,</strong></span> 
     </span>
    </p>
   </div>
   <div class='ocr_carea' id='block_1_78' title="bbox 2185 3165 3759 3237">
    <p class='ocr_par' dir='ltr' id='par_1_78' title="bbox 2185 3165 3759 3237">
     <span class='ocr_line' id='line_1_78' title="bbox 2185 3165 3759 3237; baseline -0.006 -17"><span class='ocrx_word' id='word_1_497' title='bbox 2185 3180 2252 3221; x_wconf 87' lang='lat' dir='ltr'><strong>ac</strong></span> <span class='ocrx_word' id='word_1_498' title='bbox 2308 3167 2476 3223; x_wconf 84' lang='lat' dir='ltr'><strong>certis</strong></span> <span class='ocrx_word' id='word_1_499' title='bbox 2523 3165 2942 3223; x_wconf 82' lang='lat' dir='ltr'><strong>conditionibus</strong></span> <span class='ocrx_word' id='word_1_500' title='bbox 2996 3165 3406 3237; x_wconf 82' lang='lat' dir='ltr'><strong>temperandam</strong></span> <span class='ocrx_word' id='word_1_501' title='bbox 3453 3170 3759 3234; x_wconf 68' lang='lat' dir='ltr'><strong>putarim:</strong></span> 
     </span>
    </p>
   </div>
   <div class='ocr_carea' id='block_1_79' title="bbox 2187 3254 3761 3329">
    <p class='ocr_par' dir='ltr' id='par_1_79' title="bbox 2187 3254 3761 3329">
     <span class='ocr_line' id='line_1_79' title="bbox 2187 3254 3761 3329; baseline -0.006 -15"><span class='ocrx_word' id='word_1_502' title='bbox 2187 3260 2361 3314; x_wconf 84' lang='lat' dir='ltr'><strong>donec</strong></span> <span class='ocrx_word' id='word_1_503' title='bbox 2387 3258 2686 3329; x_wconf 84' lang='lat' dir='ltr'><strong>episcopali</strong></span> <span class='ocrx_word' id='word_1_504' title='bbox 2719 3256 2987 3328; x_wconf 84' lang='lat' dir='ltr'><strong>dignitate</strong></span> <span class='ocrx_word' id='word_1_505' title='bbox 3038 3272 3106 3315; x_wconf 87' lang='lat' dir='ltr'><strong>ac</strong></span> <span class='ocrx_word' id='word_1_506' title='bbox 3132 3256 3554 3313; x_wconf 84' lang='lat' dir='ltr'><strong>consecratione</strong></span> <span class='ocrx_word' id='word_1_507' title='bbox 3581 3254 3761 3326; x_wconf 84' lang='lat' dir='ltr'><strong>privati</strong></span> 
     </span>
    </p>
   </div>
   <div class='ocr_carea' id='block_1_80' title="bbox 2186 3347 3761 3423">
    <p class='ocr_par' dir='ltr' id='par_1_80' title="bbox 2186 3347 3761 3423">
     <span class='ocr_line' id='line_1_80' title="bbox 2186 3347 3761 3423; baseline -0.004 -16"><span class='ocrx_word' id='word_1_508' title='bbox 2186 3350 2452 3422; x_wconf 86' lang='lat' dir='ltr'><strong>primum,</strong></span> <span class='ocrx_word' id='word_1_509' title='bbox 2485 3351 2686 3408; x_wconf 81' lang='lat' dir='ltr'><strong>deinde</strong></span> <span class='ocrx_word' id='word_1_510' title='bbox 2723 3366 2954 3423; x_wconf 79' lang='lat' dir='ltr'><strong>prorsus</strong></span> <span class='ocrx_word' id='word_1_511' title='bbox 2985 3352 3236 3423; x_wconf 79' lang='lat' dir='ltr'><strong>abmgati</strong></span> <span class='ocrx_word' id='word_1_512' title='bbox 3272 3352 3519 3407; x_wconf 81' lang='lat' dir='ltr'><strong>fuerunt.</strong></span> <span class='ocrx_word' id='word_1_513' title='bbox 3569 3347 3672 3403; x_wconf 83' lang='lat' dir='ltr'><strong>Pro</strong></span> <span class='ocrx_word' id='word_1_514' title='bbox 3702 3348 3761 3402; x_wconf 85' lang='lat' dir='ltr'><strong>iis</strong></span> 
     </span>
    </p>
   </div>
   <div class='ocr_carea' id='block_1_81' title="bbox 2186 3441 3763 3515">
    <p class='ocr_par' dir='ltr' id='par_1_81' title="bbox 2186 3441 3763 3515">
     <span class='ocr_line' id='line_1_81' title="bbox 2186 3441 3763 3515; baseline -0.004 -15"><span class='ocrx_word' id='word_1_515' title='bbox 2186 3443 2333 3500; x_wconf 82' lang='lat' dir='ltr'><strong>enim</strong></span> <span class='ocrx_word' id='word_1_516' title='bbox 2365 3443 2723 3515; x_wconf 67' lang='grc' dir='ltr'>περιοδιυτόκ</span> <span class='ocrx_word' id='word_1_517' title='bbox 2750 3443 2931 3500; x_wconf 87' lang='lat' dir='ltr'><strong>creari</strong></span> <span class='ocrx_word' id='word_1_518' title='bbox 2955 3442 3329 3500; x_wconf 86' lang='lat' dir='ltr'><strong>Laodicenum</strong></span> <span class='ocrx_word' id='word_1_519' title='bbox 3356 3442 3654 3498; x_wconf 83' lang='lat' dir='ltr'><strong>concilium</strong></span> <span class='ocrx_word' id='word_1_520' title='bbox 3679 3441 3763 3494; x_wconf 88' lang='lat' dir='ltr'><strong>de-</strong></span> 
     </span>
    </p>
   </div>
   <div class='ocr_carea' id='block_1_82' title="bbox 2187 3530 3758 3604">
    <p class='ocr_par' dir='ltr' id='par_1_82' title="bbox 2187 3530 3758 3604">
     <span class='ocr_line' id='line_1_82' title="bbox 2187 3530 3758 3604; baseline -0.003 -16"><span class='ocrx_word' id='word_1_521' title='bbox 2187 3532 2361 3588; x_wconf 74' lang='lat' dir='ltr'><strong>crevit</strong></span> <span class='ocrx_word' id='word_1_522' title='bbox 2390 3550 2404 3588; x_wconf 87' lang='lat'><strong>:</strong></span> <span class='ocrx_word' id='word_1_523' title='bbox 2437 3547 2577 3603; x_wconf 86' lang='lat' dir='ltr'><strong>quos</strong></span> <span class='ocrx_word' id='word_1_524' title='bbox 2606 3531 2806 3590; x_wconf 81' lang='lat' dir='ltr'><strong>Latina</strong></span> <span class='ocrx_word' id='word_1_525' title='bbox 2841 3534 3221 3604; x_wconf 86' lang='lat' dir='ltr'><strong>interpretatio</strong></span> <span class='ocrx_word' id='word_1_526' title='bbox 3252 3533 3566 3590; x_wconf 79' lang='lat' dir='ltr'><strong>uisitatorea</strong></span> <span class='ocrx_word' id='word_1_527' title='bbox 3592 3530 3758 3602; x_wconf 87' lang='lat' dir='ltr'><strong>appel-</strong></span> 
     </span>
    </p>
   </div>
   <div class='ocr_carea' id='block_1_83' title="bbox 2187 3624 3763 3698">
    <p class='ocr_par' dir='ltr' id='par_1_83' title="bbox 2187 3624 3763 3698">
     <span class='ocr_line' id='line_1_83' title="bbox 2187 3624 3763 3698; baseline -0.003 -18"><span class='ocrx_word' id='word_1_528' title='bbox 2187 3624 2263 3680; x_wconf 86' lang='lat' dir='ltr'><strong>lat</strong></span> <span class='ocrx_word' id='word_1_529' title='bbox 2289 3642 2304 3680; x_wconf 89' lang='lat'>:</span> <span class='ocrx_word' id='word_1_530' title='bbox 2339 3626 2781 3691; x_wconf 81' lang='lat' dir='ltr'><strong>circuitorcs,aut</strong></span> <span class='ocrx_word' id='word_1_531' title='bbox 2802 3627 3119 3682; x_wconf 72' lang='lat' dir='ltr'><strong>lustratam:</strong></span> <span class='ocrx_word' id='word_1_532' title='bbox 3143 3641 3338 3682; x_wconf 83' lang='lat' dir='ltr'><strong>vocare</strong></span> <span class='ocrx_word' id='word_1_533' title='bbox 3368 3628 3587 3698; x_wconf 86' lang='lat' dir='ltr'><strong>possis;</strong></span> <span class='ocrx_word' id='word_1_534' title='bbox 3616 3636 3672 3680; x_wconf 88' lang='lat' dir='ltr'><strong>ut</strong></span> <span class='ocrx_word' id='word_1_535' title='bbox 3690 3630 3763 3678; x_wconf 77' lang='lat' dir='ltr'><strong>est</strong></span> 
     </span>
    </p>
   </div>
   <div class='ocr_carea' id='block_1_84' title="bbox 2186 3716 3759 3777">
    <p class='ocr_par' dir='ltr' id='par_1_84' title="bbox 2186 3716 3759 3777">
     <span class='ocr_line' id='line_1_84' title="bbox 2186 3716 3759 3777; baseline -0.003 -4"><span class='ocrx_word' id='word_1_536' title='bbox 2186 3717 2244 3773; x_wconf 87' lang='lat' dir='ltr'><strong>in</strong></span> <span class='ocrx_word' id='word_1_537' title='bbox 2277 3716 2563 3774; x_wconf 82' lang='lat' dir='ltr'><strong>Glossario</strong></span> <span class='ocrx_word' id='word_1_538' title='bbox 2604 3717 2724 3775; x_wconf 78' lang='lat' dir='ltr'><strong>V&#39;ct.</strong></span> <span class='ocrx_word' id='word_1_539' title='bbox 2762 3718 3053 3775; x_wconf 83' lang='lat' dir='ltr'><strong>Balsamou</strong></span> <span class='ocrx_word' id='word_1_540' title='bbox 3089 3720 3159 3775; x_wconf 84' lang='lat' dir='ltr'><strong>ad</strong></span> <span class='ocrx_word' id='word_1_541' title='bbox 3204 3718 3427 3776; x_wconf 85' lang='lat' dir='ltr'><strong>Laodic.</strong></span> <span class='ocrx_word' id='word_1_542' title='bbox 3460 3734 3590 3777; x_wconf 88' lang='lat' dir='ltr'><strong>can.</strong></span> <span class='ocrx_word' id='word_1_543' title='bbox 3624 3718 3759 3772; x_wconf 88' lang='lat' dir='ltr'><strong>illum</strong></span> 
     </span>
    </p>
   </div>
   <div class='ocr_carea' id='block_1_85' title="bbox 2188 3810 3761 3883">
    <p class='ocr_par' dir='ltr' id='par_1_85' title="bbox 2188 3810 3761 3883">
     <span class='ocr_line' id='line_1_85' title="bbox 2188 3810 3761 3883; baseline -0.004 -17"><span class='ocrx_word' id='word_1_544' title='bbox 2188 3810 2255 3866; x_wconf 79' lang='lat'><strong>57</strong></span> <span class='ocrx_word' id='word_1_545' title='bbox 2290 3833 2302 3867; x_wconf 84' lang='lat'><strong>:</strong></span> <span class='ocrx_word' id='word_1_546' title='bbox 2337 3810 2695 3882; x_wconf 79' lang='grc' dir='ltr'>Περιοδευταὶ</span> <span class='ocrx_word' id='word_1_547' title='bbox 2722 3811 2782 3866; x_wconf 73' lang='grc' dir='ltr'><strong>δέ</strong></span> <span class='ocrx_word' id='word_1_548' title='bbox 2805 3813 2945 3867; x_wconf 82' lang='grc' dir='ltr'>εἰσιν</span> <span class='ocrx_word' id='word_1_549' title='bbox 2981 3813 3033 3866; x_wconf 83' lang='lat' dir='ltr'><strong>ot</strong></span> <span class='ocrx_word' id='word_1_550' title='bbox 3069 3811 3312 3883; x_wconf 79' lang='grc' dir='ltr'><strong>σήμερον</strong></span> <span class='ocrx_word' id='word_1_551' title='bbox 3342 3810 3761 3882; x_wconf 78' lang='grc' dir='ltr'>προϐαλλόμενοι</span> 
     </span>
    </p>
   </div>
   <div class='ocr_carea' id='block_1_86' title="bbox 2189 3895 3763 3974">
    <p class='ocr_par' dir='ltr' id='par_1_86' title="bbox 2189 3895 3763 3974">
     <span class='ocr_line' id='line_1_86' title="bbox 2189 3895 3763 3974; baseline -0.003 -19"><span class='ocrx_word' id='word_1_552' title='bbox 2189 3900 2344 3974; x_wconf 69' lang='grc' dir='ltr'>παρὰ</span> <span class='ocrx_word' id='word_1_553' title='bbox 2372 3902 2481 3956; x_wconf 82' lang='grc' dir='ltr'><strong>τῶν</strong></span> <span class='ocrx_word' id='word_1_554' title='bbox 2515 3903 2834 3957; x_wconf 76' lang='grc' dir='ltr'>ἐπισκόπων</span> <span class='ocrx_word' id='word_1_555' title='bbox 2880 3902 3121 3974; x_wconf 74' lang='grc' dir='ltr'>ἔξαρχοι.</span> <span class='ocrx_word' id='word_1_556' title='bbox 3161 3895 3324 3957; x_wconf 72' lang='grc' dir='ltr'>Οὗτοι</span> <span class='ocrx_word' id='word_1_557' title='bbox 3351 3902 3461 3973; x_wconf 85' lang='grc' dir='ltr'>γὰρ</span> <span class='ocrx_word' id='word_1_558' title='bbox 3504 3901 3763 3973; x_wconf 76' lang='grc' dir='ltr'>περιοὸευο</span> 
     </span>
    </p>
   </div>
   <div class='ocr_carea' id='block_1_87' title="bbox 2186 3994 3762 4067">
    <p class='ocr_par' dir='ltr' id='par_1_87' title="bbox 2186 3994 3762 4067">
     <span class='ocr_line' id='line_1_87' title="bbox 2186 3994 3762 4067; baseline -0.002 -20"><span class='ocrx_word' id='word_1_559' title='bbox 2186 4011 2332 4067; x_wconf 82' lang='grc' dir='ltr'>ουσι,</span> <span class='ocrx_word' id='word_1_560' title='bbox 2363 3996 2460 4048; x_wconf 77' lang='grc' dir='ltr'><strong>καὶ</strong></span> <span class='ocrx_word' id='word_1_561' title='bbox 2484 3995 2814 4067; x_wconf 64' lang='grc' dir='ltr'><strong>ἐπιτηροῦσι</strong></span> <span class='ocrx_word' id='word_1_562' title='bbox 2842 3995 2912 4048; x_wconf 73' lang='grc' dir='ltr'><strong>τὰ</strong></span> <span class='ocrx_word' id='word_1_563' title='bbox 2936 3994 3147 4066; x_wconf 80' lang='grc' dir='ltr'>ψυχικὰ</span> <span class='ocrx_word' id='word_1_564' title='bbox 3180 3994 3495 4065; x_wconf 75' lang='grc' dir='ltr'>σφάλματα,</span> <span class='ocrx_word' id='word_1_565' title='bbox 3526 3995 3621 4048; x_wconf 78' lang='grc' dir='ltr'><strong>καὶ</strong></span> <span class='ocrx_word' id='word_1_566' title='bbox 3645 4009 3762 4045; x_wconf 68' lang='grc' dir='ltr'><strong>κατι</strong></span> 
     </span>
    </p>
   </div>
   <div class='ocr_carea' id='block_1_88' title="bbox 2190 4086 3759 4158">
    <p class='ocr_par' dir='ltr' id='par_1_88' title="bbox 2190 4086 3759 4158">
     <span class='ocr_line' id='line_1_88' title="bbox 2190 4086 3759 4158; baseline -0.002 -18"><span class='ocrx_word' id='word_1_567' title='bbox 2190 4086 2479 4158; x_wconf 74' lang='grc' dir='ltr'>αρτίζουσι</span> <span class='ocrx_word' id='word_1_568' title='bbox 2524 4088 2651 4151; x_wconf 77' lang='grc' dir='ltr'>τοὺς</span> <span class='ocrx_word' id='word_1_569' title='bbox 2706 4087 2960 4151; x_wconf 82' lang='grc' dir='ltr'>πιστούς.</span> <span class='ocrx_word' id='word_1_570' title='bbox 3026 4087 3083 4141; x_wconf 90' lang='lat' dir='ltr'><strong>In</strong></span> <span class='ocrx_word' id='word_1_571' title='bbox 3144 4087 3383 4143; x_wconf 83' lang='lat' dir='ltr'><strong>concilio</strong></span> <span class='ocrx_word' id='word_1_572' title='bbox 3443 4086 3759 4140; x_wconf 69' lang='lat' dir='ltr'><strong>(Ilialcedtm.</strong></span> 
     </span>
    </p>
   </div>
   <div class='ocr_carea' id='block_1_89' title="bbox 2189 4176 3762 4251">
    <p class='ocr_par' dir='ltr' id='par_1_89' title="bbox 2189 4176 3762 4251">
     <span class='ocr_line' id='line_1_89' title="bbox 2189 4176 3762 4251; baseline 0.004 -20"><span class='ocrx_word' id='word_1_573' title='bbox 2189 4176 2310 4232; x_wconf 84' lang='lat' dir='ltr'><strong>Act.</strong></span> <span class='ocrx_word' id='word_1_574' title='bbox 2339 4178 2393 4245; x_wconf 68' lang='grc'><strong>4,</strong></span> <span class='ocrx_word' id='word_1_575' title='bbox 2415 4179 2443 4232; x_wconf 87' lang='grc' dir='ltr'>ὁ</span> <span class='ocrx_word' id='word_1_576' title='bbox 2469 4178 2863 4243; x_wconf 76' lang='grc' dir='ltr'>εὐλαδέπατος</span> <span class='ocrx_word' id='word_1_577' title='bbox 2893 4178 3285 4251; x_wconf 75' lang='grc' dir='ltr'>πρεσϐύτερος,</span> <span class='ocrx_word' id='word_1_578' title='bbox 3314 4180 3411 4233; x_wconf 79' lang='grc' dir='ltr'><strong>καὶ</strong></span> <span class='ocrx_word' id='word_1_579' title='bbox 3430 4176 3762 4250; x_wconf 74' lang='grc' dir='ltr'>περιοὸευτὴς</span> 
     </span>
    </p>
   </div>
   <div class='ocr_carea' id='block_1_90' title="bbox 2206 4270 3762 4341">
    <p class='ocr_par' dir='ltr' id='par_1_90' title="bbox 2206 4270 3762 4341">
     <span class='ocr_line' id='line_1_90' title="bbox 2206 4270 3762 4341; baseline -0.003 -17"><span class='ocrx_word' id='word_1_580' title='bbox 2206 4270 2581 4341; x_wconf 79' lang='grc' dir='ltr'><strong>Ἀλέξανδρος.</strong></span> <span class='ocrx_word' id='word_1_581' title='bbox 2622 4272 2754 4326; x_wconf 81' lang='lat' dir='ltr'><strong>item</strong></span> <span class='ocrx_word' id='word_1_582' title='bbox 2776 4270 2965 4327; x_wconf 76' lang='lat' dir='ltr'><strong>Actor.</strong></span> <span class='ocrx_word' id='word_1_583' title='bbox 3011 4271 3080 4325; x_wconf 80' lang='grc'>10</span> <span class='ocrx_word' id='word_1_584' title='bbox 3114 4272 3170 4326; x_wconf 82' lang='lat' dir='ltr'><strong>in</strong></span> <span class='ocrx_word' id='word_1_585' title='bbox 3202 4271 3386 4326; x_wconf 77' lang='lat' dir='ltr'><strong>libello</strong></span> <span class='ocrx_word' id='word_1_586' title='bbox 3415 4284 3598 4341; x_wconf 78' lang='lat' dir='ltr'><strong>contra</strong></span> <span class='ocrx_word' id='word_1_587' title='bbox 3626 4270 3762 4325; x_wconf 79' lang='lat' dir='ltr'><strong>Ibam</strong></span> 
     </span>
    </p>
   </div>
   <div class='ocr_carea' id='block_1_91' title="bbox 2191 4361 3761 4432">
    <p class='ocr_par' dir='ltr' id='par_1_91' title="bbox 2191 4361 3761 4432">
     <span class='ocr_line' id='line_1_91' title="bbox 2191 4361 3761 4432; baseline -0.004 -14"><span class='ocrx_word' id='word_1_588' title='bbox 2191 4379 2223 4418; x_wconf 85' lang='lat' dir='ltr'><strong>a</strong></span> <span class='ocrx_word' id='word_1_589' title='bbox 2254 4364 2471 4419; x_wconf 82' lang='lat' dir='ltr'><strong>clericis</strong></span> <span class='ocrx_word' id='word_1_590' title='bbox 2502 4362 2798 4420; x_wconf 82' lang='lat' dir='ltr'><strong>Edessenis</strong></span> <span class='ocrx_word' id='word_1_591' title='bbox 2846 4363 3037 4419; x_wconf 77' lang='lat' dir='ltr'><strong>oblato</strong></span> <span class='ocrx_word' id='word_1_592' title='bbox 3072 4382 3086 4418; x_wconf 91' lang='lat'><strong>:</strong></span> <span class='ocrx_word' id='word_1_593' title='bbox 3119 4362 3410 4419; x_wconf 79' lang='grc' dir='ltr'>Βαλέντιὸν</span> <span class='ocrx_word' id='word_1_594' title='bbox 3453 4380 3578 4417; x_wconf 73' lang='grc' dir='ltr'>τινα</span> <span class='ocrx_word' id='word_1_595' title='bbox 3618 4361 3761 4432; x_wconf 75' lang='grc' dir='ltr'>ἐπίρο</span> 
     </span>
    </p>
   </div>
   <div class='ocr_carea' id='block_1_92' title="bbox 2194 4450 3763 4528">
    <p class='ocr_par' dir='ltr' id='par_1_92' title="bbox 2194 4450 3763 4528">
     <span class='ocr_line' id='line_1_92' title="bbox 2194 4450 3763 4528; baseline 0.001 -20"><span class='ocrx_word' id='word_1_596' title='bbox 2194 4457 2360 4526; x_wconf 80' lang='grc' dir='ltr'>ρητον</span> <span class='ocrx_word' id='word_1_597' title='bbox 2392 4456 2586 4526; x_wconf 81' lang='grc' dir='ltr'>ἄνδρα,</span> <span class='ocrx_word' id='word_1_598' title='bbox 2615 4450 2677 4512; x_wconf 74' lang='grc' dir='ltr'><strong>οὗ</strong></span> <span class='ocrx_word' id='word_1_599' title='bbox 2704 4457 2910 4521; x_wconf 79' lang='grc' dir='ltr'>πάντες</span> <span class='ocrx_word' id='word_1_600' title='bbox 2950 4458 2999 4510; x_wconf 86' lang='lat' dir='ltr'><strong>oi</strong></span> <span class='ocrx_word' id='word_1_601' title='bbox 3046 4457 3410 4528; x_wconf 71' lang='grc' dir='ltr'><strong>πγκωμῆται</strong></span> <span class='ocrx_word' id='word_1_602' title='bbox 3442 4457 3763 4527; x_wconf 66' lang='grc' dir='ltr'><strong>κατεϐόησαν</strong></span> 
     </span>
    </p>
   </div>
   <div class='ocr_carea' id='block_1_93' title="bbox 445 4543 3754 4634">
    <p class='ocr_par' dir='ltr' id='par_1_93' title="bbox 445 4543 3754 4634">
     <span class='ocr_line' id='line_1_93' title="bbox 445 4543 3754 4634; baseline 0.001 -40"><span class='ocrx_word' id='word_1_603' title='bbox 445 4585 452 4591; x_wconf 96' lang='grc'><em>.</em></span> <span class='ocrx_word' id='word_1_604' title='bbox 501 4543 625 4599; x_wconf 79' lang='grc' dir='ltr'>σθαι</span> <span class='ocrx_word' id='word_1_605' title='bbox 651 4545 972 4619; x_wconf 80' lang='grc' dir='ltr'>λογισμοὺς,</span> <span class='ocrx_word' id='word_1_606' title='bbox 1002 4552 1100 4604; x_wconf 75' lang='grc' dir='ltr'><strong>καὶ</strong></span> <span class='ocrx_word' id='word_1_607' title='bbox 1125 4552 1346 4620; x_wconf 84' lang='grc' dir='ltr'>ἀφιέναι</span> <span class='ocrx_word' id='word_1_608' title='bbox 1384 4553 1681 4626; x_wconf 76' lang='grc' dir='ltr'><strong>ἁμαρτίας,</strong></span> <span class='ocrx_word' id='word_1_609' title='bbox 1722 4555 1772 4607; x_wconf 82' lang='grc' dir='ltr'>ει</span> <span class='ocrx_word' id='word_1_610' title='bbox 1803 4554 1879 4627; x_wconf 82' lang='grc' dir='ltr'><strong>μὴ</strong></span> <span class='ocrx_word' id='word_1_611' title='bbox 1922 4557 2092 4626; x_wconf 72' lang='grc' dir='ltr'>ἐκχω-</span> <span class='ocrx_word' id='word_1_612' title='bbox 2119 4573 2169 4634; x_wconf 76' lang='lat' dir='ltr'>D</span> <span class='ocrx_word' id='word_1_613' title='bbox 2194 4546 2489 4617; x_wconf 55' lang='grc' dir='ltr'><strong>ὲγγράᾳως</strong></span> <span class='ocrx_word' id='word_1_614' title='bbox 2514 4548 2608 4601; x_wconf 58' lang='grc' dir='ltr'><strong>καὶ⁸</strong></span> <span class='ocrx_word' id='word_1_615' title='bbox 2634 4547 2903 4619; x_wconf 81' lang='grc' dir='ltr'><strong>ἀγράφως</strong></span> <span class='ocrx_word' id='word_1_616' title='bbox 2929 4549 3195 4618; x_wconf 80' lang='grc' dir='ltr'><strong>μοιχείαν,</strong></span> <span class='ocrx_word' id='word_1_617' title='bbox 3221 4550 3317 4603; x_wconf 76' lang='grc' dir='ltr'><strong>καὶ</strong></span> <span class='ocrx_word' id='word_1_618' title='bbox 3340 4548 3754 4620; x_wconf 77' lang='grc' dir='ltr'>ἀρσενοκοιτὶαν,</span> 
     </span>
    </p>
   </div>
   <div class='ocr_carea' id='block_1_94' title="bbox 494 4637 2091 4718">
    <p class='ocr_par' dir='ltr' id='par_1_94' title="bbox 494 4637 2091 4718">
     <span class='ocr_line' id='line_1_94' title="bbox 494 4637 2091 4718; baseline 0.009 -27"><span class='ocrx_word' id='word_1_619' title='bbox 494 4637 713 4709; x_wconf 74' lang='grc' dir='ltr'>ρηθῶσι</span> <span class='ocrx_word' id='word_1_620' title='bbox 743 4640 920 4695; x_wconf 82' lang='grc' dir='ltr'>ταῦτα</span> <span class='ocrx_word' id='word_1_621' title='bbox 947 4644 1103 4717; x_wconf 73' lang='grc' dir='ltr'>παρὰ</span> <span class='ocrx_word' id='word_1_622' title='bbox 1126 4645 1221 4698; x_wconf 77' lang='grc' dir='ltr'><strong>τοῦ</strong></span> <span class='ocrx_word' id='word_1_623' title='bbox 1252 4646 1577 4701; x_wconf 73' lang='grc' dir='ltr'><strong>ἐπισκόπου.</strong></span> <span class='ocrx_word' id='word_1_624' title='bbox 1611 4647 1733 4702; x_wconf 83' lang='lat' dir='ltr'><strong>Non</strong></span> <span class='ocrx_word' id='word_1_625' title='bbox 1758 4661 1978 4718; x_wconf 75' lang='lat' dir='ltr'><strong>possunt</strong></span> <span class='ocrx_word' id='word_1_626' title='bbox 2003 4667 2091 4705; x_wconf 86' lang='lat' dir='ltr'><strong>sa-</strong></span> 
     </span>
    </p>
   </div>
   <div class='ocr_carea' id='block_1_95' title="bbox 500 4728 2088 4811">
    <p class='ocr_par' dir='ltr' id='par_1_95' title="bbox 500 4728 2088 4811">
     <span class='ocr_line' id='line_1_95' title="bbox 500 4728 2088 4811; baseline 0.009 -30"><span class='ocrx_word' id='word_1_627' title='bbox 500 4728 757 4798; x_wconf 72' lang='lat' dir='ltr'><strong>cerdota,</strong></span> <span class='ocrx_word' id='word_1_628' title='bbox 808 4741 868 4786; x_wconf 78' lang='lat' dir='ltr'><strong>ut</strong></span> <span class='ocrx_word' id='word_1_629' title='bbox 918 4749 1012 4787; x_wconf 78' lang='lat' dir='ltr'><strong>nec</strong></span> <span class='ocrx_word' id='word_1_630' title='bbox 1051 4736 1409 4807; x_wconf 71' lang='lat' dir='ltr'><strong>chorepiscopi</strong></span> <span class='ocrx_word' id='word_1_631' title='bbox 1442 4738 1797 4808; x_wconf 81' lang='lat' dir='ltr'><strong>confessiones</strong></span> <span class='ocrx_word' id='word_1_632' title='bbox 1829 4742 2088 4811; x_wconf 76' lang='lat' dir='ltr'><strong>excipere,</strong></span> 
     </span>
    </p>
   </div>
   <div class='ocr_carea' id='block_1_96' title="bbox 501 4827 2091 4900">
    <p class='ocr_par' dir='ltr' id='par_1_96' title="bbox 501 4827 2091 4900">
     <span class='ocr_line' id='line_1_96' title="bbox 501 4827 2091 4900; baseline 0.005 -23"><span class='ocrx_word' id='word_1_633' title='bbox 501 4836 667 4892; x_wconf 70' lang='lat' dir='ltr'><strong>neque</strong></span> <span class='ocrx_word' id='word_1_634' title='bbox 691 4835 909 4893; x_wconf 80' lang='lat' dir='ltr'><strong>peccata</strong></span> <span class='ocrx_word' id='word_1_635' title='bbox 942 4827 1229 4895; x_wconf 78' lang='lat' dir='ltr'><strong>remittere,</strong></span> <span class='ocrx_word' id='word_1_636' title='bbox 1279 4829 1383 4883; x_wconf 82' lang='lat' dir='ltr'><strong>nisi</strong></span> <span class='ocrx_word' id='word_1_637' title='bbox 1415 4829 1482 4883; x_wconf 76' lang='lat' dir='ltr'><strong>ab</strong></span> <span class='ocrx_word' id='word_1_638' title='bbox 1513 4830 1752 4899; x_wconf 80' lang='lat' dir='ltr'><strong>episcopo</strong></span> <span class='ocrx_word' id='word_1_639' title='bbox 1776 4842 2091 4900; x_wconf 76' lang='lat' dir='ltr'><strong>potestatem</strong></span> 
     </span>
    </p>
   </div>
   <div class='ocr_carea' id='block_1_97' title="bbox 501 4912 2094 4995">
    <p class='ocr_par' dir='ltr' id='par_1_97' title="bbox 501 4912 2094 4995">
     <span class='ocr_line' id='line_1_97' title="bbox 501 4912 2094 4995; baseline 0.008 -28"><span class='ocrx_word' id='word_1_640' title='bbox 501 4912 650 4980; x_wconf 78' lang='lat' dir='ltr'><strong>prius</strong></span> <span class='ocrx_word' id='word_1_641' title='bbox 707 4916 1128 4985; x_wconf 80' lang='lat' dir='ltr'><strong>impetraverint.</strong></span> <span class='ocrx_word' id='word_1_642' title='bbox 1183 4921 1362 4991; x_wconf 81' lang='lat' dir='ltr'><strong>Atque</strong></span> <span class='ocrx_word' id='word_1_643' title='bbox 1398 4921 1506 4978; x_wconf 84' lang='lat' dir='ltr'><strong>hoc</strong></span> <span class='ocrx_word' id='word_1_644' title='bbox 1543 4922 1612 4978; x_wconf 90' lang='lat' dir='ltr'><strong>de</strong></span> <span class='ocrx_word' id='word_1_645' title='bbox 1662 4923 1878 4993; x_wconf 80' lang='lat' dir='ltr'><strong>publica</strong></span> <span class='ocrx_word' id='word_1_646' title='bbox 1916 4926 2094 4995; x_wconf 70' lang='lat' dir='ltr'><strong>pretii-</strong></span> 
     </span>
    </p>
   </div>
   <div class='ocr_carea' id='block_1_98' title="bbox 502 5003 2089 5086">
    <p class='ocr_par' dir='ltr' id='par_1_98' title="bbox 502 5003 2089 5086">
     <span class='ocr_line' id='line_1_98' title="bbox 502 5003 2089 5086; baseline 0.008 -28"><span class='ocrx_word' id='word_1_647' title='bbox 502 5003 734 5059; x_wconf 83' lang='lat' dir='ltr'><strong>tentium</strong></span> <span class='ocrx_word' id='word_1_648' title='bbox 782 5009 1234 5065; x_wconf 73' lang='lat' dir='ltr'><strong>reconciliatione</strong></span> <span class='ocrx_word' id='word_1_649' title='bbox 1276 5012 1626 5082; x_wconf 85' lang='lat' dir='ltr'><strong>potissimum</strong></span> <span class='ocrx_word' id='word_1_650' title='bbox 1678 5014 2089 5086; x_wconf 79' lang='lat' dir='ltr'><strong>intelligendum</strong></span> 
     </span>
    </p>
   </div>
   <div class='ocr_carea' id='block_1_99' title="bbox 500 5092 2089 5177">
    <p class='ocr_par' dir='ltr' id='par_1_99' title="bbox 500 5092 2089 5177">
     <span class='ocr_line' id='line_1_99' title="bbox 500 5092 2089 5177; baseline 0.007 -26"><span class='ocrx_word' id='word_1_651' title='bbox 500 5104 606 5162; x_wconf 83' lang='lat' dir='ltr'><strong>est,</strong></span> <span class='ocrx_word' id='word_1_652' title='bbox 637 5112 803 5167; x_wconf 74' lang='lat' dir='ltr'><strong>quam</strong></span> <span class='ocrx_word' id='word_1_653' title='bbox 836 5102 906 5154; x_wconf 85' lang='lat' dir='ltr'><strong>ab</strong></span> <span class='ocrx_word' id='word_1_654' title='bbox 937 5103 1200 5174; x_wconf 87' lang='lat' dir='ltr'><strong>episc0po</strong></span> <span class='ocrx_word' id='word_1_655' title='bbox 1228 5092 1397 5160; x_wconf 84' lang='lat' dir='ltr'><strong>tribui</strong></span> <span class='ocrx_word' id='word_1_656' title='bbox 1425 5120 1664 5162; x_wconf 84' lang='lat' dir='ltr'><strong>canones</strong></span> <span class='ocrx_word' id='word_1_657' title='bbox 1693 5109 2089 5177; x_wconf 62' lang='lat' dir='ltr'><strong>praescribunt:</strong></span> 
     </span>
    </p>
   </div>
   <div class='ocr_carea' id='block_1_100' title="bbox 498 5190 2092 5269">
    <p class='ocr_par' dir='ltr' id='par_1_100' title="bbox 498 5190 2092 5269">
     <span class='ocr_line' id='line_1_100' title="bbox 498 5190 2092 5269; baseline 0.008 -27"><span class='ocrx_word' id='word_1_658' title='bbox 498 5190 650 5246; x_wconf 84' lang='lat' dir='ltr'><strong>velut</strong></span> <span class='ocrx_word' id='word_1_659' title='bbox 671 5191 726 5245; x_wconf 90' lang='lat' dir='ltr'><strong>in</strong></span> <span class='ocrx_word' id='word_1_660' title='bbox 751 5193 1006 5267; x_wconf 79' lang='lat' dir='ltr'><strong>Cartliag.</strong></span> <span class='ocrx_word' id='word_1_661' title='bbox 1029 5212 1090 5251; x_wconf 86' lang='lat' dir='ltr'><strong>Ill</strong></span> <span class='ocrx_word' id='word_1_662' title='bbox 1119 5212 1242 5253; x_wconf 76' lang='lat' dir='ltr'><strong>can.</strong></span> <span class='ocrx_word' id='word_1_663' title='bbox 1273 5198 1344 5255; x_wconf 63' lang='grc' dir='ltr'><strong>’ὀὶ</strong></span> <span class='ocrx_word' id='word_1_664' title='bbox 1369 5216 1383 5253; x_wconf 90' lang='lat'><strong>:</strong></span> <span class='ocrx_word' id='word_1_665' title='bbox 1411 5197 1479 5253; x_wconf 90' lang='lat' dir='ltr'><strong>Ut</strong></span> <span class='ocrx_word' id='word_1_666' title='bbox 1496 5201 1767 5269; x_wconf 80' lang='lat' dir='ltr'><strong>presbyter</strong></span> <span class='ocrx_word' id='word_1_667' title='bbox 1791 5199 2092 5255; x_wconf 80' lang='lat' dir='ltr'><strong>inconsulto</strong></span> 
     </span>
    </p>
   </div>
   <div class='ocr_carea' id='block_1_101' title="bbox 430 5284 2094 5364">
    <p class='ocr_par' dir='ltr' id='par_1_101' title="bbox 430 5284 2094 5364">
     <span class='ocr_line' id='line_1_101' title="bbox 430 5284 2094 5364; baseline 0.007 -27"><span class='ocrx_word' id='word_1_668' title='bbox 430 5326 448 5338; x_wconf 72' lang='grc'>.</span> <span class='ocrx_word' id='word_1_669' title='bbox 500 5284 768 5354; x_wconf 69' lang='lat' dir='ltr'><strong>episcopo,</strong></span> <span class='ocrx_word' id='word_1_670' title='bbox 823 5302 928 5340; x_wconf 83' lang='lat' dir='ltr'><strong>non</strong></span> <span class='ocrx_word' id='word_1_671' title='bbox 955 5290 1255 5344; x_wconf 80' lang='lat' dir='ltr'><strong>reconciliet</strong></span> <span class='ocrx_word' id='word_1_672' title='bbox 1318 5292 1673 5360; x_wconf 75' lang='lat' dir='ltr'><strong>paznitentem.</strong></span> <span class='ocrx_word' id='word_1_673' title='bbox 1709 5291 1819 5348; x_wconf 92' lang='lat' dir='ltr'><strong>Leo</strong></span> <span class='ocrx_word' id='word_1_674' title='bbox 1871 5309 2094 5364; x_wconf 87' lang='lat' dir='ltr'><strong>quoque</strong></span> 
     </span>
    </p>
   </div>
   <div class='ocr_carea' id='block_1_102' title="bbox 503 5376 2095 5457">
    <p class='ocr_par' dir='ltr' id='par_1_102' title="bbox 503 5376 2095 5457">
     <span class='ocr_line' id='line_1_102' title="bbox 503 5376 2095 5457; baseline 0.009 -30"><span class='ocrx_word' id='word_1_675' title='bbox 503 5376 751 5441; x_wconf 75' lang='lat' dir='ltr'><strong>pontifex</strong></span> <span class='ocrx_word' id='word_1_676' title='bbox 791 5379 954 5449; x_wconf 87' lang='lat' dir='ltr'><strong>epist.</strong></span> <span class='ocrx_word' id='word_1_677' title='bbox 978 5380 1047 5435; x_wconf 87' lang='lat'><strong>88</strong></span> <span class='ocrx_word' id='word_1_678' title='bbox 1082 5381 1226 5437; x_wconf 89' lang='lat' dir='ltr'><strong>inter</strong></span> <span class='ocrx_word' id='word_1_679' title='bbox 1267 5399 1356 5452; x_wconf 89' lang='lat' dir='ltr'><strong>ca,</strong></span> <span class='ocrx_word' id='word_1_680' title='bbox 1395 5402 1520 5456; x_wconf 69' lang='lat' dir='ltr'><strong>quae</strong></span> <span class='ocrx_word' id='word_1_681' title='bbox 1549 5387 1653 5442; x_wconf 87' lang='lat' dir='ltr'><strong>soli</strong></span> <span class='ocrx_word' id='word_1_682' title='bbox 1678 5387 1939 5457; x_wconf 84' lang='lat' dir='ltr'><strong>episcopo</strong></span> <span class='ocrx_word' id='word_1_683' title='bbox 1968 5402 2095 5442; x_wconf 87' lang='lat' dir='ltr'><strong>cun-</strong></span> 
     </span>
    </p>
   </div>
   <div class='ocr_carea' id='block_1_103' title="bbox 503 5470 2093 5549">
    <p class='ocr_par' dir='ltr' id='par_1_103' title="bbox 503 5470 2093 5549">
     <span class='ocr_line' id='line_1_103' title="bbox 503 5470 2093 5549; baseline 0.009 -28"><span class='ocrx_word' id='word_1_684' title='bbox 503 5479 679 5535; x_wconf 79' lang='lat' dir='ltr'><strong>cessa,</strong></span> <span class='ocrx_word' id='word_1_685' title='bbox 706 5470 1103 5543; x_wconf 70' lang='lat' dir='ltr'><strong>diorepiscopo</strong></span> <span class='ocrx_word' id='word_1_686' title='bbox 1136 5485 1331 5545; x_wconf 84' lang='lat' dir='ltr'><strong>negata</strong></span> <span class='ocrx_word' id='word_1_687' title='bbox 1361 5477 1496 5533; x_wconf 88' lang='lat' dir='ltr'><strong>dicit</strong></span> <span class='ocrx_word' id='word_1_688' title='bbox 1515 5519 1530 5544; x_wconf 90' lang='lat'><strong>,</strong></span> <span class='ocrx_word' id='word_1_689' title='bbox 1562 5479 1667 5534; x_wconf 85' lang='lat' dir='ltr'><strong>boc</strong></span> <span class='ocrx_word' id='word_1_690' title='bbox 1694 5479 1873 5549; x_wconf 90' lang='lat' dir='ltr'><strong>ipsum</strong></span> <span class='ocrx_word' id='word_1_691' title='bbox 1903 5495 2093 5535; x_wconf 71' lang='lat' dir='ltr'><strong>recru-</strong></span> 
     </span>
    </p>
   </div>
   <div class='ocr_carea' id='block_1_104' title="bbox 505 5559 2098 5643">
    <p class='ocr_par' dir='ltr' id='par_1_104' title="bbox 505 5559 2098 5643">
     <span class='ocr_line' id='line_1_104' title="bbox 505 5559 2098 5643; baseline 0.011 -33"><span class='ocrx_word' id='word_1_692' title='bbox 505 5570 588 5612; x_wconf 67' lang='grc' dir='ltr'><strong>σοι</strong></span> <span class='ocrx_word' id='word_1_693' title='bbox 618 5578 633 5615; x_wconf 87' lang='lat'><strong>:</strong></span> <span class='ocrx_word' id='word_1_694' title='bbox 670 5559 875 5630; x_wconf 81' lang='lat' dir='ltr'><strong>Neque,</strong></span> <span class='ocrx_word' id='word_1_695' title='bbox 911 5564 1110 5634; x_wconf 86' lang='lat' dir='ltr'><strong>inquit,</strong></span> <span class='ocrx_word' id='word_1_696' title='bbox 1145 5567 1355 5636; x_wconf 78' lang='lat' dir='ltr'><strong>publice</strong></span> <span class='ocrx_word' id='word_1_697' title='bbox 1386 5571 1595 5639; x_wconf 79' lang='lat' dir='ltr'><strong>quidem</strong></span> <span class='ocrx_word' id='word_1_698' title='bbox 1636 5573 1691 5626; x_wconf 82' lang='lat' dir='ltr'><strong>in</strong></span> <span class='ocrx_word' id='word_1_699' title='bbox 1722 5572 1888 5627; x_wconf 78' lang='lat' dir='ltr'><strong>missa</strong></span> <span class='ocrx_word' id='word_1_700' title='bbox 1915 5589 2098 5643; x_wconf 82' lang='lat' dir='ltr'><strong>quem-</strong></span> 
     </span>
    </p>
   </div>
   <div class='ocr_carea' id='block_1_105' title="bbox 505 5655 2095 5728">
    <p class='ocr_par' dir='ltr' id='par_1_105' title="bbox 505 5655 2095 5728">
     <span class='ocr_line' id='line_1_105' title="bbox 505 5655 2095 5728; baseline 0.012 -26"><span class='ocrx_word' id='word_1_701' title='bbox 505 5664 663 5715; x_wconf 72' lang='lat' dir='ltr'><strong>quam</strong></span> <span class='ocrx_word' id='word_1_702' title='bbox 686 5655 1021 5721; x_wconf 75' lang='lat' dir='ltr'><strong>paenitentcm</strong></span> <span class='ocrx_word' id='word_1_703' title='bbox 1038 5661 1377 5715; x_wconf 72' lang='lat' dir='ltr'><strong>reconciliare</strong></span> <span class='ocrx_word' id='word_1_704' title='bbox 1424 5664 1579 5728; x_wconf 71' lang='lat' dir='ltr'><strong>Quod</strong></span> <span class='ocrx_word' id='word_1_705' title='bbox 1607 5679 1714 5719; x_wconf 90' lang='lat' dir='ltr'><strong>una</strong></span> <span class='ocrx_word' id='word_1_706' title='bbox 1734 5679 1858 5718; x_wconf 88' lang='lat' dir='ltr'><strong>cum</strong></span> <span class='ocrx_word' id='word_1_707' title='bbox 1883 5664 2095 5721; x_wconf 75' lang='lat' dir='ltr'><strong>czcteris</strong></span> 
     </span>
    </p>
   </div>
   <div class='ocr_carea' id='block_1_106' title="bbox 505 5740 2095 5816">
    <p class='ocr_par' dir='ltr' id='par_1_106' title="bbox 505 5740 2095 5816">
     <span class='ocr_line' id='line_1_106' title="bbox 505 5740 2095 5816; baseline 0.012 -21"><span class='ocrx_word' id='word_1_708' title='bbox 505 5740 563 5804; x_wconf 60' lang='lat' dir='ltr'><strong>ijn</strong></span> <span class='ocrx_word' id='word_1_709' title='bbox 607 5747 895 5816; x_wconf 83' lang='lat' dir='ltr'><strong>epistolam</strong></span> <span class='ocrx_word' id='word_1_710' title='bbox 942 5767 1099 5808; x_wconf 82' lang='lat' dir='ltr'><strong>suam</strong></span> <span class='ocrx_word' id='word_1_711' title='bbox 1150 5754 1418 5811; x_wconf 73' lang='lat' dir='ltr'><strong>Daniasus</strong></span> <span class='ocrx_word' id='word_1_712' title='bbox 1453 5774 1518 5811; x_wconf 65' lang='lat' dir='ltr'><strong>ex</strong></span> <span class='ocrx_word' id='word_1_713' title='bbox 1558 5757 1649 5812; x_wconf 87' lang='lat' dir='ltr'><strong>illa</strong></span> <span class='ocrx_word' id='word_1_714' title='bbox 1682 5756 1882 5813; x_wconf 72' lang='lat' dir='ltr'><strong>Leonis</strong></span> <span class='ocrx_word' id='word_1_715' title='bbox 1915 5767 2095 5814; x_wconf 76' lang='lat' dir='ltr'><strong>trans-</strong></span> 
     </span>
    </p>
   </div>
   <div class='ocr_carea' id='block_1_107' title="bbox 510 5838 650 5893">
    <p class='ocr_par' dir='ltr' id='par_1_107' title="bbox 510 5838 650 5893">
     <span class='ocr_line' id='line_1_107' title="bbox 510 5838 650 5893; baseline 0.014 -2"><span class='ocrx_word' id='word_1_716' title='bbox 510 5838 650 5893; x_wconf 87' lang='lat' dir='ltr'><strong>tulit.</strong></span> 
     </span>
    </p>
   </div>
   <div class='ocr_carea' id='block_1_108' title="bbox 2193 4634 3750 4713">
    <p class='ocr_par' dir='ltr' id='par_1_108' title="bbox 2193 4634 3750 4713">
     <span class='ocr_line' id='line_1_108' title="bbox 2193 4634 3750 4713; baseline -0.004 -20"><span class='ocrx_word' id='word_1_717' title='bbox 2193 4640 2573 4712; x_wconf 78' lang='grc' dir='ltr'>ἐχειροτόνησε</span> <span class='ocrx_word' id='word_1_718' title='bbox 2634 4640 3043 4713; x_wconf 79' lang='grc' dir='ltr'>πρεσὸύτερον,</span> <span class='ocrx_word' id='word_1_719' title='bbox 3101 4639 3196 4695; x_wconf 76' lang='grc' dir='ltr'>καὶ</span> <span class='ocrx_word' id='word_1_720' title='bbox 3252 4640 3623 4713; x_wconf 80' lang='grc' dir='ltr'>περιοδευτήν.</span> <span class='ocrx_word' id='word_1_721' title='bbox 3683 4634 3750 4689; x_wconf 86' lang='lat' dir='ltr'><strong>lbi</strong></span> 
     </span>
    </p>
   </div>
   <div class='ocr_carea' id='block_1_109' title="bbox 2192 4731 3750 4805">
    <p class='ocr_par' dir='ltr' id='par_1_109' title="bbox 2192 4731 3750 4805">
     <span class='ocr_line' id='line_1_109' title="bbox 2192 4731 3750 4805; baseline -0.003 -20"><span class='ocrx_word' id='word_1_722' title='bbox 2192 4742 2592 4803; x_wconf 77' lang='lat' dir='ltr'><strong>procuratorem</strong></span> <span class='ocrx_word' id='word_1_723' title='bbox 2641 4731 2872 4788; x_wconf 86' lang='lat' dir='ltr'><strong>Latinus</strong></span> <span class='ocrx_word' id='word_1_724' title='bbox 2926 4735 3195 4805; x_wconf 81' lang='lat' dir='ltr'><strong>interpres</strong></span> <span class='ocrx_word' id='word_1_725' title='bbox 3251 4734 3417 4789; x_wconf 77' lang='lat' dir='ltr'><strong>vertit</strong></span> <span class='ocrx_word' id='word_1_726' title='bbox 3452 4752 3469 4789; x_wconf 89' lang='lat'><strong>:</strong></span> <span class='ocrx_word' id='word_1_727' title='bbox 3500 4734 3627 4789; x_wconf 88' lang='lat' dir='ltr'><strong>alibi</strong></span> <span class='ocrx_word' id='word_1_728' title='bbox 3657 4731 3750 4784; x_wconf 83' lang='lat' dir='ltr'><strong>cir-</strong></span> 
     </span>
    </p>
   </div>
   <div class='ocr_carea' id='block_1_110' title="bbox 2193 4820 3764 4900">
    <p class='ocr_par' dir='ltr' id='par_1_110' title="bbox 2193 4820 3764 4900">
     <span class='ocr_line' id='line_1_110' title="bbox 2193 4820 3764 4900; baseline -0.005 -19"><span class='ocrx_word' id='word_1_729' title='bbox 2193 4826 2476 4881; x_wconf 81' lang='lat' dir='ltr'><strong>cuitorcm.</strong></span> <span class='ocrx_word' id='word_1_730' title='bbox 2507 4825 2632 4882; x_wconf 80' lang='lat' dir='ltr'><strong>Fuit</strong></span> <span class='ocrx_word' id='word_1_731' title='bbox 2660 4826 2825 4897; x_wconf 81' lang='lat' dir='ltr'><strong>igitur</strong></span> <span class='ocrx_word' id='word_1_732' title='bbox 2861 4828 3218 4900; x_wconf 80' lang='grc' dir='ltr'>περιοδευτής</span> <span class='ocrx_word' id='word_1_733' title='bbox 3247 4826 3549 4899; x_wconf 79' lang='lat' dir='ltr'><strong>presbyter,</strong></span> <span class='ocrx_word' id='word_1_734' title='bbox 3578 4833 3633 4880; x_wconf 86' lang='lat' dir='ltr'><strong>ct</strong></span> <span class='ocrx_word' id='word_1_735' title='bbox 3658 4820 3764 4891; x_wconf 78' lang='lat' dir='ltr'><strong>qui-</strong></span> 
     </span>
    </p>
   </div>
   <div class='ocr_carea' id='block_1_111' title="bbox 2191 4915 3760 4989">
    <p class='ocr_par' dir='ltr' id='par_1_111' title="bbox 2191 4915 3760 4989">
     <span class='ocr_line' id='line_1_111' title="bbox 2191 4915 3760 4989; baseline -0.006 -17"><span class='ocrx_word' id='word_1_736' title='bbox 2191 4917 2316 4973; x_wconf 87' lang='lat' dir='ltr'><strong>dem</strong></span> <span class='ocrx_word' id='word_1_737' title='bbox 2345 4917 2406 4970; x_wconf 80' lang='grc' dir='ltr'><strong>ἐν</strong></span> <span class='ocrx_word' id='word_1_738' title='bbox 2442 4915 2658 4987; x_wconf 82' lang='grc' dir='ltr'>κώμαις</span> <span class='ocrx_word' id='word_1_739' title='bbox 2689 4917 3089 4989; x_wconf 71' lang='lat' dir='ltr'><strong>clior-episcopo</strong></span> <span class='ocrx_word' id='word_1_740' title='bbox 3118 4917 3477 4973; x_wconf 84' lang='lat' dir='ltr'><strong>substitutus.</strong></span> <span class='ocrx_word' id='word_1_741' title='bbox 3506 4916 3760 4971; x_wconf 62' lang='lat' dir='ltr'><strong>Caeterum</strong></span> 
     </span>
    </p>
   </div>
   <div class='ocr_carea' id='block_1_112' title="bbox 2194 5009 3760 5079">
    <p class='ocr_par' dir='ltr' id='par_1_112' title="bbox 2194 5009 3760 5079">
     <span class='ocr_line' id='line_1_112' title="bbox 2194 5009 3760 5079; baseline -0.006 -14"><span class='ocrx_word' id='word_1_742' title='bbox 2194 5025 2319 5065; x_wconf 86' lang='lat' dir='ltr'><strong>cum</strong></span> <span class='ocrx_word' id='word_1_743' title='bbox 2351 5009 2743 5065; x_wconf 79' lang='lat' dir='ltr'><strong>ecclesiasticae</strong></span> <span class='ocrx_word' id='word_1_744' title='bbox 2773 5023 2907 5078; x_wconf 83' lang='lat' dir='ltr'><strong>Opes</strong></span> <span class='ocrx_word' id='word_1_745' title='bbox 2936 5025 3002 5064; x_wconf 88' lang='lat' dir='ltr'><strong>ac</strong></span> <span class='ocrx_word' id='word_1_746' title='bbox 3033 5009 3303 5079; x_wconf 66' lang='lat' dir='ltr'><strong>pecuniae,</strong></span> <span class='ocrx_word' id='word_1_747' title='bbox 3344 5022 3469 5078; x_wconf 71' lang='lat' dir='ltr'><strong>qua:</strong></span> <span class='ocrx_word' id='word_1_748' title='bbox 3492 5019 3680 5076; x_wconf 78' lang='lat' dir='ltr'><strong>magna</strong></span> <span class='ocrx_word' id='word_1_749' title='bbox 3703 5014 3760 5057; x_wconf 79' lang='lat' dir='ltr'><strong>ex</strong></span> 
     </span>
    </p>
   </div>
   <div class='ocr_carea' id='block_1_113' title="bbox 2195 5098 3762 5173">
    <p class='ocr_par' dir='ltr' id='par_1_113' title="bbox 2195 5098 3762 5173">
     <span class='ocr_line' id='line_1_113' title="bbox 2195 5098 3762 5173; baseline -0.001 -19"><span class='ocrx_word' id='word_1_750' title='bbox 2195 5110 2351 5173; x_wconf 85' lang='lat' dir='ltr'><strong>parte</strong></span> <span class='ocrx_word' id='word_1_751' title='bbox 2372 5102 2427 5156; x_wconf 92' lang='lat' dir='ltr'><strong>in</strong></span> <span class='ocrx_word' id='word_1_752' title='bbox 2454 5117 2590 5156; x_wconf 81' lang='lat' dir='ltr'><strong>usus</strong></span> <span class='ocrx_word' id='word_1_753' title='bbox 2608 5116 2912 5172; x_wconf 78' lang='lat' dir='ltr'><strong>pauperum</strong></span> <span class='ocrx_word' id='word_1_754' title='bbox 2938 5100 3383 5165; x_wconf 86' lang='lat' dir='ltr'><strong>insumebantur,</strong></span> <span class='ocrx_word' id='word_1_755' title='bbox 3409 5098 3626 5153; x_wconf 82' lang='lat' dir='ltr'><strong>rusticis</strong></span> <span class='ocrx_word' id='word_1_756' title='bbox 3647 5107 3762 5163; x_wconf 82' lang='lat' dir='ltr'><strong>quo-</strong></span> 
     </span>
    </p>
   </div>
   <div class='ocr_carea' id='block_1_114' title="bbox 2194 5188 3758 5265">
    <p class='ocr_par' dir='ltr' id='par_1_114' title="bbox 2194 5188 3758 5265">
     <span class='ocr_line' id='line_1_114' title="bbox 2194 5188 3758 5265; baseline -0.006 -18"><span class='ocrx_word' id='word_1_757' title='bbox 2194 5210 2304 5265; x_wconf 85' lang='lat' dir='ltr'><strong>que</strong></span> <span class='ocrx_word' id='word_1_758' title='bbox 2345 5194 2568 5264; x_wconf 67' lang='lat' dir='ltr'><strong>priediis</strong></span> <span class='ocrx_word' id='word_1_759' title='bbox 2618 5193 3065 5259; x_wconf 77' lang='lat' dir='ltr'><strong>continerentur,</strong></span> <span class='ocrx_word' id='word_1_760' title='bbox 3117 5192 3246 5247; x_wconf 87' lang='lat' dir='ltr'><strong>inde</strong></span> <span class='ocrx_word' id='word_1_761' title='bbox 3278 5192 3484 5246; x_wconf 80' lang='lat' dir='ltr'><strong>factum</strong></span> <span class='ocrx_word' id='word_1_762' title='bbox 3520 5188 3758 5247; x_wconf 83' lang='lat' dir='ltr'><strong>arbitror,</strong></span> 
     </span>
    </p>
   </div>
   <div class='ocr_carea' id='block_1_115' title="bbox 2198 5283 3755 5356">
    <p class='ocr_par' dir='ltr' id='par_1_115' title="bbox 2198 5283 3755 5356">
     <span class='ocr_line' id='line_1_115' title="bbox 2198 5283 3755 5356; baseline -0.008 -14"><span class='ocrx_word' id='word_1_763' title='bbox 2198 5297 2259 5342; x_wconf 93' lang='lat' dir='ltr'><strong>ut</strong></span> <span class='ocrx_word' id='word_1_764' title='bbox 2283 5303 2476 5342; x_wconf 87' lang='lat' dir='ltr'><strong>earum</strong></span> <span class='ocrx_word' id='word_1_765' title='bbox 2504 5302 2689 5341; x_wconf 73' lang='lat' dir='ltr'><strong>rerum</strong></span> <span class='ocrx_word' id='word_1_766' title='bbox 2718 5287 2931 5342; x_wconf 89' lang='lat' dir='ltr'><strong>curatio</strong></span> <span class='ocrx_word' id='word_1_767' title='bbox 2961 5285 3376 5356; x_wconf 84' lang='lat' dir='ltr'><strong>cborcpiscopis</strong></span> <span class='ocrx_word' id='word_1_768' title='bbox 3404 5283 3755 5339; x_wconf 79' lang='lat' dir='ltr'><strong>mandaretur.</strong></span> 
     </span>
    </p>
   </div>
   <div class='ocr_carea' id='block_1_116' title="bbox 2195 5372 3759 5450">
    <p class='ocr_par' dir='ltr' id='par_1_116' title="bbox 2195 5372 3759 5450">
     <span class='ocr_line' id='line_1_116' title="bbox 2195 5372 3759 5450; baseline -0.009 -14"><span class='ocrx_word' id='word_1_769' title='bbox 2195 5372 2467 5446; x_wconf 65' lang='lat' dir='ltr'><strong>Quocirtfa</strong></span> <span class='ocrx_word' id='word_1_770' title='bbox 2519 5378 2816 5450; x_wconf 81' lang='lat' dir='ltr'><strong>peculiaris</strong></span> <span class='ocrx_word' id='word_1_771' title='bbox 2855 5377 2973 5433; x_wconf 69' lang='lat' dir='ltr'><strong>haec</strong></span> <span class='ocrx_word' id='word_1_772' title='bbox 3013 5378 3259 5447; x_wconf 85' lang='lat' dir='ltr'><strong>ipsorum</strong></span> <span class='ocrx_word' id='word_1_773' title='bbox 3300 5376 3510 5431; x_wconf 80' lang='lat' dir='ltr'><strong>functio</strong></span> <span class='ocrx_word' id='word_1_774' title='bbox 3544 5374 3667 5435; x_wconf 79' lang='lat' dir='ltr'><strong>fuit,</strong></span> <span class='ocrx_word' id='word_1_775' title='bbox 3709 5377 3759 5423; x_wconf 87' lang='lat' dir='ltr'><strong>ut</strong></span> 
     </span>
    </p>
   </div>
   <div class='ocr_carea' id='block_1_117' title="bbox 2196 5469 3756 5538">
    <p class='ocr_par' dir='ltr' id='par_1_117' title="bbox 2196 5469 3756 5538">
     <span class='ocr_line' id='line_1_117' title="bbox 2196 5469 3756 5538; baseline -0.009 -9"><span class='ocrx_word' id='word_1_776' title='bbox 2196 5472 2443 5529; x_wconf 59' lang='lat' dir='ltr'><strong>Neocaes.</strong></span> <span class='ocrx_word' id='word_1_777' title='bbox 2494 5486 2674 5527; x_wconf 79' lang='lat' dir='ltr'><strong>canon</strong></span> <span class='ocrx_word' id='word_1_778' title='bbox 2727 5471 2795 5525; x_wconf 78' lang='grc'><strong>15</strong></span> <span class='ocrx_word' id='word_1_779' title='bbox 2844 5470 3122 5532; x_wconf 83' lang='lat' dir='ltr'><strong>admonet,</strong></span> <span class='ocrx_word' id='word_1_780' title='bbox 3158 5470 3228 5524; x_wconf 79' lang='lat' dir='ltr'><strong>ad</strong></span> <span class='ocrx_word' id='word_1_781' title='bbox 3264 5486 3427 5538; x_wconf 77' lang='lat' dir='ltr'><strong>quem</strong></span> <span class='ocrx_word' id='word_1_782' title='bbox 3486 5469 3756 5523; x_wconf 79' lang='lat' dir='ltr'><strong>Balsamou</strong></span> 
     </span>
    </p>
   </div>
   <div class='ocr_carea' id='block_1_118' title="bbox 2195 5554 3758 5637">
    <p class='ocr_par' dir='ltr' id='par_1_118' title="bbox 2195 5554 3758 5637">
     <span class='ocr_line' id='line_1_118' title="bbox 2195 5554 3758 5637; baseline -0.01 -15"><span class='ocrx_word' id='word_1_783' title='bbox 2195 5566 2267 5622; x_wconf 83' lang='grc' dir='ltr'><strong>τὰ</strong></span> <span class='ocrx_word' id='word_1_784' title='bbox 2300 5565 2544 5637; x_wconf 87' lang='grc' dir='ltr'>κυριακὰ</span> <span class='ocrx_word' id='word_1_785' title='bbox 2602 5565 2700 5619; x_wconf 78' lang='grc' dir='ltr'><strong>καὶ</strong></span> <span class='ocrx_word' id='word_1_786' title='bbox 2733 5562 2990 5635; x_wconf 74' lang='grc' dir='ltr'>πτωχικὰ</span> <span class='ocrx_word' id='word_1_787' title='bbox 3042 5563 3304 5634; x_wconf 82' lang='grc' dir='ltr'><strong>χρήματα</strong></span> <span class='ocrx_word' id='word_1_788' title='bbox 3353 5557 3651 5631; x_wconf 75' lang='lat' dir='ltr'><strong>dispensari</strong></span> <span class='ocrx_word' id='word_1_789' title='bbox 3698 5554 3758 5608; x_wconf 87' lang='lat' dir='ltr'><strong>ab</strong></span> 
     </span>
    </p>
   </div>
   <div class='ocr_carea' id='block_1_119' title="bbox 2198 5648 3755 5726">
    <p class='ocr_par' dir='ltr' id='par_1_119' title="bbox 2198 5648 3755 5726">
     <span class='ocr_line' id='line_1_119' title="bbox 2198 5648 3755 5726; baseline -0.01 -11"><span class='ocrx_word' id='word_1_790' title='bbox 2198 5660 2309 5715; x_wconf 85' lang='lat' dir='ltr'><strong>illis</strong></span> <span class='ocrx_word' id='word_1_791' title='bbox 2339 5660 2586 5713; x_wconf 84' lang='lat' dir='ltr'><strong>adnotat.</strong></span> <span class='ocrx_word' id='word_1_792' title='bbox 2626 5656 2873 5711; x_wconf 80' lang='lat' dir='ltr'><strong>Zonaras</strong></span> <span class='ocrx_word' id='word_1_793' title='bbox 2909 5669 3134 5726; x_wconf 86' lang='lat' dir='ltr'><strong>quoque</strong></span> <span class='ocrx_word' id='word_1_794' title='bbox 3169 5671 3183 5707; x_wconf 89' lang='lat'><strong>:</strong></span> <span class='ocrx_word' id='word_1_795' title='bbox 3234 5654 3348 5717; x_wconf 78' lang='grc' dir='ltr'>Τὰς</span> <span class='ocrx_word' id='word_1_796' title='bbox 3379 5654 3488 5723; x_wconf 77' lang='grc' dir='ltr'><strong>γὰρ</strong></span> <span class='ocrx_word' id='word_1_797' title='bbox 3517 5650 3620 5704; x_wconf 82' lang='grc' dir='ltr'><strong>τῶν</strong></span> <span class='ocrx_word' id='word_1_798' title='bbox 3652 5648 3755 5700; x_wconf 66' lang='grc' dir='ltr'><strong>Ἐκ-</strong></span> 
     </span>
    </p>
   </div>
   <div class='ocr_carea' id='block_1_120' title="bbox 2198 5740 3758 5823">
    <p class='ocr_par' dir='ltr' id='par_1_120' title="bbox 2198 5740 3758 5823">
     <span class='ocr_line' id='line_1_120' title="bbox 2198 5740 3758 5823; baseline -0.008 -18"><span class='ocrx_word' id='word_1_799' title='bbox 2198 5750 2463 5822; x_wconf 82' lang='grc' dir='ltr'><strong>κλησιῶν,</strong></span> <span class='ocrx_word' id='word_1_800' title='bbox 2482 5744 2561 5807; x_wconf 79' lang='grc' dir='ltr'><strong>ὧν</strong></span> <span class='ocrx_word' id='word_1_801' title='bbox 2587 5748 2938 5823; x_wconf 77' lang='grc' dir='ltr'>προϊσταντο,</span> <span class='ocrx_word' id='word_1_802' title='bbox 2964 5747 3262 5819; x_wconf 77' lang='grc' dir='ltr'>προσόδους</span> <span class='ocrx_word' id='word_1_803' title='bbox 3297 5748 3378 5810; x_wconf 74' lang='grc' dir='ltr'><strong>εἰς</strong></span> <span class='ocrx_word' id='word_1_804' title='bbox 3427 5741 3665 5814; x_wconf 72' lang='grc' dir='ltr'>πτωχοὺς</span> <span class='ocrx_word' id='word_1_805' title='bbox 3684 5740 3758 5791; x_wconf 70' lang='grc' dir='ltr'><strong>ἀνι</strong></span> 
     </span>
    </p>
   </div>
   <div class='ocr_carea' id='block_1_121' title="bbox 2201 5840 3753 5917">
    <p class='ocr_par' dir='ltr' id='par_1_121' title="bbox 2201 5840 3753 5917">
     <span class='ocr_line' id='line_1_121' title="bbox 2201 5840 3753 5917; baseline -0.006 -17"><span class='ocrx_word' id='word_1_806' title='bbox 2201 5846 2451 5900; x_wconf 74' lang='grc' dir='ltr'>αλισκειν</span> <span class='ocrx_word' id='word_1_807' title='bbox 2467 5843 2836 5917; x_wconf 77' lang='grc' dir='ltr'>ὤφειλον,καὶ</span> <span class='ocrx_word' id='word_1_808' title='bbox 2870 5841 3212 5916; x_wconf 76' lang='grc' dir='ltr'>προνοεῖσθαι</span> <span class='ocrx_word' id='word_1_809' title='bbox 3246 5841 3444 5899; x_wconf 77' lang='grc' dir='ltr'><strong>αὐτῶν.</strong></span> <span class='ocrx_word' id='word_1_810' title='bbox 3482 5840 3612 5893; x_wconf 75' lang='lat' dir='ltr'><strong>Tum</strong></span> <span class='ocrx_word' id='word_1_811' title='bbox 3643 5844 3753 5887; x_wconf 71' lang='lat' dir='ltr'><strong>vero</strong></span> 
     </span>
    </p>
   </div>
  </div>
