4064 6406
360 403 487 459 i053

1580 403 1666 459 DE
1706 406 1977 467 DUI‘IJCI
2015 414 2249 473 CYCUL

3481 425 3623 483 ιιιξςι

354 513 623 569 Damasus
656 530 669 566 :
706 512 810 568 Sed
844 516 990 582 quia,
1035 512 1141 569 Deo
1180 515 1404 584 gratias,
1441 519 1599 569 modo
1637 525 1910 577 necessarii

2052 531 2278 585 termitti
2316 530 2470 585 uetas
2506 529 2759 585 arbitror.
2792 527 2851 583 In
2898 530 3090 601 primis
3124 532 3357 591 Basilius
3390 536 3617 604 cpissola

346 606 485 659 sicut
539 605 596 658 in
643 606 918 674 primitiae
967 604 1231 673 Ecclesia,
1262 616 1474 676 propter
1500 608 1760 675 studium,
1789 614 1928 682 quod

342 712 469 766 erga
494 710 755 766 pauperes
782 697 1080 768 exigebant,
1124 715 1229 753 non
1254 708 1399 767 sunt,
1432 708 1537 756 etc.
1566 700 1695 758 Cor.
1718 703 1930 759 exhibe.

344 790 470 844 bant
511 803 577 844 ex
632 787 827 844 Latina
876 789 1111 846 canonis
1151 790 1396 849 Neocm.
1450 793 1924 865 interpretatione,

345 892 513 949 quam
548 892 620 934 ex
650 876 915 949 Dionysio
948 878 1163 948 Exiguo
1200 879 1472 939 Damasus
1497 884 1588 939 ille
1611 885 1906 957 descripsit

338 981 401 1027 ut
428 971 512 1027 vel
543 986 612 1026 ex
640 971 746 1027 hoc
772 971 894 1041 ipso
917 980 1246 1029 vetustatem
1273 974 1396 1045 ejus
1418 990 1709 1046 agnoscas,
1733 995 1923 1049 quern-

337 1061 632 1118 adtnodum
660 1071 717 1117 et
750 1077 815 1118 ex
852 1062 945 1117 illa
972 1063 1231 1134 loquendi
1265 1067 1480 1122 ratione
1509 1085 1523 1121 :
1553 1068 1692 1123 sicut
1729 1070 1784 1124 in
1813 1070 1925 1137 pri-

336 1154 524 1208 mitiae
554 1152 838 1219 Ecclesia;
864 1169 930 1210 ac
958 1163 1238 1225 postremo
1263 1157 1430 1213 etiam
1459 1173 1527 1214 ex
1559 1174 1624 1215 eo
1651 1161 1796 1231 quod
1819 1161 1925 1218 sub

331 1244 580 1315 epistola
612 1244 776 1300 tinem
809 1246 878 1300 de
916 1244 1089 1300 Paulo
1130 1246 1203 1301 ita
1242 1248 1488 1318 loquitur
1519 1268 1534 1307 :
1578 1251 1715 1305 Cum
1760 1253 1923 1306 etiam

332 1337 569 1406 egregius
618 1335 940 1404 praedicator
964 1338 1157 1392 dicat:
1189 1339 1466 1407 quomodo
1529 1339 1759 1395 Paulum
1794 1342 1921 1397 ἀντ·

331 1426 726 1497 ωνομαστικῶς
745 1426 1113 1499 Gregoriusin
1149 1429 1373 1484 humilia
1400 1430 1468 1483 37
1497 1430 1553 1483 in
1584 1429 1788 1502 Evang.
1820 1448 1919 1487 vo-

331 1527 441 1574 cat.
483 1519 618 1585 Quas
647 1522 856 1585 omnia,
910 1530 971 1576 ιιι
1011 1529 1068 1575 ct
1100 1521 1208 1577 alia
1246 1530 1528 1587 sexcenta,
1560 1525 1918 1581 recentiorem

331 1612 576 1665 aut-toris
605 1623 822 1667 auatem
852 1612 1134 1683 detegunt.
1180 1614 1480 1684 Πτωχικῶν
1510 1616 1833 1687 χρημάτων,
1865 1625 1921 1672 et

329 1710 611 1755 certorum
646 1702 956 1769 hominum,
989 1704 1083 1773 qui
1119 1705 1386 1775 pecunias
1418 1705 1540 1760 illas
1564 1707 1919 1764 administra-

330 1791 482 1856 bant,
506 1792 754 1848 meminit
776 1792 1042 1865 Synesius
1059 1795 1113 1850 in
1146 1795 1417 1852 luculenta
1439 1797 1530 1852 illa
1557 1798 1785 1868 epistola
1806 1799 1915 1855 67:

2046 636 2215 690 quam
2249 621 2540 677 Balsamon
2571 622 2711 677 inter
2732 621 3042 679 Decretales
3070 625 3275 694 posuit,
3303 628 3615 696 antiquissi-

2046 726 2197 766 mum
2252 713 2404 770 hunc
2446 714 2501 770 in
2539 712 2781 770 Ecclesia
2815 716 2978 770 ritum
3014 714 3185 771 fuisse
3219 718 3398 781 docet,
3436 728 3497 774 ut
3522 719 3618 788 qui

2046 805 2115 859 ad
2149 804 2414 861 Ecclesia
2441 805 2809 863 ministerium
2837 807 3248 872 adhiberentur,
3277 824 3306 862 a
3336 810 3616 880 presbyte-

2037 890 2130 946 ris
2165 899 2222 946 et
2263 892 2518 950 diaconis
2561 902 2689 950 ante.
2732 896 2919 950 omnia
2964 897 3178 965 probati
3211 898 3614 970 chorepiscopis

2034 984 2578 1051 commendarentur,
2605 986 2669 1042 02
2698 986 2799 1050 τὰς
2830 986 2984 1057 παρὰ
3030 987 3140 1042 τῶν
3174 988 3443 1060 ἀληθινῶς
3483 1008 3618 1064 μαρ-

2031 1071 2342 1143 τυρούντων
2394 1072 2679 1144 δεξάμενοι
2734 1075 2947 1145 ψήφους
2970 1114 2987 1139 ,
3051 1074 3147 1128 καὶ
3205 1076 3614 1147 ὑπομνήσαντες

2030 1162 2352 1229 ἐπίσκοπον,
2398 1161 2575 1227 οὕτως
2608 1163 2942 1235 ἑνηρίθμουν
2976 1164 3068 1219 τὸν
3102 1165 3378 1237 ὑπηρέτην
3410 1166 3488 1237 τῷ
3517 1168 3613 1223 τά·

2031 1268 2208 1322 γματι
2232 1251 2341 1307 τῶν
2377 1252 2695 1324 ἱερατικῶν.
2738 1253 2840 1309 Cui
2881 1257 3265 1311 consuetudini
3294 1257 3611 1328 derogatunt

2030 1358 2062 1396 a
2092 1343 2512 1413 chorepisc0pis
2555 1343 2832 1414 queritur,
2872 1346 2969 1415 qui
3006 1361 3227 1401 omnem
3261 1345 3328 1400 ad
3363 1362 3483 1402 sese
3514 1348 3613 1425 ad-

1991 1425 2443 1491 sciscendorum
2481 1432 2749 1491 Ecclesia:
2801 1435 3184 1492 mittistrorum
3230 1439 3612 1494 auctoritatem

2030 1523 2422 1591 translerreut,
2468 1539 2535 1580 ae
2574 1533 2856 1595 postremo
2887 1526 3221 1598 presbyteris
3259 1536 3315 1582 et
3362 1528 3613 1586 diaconis

2030 1618 2430 1689 permitterent,
2481 1627 2540 1673 ut
2568 1630 2710 1687 quos
2748 1617 2971 1681 vellent,
2992 1619 3158 1673 etiam
3198 1619 3611 1690 indignissimos

2027 1717 2367 1779 coeptarent.
2406 1707 2484 1764 De
2523 1707 2879 1764 subdiaeouis
2938 1709 3263 1780 ca'terisque
3302 1710 3610 1766 minoribus

2027 1802 2251 1858 clericis
2284 1801 2557 1857 duntaxat
2586 1800 2656 1857 iis
2683 1800 2946 1871 loquitur,
2979 1800 3075 1870 qui
3108 1801 3164 1855 in
3207 1802 3437 1872 paganis
3481 1816 3608 1856 cen-

329 1888 522 1951 utputa
562 1882 918 1954 Lamponiani
952 1887 1279 1959 presbyteri,
1320 1901 1375 1943 et
1403 1897 1527 1943 ante
1584 1889 1729 1945 hunc
1759 1888 1910 1945 Dios-

2022 1902 2281 1950 serentur
2326 1892 2599 1949 ecclesiis.
2647 1889 2847 1945 Subdit
2896 1891 3043 1945 enim
3093 1891 3232 1945 :Atb
3275 1891 3460 1945 πολλοὶ
3507 1890 3610 1961 μὲν

324 1973 443 2028 euri
503 1976 766 2046 episcopi,
819 1977 888 2033 de
940 1994 1051 2047 quo
1105 1980 1208 2034 ista
1256 1981 1485 2037 scribit:
1528 1981 1737 2055 Πολλὴν
1765 1977 1923 2054 οἶμαι

326 2061 490 2131 χάριν
516 2062 754 2133 ὀφείλειν
791 2066 941 2138 αὐτῷ
969 2068 1097 2132 τοὺς
1128 2070 1187 2122 ἑν
1232 2069 1612 2143 Ἀλεξανδρείᾳ
1645 2072 1911 2144 συμπτὼ-

324 2172 478 2225 χους,
513 2149 591 2210 ὧν
635 2158 763 2223 τοὺς
799 2160 1007 2231 ἀγροὺς
1054 2162 1298 2219 ἐκπονεῖ.
1331 2161 1522 2218 Finem
1561 2164 1629 2219 de
1659 2165 1918 2235 cborepi-

318 2248 510 2319 scopis
524 2249 838 2320 disputandi
867 2250 1124 2319 facerem,
1149 2254 1254 2309 nisi
1277 2256 1344 2310 ad
1368 2270 1557 2312 eorum
1584 2255 1916 2314 iunctionem

328 2338 703 2396 Nlustrandam
732 2358 900 2413 pauca
923 2346 1173 2415 quredam
1212 2358 1584 2415 superessent,
1619 2364 1741 2419 qua:
1764 2364 1901 2420 prae-

325 2511 505 2522 .-

2024 1985 2305 2058 (irrupit-at
2334 1982 2699 2057 ἀριθμοῦνται
2724 1980 2846 2035 καθ’
2874 1981 3111 2053 ἑκάστην
3139 1981 3353 2054 κώμην.
3389 1982 3467 2037 Ad
3494 1982 3609 2038 bare

2026 2078 2279 2134 Gelasius
2299 2076 2605 2149 Cyzicenus
2625 2074 2722 2130 lib.
2742 2089 2805 2128 ιιι
2834 2073 2913 2129 De
2940 2092 3087 2132 conc.
3102 2074 3347 2141 Nicamo,
3367 2089 3492 2130 can.
3515 2073 3607 2135 54,

2038 2172 2130 2238 55,
2179 2180 2238 2226 et
2286 2169 2643 2241 sequentibus
2680 2168 2850 2223 multa
2893 2168 2963 2222 de
3009 2167 3426 2237 chorepiscopis
3464 2166 3609 2221 scitu

2025 2261 2188 2330 digna
2223 2262 2488 2325 continet,
2519 2276 2641 2332 qure
2676 2271 2732 2316 tu
2763 2259 3013 2316 consule.

950 2667 1056 2729 DE
1094 2666 1406 2730 DUPLICI
1454 2668 1717 2731 ΟΥΕιο
1767 2669 1867 2730 ΕΤ
1912 2667 2569 2732 EMBOLISMORUM
2619 2668 3002 2760 llATlQNE.

1584 2834 1666 2890 Ad
1703 2836 1833 2891 liter.
1876 2848 2032 2901 uix,
2062 2834 2169 2890 col.
2203 2833 2327 2890 186.

1922 2972 1991 2992 -,

390 3054 599 3126 Duplex
654 3055 801 3125 apud
852 3064 1064 3111 veteres
1121 3056 1359 3125 computi
1423 3056 1717 3128 magistros
1777 3057 1909 3114 olim

319 3148 511 3221 cyclus
538 3147 767 3212 exstitit,
794 3162 919 3201 cum
950 3147 1101 3201 aurei
1137 3148 1349 3201 numeri
1383 3146 1538 3202 fastis
1566 3147 1907 3203 ascriberen-

318 3248 409 3294 tur
450 3255 464 3294 :
500 3238 639 3293 alter
666 3237 1202 3302 decemuovennalis,
1240 3236 1379 3291 alter
1420 3237 1649 3293 lunaris.
1680 3236 1900 3292 Decem-

315 3324 668 3387 novennalis.
689 3333 750 3379 ut
781 3323 924 3379 Beda
957 3325 1159 3393 saepius
1190 3324 1446 3393 inculcat,
1482 3326 1549 3380 ad
1583 3326 1900 3382 methodum

256 3453 261 3457 ρ
314 3414 855 3485 quartadecimarum
879 3415 1221 3471 l‘aschalium
1251 3415 1503 3471 inventus
1530 3425 1633 3482 est,
1668 3425 1729 3472 ut
1757 3426 1902 3472 stato

314 3505 403 3560 die
426 3505 671 3574 quolibet
693 3521 840 3560 anno
866 3522 962 3577 per
987 3506 1175 3562 orbem
1198 3507 1459 3563 redirent.
1492 3507 1665 3581 Hujus
1686 3510 1900 3567 initium

314 3602 424 3660 est,
456 3602 683 3649 auctore
741 3593 906 3662 Beda,
961 3610 991 3649 a
1039 3593 1291 3650 Paschali
1333 3611 1544 3663 mense,
1589 3598 1694 3653 hoc
1743 3608 1829 3655 est
1870 3615 1903 3654 a

315 3685 512 3741 eitimo
566 3686 826 3752 termino,
891 3687 985 3758 qui
1025 3696 1110 3743 est
1151 3701 1229 3741 xtt
1273 3686 1497 3743 Kalend.
1547 3687 1902 3760 Apr.,llartii

314 3791 437 3834 ιιι.
460 3776 632 3848 Cujus
683 3777 896 3849 primus
933 3772 1110 3835 annus
1139 3793 1366 3835 aureum
1412 3795 1701 3836 numerum
1743 3781 1906 3839 habet

317 3884 437 3933 ιιι,
472 3867 681 3937 iuitque
732 3884 796 3924 ex
832 3869 900 3924 A.
932 3869 997 3925 D.
1035 3869 1177 3942 prid.
1210 3868 1352 3926 Non.
1386 3871 1517 3941 Apr.
1562 3871 1677 3927 sive
1706 3872 1907 3943 Aprilis

318 3976 371 4017 tv
401 3979 419 4017 :
454 3961 543 4015 cui
594 3962 648 4016 in
690 3968 871 4017 vetere
902 3959 1232 4018 Kalendario
1282 3962 1554 4032 ascriptus
1584 3973 1668 4019 est
1709 3979 1909 4019 aureus

317 4066 588 4108 numerus
643 4068 759 4107 χιι.
813 4052 1026 4124 Quippe
1089 4053 1303 4124 cyclum
1358 4054 1907 4109 deccmnovennalem

317 4160 434 4200 non
474 4145 543 4202 ab
590 4160 757 4200 aureo
818 4160 1055 4201 numero
1088 4160 1196 4200 tac
1233 4161 1369 4200 χχιιι
1407 4144 1607 4212 Martii,
1632 4147 1723 4201 sed
1760 4162 1790 4201 a
1819 4162 1905 4201 nx

317 4236 645 4292 inchoatum
700 4233 892 4302 fuisse,
942 4246 999 4291 et
1028 4236 1099 4292 ab
1129 4236 1333 4307 Aprilis
1381 4252 1431 4291 tv
1472 4238 1683 4291 ermlite
1717 4238 1911 4307 probat

318 4328 517 4384 Petrus
566 4327 778 4383 Pitatus
854 4325 1186 4383 Veronensis
1237 4341 1510 4383 canonum
1565 4320 1907 4383 l'aschalium

318 4435 443 4489 cap.
476 4420 508 4474 ϐ
531 4438 546 4486 ;
579 4428 635 4475 et
662 4430 790 4474 ante
818 4418 1166 4473 illumdocuit
1183 4416 1391 4473 Paulus
1415 4417 1908 4489 Forosempronius

2022 3053 2241 3109 ittitiunt
2275 3053 2535 3108 Statuitur
2581 3049 2753 3108 Nonis
2777 3053 3088 3109 Decembris
3122 3052 3354 3123 (corrige
3378 3070 3492 3117 νιιι,
3523 3050 3605 3107 Id.

2017 3142 2272 3197 Deccmb.
2300 3141 2436 3197 Nam
2470 3153 2536 3198 ex
2571 3144 2904 3214 compendio
2929 3153 3183 3199 notarum
3216 3143 3493 3214 profectus
3523 3153 3609 3199 est

2009 3250 2185 3301 error,
2250 3250 2377 3289 cum
2446 3235 2710 3304 scriptum
2764 3243 2911 3290 esset
2962 3251 3062 3291 vnt
3105 3236 3207 3300 ld.,
3235 3236 3378 3303 quod
3421 3233 3605 3291 Nonas

2005 3322 2134 3379 Dee.
2186 3323 2444 3397 librarius
2482 3339 2606 3378 esse
2647 3324 2924 3395 credidit).
2957 3326 3024 3377 At
3049 3326 3141 3393 qui
3194 3340 3370 3380 annus
3399 3325 3468 3379 ab
3509 3341 3602 3379 vnt

2004 3415 2084 3471 Id.
2135 3413 2264 3470 Dec.
2308 3414 2642 3485 auspicatur,
2696 3430 2982 3469 numerum
3026 3431 3253 3470 aureum
3283 3416 3451 3486 exigit
3489 3432 3599 3471 xtx.

2006 3507 2152 3563 Satis
2185 3508 2350 3579 igitur
2396 3515 2613 3563 constat
2657 3506 2871 3578 cyclum
2927 3506 3487 3561 decemnovennalem
3534 3508 3603 3562 ab

2005 3613 2173 3655 aureo
2201 3613 2431 3653 numero
2457 3614 2552 3653 xIx
2574 3597 2788 3651 initium
2818 3612 3035 3668 capere.
3074 3596 3248 3669 Cujus
3277 3598 3391 3653 hare
3422 3598 3597 3653 all‘erri

2005 3706 2176 3746 causa
2248 3695 2428 3760 potest
2464 3708 2478 3745 :
2517 3686 2748 3744 Romani
2797 3703 3089 3742 aureorum
3136 3702 3489 3743 numerorum
3537 3704 3603 3743 ac

2007 3781 2142 3851 cycli
2198 3779 2715 3837 dceemnovennalis
2765 3778 3083 3834 methodum
3122 3779 3191 3833 ab
3217 3777 3601 3835 Alexandrinis

2007 3878 2360 3941 acceperunt.
2411 3869 2514 3937 Qui
2566 3884 2691 3925 eum
2723 3866 2904 3923 Thoth
2961 3883 3144 3934 suum,
3189 3868 3434 3938 adeoque
3470 3869 3600 3923 anni

2009 3963 2337 4033 principium
2362 3960 2431 4017 ab
2458 3948 2690 4031 Augusti
2715 3976 2839 4015 xxix
2862 3960 3144 4025 ducerent,
3173 3975 3371 4015 aureos
3404 3975 3598 4014 nume-

2011 4069 2101 4109 ros
2140 4052 2379 4108 indidem
2423 4051 2778 4108 inchoabant.
2824 4049 2937 4107 llos
2972 4050 3169 4106 imitati
3199 4058 3384 4118 postea
3401 4047 3605 4115 Latini,

2011 4141 2104 4210 qui
2156 4156 2187 4196 a
2246 4140 2497 4196 l’aschali
2544 4153 2753 4203 mense,
2794 4139 2899 4194 hoc
2946 4149 3034 4194 est
3065 4139 3281 4205 Martio,
3316 4140 3401 4194 vel
3426 4140 3597 4209 Aprili

2010 4247 2231 4286 sacrum
2276 4246 2480 4285 annum
2523 4231 2862 4295 ordirentur,
2902 4244 3101 4285 aureos
3148 4242 3425 4294 numeros,
3458 4246 3600 4299 quos

2011 4337 2133 4377 cum
2190 4321 2572 4377 Alexandrinis
2619 4322 2687 4376 ad
2746 4335 2919 4392 usque
2956 4332 3244 4376 exeuntem
3286 4322 3593 4391 Augustum.

2011 4428 2331 4493 communes
2358 4411 2685 4478 habuerant,
2708 4421 2820 4468 toto
2841 4429 2986 4467 anno
3017 4414 3389 4484 perterrebant.
3423 4414 3597 4485 Igitur

320 4512 512 4581 prince
543 4510 714 4579 partis
741 4510 881 4566 libro
927 4525 1000 4564 Vl.
1033 4506 1145 4564 Nec
1193 4508 1351 4563 aliter
1376 4508 1516 4563 Beda
1547 4525 1670 4564 cum
1702 4511 1822 4565 aliis
1852 4511 1904 4564 in

2017 4519 2159 4558 anno
2211 4503 2543 4575 Dionysiano
2595 4502 2725 4569 284,
2760 4504 2913 4574 cyclo
2963 4504 3441 4561 decemuovennali
3480 4523 3598 4571 ιιι,

320 4602 484 4667 locis,
536 4614 652 4658 tum
703 4603 843 4658 libro
873 4602 950 4657 De
991 4611 1150 4670 temp.
1174 4610 1283 4654 rat.
1311 4616 1432 4671 cap.
1463 4602 1551 4667 5i,
1580 4603 1668 4657 ubi
1698 4603 1908 4674 cyclum

321 4697 573 4752 lunarem
619 4709 746 4751 cum
789 4692 1274 4751 decctnnovennali
1322 4707 1654 4763 proponens,
1704 4711 1906 4749 annum

322 4789 474 4845 illius
523 4786 760 4858 primum
816 4802 940 4843 cum
983 4788 1494 4843 deeemnovennalis
1531 4786 1667 4858 cycli
1712 4797 1909 4858 quarto

322 4878 630 4950 eonjuugit,
691 4886 746 4932 et
797 4891 829 4930 a
887 4876 1116 4933 Kalend.
1157 4875 1434 4933 .lauuariis
1469 4876 1713 4932 inchoari
1754 4876 1904 4933 dicit.

323 4970 422 5027 Est
455 4981 634 5027 autem
664 4967 940 5024 Januariis
973 4968 1230 5025 Kalendis
1259 4968 1451 5025 alIixus
1485 4984 1686 5024 aureus
1712 4983 1905 5024 nume-

323 5077 422 5118 rus
478 5078 561 5117 ιιι.
610 5060 780 5133 igitur
825 5061 1040 5131 primus
1086 5072 1172 5117 est
1220 5077 1515 5131 xrx,aquo
1551 5070 1781 5131 quartus
1822 5072 1907 5117 est

324 5152 539 5206 tertius.
599 5151 755 5217 Quod
811 5151 867 5205 iu
909 5151 1267 5219 sequentibus
1336 5150 1613 5221 cyclorum
1661 5150 1907 5205 numeris

320 5253 637 5300 constanter
694 5252 860 5297 tenet.
912 5240 1154 5310 Exempli
1214 5256 1378 5296 causa
1425 5256 1604 5296 anuus
1649 5239 1783 5302 cycli
1827 5240 1909 5296 lu-

323 5335 473 5391 naris
527 5350 613 5389 xvr
666 5333 824 5387 Beda:
860 5341 942 5387 est
993 5330 1505 5390 decerenovennalis
1554 5346 1675 5397 xta,
1725 5331 1817 5401 qui
1874 5346 1904 5385 a

325 5440 416 5480 xvr
461 5424 584 5480 Kal.
645 5423 874 5480 Januar.
928 5424 1141 5495 incipit,
1198 5422 1328 5478 Dec.
1374 5438 1525 5489 xvu;
1585 5437 1617 5477 a
1660 5437 1770 5493 quo
1822 5421 1905 5477 in-

323 5520 458 5586 cipit
509 5532 689 5572 annus
745 5517 829 5571 cui
871 5530 1133 5572 numerus
1194 5529 1395 5570 aureus
1449 5514 1702 5569 convenit
1748 5530 1900 5570 xun.

215 5624 223 5629 ·
324 5605 561 5663 Proinde
600 5622 802 5663 aureus
855 5608 1118 5662 numerus
1164 5621 1323 5673 xvnt,
1355 5618 1438 5661 est
1476 5622 1568 5661 ιιι
1641 5606 1775 5677 cycli
1811 5607 1904 5662 dc-

323 5698 792 5756 ccumovennalis.
865 5696 1151 5753 Postremo
1210 5713 1335 5751 cunt
1382 5697 1901 5754 deccmnovcnnalis

325 5792 461 5859 cycli
493 5792 666 5861 primo
693 5809 836 5848 anno
870 5791 1078 5853 lunaris
1119 5807 1227 5846 xvu
1272 5791 1639 5861 componitur,
1671 5791 1901 5860 ejusque

2014 4594 2367 4649 Alexandrini
2416 4595 2484 4649 ab
2534 4594 2763 4666 Augusti
2796 4612 2924 4650 xxix
2977 4594 3085 4660 die,
3116 4596 3325 4666 cyclum
3360 4598 3595 4668 primum

2015 4702 2311 4742 numerare
2364 4697 2650 4757 eruperunt
2682 4704 2695 4740 :
2750 4686 2978 4743 Romani
3010 4705 3143 4745 vero
3184 4699 3357 4744 totum
3389 4705 3594 4745 annum

2012 4778 2293 4835 lulianum
2345 4796 2512 4836 aureo
2572 4796 2803 4836 numero
2856 4797 2945 4835 xtx
3001 4783 3412 4852 consignarunt.
3467 4784 3595 4838 l’ost

2013 4889 2157 4927 anno
2199 4873 2305 4928 985
2363 4890 2487 4929 cum
2541 4874 2925 4929 Alexandrinis
2973 4891 3199 4930 aureum
3246 4892 3534 4931 numemm
3579 4895 3597 4931 r

2010 4969 2194 5023 exorsi
2245 4977 2397 5023 sunt.
2436 4966 2515 5022 Ex
2548 4984 2658 5038 quo
2691 4968 2895 5023 factum
2952 4976 3197 5039 apparet,
3238 4977 3297 5022 ut
3331 4969 3466 5041 cycli
3503 4983 3594 5023 nx

2009 5058 2220 5130 primus
2273 5076 2452 5115 annus
2501 5059 2664 5114 fuerit
2704 5059 2855 5114 aurei
2898 5060 3109 5113 innueri
3143 5074 3261 5115 XIX.
3286 5059 3422 5115 Nam
3450 5060 3605 5130 (μιοά

2008 5152 2312 5208 doctissimi
2366 5151 2589 5221 quidam
2650 5166 2876 5207 aureum
2942 5166 3232 5207 numerum
3280 5167 3338 5207 ιιι
3378 5153 3605 5207 initium.

2008 5243 2529 5301 deccmnovcnnalis
2558 5244 2694 5316 cycli
2726 5245 3091 5309 constituunt,
3131 5252 3415 5315 propterea
3448 5241 3599 5312 quod

2011 5337 2130 5392 Kal.
2161 5336 2284 5392 Jan.
2320 5337 2511 5391 allixus
2559 5347 2663 5404 est,
2697 5346 2887 5393 contra
2926 5337 3083 5394 Beda:
3119 5337 3457 5404 aliorumque
3509 5348 3587 5387 ve

2012 5437 2187 5484 terum
2212 5428 2265 5483 id
2295 5426 2679 5483 auctoritatem
2716 5438 3001 5494 asserunt;
3052 5441 3229 5497 neque
3284 5429 3428 5479 enim
3480 5432 3590 5479 aut

2008 5519 2361 5574 madvertunt
2391 5517 2528 5589 cycli
2555 5535 2647 5574 xIx
2674 5518 2889 5575 initium
2912 5516 3364 5578 nonaJauuario.
3401 5518 3492 5571 sed
3522 5521 3591 5572 ab

2006 5608 2201 5679 Aprili,
2225 5607 2332 5664 hoc
2355 5619 2441 5664 est
2473 5609 2543 5664 ab
2576 5625 2639 5666 ea
2674 5609 2825 5676 luna,
2853 5625 2976 5680 qua:
3012 5609 3066 5662 in
3098 5606 3335 5676 Aprilem
3369 5607 3583 5673 desinit,

2006 5716 2072 5755 ex
2106 5701 2321 5754 illorum
2369 5702 2635 5755 sententia
2666 5699 2886 5757 deduci.
2922 5696 3061 5753 liine
3096 5713 3301 5752 annum
3347 5712 3595 5766 primum.

2006 5807 2073 5847 ex
2110 5792 2348 5861 Dionysii
2374 5791 2626 5846 instituto
2657 5799 2878 5845 veteres
2906 5791 2980 5845 illi
3007 5789 3194 5846 dicunt
3216 5808 3241 5842 ξι
3273 5794 3410 5859 prid.
3445 5787 3589 5857 Non,
