4064 6486
518 433 660 493 I055

1578 429 1924 486 APPENDIX
1966 427 2607 487 DISSEllTATIONl'M.

3670 430 3784 490 i956

516 551 651 621 Apr.
715 547 983 610 inchoari,
1038 553 1093 601 et
1155 545 1210 601 in
1259 544 1438 602 Ilartii
1469 561 1581 602 xxn
1633 546 1907 613 desinere,
1941 549 2102 619 eique
2130 553 2176 609 A
2205 548 2346 612 mzei,
2367 564 2448 613 tu,
2468 562 2767 616 vr,vnt,u,
2788 562 2895 608 xlv.
2917 560 3049 607 mt,
3070 544 3400 614 xux.qnibns
3416 545 3570 600 aurei
3589 547 3781 601 numeri

515 653 711 696 eccam
743 638 862 693 dies
889 638 1158 692 duntaxat
1181 646 1519 705 competere,
1551 636 1697 705 quod
1717 636 1770 690 in
1794 651 1920 692 eum
1944 637 2108 700 lunae,

504 731 600 787 'sic
627 731 774 784 enim
797 735 1020 790 vocant,
1050 727 1222 783 saltus
1251 726 1518 789 incurrat,
1551 739 1676 794 qua:
1707 732 1793 779 est
1819 725 1985 780 unius
2002 724 2110 780 diei

516 822 775 894 superﬂui
819 819 1115 892 ἐξαίρεσις,
1165 828 1280 872 tum
1350 817 1651 873 secundum
1708 832 1912 872 annum
1971 817 2111 873 inire

518 915 696 970 Martii
726 930 883 978 χχιιι,
914 923 969 968 et
1002 913 1217 967 dierum
1255 925 1381 966 esse
1414 925 1625 975 cccmv,
1653 918 1819 979 atque
1852 909 1926 964 ita
1956 909 2112 963 dein-

516 1023 665 1075 ceps,
720 1015 780 1062 ut
825 1006 988 1069 Beda,
1038 1003 1247 1061 Pilatus
1314 1004 1449 1059 locis
1495 1003 1694 1068 citatis,
1727 1001 1931 1073 aliique
1971 1002 2105 1059 deli-

517 1099 695 1153 niunt.

585 1189 740 1244 Alter
762 1187 949 1261 cyclus
1003 1187 1214 1243 lunaris
1274 1185 1610 1256 appellatur;
1673 1183 1767 1254 qui
1804 1182 1871 1239 ad
1918 1182 2104 1238 lunam

513 1291 834 1351 epactarum
874 1294 937 1335 ac
969 1279 1299 1350 rcgularium
1327 1275 1592 1331 beneﬁcio
1617 1273 1979 1346 indagandam
2014 1289 2105 1330 ac-

514 1374 899 1430 commodatus
933 1380 1035 1437 ent,
1072 1373 1215 1440 quod
1266 1367 1418 1423 aurei
1455 1367 1667 1424 numeri
1707 1375 1966 1437 pmstare
1993 1382 2101 1420 non

515 1474 765 1537 possunt.
792 1463 897 1531 Qui
949 1478 1075 1519 cum
1123 1476 1189 1517 ex
1235 1459 1729 1517 Alexandrinorum
1778 1457 2105 1513 Kalendario

516 1557 763 1613 translati
797 1556 928 1620 sint,
959 1570 1022 1610 ac
1054 1569 1150 1625 per
1176 1560 1490 1610 contextum
1530 1549 1710 1606 Latini
1741 1550 1872 1606 anni
1898 1549 2101 1618 dilfusi,

514 1648 673 1718 cujus
710 1647 856 1703 aliud
890 1647 1132 1713 initium,
1178 1645 1287 1701 alia
1332 1642 1607 1700 mensium
1658 1641 1949 1714 dispositio
1985 1653 2098 1708 est;

512 1756 637 1812 qum
665 1756 730 1795 cx
753 1740 859 1795 illis
889 1748 1093 1810 epactze
1122 1735 1402 1809 communi
1440 1735 1700 1793 methodo
1737 1744 2100 1807 consurgunt,

511 1824 770 1888 er’uendis
801 1830 1098 1887 noviluniis
1144 1830 1268 1886 usui
1297 1843 1424 1886 esse
1452 1836 1752 1900 nequeunt.
1779 1826 1961 1894 Quare
1995 1827 2097 1883 tria

2215 641 2279 703 in
2322 640 2653 696 Kalendario
2710 641 3064 708 respondent,
3107 652 3167 691 ιι.
3212 653 3266 702 v,
3294 654 3391 700 vn,
3435 654 3491 701 ι,
3528 653 3648 703 xm,
3684 653 3783 703 m,

2213 749 2371 799 xvm,
2423 732 2706 803 quoniam,
2764 739 2825 785 ttt
2861 745 3005 799 saepe
3042 727 3351 790 docuimus.
3389 744 3656 783 numerus
3701 744 3785 783 ιιι

2210 824 2426 896 cyclum
2458 822 2715 890 ducebat,
2759 837 2791 876 a
2849 835 2961 891 quo
2992 820 3268 875 secundus
3315 829 3433 874 erat
3480 820 3695 876 tertius.
3724 820 3785 875 At

2212 916 2415 987 insigni
2470 915 2863 971 mathematica
2903 913 3109 985 placuit
3145 913 3291 968 huttc
3328 914 3782 969 embolimazorutn

2210 1010 2454 1065 ordinem
2523 1025 2667 1074 esse,
2694 1025 2775 1074 ιιι,
2809 1024 2882 1074 vn,
2939 1023 3013 1073 ιχ,
3039 1022 3119 1069 at,
3148 1022 3263 1073 atv,
3296 1022 3574 1073 xvu,xu,
3600 1007 3783 1077 quibus

2209 1114 2410 1157 aureos
2451 1101 2588 1157 istos
2619 1115 2880 1156 numeros
2933 1099 3186 1154 attribuit
3224 1113 3285 1163 ιι,
3323 1115 3375 1164 v,
3399 1115 3525 1166 vnt,
3566 1116 3644 1164 at,
3673 1116 3779 1164 XIII,

2208 1206 2322 1252 va,
2356 1207 2472 1254 ιιι,
2504 1191 2766 1261 quoniam
2794 1189 2931 1261 cycli
2964 1188 3479 1244 decemnovennalis
3519 1188 3591 1244 ab
3606 1189 3782 1260 Aprili,

2209 1298 2317 1337 non
2356 1298 2387 1338 a
2420 1281 2705 1341 Januario.
2746 1297 2815 1337 ex
2847 1290 3091 1336 veterum
3120 1282 3439 1351 praescripto
3469 1283 3782 1351 repetendus

2205 1381 2308 1428 est.
2353 1371 2419 1427 Et
2484 1373 2576 1427 ille
2640 1373 2760 1442 ipse
2819 1373 3292 1429 embolimzeorum
3329 1374 3468 1429 ordo
3497 1374 3781 1440 mensium.

2206 1479 2368 1533 quem
2410 1464 3012 1534 proposuimusﬁedae,
3054 1463 3234 1531 Pitati,
3263 1464 3414 1520 Pauli
3443 1464 3780 1536 Forosempr.

2205 1555 2551 1625 aliorumque
2597 1555 2839 1625 computi
2889 1555 3160 1609 artiﬁcum
3197 1558 3530 1610 auctoritate
3583 1556 3781 1611 nititur.

2206 1645 2343 1704 Vide
2363 1662 2485 1717 cap.
2517 1646 2590 1701 45
2625 1646 2698 1701 De
2732 1655 2892 1716 temp.
2911 1647 3117 1701 ratione
3150 1648 3293 1717 apud
3335 1648 3536 1702 Bedam
3560 1659 3690 1705 tom.
3721 1648 3781 1703 ll.

2204 1734 2350 1793 Idem
2398 1748 2454 1793 et
2500 1736 2811 1793 certissima
2853 1738 3066 1792 ratione
3101 1738 3167 1792 ad
3206 1738 3354 1793 hunc
3385 1739 3611 1810 modum
3641 1739 3782 1793 colli-

2203 1828 2349 1900 gitur
2384 1827 2868 1895 :Entbolitureum,
2910 1831 3127 1900 opinor.
3180 1846 3382 1885 annum
3432 1832 3488 1886 in
3528 1832 3678 1903 cyclo
3706 1847 3785 1902 pa-

511 1922 579 1977 dc
607 1936 776 1977 aureo
808 1934 1041 1976 numero
1089 1917 1421 1976 detrahenda
1451 1925 1602 1982 sunt,
1645 1923 1709 1972 ut
1743 1931 1840 1987 per
1876 1923 2099 1987 epactas
2133 1918 2174 1974 Β
2202 1921 2373 1978 schali
2439 1936 2567 1977 eum
2621 1936 2815 1979 omnes
2864 1921 3172 1994 intelligunt
3195 1962 3211 1984 ,
3268 1923 3360 1993 qui
3392 1965 3407 1987 ,
3460 1933 3524 1978 ut
3589 1924 3784 1993 primus

513 2029 579 2068 ac
608 2013 888 2083 regulares
911 2011 1189 2067 n‘ovilunia
1220 2024 1647 2080 consequamur.
1673 2007 1923 2078 Atquein
1955 2007 2102 2063 hunc

515 2103 737 2159 modum
766 2102 1018 2158 diminuti
1073 2103 1288 2159 numeri
1317 2102 1532 2174 cyclum
1556 2101 1805 2157 lunarem
1839 2100 2099 2156 eﬂiciunt.

513 2190 693 2248 Veluti
725 2191 846 2249 Ital.
869 2192 994 2250 Jan.
1046 2207 1249 2250 aureus
1285 2209 1551 2250 numerus
1585 2209 1645 2249 ιιι
1676 2194 1948 2265 ascriptus
1980 2204 2100 2250 est:

511 2285 579 2341 de
610 2300 723 2356 quo
751 2285 1038 2343 subductis
1089 2286 1289 2350 tribus,
1320 2285 1713 2356 respondente
1737 2285 1890 2358 cyclo
1922 2286 2100 2341 lunari

514 2396 628 2445 xu,
666 2397 790 2449 quae
822 2380 1075 2437 undecim
1108 2380 1329 2442 additis.
1368 2397 1476 2435 xxx
1520 2388 1743 2451 epactas
1782 2380 2099 2436 coniiciunt.

513 2470 607 2527 liae
637 2487 750 2528 uno
778 2472 1015 2542 regulari
1046 2472 1250 2540 addito,
1285 2489 1413 2535 xm
1449 2462 1743 2544 complent,
1783 2487 1909 2544 quae
1941 2473 2102 2527 novi-

513 2562 724 2616 lunium
749 2561 1008 2617 iudicant.
1043 2559 1229 2632 itaque
1254 2562 1402 2617 nulla
1426 2563 1478 2618 id
1507 2563 1724 2619 inscitia
1762 2563 1968 2618 factum
1992 2570 2099 2627 est,

511 2654 712 2726 duplex
745 2664 804 2710 ut
832 2655 973 2724 apud
1007 2654 1230 2711 Latinos
1259 2655 1454 2727 cyclus
1498 2663 1664 2720 esset,
1684 2656 1833 2727 quod
1872 2654 2103 2731 ridicule

503 2745 616 2803 sibi
646 2745 939 2816 persuadet
991 2745 1236 2817 Scaliger
1280 2759 1315 2799 v
1362 2744 1440 2800 De
1489 2745 1694 2800 emend.
1721 2744 2102 2814 temp.,ubide

508 2837 716 2908 epocha
752 2837 931 2893 lunari
987 2835 1464 2906 Constantinopol.
1508 2836 1744 2892 disserit.
1804 2833 1919 2891 Hoc
1952 2835 2100 2890 enim

511 2928 826 2985 necessario
865 2928 936 2983 ab
974 2928 1084 2983 illis
1135 2926 1531 2983 instituendum
1579 2926 1700 2994 l‘uit,
1741 2935 2129 3004 posteaquam,

512 3019 683 3074 semel
702 3019 1198 3075 Alexandrinorum
1229 3035 1429 3077 aureos
1450 3035 1710 3076 numeros
1744 3020 1798 3075 in
1821 3017 2098 3074 Juliantnn

513 3115 902 3173 Kalendarium
931 3116 1354 3181 transtulerunt,
1408 3114 1500 3171 ubi
1538 3124 1745 3187 epactae
1766 3131 1832 3171 ex
1863 3114 1970 3170 illis
1999 3130 2102 3168 nu—

514 3203 683 3260 meris
712 3212 904 3269 erutae.
931 3213 986 3261 et
1025 3203 1093 3260 ad
1129 3204 1247 3260 dies
1276 3203 1538 3276 apposita:
1582 3203 1978 3274 complementa
2005 3216 2100 3255 eo-

510 3296 761 3352 rumdem
810 3311 934 3353 esse
981 3312 1094 3353 non
1133 3304 1387 3368 poterant
1442 3294 1790 3368 regularibus
1844 3293 2093 3364 adjectis,

510 3390 657 3463 quod
689 3400 750 3445 ut
770 3389 1104 3456 obtinerent,
1138 3389 1244 3446 tria
1272 3388 1455 3445 aureis
1491 3387 1738 3445 numeris
1759 3385 2096 3443 detrahenda

512 3482 754 3539 fuerunt.
794 3485 971 3548 Quam
1021 3482 1093 3538 ob
1145 3495 1372 3539 causam
1406 3478 1620 3535 lunaris
1663 3478 1766 3534 iste
1805 3477 1992 3550 cyclus
2015 3486 2099 3532 est

511 3575 719 3642 dictus,
743 3590 852 3630 non
876 3574 999 3631 ideo
1025 3573 1170 3644 quod
1186 3571 1726 3635 decemnovennalis,
1756 3570 1873 3626 sive
1894 3584 2096 3625 aureus

510 3681 777 3723 numerus
802 3667 1082 3723 novilunia
1121 3679 1231 3721 non
1262 3663 1611 3733 ostenderet;
1659 3662 1863 3718 etenim
1900 3661 2094 3717 iisdem

511 3761 622 3818 illis
645 3761 861 3828 diebus,
893 3761 1096 3832 quibus
1128 3758 1423 3830 adjunctus
1471 3767 1609 3822 erat,
1644 3751 1847 3810 Nica'ni
1878 3752 2099 3810 concilii

512 3859 779 3920 tempore,
805 3850 1085 3906 novilunia
1101 3847 1616 3910 committebantur;
1645 3844 1740 3900 sed
1765 3844 1911 3915 quod
1940 3842 2095 3898 inda-

512 3942 706 4012 gandae
722 3957 788 3996 ex
807 3931 1059 3996 methodo
1077 3937 1570 4011 computandaeque
1593 3936 1759 4002 lunae,
1789 3945 1849 3992 ut
1876 3944 2095 4002 vocant,

510 4036 659 4091 aetati
690 4033 915 4089 mlnime
940 4041 1089 4089 esset
1120 4032 1371 4097 idoneus,
1405 4032 1512 4088 nisi
1557 4031 1802 4087 ternario
1829 4031 2099 4086 minuere-

514 4138 624 4195 tur,
676 4134 895 4197 propter
928 4124 1160 4182 ﬂomani
1210 4133 1268 4181 et
1308 4122 1668 4180 Alexandrini
1702 4122 1831 4179 anni
1889 4121 2098 4178 discre-

510 4227 733 4290 pantem
753 4218 989 4279 formam
1019 4217 1288 4289 initiaque
1307 4217 1543 4273 diversa.
1568 4215 1646 4273 De
1660 4216 1860 4287 quibus
1876 4213 2098 4270 uberior

511 4309 649 4364 alias
681 4309 1049 4364 instituendus
1072 4318 1158 4365 est
1192 4322 1394 4364 sermo.

584 4402 854 4456 Caeterum
897 4401 1108 4457 lunaris
1162 4401 1268 4456 iste
1309 4400 1496 4471 cyclus
1528 4414 1561 4455 a
1606 4395 1869 4454 Januario
1912 4411 2100 4452 mense

510 4494 663 4548 ducit
688 4492 1001 4560 exordium,
1036 4500 1096 4548 ut
1119 4491 1263 4548 Beda
1289 4506 1398 4547 non
1423 4505 1534 4546 uno
1562 4490 1683 4546 loco
1709 4498 1960 4546 testatur.
1993 4487 2098 4556 Qui

2206 2014 2489 2086 sequentis
2536 2014 2666 2069 anni
2722 2015 2932 2071 mensis
2998 2016 3141 2070 intra
3199 2016 3483 2086 paschales
3535 2018 3784 2073 terminos

2205 2118 2557 2171 coercentur,
2634 2120 2823 2163 mense
2886 2121 2997 2162 uno
3057 2106 3118 2162 lit
3193 2107 3428 2164 auctior.
3512 2107 3795 2177 Ejusmodi-

2204 2204 2383 2250 autem
2414 2196 2542 2250 anni
2573 2196 2647 2250 illi
2690 2207 2822 2252 sunt
2882 2213 2956 2253 vn
2996 2214 3135 2268 quos
3173 2201 3643 2264 enumeravimus,
3689 2200 3782 2257 hoc

2203 2298 2290 2343 est
2340 2287 2492 2342 aurei
2543 2288 2599 2342 itt
2642 2286 2971 2344 Kalendario
3028 2291 3242 2346 numeri
3303 2307 3379 2355 ιι,
3451 2309 3524 2357 v,
3578 2308 3671 2358 vn,
3729 2308 3782 2354 ι,

2206 2395 2329 2445 xm,
2384 2394 2514 2446 ιιι,
2581 2394 2737 2443 xvut,
2812 2395 2920 2435 non
2992 2388 3174 2436 autent
3229 2398 3350 2447 vttt,
3395 2398 3471 2448 ιι,
3534 2401 3645 2440 χιιι.
3701 2383 3779 2440 Et-

2205 2471 2353 2527 enim
2396 2486 2520 2527 cum
2551 2486 2755 2527 aureus
2815 2486 3078 2528 numerus
3135 2489 3207 2528 vn
3249 2474 3304 2529 in
3357 2490 3460 2530 usu
3505 2485 3610 2542 est,
3632 2491 3778 2546 quem

2203 2562 2341 2635 cycli
2388 2561 2905 2619 decenntovennalis
2951 2574 3206 2619 octavum
3226 2580 3345 2622 esse
3378 2566 3656 2633 volumus,
3682 2565 3780 2638 pri-

2204 2669 2327 2710 mus
2361 2655 2569 2710 mensis
2629 2653 2821 2725 incipit
2870 2653 3050 2711 Martii
3094 2672 3209 2710 xxn
3246 2674 3260 2711 :
3298 2658 3537 2729 ideoque
3564 2658 3777 2713 emboli-

2203 2760 2377 2800 maaus
2397 2760 2520 2801 esse
2545 2743 2707 2801 debet
2740 2763 2755 2801 :
2780 2745 2986 2816 alioqui
3026 2763 3264 2817 sequens
3283 2765 3462 2806 annus
3492 2766 3524 2805 a
3542 2750 3709 2805 Martii
3731 2766 3777 2804 vt

2203 2834 2548 2892 ineboaudus
2569 2836 2694 2903 erit,
2716 2838 2803 2892 cui
2833 2853 3033 2894 aureus
3058 2855 3319 2896 numerus
3346 2857 3440 2897 vnt
3473 2841 3663 2897 allixus
3684 2852 3779 2905 cst,

2202 2944 2347 2986 anno
2363 2919 2873 2987 decemnovennalis
2888 2931 3022 3003 cycli
3039 2947 3205 2986 nono.
3227 2931 3337 2987 lloc
3353 2943 3537 2988 autem
3557 2933 3777 3003 paschali

2201 3022 2398 3077 canoni
2429 3038 2496 3079 ac
2521 3020 2757 3080 Nicaznis
2779 3024 3013 3079 decretis
3043 3035 3336 3095 repugnat;
3363 3041 3429 3081 ac
3451 3026 3775 3090 Latinorum,

2202 3112 2307 3168 hoc
2353 3121 2438 3170 est
2471 3112 2877 3170 Judaizantium
2903 3155 2919 3180 ,
2956 3115 3250 3186 peculiaris
3304 3132 3459 3171 error
3522 3117 3611 3173 ille
3650 3116 3773 3171 luit:

2201 3221 2365 3276 quem
2400 3215 2460 3261 ut
2481 3207 2766 3276 evitemus,
2801 3208 3050 3265 decimus
3069 3209 3261 3264 tertius
3279 3224 3471 3277 nempe
3508 3209 3773 3263 mensisad

2205 3313 2409 3353 annum
2429 3313 2523 3353 vut
2556 3300 2783 3356 accedat
2804 3308 3039 3372 oportet,
3066 3299 3143 3354 uti
3180 3315 3376 3361 nonus,
3403 3300 3498 3355 cui
3533 3314 3772 3356 numerus

2207 3406 2408 3447 aureus
2440 3406 2532 3446 vut
2565 3392 2846 3457 tribuitur,
2888 3392 2942 3446 in
2978 3391 3182 3462 Aprilis
3222 3407 3252 3445 ν
3289 3392 3711 3454 submoventur,
3745 3406 3770 3446 a

2207 3498 2318 3555 quo
2354 3485 2563 3555 primus
2608 3482 2894 3541 Paschalis
2951 3483 3158 3540 mensis
3202 3483 3445 3553 incipiat.
3491 3483 3685 3540 Eadem
3724 3490 3771 3538 ct

2206 3575 2483 3632 undecimi
2523 3578 2663 3632 ratio
2692 3584 2796 3641 est,
2825 3575 2910 3633 cui
2941 3589 3414 3631 numerusaureus
3436 3577 3688 3632 convenit
3707 3591 3756 3629 ς.

2209 3666 2310 3724 llic
2367 3668 2513 3723 enim
2569 3684 2694 3723 cum
2732 3683 2763 3723 a
2818 3683 2908 3723 xw
2955 3666 3135 3722 Martii
3178 3667 3344 3733 ineat,
3400 3667 3599 3723 decimi
3642 3666 3767 3723 tertii

2217 3757 2428 3814 mensis
2459 3759 2803 3814 neomeniam
2831 3747 2887 3814 in
2923 3757 3099 3814 Martii
3137 3773 3199 3813 ιιι
3220 3758 3479 3813 conferet.
3502 3758 3675 3827 Quare
3701 3759 3772 3812 in-

2214 3848 2563 3904 tercalandus
2591 3847 2679 3902 hic
2705 3849 2829 3913 erit,
2862 3859 2917 3904 ut
2946 3863 3252 3903 annusxna
3272 3846 3768 3917 ttAprilisincipiat.
3830 3902 3839 3909 _

2284 3937 2532 4008 Denique
2577 3954 2671 3994 xu
2728 3955 2908 3996 annus
2959 3954 3084 3996 cum
3124 3954 3157 3994 a
3203 3950 3398 4009 quarto
3451 3941 3544 3995 die
3593 3937 3770 4008 Aprilis

2209 4031 2551 4097 exordiatur,
2587 4031 2948 4087 embolimunt
2982 4046 3226 4088 mensem
3267 4047 3374 4086 non
3401 4032 3660 4097 continet,
3687 4026 3766 4083 sed

2212 4124 2469 4178 eumdem
2501 4124 2770 4195 sequitur.
2801 4122 3082 4192 Siquidem
3123 4140 3253 4179 “tu
3280 4140 3481 4179 aureus
3515 4136 3767 4182 numerus,

2216 4230 2380 4284 quem
2420 4215 2556 4286 cycli
2587 4216 3103 4273 decemnovennalis
3135 4217 3404 4271 decimum
3442 4230 3642 4270 nonum
3673 4222 3768 4268 sta-

2215 4304 2444 4372 tuimus,
2474 4305 2652 4361 Martii
2683 4320 2772 4360 xvt
2801 4305 3083 4375 competit,
3120 4321 3150 4360 a
3179 4321 3289 4375 quo
3319 4321 3495 4359 annus
3533 4303 3766 4372 incipiens

2213 4397 2520 4455 necessario
2577 4397 2796 4454 tertium
2815 4398 3086 4453 decimum
3118 4413 3358 4452 mensem
3399 4397 3502 4451 sibi
3533 4396 3762 4456 vindicat,

2212 4488 2371 4559 cujus
2424 4491 2715 4545 neomenia
2747 4488 2925 4543 Martii
2949 4504 2979 4541 v
3010 4489 3234 4542 minime
3270 4486 3553 4543 Paschalis
3589 4494 3683 4546 est.
3711 4498 3765 4536 ac

512 4586 606 4641 lib.
629 4585 702 4642 De
730 4594 883 4654 temp.
901 4597 1124 4657 rat.cap
1165 4586 1254 4652 54,
1282 4584 1425 4642 illius
1449 4599 1646 4641 omnes
1660 4598 1836 4639 annos
1857 4582 2099 4653 exponit.
2134 4601 2179 4657 ι)
2212 4581 2440 4651 proinde
2468 4581 2628 4651 primi
2662 4581 2887 4643 mensis,
2928 4589 2984 4635 et
3027 4579 3153 4635 anni
3203 4579 3494 4634 ncomenia
3544 4580 3595 4632 in
3623 4576 3762 4645 Apri-

512 4675 759 4743 Quorum
789 4679 1003 4749 primus
1055 4694 1164 4733 non
1198 4676 1683 4734 decemnovennali
1723 4684 1922 4746 quarto
1949 4689 2103 4730 com-

514 4768 773 4833 mittitur,
802 4767 895 4839 qui
922 4778 1006 4824 est
1030 4783 1230 4824 aureus
1275 4782 1538 4823 numerus
1566 4782 1625 4822 ιιι
1659 4763 1782 4821 Kal.
1829 4762 1950 4820 Jan.
1989 4764 2103 4818 atii-

517 4876 639 4917 xus.
671 4859 958 4917 Secundus
1007 4877 1039 4916 a
1079 4875 1154 4915 xu
1184 4857 1306 4914 Kal.
1337 4858 1459 4916 Jan.
1504 4857 1634 4914 Dec.
1672 4872 1787 4924 ut,
1832 4867 1997 4927 atque
2028 4856 2103 4911 ita

513 4949 772 5020 deinceps
798 4949 993 5021 reliqui
1010 4950 1079 5005 ab
1095 4966 1159 5006 ea
1175 4949 1391 5022 syzygia
1408 4947 1521 5005 fere
1533 4963 1723 5004 omnes
1748 4947 2099 5013 inchoantur,

516 5042 715 5112 quasiu
741 5040 1002 5098 Januario
1030 5043 1250 5099 desinit.
1285 5042 1515 5113 Constat
1541 5041 1708 5114 igitur
1739 5040 1794 5095 in
1841 5038 1993 5111 cyclo
2022 5038 2105 5093 lu-

515 5137 662 5201 nari,
694 5136 915 5206 perinde
934 5145 992 5192 ut
1015 5138 1067 5191 in
1097 5136 1604 5202 decemnovennali,
1630 5133 1867 5206 pritnum
1896 5147 2102 5189 annum

515 5244 638 5287 csse
667 5243 982 5293 numerum,
1036 5240 1097 5286 ut
1148 5232 1220 5286 ita
1259 5231 1459 5300 dicam,
1497 5231 1746 5286 lunarem
1777 5244 1868 5282 xu
1911 5227 2005 5297 qui
2036 5227 2103 5281 ad

517 5319 637 5377 Kal.
670 5318 795 5376 Jan.
836 5319 1147 5375 adnotatur.

590 5413 686 5469 llis
716 5413 1114 5471 animadversis
1135 5430 1339 5469 annum
1392 5408 1925 5469 enneadccacteridis
1957 5416 2107 5462 octa-

518 5518 645 5557 vum
697 5505 1074 5561 intercalarem
1126 5505 1297 5561 fuisse
1339 5504 1707 5569 defendimus,
1738 5503 1829 5570 qui
1876 5515 2104 5556 aureum

521 5608 811 5653 numerum
845 5595 1036 5650 habuit
1065 5611 1139 5649 vn
1169 5610 1182 5645 :
1215 5593 1308 5664 qui
1339 5601 1423 5649 est
1455 5609 1483 5645 a
1514 5593 1713 5663 primo,
1741 5592 1857 5644 εἰναι
1887 5605 2004 5652 χιιι,
2030 5587 2106 5641 uti

519 5684 724 5739 dictum
767 5695 874 5753 est,
934 5698 1208 5743 octavus:
1248 5685 1392 5756 quod
1440 5686 1507 5741 de
1534 5686 1686 5755 cyclo
1715 5684 2109 5738 decemnoven-

525 5778 655 5839 nali,
691 5793 800 5846 quo
835 5777 900 5831 de
954 5779 1158 5844 agitur,
1186 5777 1532 5849 potissimum
1579 5775 1901 5830 asserimus.
1933 5772 2111 5828 Fuere

529 5869 731 5947 quippe
784 5868 1311 5926 cnucadccarteridis
1371 5870 1498 5926 anui
1533 5868 1620 5925 isti
1653 5876 1859 5940 septem
1888 5865 2108 5922 emboli-

2206 4674 2276 4730 lis
2302 4690 2355 4729 tv
2383 4673 2737 4729 dili'undetnr.
2778 4671 2853 4727 Ita
2881 4672 3028 4728 enim
3059 4669 3487 4727 existimandum
3516 4680 3625 4725 est:
3655 4666 3761 4720 Ent-

2204 4766 2487 4823 bolimaeos
2522 4781 2740 4821 menses
2764 4764 2817 4820 in
2854 4763 3106 4819 Paschaii
3130 4763 3284 4834 cyclo
3314 4778 3412 4817 eos
3439 4775 3580 4825 es~e,
3610 4757 3693 4825 qui
3717 4770 3760 4806 ιιι

2206 4859 2368 4914 tinem
2427 4858 2557 4913 anni
2614 4855 2848 4928 conjecti
2905 4855 3246 4913 neomeniam
3332 4852 3604 4924 sequentis
3650 4847 3757 4903 anni

2206 4949 2455 5021 proxime
2501 4948 2855 5020 prmeedunt,
2889 4956 3036 5001 utet
3083 4946 3293 5001 Pilatus
3337 4945 3405 5000 ad
3434 4946 3567 4999 idem
3616 4955 3759 5010 ιιοςον

2207 5041 2343 5097 tium
2386 5041 2642 5097 observat
2675 5054 2795 5110 cap.
2827 5038 2881 5093 6.
2917 5036 3239 5106 Quanquam
3280 5036 3437 5091 aliter
3469 5035 3603 5104 apud
3629 5046 3758 5086 culil-

2206 5146 2462 5205 putorum
2517 5132 2755 5189 artilices
2804 5130 3109 5201 dispensari
3154 5145 3370 5185 menses
3418 5127 3757 5184 embolimatos

2206 5226 2500 5282 didicimus
2549 5240 2615 5280 ex
2676 5222 2820 5279 Beda
2881 5238 3002 5293 cap.
3060 5222 3153 5276 illo
3208 5220 3280 5275 45
3330 5221 3423 5274 lib.
3459 5221 3531 5273 De
3583 5216 3757 5270 ratione

2210 5326 2528 5387 temporum,
2558 5330 2623 5371 ac
2651 5329 2749 5386 per
2772 5311 2956 5368 varios
2987 5312 3117 5367 anni
3150 5309 3349 5365 Juliani
3382 5324 3589 5365 menses
3615 5303 3755 5360 dissi-

2209 5386 2346 5479 pari.
2375 5386 2580 5463 Vc'rum
2616 5406 2672 5462 in
2733 5403 2978 5475 paschali
3027 5403 3131 5458 hoc
3173 5401 3421 5457 instituto
3463 5398 3754 5456 etnbolimus

2210 5497 2301 5553 ille
2323 5496 2530 5553 mensis
2556 5496 2749 5566 procul
2777 5493 2946 5552 dubio
2975 5492 3282 5549 censendus
3302 5504 3406 5557 est,
3433 5490 3523 5563 qui
3548 5489 3752 5560 primum

2213 5604 2456 5644 lthllSI‘lll
2498 5589 2634 5660 cycli
2672 5586 2897 5657 ἀμέσως
2930 5584 3220 5640 antecedit.
3259 5582 3381 5650 Quo
3414 5582 3621 5653 quidem
3659 5585 3753 5632 sta-

2215 5692 2354 5740 tuto.
2392 5680 2602 5735 nullum
2638 5678 2750 5749 jam
2773 5677 3001 5733 dubium
3032 5684 3138 5743 est,
3169 5676 3301 5747 quin
3325 5675 3752 5730 cmholimzeorum

2213 5774 2383 5830 series
2416 5770 2707 5852 .cjusmodi
2760 5772 2853 5838 sit,
2888 5768 3104 5840 qualem
3148 5784 3179 5823 a
3245 5768 3515 5824 veteribus
3562 5775 3753 5829 compu-

2214 5868 2356 5924 tistis
2385 5867 2722 5939 accepimus,
2752 5864 2805 5919 in
2835 5879 2944 5936 qua
2970 5872 3196 5918 octavus
3230 5877 3429 5927 annus,
3470 5876 3570 5916 non
3603 5864 3751 5913 ιιυιιυῦ

2430 6093 2459 6108 θ
