4064 6430
265 377 412 435 ιιιδι

1011 379 1096 435 DE
1136 378 1479 435 SIRMIENSI
1526 377 1611 435 ET
1650 377 2021 435 ANCYRANA
2066 378 2631 438 PSEUDOSYNODO.

3398 382 3541 447 1055

266 492 621 550 intercalaris
669 495 876 551 mensis
924 498 1272 566 appendicem
1315 496 1592 566 excipiat:
1635 510 1759 549 nam
1802 503 1858 550 et
1887 503 1931 556 Α
1960 504 2085 549 octo
2116 494 2410 563 detractis,
2454 511 2595 566 quos
2637 496 2881 565 superior
2939 496 3299 553 embolismus
3333 498 3543 555 exhau-

265 596 556 657 proptcrea
595 587 1165 644 enneadecaeteridem
1196 606 1249 643 ιιι
1283 587 1586 660 ogdoadcm
1619 596 1674 641 et
1720 586 1854 640 hen-

263 675 533 732 decadem
566 676 759 747 partiri
792 678 1013 743 solent,
1034 680 1113 734 uti
1167 679 1313 735 Beda
1353 678 1483 733 facit
1522 678 1618 732 lib.
1654 675 1730 730 De
1760 693 1854 730 ra-

273 767 425 822 tione
454 776 777 838 temporum,
798 782 921 838 cap.
938 773 1098 841 44,et
1111 772 1341 845 ogdoadi
1384 777 1495 825 tres
1528 769 1857 824 embolimos

266 856 516 926 menses,
548 860 850 917 hendecadi
877 868 1176 933 quaternos
1197 861 1523 917 attribuunt.
1550 859 1689 915 llinc
1710 858 1857 913 Afri-

265 967 448 1007 canus
472 951 616 1021 apud
641 950 861 1008 Hieron.
895 953 953 1007 in
978 968 1096 1022 cap.
1129 966 1184 1007 ιχ
1226 951 1392 1016 llam,
1425 948 1621 1017 Graeci,
1654 950 1851 1021 inquit,

264 1054 318 1099 et
363 1044 546 1099 «Ιαάωὶ
599 1062 692 1115 per
740 1055 859 1099 octo
889 1052 1056 1100 annOs
1106 1045 1269 1099 trium
1319 1044 1576 1098 mensium
1636 1043 1857 1114 ἐμϐολι-

266 1135 447 1206 σμούς
476 1135 703 1205 faciunt.
736 1135 816 1189 Ac
848 1134 1065 1189 tametsi
1090 1134 1298 1189 mensis
1322 1134 1530 1202 integer
1570 1148 1677 1187 non
1709 1144 1860 1209 octa-

264 1243 344 1281 vo
373 1242 554 1292 anno,
594 1228 691 1282 sed
737 1242 885 1282 nono
910 1242 978 1282 ex
1017 1226 1212 1281 diebus
1253 1225 1490 1291 residuis
1538 1234 1855 1294 consurgat,

269 1320 637 1376 nihilominus
673 1319 815 1390 quod
842 1328 899 1375 et
928 1318 1176 1388 proxime
1205 1317 1434 1373 solidam
1469 1316 1536 1371 ad
1576 1315 1855 1387 syzygiam

266 1411 601 1482 appendices
629 1410 736 1466 illa:
757 1411 876 1466 dies
905 1411 1206 1476 accedant,
1245 1418 1301 1466 et
1335 1409 1482 1480 quod
1516 1423 1584 1465 ex
1612 1407 1856 1478 superio-

265 1518 397 1558 rum
440 1517 714 1558 annorum
745 1502 1041 1560 ratiocinio
1070 1516 1290 1573 semper
1329 1500 1536 1572 aliquid
1591 1499 1859 1571 supersit.

267 1609 387 1665 quo
414 1594 663 1649 defectus
695 1595 787 1650 ille
819 1604 1238 1666 compensatur,
1281 1603 1480 1652 octavo
1512 1607 1659 1649 anno
1695 1592 1860 1649 inter-

266 1687 473 1743 calaris
503 1685 839 1756 adiungitur.

345 1778 503 1846 Quod
548 1786 732 1834 autem
779 1778 1025 1835 nondum
1057 1777 1211 1849 justo
1257 1778 1471 1835 dierum
1513 1793 1748 1835 numero
1793 1794 1861 1834 ex

1958 595 2125 653 serat,
2143 588 2388 657 quinque
2410 597 2466 643 et
2485 589 2674 659 viginti
2702 597 2929 654 restant,
2950 590 3017 645 ad
3043 605 3182 660 quos
3208 591 3539 661 complenda

1959 680 2198 752 syzygiae
2222 697 2252 733 ν
2291 681 2383 736 alii
2410 680 2530 738 dies
2566 682 2960 752 anticipantur,
2986 694 3041 737 et
3081 683 3371 739 undecimo
3397 698 3545 739 anno

1956 772 2102 827 Adar
2127 772 2410 827 inseritur.
2443 773 2646 828 Eadem
2672 782 2759 829 est
2787 774 2917 828 anni
2952 790 3045 829 xrv
3079 775 3248 830 ratio.
3279 773 3542 830 Contiunt

1957 863 2104 916 enim
2136 862 2257 918 dies
2317 877 2526 929 χχχιιι,
2577 879 2644 919 ex
2693 862 2897 932 quibus
2928 879 2961 917 ν
3001 863 3196 920 diebus
3246 864 3539 934 exemptis,

1959 951 2056 1020 qui
2093 952 2147 1006 in
2184 961 2533 1007 antecessum
2570 953 2822 1023 usurpati
2862 952 3109 1019 fuerant,
3151 952 3542 1023 relinquuntur

1961 1057 2129 1096 χχνιιι
2151 1042 2290 1106 dies,
2314 1051 2369 1097 et
2386 1043 2612 1098 biduum
2635 1044 2703 1098 ad
2729 1044 3115 1099 embolismum
3144 1046 3542 1100 cumulandum

1959 1143 1990 1182 a
2025 1131 2385 1199 sequentibus
2409 1133 2668 1187 sumitur.
2701 1130 2906 1187 Deinde
2929 1148 3076 1187 anno
3103 1148 3213 1187 xm
3243 1144 3448 1202 epacta:
3474 1136 3542 1189 ad

1958 1219 2079 1276 dies
2111 1238 2282 1276 χχχιιι
2308 1223 3236 1295 perveniunt,restitutoquebiduo
3279 1224 3375 1279 illo
3417 1242 3541 1280 mu-

1960 1314 2200 1382 tuatitio,
2263 1330 2331 1369 ex
2396 1331 2529 1370 χχχι
2580 1314 2814 1385 reliquis
2868 1314 3231 1371 intercaletur
3275 1316 3445 1383 Adar,
3490 1327 3547 1373 et

1960 1423 2109 1464 unus
2135 1408 2254 1464 dies
2286 1418 2559 1478 superest.
2588 1408 2779 1478 Itaque
2824 1407 2881 1461 in
2933 1408 3040 1463 line
3075 1409 3215 1479 cycli
3245 1424 3395 1463 χχι-ιι
3426 1408 3547 1465 dies

1960 1508 2217 1555 restant:
2272 1507 2329 1555 et
2382 1499 2749 1555 nihilominus
2797 1514 2871 1552 vn
2942 1498 3300 1555 intercalatur
3350 1500 3545 1555 embo-

1960 1592 2194 1657 lismus,
2248 1606 2394 1647 anno
2451 1607 2566 1646 χιχ.
2614 1588 2742 1647 Haec
2791 1590 2985 1647 Glossa
3029 1590 3099 1647 de
3140 1592 3277 1663 cycli
3330 1589 3544 1649 Jodaici

1960 1693 2243 1741 contextu.
2278 1684 2337 1739 In
2384 1698 2497 1754 quo
2535 1685 2779 1739 nondum
2825 1684 3038 1755 expleta
3088 1686 3308 1756 syzygia
3354 1699 3546 1740 versu.

1946 1791 2082 1849 ram
2113 1776 2254 1840 ﬁeri.
2279 1784 2335 1833 et
2374 1775 2666 1846 anticipari
2711 1776 2830 1832 dies
2857 1776 3073 1845 aliquot
3116 1776 3310 1831 vides:
3351 1785 3544 1832 contra

265 1871 483 1941 epactis
511 1871 743 1927 collecto
794 1884 1188 1940 nonnunquam
1213 1870 1569 1927 embolismos
1598 1871 1861 1925 anteverti
1896 1856 1938 1915 Β
1965 1884 2130 1940 quam
2169 1867 2420 1941 Scaliger
2463 1867 2557 1923 lib.
2587 1882 2662 1922 vn
2695 1866 2775 1922 De
2817 1869 3085 1924 emendat.
3124 1868 3178 1924 in
3222 1884 3403 1939 comp.
3447 1867 3549 1924 Ju—

269 1979 341 2018 ac
380 1963 708 2034 prmeipitari
747 1962 1011 2028 diximus,
1042 1962 1307 2018 illustrari
1338 1971 1514 2033 potest
1541 1976 1610 2017 ex
1650 1960 1863 2018 Iudaici

267 2052 414 2125 cycli
440 2051 825 2124 dispositione,
850 2052 1070 2122 qualem
1099 2049 1292 2108 Glossa
1324 2051 1517 2123 prima!
1554 2051 1729 2122 partis
1761 2049 1863 2106 Jad

268 2142 346 2198 ll.
398 2141 552 2198 Mose
604 2140 861 2197 Tractatu
895 2139 1175 2195 Kiddusch
1221 2140 1550 2195 hachodesch
1601 2140 1866 2195 describit

267 2250 396 2307 cap.
422 2235 476 2301 l,
503 2233 621 2306 §2:
658 2235 921 2290 nimirum
955 2243 1177 2305 epactas
1215 2234 1345 2289 anni
1375 2250 1392 2289 ι
1426 2242 1482 2289 et
1519 2249 1579 2299 ιι,
1624 2233 1680 2289 in
1709 2234 1864 2305 cyclo

267 2326 506 2384 Judaico
539 2343 665 2382 cum
690 2327 897 2397 epactis
920 2342 954 2380 v
979 2326 1253 2383 mensium
1282 2325 1415 2381 anni
1448 2325 1595 2381 tertii
1620 2325 1688 2381 ad
1714 2341 1863 2383 χχνιι

269 2421 397 2476 dies
436 2420 697 2475 accedere
733 2438 749 2475 :
795 2419 1029 2491 ideoque
1066 2419 1134 2474 ad
1181 2418 1644 2489 complementum
1674 2420 1865 2475 embo-

268 2512 426 2568 lismi
468 2512 679 2569 mensis
714 2512 957 2567 triduum
987 2527 1055 2567 ex
1088 2512 1251 2567 annis
1279 2512 1641 2582 sequentibus
1674 2522 1866 2567 mutuo

268 2605 471 2674 accipi.
501 2604 692 2660 Postea
736 2620 805 2659 ex
850 2602 1075 2660 residuo
1102 2603 1232 2659 anni
1265 2602 1409 2659 tertii
1453 2612 1510 2658 et
1555 2617 1625 2659 ex
1665 2611 1866 2675 quarto

266 2710 343 2750 ac
372 2697 567 2765 quinto
600 2708 709 2750 una
747 2709 873 2749 cum
916 2692 1201 2750 mensibus
1233 2708 1267 2747 ν
1297 2691 1433 2747 anni
1478 2693 1643 2761 sexti,
1683 2693 1864 2763 colligi

268 2787 394 2842 dies
427 2785 542 2842 fere
568 2802 747 2842 χχχιιι
772 2804 787 2841 :
812 2802 882 2842 ex
909 2786 1116 2857 quibus
1146 2793 1504 2857 compensate
1532 2786 1713 2841 triduo
1747 2785 1863 2848 illo.

270 2878 425 2948 quod
455 2879 814 2949 anticipatum
845 2877 1046 2940 fuerat,
1082 2876 1362 2933 secundus
1396 2876 1758 2934 embolismus
1782 2875 1867 2930 in-

268 2968 495 3024 seritur.
518 2968 726 3024 Deinde
763 2983 834 3024 ex
871 2968 1079 3040 epactis
1116 2969 1390 3026 mensium
1420 2984 1494 3024 vn
1526 2968 1658 3025 anni
1699 2967 1864 3033 sexti,

266 3068 329 3115 et
356 3059 487 3114 anni
526 3059 771 3129 septimi,
803 3075 1023 3116 necnon
1069 3068 1125 3116 et
1151 3075 1182 3114 ν
1206 3059 1478 3116 mensium
1508 3061 1638 3114 anni
1665 3058 1865 3123 octavi,

268 3169 389 3209 χχιι
420 3152 534 3210 fere
570 3154 691 3210 dies
725 3153 995 3209 conﬁunt.
1026 3151 1216 3223 Neque
1244 3161 1427 3209 tamen
1467 3151 1718 3206 diﬂertur
1747 3164 1865 3204 em-

266 3244 575 3301 bolismus:
602 3245 699 3300 sed
722 3258 821 3299 vnt
853 3243 971 3298 dies
998 3258 1065 3298 ex
1096 3243 1260 3298 annis
1275 3241 1633 3312 sequentibus
1663 3253 1864 3309 reprae-

266 3345 606 3400 sentantur,
647 3344 709 3390 ut
771 3334 984 3391 solidus
1032 3335 1240 3389 mensis
1304 3331 1619 3387 intercalari
1666 3328 1887 3411 possit.

266 3427 414 3483 Tum
454 3443 586 3483 vero
627 3443 697 3483 ex
746 3428 971 3484 residuo
1020 3442 1097 3481 vn
1150 3425 1447 3490 mensium,
1490 3435 1546 3478 et
1590 3437 1864 3477 annorum

263 3519 532 3584 duorum,
580 3517 836 3573 videlicet
881 3532 933 3571 ιχ
984 3531 1051 3571 ac
1099 3532 1134 3570 χ
1177 3515 1477 3584 itidemque
1513 3513 1786 3568 mensium
1833 3527 1863 3566 ν

263 3609 519 3682 priorum
563 3609 694 3664 anni
741 3623 796 3663 χι
845 3608 963 3664 dies
1001 3607 1338 3676 colliguntur
1384 3620 1559 3660 χχχιιι
1602 3622 1616 3660 :
1662 3604 1867 3674 quibus

1964 1962 2126 2018 daico
2163 1961 2318 2034 cyclo
2353 1960 2713 2017 embolismos
2746 1960 3083 2031 praecipitari
3130 1960 3295 2015 nimis
3334 1960 3546 2031 impru-

1965 2056 2161 2113 denter
2202 2064 2387 2126 negat.
2415 2055 2744 2126 Quanquam
2789 2053 2987 2110 Glossa
3022 2054 3125 2109 ista
3161 2054 3408 2109 lunarem
3446 2068 3548 2107 alt-

1968 2163 2099 2203 num
2137 2148 2367 2218 praecise
2409 2147 2627 2202 dierum
2663 2159 2851 2200 cccuv
2883 2145 3199 2210 constituit,
3240 2160 3417 2214 neque
3454 2159 3552 2213 ap-

1967 2238 2228 2310 pendices
2252 2239 2420 2293 horas
2472 2253 2537 2293 ac
2564 2236 2827 2292 minutias
2857 2236 3258 2307 complectitur,
3289 2252 3411 2306 qua:
3436 2243 3554 2290 toto

1967 2331 2122 2403 cyclo
2153 2326 2399 2385 collectae
2430 2329 2549 2385 dies
2579 2328 2882 2383 coniiciunt
2909 2344 2982 2392 γι,
3026 2344 3152 2383 cum
3190 2328 3340 2382 horis
3365 2342 3454 2381 χχι
3495 2334 3553 2381 et

1966 2419 2197 2476 minutis
2230 2419 2292 2474 51
2343 2437 2357 2474 :
2395 2419 2597 2489 quibus
2630 2418 2793 2490 primi
2830 2434 2897 2473 ac
2937 2420 3203 2489 postremi
3238 2418 3549 2475 cmbolismi

1965 2509 2217 2567 defectus
2271 2522 2683 2582 compensatur.
2738 2512 3107 2577 Quamobrem
3157 2512 3315 2567 rudis
3363 2520 3450 2568 est
3495 2519 3553 2567 et

1965 2603 2297 2659 adumbrata
2333 2603 2473 2676 cycli
2506 2602 2721 2659 Judaici
2754 2604 2861 2659 ista
2889 2604 3208 2674 descriptio,
3234 2613 3289 2659 et
3316 2604 3383 2659 ad
3415 2602 3548 2659 faci-

1966 2696 2162 2751 liorem
2191 2695 2515 2751 methodum
2545 2709 2612 2750 ac
2663 2696 2989 2766 popularem
3027 2705 3247 2765 captum
3278 2695 3549 2766 apposita,

1966 2802 2094 2843 cum
2122 2786 2346 2843 interim
2370 2786 2479 2841 alia
2507 2788 2581 2843 sit
2609 2788 2751 2856 apud
2781 2779 3004 2843 Iudaeos
3033 2796 3351 2858 epactarum
3381 2802 3554 2842 anno-

1966 2894 2204 2949 rumque
2257 2877 2654 2934 conformatio.
2704 2876 2865 2943 Quod
2922 2877 3067 2933 idem
3129 2878 3199 2932 de
3257 2875 3551 2947 Epiphanii

1968 2969 2317 3027 Octaeteride
2348 2971 2713 3041 pronuntiare
2760 2970 2908 3037 licet,
2941 2985 3108 3041 quam
3137 2970 3225 3025 vel
3255 2971 3414 3033 nulli,
3446 2969 3552 3033 vel,
3578 3024 3582 3034 ,

1967 3062 2017 3119 si
2046 3061 2217 3129 forte,
2247 3062 2597 3133 paucissimi,
2641 3070 2766 3131 post
2797 3061 3079 3118 Nicmnum
3125 3077 3391 3117 canoncm
3423 3076 3555 3116 con-

1968 3153 2144 3209 ditum
2168 3154 2235 3208 ad
2259 3152 2583 3210 Paschalem
2609 3168 2772 3208 usum
2796 3155 3189 3216 adhibuerunt.
3219 3152 3371 3208 lianc
3396 3153 3575 3208 nobis,

1966 3243 2035 3298 de
2078 3242 2425 3299 embolismis
2470 3244 2897 3313 disputationem
2935 3245 3147 3314 peperit
3206 3243 3556 3298 octaeteridis

1966 3333 2362 3404 Epiphanianae
2414 3335 2728 3406 dispositio.
2781 3336 2918 3401 Quae
2965 3335 3155 3389 tandiu
3209 3335 3299 3389 hic
3353 3335 3555 3388 habere

1966 3424 2148 3480 locum
2178 3426 2389 3493 debuit,
2424 3426 2556 3481 dum
2592 3427 2850 3482 uberiore
2878 3441 2911 3482 ι
2944 3427 3102 3481 nobis
3130 3425 3551 3490 commentario,

1968 3527 2136 3582 quem
2180 3512 2249 3567 de
2297 3522 2612 3583 temporum
2653 3514 2907 3570 doctrina
2944 3513 3308 3579 meditemur,
3357 3514 3550 3569 eadem

1972 3605 2062 3660 illa
2097 3614 2485 3676 pertractetur.

2769 3749 3074 3760 ᾤ
3083 3751 3314 3761 -——

850 3933 857 3939 -
957 3891 1060 3954 DE
1100 3890 1507 3952 SIRMIENSI
1555 3891 1659 3951 ET
1700 3887 2137 3950 ANCYBANA
2184 3888 2851 3967 PSEUDOSYNODO,

1439 4047 1682 4096 ALIISQUE
1725 4047 2160 4087 SENIARIANORUH
2200 4048 2380 4099 ACTIS,

1076 4172 1410 4245 SOCBATIS,
1444 4171 1776 4231 SOZOMENI
1816 4182 2356 4239 ολιετιειιοιιυιιρυιι
2391 4178 2736 4232 Manum.

1633 4297 1712 4352 Ad
1738 4296 1932 4352 haeres.
1956 4311 2102 4352 ιχιχ.

344 4508 443 4565 Uhi
471 4524 531 4565 se
560 4509 761 4563 Ariana
789 4506 1012 4579 perﬁdia
1043 4506 1097 4562 in
1135 4504 1324 4560 orbem
1354 4504 1725 4561 Christianum
1766 4505 1852 4561 ef-
1885 4508 1933 4569 D
1961 4506 2095 4561 tales
2127 4503 2407 4575 episcopi,
2459 4502 2677 4559 Marcus
2716 4504 3081 4572 Arethusius,
3124 4506 3390 4578 Geor-gius
3431 4509 3556 4566 Alcc

262 4601 431 4666 fudit,
466 4601 637 4656 scissa
664 4609 748 4656 est
790 4600 971 4654 varias
1009 4598 1083 4675 in,
1108 4610 1310 4668 partes,
1358 4613 1423 4653 ac
1474 4598 1857 4667 multiplicium

262 4703 543 4747 sectarum
589 4700 646 4746 et
700 4690 997 4746 factionum
1048 4700 1177 4747 sunt
1218 4699 1343 4745 nata
1398 4689 1656 4743 divortio.
1690 4687 1760 4743 Ut
1791 4688 1860 4744 de

259 4782 479 4838 caeteris
532 4785 695 4836 modo
748 4791 999 4847 taceam,
1059 4781 1290 4853 insignis
1346 4780 1694 4851 potissimum
1756 4778 1860 4835 fuit

259 4869 483 4927 Photiui
517 4874 833 4930 Sirmicnsis
869 4875 1141 4944 impietas,
1174 4872 1269 4942 qui
1316 4872 1543 4927 Sabellii
1571 4880 1627 4926 et
1658 4871 1859 4926 Samo-

259 4964 439 5017 satcni
488 4965 742 5035 dogmata
791 4963 954 5033 longe
1000 4964 1286 5019 intervallo
1333 4963 1631 5018 renovavit.
1681 4962 1856 5034 Cujus

262 5055 500 5111 haeresin
532 5057 726 5111 ordine
758 5071 822 5109 ιχ
857 5056 1038 5125 posuit
1086 5070 1151 5110 ac
1185 5054 1445 5110 refutavit
1487 5053 1852 5125 Epiphanius.

260 5146 425 5204 Hunc
452 5160 510 5204 ut
531 5149 903 5221 opprimerent
934 5146 1145 5209 Ariani,
1188 5162 1253 5201 ac
1302 5156 1505 5201 tantam
1545 5161 1575 5199 a
1615 5160 1675 5201 se
1710 5144 1854 5203 invi-

258 5240 408 5293 diam
441 5240 909 5310 ignominiamque
937 5238 1288 5307 depellerent,
1323 5237 1515 5307 utique
1544 5252 1604 5292 se
1635 5239 1852 5293 tandem

258 5331 563 5387 catholicos
630 5346 753 5386 esse
812 5331 1231 5400 proﬁterentur,
1280 5329 1587 5383 Constantii
1655 5329 1849 5409 itqper.

250 5420 417 5491 jussu
452 5420 737 5490 Sirniium,
766 5436 888 5490 quae
917 5419 1046 5474 urbs
1073 5428 1156 5473 est
1202 5416 1513 5483 Pannonia,
1541 5416 1852 5474 Orientales

253 5527 638 5573 convocantur
666 5517 935 5589 episcopi,
961 5518 1419 5587 quemadmodum
1459 5517 1716 5575 Socrates
1749 5521 1848 5574 lib.

255 5621 338 5671 Iv,
379 5624 499 5678 cap.
537 5610 592 5672 5,
628 5611 831 5680 aliique
864 5618 1109 5664 narrant.
1150 5608 1306 5676 Quod
1357 5608 1521 5664 iidem
1552 5597 1850 5681 contigisse

253 5699 452 5753 volunt
482 5710 602 5769 post
634 5701 979 5756 consulatum
1036 5699 1212 5769 Sergii
1256 5709 1310 5754 et
1342 5698 1607 5771 Nigriani,
1638 5703 1733 5770 qui
1767 5710 1850 5757 cst

249 5806 441 5847 annus
466 5792 668 5847 Christi
698 5789 1075 5851 55!.Adfucre
1106 5791 1317 5863 synodo
1349 5792 1402 5847 in
1429 5791 1620 5861 primis
1644 5792 1842 5848 Orien-

1968 4596 2231 4663 xandriaz,
2267 4594 2501 4651 Basilius
2529 4596 2775 4667 Ancyrae
2810 4596 3073 4668 episcopi,
3106 4597 3428 4657 Pancratius
3456 4602 3556 4659 Pe-

1950 4686 2119 4751 lusii,
2154 4685 2493 4758 Hypatianus
2522 4684 2819 4742 Heracleae.
2846 4687 2925 4749 Εχ
2948 4688 3391 4749 Occidentalibus
3424 4710 3558 4749 vero

1965 4779 2155 4834 eadem
2191 4777 2410 4834 infectis
2443 4778 2582 4846 labe,
2611 4776 2812 4835 Valens
2862 4778 3177 4836 Mursorum
3226 4783 3555 4854 episcopus;

1967 4886 2181 4928 necnon
2229 4880 2285 4926 ct
2339 4869 2506 4926 Osius
2554 4869 2928 4927 Cordubensis
2975 4870 3232 4928 Ecclesiae
3269 4873 3559 4931 catholica:

1967 4980 2064 5035 per
2095 4965 2183 5019 illa
2214 4974 2456 5034 tempora
2498 4964 2773 5029 columen,
2816 4964 2909 5034 qui
2953 4979 3020 5019 eo
3065 4965 3189 5021 licet
3224 4965 3430 5022 invitus
3462 4983 3556 5023 ac-

1963 5058 2151 5113 cessit.
2182 5057 2237 5112 ln
2274 5058 2377 5112 hoc
2396 5057 2651 5125 concilio,
2679 5055 3044 5113 condemnato
3080 5057 3330 5120 Photino,
3361 5060 3556 5131 triplex

1962 5151 2108 5206 edita
2132 5159 2217 5205 est
2245 5150 2314 5206 ab
2345 5149 2568 5205 Arianis
2618 5147 2738 5202 fidei
2772 5145 3009 5204 formula
3042 5167 3056 5204 :
3096 5150 3269 5219 prima
3300 5148 3489 5206 Graece
3521 5168 3554 5207 a
3582 5180 3583 5185 η

1961 5242 2144 5299 Marco
2168 5242 2463 5297 Arethusio
2490 5249 2778 5311 concepta,
2803 5253 2970 5310 quam
3015 5240 3273 5296 Socrates
3302 5256 3423 5311 cap.
3460 5241 3552 5306 95,
3614 5300 3631 5322 ‘

1960 5345 2011 5387 ct
2038 5342 2165 5387 ante
2193 5347 2318 5385 eum
2347 5330 2688 5385 Athanasius
2721 5329 2860 5382 libro
2893 5327 2965 5381 De
3003 5329 3221 5399 synodi:
3254 5328 3439 5384 Graece
3467 5343 3557 5382 rce

1960 5422 2177 5488 ferunt;
2208 5421 2401 5477 Latine
2430 5435 2560 5477 vero
2604 5419 2843 5475 Hilarius
2867 5419 3008 5474 libro
3038 5418 3113 5473 De
3150 5419 3388 5488 synodis.
3427 5416 3558 5471 Dote

1959 5513 2078 5569 alia:
2108 5513 2313 5568 Latinae
2354 5521 2502 5577 sunt,
2526 5528 2761 5582 quarum
2787 5511 2963 5582 prima
2999 5525 3029 5564 a
3058 5510 3282 5563 Socrate
3307 5518 3361 5560 et
3384 5508 3552 5561 Atha-

1959 5606 2114 5661 nasio
2170 5605 2362 5661 iisdem
2426 5606 2562 5660 locis
2617 5606 2892 5681 descripta
2941 5602 3287 5664 continetur;
3344 5608 3552 5667 postre-

1956 5712 2126 5766 mam,
2153 5712 2275 5768 quae
2312 5698 2367 5751 in
2415 5696 2749 5752 Arimineosi
2804 5694 3013 5766 synodo
3059 5708 3089 5745 τι
3138 5690 3358 5744 Valente
3411 5682 3555 5744 reci‘

1954 5801 2068 5848 tata
2094 5790 2442 5861 postmodum
2487 5801 2593 5854 est,
2636 5800 2689 5843 et
2735 5805 2765 5841 a
2815 5784 3100 5841 catholicis
3138 5781 3361 5853 reiecta,
3387 5779 3556 5834 habet
