4064 6432
572 362 709 417 mss
992 426 1009 435 φ
1636 351 1978 411 APPENDIX
2022 346 2657 411 DISSERTATIONUM.
3472 342 3489 349 “
3700 358 3809 415 lost

572 478 830 534 Socrates
875 493 992 547 cap.
1035 477 1140 541 29,
1187 476 1437 532 meminit
1478 484 1533 530 ct
1583 475 1917 531 Athanasius
1958 472 2055 527 lib.
2096 470 2172 525 De
2202 475 2251 532 Α
2277 470 2458 527 studio
2488 474 2843 531 Constantius
2884 475 3170 539 revocatis,
3204 489 3344 545 quas
3392 474 3644 545 Asphalto
3668 473 3819 533 Eudo-

575 572 815 642 synodis.
852 571 980 626 Duae
1028 573 1211 641 itaque
1253 580 1370 625 tum
1420 569 1671 626 formula:
1700 568 1888 623 Sirmii
1924 565 2167 639 promul-
2280 565 2353 619 xii
2409 567 2744 638 presbytero,
2807 576 2860 621 et
2919 568 3055 621 Aetii
3106 568 3308 624 fautori
3365 568 3601 632 dederat.
3632 569 3818 636 litteris,

573 672 715 732 gata;
756 671 929 718 sunt:
974 677 1100 717 nam
1151 662 1368 718 tertiam
1412 660 1648 716 Arimini
1695 668 1885 730 postea
1925 657 2171 729 publica-
2280 655 2415 713 alias
2454 657 2722 714 Adversus
2757 657 3059 713 Eudoxiunt
3111 659 3181 712 ad
3233 657 3574 714 Antioelienos
3611 661 3817 731 scripsit.

574 760 722 806 runt.
782 752 841 807 In
897 752 1085 808 eadem
1131 751 1343 824 synodo
1388 750 1627 807 Basilius
1678 749 2003 821 Ancyranus
2044 763 2170 804 cum
2283 750 2520 821 Subjicit
2549 752 2637 806 his
2667 751 2925 806 Socrates
2950 750 3314 807 Ariminensis
3354 753 3569 808 concilii
3600 755 3823 808 narratio-

574 840 809 899 Pbotino
857 858 1044 900 coram
1091 843 1426 914 imperatore
1471 857 1802 913 congressus
1846 850 1971 896 est:
2015 838 2174 908 cujus
2283 855 2447 896 nem:
2479 841 2533 895 in
2566 855 2678 912 quo
2712 840 2836 896 lidei
2872 840 3129 905 Ἔκθεσις
3166 842 3258 897 illa
3298 842 3368 897 ab
3408 839 3637 898 Ursacio
3661 852 3710 897 et
3737 840 3820 900 Va—

573 935 964 1006 disputationis
1000 936 1334 992 mentionem
1375 936 1432 990 in
1472 933 1795 990 Photiniana
1837 933 2031 988 haeresi
2089 929 2173 985 fa-
2281 934 2425 991 lente
2452 933 2727 1004 proposita
2759 941 2863 995 est,
2896 948 3019 1003 quae
3059 932 3247 988 Sinnii
3282 942 3411 989 ante
3442 945 3692 1005 coner-pta
3726 935 3821 988 fue-

574 1028 651 1081 cit
706 1026 1063 1097 Epiphanius.
1114 1026 1282 1083 Osius
1326 1040 1458 1082 vero
1514 1026 1606 1080 diu
1657 1040 1780 1080 cum
1841 1025 2172 1079 Arianorum
2283 1036 2387 1083 rat.
2430 1025 2774 1083 Sozomenus
2809 1035 2989 1082 autem
3037 1022 3242 1082 Liberii
3282 1027 3352 1082 ab
3387 1028 3584 1084 exsilio
3629 1028 3824 1083 revocati

574 1119 803 1188 perlidia
841 1127 898 1175 et
933 1120 1282 1189 imperatoris
1315 1119 1637 1175 crudelitate
1667 1117 1930 1183 luctatus,
1971 1131 2039 1172 ac
2083 1117 2175 1171 di-
2284 1132 2350 1175 ac
2378 1116 2606 1171 Romam
2647 1117 2929 1173 redeuntis
2961 1116 3246 1174 historiam
3277 1119 3535 1188 pertexit.

577 1212 817 1267 rissimis
867 1212 1158 1269 tormentis
1193 1212 1635 1275 excarniﬁcatus,
1675 1220 1957 1283 postremo
1998 1210 2173 1265 eidem

2286 1228 2408 1299 Qua
2445 1226 2501 1283 in
2546 1245 2602 1284 re
2648 1228 3201 1301 hodierniisrriplores
3230 1228 3511 1285 annalium
3545 1231 3608 1285 ab
3636 1231 3825 1301 antiquis

581 1304 844 1374 impietati
881 1304 1228 1375 subscripsit.
1272 1303 1585 1360 Secundum
1626 1304 1745 1358 lianc
1792 1301 2174 1363 Constantius,
2736 1315 2741 1319 ·
2845 1300 2957 1354 illis
2988 1299 3324 1356 dissentiant.

585 1396 767 1452 occiso
808 1394 1139 1466 Magnentio,
1191 1393 1351 1463 cuius
1407 1395 1582 1451 caedes
1637 1394 1961 1450 Constantio
2010 1391 2074 1447 Vl
2123 1400 2181 1447 et
2356 1388 2513 1456 Quod
2557 1389 2626 1444 de
2670 1387 2991 1447 Sirmiensis
3035 1391 3298 1447 adversus
3334 1389 3623 1446 Pbotinum
3650 1392 3832 1449 concilii

584 1485 740 1541 Gallo
764 1484 807 1538 ll
830 1501 1001 1552 coss.,
1033 1486 1124 1556 qui
1155 1496 1240 1543 est
1274 1500 1453 1542 annus
1489 1487 1617 1552 353,
1654 1486 1888 1549 accidit,
1935 1499 2001 1542 ac
2047 1484 2180 1539 rcli-
2289 1489 2532 1551 tempore
2581 1479 2841 1538 Socrates
2890 1495 2958 1537 ac
2998 1481 3341 1539 Sozomenus
3372 1484 3738 1548 tradiderunt,
3768 1485 3834 1538 ni-

582 1576 707 1646 quis
732 1578 982 1648 tyrannis
1012 1576 1329 1633 felicissime
1362 1576 1700 1647 compressis
1744 1586 1840 1633 aut
1866 1575 2176 1642 exstinctis,
2289 1576 2493 1633 mirum
2525 1574 2718 1646 Sergio
2751 1588 2818 1631 ac
2849 1574 3111 1647 Nigriano
3132 1588 3279 1631 coss.
3311 1572 3642 1631 celebratum
3672 1576 3832 1644 fuisse,

582 1667 738 1723 Gallo
779 1668 1003 1739 insuper
1049 1678 1266 1734 necato,
1309 1669 1633 1726 Constantio
1673 1667 1763 1723 Vll
1805 1678 1862 1723 et
1914 1668 2072 1724 Gallo
2112 1665 2179 1722 ιιι
2288 1668 2384 1740 qui
2426 1681 2512 1723 eat
2554 1681 2733 1722 aunus
2774 1681 2897 1721 era:
2942 1665 3269 1721 Christianae
3306 1665 3432 1732 35l,
3471 1665 3526 1720 id
3567 1667 3618 1721 iu
3662 1669 3838 1738 magnis

581 1772 752 1824 casm,
776 1774 922 1834 anno
946 1760 1075 1828 554,
1096 1760 1317 1816 demum
1342 1760 1636 1816 Arbetione
1657 1759 1978 1816 etLolliano
2007 1774 2181 1827 eoss.,
2228 1833 2231 1834 γ
2290 1758 2596 1814 Annalibus
2647 1756 2718 1813 ad
2763 1754 2969 1812 annum
3007 1754 3110 1812 557
3143 1756 3359 1812 duobus
3400 1757 3486 1813 vel
3528 1758 3695 1813 tribas
3729 1774 3841 1828 pra:-

583 1867 731 1907 auno
763 1851 891 1920 355,
925 1851 1156 1906 llomam
1207 1861 1267 1908 ut
1310 1852 1679 1923 triumpharet
1733 1852 2027 1923 profectus,
2066 1852 2180 1908 Me-
2214 1833 2259 1894 Β
2292 1853 2481 1909 sertim
2532 1850 2873 1922 argumentis
2902 1847 3185 1905 refellitur.
3219 1849 3467 1917 Quorum
3501 1851 3841 1906 auctoritatem

585 1944 794 2001 diolani
836 1944 1108 2016 synodum
1153 1944 1303 2014 cogit
1346 1944 1609 2001 adversus
1649 1944 2037 2001 Athanasium.
2080 1945 2183 2002 Cui
2294 1944 2472 2003 secuti
2508 1943 2706 2014 reliqui
2738 1941 3127 1999 ecclesiastica:
3182 1941 3427 1998 historia:
3466 1949 3846 2012 temporumque

588 2049 713 2090 cum
779 2032 1050 2088 acerrime
1104 2031 1514 2104 refragareutur
1581 2032 1839 2088 catholici
1906 2034 2183 2105 episcopi,
2295 2036 2629 2101 conditores,
2663 2048 2791 2091 cum
2818 2033 3033 2089 erroris
3054 2033 3274 2089 ωειιθω
3320 2032 3445 2089 illos
3481 2033 3846 2104 scriptoresiu-

593 2125 895 2195 pnesertim
930 2123 1202 2180 Eusebius
1235 2123 1615 2189 Vercellcnsis,
1648 2125 1944 2197 Dionysius
1982 2126 2187 2183 ﬂedio-
2297 2129 2581 2196 simulant,
2612 2134 2727 2183 tum
2764 2138 2913 2181 anno
2939 2124 3145 2181 Christi
3191 2108 3319 2189 357,
3364 2124 3684 2181 Constantio
3717 2122 3774 2177 lx
3804 2131 3847 2179 et

592 2215 859 2282 lanensis,
881 2215 1146 2273 Paulinus
1176 2215 1551 2283 Trevereusis,
1580 2215 1799 2274 Lucifer
1816 2218 2187 2287 Calaritanus,
2296 2221 2514 2278 Juliano
2535 2234 2706 2283 cess.,
2756 2217 3072 2273 damnatum
3116 2216 3169 2271 in
3205 2215 3493 2274 Sirmiensi
3526 2216 3850 2272 conciliabula

592 2307 1005 2378 exsularejussi
1038 2317 1190 2365 sunt.
2302 2313 2598 2368 Photinum
2650 2316 2926 2366 asserunt.
2973 2310 3307 2378 Argumenta
3363 2323 3533 2379 porro
3576 2317 3699 2363 sunt
3729 2307 3848 2376 elus-

671 2398 874 2455 Eodcm
916 2414 1065 2455 anno
1104 2410 1161 2455 et
1187 2399 1439 2455 Liberius
1483 2398 1764 2459 Romanus
1793 2401 2061 2472 pontifex,
2096 2404 2191 2473 qui
2302 2404 2450 2461 modi
2485 2422 2499 2457 :
2532 2404 2586 2458 in
2610 2401 2805 2473 primis
2828 2400 3085 2457 Socrates
3123 2414 3189 2456 ac
3221 2400 3565 2457 Sozomenus
3601 2384 3849 2460 testantur,

595 2490 743 2547 Julio
791 2500 1154 2556 successerat,
1210 2492 1357 2561 quod
1408 2492 1770 2549 Athanasium
1825 2494 2195 2551 condemnare
2302 2496 2493 2554 Osium
2522 2495 2936 2551 Cordubensem
2966 2493 3035 2548 ad
3067 2491 3423 2549 Sirmiensem
3454 2492 3718 2565 synodum
3742 2488 3852 2544 inti-

601 2583 789 2648 noliet,
821 2584 1095 2655 relegatus
1131 2594 1241 2650 est,
1268 2591 1329 2639 ut
1380 2583 1545 2639 iidem
1581 2584 1827 2640 historici
1859 2601 1985 2640 cum
2015 2584 2197 2643 Theo-
2305 2600 2421 2647 tum
2458 2588 2780 2652 accessisse,
2815 2588 3000 2659 ibique
3026 2586 3079 2642 vi
3112 2601 3177 2642 ac
3208 2586 3500 2641 tormentis
3526 2593 3774 2641 extortam
3796 2580 3852 2638 alt

601 2677 794 2731 doreto
812 2686 871 2732 et
898 2675 1203 2732 Athanasio
1226 2685 1518 2732 testantur.
1543 2675 1620 2733 De
1643 2676 1865 2733 Liberio
1878 2694 2009 2735 vero
2028 2680 2195 2736 etiam
2307 2681 2402 2739 illo
2425 2680 2714 2737 Athanasii
2747 2680 3176 2736 damnationem.
3208 2678 3372 2749 Atqui
3406 2677 3627 2733 nonnisi
3655 2676 3853 2745 relegata

603 2765 931 2823 Ammianus
973 2768 1069 2825 lib.
1127 2784 1219 2824 xv.
1275 2766 1374 2824 His
1418 2767 1494 2822 ita
1542 2768 1847 2835 confectis,
1903 2770 2200 2841 imperator
2303 2778 2418 2850 jam
2467 2775 2704 2841 Liberis,
2751 2783 3042 2845 postquam
3090 2771 3317 2841 insnper
3366 2783 3576 2825 anitum
3614 2767 3718 2839 jam
3746 2764 3854 2819 inue-

605 2874 755 2913 anno
800 2860 1050 2930 sequenti
1100 2860 1263 2915 tertio
1309 2858 1539 2916 Kalend.
1583 2859 1758 2919 Maias
1798 2861 2031 2918 Romam
2079 2880 2202 2922 sese
2311 2884 2469 2942 grum
2526 2866 2715 2922 Sirmii
2763 2875 2911 2922 esset
2971 2880 3001 2920 a
3066 2862 3390 2920 Constantio
3443 2863 3710 2922 detentus,
3755 2870 3852 2912 cum

610 2952 868 3016 contulit,
922 2962 982 3007 ut
1024 2952 1168 3009 idem
1227 2952 1552 3009 Ammianus
1600 2962 1796 3011 auctor
1831 2967 1917 3013 est
1962 2958 2057 3013 lib.
2089 2975 2199 3015 ιη.
2311 2961 2533 3019 Arianis
2561 2958 2988 3018 communicavit
3019 2956 3217 3021 Osius;
3253 2955 3398 3027 quod
3431 2952 3756 3010 Athanasius
3781 2948 3855 3005 do-

613 3043 720 3108 Qui
776 3057 903 3098 cum
962 3043 1073 3099 illic
1120 3044 1328 3101 diutius
1378 3046 1711 3102 commorari
1764 3047 1955 3115 vellet,
2002 3050 2206 3107 auditis

2300 3065 2403 3113 'cet
2437 3055 2610 3126 Epist.
2657 3053 2727 3107 ad
2763 3051 3033 3107 solitario:
3066 3067 3080 3104 :
3108 3048 3221 3104 Kal
3261 3047 3405 3103 dvrl‘
3431 3043 3718 3119 ἐξορισμθῦ
3755 3057 3855 3095 κατ·

614 3135 976 3192 barbarorum
1001 3136 1435 3209 incursionibus,
1461 3155 1515 3194 ιν
1544 3137 1664 3195 Kal.
1687 3138 1816 3196 Jun.
1845 3141 1900 3197 in
1928 3141 2203 3214 Illyricum

2251 3196 2278 3218 η
2318 3145 2434 3218 ἔχει
2482 3142 2676 3198 τοῦτον
2713 3141 2836 3196 ὅλον
2890 3138 3136 3194 ἐνιαυτὸν
3186 3140 3248 3193 ὲν
3298 3135 3379 3209 τῷ
3422 3135 3656 3209 Σιρμιῳ.
3702 3130 3856 3187 Euilii

614 3227 895 3298 profectus
923 3236 1028 3284 est.
1062 3206 1201 3284 Cum
1243 3196 1432 3285 autem
1472 3228 1660 3287 Romae
1707 3196 1895 3287 adhuc
1915 3196 2211 3303 imperator
2236 3196 2281 3257 θ’
2315 3196 2430 3293 i5};
2469 3196 2669 3292 annum
2702 3235 2963 3304 integrum
3005 3232 3193 3289 Smnii
3223 3196 3380 3287 illum
3414 3196 3856 3285 Liberius

617 3320 861 3388 degeret,
889 3319 991 3375 hoc
1027 3329 1114 3376 est
1144 3333 1344 3377 anter
1369 3319 1491 3377 Kal.
1528 3319 1744 3385 lunias.
1771 3321 2050 3381 Eudexius
2077 3324 2214 3381 Ger-
2317 3342 2523 3396 autem,
2556 3338 2619 3384 ut
2649 3343 2716 3383 ex
2749 3325 2976 3382 Socrate
3002 3335 3058 3381 et
3100 3324 3391 3379 Ammiano
3418 3324 3609 3396 liquet,
3639 3324 3735 3377 non
3763 3327 3860 3375 ante

621 3410 949 3466 ntanieiaaiu
979 3409 1138 3483 Syria
1164 3411 1477 3482 episcopus,
1507 3427 1634 3468 cum
1679 3411 1749 3468 de
1782 3412 1995 3470 Leomﬁ
2022 3414 2217 3472 Antio.
2314 3423 2520 3479 Christi
2561 3437 2766 3477 annum
2796 3420 2925 3485 555,
2966 3419 3263 3474 Arbetione
3310 3418 3525 3474 scilicet
3568 3425 3622 3473 et
3658 3413 3859 3474 Lolliano

623 3499 764 3555 cliiae
808 3500 1050 3571 episcopi
1106 3513 1283 3558 morte
1328 3503 1703 3559 renuntiatum
1745 3512 1922 3572 esset,
1959 3506 2218 3562 missione

2318 3532 2498 3581 coss.,
2532 3514 2588 3570 in
2620 3513 2875 3569 exsilium
2909 3511 3066 3574 abiit,
3091 3526 3216 3567 cum
3247 3508 3637 3575 Mediolanum,
3667 3507 3748 3563 ubi
3772 3515 3859 3560 tum

625 3607 659 3648 ³
686 3591 1013 3650 consulum
1041 3593 1349 3665 impetrata.
1397 3594 1452 3649 ίη
1492 3594 1706 3668 Syriam
1742 3597 2066 3667 Ρθτνθηίεηε
2105 3598 2218 3652 Αη·
2318 3605 2681 3663 Constantius
2724 3611 2863 3668 erat,
2912 3601 3087 3657 Roma
3134 3610 3280 3657 esset
3307 3601 3546 3657 excitus.
3577 3595 3860 3655 Athanasius

620 3686 942 3742 .tiociienam
989 3686 1173 3743 sedem
1222 3699 1476 3757 occupat.
1519 3687 1696 3754 Quam
1740 3688 2060 3759 dignitatem
2088 3689 2221 3746 ade-
2318 3716 2450 3755 νει-ο
2492 3697 2684 3755 eodem
2732 3696 2827 3752 illo
2867 3695 3009 3751 libro
3049 3694 3245 3750 scribit
3288 3692 3485 3750 05mm
3532 3708 3601 3749 ex
3646 3688 3862 3759 Hispania

627 3786 753 3848 ptus
801 3787 949 3833 totus
984 3777 1055 3835 in.
1094 3777 1147 3832 id
1187 3780 1473 3845 incumbit,
1512 3790 1573 3834 ut
1608 3779 1824 3836 Aetium
1857 3791 2221 3852 cognomento
2321 3788 2560 3859 primum
2624 3784 2932 3842 Constantii
2992 3783 3195 3840 litteris
3249 3784 3486 3839 accitum
3547 3780 3861 3838 Mediolanum

626 3868 822 3934 ἄθεον,
875 3877 931 3924 et
989 3870 1386 3925 Anomoeorum
1439 3869 1744 3941 principem
1796 3871 2090 3942 pristinum
2155 3871 2212 3927 in
2323 3877 2568 3944 venisse;
2601 3875 2952 3947 indidemq'ne
2985 3875 3040 3931 in
3079 3874 3312 3946 patriam
3342 3874 3412 3930 ab
3444 3873 3544 3929 illo
3572 3872 3861 3929 remissum:

628 3961 860 4030 gradum
898 3959 1232 4016 restitueret.
1286 3960 1387 4018 llic
1428 3963 1574 4017 enim
1615 3978 1647 4019 a
1689 3962 1916 4019 Leontio
1954 3963 2221 4019 diaconus
2320 3969 2484 4040 paulo
2514 3976 2637 4039 post
2670 3968 2865 4022 iterum
2896 3977 3184 4023 evocatum
3233 3980 3378 4021 anno
3417 3974 3541 4022 toto
3577 3964 3748 4021 Sirmii
3775 3976 3863 4016 ma-

628 4051 938 4113 ordiuatus,
970 4067 1068 4122 pro
1099 4066 1166 4107 eo
1193 4054 1338 4123 quod
1376 4052 1574 4109 Filium
1624 4055 1716 4111 Dei
1752 4071 1820 4111 ex
1854 4055 2027 4111 nihilo
2066 4072 2219 4112 crea-
2322 4071 2569 4116 ceratum
2608 4059 3021 4129 cruciatumque
3061 4058 3280 4114 demum
3315 4057 3688 4113 succubuisse.
3745 4051 3866 4121 Quod

629 4153 768 4208 tum,
811 4153 867 4199 et
901 4142 1081 4200 Patris
1143 4143 1468 4201 dissimilem
1502 4156 1790 4215 assereret,
1832 4147 2130 4205 damnatus
2169 4156 2224 4204 et
2321 4152 2371 4207 ai
2397 4168 2545 4208 anno
2589 4150 2859 4207 duntaxat
2900 4149 3007 4206 556
3051 4149 3425 4214 Constantius,
3459 4166 3531 4203 ex
3569 4163 3672 4219 quo
3706 4144 3867 4201 Sirmio

633 4236 843 4308 rjcctus
874 4234 1072 4293 fuerat.
1104 4234 1276 4307 Cujus
1316 4238 1646 4308 impietatem
1688 4253 1814 4294 cum
1859 4238 2069 4295 foveret
2115 4237 2224 4294 Eu-
2324 4244 2381 4317 in
2414 4244 2621 4299 Italiam
2650 4241 2931 4314 profectus
2960 4251 3103 4307 erat,
3132 4240 3305 4296 lloma
3339 4242 3393 4296 iu
3425 4240 3695 4313 Illyricum
3724 4250 3868 4292 rever-

622 4334 847 4400 Iloxius,
883 4333 1087 4388 frustra
1123 4332 1275 4388 illum
1315 4333 1607 4389 restituere
1643 4346 1710 4387 ac
1759 4346 2018 4387 revocare
2051 4345 2222 4385 coua-
2324 4347 2420 4387 sus
2449 4344 2555 4398 est.
2585 4333 2665 4388 uti
2695 4348 2860 4402 supra
2886 4332 3223 4402 disputatum
3259 4341 3361 4397 est,
3396 4339 3624 4403 apparet
3648 4344 3743 4384 non
3771 4334 3869 4381 ante

627 4433 746 4485 tus.
798 4433 859 4479 ut
904 4423 1098 4480 scribit
1151 4422 1443 4487 Socrates,
1486 4422 1666 4492 palam
1709 4419 1917 4477 nefaria
1963 4420 2084 4490 ejus
2124 4420 2224 4475 (ιο-
2323 4425 2429 4481 557
2459 4441 2688 4491 annum,
2722 4424 2972 4481 confecta
2995 4425 3108 4493 jam
3158 4422 3270 4479 Osii
3316 4440 3501 4480 annua
3546 4423 3724 4481 Sirmii
3759 4419 3868 4476 rele-

626 4525 812 4586 gniata
842 4517 1139 4586 praedicare
1167 4513 1354 4585 cmpit,
1391 4529 1459 4570 co
1484 4529 1616 4569 sane
1653 4511 2038 4578 conﬁdentius,
2072 4510 2218 4581 quod
2252 4536 2298 4598 ι)
2326 4518 2563 4589 gatione,
2609 4516 2970 4574 Sirmiensem
3023 4516 3290 4589 synodum
3331 4517 3470 4572 obiri
3518 4515 3763 4588 potuisse,
3800 4509 3867 4566 cui

626 4607 743 4664 Osii
772 4608 1147 4664 Cordubensis
1193 4608 1406 4662 litteras
1454 4606 1752 4678 jactitaret,
1784 4604 1986 4675 quibus
2041 4603 2220 4660 eidem
2328 4609 2495 4665 Osius
2533 4608 2863 4680 suﬂ‘ragator
2909 4608 3222 4664 accesserit.
3281 4605 3378 4664 llis
3426 4609 3638 4663 duabus
3691 4600 3869 4660 rationi-

628 4699 803 4754 crrnri
840 4698 1263 4768 subscripserat.
2058 4710 2069 4717 '
2330 4700 2456 4765 bus,
2481 4701 2624 4772 quod
2656 4710 2711 4755 et
2737 4709 2859 4771 post
2891 4698 3093 4755 Liberii
3121 4699 3398 4765 exsilium,
3429 4707 3483 4754 et
3516 4708 3636 4768 post
3670 4707 3867 4753 annuum

702 4807 837 4877 Qua,
876 4823 999 4864 cum
1030 4805 1296 4878 Georgius
1345 4802 1684 4861 Laodiccnus
1730 4803 2228 4872 aninmdvenisset,
2331 4804 2607 4845 carcerem
2643 4789 2710 4843 ad
2743 4788 3194 4845 consentiendum
3222 4792 3450 4844 adactus
3483 4789 3556 4845 sit
3591 4787 3763 4850 Osius,
3791 4792 3871 4837 ter-

632 4874 851 4954 litteras
868 4896 1141 4970 Ancyram
1176 4874 1244 4951 ad
1275 4894 1536 4950 Basilium
1576 4893 1760 4958 dedit;
1808 4893 1900 4963 qui
1936 4902 2049 4947 tum
2091 4893 2231 4949 forte

2331 4884 2465 4939 tiam
2496 4883 2746 4955 adjunxit
2777 4898 2844 4939 ex
2878 4882 3106 4949 Hilario,
3139 4882 3232 4954 qui
3278 4883 3418 4938 libro
3454 4883 3529 4937 De
3555 4881 3755 4953 synodis
3780 4874 3868 4929 Sir-

632 4992 700 5048 ad
748 4989 1142 5054 dedicandam,
1210 5004 1375 5059 quam
1438 4997 1823 5044 construxerat
1849 5026 1864 5051 ,
1936 4986 2228 5041 ecclesiam
2296 4974 2599 5031 ‘miensem
2639 4973 2873 5029 allirmat
2917 4983 3042 5043 post
3081 4973 3374 5028 triennium
3402 4989 3523 5029 esse
3566 4972 3866 5026 celebratam.

633 5078 946 5148 complures
1000 5090 1069 5133 ex
1118 5075 1366 5130 linitimis
1408 5073 1682 5145 episcopis
1734 5079 2083 5128 convocarat.
2119 5068 2231 5125 lla-
2334 5079 2402 5120 ex
2430 5081 2541 5135 quo
2566 5063 2866 5120 Saturnino
2896 5062 3197 5119 Arelatensi
3232 5064 3485 5134 episcopo
3519 5063 3714 5116 Ariann
3748 5075 3773 5111 a
3800 5070 3869 5148 ca-

633 5173 748 5228 bito
766 5146 967 5239 itaque
990 5170 1277 5240 Aucyrano
1308 5167 1563 5233 concilio,
1592 5165 1856 5236 lectisque
1889 5164 2110 5233 Georgii
2139 5164 2228 5218 lit-
2334 5157 2558 5213 tholicis
2590 5166 2676 5213 est
2715 5164 2909 5227 negata
2937 5156 3272 5211 communio.
3322 5152 3605 5210 Manifesta
3645 5165 3759 5206 vero

633 5262 788 5325 teris,
817 5238 1273 5314 decretum‘illud
1322 5255 1444 5310 ﬁdei
1484 5254 1766 5309 conditum
1790 5261 1893 5312 est.
1922 5252 2069 5322 quod
2104 5251 2234 5322 Epi-
2336 5250 2543 5305 turnini
2581 5250 2816 5304 defectio
2859 5257 2974 5305 tum
3014 5248 3263 5319 contigit,
3299 5264 3420 5303 cum
3454 5254 3747 5316 expugnato
3784 5238 3868 5291 lla-

634 5353 873 5423 phanius
915 5361 970 5406 et
1009 5349 1248 5404 llilarius
1293 5353 1765 5405 commemorant:
1834 5344 1888 5398 in
1943 5359 2054 5414 quo
2101 5359 2235 5413 sup-
2339 5341 2563 5410 guentio
2602 5339 2958 5396 Constantius
3010 5338 3286 5423 Argiletani
3336 5353 3457 5393 sese
3494 5334 3733 5392 contulit.
3761 5329 3872 5384 Con-

634 5460 827 5516 pressa
855 5443 952 5496 τοῦ
996 5439 1279 5514 euacuatos
1316 5453 1472 5501 voce,
1521 5436 1848 5508 ὁμοιούσιος,
1879 5436 1984 5489 hoc
2023 5443 2126 5501 est,
2157 5433 2233 5489 si-

2339 5442 2446 5488 stat
2476 5443 2659 5488 autem
2686 5448 2750 5487 ex
2788 5408 3200 5487 Ammiano‘lib.
3232 5447 3343 5486 χιιι
3374 5430 3739 5485 Constantium
3769 5433 3866 5474 non-

636 5513 785 5593 milis
823 5535 971 5590 Patri
1024 5513 1346 5589 substantia:
1390 5528 1589 5583 Filium
1634 5543 1758 5583 esse
1801 5525 2035 5597 professi
2081 5535 2233 5592 sunt,
2342 5524 2446 5579 nisi
2494 5541 2640 5581 anno
2668 5526 2873 5581 Christi
2907 5526 3014 5581 555
3060 5539 3119 5580 se
3154 5522 3220 5578 Vl
3257 5532 3313 5579 et
3357 5523 3508 5578 Gallo
3542 5519 3742 5574 llcoss.
3772 5513 3872 5565 Are-

638 5643 669 5682 a
717 5642 829 5698 quo
868 5624 1194 5681 Semiariani
1239 5620 1390 5676 dicti.
1441 5618 1580 5673 Tum
1634 5617 1795 5688 legati
1854 5616 2116 5672 Sirmium
2162 5614 2231 5670 ad
2340 5616 2504 5670 latam
2535 5617 2772 5681 venisse,
2806 5609 3113 5685 ibidemque
3143 5616 3374 5669 natalem
3408 5630 3563 5669 suum
3595 5627 3643 5664 νι
3680 5608 3747 5662 ld.

641 5688 1021 5786 imperatorem
1060 5733 1088 5767 a
1122 5712 1332 5784 synodo
1363 5710 1538 5774 missi,
1570 5708 1803 5763 Basilius
1837 5708 2088 5779 Ancyrat,
2127 5706 2238 5761 Eu-
2344 5706 2667 5761 celebrasse.
2701 5708 2864 5761 Unde
2880 5706 3227 5777 perspicuum
3264 5718 3349 5761 est
3386 5721 3528 5759 anno
3568 5704 3767 5755 demum
3793 5688 3869 5745 357

642 5809 878 5862 statiiius
904 5805 1166 5872 Sellasia),
1199 5803 1454 5857 Leontius
1483 5799 1664 5869 Cyzici
1692 5800 1953 5869 cpisc0pi.
1983 5799 2232 5866 Quorum
2288 5876 2297 5883 Α
2344 5799 2579 5854 triennio
2600 5802 2711 5869 jam
2754 5801 3025 5867 absoluto,
3074 5799 3428 5856 Sirmienscm
3482 5797 3736 5869 synodum
3780 5797 3867 5856 pel“
