4064 6406
254 401 365 450 tuo!

1077 389 1160 440 DE
1190 385 1534 441 SIIiMIENSl
1570 383 1653 434 ΕΤ
1696 377 2071 434 ANCYRANA
2114 373 2695 432 PSEUDOSYNODO.

3358 374 3377 426 i
3388 371 3495 428 663

245 523 408 566 actam
441 509 626 561 fuisse.
663 509 793 572 Qua:
821 505 1038 574 quidem
1067 505 1251 558 omnia
1301 504 1381 557 sic
1423 503 1475 556 in
1524 498 1815 555 Annalibus
1848 501 1888 554 Α
1921 495 2098 560 Quam
2161 493 2381 562 quidem
2439 493 2581 562 apud
2649 491 2927 543 Socratem
2988 487 3184 548 habes,
3244 485 3494 555 ascriptis

243 604 570 671 digeruntur.

311 695 464 746 Anno
493 691 598 745 555
649 687 972 742 Constantio
1003 687 1072 740 Vl
1118 697 1171 741 et
1196 687 1350 742 Gallo
1381 685 1420 740 Il
1453 700 1626 748 coss.,
1665 683 1810 737 victo

246 781 543 854 Magnentio
570 781 924 835 Constantius
966 783 1018 832 in
1047 779 1248 833 Gallias
1277 777 1570 848 profectus,
1599 775 1811 830 Arelate

247 879 471 930 hiemem
517 872 773 927 traduxit.
822 871 925 926 Ubi
973 871 1202 923 concilio
1249 870 1575 922 ArianOrum
1623 878 1811 922 coacto

245 971 528 1023 damnatur
559 965 930 1026 Athanasius;
983 962 1242 1016 Paulinus
1285 960 1660 1022 Treverensis,
1703 975 1810 1014 una

246 1075 364 1114 cum
391 1060 595 1127 aliquot
617 1055 902 1111 catholicis
940 1056 1210 1122 episcopis
1241 1054 1434 1107 exsilio
1469 1053 1702 1106 multati.

312 1152 465 1204 Anno
497 1150 600 1204 554
632 1148 952 1202 C0nstantio
982 1145 1066 1199 VII
1110 1155 1163 1199 et
1191 1145 1344 1199 Gallo
1373 1145 1435 1196 ΙΙΙ
1476 1160 1644 1207 coss.,
1687 1143 1814 1198 Gal-

247 1247 328 1296 lus
371 1242 551 1295 Caesar
595 1239 898 1293 Constantii
951 1239 1106 1306 jussu
1170 1246 1417 1291 necatur.
1483 1237 1814 1290 Athanasius

245 1332 579 1386 Alexandria:
614 1341 858 1384 vexatur.

312 1425 467 1478 Anno
506 1423 611 1477 555
642 1423 936 1478 Arbetione
977 1433 1029 1477 et
1074 1422 1320 1477 Lolliano
1358 1431 1528 1485 coss.,
1563 1419 1817 1474 Mediola-

247 1498 411 1570 nense
460 1515 751 1570 concilium
806 1513 1062 1567 indicitur
1106 1529 1169 1568 ac
1210 1513 1517 1568 celebratur
1550 1512 1603 1565 in
1651 1525 1817 1566 causa

246 1606 547 1670 Athanasii,
594 1617 860 1676 praesente
905 1605 1242 1661 Constantio.
1272 1605 1376 1673 Qui
1412 1605 1710 1661 catholicos
1755 1620 1818 1660 ac

247 1698 622 1753 sanctissimos
669 1698 954 1768 episcopos
1004 1698 1150 1753 illius
1196 1697 1533 1753 damnationi
1581 1697 1820 1753 subscri-

248 1788 372 1842 bere
400 1798 715 1844 recusantes
746 1790 800 1843 in
851 1790 1106 1845 exsilium
1153 1791 1341 1860 ejicit;
1386 1791 1642 1846 nimirum
1686 1790 1820 1846 Ver-

1918 599 2062 639 coss.
2136 583 2453 638 nominibus
2499 601 2512 636 :
2563 596 2672 650 qua
2729 581 2796 634 de
2861 591 3028 632 causa
3100 574 3494 630 catholicorum

1916 675 2184 736 omnium.
2238 673 2536 743 praesertim
2568 669 2876 734 Athanasii,
2909 669 3021 723 risu
3057 682 3122 722 ac
3147 667 3384 721 ludibrio
3413 675 3498 721 est

1917 774 2168 834 excepta.
2228 764 2431 819 Eodem
2480 778 2625 817 anno
2674 761 2922 817 Liberius
2974 760 3166 815 Beroea
3210 766 3500 814 revocatus

1921 857 2107 912 Sirmii
2149 858 2340 926 prima:
2375 857 2450 910 illi
2506 854 2754 909 formulae
2786 853 3132 922 subscripsit,
3167 867 3289 922 qua:
3313 850 3500 906 Graece

1920 965 1949 1004 a
1997 949 2180 1004 Marco
2219 959 2410 1004 contra
2453 949 2746 1003 Photinum
2783 945 2986 1013 scripta
3035 944 3248 1010 fuerat;
3275 957 3385 996 non
3413 957 3499 997 se.

1919 1039 2129 1092 cundze.
2154 1037 2292 1104 'Quo
2314 1039 2606 1107 impetrato
2643 1039 2871 1090 Romam
2903 1033 3215 1088 remittitur.

1990 1132 2152 1184 Anno
2183 1131 2287 1184 358
2316 1129 2564 1184 absoluta
2596 1127 2870 1182 Sirmiana
2893 1125 3328 1195 pseudosyuodo,
3355 1123 3501 1178 Con-

1921 1225 2156 1279 stantius
2204 1222 2574 1277 Nicomediam
2611 1222 2840 1274 alteram
2877 1217 3091 1272 indicit.
3126 1215 3230 1270 Sed
3254 1230 3316 1268 ta
3343 1227 3502 1269 terrae

1922 1329 2072 1372 motu
2105 1325 2400 1387 prostrata,
2433 1330 2558 1368 mox
2593 1314 2758 1368 etiam
2798 1309 3000 1375 Nicaea,
3032 1325 3143 1380 quo
3173 1318 3500 1363 conventum

1924 1408 2206 1464 transferri
2241 1407 2538 1477 placuerat,
2570 1405 2758 1460 eadem
2797 1402 2956 1456 ruina
2986 1400 3270 1456 subversa.

1993 1502 2152 1555 Anno
2189 1499 2294 1556 359
2329 1499 2582 1554 bifariam
2631 1494 2937 1551 distributis
2978 1493 3273 1564 episcOpis,
3311 1494 3503 1547 eodem

1925 1603 2174 1663 tempore
2205 1592 2436 1646 Arimini
2471 1607 2536 1647 ae
2581 1590 2843 1646 Seleucia
2875 1590 2929 1645 in
2964 1589 3171 1645 Isauria
3199 1585 3390 1656 synodi
3421 1600 3507 1641 cc.-

1926 1684 2226 1738 lebrantur.
2259 1682 2412 1738 lianc
2456 1684 2672 1738 illorum
2709 1691 3015 1754 temporum
3054 1680 3360 1745 historiam,
3405 1692 3504 1733 eu-

1923 1777 2164 1846 jusmodi
2217 1777 2269 1830 in
2322 1777 2616 1830 Annalibus
2677 1777 2945 1840 traditur,
2999 1790 3123 1830 cum
3176 1773 3229 1828 in
3289 1771 3504 1827 caeteris

246 1880 531 1934 cellensem
581 1879 900 1943 Eusebium,
954 1881 1272 1952 Dionysium
1326 1882 1818 1951 MediolanenScm;

1932 1868 2182 1924 Nicotaus
2213 1870 2412 1934 Faber,
2438 1869 2522 1923 vir
2541 1869 2964 1932 eruditissimus,
2990 1883 3096 1922 non
3127 1864 3414 1935 improbet,
3449 1862 3502 1916 in

246 1986 307 2025 ac
334 1980 610 2041 postremo
650 1971 924 2026 Liberium
971 1987 1191 2042 papam,
1222 1989 1383 2043 quem
1421 1973 1592 2029 Roma
1622 1974 1823 2031 Medio-

247 2063 426 2117 ianum
471 2065 766 2116 acciverat.
808 2061 922 2138 qu
959 2061 1075 2118 haec
1121 2061 1285 2120 Osius
1329 2081 1394 2120 ex
1424 2063 1699 2135 Hispaniis
1740 2083 1824 2121 ac-

247 2151 476 2205 ccrsitus
530 2150 840 2218 frustraque
899 2150 1224 2206 sollicitatus
1267 2151 1320 2205 in
1358 2151 1588 2220 patriam
1641 2152 1820 2207 rediit.

313 2245 470 2297 Anno
498 2241 603 2296 356
633 2242 958 2297 Constantio
986 2241 1100 2296 Vlll
1133 2251 1185 2298 et
1216 2241 1432 2298 Juliano
1457 2258 1623 2309 coss.,
1659 2245 1824 2298 Atha-

250 2331 432 2398 nasius
471 2329 706 2400 Syriano
737 2329 876 2385 duce
926 2339 1210 2401 grassante
1239 2333 1564 2387 Alexandria
1609 2335 1820 2403 pulsus,

249 2421 403 2490 eique
431 2420 765 2475 substitutus
793 2419 1082 2487 Georgius.
1131 2423 1488 2478 Constantius
1518 2423 1825 2480 Mediolano

252 2509 473 2564 Romam
507 2509 755 2578 pervenit
785 2511 944 2564 tertio
992 2494 1110 2564 Kal.
1161 2511 1353 2580 Majas.“
1378 2513 1452 2566 lbi
1503 2528 1532 2566 a
1563 2515 1824 2568 matronis

253 2601 630 2669 interpellatus
685 2598 966 2654 Liberium
1017 2601 1196 2655 edicto
1247 2612 1488 2656 revocat.
1544 2602 1826 2660 Eudoxius

251 2689 612 2744 Germaniciae
642 2689 937 2759 episcopus
977 2691 1164 2745 audita
1203 2691 1414 2746 Leontii
1447 2702 1621 2747 morte
1655 2692 1825 2749 Roma

248 2779 596 2832 Antiochiam
633 2779 894 2834 advolaus
933 2781 1120 2834 sedem
1169 2791 1426 2852 occupat.
1471 2782 1828 2840 Constantius

250 2887 301 2923 iv
351 2870 471 2926 Kal.
513 2871 640 2926 .Iun.
674 2871 820 2927 Urbe
843 2873 1157 2942 digrediens
1193 2875 1247 2928 in
1280 2874 1556 2947 Illyricum
1586 2877 1825 2933 festinat.

315 2963 475 3018 Anno
511 2961 612 3016 557
649 2963 976 3018 Constantio
1007 2963 1075 3017 IX
1108 2974 1162 3020 et
1187 2965 1407 3020 Juliano
1443 2967 1482 3021 ll
1510 2982 1680 3034 coss.,
1709 2968 1828 3024 Sir-

250 3053 458 3107 mieuse
508 3052 806 3106 concilium
861 3068 1044 3106 coram
1096 3053 1426 3108 Constantio
1473 3054 1827 3109 celebratum.

249 3136 304 3192 In
335 3156 444 3211 quo
494 3140 738 3211 primum
787 3141 1081 3197 damnatus
1131 3142 1416 3206 Photinus,
1452 3151 1508 3196 et
1553 3158 1583 3198 a
1629 3143 1829 3198 Basilio

249 3232 476 3304 Ancyrae
528 3234 789 3302 episcopo
838 3233 1177 3289 confutatus.
1231 3232 1371 3289 Tum
1407 3235 1531 3290 fidei
1578 3235 1828 3290 formulae

249 3332 361 3380 tres
388 3325 720 3396 conscriptae
754 3344 768 3381 :
805 3325 981 3394 prima
1032 3334 1259 3380 auctore
1305 3325 1491 3380 Marco
1539 3326 1830 3383 Arethusio

251 3413 460 3482 Graeca,
513 3416 568 3469 in
605 3431 714 3485 qua
753 3418 993 3471 damnati
1028 3418 1169 3471 inter
1209 3428 1426 3482 caetera,
1471 3418 1564 3486 qni
1605 3433 1672 3472 ex
1721 3418 1828 3472 alia

249 3507 585 3571 substantia,
618 3517 674 3563 et
719 3524 829 3562 non
873 3524 940 3563 ex
992 3508 1102 3564 Deo
1131 3508 1332 3564 Filium
1367 3509 1645 3565 exstitisse
1680 3510 1830 3564 diee-

249 3605 400 3652 rent:
421 3599 569 3652 bane
593 3598 756 3653 habet
771 3599 1105 3655 Athanasius
1120 3599 1214 3653 lib.
1231 3599 1307 3652 De
1321 3600 1556 3668 synodis,
1591 3597 1831 3654 Hilarius

251 3688 345 3744 lib.
379 3689 459 3743 De
511 3689 747 3758 synodis,
781 3698 836 3743 et
887 3688 1178 3755 Socrates;
1225 3691 1466 3744 secunda
1493 3689 1681 3744 Latine
1713 3691 1830 3760 pri-

249 3793 400 3834 mum
439 3780 612 3846 edita,
645 3789 701 3835 et
735 3780 923 3836 Graece
968 3781 1317 3851 postmodum
1361 3797 1646 3846 conversa,
1687 3785 1830 3851 apud

249 3870 450 3924 Athan.
507 3880 564 3925 et
618 3871 896 3926 Socratem
943 3881 1144 3927 exstat.
1195 3873 1328 3937 Qua:
1381 3873 1479 3942 τῆς
1523 3873 1732 3940 οὐσίας,
1781 3883 1835 3928 et

249 3961 564 4028 ὁμοουσιου,
612 3975 713 4015 nec
763 3975 872 4014 non
918 3961 1227 4032 ὁμοιουσίου
1273 3963 1537 4016 voeabula
1591 3976 1834 4017 comme—

253 4053 454 4105 morari
506 4051 715 4116 vetuit;
764 4049 980 4107 Patrem
1027 4067 1158 4106 vero
1211 4053 1475 4123 majorem
1526 4068 1648 4108 esse
1695 4051 1836 4108 Filio

250 4139 520 4194 decrevit.
571 4139 722 4196 lianc
764 4142 887 4196 fidei
923 4141 1323 4211 professionem
1378 4143 1448 4197 ab
1482 4142 1615 4199 Osio
1645 4157 1700 4199 et
1733 4143 1837 4198 Po-

253 4242 475 4289 tamone
501 4234 868 4302 conscriptam
901 4235 1082 4303 prodit
1116 4235 1380 4291 llilarius.
1413 4235 1492 4289 Ex
1527 4251 1638 4306 quo
1677 4236 1837 4292 facile

251 4325 554 4393 colligitur,
586 4325 724 4380 hanc
750 4340 872 4380 esse
907 4325 1029 4380 fidei
1053 4326 1292 4390 ἔκθεσιν,
1324 4327 1485 4396 cujus
1508 4329 1836 4396 approbatio

253 4417 303 4469 vi
352 4433 419 4472 ac
472 4418 761 4473 tormentis
810 4417 878 4473 ab
932 4416 1064 4474 Osio
1113 4427 1198 4474 est
1243 4435 1522 4488 expressa.
1579 4419 1682 4475 Sed
1719 4420 1835 4476 Osii

1925 1961 2027 2014 hoc
2060 1959 2316 2014 dissentit
2345 1975 2476 2026 uno,
2502 1958 2648 2029 quod
2683 1958 2898 2013 tertiam
2933 1957 3056 2011 fidei
3088 1955 3502 2027 professionem,

1924 2051 2012 2106 cui
2053 2065 2197 2106 coss.
2245 2051 2412 2105 additi
2467 2060 2615 2114 sunt,
2663 2059 2824 2121 negat
2866 2051 2920 2104 in
2968 2047 3254 2103 Sirmiensi
3299 2046 3505 2115 synodo

1925 2141 2096 2197 fuisse
2127 2141 2443 2196 conﬂatam.
2477 2141 2662 2211 Itaque
2694 2143 2832 2196 duas
2863 2140 3131 2195 duntaxat
3157 2139 3363 2209 priores
3391 2137 3508 2190 edi-

1926 2245 2010 2290 tas
2037 2242 2151 2288 tum
2179 2245 2530 2310 esseocenset,
2548 2249 2672 2288 cum
2699 2233 2964 2288 adversus
2991 2231 3285 2286 Photinum
3315 2228 3502 2283 Ariani

1925 2335 2321 2382 convenerunt.
2357 2325 2695 2380 Postremam
2726 2340 2855 2380 vero
2888 2323 3076 2378 Sirmii
3107 2323 3251 2377 illam
3284 2321 3502 2390 quidem

1925 2417 2150 2480 editam,
2183 2417 2274 2471 sed
2308 2417 2360 2469 in
2395 2415 2620 2470 fortuito
2653 2415 3034 2484 episcoporum
3069 2427 3364 2475 concursu,
3397 2425 3505 2463 non

1927 2508 2167 2578 legitimo
2213 2509 2527 2576 indicioque
2572 2507 2826 2561 concilio.
2879 2505 2972 2560 Sic
3033 2505 3179 2560 enim
3231 2504 3509 2558 existimat

1928 2601 1983 2654 in
2019 2601 2109 2654 illa
2156 2599 2506 2666 Prazfatioue,
2562 2615 2726 2669 quam
2780 2596 2971 2652 Hilarii
3022 2597 3339 2666 fragmentis
3372 2611 3508 2666 pra:-

1928 2694 2081 2750 fixit:
2129 2693 2510 2749 Constantium
2543 2692 2740 2747 litteris
2771 2695 2838 2747 ad
2869 2692 3215 2765 Ancyranum
3251 2691 3507 2746 liasilium

1930 2783 2172 2852 scriptis,
2209 2782 2500 2836 mandasse
2527 2791 2590 2835 ut
2611 2780 2678 2835 de
2707 2780 2825 2834 loco
2867 2781 3123 2848 cogenda:
3162 2781 3351 2851 synodi
3385 2796 3508 2834 cum

1929 2872 2301 2930 Orientalibus
2329 2871 2677 2926 deliberaret.
2715 2868 2818 2926 Sed
2853 2885 2978 2925 cum
3030 2870 3171 2924 inter
3217 2871 3337 2924 illos
3379 2886 3511 2923 eon-

1930 2965 2115 3019 venire
2140 2979 2245 3018 non
2276 2971 2478 3032 posset,
2497 2961 2757 3016 Basiliam
2780 2961 2846 3015 ad
2883 2961 3272 3030 imperatorem
3299 2960 3514 3014 venisse

1932 3055 2118 3123 ibique
2177 3052 2420 3106 Marcum
2494 3052 2872 3116 Arethusium,
2922 3050 3203 3106 Valentem
3269 3051 3516 3120 aliosque

1935 3146 2226 3215 reperisse.
2277 3143 2436 3198 Tune
2461 3143 2678 3198 collatis
2704 3143 2971 3212 capitibus
2997 3150 3051 3196 et
3075 3142 3513 3211 conspirantibus

1937 3237 2003 3290 ad
2032 3233 2304 3289 Nicamam
2337 3235 2493 3288 fidem
2525 3234 2874 3288 evertendam
2907 3233 3130 3299 animis,
3173 3234 3432 3287 statuisse
3459 3243 3517 3288 ut

1931 3325 2122 3380 Nicaeae
2159 3324 2400 3395 synodus
2450 3325 2758 3378 haberetur.
2804 3323 2936 3377 Post
2981 3339 3105 3377 cum
3153 3323 3398 3377 eamdem
3426 3339 3516 3376 ur-

1931 3417 2054 3471 bem
2080 3426 2238 3471 terra:
2270 3423 2454 3471 motus
2495 3414 2796 3480 afliixisset,
2825 3415 3106 3478 statuisse,
3146 3423 3206 3467 ut
3235 3415 3516 3483 episcopo-

1932 3523 2056 3563 rum
2095 3521 2222 3577 pars
2271 3504 2575 3560 Seleuciam
2616 3521 2738 3561 sese
2785 3503 3078 3560 conferret.
3115 3505 3194 3560 Ae
3238 3520 3333 3574 per
3371 3505 3512 3558 idem

1933 3608 2148 3669 tempus
2176 3597 2361 3652 Sirmii
2393 3613 2586 3652 novam
2620 3613 2685 3652 ac
2724 3597 2936 3652 tertiam
2987 3597 3109 3652 fidei
3159 3595 3447 3651 formulam
3483 3613 3514 3650 a

1935 3691 2116 3746 Marco
2159 3689 2454 3757 Arethusip
2504 3688 2676 3744 fuisse
2723 3689 3125 3758 conscriptam;
3179 3696 3239 3741 ut
3273 3702 3339 3742 ex
3389 3688 3520 3741 Ger-

1935 3782 2087 3836 minii
2115 3780 2365 3851 cpistola,
2393 3795 2516 3849 qua:
2547 3780 2600 3834 in
2628 3779 2971 3851 Fragmeutis
3006 3779 3223 3850 legitur,
3257 3777 3514 3833 Nicolaue

1935 3873 2110 3928 Faber
2143 3873 2419 3927 observat.

1937 3965 2218 4035 Refellitur
2262 3965 2516 4019 historica
2573 3965 2904 4032 superiorum
2957 3965 3194 4016 omnium
3257 3964 3516 4016 narratio.

2007 4057 2133 4111 Fuit
2160 4057 2265 4111 hoc
2294 4057 2460 4127 igitur
2493 4056 2759 4110 hactenus
2784 4069 3107 4124 persuasum
3131 4056 3411 4116 omnibus,
3447 4051 3516 4104 ab

1939 4164 2049 4203 una
2115 4147 2417 4216 eademque
2490 4146 2778 4200 Sirmiensi
2841 4147 3050 4216 synodo
3102 4146 3519 4199 condemnatum

1936 4255 2060 4294 esse
2083 4239 2401 4301 Photinum,
2433 4245 2490 4291 et
2531 4237 2646 4290 sive
2675 4245 2808 4299 tres,
2851 4236 2966 4289 sive
3000 4235 3139 4289 duas
3171 4236 3362 4290 saltem
3395 4235 3522 4289 tidei

1939 4331 2208 4386 formulas
2236 4345 2358 4384 esse
2385 4327 2676 4396 profectas.
2713 4328 2958 4393 Quarum
2997 4327 3259 4381 adversus
3303 4326 3520 4380 Pliotini

1939 4425 2194 4491 dogmata
2222 4420 2371 4490 prior
2401 4419 2545 4473 edita
2582 4427 2699 4483 est;
2728 4418 2783 4470 in
2816 4433 2924 4486 qua
2961 4416 3071 4471 Deo
3098 4432 3294 4471 nomen
3335 4416 3522 4478 οὐσίας

253 4509 471 4576 lapsum
519 4509 892 4579 compensavit
939 4509 1398 4566 Semiarianorum
1442 4514 1833 4583 propemodum
1873 4521 1913 4575 ι)
1945 4513 2264 4568 attributum
2297 4519 2401 4573 est,
2436 4524 2600 4579 quam
2653 4523 2835 4578 neque
2870 4507 3144 4572 collatari,
3187 4522 3362 4576 neque
3398 4521 3521 4561 con-

254 4598 594 4651 catholieum
647 4599 928 4653 decretum
982 4599 1036 4654 in
1100 4600 1395 4671 Ancyrana
1449 4605 1698 4672 synodo,
1748 4609 1836 4659 cui

253 4689 495 4743 Basilius
531 4689 765 4758 praefuit.
805 4690 861 4745 In
890 4707 1001 4762 quo
1036 4693 1302 4748 adversus
1353 4693 1684 4748 Sirmianam
1719 4711 1841 4764 per-

253 4780 442 4834 tidiam
479 4779 785 4836 Orientales
821 4782 1053 4851 professi
1087 4795 1233 4850 sunt,
1266 4784 1465 4840 Filium
1498 4800 1597 4855 per
1631 4787 1838 4851 omnia,

254 4873 505 4941 adeoque
552 4871 851 4926 secundum
905 4875 1289 4940 substantiam,
1333 4891 1455 4931 esse
1500 4877 1644 4932 Patri
1687 4877 1840 4933 simi-

255 4961 384 5014 lem.
445 4962 624 5027 Quam
674 4960 1064 5030 professionem
1103 4968 1258 5020 valde
1297 4972 1734 5023 connuendatam
1778 4985 1841 5023 ac

253 5053 403 5106 notis
438 5054 768 5107 illustratam
821 5051 872 5104 in
904 5053 1107 5111 Gallias
1134 5058 1283 5112 misit
1331 5057 1592 5114 llilarius.
1636 5061 1706 5113 At
1734 5059 1840 5114 Ba-

254 5143 417 5196 silius
451 5158 575 5196 enni
615 5141 973 5197 Semiarianis
1025 5145 1192 5200 sociis
1243 5145 1506 5201 Sirmium
1559 5162 1838 5212 reversus,

252 5246 307 5290 et
362 5253 495 5291 eum
572 5235 829 5299 Valente,
889 5235 1136 5301 Ursacio,
1187 5240 1506 5306 exterisque
1565 5240 1841 5307 germanis

254 5329 484 5382 Arianis
533 5343 860 5396 congressus
905 5338 1008 5382 est.
1059 5329 1160 5395 Qui
1213 5329 1285 5382 ita
1336 5331 1554 5384 demum
1610 5333 1752 5386 inter
1785 5347 1843 5387 se

253 5417 585 5472 Constantio
638 5418 916 5472 annitente
949 5420 1322 5484 consentiunt,
1359 5431 1418 5476 ut
1447 5424 1662 5477 sublato
1705 5425 1838 5478 sub-

255 5509 480 5561 stantiae
528 5509 767 5572 nomine,
817 5507 1010 5562 Filium
1053 5525 1148 5578 per
1181 5512 1362 5565 omnia
1420 5511 1568 5566 Patri
1605 5514 1839 5567 similem

253 5613 380 5652 esse
433 5601 841 5665 profiterentur.
895 5597 1034 5654 llinc
1074 5602 1231 5656 tertia
1285 5603 1376 5656 illa
1427 5605 1550 5657 fidei
1603 5603 1838 5658 formula

256 5687 528 5749 manavit,
581 5705 741 5757 quam
796 5687 996 5745 Valens
1043 5693 1108 5747 ad
1144 5693 1490 5750 Ariminense
1541 5697 1837 5751 concilium

262 5780 474 5843 detulit,
510 5789 565 5832 ut
598 5779 930 5848 Epiphanius
966 5784 1064 5838 hac
1110 5785 1224 5854 ipsa
1270 5787 1322 5840 in
1357 5788 1546 5842 haeresi
1579 5797 1834 5842 testatur.

1945 4605 2086 4658 trahi
2146 4618 2306 4673 posse
2354 4601 2762 4656 decreverunt:
2811 4615 2974 4668 quam
3031 4599 3196 4653 etiam
3259 4598 3446 4653 Graece
3492 4613 3520 4653 a

1943 4695 2125 4748 Marco
2162 4692 2455 4747 Arethusio
2488 4691 2746 4758 scriptam
2779 4699 3010 4746 testatur
3045 4690 3298 4746 Socrates
3339 4691 3435 4744 lib.
3461 4707 3521 4755 ιι,

1941 4800 2061 4855 cap.
2095 4784 2202 4847 25;
2255 4785 2425 4838 altera
2478 4782 2675 4838 Latino
2722 4797 2975 4837 sermone
3015 4782 3235 4847 tradita,
3280 4782 3523 4847 Valente,

1945 4877 2198 4942 Ursacio,
2238 4875 2544 4940 Germinio,
2592 4890 2657 4929 ac
2687 4875 2897 4929 caeteris
2931 4874 3202 4948 episcopis
3243 4876 3526 4943 praesenti-

1943 4967 2069 5029 bus,
2103 4975 2161 5019 ut
2194 4965 2480 5033 inscriptio
2522 4965 2638 5032 ipsa
2693 4963 2814 5019 fert.
2848 4963 2903 5016 In
2934 4979 3041 5032 qua
3085 4963 3274 5025 οὐσίας
3325 4981 3524 5019 nomen

1943 5071 2155 5113 necnon
2199 5065 2252 5110 et
2298 5055 2582 5126 ὁμοουσίου
2637 5063 2800 5124 atque
2851 5055 3158 5124 ὀμοιουσίου
3237 5057 3526 5122 voeabula,

1943 5152 2090 5222 quod
2137 5151 2191 5204 in
2245 5151 2417 5206 sacris
2450 5149 2668 5204 Litteris
2716 5165 2826 5203 non
2874 5159 3178 5214 exstarent,
3217 5151 3526 5205 oblitterata

1945 5253 2096 5306 sunt,
2129 5252 2182 5295 ct
2217 5243 2271 5296 in
2324 5253 2644 5310 perpetuum
2687 5242 3028 5310 proscripta;
3085 5259 3208 5296 nam
3253 5245 3321 5296 de
3369 5243 3526 5296 tertia

1947 5334 2166 5399 merito,
2219 5342 2277 5385 ut
2336 5343 2520 5401 postea
2559 5333 2886 5396 videbimus,
2944 5334 3197 5387 bicolaus
3228 5333 3400 5384 Faber
3444 5348 3529 5384 τεο

1943 5434 2168 5496 pugnat,
2198 5441 2362 5494 quam
2400 5424 2489 5477 alii
2520 5423 2710 5478 eadem
2748 5423 2837 5477 illa
2863 5424 2916 5478 in
2958 5424 3166 5492 synodo
3193 5429 3383 5490 putant
3407 5434 3528 5473 esse

1947 5518 2336 5586 conscriptam.
2403 5514 2555 5571 Ihnc
2605 5515 2872 5578 Socratis,
2925 5512 3218 5566 Sozomeni
3269 5512 3521 5564 aliorum-

1946 5624 2073 5677 que,
2105 5618 2163 5662 ut
2198 5621 2321 5660 mox
2367 5608 2665 5668 constabit,
2711 5605 3195 5659 hallucinationt-m
3247 5601 3401 5653 novis
3436 5615 3526 5651 cro

1945 5701 2162 5754 roribus
2206 5700 2538 5752 recentiores
2587 5698 2834 5751 historici
2871 5694 3242 5747 cumularunt.
3280 5691 3525 5755 Quorum

1948 5805 2053 5846 non
2089 5790 2348 5843 minimus
2399 5789 2485 5842 ille
2531 5799 2632 5851 est,
2665 5788 2810 5858 quod
2858 5788 3201 5846 Ancyranzun
3233 5783 3526 5836 Scrutaris-
