4064 6438
556 362 696 426 1063

1706 355 2058 413 APPENOIX'
2101 352 2711 415 DISSEBTATIONUM

3652 358 3761 416 ωδε

556 495 752 537 norum
778 478 1069 550 synodum,
1101 492 1223 548 quae
1245 477 1511 532 adversus
1535 472 1834 528 secundam
1871 470 2135 526 Sirmien-
2165 482 2211 535 Α
2245 472 2389 541 apud
2448 470 2815 529 Sozomenum
2858 471 2948 525 lib.
3001 487 3078 534 iv,
3121 484 3243 538 cap.
3297 469 3361 523 l2
3400 474 3553 524 enixe
3586 472 3648 526 ab
3685 473 3772 529 ini-

554 585 669 625 sem
698 567 985 623 formulam
1020 568 1201 621 habita
1237 576 1341 632 est,
1372 566 1426 620 in
1458 565 1711 620 eumdem
1758 578 1962 618 annum
1996 579 2130 618 con-

553 659 780 727 jiciunt,
833 673 944 729 quo
1002 673 1034 713 a
1084 657 1369 712 Sirmiensi
1420 656 1651 712 concilio
1701 656 1994 711 damnatus
2046 663 2134 711 est

554 748 841 811 Photinus,
879 762 1074 818 nempe
1111 747 1315 803 Christi
1351 748 1477 803 357.
1517 746 1717 802 Verum
1748 762 1849 802 nos
1885 762 1950 801 ex
1988 746 2133 801 anti-

553 839 679 908 quis
730 839 984 893 Patrihus
1021 838 1258 907 primum
1294 837 1429 892 illud
1475 836 1686 892 odorati
1731 851 1961 899 sumus,
2018 844 2132 891 tres

554 930 780 984 omnino
803 938 1108 986 conventus
1128 928 1511 999 episcoporum
1541 927 1731 983 eodem
1762 926 1817 980 in
1840 925 2130 982 Sirmiensi

553 1019 752 1087 oppido
803 1034 910 1072 non
961 1019 1153 1073 iisdem
1203 1018 1542 1087 temporibus
1600 1016 1903 1072 celebratos
1935 1014 2129 1071 fuisse.

553 1109 797 1175 Quonim
850 1111 1065 1180 primus
1101 1110 1397 1181 synodicus
1444 1117 1500 1163 et
1546 1108 1782 1163 indictus
1829 1108 1951 1171 fuit,
1998 1122 2127 1162 eum

555 1198 821 1254 adversus
848 1197 1141 1252 Photinum
1190 1196 1534 1267 imperatoris
1566 1196 1763 1252 litteris
1805 1196 1967 1252 acciti
1998 1204 2130 1252 sunt

555 1289 835 1359 episcopi;
876 1289 1072 1360 reliqui
1099 1289 1208 1344 duo
1216 1287 1469 1363 ,fortuiti,
1501 1287 1838 1357 minimeque
1864 1287 2135 1344 concilio-

554 1394 678 1435 rum
728 1379 853 1435 loco
899 1395 965 1435 ac
1016 1379 1240 1435 nomine
1286 1378 1584 1434 censendi:
1617 1378 1674 1433 in
1721 1378 1925 1447 quibus
1967 1377 2127 1448 pauci

555 1471 821 1526 duntaxat
867 1469 1131 1541 episcopi,
1175 1470 1271 1541 qui
1317 1470 1453 1526 forte
1499 1469 1569 1525 ad
1613 1469 1997 1539 imperatorem
2030 1485 2134 1525 ac-

556 1567 852 1627 cesserant,
900 1560 1324 1616 communicatis
1374 1559 1628 1616 consiliis
1676 1575 1819 1615 nova
1875 1559 2001 1617 fidei
2035 1560 2137 1617 de-

554 1658 703 1705 creta
738 1648 1115 1706 conciderunt.
1143 1650 1415 1717 Quocirca
1445 1651 1683 1721 primum
1714 1652 1961 1708 omnium
1993 1667 2132 1709 conv

553 1748 636 1797 tra
665 1739 956 1797 Phainum
984 1741 1173 1798 Sirmii
1206 1742 1500 1799 concilium
1538 1743 1791 1812 generale
1818 1742 2131 1800 Constantii

2235 570 2489 631 peratore
2528 562 2897 631 postulantes,
2972 562 3117 618 ὥστε
3184 563 3411 632 κρατεῖν
3446 560 3515 613 τὸ.
3554 562 3611 615 ἐν
3650 564 3771 635 Σαρ-

2233 652 2356 724 δικῇ
2379 689 2396 715 ,
2432 652 2529 706 καὶ
2557 653 2618 706 ὲν
2651 651 2895 724 Σιρμίῳ,
2935 650 3033 704 καὶ
3074 653 3135 704 ἐν
3174 654 3296 716 ταῖς
3339 651 3525 717 ἄλλαις
3567 654 3775 719 συνόδοις

2236 739 2569 811 κεκριμένα·
2619 748 2679 792 ut
2728 756 2795 794 ea
2836 750 2954 794 rata
2986 752 3290 805 manerent,
3340 757 3459 811 qua:
3500 742 3553 795 in
3606 741 3774 797 Sardi-

2235 830 2413 894 ceusi,
2475 846 2538 883 ac
2582 827 2864 885 Sirmiensi
2884 874 2900 899 ,
2958 832 3183 903 aliisque
3239 831 3479 888 conciliis
3523 836 3776 890 constituto

2235 918 2470 987 fuerant.

2307 1009 2575 1068 Praeterea
2598 1011 2836 1068 Basilius
2856 1013 3176 1084 Aneyranus
3222 1017 3277 1071 in
3324 1019 3512 1073 eadem
3550 1021 3775 1089 synodica

2235 1100 2508 1173 Aucyrani
2537 1105 2778 1172 concilii,
2816 1106 2979 1175 longo
3009 1116 3127 1175 post
3151 1104 3507 1164 Sirmiensem
3536 1110 3775 1181 synodum

2236 1191 2558 1261 intervallo,
2608 1196 2835 1252 alteram
2904 1197 3051 1252 illam
3112 1196 3464 1255 Sirmiensem
3518 1201 3776 1257 formulam

2233 1284 2515 1340 exstitisse
2547 1284 2910 1342 demonstrat.
2952 1286 3161 1345 Etenim
3199 1298 3318 1359 post
3349 1287 3642 1346 Sirmicnse
3669 1305 3776 1345 con-

2234 1374 2445 1443 cilium,
2495 1376 2667 1447 quod,
2712 1378 2791 1434 uti
2830 1380 3035 1435 dictum
3078 1390 3186 1446 est,
3217 1381 3511 1437 observare
3551 1397 3615 1437 ac
3663 1383 3778 1437 tueri

2233 1466 2371 1522 velle
2404 1467 2699 1539 significat,
2724 1471 3067 1542 acquievisse
3100 1487 3161 1528 sc
3194 1473 3404 1539 scribit,
3429 1476 3601 1529 donec
3635 1489 3778 1528 novo-

2235 1571 2357 1613 rum
2389 1559 2774 1617 haereticorum
2812 1563 3248 1633 importunitate,
3278 1574 3333 1620 et
3359 1564 3575 1636 Georgii
3609 1565 3783 1623 Laodi-

2234 1648 2355 1704 ceni
2376 1649 2572 1707 litteris
2605 1660 2916 1708 commotus
2954 1655 3022 1710 ad
3067 1656 3519 1728 propugnandam
3555 1656 3701 1713 fidem
3733 1674 3784 1714 se

2236 1754 2360 1796 cum
2390 1742 2508 1798 suis
2526 1744 2803 1814 episcopis
2829 1748 3021 1802 erexit.
3056 1745 3285 1817 Oportet
3313 1748 3478 1818 igitur
3520 1748 3656 1803 inter
3681 1749 3782 1804 Sir-

549 1833 709 1905 jussu
742 1833 1074 1889 celebratum
1106 1850 1120 1887 :
1153 1833 1223 1890 de
1252 1834 1413 1905 cujus
1438 1849 1586 1889 anno
1612 1843 1801 1905 postea
1830 1835 2135 1892 constitue-
2167 1833 2208 1893 B
2233 1833 2500 1889 miensem
2559 1837 2830 1907 synodum
2867 1848 2922 1894 et
2946 1840 3295 1911 Ancyranum
3326 1840 3613 1896 concilium
3638 1844 3784 1896 inter-

553 1940 701 1981 mus.
738 1923 814 1980 lbi
863 1923 1098 1980 formula
1135 1924 1225 1978 illa
1270 1925 1391 1981 fidei
1434 1927 1603 1994 edita,
1638 1928 1707 1982 de
1733 1943 1842 1998 qua
1887 1928 2136 1999 proxime

551 2013 815 2069 diximus.
863 2012 1064 2069 Deinde
1098 2014 1332 2072 diversis
1375 2018 1711 2087 temporibus
1748 2019 1868 2075 aliae
1901 2020 2023 2075 duae
2065 2020 2137 2076 ab

555 2101 783 2203 Uri-iacio
806 2113 858 2159 et
890 2102 1135 2170 Valente,
1169 2105 1399 2205 aliisque
1428 2107 1648 2205 Ait-inuis
1677 2110 1971 2205 episcopis,
1998 2126 2136 2167 con-

553 2191 671 2247 scio
705 2191 1053 2261 imperatore,
1084 2194 1423 2262 prodierunt.
1453 2193 1571 2252 Hoc
1605 2212 1674 2252 ne
1705 2191 1910 2253 temeFe
1943 2208 2137 2255 contra

553 2296 901 2336 communem
951 2290 1030 2337 tot
1057 2283 1385 2353 scriptorum
1432 2282 1853 2345 consensionem
1884 2291 2136 2348 attulisse

552 2372 761 2437 videar,
808 2387 1106 2449 proponam
1157 2375 1391 2432 breviter
1439 2378 1642 2449 quibus
1684 2380 1738 2437 id
1794 2383 2138 2454 argumentis

553 2461 726 2518 fretus
755 2461 1024 2521 allirmare
1056 2481 1166 2521 non
1199 2467 1466 2526 dubitem.

623 2552 828 2609 Horum
869 2554 1054 2625 itaque
1093 2557 1330 2626 primum
1374 2569 1460 2616 est
1495 2578 1509 2616 :
1556 2562 1704 2633 quod
1749 2563 1899 2621 istud
1953 2565 2135 2636 ipsum

554 2645 789 2703 Basilius
862 2647 1185 2720 Ancyranus
1257 2665 1324 2707 ac
1384 2653 1569 2709 caeteri
1665 2653 2136 2714 Semiariauorum

553 2739 860 2810 principes,
905 2741 997 2811 qui
1046 2742 1350 2814 Ancyranae
1396 2746 1611 2816 synodo
1649 2748 2136 2820 subscripserunt,

553 2831 754 2885 diserte
806 2833 989 2886 testati
1044 2841 1175 2888 sunt
1239 2832 1296 2888 in
1351 2835 1581 2905 epistola
1638 2837 1926 2907 synodica,
1968 2854 2135 2909 quam

556 2916 892 2989 Epiphanius
932 2922 1242 2992 descripsit.
1286 2920 1463 2990 Quam
1498 2925 1726 2995 quidem
1766 2927 1820 2982 in
1855 2928 1997 2985 hanc
2024 2928 2138 2986 fere

554 3010 881 3064 sententiam
920 3014 1103 3067 exorsi
1136 3021 1267 3067 sunt
1308 3032 1325 3069 :
1364 3021 1593 3084 optasse
1630 3016 1685 3071 id
1727 3032 1849 3073 sese
1888 3020 2134 3088 quidem,

555 3106 615 3152 ut
643 3108 768 3168 post
804 3101 1201 3171 expositionem
1234 3102 1384 3159 illam
1415 3104 1563 3171 fidei,
1602 3119 1726 3175 quae
1748 3107 2054 3165 Antiocbire
2080 3110 2135 3166 is:

2236 1925 2474 1981 cessisse
2531 1926 2750 1998 Georgii
2805 1929 3099 1987 Laudiceni
3150 1932 3390 1997 litteras,
3433 1949 3574 2003 quas
3616 1934 3786 1989 recitat

2239 2011 2459 2069 Sozom.
2504 2015 2599 2071 lib.
2663 2033 2749 2085 Iv,
2790 2033 2914 2088 cap.
2945 2019 3031 2073 19..
3072 2019 3351 2091 Superiori
3404 2034 3585 2079 autem
3630 2024 3788 2094 capite

2239 2102 2434 2159 scribit
2462 2104 2769 2163 Eudoxium
2789 2148 2806 2173 ,
2839 2110 3169 2182 simulatque
3197 2100 3250 2168 in
3276 2114 3624 2173 Antiochense
3656 2118 3787 2174 sedis

2237 2196 2645 2264 possessionem
2680 2200 2870 2268 pedem
2902 2203 3104 2271 posuit,
3139 2212 3313 2259 totum
3345 2220 3406 2262 se
3425 2208 3493 2260 ad
3524 2207 3658 2262 Aetii
3684 2222 3787 2277 pro-

2239 2284 2562 2340 movendam
2612 2287 2896 2356 perfidiam
2959 2305 3085 2345 cum
3131 2293 3333 2349 Acacio
3383 2296 3697 2351 Caesariensi
3742 2304 3788 2350 ct

2239 2377 2449 2435 Uranio
2499 2378 2628 2451 Tyri
2672 2380 2930 2453 episcopo
2963 2383 3301 2452 contulisse,
3330 2401 3565 2457 eamque
3602 2403 3707 2457 pne
3737 2401 3787 2442 se

2239 2469 2432 2526 tulisse
2479 2470 2751 2541 speciem,
2794 2473 2938 2542 quod
2990 2473 3301 2531 Occidentis
3344 2477 3587 2546 episcopi
3633 2476 3787 2531 eidem

2239 2557 2522 2628 suffragati
2553 2558 2787 2616 fuissent
2817 2579 2832 2617 :
2860 2562 3119 2618 nimirum
3154 2563 3340 2632 Osius,
3373 2566 3467 2636 qui
3498 2582 3621 2622 cum
3649 2564 3791 2622 Ursa-

2238 2651 2326 2706 cio
2354 2661 2412 2707 et
2438 2649 2666 2709 Valente
2696 2654 2902 2711 invitus
2939 2665 3316 2723 consenserat,
3351 2669 3410 2714 nt
3434 2659 3501 2712 τὸ
3530 2659 3788 2730 ὁμωύσιον

2238 2749 2292 2796 et
2310 2740 2622 2809 ὁμοιοὺσιον
2648 2756 3072 2816 espungcretur.
3110 2747 3258 2814 Quas
3288 2764 3412 2804 cum
3449 2748 3567 2807 Osii
3605 2752 3790 2806 litteras

2239 2833 2602 2906 accepissent,
2658 2835 2870 2894 Valenti
2917 2850 2969 2894 et
3031 2837 3258 2898 Ursacio
3312 2842 3521 2913 gratias
3563 2852 3787 2915 egerunt,

2238 2927 2386 2994 quod
2438 2928 2655 2984 illorum
2707 2943 2873 2999 opera
2927 2928 3238 2987 Occidentis
3293 2933 3541 3005 episcopi
3606 2946 3787 2990 remain

2238 3016 2399 3073 fidem
2425 3027 2612 3075 essent
2643 3021 2900 3091 amplexi.
2935 3021 3150 3089 Quibus
3172 3024 3334 3080 rebus
3352 3025 3624 3081 excitatus
3649 3025 3790 3081 Geor-

2244 3110 2367 3179 gius
2423 3108 2764 3167 Laodicenus
2819 3110 3286 3169 Semiarianorum
3347 3124 3633 3184 patronus,
3681 3131 3789 3171 cum

554 3188 826 3246 Encaeniis
857 3192 1109 3289 edita-est
1134 3212 1148 3249 :
1169 3195 1281 3250 Καὶ
1309 3196 1454 3268 μετὰ
1473 3197 1649 3253 ταῦτα
1673 3200 1817 3255 κατὰ
1844 3201 2136 3275 Σαρδικὴν,

2244 3176 2347 3256 sub
2371 3201 2513 3289 idem
2542 3211 2755 3273 tempus
2785 3202 2853 3259 ad
2892 3219 3090 3259 novam
3122 3176 3481 3261 dedicandam
3525 3207 3787 3263 basilicam

553 3281 649 3335 καὶ
676 3280 777 3352 τὴν
809 3281 927 3335 ἐκεῖ
957 3278 1114 3348 αὖθις
1145 3284 1464 3358 ἀνθήσασαν
1495 3287 1704 3352 πίστιν,
1746 3290 1846 3344 καὶ
1885 3289 1968 3344 ἔτι
2001 3291 2140 3362 μετὰ

553 3375 623 3427 τὰ
646 3376 705 3429 ὲν
738 3376 952 3449 Σιρμίῳ
983 3378 1077 3433 ἐπὶ
1106 3379 1360 3452 Φωτεινῷ
1388 3381 1737 3454 γεγενημένα
1763 3400 1775 3414 ·
1799 3393 1917 3453 post
1942 3382 2140 3439 Sardi-

553 3484 758 3523 reusem
789 3469 917 3540 ﬁdei
944 3471 1348 3540 professionem,
1378 3490 1542 3544 eaque
1574 3491 1693 3546 qua:
1724 3473 1917 3531 Sirmii
1951 3487 2141 3531 contra

561 3559 846 3616 Photinum
904 3562 1114 3617 decreta
1167 3574 1334 3630 sunt,
1396 3564 1641 3622 Ecclesia
1702 3566 2138 3638 conquiesceret.

556 3654 698 3708 Tum
741 3654 951 3725 aliquot
983 3653 1308 3725 interjectis,
1347 3670 1410 3710 ea
1448 3672 1508 3713 se
1536 3658 1806 3729 perpolire
1848 3669 2015 3731 atque
2050 3675 2145 3716 ex-

558 3749 759 3817 plicare
783 3747 1026 3802 voluisse
1048 3747 1460 3812 demonstrant,
1506 3765 1631 3820 qua:
1675 3750 1730 3806 in
1763 3752 2142 3822 superioribus

557 3836 780 3908 synodis
825 3838 1124 3892 constituta
1186 3847 1376 3901 erant,
1418 3849 1479 3893 ut
1527 3841 1868 3899 Autiochena
1913 3853 1969 3899 et
2011 3843 2144 3900 Sar-

556 3926 786 3991 dicensi,
822 3925 892 3997 ἢν
934 3925 1230 3997 ἀνείληφεν
1256 3928 1291 3999 ἠ
1320 3929 1379 3983 ὲν
1408 3929 1628 4001 Σιρμίῳ
1665 3929 1902 3997 σύνοδος,
1954 3949 2140 4003 quam,

556 4016 841 4087 inquiunt,
899 4017 1234 4072 Sardicensis
1303 4020 1519 4075 concilii
1586 4023 1747 4091 ﬁdem
1829 4023 2139 4081 Sirmiensis

554 4113 788 4180 synodus
823 4109 1070 4178 amplexa
1110 4118 1211 4174 est,
1246 4111 1327 4166 vel
1370 4113 1597 4182 repetiit.
1641 4113 1825 4181 Quare
1879 4114 2141 4173 Sirmien-

555 4216 671 4258 sem
711 4202 981 4275 synodum
1023 4201 1314 4273 Ancyrana
1357 4203 1446 4258 illa
1503 4207 1748 4276 synodus
1790 4196 2139 4278 approbavit.

559 4291 758 4349 Eadem
802 4308 933 4348 vero
969 4308 1002 4349 e
1042 4294 1324 4349 contrario
1378 4294 1669 4351 formulam
1722 4297 1851 4354 fidei
1884 4299 2140 4368 alteram,

555 4400 721 4456 quam
743 4385 799 4441 in
818 4385 1105 4441 Sirmiensi
1124 4386 1358 4442 concilio
1374 4402 1569 4444 omnes
1591 4389 1793 4446 editam
1816 4392 2138 4463 opinantur,

557 4491 666 4532 non
704 4477 866 4534 modo
890 4492 1003 4535 non
1024 4479 1249 4545 recepit,
1278 4480 1374 4535 sed
1408 4480 1476 4534 ad
1527 4495 1651 4536 eam
1697 4484 2044 4540 evertendam
2072 4500 2139 4542 ac

556 4570 948 4641 proﬂigandam
979 4580 1064 4626 est
1082 4560 1426 4641 potissimum
1457 4583 1667 4629 coacta.
1705 4572 1870 4642 Quod
1912 4576 1967 4632 in
1997 4577 2139 4634 libro

563 4662 636 4715 De
666 4663 881 4732 synodis
925 4663 1086 4719 docet
1127 4663 1414 4720 llilarius:
1457 4666 1549 4721 ubi
1578 4665 1926 4739 Ancyranam
1973 4683 2142 4742 syno-

556 4753 685 4807 dum
732 4752 963 4825 ejusque
1001 4754 1303 4821 decretum,
1345 4756 1656 4824 cujusmodi
1697 4760 1786 4815 hic
1816 4762 1960 4831 apud
2005 4761 2139 4832 Epi-

557 4844 819 4913 phanium
894 4847 1250 4916 exprimitur,
1325 4852 1638 4906 accuratius
1705 4853 1985 4923 explicans
2073 4870 2139 4910 ac

559 4930 901 4991 vehementer
924 4938 1337 5004 commendans,
1382 4941 1557 4996 cidem
1588 4939 1947 4999 Sirmiensem
1982 4943 2135 4999 illam

557 5025 681 5083 fidei
739 5027 1139 5097 professionem
1209 5033 1471 5101 praeﬁxit,
1542 5050 1669 5089 cum
1733 5035 1838 5091 hoc
1902 5037 2064 5091 titulo
2120 5054 2134 5092 :

560 5117 873 5187 Exemplum
898 5120 1234 5191 blasphemia!
1262 5124 1404 5193 apud
1429 5122 1687 5179 Sirmium
1712 5142 1804 5195 per
1834 5126 2024 5181 Osium
2084 5138 2138 5182 et

561 5209 864 5264 Potamium
886 5215 1226 5283 conscriptae;
1268 5227 1322 5271 et
1354 5217 1620 5273 adversus
1646 5217 1785 5272 lia-nc
1813 5218 1936 5272 fidei
1982 5218 2134 5274 ἐκθε-

559 5321 642 5358 σιν
669 5302 975 5362 Orientalcs
1005 5311 1230 5378 Ancyrae
1262 5310 1584 5364 convenisse
1608 5312 1917 5365 confirmat.
1944 5309 2138 5375 Quare

557 5399 671 5452 ﬁeri
696 5400 847 5453 nullo
875 5399 1035 5454 modo
1068 5408 1273 5468 potest,
1314 5411 1373 5453 ut
1419 5401 1555 5465 haec,
1597 5416 1764 5471 quam
1802 5399 2138 5456 Semiariani

561 5499 837 5559 tantopere
872 5493 1277 5561 impugnarunt,
1306 5492 1427 5546 fidei
1459 5492 1694 5548 formula
1724 5492 1778 5546 iu
1808 5508 1874 5549 eo
1897 5493 2137 5555 concilio

558 5579 630 5633 sit
665 5580 834 5644 edita,
878 5582 967 5635 cui
1006 5597 1115 5636 non
1163 5581 1529 5637 interfuerunt
1571 5582 1734 5636 modo
1775 5583 1905 5654 ipsi,
1940 5598 2132 5639 verum

559 5671 721 5724 etiam
776 5671 1139 5742 prchuerunt;
1214 5674 1468 5743 quodque
1527 5675 1765 5743 recipere
1812 5690 1878 5730 ac
1921 5685 2140 5730 sartum

560 5770 762 5818 metunt
806 5768 948 5821 tueri
988 5769 1124 5823 velle
1167 5784 1290 5823 sese
1320 5770 1662 5822 profitentur.
1693 5768 1834 5823 Audi
1866 5769 2137 5838 ipsosmet

2168 4528 2215 4586 D

2217 3291 2468 3364 'Ancyrte
2505 3293 2671 3350 vicini
2701 3309 2733 3349 a
2771 3293 2975 3350 Basilio
3020 3296 3307 3352 convocati
3333 3307 3527 3353 essent
3548 3298 3788 3368 episcopi.

2238 3380 2527 3450 epistolam
2562 3380 2630 3437 ad
2677 3395 2774 3437 eos
2806 3383 3047 3452 scripsit,
3081 3383 3438 3453 hortatusque
3477 3393 3586 3450 est,
3621 3392 3676 3438 ut
3698 3381 3789 3435 Eu-

2240 3471 2390 3526 doxii
2426 3481 2591 3544 atque
2623 3472 2764 3529 Aetii
2801 3482 3141 3544 grassantem
3190 3474 3525 3545 impietatem
3574 3474 3791 3530 auctori-

2240 3573 2353 3620 tate
2381 3579 2481 3620 sua
2511 3573 2939 3636 compescerent.
2971 3562 3045 3618 Ea
3077 3562 3183 3619 fuit
3214 3564 3490 3635 Ancyrani
3518 3575 3790 3622 cotweutttl

2239 3656 2461 3712 occasio
2493 3674 2509 3711 :
2545 3671 2574 3711 a
2615 3671 2725 3726 quo
2764 3654 2929 3729 legati
2965 3655 3030 3711 ad
3079 3655 3459 3725 imperatorem
3503 3645 3677 3720 missi,
3712 3656 3792 3709 lia

2242 3749 2400 3807 silius
2444 3748 2584 3819 ipse,
2627 3746 2948 3804 Eustathius
2993 3745 3286 3811 Schastiaa,
3333 3746 3597 3804 Leontius
3630 3748 3790 3819 Cyzici

2241 3837 2506 3910 cpiscOpi,
2524 3837 2617 3908 qui
2640 3836 2962 3892 nominatim
2983 3837 3085 3892 hoc
3106 3845 3367 3907 peterent.
3394 3846 3454 3891 nt
3468 3835 3792 3892 Sartlicensis

2243 3944 2311 3984 ac
2339 3926 2599 3983 Sirmiani
2626 3927 2847 3983 concilii
2874 3926 3090 3982 decreta
3125 3934 3496 3982 servarentur.
3530 3926 3647 3982 Jam
3677 3924 3789 3980 illud

2241 4035 2311 4076 ex
2358 4010 2733 4090 superiﬁ‘ibus
2785 4017 3099 4082 didicimus,
3141 4016 3445 4072 Eudoxium
3489 4033 3637 4073 anno
3676 4015 3786 4077 356.

2241 4127 2367 4168 cum
2387 4110 2576 4167 Romae
2595 4127 2701 4167 una
2723 4125 2846 4166 cum
2868 4110 3194 4180 imperatore
3211 4117 3374 4174 esset,
3395 4110 3581 4165 audita
3601 4108 3790 4163 Leontii

2241 4212 2439 4267 morte,
2501 4202 2850 4258 Antiochiam
2906 4217 2959 4256 IV
3006 4200 3233 4256 Kalend.
3271 4199 3399 4256 Jun.
3464 4216 3589 4259 esse
3635 4202 3791 4273 prole-

2240 4306 2411 4351 ctum.
2446 4295 2565 4362 Qua
2603 4297 2659 4350 in
2703 4293 2838 4350 urbe
2862 4292 3077 4350 Ursacii
3120 4301 3176 4350 et
3203 4292 3444 4349 Valentis
3483 4293 3690 4348 litteras
3709 4306 3790 4346 ac-

2240 4386 2384 4456 cepit
2419 4400 2544 4440 rum
2584 4384 2707 4440 fidei
2742 4383 2999 4451 formula,
3029 4398 3153 4455 quae
3180 4382 3273 4437 τοῦ
3311 4383 3598 4454 ὁμοουσιου
3648 4393 3799 4451 atque-

2238 4476 2549 4548 ὁμοιουσιου
2584 4490 2746 4532 voces
2771 4475 3072 4531 oblitterari
3100 4474 3344 4546 jubebat.
3376 4473 3471 4531 Est
3506 4483 3703 4536 autem,
3740 4478 3792 4524 ut

2239 4583 2308 4623 ex
2333 4566 2541 4623 Hilario
2571 4568 3019 4629 monstravimus,
3039 4567 3229 4624 eadem
3258 4567 3349 4622 illa
3369 4566 3621 4629 formula,
3645 4577 3786 4634 quam

2242 4657 2297 4711 in
2344 4658 2628 4714 Sirmiensi
2672 4660 2881 4729 synodo
2921 4658 3165 4713 secundo
3203 4657 3326 4713 loco
3372 4656 3630 4713 dictatam
3668 4654 3790 4708 arbi-

2241 4758 2458 4806 trantur
2473 4766 2687 4809 omnes.
2715 4748 2870 4817 Quod
2901 4751 2945 4806 si
2974 4764 3118 4805 anno
3146 4749 3418 4819 sequenti,
3439 4749 3542 4802 hoc
3571 4755 3655 4802 est
3679 4742 3787 4803 357.

2244 4842 2546 4900 Sirrniense
2571 4843 2865 4899 concilium
2910 4842 3154 4897 habitum
3183 4849 3288 4909 est,
3319 4850 3382 4896 ut
3411 4839 3600 4896 iisdem
3627 4846 3788 4893 aucto-

2240 4936 2396 4992 ribus
2419 4925 2619 5007 placet,
2652 4949 2829 5005 neque
2861 4933 3165 5000 Eudoxius,
3193 4933 3425 4989 Aeacius
3455 4940 3505 4986 et
3549 4928 3785 4988 Urauius,

2243 5041 2420 5097 neque
2451 5024 2687 5082 Basilius
2725 5026 2843 5095 ipse
2888 5039 2954 5080 ac
3000 5023 3266 5094 Georgius
3311 5022 3646 5078 Laodicenus
3695 5016 3789 5072 Sir-

2242 5116 2438 5173 micnsi
2466 5114 2675 5184 synodo
2703 5129 2770 5170 ac
2790 5114 3009 5170 Pbotini
3038 5112 3372 5169 damnationi
3426 5110 3785 5166 interfuerunt.

2240 5209 2396 5276 Quod
2428 5209 2496 5264 de
2524 5207 2727 5273 Basilio
2761 5222 2895 5262 sane
2928 5206 3283 5263 falsissimum
3317 5213 3422 5269 est,
3465 5203 3555 5274 qui
3609 5212 3785 5269 magna

2245 5316 2370 5370 pars
2401 5299 2720 5355 Sirmiensis
2767 5299 2986 5354 concilii
3032 5298 3136 5353 fuit
3168 5320 3180 5354 :
3216 5306 3406 5367 utputa
3441 5296 3598 5368 cuius
3642 5304 3786 5362 opera

2241 5390 2522 5446 convictus
2551 5399 2635 5446 est
2686 5404 2752 5446 ac
2776 5399 3073 5460 superatus
3094 5388 3379 5443 Photinus.
3409 5386 3545 5454 Quin
3578 5394 3637 5440 ut
3655 5379 3786 5437 omni

2240 5498 2306 5537 ex
2332 5491 2480 5551 parte
2503 5484 2701 5537 veritas
2723 5483 3020 5548 elucescat,
3043 5482 3270 5536 alterum
3296 5481 3498 5550 accipe.
3522 5479 3787 5549 Ancyram

2242 5575 2508 5645 synodus,
2559 5575 3019 5644 quemadmodum
3076 5574 3335 5645 synodica
3395 5572 3535 5627 illius
3578 5565 3786 5638 epistola

2241 5666 2421 5727 docet,
2451 5676 2576 5720 ante
2606 5665 2814 5721 Pascha
2837 5666 3115 5721 celebrata
3143 5674 3248 5729 est,
3278 5664 3380 5730 τῆς
3410 5661 3564 5730 ἁγίας
3597 5656 3787 5728 ἡμέρας

2242 5757 2336 5810 τοῦ
2380 5758 2571 5828 Πάσχα
2612 5758 2987 5828 ἐπικειμένης·
3033 5758 3099 5814 ad
3140 5771 3304 5827 quam
3350 5762 3634 5825 propterea
3690 5749 3789 5815 cpi!
