4064 6424
302 395 436 454 lli-85

1114 385 1200 440 DE
1236 382 1582 442 SIRMIENSI
1618 381 1707 438 ET
1746 379 2124 437 ANCYRANA
2161 376 2731 436 PSEUMYNODO.

3421 382 3556 439 ιῦὒΰ

299 511 448 581 scopi
482 505 757 578 plerique,
793 500 886 572 qui
933 499 1217 556 convocati
1274 497 1514 562 fuerant,
1561 496 1756 551 adesse
1804 494 1875 549 ob
1904 503 1950 558 Α
1979 493 2178 547 tholica
2222 490 2327 548 lide
2352 501 2733 547 consentaneae
2766 501 2915 556 sunt,
2948 492 3212 563 exponit;
3244 496 3445 565 quibus
3480 501 3553 556 ita

303 602 497 658 hiemis
521 595 921 653 inclementiam
951 593 1177 647 minime
1196 598 1510 661 potuerunt.
1540 588 1680 656 Quid
1709 588 1875 658 igitur

1986 585 2286 655 praefatur:
2335 582 2564 653 Dignum
2597 594 2775 636 autem
2802 594 2876 638 est
2926 585 3247 640 conscientia
3289 594 3559 645 comatuni

302 694 430 764 ﬁngi
467 697 647 761 ροιρει
686 684 999 750 absurdius,
1033 699 1197 754 quam
1238 683 1384 753 quod
1411 697 1477 735 ex
1508 681 1726 735 illorum
1754 694 1881 733 nar—
1979 674 2141 729 etiam
2189 683 2408 729 crateras
2452 673 2754 728 earumdem
2800 676 3162 745 episcoporum
3198 677 3560 736 Orientalium

307 781 519 834 ratione
554 775 822 846 sequitur,
880 773 1228 844 Ancyrauam
1278 771 1550 842 synodum
1593 781 1718 824 ante
1759 768 1879 823 Sir-
1981 766 2201 822 diuersis
2232 777 2281 820 et
2330 767 2461 821 locis
2510 776 2560 821 et
2603 768 2918 837 temporibus
2949 773 3562 841 conscriptasFidesno-

305 873 570 926 miensem
621 883 742 923 esse
793 864 1166 921 celebratam?
1221 863 1432 917 Etenim
1487 862 1534 917 si
1580 875 1726 917 anno
1776 859 1882 915 556

305 960 586 1015 Eudoxius
626 956 1021 1011 Antiochenam
1064 953 1245 1007 sedem
1284 960 1480 1007 tractus
1507 959 1612 1018 est,
1641 950 1885 1021 Ancyra-

307 1068 436 1108 num
466 1064 593 1105 vero
627 1048 919 1104 concilium
945 1060 1090 1100 anno
1115 1044 1396 1114 sequenti;
1429 1051 1490 1097 ut
1514 1043 1708 1097 eodem
1732 1055 1881 1095 anno

310 1142 611 1197 Sirmiense
652 1138 945 1193 concilium
976 1136 1236 1191 indictum
1268 1134 1453 1201 fuerit,
1505 1133 1726 1188 nonnisi
1757 1140 1884 1203 post

310 1235 565 1298 hiemem,
606 1240 659 1285 et
693 1228 926 1293 Pascha,
950 1229 1195 1297 adeoque
1223 1236 1346 1296 post
1373 1225 1722 1295 Ancyranum
1748 1223 1885 1279 cela-

309 1325 455 1381 brari
485 1323 677 1395 potuit.
710 1322 871 1391 Atqui
899 1320 1010 1390 jam
1041 1328 1323 1388 peractum
1352 1331 1476 1373 esse
1514 1314 1757 1386 oportuit
1781 1317 1891 1372 :si-

305 1419 528 1489 quidem
565 1416 709 1471 edita
754 1415 821 1468 ab
851 1413 984 1468 Osio
1025 1410 1345 1466 Sirmiensis
1388 1408 1609 1464 concilii
1649 1407 1886 1461 formula

303 1513 417 1582 jam
457 1515 740 1565 emanarat
781 1507 834 1561 in
870 1505 1165 1576 publicum.
1214 1501 1396 1569 Quare
1428 1510 1482 1556 et
1515 1500 1741 1554 absente
1777 1496 1885 1551 Ba-

1985 860 2147 924 scere,
2176 870 2233 913 ut
2272 876 2365 930 per
2390 866 2566 930 plures
2592 860 2943 930 confessiones
2978 864 3256 919 sinceritas
3291 870 3561 923 conscien-

1988 953 2081 1007 tiae
2107 953 2272 1021 possit
2297 951 2546 1021 intelligi.
2575 952 2772 1009 Subdit
2791 963 2975 1023 postea
3003 952 3347 1014 Sardicensis
3369 958 3563 1015 Orien-

1995 1044 2188 1098 talium
2226 1042 2421 1114 syuodi
2475 1044 2788 1098 formulam.
2832 1045 2971 1099 Tum
3005 1047 3079 1100 ita
3111 1049 3320 1119 pergit:
3360 1049 3558 1106 Conse-

1982 1150 2143 1204 quens
2182 1145 2354 1187 autem
2383 1143 2495 1199 est,
2545 1144 2602 1187 ut
2641 1150 2759 1191 eam
2804 1152 2942 1190 nunc
2988 1137 3145 1206 ﬁdem
3195 1148 3558 1206 retractemus,

1983 1241 2100 1296 quae
2128 1240 2230 1278 non
2257 1225 2383 1278 olim
2408 1234 2555 1291 tunc,
2577 1241 2694 1280 cum
2720 1225 2985 1283 Photinus
3007 1231 3310 1300 episcopatu
3333 1233 3562 1303 dejectus

1984 1325 2084 1383 est,
2118 1319 2417 1387 conscripta
2446 1327 2546 1371 est.
2585 1317 2707 1373 Mox
2751 1317 3071 1376 Sirmiensis
3104 1322 3321 1377 concilii
3354 1323 3565 1393 profes-

1985 1407 2197 1464 sionem
2231 1409 2512 1464 descrihit.
2549 1407 2722 1464 Satiu‘
2764 1421 2956 1481 aperte
2990 1411 3243 1468 Latinam
3290 1415 3437 1470 illam
3478 1433 3566 1486 po.

1988 1502 2390 1573 sterioremque
2436 1502 2728 1558 formulam
2771 1505 2841 1560 ab
2894 1504 3046 1571 Osio,
3090 1514 3152 1561 ut
3191 1508 3416 1572 scribit,
3451 1511 3567 1563 edi-

310 1604 457 1670 silio,
483 1616 546 1656 ac
569 1599 797 1670 reliquis
828 1596 1119 1668 episcopis,
1161 1595 1454 1650 damnatus
1490 1591 1778 1655 Photinus,
1821 1603 1887 1643 ac
1988 1601 2121 1660 tam,
2166 1608 2196 1648 a
2239 1592 2528 1650 Sirmiensi
2599 1596 2836 1650 concilio
2884 1606 3134 1666 separat,
3169 1599 3315 1669 quod
3362 1600 3566 1654 diverso

310 1695 612 1751 Sirmionse
635 1691 930 1748 concilium
954 1687 1265 1744 absolutum
1289 1693 1404 1751 est;
1426 1694 1482 1740 et
1508 1690 1728 1755 propter
1752 1681 1888 1737 alias
1990 1694 2220 1756 tempore
2242 1686 2577 1742 celebratum
2608 1686 2881 1742 allirmat?
2910 1688 3016 1743 Sed
3048 1698 3105 1744 et
3132 1704 3257 1744 cum
3292 1689 3369 1744 ita
3397 1691 3570 1762 loqui-

310 1803 508 1845 causas
543 1786 783 1841 nondum
816 1782 1063 1840 inchoari
1097 1782 1274 1852 potuit
1307 1799 1321 1835 :
1351 1779 1612 1851 quoniam
1644 1776 1886 1849 Ancyra-

311 1894 438 1934 num
465 1875 756 1932 Sirmiensi
784 1873 944 1928 debet
969 1886 1092 1927 esse
1124 1868 1419 1939 posterius.

380 1970 622 2040 Apparet
648 1973 832 2021 autem
862 1971 1001 2025 tum,
1044 1974 1170 2015 eum
1207 1955 1528 2013 Sirmiensis
1564 1954 1655 2008 illa
1700 1960 1888 2023 poste-

1919 1858 1962 1913 Β

1987 1788 2107 1843 tur,
2149 1777 2293 1832 Tum:
2345 1794 2463 1833 cum
2499 1777 2757 1833 Photinus
2813 1781 3119 1850 episcopatu
3161 1782 3395 1852 dejectus
3442 1793 3565 1846 est;

1992 1872 2230 1941 itemque
2268 1882 2403 1925 eum
2435 1870 2835 1939 expositionem
2874 1872 3002 1926 ﬁdei
3040 1881 3232 1927 contra
3274 1874 3565 1929 Photinum

1988 1961 2249 2031 scriptam
2289 1960 2592 2031 explicans,
2632 1960 2717 2016 his
2751 1961 2930 2017 verbis
2961 1964 3217 2018 orditur:
3258 1963 3565 2020 Necessitas

312 2063 427 2116 rior
454 2068 543 2114 est
570 2057 773 2112 emissa
802 2053 1037 2108 formula
1058 2093 1073 2117 ,
1108 2064 1287 2120 neque
1320 2047 1623 2103 Eudoxium
1644 2084 1662 2109 ,
1712 2058 1889 2114 neque
1984 2062 2037 2108 et
2073 2062 2271 2122 tempus
2325 2052 2602 2127 admonuit
2634 2069 2757 2116 eos,
2812 2055 2902 2123 qui
2934 2062 3042 2109 tum
3084 2068 3432 2113 convenerant
3476 2075 3570 2128 per

311 2151 576 2208 Basiliam
609 2156 705 2204 aut
732 2144 1028 2215 Georgium
1068 2140 1239 2196 fuisse
1270 2138 1457 2195 Sirmii
1489 2154 1504 2193 :
1540 2136 1890 2207 quandoqui-

311 2248 435 2301 dem
476 2241 769 2298 Eudoxius
810 2247 866 2293 et
899 2236 990 2290 alii
1018 2235 1099 2291 ob
1132 2242 1414 2302 acceptam
1447 2230 1621 2294 illam,
1660 2226 1892 2283 Sirmio-

311 2352 416 2409 qne
459 2335 733 2396 missam,
780 2339 832 2387 et
868 2344 898 2384 a
946 2327 1079 2383 solis
1128 2325 1384 2381 videlicet
1423 2319 1889 2384 Occidentalibus,

312 2428 548 2496 ideoque
605 2423 800 2478 Latine
851 2427 1205 2488 conceptam,
1262 2416 1469 2487 gratias
1523 2418 1755 2484 egerunt
1796 2426 1894 2479 per

312 2518 524 2573 litteras
555 2535 568 2571 :
608 2514 910 2586 Πρόφασιν,
948 2510 1155 2580 inquit,
1204 2506 1562 2578 ποιούμενος,
1597 2506 1674 2569 ὼς
1710 2504 1807 2559 καὶ
1842 2506 1895 2556 οἱ

312 2612 412 2666 ἀνὰ
441 2609 610 2664 Δύσιν
639 2608 926 2661 ἐπίσκοποι
954 2604 1128 2657 ταῦτα
1165 2602 1517 2673 ἐψηφίσαντο.
1561 2604 1675 2655 Hoc
1718 2600 1895 2668 ipsum

312 2707 380 2759 ad
400 2702 690 2774 impietatis
713 2716 824 2757 sua:
845 2699 1199 2770 patrocinium
1219 2695 1476 2766 allegatis,
1498 2693 1638 2765 quod
1656 2692 1894 2747 eamdem

312 2797 468 2864 ﬁdem
493 2792 868 2850 Occidentales
895 2788 1146 2862 professsi
1174 2788 1415 2857 fuissent.
1445 2785 1572 2841 Mox
1598 2803 1610 2839 :
1644 2784 1897 2837 Ἐπιστο-

312 2890 407 2962 λὴν
431 2888 576 2961 πρὸς
600 2886 798 2950 αὐτοὺς
818 2882 1208 2955 διεπέμψαντυ,
1239 2881 1502 2935 Οὐάλεντι
1556 2877 1652 2932 καὶ
1680 2877 1898 2949 Οὺρσα-

316 2982 414 3051 κὶῳ
434 2979 535 3033 καὶ
559 2975 847 3050 Γερμανίῳ
868 2975 1025 3046 χάριν
1043 2970 1454 3045 ὁμολογοῦντες,
1473 2969 1572 3025 καὶ
1596 2967 1691 3023 τοῦ
1719 2967 1899 3039 ὀρθῶς

312 3071 563 3136 δοξάζειν
596 3070 723 3132 τοὺς
747 3068 807 3121 ὲν
839 3068 906 3137 τῇ
928 3065 1088 3119 Adest
1121 3065 1222 3128 τὰς
1259 3061 1516 3135 ἀφορμὰς
1547 3060 1733 3125 αὐτοῖς
1765 3061 1898 3113 ἀνα-

310 3153 581 3225 τιθέντες.
602 3159 726 3216 Haec
749 3159 955 3225 omnia,
972 3157 1119 3227 quod
1138 3164 1193 3211 et
1218 3156 1286 3210 ab
1301 3153 1598 3210 Occidente
1617 3162 1673 3207 et
1701 3153 1771 3207 ab
1791 3152 1897 3207 0c-

312 3255 684 3312 cidentalibus
709 3251 983 3321 episcopis
1012 3248 1167 3314 Osio,
1198 3246 1445 3313 Valente,
1477 3256 1642 3316 atque
1662 3242 1895 3299 Ursaclo

318 3348 510 3412 missa,
533 3353 587 3401 et
620 3344 677 3398 in
706 3340 1139 3399 Occidentalium
1167 3339 1396 3409 gratiam
1425 3337 1736 3405 conscripta
1769 3333 1896 3389 ﬁdei

312 3438 502 3507 cxposi
515 3436 590 3490 tio
605 3433 839 3495 dicatur,
852 3431 989 3486 satis
1008 3429 1249 3485 indicant
1268 3429 1377 3484 alio
1397 3442 1559 3496 quam
1575 3424 1897 3480 Sirmio-sis

316 3529 513 3601 synodi
535 3536 779 3596 tempore
801 3522 971 3579 fuisse
994 3530 1323 3577 contextam.
1351 3518 1478 3573 Fuit
1501 3517 1647 3573 enim
1672 3533 1779 3572 non
1804 3530 1897 3572 so-

317 3602 427 3676 lum
453 3617 732 3692 generalis
758 3616 859 3671 ista
884 3614 1149 3686 synodus,
1168 3613 1263 3667 sed
1287 3612 1358 3666 ab
1372 3608 1741 3666 Orientalibus
1767 3622 1899 3678 pm-

319 3715 539 3778 sertim,
572 3710 889 3779 Graecisque
926 3707 1197 3762 celebrata
1227 3723 1244 3759 :
1286 3718 1318 3760 a
1346 3704 1547 3774 quibus
1578 3716 1693 3773 prie
1737 3710 1899 3757 caete-

320 3804 416 3869 ris,
449 3810 514 3857 ut
544 3800 750 3855 dictum
789 3805 896 3861 est,
937 3795 1157 3865 Photini
1203 3809 1360 3851 error
1397 3792 1729 3864 disputando
1763 3806 1898 3846 con-

323 3897 499 3952 victus
556 3900 659 3949 est.
697 3893 776 3946 Ae
823 3891 872 3947 si
917 3890 1061 3945 inter
1107 3891 1241 3943 Acta
1298 3885 1620 3943 Sirmiensis
1677 3884 1896 3941 concilii

324 3986 561 4045 secunda
596 3985 687 4039 illa
727 3982 965 4039 formula
993 3988 1332 4043 censeretur,
1364 3994 1646 4049 nunquam
1682 3977 1897 4033 Semia-

324 4080 459 4135 riani
490 4088 590 4135 aut
632 4078 766 4132 illud
802 4076 1144 4139 laudassent,
1178 4082 1275 4130 aut
1314 4082 1497 4128 ratum
1536 4073 1725 4128 haberi
1778 4072 1899 4127 sine

326 4171 438 4226 ulla
466 4168 791 4238 exceptione
815 4167 1210 4238 postulassent,
1253 4165 1348 4221 sed
1381 4165 1706 4220 nominatim
1736 4178 1899 4233 repu-

318 4263 486 4317 diatis
515 4259 932 4331 posterioribus,
963 4258 1033 4314 de
1065 4258 1342 4328 prioribus
1371 4257 1492 4327 ejus
1531 4256 1683 4312 Actis
1714 4256 1897 4311 cavis-

322 4367 464 4411 scnt.
509 4352 713 4409 Verum
770 4351 903 4423 quid
963 4351 1051 4405 hic
1094 4349 1553 4420 tergiversamur?
1602 4347 1699 4402 Est
1749 4348 1895 4402 enim

318 4449 549 4504 evidens
599 4456 654 4501 et
681 4459 815 4502 sane
854 4442 1193 4499 luculentum
1222 4439 1415 4494 Hilarii
1452 4455 1515 4494 ea
1547 4440 1613 4493 de
1648 4454 1709 4494 re
1742 4438 1899 4495 testi-

328 4540 613 4593 monium:
667 4535 761 4606 qui
813 4535 869 4587 in
923 4532 1069 4587 libro
1111 4531 1186 4585 De
1241 4529 1458 4600 synodis
1495 4528 1894 4583 dubitationem

325 4645 544 4684 omnem
578 4627 787 4683 eximit.
830 4623 1065 4695 Scripsit
1097 4624 1243 4678 hunc
1277 4622 1476 4676 librum
1508 4621 1578 4675 ad
1611 4619 1898 4691 episcopos

322 4722 646 4777 Gallicanos
697 4717 940 4773 Hilarius
970 4715 1133 4786 paulo
1181 4724 1310 4768 ante
1337 4712 1741 4767 Ariminensem
1775 4727 1899 4782 syn-

326 4816 528 4874 odum,
590 4828 714 4868 cum
761 4812 829 4865 ab
882 4811 991 4865 illis
1042 4806 1418 4878 interpellatus
1469 4814 1616 4861 esset
1648 4845 1662 4867 ,
1719 4816 1778 4859 ut
1831 4804 1900 4858 de

329 4907 479 4962 Actis
509 4902 783 4975 Ancyrani
815 4901 1175 4956 Orientalium
1214 4913 1532 4963 consessus,
1565 4899 1745 4966 deque
1777 4896 1896 4950 Sir-

327 4999 521 5053 mianae
558 4992 913 5064 blasphemia
951 4992 1301 5047 damnatione
1334 4989 1717 5061 perscriherct.
1766 4987 1900 5054 Qui—-

327 5088 428 5144 bus
457 5102 665 5143 morem
697 5085 785 5139 ille
825 5098 1018 5154 gerens
1047 5082 1315 5152 principio
1354 5080 1715 5139 Sirmiensem
1745 5078 1901 5132 ἐκθε-

329 5196 410 5241 σιν
444 5179 719 5252 proponit,
757 5176 1003 5233 eamdem
1033 5176 1195 5245 plane
1226 5189 1353 5230 cum
1386 5187 1470 5237 ea,
1501 5188 1666 5243 quam
1698 5171 1898 5227 Socra-

329 5281 410 5326 tes
464 5281 518 5327 et
542 5269 875 5326 Athanasius
914 5266 1193 5322 referunt:
1238 5264 1396 5335 cujus
1427 5272 1683 5320 auctores
1709 5262 1898 5318 Osium

326 5376 392 5416 ac
436 5361 741 5417 Potamium
794 5357 948 5413 facit.
1011 5356 1249 5427 Subiicit
1293 5356 1489 5411 deinde
1535 5355 1898 5411 Orientalium

326 5454 626 5521 deoretum,
666 5451 813 5524 quod
853 5453 1117 5506 adversus
1160 5450 1321 5504 istam
1366 5448 1663 5503 formulam
1702 5448 1901 5502 εει-Ληι-

328 5560 531 5616 cyrano
570 5544 805 5601 concilio
838 5550 1103 5599 statutum
1139 5549 1256 5605 est;
1306 5539 1472 5610 idque
1508 5555 1637 5595 cum
1670 5538 1899 5595 miriﬁce

327 5636 616 5705 pncdicat,
670 5646 783 5691 tum
835 5636 1081 5705 singulas
1117 5633 1238 5703 ejus
1288 5632 1623 5696 sententias,
1666 5641 1719 5687 et
1768 5646 1900 5685 ana-

315 5728 703 5787 thematistnos
732 5727 1009 5782 uberrime
1038 5727 1302 5782 declarat.
1348 5724 1628 5780 Postremo
1662 5724 1901 5794 reliquas

317 5819 385 5874 ab
408 5822 788 5878 Ut‘icnlnlibus
823 5822 998 5875 editas
1040 5818 1443 5890 professiones,
1476 5834 1598 5891 qua:
1639 5833 1763 5875 cum
1803 5814 1897 5872 ca-

643 5916 909 5975 PATnot..
945 5917 1061 5975 Gn.
1098 5915 1292 5977 XLII.

1923 3199 1966 3257 α

1994 2144 2317 2213 multiplices
2366 2146 2678 2215 questions
2732 2145 2892 2199 latius
2949 2163 3013 2201 ac
3067 2148 3315 2218 cli/lusio:
3354 2155 3570 2218 exposi-

1994 2237 2183 2291 tionem
2219 2236 2345 2306 fidei
2370 2235 2640 2300 ordinare,
2665 2245 2770 2292 etc.
2789 2274 2804 2301 ,
2838 2252 2950 2292 non
2978 2239 3211 2296 obscure
3240 2242 3393 2298 aliud
3420 2245 3570 2300 illius

1994 2334 2207 2395 tempus
2242 2339 2369 2379 esse
2404 2324 2699 2395 signiﬁcat.
2747 2324 2866 2381 Hoc
2901 2327 3045 2382 enim
3081 2337 3290 2387 attente
3321 2335 3570 2391 conside-

1993 2418 2103 2470 rari
2135 2416 2386 2470 volumus
2402 2455 2421 2479 ,
2439 2415 2585 2485 quod
2612 2431 2737 2471 cum
2759 2416 3015 2488 deinceps
3033 2429 3249 2476 ceteras
3266 2413 3570 2480 earumdem

1998 2507 2350 2565 Orientalium
2368 2510 2732 2579 episcoporum
2766 2511 2987 2568 diversis
3038 2523 3088 2567 et
3134 2515 3268 2571 locis
3296 2526 3349 2572 et
3374 2527 3572 2589 tempo-

1996 2601 2140 2655 ribus
2178 2602 2507 2671 conscriptas
2543 2598 2702 2654 Fides
2721 2603 3096 2672 expositurum
3123 2621 3182 2662 se
3214 2623 3335 2663 esse
3366 2610 3573 2666 detulit-

1997 2694 2205 2760 tiassct,
2245 2693 2452 2747 nullam
2498 2688 2695 2763 praeter
2727 2691 3105 2753 Sardioensem
3137 2706 3192 2752 ct
3214 2699 3571 2758 Sirmienscm

1996 2798 2184 2841 contra
2208 2785 2503 2841 Photinum
2528 2787 2728 2842 editam
2755 2788 3068 2859 subjecerit.
3089 2790 3167 2845 Et
3189 2808 3298 2861 quo
3320 2808 3572 2850 necessa-

1998 2878 2082 2932 rio
2111 2880 2380 2948 sequitur,
2418 2894 2526 2933 non
2563 2881 2744 2935 minus
2770 2881 2953 2947 istam,
2976 2898 3141 2952 quam
3170 2882 3572 2947 Sardicenscm,

1998 2969 2043 3024 si
2067 2984 2175 3025 non
2204 2970 2342 3026 locis
2389 2971 2459 3025 ab
2486 2969 2688 3027 Osiana
2721 2981 2778 3027 et
2812 2971 3011 3028 Latina
3050 2978 3353 3045 posteriore
3394 2978 3576 3033 diver-

1999 3062 2097 3125 sis,
2141 3064 2481 3133 temporibus
2511 3074 2778 3122 certenon
2812 3067 3003 3123 iisdem
3034 3083 3156 3125 esse
3184 3072 3571 3141 couscriptam.

2070 3150 2354 3209 Postremo
2401 3154 2667 3225 Sulpitius
2704 3156 2941 3215 Severus
2968 3159 3063 3213 lib.
3097 3176 3133 3214 H
3180 3161 3436 3217 Historia:
3480 3182 3572 3218 sa-

2001 3258 2123 3306 crte,
2153 3244 2361 3313 liquida
2393 3255 2694 3317 apertaque
2715 3249 3032 3305 narratione
3059 3252 3230 3307 multo
3259 3253 3311 3308 id
3344 3255 3576 3311 validius

2001 3338 2309 3392 continuat.
2348 3336 2553 3393 Scribit
2612 3340 2760 3395 enim
2812 3351 2936 3410 post
2984 3343 3365 3401 Sardicensem
3414 3362 3575 3418 syno-

2001 3428 2156 3493 dum,
2184 3438 2239 3482 et
2257 3427 2476 3484 Ursacii
2510 3445 2574 3485 ac
2594 3429 2836 3487 Valentis
2855 3434 3255 3503 paenitentiam,
3288 3437 3577 3508 iutcrjectn

2002 3520 2199 3576 deinde
2224 3531 2490 3593 tempore,
2519 3540 2642 3579 cum
2670 3526 3007 3583 Athanasius
3030 3528 3366 3595 Marcellum,
3397 3532 3489 3602 qui
3522 3534 3574 3586 in

2003 3612 2316 3671 Sardicensi
2371 3619 2603 3673 concilio
2651 3634 2681 3673 a
2737 3621 3025 3677 catholicis
3088 3631 3208 3678 erat
3267 3624 3573 3685 absolutus,

2004 3721 2197 3776 parum
2236 3723 2385 3763 sana:
2434 3711 2556 3765 tidei
2587 3721 2923 3781 compertum
2959 3727 2992 3767 a
3034 3716 3422 3771 communione
3456 3731 3576 3772 sus-

2004 3798 2304 3867 pendisset,
2338 3800 2570 3855 Arianos
2598 3816 2661 3856 ca
2695 3803 2986 3858 occasione
3016 3804 3249 3859 libenter
3277 3821 3429 3867 usos.
3467 3820 3578 3876 quo

2006 3888 2353 3948 Sardicensis
2415 3894 2612 3964 synodi
2676 3895 2894 3949 drcrcta
2954 3897 3353 3953 subverterent.
3410 3897 3579 3970 lgilnr

2004 3990 2190 4038 astuto
2252 3983 2489 4038 consilio
2568 3983 2820 4052 Pbotini,
2874 3985 3110 4043 Marcelli
3187 3999 3240 4044 et
3292 3990 3577 4047 Athanasii

2005 4074 2417 4130 damnationem
2478 4076 2790 4132 miscuisse.
2855 4075 2993 4131 Cum
3072 4080 3216 4134 enim
3295 4084 3576 4153 prepalam

2004 4166 2194 4221 Ariani
2244 4167 2452 4221 erroris
2495 4167 2580 4221 sui
2625 4167 2880 4235 dOgmala
2932 4171 3228 4238 praedicare
3272 4188 3379 4227 non
3418 4174 3578 4229 aude-

2005 4268 2146 4325 rent,
2195 4273 2262 4314 ac
2312 4260 2612 4315 catholicos
2652 4275 2714 4314 se
2767 4270 3036 4329 gererent,
3085 4264 3219 4316 nihil
3270 4267 3424 4334 prius
3473 4268 3575 4323 sibi

2002 4351 2272 4421 agendum
2307 4361 2457 4405 ratos
2497 4364 2640 4415 esse,
2679 4366 2845 4421 quam
2886 4363 2953 4407 ut—
2978 4354 3437 4414 Athanasium'ab
3485 4359 3578 4414 Ec-

2004 4444 2169 4498 clesia
2210 4443 2621 4500 submovereut.
2662 4442 2765 4498 Sed
2808 4458 2932 4499 cum
2974 4445 3182 4502 litteras
3217 4448 3282 4502 de
3315 4449 3406 4505 illa
3434 4450 3577 4504 Pho-

1929 4556 1974 4612 Β
2004 4532 2124 4597 tini,
2168 4532 2406 4587 Marcelli
2441 4542 2494 4587 et
2532 4533 2815 4589 Athanasii
2860 4534 3211 4591 damnatione
3270 4538 3572 4598 dedissent.

2004 4626 2273 4680 restitisse
2319 4624 2621 4680 catholicos
2668 4625 2897 4693 scribit;
2936 4636 3105 4697 atque
3157 4629 3299 4683 inter
3349 4641 3577 4688 caeteras

2004 4716 2299 4771 Paulinum
2338 4716 2726 4772 Treverensem
2778 4718 2850 4775 ita
2905 4720 3343 4790 subscripsisse:
3400 4739 3458 4779 se
3520 4725 3572 4778 in

2000 4808 2223 4865 PhOtini
2254 4820 2418 4879 atque
2453 4810 2692 4866 Marcelli
2726 4810 3135 4867 damnationem
3166 4814 3408 4881 praebere
3445 4831 3577 4870 cou-

2002 4917 2248 4967 sensum,
2300 4903 2366 4956 de
2411 4901 2713 4958 Athanasio
2770 4918 2880 4957 non
2922 4903 3175 4973 probare.
3224 4905 3405 4970 Quare
3448 4922 3575 4961 cum

2004 4993 2221 5049 illorum
2267 4994 2335 5048 de
2381 4992 2680 5048 Athanasio
2708 4994 2980 5049 sententia
3033 4994 3431 5065 repudiaretur,
3462 4998 3580 5067 ple-

2003 5083 2159 5153 rique
2187 5098 2216 5137 a
2242 5082 2567 5137 Constantio
2602 5083 2861 5154 relegati;
2897 5098 2962 5139 ac
2990 5094 3107 5139 tum
3152 5085 3493 5144 Arelatensis
3523 5099 3580 5143 et

2003 5172 2333 5229 Biterrensis
2389 5172 2584 5244 synodi
2620 5174 3008 5230 celebrantur:
3054 5176 3180 5232 inde
3211 5177 3579 5234 Mediolanen-

2002 5266 2116 5330 sis,
2151 5266 2207 5319 in
2241 5280 2349 5335 qua
2388 5264 2633 5336 insignes
2673 5265 2893 5335 quidam
2927 5268 3169 5338 episcopi
3221 5271 3273 5323 in
3320 5270 3574 5325 exsilium

2003 5355 2170 5426 pulsi,
2204 5355 2500 5427 Dionysius
2544 5355 3007 5423 Mediolanensis,
3055 5358 3326 5415 Eusebius
3366 5358 3578 5414 Vercel-

2002 5449 2195 5508 lensis.
2249 5447 2469 5503 Lucifer
2511 5448 2892 5517 Calaﬁtanus;
2938 5450 3191 5506 Liberius
3252 5465 3473 5520 quoque
3522 5460 3577 5503 et

2004 5539 2267 5595 Hilarius.
2292 5538 2429 5606 Quae
2473 5542 2659 5596 omnia
2697 5541 2993 5597 Arbetione
3038 5552 3094 5595 et
3135 5541 3381 5595 Lolliano
3425 5554 3572 5596 coss.

2000 5631 2145 5687 facta
2172 5646 2293 5687 esse
2337 5633 2548 5687 scribit.
2585 5633 2711 5689 llaec
2748 5633 3065 5690 summatim
3104 5631 3389 5702 Sulpitius.
3433 5632 3574 5697 Qui-

2004 5726 2108 5780 bus
2132 5725 2385 5794 superior
2414 5726 2503 5794 ille
2532 5726 2750 5796 agnitus
2775 5742 2806 5781 a
2835 5725 2989 5779 nobis
3011 5732 3064 5779 et
3091 5725 3394 5796 patefactus
3417 5741 3575 5782 error

2003 5818 2366 5875 convincitur.
2398 5818 2555 5875 Vides
2584 5818 2728 5873 enim
2753 5831 2872 5889 post
2898 5817 3279 5883 Sardicrnsem
3306 5819 3575 5888 synodum

3227 5916 3298 5975 3's
