4064 6408
499 340 637 394 {067

1625 328 1970 386 APPENDIX
2007 329 2641 388 DlSSEllTATlllNUM.

3636 337 3750 393 1068

503 467 555 510 et
591 463 840 523 receptos
873 451 925 506 in
971 448 1413 506 communionem
1457 444 1746 502 Utsacium
1799 462 1863 502 ac
1903 446 2088 500 Valcn-
2119 454 2158 509 Α
2194 447 2390 500 tiaram
2436 464 2658 502 suarum
2703 448 2924 504 decretis
2976 449 3392 504 contradixisse.
3439 447 3655 507 Necesse
3683 466 3755 510 est

494 559 638 609 tem,
686 545 972 615 aliquanto
1028 552 1278 611 tempore
1336 538 1666 608 interjecto,
1732 536 2093 592 Sirmiensem

492 641 759 694 adversus
823 636 1124 691 Photinum
1191 632 1524 688 celebratam
1593 630 1907 702 synodum,
1971 640 2096 683 ante

493 731 863 786 Arelatensem
919 739 973 782 ct
1003 726 1485 785 Mediolanensem,
1545 737 1757 776 necnon
1802 729 2094 791 antequam

494 821 746 876 Liberius
791 835 951 891 papa.
997 818 1271 874 Eusebius
1311 818 1514 888 aliique
1593 815 2092 885 proscriberentur.

493 914 660 984 Atqui
697 911 1124 969 conciliabulum
1169 910 1517 973 Arelatense,
1546 907 1692 979 quod
1731 922 1762 961 a
1796 905 2095 960 Saturnino

492 1008 834 1062 celebratum
886 1015 994 1069 est,
1044 1020 1193 1060 anno
1238 1003 1444 1058 Cluisti
1500 1001 1605 1056 ’555
1642 999 1909 1070 contigit,
1968 1013 2093 1054 cum

496 1097 702 1154 Sirmio
753 1097 808 1152 in
829 1095 1054 1151 Gallias
1107 1093 1388 1165 profectus
1429 1099 1574 1145 esset
1623 1088 2001 1149 Constantius.
2036 1099 2096 1142 ut

494 1190 552 1245 in
588 1189 891 1244 Annalibus
917 1188 1153 1258 legitur;
1191 1183 1598 1238 Mediolanense
1631 1196 1762 1235 vero
1797 1194 1942 1234 anno
1967 1180 2093 1243 555,

495 1282 796 1336 Arbetione
825 1289 875 1334 et
912 1278 1163 1332 Lolliano
1200 1292 1345 1331 coss.
1381 1274 1563 1328 Tanto
1608 1273 1775 1343 igitur
1807 1281 1935 1328 ante
1967 1282 2090 1327 tem-

494 1390 630 1445 pore
688 1375 981 1428 damnatus
1047 1369 1317 1424 Photinus
1376 1382 1440 1422 ac
1490 1365 1823 1420 Sirmiensis
1874 1375 2094 1435 peracta

496 1467 743 1539 synodus
808 1476 930 1528 est,
994 1477 1163 1531 quam
1232 1460 1472 1515 secunda
1541 1458 1665 1512 ﬁdei
1740 1455 1975 1512 formula
2041 1457 2093 1509 in

494 1560 687 1615 eodem
793 1555 1086 1611 Sirmiensi
1158 1553 1360 1624 oppido
1396 1552 1480 1606 ab
1552 1550 1818 1612 Ursacio,
1871 1548 2097 1604 Valente

494 1653 739 1723 Osioquc
774 1650 1028 1722 :prodiret
1054 1688 1069 1713 ,
1117 1662 1240 1717 quae
1283 1655 1410 1716 post
1448 1644 1749 1716 relegatum
1799 1640 2092 1705 Hilarium,

495 1759 596 1799 nec
627 1745 787 1814 longe
813 1750 947 1796 ante
999 1739 1279 1811 synodum
1335 1735 1744 1792 Ariminensem
1795 1736 1942 1790 edita
1988 1743 2092 1799 est,

2201 540 2386 608 itaque
2417 540 2701 610 aliquanto
2731 550 2855 612 post
2876 541 3211 612 publicatam
3243 541 3593 598 Sirmiensem
3616 544 3755 601 ἐκθε-

2198 650 2283 686 σιν
2332 634 2532 703 spatio,
2594 636 2942 705 Ancyranam
2995 649 3024 689 a
3080 633 3287 690 Basilio
3345 636 3606 706 synodum
3653 653 3759 694 esse

2196 724 2507 779 conﬂatam.
2549 724 2688 791 Quid
2738 725 2886 796 quod
2923 725 3089 781 Osius
3137 726 3288 796 ipse,
3324 740 3356 779 a
3388 740 3498 796 quo
3538 726 3757 782 eamdem

2198 816 2345 870 illam
2375 813 2676 885 profectam
2713 814 3002 870 formulam
3035 825 3229 870 auctor
3275 824 3360 872 est
3401 813 3654 882 llilarius,
3675 830 3760 870 an-

2198 924 2328 963 num
2381 908 2650 978 integrum
2694 906 2883 962 Sirmii
2930 916 3174 962 retentus
3206 915 3312 969 est,
3355 905 3665 976 priusquam
3703 906 3760 960 ad

2198 1017 2530 1058 consensum
2585 1002 2928 1073 adigeretur?
2969 1000 3152 1068 Quare
3203 1017 3327 1056 cum
3362 1017 3474 1056 non
3519 1001 3617 1057 nisi
3659 1013 3762 1073 post

2196 1091 2419 1148 Junium
2447 1109 2691 1150 mensem
2729 1095 2858 1150 anni
2887 1093 2991 1150 356
3042 1093 3404 1149 Constantius
3455 1092 3634 1148 Sirmii
3660 1109 3712 1148 es
3736 1111 3764 1148 e

2198 1190 2455 1258 potuerit,
2505 1205 2850 1260 consequens
2891 1200 3003 1255 est,
3059 1203 3206 1244 anno
3258 1197 3551 1258 sequente,
3592 1188 3763 1245 eodem

2197 1279 2416 1336 circiter
2443 1289 2708 1352 tempore,
2736 1280 2897 1337 istam
2925 1283 2994 1336 ab
3032 1279 3166 1337 Osio
3202 1279 3595 1350 professionem
3628 1280 3765 1334 Aria-

2197 1386 2298 1426 nos
2335 1373 2657 1429 extorsisse.
2721 1372 2886 1444 Atqui
2923 1374 3012 1428 dio
3053 1383 3201 1436 ante,
3248 1373 3506 1428 nimirum
3552 1372 3649 1425 sub
3685 1387 3767 1441 pag

2200 1463 2385 1519 schale
2413 1472 2650 1534 tempus,
2683 1465 2914 1537 Ancyra:
2941 1479 3249 1520 convenere
3271 1462 3769 1520 Semiariani.\’ides

2199 1564 2442 1625 quantus
2473 1556 2546 1610 sit
2577 1555 2720 1625 apud
2752 1556 2876 1611 illos
2903 1557 3178 1611 rationum
3226 1556 3361 1611 iutet
3399 1571 3522 1612 sese
3581 1571 3768 1611 serum-

2196 1644 2392 1713 nisque
2409 1643 2718 1702 conflictus.
2745 1646 2851 1702 Sed
2869 1663 2935 1702 ett
2969 1647 3034 1704 iis
3065 1663 3187 1718 quae
3203 1663 3366 1717 supra
3383 1648 3768 1713 constituimus,

2197 1751 2430 1807 quaeque
2472 1738 2636 1808 paulo
2670 1748 2791 1810 post
2841 1739 3119 1812 tractanda
3177 1749 3325 1804 sunt,
3369 1750 3592 1811 apparet
3641 1741 3769 1796 aliud

493 1847 558 1890 nt
580 1852 657 1891 ex
694 1811 890 1890 eodem
918 1831 1148 1886 Hilario
1189 1839 1450 1895 constat;
1496 1843 1678 1898 neque
1717 1837 1898 1899 potest
1943 1841 2089 1882 anno
2123 1811 2164 1871 Β
2195 1828 2498 1898 Ancyranue
2534 1831 2742 1900 synodo
2777 1839 2992 1901 tempus
3014 1846 3138 1886 esse
3161 1830 3533 1886 tribuendum.
3597 1844 3603 1850 '

494 1929 600 1985 357
629 1928 930 1984 Sirmiensc
953 1925 1248 1982 concilium
1283 1923 1399 1978 ullo
1419 1922 1585 1978 modo
1609 1935 1936 1992 congruere.

567 2019 852 2078 Neminem
880 2011 1243 2074 vetustissimi
1271 2014 1486 2070 erroris
1525 2014 1666 2070 adeo
1691 2022 1947 2069 tenacem
1979 2010 2094 2067 fore

494 2112 733 2175 conﬁdo,
769 2110 863 2182 qui
898 2123 1010 2165 non
1046 2106 1507 2176 t0t.argumentis
1562 2105 1848 2161 convictus
1896 2113 2096 2160 nostrae

495 2209 573 2264 illi
621 2221 729 2262 non
772 2202 1050 2275 opinioni,
1111 2211 1206 2257 aut
1254 2200 1604 2272 conjecturae,
1632 2199 1728 2255 sed
1777 2197 2097 2254 certissimae

493 2301 713 2358 veritati
767 2299 1099 2370 suﬂ‘ragetur
1127 2339 1142 2362 ,
1218 2297 1466 2367 adeoque
1513 2295 1868 2351 vehementer
1909 2293 2098 2348 obsto.

494 2400 703 2464 pescat,
735 2390 940 2445 nemini
985 2390 1254 2444 hactenus
1291 2387 1609 2443 mortalium
1655 2395 1766 2441 tam
1797 2385 2094 2440 immanem

494 2485 742 2542 historiae
775 2484 952 2539 labem
986 2483 1041 2537 in
1067 2493 1215 2538 tanta
1254 2481 1633 2537 doctrinarum
1672 2479 1920 2535 omnium
1951 2479 2095 2544 luce,

492 2587 758 2648 tantaque
787 2577 1070 2632 annalium
1103 2584 1155 2631 et
1189 2574 1581 2630 chronicorum
1611 2573 1771 2643 copia
1805 2571 1890 2628 vel
1933 2571 2098 2627 levis-

494 2673 635 2731 sime
661 2670 996 2727 suboluisse.
1031 2667 1338 2723 Acnostris
1360 2666 1580 2737 quidem
1607 2664 1882 2721 accuratis
1929 2673 2100 2734 atque

495 2765 730 2820 eruditis
770 2762 1088 2818 hominibus
1133 2760 1312 2815 danda
1357 2759 1514 2814 venia
1549 2768 1656 2823 est,
1689 2759 1784 2829 qui
1831 2756 2098 2821 Socratis.

498 2856 790 2913 Sozomeni
836 2865 1000 2926 atque
1060 2857 1412 2924 antiquorum
1449 2852 1679 2923 vestigia
1726 2851 1901 2907 secuti
1929 2859 2094 2906 sunt:

495 2951 621 3006 illos
653 2949 803 3020 ipsos
842 2948 1049 3003 erroris
1073 2954 1331 3001 auctores
1372 2961 1437 3000 ac
1481 2945 1652 3002 duces
1692 2961 1960 3001 excusare
1985 2960 2096 3000 non

493 3058 753 3115 possum,
780 3041 897 3112 qui,
925 3049 986 3095 ut
1016 3039 1233 3094 illorum
1268 3047 1575 3108 temporum
1607 3039 1898 3093 viciniores
1917 3047 2096 3104 erant,

496 3136 578 3192 sic
618 3135 684 3189 ad
725 3147 917 3190 eorum
958 3129 1353 3203 explorandam
1381 3130 1669 3186 historiam
1711 3131 2099 3186 instructiores
2126 3172 2174 3233 C

496 3242 619 3282 esse
646 3225 978 3280 debuerunt.

567 3316 931 3387 Posteaquam
960 3315 1366 3376 ﬁrmamentum
1405 3312 1585 3383 ipsum
1644 3310 1795 3368 falsa:
1825 3312 2100 3367 narratio-

496 3406 584 3483 nis
611 3414 667 3460 et
717 3413 884 3476 caput
915 3403 1240 3469 evertimus,
1288 3403 1522 3474 reliqua,
1580 3417 1704 3473 quae
1749 3402 1880 3459 huic
1911 3402 2100 3457 innixa

496 3497 684 3551 minus
715 3495 919 3550 habent
957 3494 1244 3559 momenti,
1287 3495 1496 3550 erroris
1527 3509 1634 3550 non
1671 3493 1876 3559 minus,
1909 3503 2102 3564 suapte

498 3598 692 3658 sponte
720 3585 894 3643 fracta
925 3587 1313 3656 intirmataque
1350 3587 1661 3642 concident.
1701 3585 1986 3656 Ejusmodi
2017 3593 2102 3642 est

496 3677 643 3747 quod
698 3677 766 3732 de
812 3675 1120 3746 Ancyrante
1173 3676 1362 3747 synodi
1414 3685 1660 3746 tempore
1705 3675 1985 3743 deﬁnitur,
2043 3677 2098 3729 in

497 3769 750 3822 eumdem
804 3783 1010 3822 annum
1063 3767 1348 3832 incidisse,
1396 3783 1509 3838 quo
1543 3767 1813 3824 Pb0tinus
1864 3769 1917 3822 in
1967 3767 2103 3824 Sir-

498 3859 699 3914 miensi
742 3859 980 3914 concilio
1026 3858 1322 3914 damnatus
1359 3867 1460 3925 est,
1519 3875 1716 3930 nempe
1771 3874 1918 3916 anno
1971 3861 2096 3915 557.

500 3951 658 4017 Quod
690 3966 800 4006 non
837 3949 1002 4006 modo
1045 3949 1243 4004 falsum
1284 3958 1390 4014 est,
1438 3951 1566 4022 quia
1609 3951 1768 4022 longe
1792 3961 1918 4006 ante
1954 3953 2101 4012 hunc

502 4057 708 4094 annum
780 4038 1139 4095 Sirmiensem
1204 4039 1352 4094 illam
1422 4041 1694 4111 synodum
1767 4043 2097 4101 celebratam

431 4201 436 4209 ι
501 4133 664 4201 paulo
695 4142 821 4187 ante
846 4132 1161 4199 docuimus,
1196 4132 1290 4188 sed
1315 4132 1481 4188 etiam
1519 4133 1690 4204 quod,
1716 4135 1821 4190 etsi
1850 4136 1953 4192 hoc
1980 4139 2100 4209 ipso

501 4239 650 4278 anno
681 4233 902 4294 peracta
929 4222 1019 4289 sit,
1057 4239 1166 4278 non
1199 4233 1378 4293 potest
1403 4224 1457 4279 in
1490 4224 1744 4280 eumdem
1774 4225 2099 4298 Ancyranus

498 4324 804 4371 conventus
838 4315 1144 4370 incurrere.
1189 4312 1290 4370 llic
1325 4315 1476 4372 enim
1529 4327 1656 4372 ante
1706 4316 1918 4373 Pascha
1951 4320 2098 4375 cele-

499 4408 692 4464 bratus
719 4415 803 4463 est
832 4421 847 4461 :
883 4407 1028 4462 unde
1059 4415 1112 4462 et
1143 4405 1393 4478 plerique
1435 4407 1508 4463 ob
1539 4407 1776 4464 hiemem
1812 4408 2095 4464 interclusi

2269 1919 2375 1974 Nec
2400 1920 2586 1976 minus
2613 1923 2757 1992 quod
2785 1923 2861 1976 illi
2893 1932 3004 1978 tam
3039 1923 3240 1979 acriter
3269 1933 3514 1997 pugnant
3547 1924 3768 1980 indidem

2196 2012 2464 2070 refellitur
2497 2033 2511 2070 ε
2546 2013 2824 2071 Liberium
2861 2032 3055 2088 papam
3094 2018 3265 2088 priori
3296 2018 3375 2072 illi
3406 2017 3528 2073 ﬁdei
3565 2017 3765 2089 profes-

2197 2107 2341 2161 sioni
2371 2106 2788 2179 subscripsisse,
2821 2125 2943 2180 qua).
2967 2111 3020 2165 in
3046 2109 3337 2167 Sirmiensi
3363 2113 3575 2183 synodo
3598 2120 3772 2166 contra

2197 2196 2494 2254 Photinum
2555 2208 2642 2254 est
2685 2200 2909 2256 emissa.
2950 2200 3161 2272 Quippe
3214 2201 3426 2273 aliquot
3463 2203 3623 2258 annis
3669 2218 3770 2258 non

2200 2287 2400 2345 Liberii
2452 2291 2616 2346 modo
2667 2291 3102 2360 restitutionem,
3160 2294 3254 2350 sed
3307 2294 3564 2350 exsilium
3614 2295 3774 2364 ipsum

2198 2378 2526 2436 Photiniana
2567 2382 2850 2438 damnatio
2901 2384 3202 2454 praecessit.
3285 2383 3500 2442 Feccrit
3545 2384 3776 2441 Liberius

2200 2486 2396 2539 necne,
2439 2473 2584 2543 quod
2642 2473 2840 2530 fecisse
2889 2475 3139 2547 plerique
3182 2485 3427 2534 veterum
3454 2477 3700 2543 Patrum,
3726 2488 3778 2532 ut

2199 2564 2562 2630 Athanasius,
2623 2565 2991 2639 Hieronymus
3030 2569 3236 2640 aliique
3263 2572 3633 2636 consentiunt,
3660 2571 3778 2626 nihil

2200 2658 2270 2713 ad
2320 2659 2630 2714 institutam
2680 2661 3107 2730 disputationem
3152 2663 3366 2718 attinet.
3414 2662 3630 2719 Etenim
3673 2663 3776 2719 ﬁeri

2200 2759 2400 2820 potest,
2429 2760 2490 2806 ut
2510 2765 2636 2806 cum
2672 2750 2922 2816 Ursacio.
2951 2751 3174 2809 Valente
3228 2770 3294 2810 ac
3319 2756 3547 2826 reliquis
3581 2755 3777 2812 Ariauis

2201 2842 2690 2898 communicaverit
2735 2843 2977 2914 quidem,
3031 2852 3087 2900 et
3140 2844 3509 2902 Athanasium
3565 2847 3778 2903 damna-

2200 2934 2361 3001 verit,
2381 2935 2476 2992 sed
2502 2935 2772 2992 hatreticaa
2793 2938 3049 3008 pravitati
3078 2952 3423 3010 nequaquam
3453 2941 3781 3010 subscripse-

2201 3027 2273 3084 rit
2305 3069 2324 3096 ,
2354 3028 2596 3085 heretici
2643 3043 2776 3085 vero
2813 3031 2978 3085 etiam
3026 3032 3434 3102 comprobatam
3468 3031 3661 3087 abillo
3685 3031 3782 3086 ba:-

2204 3120 2350 3176 resin
2383 3120 2522 3178 falso
2545 3121 2898 3192 jactaver-int.
2933 3121 3050 3178 Hoc
3094 3138 3223 3178 vero
3267 3124 3643 3180 certissimum
3687 3131 3778 3188 est,

2202 3225 2381 3282 neque
2424 3213 2595 3283 priori
2654 3211 2732 3267 illi
2785 3221 2976 3269 contra
3009 3211 3309 3269 Photinum
3349 3214 3516 3270 editae
3554 3213 3780 3270 subscri-

2202 3305 2406 3378 psisse,
2445 3314 2520 3374 et,
2552 3305 2600 3362 si
2643 3321 2708 3360 ex
2750 3305 2930 3362 tribus
2979 3305 3379 3365 Sirmiensibus
3413 3307 3658 3380 aliquam
3696 3309 3782 3362 ad-

2203 3397 2441 3464 miserit,
2475 3413 2585 3453 non
2617 3397 2802 3462 aliam,
2836 3411 3005 3467 quam
3051 3399 3372 3464 secundam,
3404 3399 3498 3455 cui
3542 3408 3594 3454 et
3626 3397 3777 3454 Osius

2203 3504 2469 3546 assensus
2501 3498 2604 3556 est,
2651 3489 3064 3560 comprobasse.
3105 3489 3185 3546 Ac
3227 3490 3362 3545 mihi
3405 3491 3633 3561 quidem
3668 3505 3783 3561 pur-

2203 3581 2368 3652 gandi
2391 3582 2470 3638 ab
2499 3583 2652 3638 omni
2688 3582 2918 3639 haeresis
2947 3583 3263 3653 suspicione
3307 3581 3515 3639 Liberii
3551 3583 3781 3654 expedita

2201 3671 2454 3743 quaedam
2478 3673 2619 3729 ratio
2657 3682 2714 3728 et
2755 3671 2930 3729 facilis
2950 3676 3211 3740 occurrit,
3242 3673 3288 3730 si
3311 3673 3552 3729 oblatam
3577 3673 3780 3745 quidem

2201 3765 2278 3819 illi
2309 3766 2606 3820 secundam
2625 3763 2991 3822 Sirmiensem
3026 3764 3249 3820 ’ἔκθεσιν
3281 3766 3596 3822 dixerimus
3630 3786 3644 3821 :
3682 3780 3779 3820 non

2201 3858 2468 3927 integram
2490 3867 2706 3927 tamen,
2739 3868 2832 3915 aut
2863 3860 3180 3930 cujusmodi
3213 3860 3358 3930 apud
3399 3860 3706 3922 Socratem,
3735 3866 3781 3912 et

2199 3949 2585 4015 Athanasium,
2628 3959 2794 4021 atque
2833 3949 3098 4005 Hilarium
3139 3951 3362 4020 legitur,
3410 3952 3508 4007 sed
3555 3951 3778 4022 priorem
3837 3960 3840 3967 ί

2199 4041 2317 4111 ejus
2370 4050 2602 4111 partem,
2653 4042 2708 4096 in
2763 4058 2870 4113 qua
2935 4042 3029 4096 τοῦ
3086 4043 3395 4115 ὁμοουσιου,
3452 4052 3511 4099 et
3573 4045 3778 4116 ὁμοιου-

2201 4131 2318 4185 σιου
2373 4133 2639 4188 voeabula
2698 4134 2972 4190 reticenda
3037 4150 3160 4191 esse
3217 4135 3536 4209 decernitur
3587 4154 3601 4189 :
3646 4133 3781 4204 quod

2199 4230 2352 4300 pacis
2403 4245 2468 4287 ac
2524 4231 2727 4302 quietis
2793 4233 2979 4288 studio
3041 4234 3363 4306 complexus
3411 4247 3522 4292 est.
3590 4235 3778 4292 Verum

2201 4323 2393 4377 Ariani
2460 4323 2637 4379 eidem
2704 4322 2952 4381 formula:
3021 4326 3234 4398 reliqua
3295 4328 3648 4399 postmodum
3699 4329 3779 4383 in-

2202 4422 2529 4492 texuerunt,
2557 4430 2621 4471 ac
2656 4415 2903 4487 specioso
2931 4416 3166 4472 Romani
3193 4418 3465 4489 pontiﬁcis
3491 4419 3712 4475 nomine
3735 4427 3783 4472 et

501 4502 556 4556 in
607 4501 869 4573 synodica
917 4499 1152 4570 epistola
1216 4499 1504 4555 dicuntur.
1551 4497 1670 4556 Non
1700 4501 1882 4571 potuit
1931 4501 2097 4572 igitur
2131 4507 2536 4577 “auctoritate
2575 4523 2736 4563 suum
2776 4509 2974 4580 dogma
3018 4509 3390 4566 venditarum.
3439 4509 3632 4566 Dicam
3675 4525 3780 4565 am-

499 4595 690 4649 eodem
729 4607 876 4646 anno
929 4589 1255 4646 Sirmiensis
1304 4589 1551 4662 synodus
1581 4589 1701 4645 ﬁeri
1738 4609 1751 4646 :
1781 4590 1888 4647 nisi
1915 4600 2099 4662 poste-

501 4688 703 4742 riorem
738 4688 880 4740 hanc
908 4683 1081 4740 fuisse
1111 4683 1251 4739 velis
1270 4723 1286 4750 ,
1317 4683 1465 4752 quod
1515 4682 1678 4754 longe
1706 4695 1792 4738 est
1816 4683 2100 4739 absurdis-

500 4782 701 4835 simum
734 4819 750 4845 ,
811 4778 1073 4848 quoniam
1131 4776 1200 4832 ad
1247 4778 1671 4847 oppugnandam
1737 4774 2098 4832 Sirmiensem

500 4869 650 4926 illam
701 4870 1020 4936 formulam,
1069 4883 1238 4940 quam
1307 4868 1362 4922 in
1427 4867 1667 4922 concilio
1725 4871 2096 4940 conscriptam

499 4964 839 5028 existimant,
893 4962 1180 5032 Ancyrana
1229 4971 1315 5015 est
1368 4961 1612 5031 synodus
1654 4961 1902 5017 collecta.
1952 4961 2096 5028 Quin

499 5055 668 5110 etiam
702 5065 990 5125 postquam
1036 5053 1152 5109 haec
1207 5052 1332 5108 ﬁdei
1387 5051 1661 5123 professio
1698 5053 1860 5107 allata
1893 5053 2098 5108 Sirmio

498 5157 602 5211 est,
641 5147 891 5202 nonnihil
928 5155 1055 5200 ante
1083 5146 1382 5200 concilium
1443 5145 1800 5216 Ancyrauum
1833 5148 2098 5216 temporis

499 5237 840 5295 intercessit.
871 5236 1007 5291 Nam
1044 5234 1288 5292 Hilarius
1319 5237 1414 5292 lib.
1444 5235 1522 5291 De
1552 5237 1789 5307 synodis,
1827 5237 2095 5308 pag.529,

503 5330 884 5390 Occidentales
911 5331 1202 5401 episcopos
1231 5330 1510 5385 collaudat
1529 5371 1543 5395 ,
1577 5330 1728 5401 quod
1777 5333 1997 5386 ntissam
2027 5333 2097 5386 ad

496 5440 608 5480 sese
646 5440 714 5480 ea:
751 5423 1032 5480 Sirmiensi
1083 5422 1275 5492 oppido
1322 5422 1555 5490 inﬁdelis
1601 5423 1731 5493 fidei
1773 5425 2097 5494 impietatem

395 5521 402 5529 ”
498 5531 602 5569 non
651 5515 808 5569 modo
850 5531 954 5568 non
1001 5514 1378 5583 suscepissent,
1420 5513 1510 5568 sed
1579 5517 1884 5571 nuntiatam
1932 5518 2097 5572 etiam

501 5607 965 5677 aigniﬁcatamque
1031 5607 1399 5661 damnassent.
1469 5606 1592 5673 Quo
1658 5624 1785 5665 cum
1842 5610 2096 5680 exemplo

496 5695 691 5753 scribit
717 5698 984 5753 excitatos
1015 5695 1325 5753 Orientales
1368 5698 1657 5770 episcopos
1700 5702 1754 5754 in
1802 5703 2095 5772 Aneyrano

497 5785 733 5845 aeneilio
766 5786 1186 5858 irreligionrum
1230 5786 1476 5844 audacia:
1521 5785 1842 5860 quibusdam
1878 5803 2091 5848 senten-

2204 4597 2382 4666 plius,
2453 4614 2521 4653 ne
2577 4598 2670 4653 isti
2721 4599 2945 4670 quidem
3004 4600 3340 4670 professioni
3394 4603 3782 4673 subscripsisse

2200 4687 2505 4753 Liberium,
2537 4691 2630 4746 sed
2657 4691 2816 4746 alteri
2846 4692 3086 4760 cuidam,
3111 4708 3220 4764 qua
3262 4693 3314 4747 id
3355 4709 3524 4749 unum
3571 4709 3783 4750 cavere-

2202 4793 2312 4844 tur,
2343 4798 2410 4837 ne
2433 4784 2556 4853 quis
2582 4785 3072 4841 consubstantialis
3119 4787 3386 4841 vocabulo
3423 4788 3476 4840 in
3509 4796 3780 4858 posterum

2203 4883 2469 4928 uteretur.
2501 4873 2656 4942 Quod
2687 4892 2812 4932 cum
2836 4877 2904 4933 de
2930 4877 3197 4933 catholica
3228 4879 3518 4935 severitate
3539 4877 3779 4933 Liberius

2201 4965 2534 5031 remisisset,
2575 4976 2632 5022 et
2667 4967 3230 5041 Athanasiiinsuper
3260 4971 3605 5026 damnationi
3646 4983 3780 5025 con-

2203 5060 2490 5127 sensisset,
2525 5062 2679 5118 visus
2713 5072 2796 5118 est
2843 5064 2898 5117 in
2956 5063 3190 5119 haeresin
3243 5065 3571 5134 prolapsus;
3619 5075 3781 5131 eaque

2201 5157 2547 5225 postmodum
2600 5155 2788 5226 opinio
2838 5157 3172 5213 Arianorum
3227 5157 3514 5214 fraudibus
3568 5165 3626 5213 et
3695 5171 3782 5210 ca-

2201 5243 2426 5298 lumniis
2457 5245 2788 5314 percrebuit,
2833 5261 2961 5302 cum
3012 5247 3368 5303 Sirmiensem
3415 5249 3540 5302 ﬁdei
3585 5247 3779 5304 formu-

2201 5335 2308 5389 lam
2348 5336 2541 5391 eodem
2589 5345 2836 5408 tempore
2871 5340 3246 5409 publicantes,
3296 5356 3416 5395 eam
3465 5340 3666 5410 ipsam.
3697 5336 3779 5396 (ui

2199 5444 2464 5484 assensus
2509 5441 2626 5485 erat
2658 5429 2935 5500 Liberius,
2991 5434 3138 5488 illam
3186 5449 3308 5491 esse
3363 5433 3578 5490 mentiti
3636 5438 3777 5487 sum.

2199 5521 2370 5588 Cujus
2398 5522 2474 5576 rei
2498 5521 2872 5592 conjecturam
2902 5540 2969 5580 ex
3008 5526 3319 5583 Sozomeuo
3363 5529 3487 5582 licet
3535 5539 3729 5596 capere
3761 5542 3773 5576 :

2197 5615 2292 5685 qui
2325 5614 2419 5670 lib.
2451 5631 2524 5680 ιν,
2567 5631 2691 5686 cap.
2733 5617 2820 5676 14,
2843 5620 3055 5686 scribit,
3092 5637 3218 5676 cum
3249 5637 3280 5678 a
3314 5621 3532 5677 Liberio
3589 5619 3777 5674 Vafens

2197 5716 2252 5762 et
2281 5705 2549 5764 Ursacius
2573 5713 2994 5769 consensionem
3022 5707 3774 5783 expressissentiViCiSSimab

2197 5812 2262 5853 eo
2291 5798 2688 5868 professionem
2723 5802 3002 5874 accepisse
3030 5804 3279 5873 alteram,
3302 5821 3405 5878 qua
3435 5805 3510 5861 illi
3550 5811 3789 5870 damnat
