4064 6406
390 364 524 423 1069

1192 351 1278 406 DE
1319 345 1662 406 SIRMIENSl
1699 346 1784 403 ET
1824 342 2199 402 ANCYRANA
2237 341 2797 410 PSEUDQSYNODO.

3501 340 3641 396 1070

391 489 580 541 rentur
611 489 824 539 omnes,
851 472 950 544 qui
975 486 1084 526 non
1137 470 1440 526 substantia
1463 467 1782 536 eaeterisque
1812 463 1964 520 simi-
1994 467 2041 524 Α
2069 475 2134 515 ac
2159 456 2420 529 Nigriano
2454 469 2784 527 eoss.,anno
2819 453 3019 509 Christi
3055 453 3180 516 55l,
3215 453 3355 522 quod
3387 453 3504 508 sine
3540 455 3641 510 du-

385 579 495 634 lem
545 569 726 625 Patris
777 580 900 621 esse
953 563 1153 617 Filium
1205 571 1528 616 assererem.
1584 557 1724 612 Tum
1775 555 1962 612 addit:

392 658 702 717 Eudoxium
776 670 842 710 ac
877 653 1118 722 reliquos
1151 650 1481 714 Anommos,
1523 649 1616 719 qui
1666 647 1968 702 Antiochiae

391 755 772 817 versabantur,
799 765 921 806 eum
952 748 1066 804 Osii
1095 746 1402 818 epistolam,
1441 745 1548 798 hoc
1587 753 1670 798 est
1705 742 1971 797 Sirmien-

395 862 511 902 sem
547 843 837 900 formulam
869 841 1231 912 accepissent,
1268 839 1321 893 id
1353 838 1408 891 in
1437 836 1634 906 vulgus
1677 834 1968 904 sparsisse,

397 940 676 996 Liberium
722 937 782 991 τὸ
829 934 1116 1007 ὁμωύσιον
1159 929 1498 1001 repudiasse,
1544 943 1609 982 ac
1647 925 1971 981 dissimilem

396 1032 580 1087 Patris
601 1042 952 1086 asseverasse
979 1025 1201 1080 Filium.
1223 1021 1490 1088 Quocirca
1523 1018 1868 1089 perspicuum
1891 1024 1974 1072 est

401 1122 682 1178 Liberium
731 1116 1062 1190 professioni
1097 1114 1173 1170 illi
1210 1113 1518 1178 Sirmiensi,
1559 1126 1723 1180 quam
1763 1107 1879 1164 Osii
1920 1117 1976 1162 et

398 1212 632 1268 Potamii
687 1207 1083 1280 blasphemiam
1143 1204 1376 1276 appellat
1426 1201 1695 1267 Hilarius,
1751 1199 1976 1254 minime

403 1299 830 1370 subscripsisse,
886 1300 942 1352 in
1001 1310 1109 1366 qua
1162 1292 1485 1348 nominatim
1524 1290 1586 1344 τὸ
1631 1287 1972 1361 ὁμοιούσιον,

402 1390 866 1464 quemadmodum
897 1398 950 1444 et
982 1388 1045 1441 τὸ
1074 1386 1380 1458 ὁμοούσιον,
1432 1383 1693 1454 rejectum
1726 1389 1837 1447 est;
1866 1380 1976 1435 imo

404 1498 533 1540 vero
555 1481 815 1545 ριούσίας
845 1493 1044 1535 nomen
1085 1479 1301 1549 ipsum;
1347 1489 1412 1531 ae
1443 1485 1703 1545 praeterea
1733 1485 1978 1542 pronun-

406 1578 598 1633 tiatum
652 1598 665 1633 :
717 1575 932 1631 Patrem
983 1575 1226 1636 honore,
1278 1571 1564 1642 dignitate,
1633 1567 1882 1638 claritate
1925 1577 1980 1620 et

405 1670 690 1740 majestate
719 1667 984 1737 majorem
1009 1681 1130 1721 esse
1169 1663 1331 1730 Filio,
1355 1663 1451 1733 qui
1472 1661 1619 1715 Patri
1649 1674 1776 1714 eum
1801 1656 1980 1714 eruni-

405 1761 510 1817 bus
532 1761 600 1816 ab
629 1775 696 1816 eo
715 1760 820 1816 sibi
843 1758 1106 1830 subjectis
1127 1757 1200 1813 sit
1225 1756 1340 1826 ipse
1364 1752 1664 1824 subjectus.
1695 1747 1980 1816 Quomodo

2070 552 2164 608 bio
2200 565 2267 605 ex
2295 549 2445 604 Actis
2467 548 2680 604 concilii
2714 545 3034 602 Sirmiensis
3062 553 3400 615 compertum
3431 546 3641 602 habue-

2072 648 2216 695 rant.
2252 637 2367 693 Hoc
2388 638 2532 692 enim
2564 652 2595 691 e
2618 636 2992 706 superioribus
3025 635 3371 700 abstulimus,
3413 652 3644 706 praescr-

2072 729 2170 782 tim
2206 743 2273 782 ex
2307 726 2535 782 historia
2575 725 2813 795 Sulpitii,
2861 726 3129 796 synodum
3175 727 3320 780 illam
3358 737 3484 784 ante
3514 727 3647 782 Are-

2075 821 2284 875 latense
2331 828 2386 874 et
2427 819 2735 875 Biterrense
2777 817 3071 874 concilium
3125 820 3384 875 indietam
3442 819 3644 884 fuisse;

2075 913 2182 967 hoc
2219 920 2303 967 est
2346 924 2472 966 ante
2513 925 2720 965 annum
2766 910 2892 965 555.
2943 907 3111 980 Igitur
3151 912 3204 964 in
3244 922 3448 966 annum
3494 913 3646 966 illum

2075 1003 2352 1067 convenit,
2385 1017 2547 1072 quem
2576 1000 2822 1057 historici
2854 1008 3064 1056 veteres
3090 1001 3436 1055 adnotarunt.
3463 999 3566 1056 Sed
3594 1003 3646 1056 in

2076 1109 2143 1150 eo
2177 1094 2492 1149 hallucinati
2525 1102 2673 1160 sunt,
2714 1093 2858 1164 quod
2889 1107 3012 1149 cum
3058 1092 3249 1162 triplex
3289 1092 3476 1148 Sirmii
3506 1095 3652 1148 edita

2077 1195 2223 1242 esset
2251 1185 2375 1241 ﬁdei
2409 1184 2702 1255 professio,
2738 1200 2848 1240 uno
2891 1184 3193 1254 eodemque
3243 1194 3485 1254 tempore
3527 1196 3581 1240 et
3622 1200 3653 1239 a

2079 1279 2290 1351 synodo
2335 1278 2582 1334 decretas
2631 1292 2823 1333 omnes
2875 1277 3278 1333 existimarunt.
3308 1275 3378 1331 At
3414 1276 3466 1332 id
3495 1293 3654 1334 secus

2079 1381 2200 1423 sese
2235 1368 2432 1434 habet;
2471 1384 2595 1422 nam
2633 1369 2684 1422 in
2721 1367 2956 1423 concilio
2987 1367 3274 1424 Sirmiensi
3306 1368 3481 1438 prima
3513 1367 3656 1421 dun-

2080 1469 2232 1516 taxat
2299 1461 2388 1516 illa
2450 1461 2653 1516 dictata
2717 1469 2819 1526 est,
2883 1475 2990 1530 qua
3055 1459 3371 1516 Photiniani
3443 1476 3658 1516 errores

2081 1554 2433 1619 damnantur,
2451 1568 2726 1624 quamque
2747 1561 2806 1607 ut
2834 1552 2973 1623 piam
2996 1567 3061 1608 ac
3092 1553 3418 1608 catholicam
3451 1554 3658 1609 descri-

2081 1645 2192 1716 psit
2223 1655 2389 1716 atque
2426 1646 2713 1715 explicavit
2741 1643 2999 1700 Hilarius.
3029 1642 3352 1714 Quanquam
3381 1645 3434 1699 in
3467 1645 3658 1700 eadem

2085 1738 2297 1810 synodo
2326 1737 2592 1794 adversus
2625 1737 2984 1793 Athanasium
3031 1735 3235 1806 aliquid
3278 1747 3539 1807 praeterea
3563 1735 3659 1792 deo

406 1852 551 1907 enim
615 1852 732 1906 hzec
787 1818 1080 1920 approbari
1129 1863 1158 1902 a
1212 1818 1428 1900 Liberio
1466 1818 1820 1914 ‘potucrunt,
1882 1839 1982 1911 qui
2013 1818 2056 1873 Β
2088 1841 2302 1888 cretum
2337 1831 2406 1888 ab
2435 1831 2658 1886 Arianis
2701 1839 2931 1886 testatur
2969 1828 3264 1900 Sulpitius.
3295 1831 3499 1885 Auctor
3528 1843 3658 1884 vero

407 1945 684 2014 conceptis
728 1943 908 1998 verbis
964 1941 1111 1996 Patri
1171 1955 1268 2010 per
1328 1937 1550 2002 omnia,
1613 1935 1858 2005 adeoque
1909 1937 1978 2005 τῇ

407 2036 564 2108 οὐσίᾳ
602 2035 834 2091 similem
890 2049 1014 2090 esse
1042 2031 1240 2087 Filium
1275 2030 1538 2086 edixerit?
1573 2028 1680 2084 Sed
1718 2029 1978 2084 nimirum

409 2127 710 2198 simplicem
746 2127 815 2182 ab
861 2141 928 2182 eo
974 2122 1314 2182 controversi
1349 2120 1598 2176 vocabuli
1632 2120 1980 2190 suppressio-

411 2236 531 2274 nem
552 2235 677 2276 cum
699 2218 1078 2284 extorsissent,
1099 2225 1292 2272 caetera
1322 2214 1388 2270 ad
1416 2214 1561 2268 illam
1583 2212 1978 2283 adjunxerunt;

411 2327 583 2382 eaque
624 2324 730 2378 res,
772 2296 842 2366 ob
875 2310 1118 2365 damnati
1151 2302 1450 2379 praesertim
1496 2305 1782 2362 Athanasii
1836 2304 1979 2359 invi-

410 2404 579 2468 diam,
631 2403 790 2459 tidem
833 2402 976 2473 apud
1022 2401 1256 2456 Arianos
1298 2397 1519 2470 perinde
1565 2411 1630 2453 ac
1681 2396 1983 2452 catholicos

411 2494 666 2548 obtinuit.
871 2472 882 2473 ί
1023 2472 1040 2486 κ

484 2578 582 2634 [bc
613 2579 748 2635 mihi
783 2595 893 2650 pra:
923 2579 1132 2635 caateris
1164 2577 1356 2634 Hilarii
1397 2579 1782 2635 auctoritatem
1821 2577 1982 2648 objiei

412 2687 575 2741 posse
600 2671 777 2737 video,
812 2671 906 2741 qui
938 2671 992 2725 in
1023 2669 1345 2741 fragmentis
1375 2687 1404 2726 a
1432 2669 1658 2726 Nicolao
1682 2668 1857 2724 Fabro
1879 2668 1987 2724 edi-

413 2767 486 2821 tis
519 2766 762 2835 epistolae
791 2763 1016 2828 Liberii,
1064 2777 1230 2834 quam
1283 2763 1351 2818 ad
1391 2760 1698 2818 Orientales
1743 2760 1983 2829 scripsit,

413 2872 632 2928 quaque
649 2872 708 2912 se
727 2872 758 2911 a
784 2855 1105 2926 Demophilo
1135 2855 1296 2910 ﬁdem
1321 2855 1671 2918 catholicam,
1697 2868 1820 2924 qua:
1841 2851 1987 2922 apud

415 2947 680 3004 Sirmium
698 2949 913 3019 prodita
939 2955 1044 3014 est,
1063 2947 1324 3003 didicisse
1349 2954 1557 3013 narrat,
1592 2947 1696 3002 ista
1721 2945 1945 3015 subjicit
1971 2963 1984 2999 :

416 3043 708 3112 Perﬁdiam
753 3050 931 3094 autem
969 3038 1112 3107 apud
1145 3037 1406 3094 Sirmium
1438 3037 1782 3106 descriptam,
1827 3052 1988 3106 quam

2086 1921 2407 1978 Sirmiensis
2445 1921 2594 1977 illius
2638 1920 2906 1980 formulas.
2923 1935 3030 1976 non
3068 1919 3284 1976 Marcus
3307 1917 3656 1981 Arethusius,

2084 2013 2180 2069 sed
2221 2013 2463 2084 synodus
2491 2013 2631 2082 ipsa,
2670 2023 2730 2067 ut
2761 2012 2998 2067 llilartus
3028 2012 3237 2079 innuit;
3271 2027 3392 2067 nam
3422 2028 3450 2067 a
3476 2012 3659 2067 Marco

2085 2105 2266 2170 tertia,
2313 2114 2373 2160 ut
2430 2121 2534 2161 suo
2585 2105 2702 2161 loco
2745 2106 2976 2170 dicetur,
3016 2114 3100 2160 est
3149 2105 3478 2177 conscripta.
3531 2103 3660 2160 Post

2088 2197 2386 2253 Sirmiense
2431 2197 2747 2264 concilium,
2798 2197 3221 2267 convictumque
3264 2199 3332 2253 ab
3371 2198 3660 2271 Ancyrano

2085 2289 2310 2353 Basilio,
2342 2298 2398 2344 et
2428 2289 2497 2344 ab
2526 2290 2780 2344 omnibus
2811 2287 3128 2342 damnatum
3170 2287 3484 2356 Photinnm,
3535 2307 3658 2346 cum

2083 2381 2194 2452 jam
2229 2381 2572 2452 Magnentius
2601 2397 2631 2434 a
2663 2379 2969 2435 Constantii
2998 2379 3188 2450 legatis
3220 2381 3467 2436 devictus
3489 2393 3658 2449 esset,

2085 2474 2381 2543 imperator
2407 2488 2555 2527 anno
2574 2473 2680 2527 555
2705 2472 2757 2528 iu
2785 2470 2986 2527 Gallias
3015 2470 3292 2541 profectus
3317 2481 3419 2528 est.
3443 2474 3660 2528 Actum

2086 2563 2404 2618 Arelatense
2432 2562 2854 2619 conciliabulum
2885 2562 3214 2625 celebratur,
3250 2562 3304 2616 in
3345 2578 3455 2632 quo
3490 2563 3660 2634 pleri-

2088 2669 2194 2723 que
2249 2655 2504 2710 catholici
2558 2653 2823 2724 prazsulrs
2872 2655 3128 2710 exsulare
3173 2653 3337 2724 jussi,
3378 2667 3664 2726 grassante

2091 2748 2370 2804 Saturnini
2403 2747 2648 2818 perfidia.

2162 2838 2290 2894 Inde
2316 2854 2462 2894 anno
2494 2838 2598 2894 555
2633 2837 2927 2895 Arbetione
2958 2849 3010 2896 et
3060 2839 3307 2914 Lolliano
3341 2857 3508 2902 eoss..
3538 2858 3664 2899 cum

2085 2929 2200 3001 jam
2229 2929 2586 2986 Constantius
2615 2928 2984 2986 Mediolanum
3026 2932 3384 3002 pervenisset,
3425 2934 3669 3004 synodus

2093 3021 2293 3077 ibidem
2327 3031 2412 3078 est
2444 3021 2652 3087 habita,
2684 3031 2991 3094 creteraque
3019 3035 3187 3093 gesta,
3224 3041 3344 3094 qua:
3371 3039 3400 3079 a
3433 3024 3670 3081 Baronio

414 3136 544 3202 dicit
581 3131 820 3186 Liberius
869 3127 1183 3184 catholicam
1211 3145 1243 3180 a
1275 3125 1582 3195 Demopitilo
1623 3125 1727 3179 sibi
1777 3124 1988 3193 exposi-
2016 3158 2062 3219 ο
2092 3112 2779 3219 diligenter-Explicantur.
2825 3114 2882 3167 In
2933 3114 3161 3185 reliquis
3195 3127 3389 3172 nutant
3417 3119 3668 3170 Annales.

415 3236 546 3290 tam,
574 3224 628 3278 Ιιὶ
651 3229 772 3277 sunt
800 3220 888 3291 qui
914 3219 1333 3286 conscripserunt
1363 3232 1380 3268 :
1415 3213 1725 3275 Narcissus,
1752 3211 1990 3266 Theodo-

416 3335 529 3384 rus,
583 3314 845 3380 Basilius,
898 3311 1196 3374 Eudoxius,
1262 3306 1622 3377 Demophilus,
1681 3303 1986 3373 Cecropius,

415 3408 698 3479 Syloanus,
735 3404 1011 3468 Ursacius,
1058 3400 1272 3462 Valens,
1311 3397 1675 3462 Macedonius,
1719 3405 1826 3452 etc.
1884 3393 1991 3450 Sed

417 3499 684 3570 quidquid
733 3498 799 3552 de
847 3492 1173 3566 fragmentis
1217 3492 1325 3547 illis
1359 3489 1703 3546 sentiendum
1736 3488 1828 3552 sit,
1879 3487 1992 3541 haec

419 3588 668 3662 profecto
715 3585 1046 3656 subscriptio
1087 3584 1156 3640 ab
1185 3581 1375 3637 Hilarii
1407 3597 1572 3636 manu
1611 3594 1872 3636 essenon
1907 3579 1991 3632 vi-

417 3679 600 3743 detur,
652 3676 746 3731 sed
790 3673 1026 3745 imperiti
1072 3671 1382 3742 cujusdam,
1431 3671 1523 3742 qui
1572 3670 1788 3725 Arianae
1833 3677 1994 3724 sectae

415 3769 655 3826 divortia
687 3783 793 3822 non
815 3767 950 3823 satis
971 3775 1343 3836 perspexerat.
1369 3762 1584 3818 Etenim
1613 3762 1848 3818 Basilius
1893 3760 1993 3815 iste

415 3875 489 3915 ac
515 3859 768 3914 Silvanus
789 3899 803 3922 ,
832 3871 1044 3911 necnon
1075 3866 1131 3912 et
1154 3855 1509 3911 Macedonius
1563 3854 1633 3908 ab
1689 3851 1995 3922 Epiphanio

416 3952 748 4020 cauterisque
796 3947 1265 4004 Semiarianorum
1320 3945 1597 4016 principes
1653 3953 1990 3998 censentur:

416 4055 657 4112 quorum
699 4038 964 4094 adversus
1003 4037 1360 4092 Sirmiensem
1405 4034 1552 4088 illam
1599 4030 1993 4102 professionem

417 4131 691 4188 acerrima
720 4116 900 4185 studia
926 4143 991 4184 ac
1025 4127 1408 4183 contentiones
1432 4123 1778 4181 exstiterunt.
1809 4119 1998 4191 Neque

418 4237 555 4277 vero
589 4203 730 4285 tum,
767 4235 892 4276 cum
919 4233 984 4274 ea
1021 4226 1107 4274 est
1150 4216 1319 4281 edita,
1373 4213 1560 4269 Sirmii
1607 4227 1728 4268 esse
1761 4211 1996 4266 Basilius

420 4315 636 4386 potuit;
665 4313 776 4366 imo
811 4325 912 4366 nec
947 4307 1233 4364 Eudoxius
1268 4307 1405 4376 ipse,
1433 4304 1528 4375 qui
1561 4304 1704 4358 hanc
1727 4302 1798 4357 ab
1829 4302 1998 4358 Ursa-

419 4406 512 4461 cio
555 4413 611 4461 et
642 4402 868 4458 Valente
917 4402 1143 4456 missam
1177 4397 1503 4461 Antiochia,
1559 4396 1653 4449 ubi
1708 4407 1822 4451 tum
1854 4409 1994 4449 ~eum

2162 3206 2320 3257 Anno
2348 3203 2451 3257 557
2485 3203 2693 3267 Sirmii,
2733 3221 2843 3274 quo
2881 3207 3177 3275 imperator
3211 3223 3356 3262 anno
3388 3211 3673 3278 superiore

2093 3309 2212 3350 sese
2241 3295 2567 3360 contulerat,
2602 3311 2740 3350 nova
2767 3296 2890 3352 fidei
2919 3298 3189 3367 expositio
3212 3300 3400 3365 paucis
3421 3301 3490 3355 ab
3515 3301 3673 3356 Aria-

2093 3387 2180 3444 nis
2217 3387 2512 3458 episcOpis,
2562 3388 2864 3457 praesertim
2910 3387 3371 3453 Occidentalibus,
3415 3393 3674 3460 produci-

2093 3486 2202 3542 tur,
2234 3493 2470 3548 quorum
2508 3479 2784 3548 principes
2829 3488 2984 3534 erant
3040 3479 3302 3536 Ursaeius
3351 3491 3409 3536 et
3448 3481 3671 3539 Valens.

2093 3567 2192 3624 Cui
2226 3584 2351 3623 mox
2384 3569 2586 3624 invitus
2620 3584 2684 3624 ac
2723 3570 2965 3626 renitens
2998 3571 3126 3626 licet
3161 3571 3458 3628 subscribit
3486 3571 3672 3638 Osins,

2094 3673 2202 3714 ηοιι
2233 3670 2412 3716 tamen
2442 3660 2803 3716 Athanasium
2825 3671 2883 3715 ut
2910 3663 3196 3718 damnaret
3231 3664 3428 3720 adduci
3457 3667 3670 3734 potuit:

2095 3749 2238 3818 quod
2274 3751 2326 3804 in
2361 3749 2536 3820 Epist.
2572 3750 2641 3803 ad
2667 3750 2814 3804 salit.
2846 3750 3180 3806 Athanasius
3214 3751 3331 3820 ipse
3357 3751 3670 3806 conﬁrmat.

2096 3836 2338 3907 Contigit
2366 3837 2483 3892 Ι]ωο
2507 3835 2620 3892 Osii
2663 3839 2948 3894 calamitas
2982 3838 3179 3894 affecto
3202 3840 3317 3909 jam
3345 3857 3491 3896 anno
3517 3842 3620 3897 557
3658 3861 3671 3896 :

2098 3926 2300 3996 quippe
2335 3935 2458 3996 post
2485 3942 2691 3982 annum
2729 3929 3023 4000 integrum,
3052 3945 3215 4000 quam
3255 3930 3441 3987 Sirmii
3479 3948 3508 3986 a
3535 3933 3678 3988 Con-

2100 4018 2305 4072 stantio
2341 4019 2593 4074 detentus
2623 4029 2762 4087 erat,
2801 4022 3020 4076 Arianae
3049 4009 3377 4093 professioni
3420 4026 3676 4081 assentiri

2099 4118 2324 4164 coactus
2345 4116 2446 4164 est.
2467 4112 2536 4165 At
2560 4110 2914 4166 Constantius
2929 4109 3114 4178 Junio,
3141 4113 3224 4167 vel
3248 4111 3394 4168 Julio
3410 4116 3679 4170 duntaxat

2100 4217 2287 4256 mense
2324 4203 2452 4256 anni
2493 4203 2791 4272 superioris
2821 4201 3003 4258 Sirmii
3039 4218 3162 4259 esse
3191 4204 3388 4272 potuit,
3424 4215 3486 4260 ut
3508 4221 3676 4275 supra

2099 4292 2389 4360 probatum
2419 4300 2520 4346 est.
2561 4293 2740 4357 Quare
2785 4293 2926 4347 circa
2971 4292 3114 4348 idem
3163 4303 3378 4364 tempus
3412 4310 3556 4349 anno
3588 4311 3678 4350 sc-

2101 4397 2301 4456 qucnte
2339 4393 2552 4438 extorta
2595 4384 2809 4438 videtur
2847 4385 2916 4438 ab
2944 4384 3074 4440 Osio
3106 4386 3394 4456 perfidiosa
3426 4387 3514 4441 illa
3546 4403 3682 4442 con-

421 4497 544 4553 suis
576 4496 918 4558 versabatur,
952 4492 1181 4562 accepit,
1216 4500 1271 4546 et
1317 4505 1350 4545 a
1388 4489 1521 4544 solis
1557 4486 2000 4543 Occidentalibus
2035 4501 2075 4555 ι)
2103 4478 2290 4533 fessio.
2323 4476 2420 4532 Est
2443 4485 2622 4531 autem
2657 4492 2717 4530 ea
2749 4476 2965 4540 ἕκθεσις
2993 4476 3287 4542 Sirmiana,
3308 4495 3471 4549 quam
3491 4495 3681 4534 secun-

422 4587 792 4658 conscriptam
818 4600 940 4642 esse
968 4584 1111 4640 datis
1141 4583 1210 4637 ad
1234 4581 1358 4637 illos
1390 4581 1590 4634 litteris
1625 4587 1859 4638 testatus
1888 4586 1992 4634 est.

421 4681 561 4747 Quae
587 4680 770 4735 omnia
805 4693 971 4748 supra
1003 4676 1223 4746 copiose
1258 4674 1532 4729 declarata
1563 4681 1712 4728 sunt.
1741 4670 1812 4726 De
1840 4671 2002 4725 tertia

425 4771 552 4826 ﬁdei
595 4769 939 4839 expositione
991 4767 1116 4836 quid
1153 4765 1500 4822 statuendum
1535 4764 1626 4826 sit,
1661 4762 1907 4817 dicemus
1933 4759 2001 4813 ad

424 4878 718 4918 numerum
755 4861 847 4916 22.

429 4976 583 5033 Nova
629 4974 873 5048 quwdam
913 4988 977 5027 ea:
1025 4983 1252 5048 veterum
1287 4971 1514 5048 Patrum
1563 4967 1872 5024 testimoniis
1929 4965 2005 5019 rei

879 5053 1034 5112 gesta:
1065 5045 1224 5096 series
1250 5043 1549 5111 exponitur.

504 5137 730 5207 Pergam
760 5134 829 5190 de
863 5133 1107 5190 historiis
1172 5141 1227 5188 et
1278 5132 1567 5186 annalibus
1614 5126 2002 5186 ecclesiasticis

431 5231 570 5282 bene
611 5227 828 5290 mereri,
873 5241 937 5280 ac
970 5223 1426 5294 quemadmodum
1456 5221 1618 5292 dirigi
1657 5219 1901 5278 veritatis
1934 5220 2004 5273 ad

430 5318 695 5374 amussim
733 5317 985 5379 debeant,
1025 5328 1327 5384 proponam
1358 5313 1462 5366 hoc
1491 5312 1612 5366 loco
1649 5310 1906 5376 breviter,
1946 5318 2008 5364 ut

435 5413 540 5464 hac
558 5406 861 5464 offensione
883 5407 1116 5468 sublata,
1146 5412 1352 5460 rectam
1384 5401 1635 5471 deinceps
1654 5402 1794 5455 viam
1815 5414 2006 5454 omnes

432 5501 707 5556 insistant.
728 5498 946 5566 initium
971 5514 1000 5554 a
1026 5496 1260 5552 concilio
1285 5493 1571 5548 Sirmiensi
1603 5495 1836 5563 capiam,
1859 5491 2008 5559 quod

430 5598 622 5648 contra
650 5591 1036 5647 Photinianum
1075 5589 1272 5658 dogma
1301 5585 1586 5641 collectum
1626 5601 1655 5640 a
1687 5583 2010 5639 Constantio

431 5691 539 5741 est.
572 5683 646 5740 De
671 5700 782 5756 quo
813 5684 1156 5740 verissimum
1187 5693 1307 5734 esse
1341 5686 1543 5741 statuo,
1577 5677 1722 5746 quod
1753 5674 2009 5729 Socrates

432 5792 499 5836 ac
526 5775 860 5833 Sozomenus
896 5775 1234 5844 scripserunt
1268 5788 1280 5822 :
1310 5770 1640 5826 celebratum
1673 5783 1793 5824 esse
1819 5764 2010 5835 Sergio

2107 4571 2449 4625 dam-omnes
2480 4579 2790 4633 numerant,
2825 4585 3055 4640 qumque
3089 4571 3158 4625 ab
3193 4569 3399 4626 llilario
3425 4572 3679 4641 blasphe-

2105 4665 2213 4717 mia
2259 4664 2369 4718 Osii
2407 4679 2471 4717 ac
2503 4662 2730 4718 Potamii
2774 4663 3107 4718 nominatur.
3155 4662 3329 4734 llujus
3367 4680 3491 4719 cum
3522 4664 3681 4719 Aria-

2106 4771 2206 4810 nos
2248 4764 2436 4825 postea
2486 4755 2865 4825 pcenituisset,
2914 4771 3134 4826 operam
3189 4757 3454 4812 dederunt
3501 4766 3561 4812 ut
3615 4773 3683 4812 ea

2105 4847 2308 4916 ubique
2331 4849 2776 4918 supprimeretur,
2798 4847 3118 4916 interposita
3141 4848 3302 4902 etiam
3336 4849 3684 4918 imperatoris

2106 4946 2392 5008 potestate,
2411 4938 2503 5008 qui
2528 4939 2851 5007 supplicium
2887 4940 3082 5008 .is,qui
3112 4939 3257 4992 illam
3278 4955 3445 5008 penes
3477 4955 3535 4994 se
3553 4941 3686 4995 reti-

2106 5038 2319 5094 nerent,
2379 5030 2761 5084 interminatus
2811 5038 2937 5084 est:
2972 5041 3161 5084 auctor
3209 5017 3466 5086 Socrates
3492 5032 3586 5086 lib.
3620 5048 3681 5092 ιι,

2106 5137 2226 5192 cap.
2247 5122 2336 5176 25.
2371 5120 2474 5176 Per
2506 5121 2647 5177 idem
2674 5131 2889 5191 tempus
2924 5120 3175 5178 Liberius
3201 5123 3464 5192 pontifex,
3497 5123 3591 5194 qui
3632 5124 3688 5178 in

2110 5212 2498 5267 Mediolanensi
2532 5212 2764 5267 concilio
2791 5219 2918 5267 ante
2959 5211 3261 5279 biennium,
3293 5217 3396 5269 hoc
3425 5221 3509 5267 est
3539 5227 3686 5266 anno

2110 5304 2234 5366 555,
2284 5303 2530 5360 Bormam
2581 5303 2976 5372 gloriosissime
3013 5306 3282 5376 relegatus
3308 5304 3504 5365 fuerat,
3535 5303 3687 5358 Con-

2110 5395 2297 5450 stantii
2337 5393 2682 5463 imperatoris
2712 5402 2766 5449 et
2799 5394 3130 5449 Arianorum
3168 5392 3448 5447 fraudibus
3477 5405 3541 5444 ac
3578 5400 3687 5445 ter-

2111 5488 2328 5542 roribus
2359 5485 2644 5552 infractus,
2664 5486 2826 5540 simul
2856 5485 3236 5555 recuperanda:
3258 5482 3404 5537 sedis
3427 5491 3478 5536 et
3499 5481 3687 5551 patria:

2111 5580 2403 5643 desiderio,
2437 5577 2698 5633 Sirmium
2730 5588 2985 5634 evocatus
3024 5575 3306 5630 Athanasii
3349 5573 3686 5629 damnationi

2112 5670 2470 5738 subscripsit,
2517 5685 2733 5738 unaque
2767 5669 2890 5724 ﬁdei
2938 5666 3336 5739 professionem
3380 5665 3548 5725 dedit,
3577 5680 3687 5734 qra

2113 5762 2205 5815 τοῦ
2232 5760 2516 5831 ὀμοουσίου
2554 5762 2876 5816 vocabulum
2905 5757 3210 5816 concordia:
3235 5757 3406 5828 gratia
3438 5755 3688 5811 t‘cticet'u-
3743 5763 3747 5768 ’
