4064 6416
438 350 566 407 ΙεῖΙ

1636 348 1984 406 APPENDlX
2023 345 2653 407 DISSERTATIONUM.

3556 352 3687 409 lilii

443 486 551 538 tur,
602 470 730 525 licet
773 469 974 524 Filium
1017 468 1167 525 Patri
1202 466 1533 537 substantia,
1570 469 1942 543 omnibusque
1976 471 2029 525 in
2060 475 2105 532 Α
2133 484 2164 526 e
2198 467 2425 525 Socrate
2452 485 2616 541 supra
2646 467 2956 535 retulimus,
2979 478 3041 525 ut
3059 469 3408 541 imperatoris
3440 473 3688 528 mandato

439 564 604 619 rebus
639 562 872 617 similem
907 578 1029 619 esse
1067 562 1402 618 defenderet.
1450 561 1627 628 Quam
1675 566 2021 621 occasionem

436 653 637 710 Valens
676 664 728 709 et
772 652 1033 710 Ursacius
1063 654 1231 723 nacti,
1274 654 1570 710 secundam
1610 655 1759 712 illaut
1783 658 2023 728 perlidia

426 748 653 817 plenam
682 747 799 802 fidei
824 745 1247 817 professionem,
1272 754 1535 818 tanquam
1561 763 1592 803 a
1620 748 1871 805 Romano
1892 765 2023 819 pon-

430 839 582 893 tilice
638 838 1075 908 comprobatam,
1132 838 1334 907 ubique
1379 837 1831 905 disseminarunt,
1877 848 1934 895 et
1965 839 2021 895 in

424 928 628 998 primis
654 927 720 982 ad
749 927 1056 983 Eudoxium
1087 929 1316 999 ejusque
1343 928 1560 984 sodales
1590 914 1886 987 Anomoeos
1908 932 2023 986 An-

436 1020 695 1074 tiochiam
756 1021 1049 1076 miserunt.
1108 1019 1228 1087 Qua
1277 1036 1339 1077 re
1386 1021 1708 1077 audaciores
1765 1022 1839 1077 illi
1892 1023 2019 1079 facti

437 1109 725 1163 Aetianum
778 1109 997 1181 dogma,
1052 1110 1201 1181 quod
1252 1112 1441 1168 timide
1480 1111 1743 1170 hactenus
1783 1114 2024 1170 diiiiden-

439 1211 629 1272 terque
655 1202 1047 1271 praedicabant,
1084 1204 1261 1274 palam
1296 1204 1576 1275 divulgare
1604 1216 1885 1277 creperum
1912 1225 1924 1260 :
1954 1223 2020 1262 ex

430 1305 547 1360 quo
595 1306 797 1361 magna
837 1305 934 1361 per
967 1290 1245 1348 Orientem
1305 1308 1370 1348 ac
1419 1290 1630 1364 Syriam
1680 1296 2021 1364 perturbatio

432 1392 752 1437 consecuta.
797 1381 967 1452 Cujus
1015 1385 1189 1455 gratia
1234 1384 1503 1459 Georgius
1536 1385 1879 1443 Laodicenus
1906 1389 2021 1458 cpi-

436 1476 632 1529 stolam
661 1474 880 1545 scripsit
909 1474 978 1528 ad
1002 1475 1271 1531 Basiliam
1297 1478 1661 1549 Aucyranum,
1694 1481 1789 1550 qui
1821 1482 1887 1536 ad
1930 1495 2021 1536 ec-

436 1568 637 1633 clesia,
687 1582 850 1638 quam
896 1582 1071 1638 nuper
1103 1584 1133 1624 a
1177 1567 1550 1627 fundamentis
1587 1572 1872 1638 excitarat,
1910 1572 2020 1628 En-

430 1660 606 1714 cauia
635 1660 898 1715 finitimos
931 1661 1222 1731 episcopos
1254 1661 1570 1717 conciverat
1602 1662 1929 1728 admonens,
1961 1671 2021 1718 ut

436 1767 560 1807 cum
596 1751 819 1822 collegis
852 1751 970 1808 suis
996 1761 1342 1823 grassantem
1388 1752 1784 1809 Anomaorum
1821 1754 2019 1825 impie-

2130 558 2331 615 Osiana
2373 561 2463 615 illa
2485 600 2499 624 ,
2532 562 2649 616 sive
2701 558 2939 616 secunda
2971 559 3290 616 Sirmiensis
3342 560 3687 629 abrogata-tur

2129 647 2367 704 formula
2396 689 2411 713 ,
2470 664 2596 705 cum
2660 648 2894 704 Basilius
2944 646 3416 707 Semiariauorum
3468 649 3685 721 signifer

2127 732 2424 813 plurimum
2471 740 2613 811 apud
2642 741 3022 811 imperatorem
3057 739 3230 809 gratia
3271 748 3328 795 et
3376 741 3689 798 auctoritate

2128 842 2336 906 posset.
2374 834 2551 904 Atque
2580 833 2648 888 ad
2673 832 2980 889 Orientales
3010 833 3135 891 illos
3160 833 3445 897 tumultus,
3474 850 3691 890 novam-

2128 939 2236 996 que
2270 924 2519 980 haresim
2569 924 3073 990 exterminandam,
3122 922 3481 981 Constantius
3533 939 3692 996 syno-

2128 1017 2258 1072 dum
2286 1025 2509 1071 auctore
2529 1015 2736 1072 Basilio
2755 1013 3131 1072 Nicomediam
3170 1016 3386 1071 indixit.
3412 1014 3546 1083 Qua
3569 1032 3690 1072 cum

2126 1118 2289 1165 terra
2322 1118 2473 1165 motu
2518 1110 2849 1166 concidisset
2872 1152 2889 1177 ,
2924 1124 2991 1166 ac
3022 1109 3254 1166 subinde
3288 1108 3560 1175 Nicaeam,
3586 1125 3692 1181 quo

2129 1201 2419 1271 episcopos
2473 1201 2768 1257 convocari
2822 1201 3140 1270 placuerat,
3175 1201 3364 1258 eadem
3415 1203 3693 1259 calamitas

2128 1292 2448 1347 alllixisset:
2484 1292 2701 1348 tandem
2720 1291 2955 1350 Basilius
2985 1294 3327 1365 imperatoris
3356 1295 3551 1351 litteris
3572 1310 3694 1351 cum

2126 1384 2402 1455 episcopis
2456 1385 2578 1439 aliis
2626 1383 2694 1438 de
2734 1384 2930 1439 idoneo
2971 1386 3090 1440 loco
3134 1385 3438 1441 deliberem
3488 1384 3693 1453 jussus,

2128 1491 2262 1535 cum,
2284 1476 2427 1532 inter
2481 1477 2607 1532 illos
2661 1476 2886 1531 minime
2936 1477 3292 1542 conveniret,
3326 1476 3587 1533 Sirmium
3628 1479 3692 1533 ad

2129 1568 2512 1640 imperatorem
2553 1568 2791 1625 advolat.
2838 1568 2916 1624 lbi
2958 1569 3191 1627 Arianos
3221 1570 3509 1640 episcopos
3547 1586 3695 1642 repco

2131 1662 2224 1725 rit,
2257 1660 2501 1716 Marcum
2529 1661 2908 1728 Aretliusium,
2936 1660 3228 1733 Georgium
3252 1662 3691 1729 Alexandrinum,

2132 1751 2412 1808 Valentem
2474 1760 2530 1808 et
2581 1763 2829 1809 cateros.
2868 1753 3114 1820 Quorum
3184 1755 3430 1809 omnium
3466 1756 3694 1812 cimsilio

428 1851 601 1900 tatem
656 1842 920 1915 synodico
960 1844 1181 1899 decreto
1220 1845 1518 1915 jugularet.
1556 1844 1633 1900 Ex
1669 1846 1739 1902 iis
1767 1846 1874 1901 labi
1905 1847 2025 1904 illos
2060 1857 2098 1911 Β
2129 1845 2482 1903 Constantius
2517 1844 2822 1901 Seleuciam
2859 1846 2912 1900 in
2943 1846 3153 1902 Isauria
3202 1847 3268 1903 ad
3308 1848 3576 1919 synodum
3606 1848 3696 1904 de-

435 1934 695 2005 opinione
721 1940 960 1998 constat,
988 1933 1086 2004 qui
1127 1948 1211 1989 ex
1238 1933 1583 1989 Theodoreto
1616 1934 1899 2005 colligunt,
1931 1934 2023 1988 Li-

422 2027 647 2082 berium
682 2026 751 2081 ab
770 2026 967 2082 exsilio
996 2034 1313 2081 revocatum
1342 2040 1487 2092 esse,
1513 2026 1705 2081 eodem
1734 2027 1827 2081 illo
1855 2040 2021 2093 anno,

416 2131 546 2187 .quo
583 2117 947 2173 Constantius
997 2115 1188 2172 Roma
1234 2116 1440 2194 degens
1478 2131 1509 2172 a
1545 2120 1816 2174 matronis
1865 2119 2027 2174 inter-

436 2209 669 2278 pellatus
698 2216 815 2263 est:
840 2207 1113 2279 siquidem
1140 2208 1362 2264 nonnisi
1386 2217 1511 2279 post
1528 2208 1832 2273 biennium,
1857 2224 2022 2280 quam

435 2303 644 2372 eiectus
672 2301 873 2367 fuerat,
905 2302 1196 2357 restitutus
1231 2309 1315 2356 est
1345 2300 1619 2356 Liberius.
1655 2298 1725 2354 At
1750 2316 1896 2355 anno
1918 2301 2024 2356 555

422 2392 747 2459 Mediolani,
787 2392 863 2449 uti
893 2391 1100 2451 dictum
1140 2401 1247 2463 est,
1280 2392 1580 2463 imperator
1606 2391 1929 2448 sententiam
1968 2394 2021 2446 in

437 2486 588 2539 illum
619 2487 780 2551 dixit,
816 2496 871 2543 et
920 2496 1042 2558 post
1076 2485 1193 2542 Osii
1238 2486 1453 2557 lapsum
1509 2485 1772 2543 Sirmium
1817 2488 2024 2544 accitus

421 2586 536 2632 'esl.
588 2576 771 2645 Quare
819 2579 892 2635 ita
930 2579 1312 2636 Tlieodoretus
1351 2579 1795 2651 interpretandus
1827 2592 1930 2644 est,
1963 2588 2026 2636 ut

417 2680 547 2725 rtnm
582 2671 803 2742 quidem
824 2669 1194 2726 Constantius
1218 2670 1488 2726 matronis
1517 2684 1668 2740 spem
1700 2670 1843 2725 illius
1869 2671 2027 2727 resti-

422 2763 622 2818 1uendi
671 2761 861 2818 fecerit
891 2801 908 2829 ,
948 2761 1044 2817 sed
1090 2760 1146 2817 id
1188 2760 1362 2816 altero
1407 2759 1603 2816 deinde
1640 2774 1785 2816 anno
1816 2761 2027 2831 prasti-

437 2854 584 2909 terit.
922 2864 925 2867 ‘

510 2948 670 3001 Anno
719 2944 825 3001 358
858 2944 1095 3001 Basilius
1151 2928 1477 3015 Aucyranus
1531 2943 1768 3013 acceptis
1806 2941 2026 3013 Georgii

440 3037 673 3100 litteris,
712 3038 1061 3109 cognitisque
1105 3050 1229 3107 qua
1286 3034 1474 3091 Sirmii
1508 3051 1538 3091 a
1573 3035 1798 3091 Valente
1835 3045 1889 3092 et
1917 3033 2025 3091 Ur-

2127 1938 2277 2011 legit.
2332 1937 2532 1995 Verum
2580 1937 2848 2005 Eudoxii,
2882 1938 3102 2005 Acacii,
3132 1934 3398 1996 'Valentis
3422 1979 3439 2004 ,
3489 1938 3696 1997 Ursacit

2128 2032 2522 2088 Anommorum
2548 2046 2714 2102 opera
2750 2030 2955 2087 factum
2981 2041 3065 2087 est
3086 2069 3106 2097 ,
3139 2041 3230 2099 ut,
3263 2033 3454 2089 divisis
3490 2034 3698 2105 episco-

2127 2123 2236 2194 pis,
2277 2122 2659 2179 Occidentales
2689 2122 2908 2192 quidem
2945 2122 3212 2188 Arimini,
3238 2121 3546 2180 Orientales
3572 2139 3698 2178 vero

2127 2215 2389 2271 Seleucia
2422 2221 2910 2286 congregarentur.
2957 2212 3017 2268 In
3055 2215 3158 2270 hoc
3187 2215 3518 2271 Arianorum
3553 2215 3698 2286 prin-

2125 2308 2308 2379 cipum
2338 2321 2636 2378 congressu
2677 2305 2915 2374 accidit,
2969 2306 3118 2376 quod
3156 2305 3393 2363 llilarius
3434 2307 3577 2362 libro
3626 2305 3700 2360 Ds

2124 2400 2342 2472 synodi:
2383 2406 2571 2454 narrat
2594 2440 2609 2465 ,
2645 2409 2706 2455 ut
2745 2397 3054 2456 Orientales
3102 2399 3342 2469 episcOpi
3372 2440 3387 2465 ,
3443 2399 3540 2469 qui
3586 2397 3700 2453 Sir-

2125 2490 2322 2546 miensi
2355 2487 2710 2559 blasphemia
2755 2489 3090 2555 restiterant,
3123 2498 3375 2543 auctores
3405 2488 3530 2557 ejus
3555 2504 3702 2544 com—

2126 2580 2429 2652 pellerent,
2465 2588 2527 2632 ut
2557 2578 2956 2635 subscribendo
2982 2579 3348 2643 damnarent,
3377 2577 3526 2647 quod
3570 2576 3703 2633 fece-

2126 2680 2268 2727 rant.
2301 2670 2446 2737 Quin
2475 2671 2640 2726 etiam
2682 2685 2747 2725 ex
2776 2671 2968 2727 eodem
2999 2669 3205 2725 Hilario
3229 2670 3525 2739 colligitur,
3552 2679 3702 2741 post-

2123 2775 2356 2832 caquam
2415 2760 2581 2815 dividi
2641 2760 2909 2832 synodum
2973 2760 3205 2830 placuit,
3258 2760 3531 2830 principio
3594 2760 3702 2813 An-

2125 2867 2309 2923 cyram
2347 2852 2417 2907 ad
2450 2850 2807 2907 Orientalium
2848 2866 3169 2908 consessum
3207 2852 3471 2907 delectam
3514 2849 3701 2907 fuisse.

2129 2945 2336 3001 Scribit
2358 2945 2505 3000 enim
2533 2944 2621 3001 his
2645 2945 2828 3001 verbis
2854 2961 2869 2997 :
2902 2942 3006 2999 Sed
3023 2944 3253 2999 maxime
3277 2959 3398 2999 cum
3422 2943 3704 3011 comperis-

2127 3052 2237 3091 sent
2265 3036 2495 3107 synodos
2558 3037 2617 3090 in
2655 3036 2869 3107 Ancyra
2918 3045 3077 3107 atque
3111 3036 3354 3090 Arimino
3385 3050 3704 3106 congregan-

439 3130 593 3186 sacio
629 3137 780 3200 gesta
828 3127 1083 3195 fuerant,
1122 3143 1247 3183 cum
1278 3129 1346 3183 ad
1389 3128 1636 3184 ecclesia
1660 3166 1677 3194 ,
1708 3128 1787 3183 uti
1819 3128 2022 3184 dictum
2062 3193 2092 3200 _
2127 3128 2227 3182 das
2252 3167 2265 3191 ,
2293 3136 2346 3182 et
2386 3142 2453 3181 es
2489 3125 2714 3198 singulis
2758 3128 3043 3197 provinciis
3082 3122 3374 3181 Gallicanis
3413 3124 3586 3192 binos,
3628 3123 3702 3180 uel

440 3227 541 3283 est,
572 3193 1047 3274 consecrationem
1071 3193 1415 3272 conventum
1459 3193 1687 3271 haberet
1738 3215 2025 3286 episcopo-
2051 3193 2094 3253 θ
2128 3217 2365 3287 singulos
2396 3232 2457 3271 eo
2482 3193 2598 3271 esse
2624 3193 2895 3272 tuenti-tros.

441 3327 598 3373 rum,
639 3316 989 3380 Ancyranam
1031 3307 1303 3379 synodum
1353 3306 1632 3371 celebrat,
1680 3304 1736 3360 in
1774 3318 1882 3376 qua
1910 3303 2027 3357 Sir-

441 3401 667 3457 miensis
681 3398 798 3457 Osii
818 3414 883 3455 ac
907 3396 1151 3454 Valentis
1205 3405 1260 3453 et
1301 3403 1634 3452 caterorum
1661 3395 2024 3451 condemnata

442 3493 562 3548 lidei
604 3491 839 3547 formula
864 3498 989 3557 est;
1036 3498 1416 3558 statutumque
1437 3528 1453 3555 ,
1480 3486 1632 3542 Patri
1664 3485 1864 3541 Filium
1896 3485 2029 3541 sub.

442 3587 640 3643 stantia
665 3599 786 3640 esse
815 3583 1071 3639 similem.
1100 3579 1220 3648 Qua
1249 3596 1317 3636 ex
1349 3579 1564 3652 synodo
1587 3580 1779 3635 littera
1808 3579 2029 3649 scripta

442 3687 569 3735 sunt
596 3678 666 3733 ad
700 3676 992 3733 Pbcenices
1061 3684 1116 3731 et
1166 3672 1371 3746 Syros,
1405 3673 1497 3727 ubi
1550 3671 1784 3728 Eudoxii
1832 3671 2029 3726 Antio-

442 3770 601 3826 cheni
641 3768 826 3825 studio
855 3766 1249 3822 Anommorum
1280 3763 1506 3834 perﬁdia
1552 3763 1853 3835 ﬂagrabat:
1890 3778 2030 3833 quas

443 3860 784 3931 Epiphanius
818 3858 1034 3913 recitat.
1073 3855 1279 3911 Deinde
1326 3855 1489 3926 legati
1523 3856 1590 3911 ad
1636 3856 2027 3926 imperatorem

445 3952 709 4008 Sirmium
745 3949 926 4016 missi,
963 3946 1206 4002 Basilius
1232 3947 1371 4017 ipse,
1413 3945 1735 4002 Eustathius
1774 3945 2029 4002 Sebaste~

445 4061 586 4111 nus,
620 4042 884 4099 Leontius
911 4040 1250 4112 Cyziccnus,
1299 4039 1392 4111 qui
1429 4038 1876 4096 Eudoxianorum
1919 4038 2031 4094 illic

443 4136 768 4193 disturbatis
820 4135 1067 4192 consiliis
1091 4172 1106 4198 ,
1149 4133 1533 4204 imperatorem
1562 4132 1938 4204 perpulerunt,
1968 4140 2033 4187 ut

445 4233 710 4286 adversus
740 4228 1049 4283 Eudoxium
1115 4234 1169 4282 et
1203 4225 1505 4282 Anommos
1543 4226 1610 4281 ad
1660 4224 2032 4280 Antioclienos

445 4326 732 4381 scriberet.
759 4322 900 4379 Tum
932 4331 1140 4389 autem,
1167 4319 1275 4377 nisi
1298 4318 1478 4386 fallor,
1506 4317 1707 4376 accidit
1727 4318 1859 4376 illud
1887 4316 2033 4387 quod

2198 3310 2312 3364 Cur
2344 3318 2529 3363 autem
2557 3308 2612 3362 in
2660 3305 2869 3363 annum
2921 3307 3049 3374 358,
3096 3322 3205 3362 non
3236 3306 3575 3378 superiorem
3602 3348 3620 3375 ,
3649 3314 3709 3362 ut

2127 3400 2308 3455 cateri
2328 3414 2544 3468 omnes,
2572 3399 2918 3470 Aneyranam
2943 3398 3408 3456 Semiarianorum
3438 3400 3706 3469 synodum

2128 3489 2494 3556 contulerim,
2545 3488 2822 3545 docebunt
2867 3490 3043 3545 allata
3079 3504 3112 3544 a
3158 3504 3248 3545 me
3281 3497 3408 3545 ante
3446 3492 3704 3554 rationes,

2130 3599 2196 3639 ex
2245 3583 2446 3652 quibus
2480 3584 2795 3639 necessario
2846 3583 2963 3640 hac
2997 3592 3304 3654 temporum
3346 3583 3573 3654 partitio
3619 3582 3706 3637 de-

2134 3676 2375 3731 ducitur.
3286 3660 3291 3671 ’

2208 3767 2370 3821 Anno
2400 3768 2622 3823 demum
2646 3765 2752 3822 359
2784 3766 2940 3821 tertia
2989 3766 3081 3823 illa
3132 3764 3450 3847 Sirmiensis
3480 3764 3708 3821 formula

2136 3876 2165 3915 a
2223 3860 2400 3914 Marco
2467 3858 2807 3923 Arethusia,
2872 3858 3343 3916 consentientibus
3415 3856 3708 3913 Semiaria-

2136 3951 2223 4005 nis
2254 3950 2453 4014 ,edita
2508 3958 2593 4005 est
2641 3950 2719 4004 uti
2781 3948 3030 4018 pluribus
3087 3956 3279 4018 postea
3326 3946 3708 4007 declarabitur.

2140 4042 2261 4109 Qua
2295 4041 2606 4112 conscripta
2632 4078 2649 4103 ,
2701 4038 2902 4096 Valens
2960 4039 3028 4095 ad
3082 4040 3488 4103 Ariminensem
3547 4052 3708 4109 syno-

2137 4134 2268 4187 dum
2317 4146 2440 4186 eam
2481 4130 2705 4194 detulit,
2737 4144 2861 4199 qua
2910 4129 3018 4185 hoc
3060 4144 3211 4185 anno
3250 4129 3324 4185 ab
3350 4127 3711 4185 Occidentali-

2141 4224 2245 4280 bus
2299 4223 2482 4278 habita
2509 4264 2523 4288 ,
2556 4237 2682 4279 cum
2728 4219 3031 4278 Orientales
3090 4220 3356 4278 Seleucia
3399 4221 3456 4277 in
3506 4218 3711 4276 Isauria

2141 4316 2546 4371 convenissent.

457 4521 3692 4570 ΜΨ

1092 4684 1201 4746 DE
1244 4681 1700 4746 VETEBIBUS
1754 4679 2223 4755 QUIBUSDA’M
2272 4680 2679 4743 ECCLESLE
2741 4679 3076 4745 RITIBUS.

1486 4874 1564 4929 Ad
1612 4870 2028 4943 Expositionem
2072 4866 2220 4934 fidei,
2262 4868 2368 4922 col.
2409 4867 2516 4923 884
2547 4883 2700 4940 seqq.

523 5144 641 5200 Col.
664 5143 768 5199 884
790 5143 855 5200 A.
873 5145 986 5199 Kal
1015 5145 1251 5214 πρῶτον
1270 5145 1389 5216 μὲν
1413 5149 1651 5217 κρηπίς.
1667 5146 1912 5203 Primum
1942 5146 2027 5203 Ec

2222 5145 2301 5203 De
2332 5145 2634 5218 virginibus
2686 5144 2987 5217 prasertim
3038 5142 3258 5200 feminis
3306 5151 3434 5200 nota
3474 5155 3561 5200 res
3611 5149 3711 5207 est,

454 5240 636 5297 clesia
663 5237 862 5294 veteris
888 5237 1220 5307 institutum,
1252 5240 1396 5310 quod
1421 5239 1690 5312 hodieque
1718 5230 1773 5295 in
1792 5239 2039 5296 Romana

380 5382 402 5402 ρ
454 5331 740 5395 retinetur,
776 5328 832 5383 in
856 5326 1123 5398 graduum
1155 5329 1518 5402 ordinumque
1546 5330 1865 5388 discrimine
1892 5330 2043 5400 posi-

455 5429 572 5476 tum
612 5430 714 5477 est.
735 5418 874 5475 Nam
905 5418 1159 5491 princeps
1187 5420 1434 5476 omnium
1473 5436 1537 5478 ac
1558 5421 2047 5494 prastantissimus

458 5519 541 5566 est
572 5512 846 5583 virginum
888 5510 1046 5576 ordo,
1078 5511 1173 5581 qui
1217 5510 1273 5566 in
1308 5519 1541 5582 utroque
1584 5529 1717 5569 sexu
1763 5513 2041 5569 cernitur:

458 5615 698 5671 quocum
725 5604 1091 5659 monasticam
1123 5605 1246 5660 vita
1273 5619 1446 5676 genus
1468 5605 1835 5678 coniungitur.
1858 5604 2051 5661 Proxi-

460 5702 583 5745 mus
631 5691 763 5746 huic
788 5692 1137 5749 continentia
1177 5696 1379 5766 gradus
1415 5703 1520 5764 est,
1545 5705 1659 5752 tum
1693 5696 1951 5765 viduitas,
1980 5710 2046 5752 ac

460 5792 739 5853 postremo
763 5784 884 5840 loco
911 5784 1247 5856 coniugium.

2146 5254 2312 5311 quam
2348 5240 2608 5310 antiquus
2651 5238 2704 5293 in
2737 5237 3000 5301 Ecciesia,
3030 5251 3305 5309 quumque
3347 5236 3596 5307 copiosus
3627 5234 3715 5290 ille

2150 5330 2288 5385 ordo
2315 5327 2499 5385 fuerit.
2536 5328 2787 5385 Justinus
2823 5327 3044 5399 Apolog.
3070 5325 3117 5381 ll
3150 5344 3165 5382 :
3194 5325 3307 5381 Καὶ
3329 5325 3511 5380 πολλοί
3553 5340 3712 5389 τινες,

2148 5420 2246 5474 καὶ
2276 5420 2470 5474 πολλαὶ
2497 5418 2899 5493 ἑξηκοντοῢται,
2928 5420 3024 5474 καὶ
3051 5418 3553 5490 ἑϐδομηκοντοῦται,
3574 5416 3625 5470 oi
3653 5417 3717 5469 ἐι

2149 5514 2358 5568 παίδων
2393 5512 2842 5585 ὲμαθητεύθησαν
2876 5512 2955 5583 τῷ
2992 5511 3232 5586 Χριστῷ,
3278 5512 3497 5584 ἄφθοροι
3535 5507 3716 5577 διαμέ-

2149 5596 2318 5661 νουσί.
2353 5604 2491 5662 Hinc
2528 5605 2763 5661 Faustus
2802 5605 2893 5661 ille
2935 5603 3266 5660 Manichacus
3294 5604 3435 5674 apud
3467 5598 3715 5673 Angusti-

2147 5711 2280 5752 num
2316 5696 2412 5752 lib.
2445 5711 2552 5751 xxx
2594 5711 2720 5751 eum
2765 5695 3062 5751 catholicos
3111 5692 3545 5765 reprehenderet,
3573 5686 3714 5759 quod

2149 5785 2558 5843 matrimonium
2611 5786 2954 5854 damnarent,
2985 5783 3226 5844 vicissim
3267 5781 3533 5839 inﬁnitum
3576 5775 3711 5849 apud
