4064 6420
494 425 630 514 10Ἱᾷ

1282 431 1370 488 DE
1415 425 2253 499 VETERIBUSQUIBUSDAH
2284 428 2639 488 ECCLESl-JE
2678 428 2971 484 RI'l'lBUS.

3622 425 3774 479 tetr-

488 544 609 601 'rllos
640 544 909 616 virginum
962 559 1255 599 numerum
1303 549 1610 617 opponebat
1642 569 1655 602 :
1693 547 1761 602 Ut
1800 565 1926 618 pene
1947 547 2066 618 jam
2095 554 2142 611 Α
2175 545 2318 610 sint,
2376 560 2538 616 neque
2592 541 2981 597 clandestinum
3041 539 3442 594 matrimonium
3508 540 3778 605 inierint,

487 636 683 706 major,
710 637 908 707 inquit,
950 637 1007 690 in
1056 635 1306 692 Ecclesiis
1349 640 1592 694 erunibus
1625 641 1885 712 virginum
1936 640 2076 710 apud

2178 638 2370 708 exiguo
2435 647 2663 707 tempore
2715 635 3032 705 interlapso,
3095 643 3374 705 postquam
3421 632 3661 702 precibus
3716 642 3769 688 et

485 745 596 793 vos,
619 744 779 798 quam
803 727 1082 782 mulierum
1099 730 1450 784 numerositas
1472 730 1747 788 habeatur.
1773 731 1875 786 Cui
1897 732 2074 802 plane,
2172 729 2394 799 jejuniis
2421 731 2742 794 vacaverint,
2768 729 3064 784 communio
3094 727 3203 782 illis
3236 725 3596 796 indulgeatur.
3629 723 3767 781 Neo-

489 828 551 876 ut
607 833 712 874 nos
742 818 1010 874 haereticis
1036 819 1316 875 hodiernis
1351 822 1612 884 solemus,
1642 823 1938 891 respondet
1967 823 2080 877 Au-

485 908 738 977 gustinus
766 951 780 975 ,
817 909 891 964 ita
924 909 1288 981 virginitatem
1309 911 1362 965 in
1404 910 1650 967 Ecclesia
1681 913 2077 981 commendari,

488 1003 566 1055 uti
626 1002 834 1071 nuptiae
895 1017 1241 1072 nequaquam
1309 1003 1704 1074 improbentur.
1755 1006 2078 1061 Ammianus

454 1079 840 1148 Marcellinus
882 1102 1076 1149 auctor
1129 1095 1383 1151 ethnicus
1428 1096 1482 1150 in
1516 1097 1665 1152 calce
1717 1095 1814 1153 lib.
1842 1113 1974 1152 xvm
2004 1097 2079 1152 De

485 1183 688 1252 Sapore
719 1201 737 1237 :
775 1183 1026 1241 Inventas
1091 1195 1262 1240 tamen
1313 1186 1450 1241 alias
1500 1188 1722 1257 uirgines
1775 1188 2079 1244 Christiano

484 1277 596 1329 ritu
633 1277 805 1330 cultui
853 1277 1030 1331 divino
1055 1287 1317 1345 sacratas,
1346 1281 1603 1335 custodiri
1635 1282 1885 1347 intactas,
1920 1291 1970 1335 et
1999 1297 2082 1336 re-

482 1363 670 1436 ligioni
712 1369 904 1423 servire
941 1369 1098 1423 solito
1136 1386 1312 1436 more,
1380 1371 1526 1426 nullo
1556 1381 1782 1438 vetante,
1813 1373 2076 1443 pracipit.

483 1456 636 1512 Pleni
667 1467 797 1513 sunt
843 1457 1187 1528 Tertulliani,
1233 1460 1512 1533 Cypriani,
1559 1463 1808 1518 omnium
1843 1465 2082 1534 denique

481 1549 978 1606 vetustissimorum
1031 1551 1252 1608 Patrum
1315 1553 1437 1608 libri
1481 1593 1496 1618 ,
1576 1563 1634 1609 ut
1688 1554 2078 1627 Augustinum,

483 1639 897 1714 Hieronymum,
931 1645 1284 1700 Ambrosium
1350 1647 1595 1717 aliosque
1626 1657 1965 1717 praeteream,
1993 1664 2082 1704 sa-

481 1752 713 1793 crarum.
738 1739 1016 1794 mentione
1058 1739 1356 1810 virginum,
1385 1756 1525 1810 quas
1574 1740 1687 1796 Deo
1731 1751 2080 1798 consecratas

481 1838 538 1886 ct
583 1839 711 1886 voto
759 1829 924 1886 etiam
979 1831 1296 1896 obstrictas,
1350 1832 1444 1888 Dei
1498 1845 1664 1905 atque
1714 1833 1973 1889 Ecclesiae
2021 1849 2081 1890 se

2179 820 2502 877 caesariense
2542 837 2693 885 vero,
2746 836 2872 876 can.
2917 821 2947 873 Ἰ
2986 838 2998 873 :
3044 818 3420 891 Πρεσϐύτερον
3443 819 3524 882 εἰς
3555 817 3770 888 γάμους

2179 912 2555 984 διγαμούντων
2583 914 2657 986 μὴ
2683 912 3001 966 ἑστιᾶσθαι·
3028 911 3149 963 ἐπεὶ
3169 910 3457 981 μετάνοιαν
3491 909 3764 971 αἰτοῦντος
3839 933 3854 951 ι

2178 1004 2273 1058 τοῦ
2311 1005 2578 1076 διγάμου,
2623 1005 2708 1069 τίς
2756 1003 2910 1057 ἔσται
2955 1005 2983 1058 ὁ
3029 1003 3430 1074 πρεσϐύτερος,
3477 1003 3506 1054 ὁ
3545 1000 3634 1053 διὰ
3669 1001 3769 1070 τῆς

2181 1097 2474 1161 ἑστιάσεως
2501 1096 3029 1168 συγκατατιθέμενος
3053 1099 3165 1158 τοῖς
3195 1095 3426 1165 γάμοις;
3452 1080 3604 1147 Vetat
3641 1107 3769 1162 pre-

2181 1189 2459 1259 sbyterum
2490 1190 2832 1260 digamorum
2877 1189 3084 1258 nuptiis
3116 1189 3401 1252 interesse,
3434 1201 3500 1239 ne
3529 1200 3769 1256 praesen-

2179 1281 2256 1337 tia
2298 1298 2393 1338 sua
2437 1283 2550 1339 illis
2587 1282 2876 1353 suffragari
2922 1282 3193 1337 videatur.
3223 1279 3305 1335 Ad
3340 1281 3454 1335 haec
3485 1282 3797 1351 Ancyranaz;

2182 1375 2421 1447 synodus
2453 1390 2578 1431 can.
2624 1375 2692 1430 19
2733 1374 2926 1445 jubet,
2963 1382 3026 1429 ut
3055 1373 3148 1444 qui
3187 1373 3576 1444 virginitatem,
3604 1387 3768 1441 quant

2181 1468 2294 1524 Deo
2342 1467 2783 1538 spoponderant,
2831 1466 3110 1531 violarint,
3167 1466 3356 1520 eadem
3407 1480 3514 1536 qua
3569 1463 3793 1535 digami

2181 1572 2346 1629 paena-
2405 1565 2778 1614 coerceantur.
2829 1557 3068 1628 Apparet
3123 1557 3288 1627 igitur
3336 1555 3586 1627 digamos
3640 1555 3794 1609 olim—-

2183 1649 2488 1721 ignominia
2537 1657 2771 1714 notatos,
2820 1659 2872 1704 et
2926 1649 2991 1704 ad
3045 1649 3318 1718 publicam
3369 1648 3772 1718 paenitentiam,

2183 1741 2277 1796 sed
2334 1755 2456 1796 eam
2508 1741 2824 1810 perbrevem
2882 1755 2947 1795 ac
2996 1738 3457 1802 tolerabiliorem,
3515 1736 3790 1791 astrictos-

2184 1829 2376 1886 t‘uisse.
2426 1828 2546 1884 lam
2592 1844 2758 1900 supra
2809 1830 3048 1884 vidimus
3094 1844 3261 1898 quam
3315 1843 3506 1883 severa
3553 1827 3772 1882 concilii

481 1923 766 1994 obsequiis
821 1923 1100 1978 addixisse
1123 1931 1410 1979 testantur.
1459 1924 1516 1980 In
1562 1927 1854 1996 Ancyrano
1890 1925 2076 1980 conci-
2111 1915 2152 1970 Β
2181 1919 2502 1976 Eliberitani
2538 1921 2750 1976 sanctio
2781 1919 2966 1985 fuerit,
2995 1936 3116 1976 cum
3173 1920 3228 1972 in
3268 1918 3520 1988 praesenti
3551 1916 3773 1971 naufra-

481 2015 578 2078 lio,
605 2029 726 2070 can.
771 2017 839 2072 19
871 2034 884 2070 :
919 2017 1073 2070 Ὅσοι
1109 2017 1411 2088 παρθενίαν
1451 2019 1914 2090 ἐπαγγελλόμενοι
1958 2017 2082 2072 ἀθε-

481 2104 637 2157 τοῦσι
701 2105 799 2176 τὴν
857 2107 1222 2175 ὲπαγγελλίαν
1247 2148 1262 2173 ,
1332 2108 1424 2161 τὸν
1481 2107 1589 2161 τῶν
1649 2108 1896 2180 διγάμων
1953 2109 2079 2180 ὅρον

479 2197 964 2268 ἐκπληρούτωσαν.
1023 2199 1468 2256 Chalcedonense
1531 2216 1702 2265 vero,
1761 2218 1882 2256 can.
1947 2203 2016 2256 16
2063 2221 2077 2257 :

483 2288 758 2360 Παρθένον
801 2290 997 2360 ἑαυτὴν
1023 2291 1316 2345 ἀναθεῖσαν
1357 2291 1436 2362 τῷ
1461 2294 1707 2364 Δεσπότῃ
1734 2293 1876 2364 Θεῷ,
1906 2293 2083 2348 ὡσαύ-

479 2398 593 2444 τως
619 2381 676 2434 δὲ
701 2383 794 2435 καὶ
824 2381 1143 2453 μονάζοντα,
1175 2385 1269 2437 καὶ
1301 2385 1375 2455 μὴ
1399 2384 1599 2449 ἐξεῖναι
1621 2385 1784 2457 γάμῳ
1817 2403 2082 2458 προσομι-

482 2475 624 2527 λεῖν·
664 2477 711 2528 εἰ
765 2476 819 2528 δέ
859 2493 921 2544 γε
974 2475 1246 2546 εὑρεθεῖεν
1278 2476 1438 2530 τοῦτο
1489 2479 1790 2542 ποιοῦντες,
1836 2478 2079 2532 ἔστωσαν

482 2566 859 2638 ἀκοινώνητοι.
905 2567 1238 2638 Epiphanius
1288 2578 1473 2625 noster
1525 2571 1579 2624 in
1618 2571 1890 2640 Angelieis
1944 2571 2075 2625 hter.

483 2662 575 2725 60,
608 2677 664 2715 ιι.
695 2661 748 2725 7,
777 2661 935 2716 docet
968 2661 1226 2732 virgines,
1262 2677 1292 2716 a
1318 2663 1519 2732 quibus
1553 2663 1882 2730 virginitatis
1916 2675 2082 2732 spon-

483 2752 594 2815 sio,
624 2767 788 2820 quam
823 2753 1112 2822 ὁμολογίαν
1153 2753 1422 2820 nominat,
1457 2754 1660 2809 violata
1710 2755 1814 2818 sit,
1861 2755 2082 2810 consul-

483 2843 594 2898 tius
637 2843 834 2908 facerc,
872 2845 918 2900 si
953 2859 1012 2900 se
1059 2845 1316 2914 legitimis
1345 2846 1550 2915 nuptiis
1605 2846 1832 2917 illigent,
1863 2856 1923 2900 ut
1959 2854 2085 2918 post

483 2935 804 2991 diuturnam
828 2937 1208 3007 paenitentiam
1240 2939 1496 2994 Ecclesia:
1516 2941 1960 2995 communionem
1983 2942 2084 2995 im-

485 3036 725 3098 petrent.
755 3027 1008 3084 Nondum
1043 3030 1251 3085 scilicet
1283 3045 1346 3085 ea
1385 3031 1610 3100 sponsio
1657 3039 1822 3086 tantae
1864 3033 2081 3102 religio-

488 3120 579 3174 nis
604 3128 740 3185 erat,
769 3129 828 3174 ut
862 3119 1076 3174 irritum
1113 3120 1524 3175 matrimonium
1555 3120 1780 3176 faceret.
1815 3121 1947 3178 Vide
1976 3123 2083 3193 Cy—

486 3209 742 3279 prianum
780 3209 952 3279 Epist.
991 3211 1060 3264 ad
1096 3210 1468 3280 Pomponium,
1499 3213 1658 3281 cujus
1700 3212 1913 3266 initium
1946 3222 2032 3268 est
2064 3231 2077 3266 :

486 3300 734 3371 Legimus
760 3301 970 3357 litteras
1003 3314 1145 3357 tuas.
1175 3302 1267 3356 Sic
1287 3301 1633 3358 Valentinum
1658 3305 1945 3359 concilium
1976 3305 2080 3360 sub

488 3389 746 3458 Damaso,
773 3407 894 3458 can.
923 3393 980 3458 2,
1050 3392 1312 3463 Virgines,
1340 3411 1458 3463 qua:
1501 3411 1555 3448 se
1594 3395 1702 3449 Deo
1733 3409 2000 3462 voverunt,
2032 3398 2080 3451 si

489 3482 562 3535 ad
600 3492 844 3538 terrenas
891 3486 1103 3555 nuptias
1149 3487 1478 3553 transierint,
1530 3489 1892 3556 paenitentiam
1928 3505 2080 3559 agere

484 3571 662 3644 jubet.
690 3575 783 3630 Eae
811 3592 974 3646 porro
1005 3578 1075 3632 ab
1103 3579 1362 3650 episcopo
1389 3580 1872 3635 consecrabantur.
1921 3581 2078 3648 Quod

490 3681 563 3721 ne
615 3669 928 3724 sacerdotes
976 3681 1324 3740 usurparent,
1373 3672 1572 3742 saepius
1626 3671 1994 3739 interdictum,
2023 3683 2082 3728 ut

489 3757 748 3829 Carthag.
791 3775 830 3814 tt
875 3768 930 3815 et
982 3777 1061 3815 Ill.
1088 3761 1322 3817 Basilius
1376 3763 1459 3815 Ad
1493 3763 1748 3832 Ampltil.,
1800 3780 1924 3819 can.
1991 3766 2077 3830 18,

490 3849 708 3904 illarum
760 3851 1052 3922 ὁμολογίαν
1091 3854 1266 3923 excipi
1312 3853 1466 3923 jubet
1517 3871 1662 3910 anno
1696 3855 1873 3911 aetatis
1906 3856 1972 3910 16
1999 3856 2082 3911 vel

493 3942 584 3994 l7.
616 3941 870 3997 Severius
897 3944 1204 4013 Agathense
1229 3945 1456 4010 concil.,
1487 3959 1610 4000 can.
1642 3945 1708 4001 19
1734 3962 1746 4000 :
1783 3945 2082 4001 Sanctimo-

493 4033 680 4097 uiales,
730 4036 1112 4103 quantumlibet
1159 4037 1266 4091 vita
1317 4054 1501 4091 earum
1543 4047 1591 4092 et
1651 4055 1820 4094 mores
1874 4039 2083 4109 probati

489 4126 622 4189 sint,
657 4134 784 4179 ante
811 4142 1012 4179 annum
1043 4129 1218 4182 astatis
1246 4145 1356 4183 sua:
1387 4129 1456 4182 40
1486 4146 1590 4184 non
1615 4132 1867 4185 velentur.

563 4215 682 4270 Col.
704 4215 808 4270 884
828 4217 892 4270 A.
913 4219 980 4271 Εἰ
1007 4217 1074 4270 δέ
1087 4236 1178 4284 τις
1197 4220 1678 4288 τελευτησάσης.
1697 4220 1755 4275 1n
1776 4222 1968 4278 haeresi
1991 4223 2080 4287 59,

491 4324 552 4363 n.
585 4308 674 4371 M,
711 4309 929 4363 tolerari
958 4309 1315 4366 nihilominus
1351 4312 1470 4367 illos
1494 4313 1547 4367 in
1580 4314 1821 4370 Ecclesia
1846 4313 2078 4378 dixerat,

491 4399 590 4470 qui
620 4407 742 4470 post
773 4399 1064 4454 divortium
1092 4400 1225 4456 alias
1269 4418 1467 4458 uxores
1497 4403 1601 4458 sibi
1643 4406 1978 4474 copularent.
2008 4405 2083 4460 De

491 4507 605 4562 quo
628 4491 693 4546 ad
717 4491 867 4546 illum
891 4491 1069 4547 locum
1107 4495 1363 4549 nonnulla
1387 4495 1730 4565 scripsimus.
1753 4496 1852 4553 llic
1876 4507 2079 4563 autem,

2195 2013 2270 2084 gii
2306 2012 2612 2082 mortisque
2637 2011 2880 2081 periculo
2912 2029 2943 2066 a
2973 2026 3304 2082 quocunque
3351 2009 3614 2078 baptizari
3646 2024 3772 2078 pcr-

2182 2103 2368 2168 mittit,
2401 2103 2637 2173 digamis
2665 2102 2931 2157 duntaxat
2960 2103 3227 2171 exceptis.
3267 2099 3372 2156 Sed
3419 2099 3778 2156 nihilominus

2183 2197 2240 2250 in
2269 2195 2569 2251 Ecclesiam
2620 2196 2820 2266 recepti
2872 2204 2995 2250 sunt
3047 2193 3269 2264 digami,
3320 2203 3373 2248 et
3419 2194 3670 2263 quicum
3706 2192 3794 2248 iis

2183 2287 2596 2344 communicare
2623 2287 2826 2342 nollent
2858 2302 2957 2356 pro
2989 2286 3262 2342 haereticis
3293 2285 3483 2339 habiti.
3521 2284 3657 2338 Hinc
3688 2282 3776 2337 Ni-

2182 2395 2418 2442 caenum,
2457 2394 2576 2434 can.
2623 2378 2678 2446 8,
2720 2395 2844 2434 cum
2874 2377 3196 2434 Novatia—nis
3242 2377 3512 2433 haereticis
3559 2376 3776 2446 profes-

2183 2470 2356 2525 sionis
2387 2469 2676 2526 formulam
2708 2470 3049 2541 praescribit,
3076 2471 3377 2527 secundum
3426 2485 3589 2540 quam
3625 2485 3777 2524 recc-
3827 2478 3830 2479 '

2182 2571 2308 2632 plus
2346 2561 2454 2616 illis
2510 2561 2578 2616 ad
2631 2562 2930 2617 Ecclesiam
2987 2569 3170 2631 pateat
3223 2585 3234 2617 ε
3287 2562 3403 2635 Πρὸ
3450 2561 3667 2615 πάντων
3718 2561 3775 2613 δὲ

2181 2651 2362 2714 τοῦτο,
2413 2649 2612 2720 inquit,
2644 2651 2979 2722 ὁμολογῆσαι
3032 2652 3230 2714 αὐτοὺς
3283 2651 3575 2723 ἐγγράφως
3615 2667 3778 2721 προσ-

2183 2743 2326 2814 ήκει,
2360 2745 2441 2796 ὅτι
2487 2743 2839 2816 συνθήσονται
2905 2745 2998 2798 καὶ
3034 2743 3461 2814 ἀκολουθήσουσι
3509 2747 3622 2806 τοῖς
3677 2745 3777 2814 τῆς

2187 2833 2485 2906 καθολικῆς
2546 2836 2644 2890 καί
2707 2836 3074 2905 ὰποστολικῆς
3131 2835 3456 2906 Ἐκκλησίας
3504 2835 3774 2905 δόγμασι,

2183 2927 2425 2980 τουτέστι
2462 2928 2556 2981 καὶ
2585 2928 2840 3000 διγάμοις
2877 2931 3185 2992 κοινωνεῖν,
3223 2929 3318 2981 καὶ⁴
3342 2931 3455 2992 τοῖς
3500 2929 3558 2980 ὲν
3595 2928 3671 2998 τῷ
3707 2927 3778 2980 δι-

2183 3018 2356 3090 ωγμῷ
2387 3021 2888 3092 παραπεπτωκὸσιν
2911 3038 2924 3051 ο
2952 3020 3089 3074 Ante
3101 3022 3289 3074 munia
3311 3021 3508 3092 scripto
3541 3021 3781 3090 proﬁteri.

2183 3111 2304 3165 illos
2335 3122 2555 3181 Oportet,
2593 3129 2935 3167 consensuros
2969 3130 3022 3167 se
3085 3123 3246 3183 atque
3304 3113 3640 3184 amplexuros
3688 3130 3780 3166 σαι

2186 3201 2394 3255 tltolica:
2445 3213 2494 3256 et
2541 3204 2850 3272 apostolica!
2888 3203 3153 3259 Ecclesiar
3191 3205 3446 3275 dogmata
3473 3221 3494 3260 :
3523 3208 3778 3261 nimirum

2184 3301 2242 3345 ut
2285 3310 2403 3346 cum
2450 3293 2681 3362 digamis
2719 3296 3122 3359 communicent,
3156 3295 3324 3364 iisque
3366 3295 3459 3365 qui
3501 3295 3557 3348 in
3601 3311 3776 3363 perse—

2182 3387 2388 3440 cutione
2418 3385 2557 3454 lapsi
2587 3396 2730 3438 sunt.
2777 3386 2883 3441 Sed
2937 3374 3162 3455 quinam
3209 3385 3418 3456 digami
3465 3384 3544 3441 illi
3573 3384 3775 3440 fuerint
3807 3403 3810 3408 '

2181 3479 2462 3547 quaeritur.
2495 3476 2630 3531 Nam
2653 3478 3087 3548 jurisconsultus
3113 3478 3360 3547 quidam,
3391 3478 3487 3550 qui
3517 3478 3578 3533 in
3603 3495 3775 3533 cano-

2180 3575 2311 3627 num
2351 3571 2608 3628 Ecelesia-
2628 3575 2870 3628 codicem
2904 3583 3060 3629 notas
3087 3575 3278 3639 edidit,
3302 3575 3465 3645 vulgo
3488 3574 3604 3630 fere
3631 3577 3778 3645 igno-

2183 3675 2296 3720 tum
2332 3681 2454 3722 esse
2485 3665 2635 3722 dicit.
2692 3665 2810 3735 Ipse
2857 3677 3038 3721 autem
3102 3675 3212 3722 tres
3268 3668 3522 3737 digamias
3565 3668 3776 3738 species

2181 3757 2414 3826 explicat
2457 3776 2470 3811 :
2519 3758 2695 3826 prima
2740 3766 2842 3821 est,
2900 3772 3025 3812 cum
3080 3759 3269 3813 eodem
3324 3769 3566 3828 tempore
3616 3759 3776 3812 binas

2182 3864 2382 3903 uxores
2413 3849 2690 3919 quispiam
2743 3850 2928 3916 habet,
2959 3851 3103 3921 quod
3137 3851 3266 3904 olim
3302 3850 3504 3905 iudicis
3543 3851 3774 3917 licitum,

2183 3940 2448 3996 Romanis
2501 3940 2710 4012 legibus
2760 3941 3096 4011 prohibitum
3143 3942 3281 4009 fuit;
3333 3945 3501 3998 altera
3535 3953 3772 4009 cst,cum

2183 4033 2308 4101 quis
2339 4043 2513 4089 morte
2538 4035 2736 4103 prioris
2771 4034 3028 4104 conjugis
3068 4037 3249 4090 soluto
3284 4036 3657 4098 matrimonio,
3689 4049 3778 4088 sc-

2183 4125 2391 4180 cundas
2423 4126 2639 4193 nuptias
2669 4127 2977 4192 contrahit;
3012 4127 3192 4192 tertia,
3227 4143 3390 4196 quam
3430 4129 3591 4198 vulgo
3621 4130 3776 4198 igno—

2186 4222 2294 4268 tam
2327 4231 2449 4270 esse
2491 4216 2700 4278 statuit,
2739 4226 2822 4270 est
2862 4231 3009 4280 cum,
3057 4226 3210 4270 extra
3238 4233 3459 4270 causam
3503 4217 3807 4280 adulteriir

2185 4306 2469 4381 repudiata
2497 4305 2749 4375 conjuge,
2777 4306 2947 4360 altera
2975 4308 3436 4376 superinducitur.
3461 4309 3595 4361 Cum
3625 4305 3772 4361 enim

2183 4398 2352 4453 variae
2378 4397 2596 4451 divortii
2623 4412 2805 4452 causae
2833 4399 2968 4451 citra
2990 4398 3317 4452 adulterium
3350 4399 3534 4452 saeculi
3565 4397 3774 4467 legibus

2185 4489 2315 4543 olim
2345 4496 2575 4556 receptat
2601 4487 2824 4554 fuerint,
2855 4504 3136 4557 nunquam
3182 4489 3570 4565 Erclcsiaillas
3601 4489 3775 4542 admi—

492 4599 619 4638 cum
655 4583 926 4653 legitimos
957 4584 1164 4639 scilicet
1198 4593 1253 4639 et
1287 4595 1532 4656 receptos
1561 4588 1628 4642 ab
1654 4587 1896 4644 Ecclesia
1928 4590 2078 4645 ordi-

2185 4581 2274 4637 sit.
2303 4579 2570 4646 Quocirca
2599 4580 2692 4649 qui
2731 4580 2852 4634 aliis
2884 4581 2950 4635 de
2991 4581 3196 4644 causis,
3230 4597 3394 4648 quam
3421 4590 3638 4650 propter
3677 4579 3775 4634 ad-

496 4691 594 4730 nes
634 4685 687 4730 ct
726 4677 925 4747 gradus
972 4688 1337 4746 percenseret,
1371 4680 1654 4749 diligenter
1681 4682 1987 4737 cautionem
2019 4683 2083 4737 il-

477 4765 604 4820 lam
641 4768 912 4836 apposuit,
944 4769 1160 4824 nonnisi
1193 4779 1315 4838 post
1347 4771 1542 4839 prioris
1576 4772 1824 4842 conjugis
1850 4783 2088 4844 mortem

497 4857 769 4912 secundas
802 4859 1022 4929 nuptias
1074 4862 1387 4930 approbari,
1418 4863 1546 4927 etsi,
1579 4864 1657 4918 uti
1704 4864 1965 4932 diximus,
2001 4867 2083 4920 al—

497 4949 667 5004 terius
697 4949 908 5019 generis
937 4959 1214 5022 uteunque
1259 4955 1580 5010 tolerentur.
1623 4956 1947 5028 Quanquam
1983 4958 2084 5012 ad-

496 5057 693 5096 versus
738 5041 1002 5111 digamos,
1040 5044 1154 5112 qui,
1193 5045 1373 5113 priore
1418 5060 1650 5112 mortua,
1681 5049 1904 5102 alteram
1945 5066 2082 5104 uxo-

499 5147 615 5186 rem
665 5131 946 5195 ducerent,
1001 5133 1243 5186 severior
1285 5134 1425 5202 apud
1482 5136 1736 5204 antiquos
1797 5137 2084 5206 disciplina

503 5219 625 5280 fuit.
675 5219 808 5275 Nam
855 5237 1011 5276 conc.
1049 5219 1243 5288 Laod.,
1277 5240 1399 5278 can.
1450 5225 1501 5291 1,
1552 5226 1624 5280 ita
1665 5228 1844 5282 sanxit
1886 5246 1900 5283 :
1953 5230 2087 5300 Περὶ

502 5314 594 5368 τοῦ
651 5314 759 5368 δεῖν
810 5315 949 5368 κατὰ
993 5314 1082 5368 τὸν
1137 5316 1590 5385 ἐκκλησιαστικὸν
1659 5319 1897 5382 κανόνα,
1960 5323 2087 5385 τοὺς

503 5404 800 5476 ἐλευθέρως
836 5403 930 5458 καὶ
970 5404 1212 5475 νομίμως
1248 5407 1616 5476 συναφθέντας
1677 5409 1953 5481 δευτέροις
1989 5411 2088 5478 γά-

506 5511 659 5566 μοις,
723 5494 796 5565 μὴ
845 5494 1222 5564 λαθρογαμίοιν
1275 5499 1606 5567 ποιήσαντας
1655 5499 1836 5567 ὀλίγου
1896 5502 2086 5570 χρόνου

505 5585 884 5654 παρελθόντος,
915 5583 1008 5638 καὶ
1056 5587 1439 5656 σχολασάντων
1464 5594 1582 5654 ταῖς
1621 5596 1951 5662 προσευχαῖς
1995 5593 2089 5647 καὶ

504 5677 799 5747 νηστείαις,
839 5677 981 5731 κατὰ
1029 5679 1357 5752 συγγνώμην
1396 5683 1741 5738 ἀποδίδοσθαι
1769 5687 1950 5749 αὐτοῖς
1990 5687 2090 5758 τὴν

505 5772 787 5824 κοινωνίαν
824 5771 1136 5843 ὡρίσαμεν’
1183 5773 1250 5828 Ut
1299 5775 1584 5829 secundum
1631 5776 1882 5831 Ecclesia:
1927 5795 2088 5832 cano-

508 5876 622 5917 uem
667 5865 755 5934 qui
795 5863 953 5920 libcrc
992 5883 1054 5920 ac
1093 5852 1321 5938 legitime
1362 5869 1604 5925 secundis
1652 5871 1853 5937 nuptiis
1897 5870 2091 5944 illigati

2185 4673 2466 4738 ulterium,
2507 4688 2677 4727 uxore
2714 4673 2962 4737 dimissa,
3017 4689 3142 4727 eum
3194 4675 3644 4744 aliaconjugium
3683 4689 3776 4727 so-

2183 4766 2374 4832 ciaret,
2412 4767 2518 4830 hic,
2553 4767 2627 4820 ait
2653 4767 3086 4835 jurisconsultus
3134 4769 3244 4833 ille,
3287 4769 3539 4838 digamus
3577 4783 3774 4823 censeo

2186 4857 2366 4920 batur,
2401 4859 2560 4927 eique
2591 4858 2855 4912 canonica
2885 4859 2972 4912 illa
3008 4861 3197 4923 multa,
3263 4860 3422 4928 cujus
3461 4858 3775 4914 Neocatsar.

2184 4942 2492 5005 et'Laodic.
2537 4950 2927 5012 meminerunt,
2975 4952 3339 5020 irrogabatur.
3378 4951 3454 5005 Ex
3493 4968 3603 5022 qua
3647 4968 3775 5007 ora-

2188 5043 2335 5096 tione
2361 5043 2626 5112 sequitur,
2662 5044 2906 5114 digamos
2940 5044 3083 5107 illos,
3121 5046 3235 5114 qui,
3274 5056 3488 5100 mort-ua
3519 5047 3797 5116 eotijuge,

2187 5136 2340 5189 alteri
2376 5152 2444 5190 se
2467 5138 2805 5206 copularent,
2872 5139 3056 5192 multa:
3094 5140 3261 5208 hujus
3287 5149 3536 5208 expertes
3583 5139 3773 5194 fuisse.

2190 5229 2296 5284 Sed
2338 5232 2451 5288 haec
2497 5232 2749 5302 digamite
2781 5247 2976 5303 genera
3028 5233 3130 5288 tria
3178 5250 3352 5304 neque
3400 5235 3584 5303 ignota
3611 5235 3795 5302 vulgo

2188 5333 2365 5388 erant,
2398 5339 2576 5393 neque
2607 5324 2672 5377 ad
2709 5339 2818 5376 rem
2847 5324 3138 5393 pertinent,
3193 5333 3512 5391 constatque
3563 5324 3629 5376 ad
3673 5339 3773 5391 po-

2190 5424 2427 5468 stremos
2451 5415 2572 5468 illos
2597 5414 2845 5483 digamos
2872 5424 2982 5469 tres
3011 5415 3132 5467 illos
3160 5413 3380 5466 totidem
3412 5411 3785 5464 conciliorum-

2189 5507 2386 5561 citatos
2415 5521 2653 5561 canones
2698 5508 2986 5574 pertineret
3034 5504 3168 5558 Nam
3221 5502 3584 5556 Laodicenum
3617 5501 3770 5570 diga-

2192 5612 2311 5651 mos
2341 5611 2458 5659 eos,
2516 5596 2584 5651 de
2633 5597 2834 5665 quibus
2879 5597 3137 5665 loquitur,
3195 5593 3427 5662 appellat
3472 5589 3775 5661 ἐλευθέρως

2192 5689 2286 5740 καὶ
2311 5687 2557 5758 νομίμως
2582 5688 2948 5756 συναφθέντας
2981 5684 3254 5754 δευτέροις
3285 5683 3484 5752 γάμοις
3502 5721 3515 5743 ,
3545 5681 3777 5750 legitime

2194 5796 2256 5833 ac
2298 5781 2455 5834 libere
2487 5781 2726 5834 secundis
2778 5779 2974 5847 nuptiis
3014 5775 3275 5844 illigatos,
3315 5777 3415 5830 hoc
3450 5782 3534 5828 est
3579 5771 3671 5842 qui
3705 5772 3785 5826 li---

2195 5873 2373 5929 ccutia
2406 5881 2460 5928 et
2501 5871 2752 5927 facultate
2794 5870 2896 5925 sibi
2931 5886 2962 5925 a
2999 5866 3219 5924 Christo
3263 5877 3318 5923 ct
3362 5864 3600 5921 Ecclesia
3643 5877 3776 5918 costa
