4064 6412
428 404 567 462 1075

1565 362 1907 467 inpensis
1943 361 2572 470 msssnrsrtonun.

3564 415 3694 472 ιωδ

421 536 578 578 cessa
607 520 690 576 usi
739 521 935 587 l'orent,
965 522 1171 594 quique
1228 523 1282 580 id
1337 523 1576 596 legitime
1631 527 1909 586 fecissent.
1955 529 2013 584 ln
2043 534 2092 595 Α
2123 531 2199 586 illi
2232 531 2468 588 districti
2495 529 2720 588 fuerint.
2749 529 2859 588 Nec
2891 531 3048 588 aliter
3075 531 3332 590 Balsamo
3353 547 3421 589 ac
3463 530 3697 592 Zonaras

420 628 534 683 quo
579 612 811 668 ridicula
868 623 954 670 est
993 615 1375 684 jurisconsulti
1431 619 1728 687 expositio,
1775 620 2024 693 νομίμως

422 709 564 762 idem
613 722 736 763 esse
783 722 847 762 ac
901 707 1193 762 secundum
1245 708 1378 779 legis
1430 710 1678 766 humana
1730 712 2018 769 licentiam.

419 799 608 870 Neque
655 801 804 855 enim
849 801 1260 856 ecclesiasticus
1314 802 1404 856 ille
1449 802 1670 857 Patrum
1723 817 2024 860 consessus

419 890 672 962 νομίμως
725 890 852 944 iniri
901 889 1124 961 nuptias
1177 891 1301 945 illas
1353 892 1630 958 ediceret,
1675 908 1815 960 quas
1869 894 2022 948 nullo

419 985 583 1040 modo
625 985 806 1040 licitas
855 1001 1034 1055 neque
1063 993 1212 1040 ratas
1242 1001 1366 1041 esse
1400 997 1777 1056 cognosceret.
1807 985 2020 1042 Etenim

418 1079 513 1148 qui
545 1079 686 1134 citra
718 1079 1072 1143 adulterium,
1100 1079 1238 1135 alias
1273 1081 1344 1134 ob
1375 1095 1592 1146 causas,
1630 1089 1855 1150 propter
1883 1096 2022 1152 quas

417 1172 713 1227 divortium
754 1171 933 1228 facere
969 1173 1315 1243 imperatoris
1363 1172 1574 1242 legibus
1621 1171 1702 1226 fas
1747 1179 1850 1236 est,
1885 1186 2022 1226 uxo-

420 1278 536 1318 rem
585 1263 860 1320 dimiserit
911 1265 1188 1336 aliamque
1240 1265 1482 1329 duxerit,
1541 1268 1596 1319 in
1652 1263 1844 1319 eadem
1892 1279 2018 1319 cum

421 1353 686 1409 adulteris
737 1370 902 1411 causa
960 1355 1218 1412 Ecclesiae
1259 1356 1468 1426 judicio
1517 1359 1846 1428 decretoque
1895 1372 2020 1410 ver-

420 1455 614 1512 satur;
683 1463 859 1518 neque
914 1458 1010 1504 aut
1064 1451 1166 1504 levi
1222 1449 1544 1520 pmnitentia
1589 1449 1812 1520 defungi
1853 1460 2022 1522 pote-

419 1547 526 1602 rat,
561 1549 654 1594 aut
687 1541 846 1596 aliter
892 1557 1058 1612 quam
1110 1543 1326 1598 dissuto
1366 1543 1670 1613 posteriore
1717 1544 2021 1614 illicitoque

421 1633 804 1698 contubernio,
851 1635 999 1690 illam
1055 1636 1230 1706 ipsam
1283 1638 1578 1707 impetrare
1617 1636 2016 1706 paenitentiam.

421 1726 893 1791 Quemadmodum
932 1729 1158 1792 devotae,
1197 1729 1300 1784 hoc
1333 1738 1438 1796 est,
1468 1744 1592 1805 qua;
1635 1743 1696 1784 se
1734 1727 1846 1783 Deo
1877 1742 2012 1784 con-

420 1827 791 1883 secraverant,
825 1820 1066 1887 virgines
1111 1829 1205 1874 aut
1241 1820 1440 1887 viduae,
1481 1821 1528 1874 si
1566 1821 1823 1874 maritum
1865 1835 2018 1873 acce-

419 1910 642 1976 pissent,
676 1926 778 1964 non
810 1910 1224 1964 admittebantur
1250 1911 1320 1964 ad
1357 1910 1743 1978 paenitentiam,
1775 1911 1879 1964 nisi
1923 1910 2020 1962 ad-

420 2002 522 2056 huc
540 2003 652 2070 ipso
667 2003 864 2056 vivente
883 2002 1098 2066 marito,
1116 2011 1259 2056 caste
1268 2003 1434 2056 vivere
1454 2003 1748 2070 coepissent,
1765 2009 1860 2054 aut
1873 2009 2020 2071 post-

420 2112 583 2221 qrqig
645 2096 756 2164 ipse
802 2095 1147 2162 decessisset,
1199 2095 1276 2149 ait
1326 2094 1648 2150 Toletanum
1690 2111 1732 2159 ι,
1771 2109 1897 2149 can.
1950 2093 2018 2149 l6

421 2186 450 2220 σε
579 2206 597 2220 ο

421 2186 476 2220 οτι
506 2186 597 2220 ιυ.

493 2257 660 2328 Atqui
693 2257 942 2330 digamos
965 2258 1100 2315 istos
1129 2257 1500 2315 Laodicenum
1541 2259 1837 2314 concilium
1869 2256 2018 2313 brevi

425 2359 668 2420 tempore
707 2350 1084 2421 pcenitentiam
1120 2351 1274 2406 obire
1317 2350 1539 2415 statuit;
1576 2347 1858 2405 Nicaeuum
1889 2363 2021 2405 vero

420 2443 759 2511 Novatianis,
813 2453 869 2500 ut
929 2459 1054 2500 cum
1095 2444 1203 2500 illis
1256 2443 1580 2500 nominatim
1640 2439 2018 2523 communica-

423 2549 576 2590 turus
626 2550 687 2591 se
731 2550 856 2592 esse
893 2535 1270 2606 profiteantur,
1327 2536 1510 2592 edicit.
1565 2533 1720 2601 Quod
1773 2531 2020 2604 profecto

425 2642 532 2680 non
564 2625 793 2690 faceret,
823 2626 872 2682 si
903 2626 1247 2697 digamorum
1294 2627 1519 2682 nomine
1555 2626 1861 2698 ﬂagitiosos
1894 2625 2017 2682 illos

422 2735 488 2775 ac
525 2719 736 2790 judicio
755 2720 1010 2777 Ecclesia:
1033 2720 1286 2776 adulterii
1309 2719 1602 2776 damnatos
1639 2719 2016 2774 intellexisset.

422 2811 714 2875 Praeterea,
737 2820 796 2868 ut
827 2827 992 2884 quam
1015 2812 1254 2868 absurda
1286 2813 1359 2868 sit
1386 2813 1769 2884 jurisconsulti
1810 2820 2023 2868 senten-

424 2902 499 2955 tia
525 2900 834 2957 evidentius
852 2910 1112 2972 appareat
1138 2921 1152 2957 :
1183 2903 1227 2958 si
1253 2903 1306 2958 in
1334 2903 1426 2958 illo
1447 2901 1653 2958 Nicmni
1676 2902 1892 2958 concilii
1923 2916 2022 2958 ca~

423 3007 570 3049 none
597 2992 804 3064 digami
829 3003 982 3057 sunt,
1007 2995 1102 3065 qui
1124 3003 1318 3050 contra
1344 2994 1750 3050 ecclesiasticas
1776 2994 2018 3050 Sanctio-

424 3099 523 3139 nes
554 3123 572 3149 ,
607 3083 714 3140 hoc
753 3096 859 3152 est,
907 3094 966 3140 ut
1003 3085 1118 3156 ipse
1167 3101 1292 3140 cum
1335 3084 1672 3140 Calvinianis
1717 3083 2019 3149 existimat,

425 3177 562 3233 citra
612 3192 838 3246 causam
886 3177 1160 3242 adulterii,
1205 3177 1278 3232 ob
1328 3193 1422 3233 eas
1454 3191 1677 3242 causas,
1709 3175 1777 3230 de
1817 3175 2020 3246 quibus

423 3270 720 3327 divortium
753 3270 938 3326 saeculi
975 3270 1121 3344 leges
1158 3269 1459 3340 indulgent,
1493 3268 1780 3339 repudiata
1813 3268 2017 3338 priore,
2047 3248 2091 3307 C

403 3364 652 3432 alteram
714 3363 820 3420 sibi
875 3363 1164 3433 conjugcm
1223 3363 1520 3432 asciscunt,
1580 3377 1689 3416 non
1735 3360 1841 3416 alia
1887 3369 2021 3430 puto

424 3457 741 3515 conditione
767 3455 1105 3513 Novatianos
1136 3458 1202 3512 ad
1221 3458 1555 3528 jnngendam
1586 3471 1712 3511 cum
1742 3456 1849 3511 illis
1875 3470 2022 3511 com-

425 3551 744 3606 munionem
801 3550 1000 3621 coegit.
1049 3566 1216 3621 quam
1263 3558 1322 3605 ut
1389 3550 1658 3606 dissoluto
1717 3550 2022 3621 posteriore

423 3643 518 3697 illo
544 3643 838 3714 conjugio,
871 3643 1228 3698 foedissimam
1267 3643 1414 3697 illam
1448 3643 1719 3697 maculam
1752 3643 2021 3712 pmniten-

426 3736 500 3790 tia
538 3736 829 3792 diluerent.
859 3736 1024 3807 Atqui
1057 3751 1166 3790 non
1198 3737 1371 3806 magis
1402 3745 1461 3790 ut
1485 3751 1610 3791 cum
1639 3735 1742 3790 hoc
1769 3745 2022 3806 peccato-

424 3845 550 3885 rum
577 3845 796 3901 genere,
827 3837 951 3900 post
973 3829 1380 3900 pamitentiam,
1407 3844 1572 3899 quam
1605 3841 1664 3882 ut
1703 3844 1829 3883 cum
1857 3837 2019 3884 caete-

426 3923 508 3977 ris
561 3922 1036 3977 eomnnnicarent
1090 3922 1382 3988 omnibus,
1443 3921 1528 3976 lex
1577 3921 1681 3977 ista
1730 3921 2022 3993 cautioque

425 4012 559 4068 ﬁerri
593 4010 913 4068 Novatianis
952 4011 1159 4068 debuit.
1196 4010 1315 4066 Non
1350 4012 1497 4066 enim
1528 4012 1801 4082 ejusmodi
1841 4012 2018 4068 solum

427 4105 704 4176 digamos,
721 4105 825 4160 sed
856 4120 1217 4176 quoscunque
1268 4103 1451 4159 delicti
1487 4104 1760 4175 gravioris
1794 4119 1918 4161 reos
1951 4105 2021 4161 ab

427 4198 578 4253 omni
601 4213 699 4268 spe
721 4197 1128 4254 communionis
1176 4199 1548 4254 excluserant.
1594 4196 1709 4254 Cur
1747 4198 1911 4270 igitur
1953 4199 2022 4255 de

425 4292 663 4363 digamis
700 4291 832 4360 illis,
878 4292 1067 4362 utique
1121 4291 1338 4348 nonnisi
1389 4303 1512 4363 post
1547 4292 1926 4362 pmnitentiam
1966 4301 2022 4348 et

423 4385 604 4440 illiciti
648 4384 889 4458 conjugii
939 4383 1356 4454 diremptionem
1400 4385 1772 4452 admittendis,
1820 4385 2021 4441 diserte

425 4477 861 4549 nominatimque
915 4475 1135 4533 Nicmna
1177 4476 1420 4548 synodus
1466 4488 1754 4548 exceptum
1816 4476 2020 4532 voluit?

425 4569 592 4635 Quid,
624 4568 872 4639 inquam,
907 4569 960 4623 in
995 4568 1090 4623 illo
1133 4567 1383 4623 criminis
1433 4569 1794 4640 adulteriiquc
1821 4585 2019 4641 genere

425 4663 608 4718 inesse
651 4671 831 4732 potest
869 4660 1137 4733 mysterii,
1181 4671 1387 4718 ntcum
1444 4661 1534 4727 iis,
1569 4662 1666 4732 qui
1715 4663 2016 4732 negandam

427 4754 665 4822 peccatis
689 4755 948 4810 omnibus
974 4754 1338 4810 atrocioribus
1367 4754 1744 4823 paenitentiam
1771 4769 2020 4809 commn—

427 4849 756 4917 nionenzque
785 4857 1136 4914 censuerant,
1182 4846 1385 4904 Nicmni
1432 4845 1625 4903 Patres
1659 4847 1728 4901 de
1769 4863 1879 4902 uno
1926 4847 2020 4902 illo

427 4938 798 5008 stipulentur?
826 4939 963 4996 Nam
992 4939 1139 5010 quod
1171 4955 1340 4993 unum
1376 4937 1573 4994 all‘erre
1603 4945 1801 5008 potest,
1834 4939 2018 4993 smeuli

425 5034 642 5105 legibus
667 5033 914 5088 adulterii
949 5049 1121 5102 genus
1153 5033 1284 5086 illud
1322 5031 1493 5087 fuisse
1521 5044 1870 5098 concessum,
1898 5030 2020 5086 ideo

423 5132 768 5182 momenth
824 5124 987 5180 habet
1035 5123 1268 5189 nullum,
1323 5123 1624 5193 quoniam,
1678 5133 1738 5176 ut
1791 5121 2022 5191 ipsemet

423 5218 644 5286 asserit,
673 5232 956 5288 nunquam
980 5217 1034 5272 id
1073 5216 1332 5273 Ecclesia:
1367 5215 1682 5286 persuaderi
1731 5213 1932 5285 potuit,
1961 5223 2021 5269 ut

422 5313 645 5368 divortii
679 5326 878 5368 causas
905 5311 1028 5365 illas
1063 5311 1412 5381 approbaret,
1447 5319 1542 5364 aut
1579 5309 1734 5364 aliter
1763 5307 1830 5362 de
1863 5307 2018 5377 diga-

424 5407 532 5462 inis
559 5405 682 5463 istis
711 5420 877 5476 quam
906 5404 976 5460 de
1005 5403 1269 5460 adulteris
1295 5411 1576 5457 statueret.
1610 5400 1791 5468 Quare
1824 5398 2016 5454 eadem

424 5497 647 5564 horum,
685 5513 811 5568 quae
864 5507 920 5554 et
975 5497 1349 5553 adulterorum
1393 5503 1738 5557 cancrorum,
1783 5502 1839 5547 et
1870 5492 2018 5562 quod

424 5589 492 5642 ad
525 5587 962 5644 Novatiauorum
989 5587 1268 5658 negotium
1298 5593 1532 5655 spectat,
1567 5599 1733 5654 quam
1766 5594 2018 5652 peceato-

425 5696 547 5736 rum
581 5681 828 5736 omnium
856 5681 999 5736 ratio
1033 5679 1221 5736 haberi
1251 5696 1280 5733 a
1306 5677 1562 5735 Pattibus
1590 5677 1796 5733 debuit.
1830 5677 2018 5747 Itaque

426 5774 656 5829 dubium
690 5775 899 5830 nullum
933 5784 1036 5840 est,
1075 5776 1208 5846 quin
1255 5774 1518 5828 adversus
1550 5773 1893 5842 digamorum
1923 5787 2017 5840 ge-

432 5879 535 5921 nus
569 5866 790 5920 tertium
821 5881 853 5920 a
882 5866 1157 5922 veteribus
1191 5865 1439 5922 conciliis
1463 5863 1793 5920 severitatis
1839 5863 2014 5919 aculei

2128 623 2331 694 aliique
2363 623 2688 693 interpretes
2725 638 2964 679 canones
2993 623 3114 681 illos
3137 626 3431 696 esplicant.

2195 713 2316 770 Col.
2329 713 2435 769 εει
2451 712 2513 770 Β,
2527 714 2799 784 Στεφάνη
2813 714 2882 768 δὲ
2890 716 3118 770 τούτων
3127 715 3392 780 πάντων,
3404 716 3694 782 ὠςεὶπεῖν.

2128 804 2204 860 De
2227 805 2550 861 clericorum
2574 807 2906 862 continentia
2932 822 2994 863 ac
3019 807 3210 863 cmlibe
3239 808 3351 862 vita
3371 807 3595 864 illustris
3616 809 3697 864 hie

2126 893 2415 964 Epiphanii
2445 896 2598 951 locus
2627 905 2732 950 est.
2781 893 2889 952 Sed
2934 896 2989 950 in
3025 895 3391 952 Catharorum
3423 899 3614 954 haeresi
3635 899 3698 954 59

2125 1005 2281 1043 num.
2312 990 2347 1044 4
2376 990 2534 1060 longe
2564 990 2809 1060 apertius
2866 990 3336 1061 atqueinsignius
3369 992 3698 1046 ecclesiastio

2125 1096 2246 1136 cam
2281 1081 2384 1136 hac
2416 1081 2470 1136 in
2508 1097 2565 1137 re
2592 1083 3046 1138 consuetudinem
3073 1085 3348 1153 exposuit.
3379 1083 3545 1138 Docet
3560 1085 3699 1138 enim

2128 1171 2400 1243 inprimis
2431 1173 2778 1244 episcopum,
2814 1182 2911 1228 aut
2938 1174 3341 1246 presbyterum,
3384 1184 3478 1230 aut
3523 1176 3699 1230 diaco-

2124 1281 2257 1320 num
2281 1280 2346 1321 ex
2372 1266 2608 1337 digamis
2633 1267 2878 1322 ordinari
2902 1267 3199 1323 nemiuem.
3223 1265 3361 1322 Tum
3388 1283 3562 1339 neque
3583 1269 3698 1332 hos,

2124 1371 2304 1427 neque
2334 1356 2740 1414 subdiaconum
2797 1357 2956 1413 aliter
3010 1360 3348 1424 consecrari,
3407 1373 3572 1429 quam
3621 1357 3703 1414 vel

2123 1449 2328 1519 priore,
2377 1463 2552 1520 eaque
2599 1449 2787 1512 unica,
2827 1449 3062 1522 conjuge
3088 1457 3329 1518 mortua,
3355 1451 3439 1506 vel
3469 1451 3539 1506 ab
3557 1451 3701 1522 ejus-

2122 1541 2247 1597 dem
2281 1541 2510 1597 viventis
2549 1541 2831 1597 consortio
2873 1557 2938 1597 ac
2966 1543 3366 1599 consuetudine
3395 1543 3699 1610 distractos,

2125 1633 2230 1688 nisi
2259 1634 2497 1704 virgines
2535 1635 2765 1690 omnino
2808 1635 2954 1690 sint:
2989 1636 3292 1704 praesertim
3327 1635 3422 1691 ubi
3447 1636 3702 1692 ecclesia-

2123 1725 2246 1781 stici
2270 1741 2514 1782 canones
2539 1737 2800 1782 accurate
2834 1736 3154 1795 servantur;
3182 1742 3310 1782 nam
3333 1727 3558 1798 quodin
3585 1727 3702 1798 qui-

2125 1816 2358 1872 busdam
2398 1817 2534 1874 locis
2592 1818 2918 1889 presbyteri,
2953 1818 3170 1875 diaconi
3203 1831 3258 1874 et
3291 1819 3614 1875 subdiaconi
3650 1819 3703 1872 lio

2123 1909 2288 1965 heros
2328 1909 2510 1966 adhuc
2548 1909 2890 1980 suscipiant,
2942 1910 2994 1964 id
3044 1909 3312 1968 abusione
3359 1910 3594 1981 quadam
3641 1924 3703 1964 ac

2121 2001 2424 2073 disciplinae
2475 2003 2787 2073 corruptela
2835 2002 2983 2069 tleri;
3031 2011 3129 2057 aut
3173 2017 3304 2058 vero
3359 2002 3698 2066 necessitate,

2125 2095 2218 2151 ubi
2254 2110 2353 2166 pro
2389 2095 2595 2166 ingenti
2631 2095 2962 2166 populorum
3013 2093 3384 2162 multitudine,
3427 2095 3703 2150 ministro-

2125 2207 2248 2246 rum
2279 2191 2435 2260 copia
2468 2205 2578 2246 non
2613 2188 2889 2261 suppetis;
2927 2203 3052 2244 nam
3089 2188 3293 2256 alioqui
3327 2187 3587 2245 Ecclesiae
3619 2189 3704 2244 de-

2122 2291 2274 2338 creto
2327 2282 2657 2338 clericorum
2695 2283 2983 2338 ordinibus
3029 2281 3153 2338 istis
3198 2281 3537 2338 continentia
3573 2295 3705 2351 pra-

2122 2377 2388 2433 scribitur
2419 2391 2567 2447 :qua
2612 2375 2903 2447 Epiphanii
2943 2376 3270 2431 auctoritate
3309 2374 3455 2429 nulla
3491 2384 3587 2430 aut
3618 2389 3705 2428 ex-

2121 2469 2386 2539 pressior,
2437 2477 2535 2523 aut
2585 2467 2827 2525 sanctior
2859 2467 3048 2522 haberi
3077 2475 3278 2536 potest.
3329 2463 3468 2520 Huic
3498 2479 3596 2534 par
3625 2473 3705 2519 est

2122 2575 2189 2615 ac
2216 2560 2497 2631 geminum
2531 2557 2850 2631 Hieronymi
2879 2558 3254 2614 testimonium
3281 2558 3414 2613 illud
3440 2556 3704 2612 adversus

2123 2649 2504 2724 Vigilantium,
2537 2651 2655 2723 qui,
2692 2660 2755 2706 ut
2787 2651 2892 2706 hoc
2921 2643 3167 2720 tempore
3211 2659 3484 2705 nostrates
3534 2649 3703 2702 haere-

2125 2744 2240 2810 tici,
2292 2744 2622 2799 clericorum
2680 2741 3063 2799 castimoniam
3127 2743 3498 2812 oppugnabat.
3567 2739 3703 2807 Quid

2125 2836 2348 2904 facient,
2387 2834 2585 2906 inquit,
2623 2832 2858 2888 Orientis
2892 2831 3190 2904 Ecclesiw?
3235 2831 3378 2898 Quid
3407 2831 3631 2903 zEggpti
3658 2839 3705 2884 et

2121 2926 2261 2980 sedis
2292 2924 2620 2995 apostolica,
2651 2939 2770 2995 qua:
2807 2933 2899 2977 aut
2925 2923 3153 2993 virgines
3175 2923 3390 2976 clericos
3418 2923 3703 2992 accipiunt,

2125 3029 2219 3075 aut
2249 3021 2593 3085 continentes,
2620 3028 2693 3084 et,
2733 3018 2780 3072 si
2827 3033 3016 3072 uxores
3063 3017 3364 3080 habuerint,
3395 3017 3582 3069 mariti
3602 3030 3705 3070 esse

2121 3114 2440 3170 desierunt?
2473 3113 2652 3185 Atque
2688 3113 2795 3168 hoc
2823 3111 3044 3182 quidem
3079 3110 3166 3164 vel
3197 3107 3702 3165 recentiores.er

2124 3213 2235 3268 culi
2271 3209 2534 3276 fatentur,
2583 3215 2710 3280 post
2756 3215 3043 3282 susceptos
3091 3217 3280 3262 sacros
3328 3202 3450 3259 illos
3488 3202 3705 3258 ordines

2125 3316 2356 3358 uxorem
2383 3301 2591 3356 nemini
2619 3300 2821 3355 ducere
2851 3297 3092 3352 licuisse.
3111 3294 3267 3362 Quod
3288 3295 3355 3350 ad
3377 3308 3507 3350 can.
3528 3303 3703 3365 apost.

2120 3395 2214 3461 26,
2249 3393 2504 3450 Balsamo
2541 3401 2598 3448 et
2625 3390 2871 3447 Zonaras
2902 3395 3235 3462 agnoscunt.
3269 3387 3516 3443 Canouis
3549 3385 3705 3441 verba

2124 3497 2256 3546 sunt
2286 3510 2298 3545 :
2335 3486 2459 3542 Τῶν
2490 3488 2572 3551 εἰς
2605 3486 2810 3558 κλῆρον
2839 3482 3214 3557 προελθόντων
3238 3481 3466 3552 ἀγάμων
3492 3476 3706 3533 κελεύοι

2127 3597 2227 3651 μεν
2281 3579 2642 3652 βουλομένους
2686 3579 2886 3648 γαμεῖν
2932 3573 3309 3644 ἀναγνώστας,
3359 3573 3452 3626 καί
3501 3571 3705 3642 eaea;

2126 3674 2342 3744 μόνους.
2394 3672 2477 3727 Ad
2526 3686 2651 3741 quae
2679 3668 2934 3724 Balsamo
2966 3666 3114 3723 istud
3136 3667 3391 3723 observat
3417 3683 3432 3719 :
3463 3674 3594 3720 ante
3619 3678 3703 3718 or-

2122 3767 2459 3822 dinationem
2489 3763 2862 3835 presbyteros,
2896 3761 3160 3817 diaconos
3192 3768 3247 3814 et
3297 3757 3705 3830 hypodiaconos

2123 3858 2381 3929 copulare
2407 3857 2647 3928 nuptias,
2681 3864 2848 3927 atque
2878 3854 2955 3910 ita
2986 3852 3230 3909 ordinari
3262 3849 3508 3922 potuisse
3543 3868 3556 3904 :
3588 3855 3705 3918 post

2123 3950 2550 4018 ordinationem,
2602 3947 2738 4004 solis
2792 3947 2896 4002 hoc
2939 3945 3236 4001 lectoribus
3288 3952 3344 3999 et
3389 3941 3704 3998 cantoribus

2124 4044 2422 4100 indultum.
2453 4043 2617 4099 Addit
2651 4041 2922 4109 Zonaras,
2951 4051 3080 4097 ante
3112 4035 3516 4096 ordinationem
3551 4034 3705 4088 inter-

2124 4133 2305 4203 rogari
2350 4133 2723 4204 presbyteros,
2756 4130 3022 4186 diaconos
3075 4137 3131 4184 et
3169 4126 3601 4200 hypodiaconos,
3636 4135 3700 4175 an

2122 4223 2466 4280 continenter
2513 4231 2569 4278 et
2614 4228 2766 4277 caste
2798 4221 2999 4277 vellent
3030 4221 3233 4275 vivere.
3266 4217 3424 4286 Quod
3461 4217 3509 4272 si
3543 4229 3703 4284 nega-

2123 4316 2322 4380 verint,
2355 4313 2600 4385 permitti
2633 4321 2694 4368 ut
2721 4322 2849 4368 ante
2877 4312 3349 4369 consecrationem
3382 4324 3584 4364 uxores
3614 4307 3702 4361 du-

2121 4417 2269 4464 cant.
2307 4404 2452 4461 Sane
2500 4406 2556 4461 in
2586 4407 2905 4476 Ancyrano,
2956 4419 3082 4460 can.
3131 4402 3219 4469 10,
3236 4403 3304 4457 de
3348 4400 3596 4456 diacouis
3633 4399 3701 4452 ita

2121 4501 2398 4558 sancitum
2435 4499 2656 4570 legitur,
2688 4508 2750 4554 ut
2778 4497 2875 4568 qui
2903 4498 3025 4568 ipso
3045 4494 3411 4552 ordinationis
3439 4509 3552 4549 sua:
3581 4503 3704 4548 tetu-

2051 4597 2094 4652 D
2127 4607 2258 4663 pore
2301 4590 2597 4647 contestati
2645 4590 2775 4655 sint,
2824 4604 2883 4644 se
2921 4587 3126 4658 nuptiis
3156 4601 3346 4642 carere
3377 4601 3484 4639 non
3523 4597 3698 4655 posse,

2126 4683 2362 4755 ideoque
2386 4691 2512 4754 post.
2537 4681 2938 4738 ordinationem
2970 4694 3172 4734 uxores
3190 4677 3469 4743 duxerint,
3498 4678 3566 4732 de
3597 4685 3704 4730 sta-

2122 4783 2181 4828 tu
2212 4787 2317 4829 suo
2351 4788 2461 4827 non
2491 4772 2897 4835 dioveantur,
2939 4771 3084 4840 quod
3118 4770 3188 4823 ah
3221 4771 3477 4839 episcopo
3509 4768 3563 4823 id
3601 4767 3701 4822 illis

2121 4878 2447 4920 concessum
2476 4861 2641 4917 fuerit
2669 4878 2682 4915 :
2712 4858 2888 4913 Τοῦτο
2925 4861 3004 4926 δὲ,
3046 4859 3100 4912 εἴ
3133 4876 3279 4923 τινες
3308 4860 3700 4931 σιωπήσαντες,

2122 4956 2218 5010 καὶ
2251 4953 2680 5024 καταδεξάμενον.
2721 4954 2780 5007 ὲν
2821 4955 2889 5024 τῇ
2939 4950 3244 5022 χειροτονίᾳ
3285 4950 3466 5023 μένειν
3505 4949 3701 5011 οὕτως,

2125 5049 2264 5122 μετὰ
2292 5049 2466 5104 ταῦτα
2487 5043 2652 5118 ἦλθον
2683 5046 2777 5099 ἐπὶ
2803 5045 3003 5117 γάμον,
3044 5044 3357 5098 πεπαῦσθαι
3386 5044 3578 5106 αὐτοὺς
3605 5043 3699 5112 τῆς

2119 5139 2416 5203 διακονίας.
2457 5138 2576 5193 Hoc
2610 5155 2751 5202 vero,
2799 5137 3000 5208 inquit,
3035 5139 3083 5192 si
3125 5139 3215 5207 qui
3251 5139 3387 5207 forte
3422 5139 3698 5198 tacuerint,

2118 5243 2169 5289 et
2195 5236 2249 5288 in
2273 5232 2608 5287 ordinatione
2637 5247 2942 5302 permanere
2977 5233 3030 5285 in
3061 5231 3174 5300 ipso
3199 5231 3566 5300 (continentia:
3595 5231 3700 5284 sci-

2121 5325 2268 5396 licet)
2298 5335 2442 5379 statu
2469 5324 2848 5390 consenserint,
2879 5340 2998 5377 cum
3023 5323 3211 5377 deinde
3233 5326 3447 5393 nuptias
3470 5322 3692 5386 inierint,

2121 5437 2152 5472 a
2184 5420 2474 5471 diaconatu
2501 5416 2848 5487 repellantur.
2877 5414 2999 5482 Quo
3026 5431 3094 5470 ex
3125 5430 3337 5471 canone
3366 5414 3496 5470 illud
3526 5413 3696 5468 cvinci

2119 5518 2322 5582 potest,
2359 5510 2682 5565 clericorum
2737 5500 3034 5578 majorum,
3089 5509 3155 5564 ad
3203 5509 3466 5564 diaconos
3507 5507 3694 5561 saltem

2119 5618 2316 5674 usque,
2339 5603 2810 5660 consecrationem
2842 5603 3192 5673 implicitum,
3223 5613 3284 5658 ut
3317 5603 3487 5666 aiunt,
3514 5609 3693 5654 votum

2114 5699 2228 5769 jam
2259 5708 2371 5751 tum
2407 5696 2667 5752 habuisse
2693 5697 3076 5762 continentiae,
3104 5710 3231 5750 nam
3257 5710 3382 5750 cum
3421 5709 3536 5747 eam
3569 5705 3696 5746 eone

2120 5791 2384 5846 ditionem
2421 5789 2666 5860 apponit,
2709 5788 2762 5840 εἰ
2799 5806 2945 5852 τινες
2984 5789 3379 5860 σιωπήσαντες,
3409 5787 3499 5838 καὶ
3527 5798 3692 5837 κατα-

2121 5883 2403 5956 δεξάμενοι
2432 5885 2490 5938 ἐν
2519 5885 2586 5954 τῇ
2614 5881 2921 5955 χειροτονίᾳ
2951 5882 3133 5954 μένειν
3160 5879 3351 5945 οὓτως,
3387 5875 3572 5948 procul
3591 5875 3691 5929 tiu-
