4064 6426
467 433 608 490 1077

1249 420 1339 476 DE
1374 411 1757 475 VETER‘IBUS
1797 405 2201 479 QUIBUSDAM
2240 403 2598 461 ECGLESHS
2637 399 2961 458 RITIBUS.‘

3602 397 3736 453 ιοπς

468 551 560 606 bio
589 545 881 616 signiﬁcat,
905 553 1028 596 cum
1053 537 1398 594 ordinatione
1424 535 1538 604 ipsa
1562 531 1895 601 implicatam
1926 539 2050 581 esse
2080 525 2127 583 Α
2153 537 2330 589 canes,
2387 521 2757 585 subdiacones,
2812 522 2886 574 vel
2933 518 3195 587 deinrcps,
3248 517 3440 588 quibus
3513 518 3742 573 ducendi

469 644 692 699 tacitam
743 633 1083 694 castimoniae
1128 632 1326 703 legem,
1376 643 1495 699 qua:
1537 625 1756 681 nonnisi
1791 626 2053 689 concepta

467 733 798 790 nominatim
819 724 1221 786 contestatione
1239 720 1471 778 devitari
1496 726 1698 789 posset.
1728 711 2054 784 Cujusmodi

468 836 526 882 et
552 827 607 880 in
642 817 958 894 episcopatu
989 815 1340 888 suscipiendo
1377 813 1546 868 fuisse
1574 826 1640 864 ex
1674 807 1890 880 Syncsii
1921 819 2057 859 cau-

470 918 685 973 satione
710 915 900 984 liquet,
926 912 1020 982 qui
1048 911 1207 980 epist.
1228 907 1486 971 {05,cum
1517 921 1546 960 a
1570 899 2058 960 Ptolemmensibus

472 1011 532 1067 in
565 1009 880 1078 episcopum
913 1011 1248 1075 posceretur,
1283 998 1580 1070 praedicere
1632 1010 1694 1052 se
1745 1010 1812 1050 ac
1868 990 2060 1048 testari

473 1097 624 1154 istud
656 1103 957 1161 asseverat,
1000 1092 1141 1148 nolle
1190 1106 1223 1146 a
1259 1089 1493 1160 conjuge
1539 1084 1801 1157 separari.
1845 1082 1951 1138 Sed
1993 1080 2063 1136 de

473 1187 752 1261 episcopis
781 1186 1008 1243 ridicule
1039 1199 1070 1240 a
1095 1183 1302 1240 Grzecis
1326 1180 1606 1237 hodiernis
1629 1178 1919 1248 excipitur,
1947 1175 2065 1246 qui-

476 1285 586 1339 bus
614 1281 748 1338 solis
783 1279 991 1350 nuptiis
1040 1275 1392 1332 interdicunt.
1438 1273 1547 1329 Nec
1593 1273 1778 1326 minus
1812 1271 1992 1339 inepte
2024 1283 2064 1322 ιι

480 1375 704 1432 concilii
741 1372 1002 1442 Carthag.
1051 1385 1228 1426 canon
1288 1369 1378 1423 ille
1422 1368 1456 1422 5
1502 1365 1815 1437 accipitur:
1852 1361 2066 1417 Placuit

479 1470 772 1539 episcopos,
796 1476 843 1520 et
869 1466 1219 1536 presbyteros,
1238 1472 1287 1518 et
1325 1463 1600 1525 diaconos,
1634 1458 1923 1514 set-undam
1945 1473 2069 1526 pro-

480 1563 606 1632 priet
651 1560 744 1631 (al.
776 1559 986 1630 priora)
1033 1566 1237 1612 statuta
1274 1555 1437 1610 etiam
1483 1553 1548 1608 ab
1595 1551 1849 1607 uxoribus
1898 1551 2071 1606 conti-

483 1669 630 1719 nere,
673 1661 779 1708 etc.
835 1650 893 1705 In
944 1663 1057 1721 quo
1091 1663 1300 1704 canone
1344 1647 1672 1719 jampridem
1721 1644 1921 1700 eruditi
1969 1642 2071 1699 viri

478 1744 799 1802 Graecorum
828 1753 992 1813 atque
1023 1742 1405 1798 haereticorum
1428 1739 1702 1796 inscitiam
1731 1737 2070 1792 rel'ntarunt:

482 1844 542 1890 et
563 1834 906 1890 Balsamonis
941 1833 1237 1904 inprimis,
1270 1833 1364 1904 qui
1394 1830 1462 1887 ad
1496 1846 1621 1887 can.
1651 1831 1686 1885 4
1709 1829 1903 1902 synodi
1933 1828 2071 1883 Car-

483 1927 808 1996 thag.,qua3
843 1925 1081 1981 secunda
1133 1925 1296 1994 vulgo
1351 1932 1626 1985 censetur,
1684 1937 1858 1993 nugas
1893 1937 2072 1978 meras

481 2018 706 2085 eﬁ‘utiit.
744 2018 911 2088 Atqui
941 2032 1212 2073 canonum
1239 2031 1302 2072 ιιι
1344 2024 1398 2070 et
1425 2031 1479 2070 tv
1509 2015 1766 2086 Carthag.
1805 2013 1953 2068 illius
1979 2027 2072 2085 sy-

484 2109 650 2174 nodi,
697 2109 792 2179 qui
843 2109 914 2164 ab
954 2108 1249 2179 episcopis,
1304 2105 1642 2179 presbyteris
1721 2113 1776 2160 et
1823 2104 2073 2161 diaconis

487 2204 887 2260 continentiam
921 2205 1166 2273 exigunt,
1200 2213 1310 2257 tam
1340 2202 1547 2273 liquida
1573 2215 1946 2270 expressaque
1975 2214 2075 2254 au-
2129 2246 2136 2250 .

484 2296 719 2352 ctoritas
743 2304 847 2362 est,
879 2304 938 2351 ut
967 2294 1394 2352 ludiﬁcationem
1423 2311 1488 2350 ac
1517 2293 1702 2350 fucum
1738 2308 1957 2348 omnem
1989 2309 2078 2348 re-

485 2397 678 2458 spuat.
701 2385 910 2452 Placet,
940 2387 1118 2459 inquit
1137 2387 1394 2460 Carthag.
1425 2403 1464 2442 ιι
1488 2402 1690 2442 canon.
1713 2386 1769 2451 2,
1795 2397 1854 2439 ut
1883 2386 2078 2455 episco-

487 2482 567 2548 pi,
602 2478 896 2550 presbyteri
927 2490 975 2534 et
1006 2481 1244 2548 diaconi,
1295 2482 1371 2536 vel
1399 2481 1490 2551 qui
1517 2488 1852 2535 sacramenta
1877 2487 2079 2532 contre-

487 2581 662 2634 ctant,
691 2571 962 2641 pudicitia
992 2573 1252 2637 custodes,
1277 2574 1443 2627 etiam
1465 2573 1530 2626 ab
1554 2571 1807 2626 uxoribus
1833 2587 1886 2626 se
1905 2571 2077 2625 absti-

488 2671 671 2718 neant.
697 2663 772 2717 Ab
808 2665 1050 2720 omnibus
1074 2665 1278 2719 dictum
1304 2675 1417 2721 est:
1445 2665 1626 2719 Placet
1655 2676 1708 2720 ut
1745 2667 1800 2720 in
1835 2663 2078 2719 omnibus

488 2765 543 2809 et
578 2755 644 2808 ab
672 2757 916 2812 omnibus
945 2759 1206 2827 pudicitia
1235 2760 1588 2826 custodiatur,
1617 2759 1707 2829 qui
1724 2758 1888 2812 altari
1902 2757 2082 2812 deser-

490 2848 663 2903 vium.
686 2849 898 2904 Accidit
919 2859 972 2906 et
990 2850 1247 2907 Chalced.
1272 2868 1470 2908 canon.
1499 2853 1564 2907 14
1591 2872 1602 2906 :
1632 2851 1850 2922 Ἐπειδὴ
1869 2851 1924 2904 ἐν
1941 2867 2084 2904 τισιν

489 2940 789 3010 ἐπαρχίαις
825 2943 1245 3016 συγκεχώρηται
1269 2947 1382 3009 τοῖς
1417 2946 1796 3014 ἀναγνώσταις
1823 2944 1918 2998 καὶ
1947 2942 2085 3013 ψάλ-

493 3047 621 3094 ταις
648 3033 866 3102 γαμεῖν,
899 3032 1100 3104 ὥρισεν
1136 3037 1170 3103 ἡ
1203 3035 1336 3103 ἁγία
1375 3034 1611 3102 σύνοδος,
1647 3035 1722 3105 μὴ
1752 3032 1951 3098 ἐξεῖναί
1978 3049 2085 3085 τινι

493 3123 679 3179 αὐτῶν
711 3125 798 3177 ὲτε
808 3124 1016 3194 ρόδοξον
1037 3127 1271 3194 γυναῖκα
1301 3126 1620 3197 λαμϐάνειν.
1644 3125 1778 3180 Cum
1801 3126 1858 3178 in
1878 3124 2088 3194 quibus-

494 3217 627 3271 dam
655 3218 939 3290 provinciis
965 3234 1269 3272 concessum
1301 3219 1368 3272 sit
1395 3217 1680 3271 lectoribus
1705 3225 1754 3271 et
1777 3215 2084 3270 cantoribus
2113 3253 2160 3313 α

497 3327 693 3366 uxores
725 3311 936 3366 ducere.
964 3309 1081 3366 Non
1110 3311 1277 3382 igitur
1307 3310 1520 3366 caeteris
1552 3309 1754 3365 licebat
1775 3309 2084 3374 ordinibus,

496 3402 742 3458 maxime
792 3401 1183 3468 subdiaconis,
1230 3416 1295 3456 ac
1335 3416 1404 3457 ne
1439 3401 1728 3456 lectoribus
1773 3399 1992 3471 quidem
2035 3408 2092 3456 et

496 3493 821 3550 cantoribus
854 3494 1082 3565 ubique,
1126 3494 1219 3550 sed
1263 3495 1318 3548 in
1350 3494 1518 3549 certis
1557 3493 1824 3548 duntaxat
1864 3494 2091 3563 provin-

499 3583 626 3639 ciis.
675 3584 1003 3655 Quanquam
1043 3585 1111 3640 de
1155 3585 1529 3650 subdiaconis,
1584 3599 1695 3638 non
1745 3598 1813 3639 ex
1861 3583 2093 3639 canonis

503 3676 674 3755 ullius
716 3677 958 3742 decreto,
1000 3686 1060 3732 ut
1089 3679 1167 3732 ait
1195 3676 1557 3748 Epiphanius,
1609 3677 1704 3732 sed
1747 3692 1814 3730 ex
1849 3676 2092 3746 quadam

501 3769 844 3841 indulgentia
874 3778 928 3826 et
965 3771 1268 3842 οἰκονομίᾳ,
1310 3771 1602 3826 remissum
1627 3769 1924 3840 aliquando
1951 3769 2096 3824 vide-

502 3875 630 3929 tur;
657 3879 782 3919 nam
809 3873 864 3919 et
892 3864 1406 3936 Carthagincnsium
1435 3865 1796 3920 conciliorum
1828 3878 2094 3929 canones,

500 3957 710 4028 quibus
761 3957 965 4013 diserte
1016 3957 1356 4014 continentia
1412 3957 1746 4028 praecipitur,
1801 3957 2095 4028 episcopos

501 4048 778 4104 duntaxat
811 4057 866 4105 et
900 4050 1246 4121 presbyteros
1273 4065 1340 4106 ac
1363 4049 1624 4106 diaconos
1646 4049 1918 4120 complexi
1942 4057 2094 4104 sunt.

501 4140 983 4209 Quemadmodum
1013 4151 1064 4200 et
1093 4144 1414 4200 Arelatense
1455 4158 1513 4211 ιι,
1527 4159 1650 4198 can.
1684 4143 1718 4196 5
1751 4162 1764 4197 :
1794 4141 1854 4200 Si
1881 4145 2000 4213 quis
2031 4143 2097 4197 de

504 4234 719 4287 clericis
750 4251 783 4287 a
815 4237 987 4304 gradu
1011 4235 1330 4288 diaconatus
1369 4235 1426 4288 in
1458 4233 1653 4288 solatio
1687 4250 1784 4288 suo
1819 4235 2096 4288 mulierem

505 4337 703 4397 printer
732 4327 928 4393 aviam,
964 4336 1209 4390 matrem,
1246 4343 1501 4393 sororem,
1546 4326 1716 4395 filiam
1755 4335 1982 4396 neptem,
2019 4325 2096 4379 vel

505 4439 817 4477 conversam
870 4437 1046 4476 secum
1099 4437 1320 4475 uxorem
1368 4421 1556 4475 habere
1597 4421 2018 4490 prwsumpserit,
2062 4437 2096 4474 a

506 4516 882 4570 communione
911 4514 1119 4568 alienus
1154 4513 1443 4577 habeatur;
1469 4528 1594 4568 nam
1622 4529 1949 4568 conversam
1990 4528 2093 4582 ap-

2158 631 2349 670 uxores
2377 615 2596 669 licentia
2635 631 2736 668 non
2767 622 2866 675 est,
2911 613 3068 666 etiam
3102 613 3399 666 alienarum
3431 612 3744 680 nuptiarum
3795 651 3802 672 ι

2157 711 2350 765 evitent
2380 708 2670 763 consortia.
2699 706 2774 762 De
2802 707 2974 762 tribus
2997 706 3281 762 ordinibus
3305 705 3518 762 accedit
3545 714 3599 758 et
3621 720 3745 759 con.-

2158 803 2250 859 cil.
2273 802 2520 857 Eliberit.
2541 817 2666 857 can.
2698 801 2800 867 55;
2831 809 2885 854 et
2908 800 3163 870 Carthag.
3197 816 3258 864 ιι,
3290 816 3410 856 can.
3430 799 3486 861 2.
3514 809 3741 867 aposto-

2161 894 2319 950 licam
2364 894 2506 948 banc
2553 892 2952 948 institutionem
2991 906 3113 946 esse
3155 889 3427 961 signiﬁcat
3459 907 3472 944 :
3507 888 3572 943 Ut
3601 887 3742 959 quod

2161 984 2389 1054 apostoli
2419 989 2734 1049 docuerunt,
2774 983 2976 1053 inquit,
3014 993 3064 1036 et
3104 983 3220 1051 ipsa
3257 981 3482 1036 servavit
3511 981 3745 1049 antiqui.-

2164 1083 2270 1137 tas,
2299 1089 2392 1127 nos
2420 1089 2623 1143 quoque
2660 1073 3049 1127 custodiamus.
3095 1071 3220 1128 Htec
3259 1087 3359 1128 nos
3403 1087 3471 1128 ex
3513 1072 3743 1128 inﬁnitis

2164 1180 2360 1235 pauca,
2386 1180 2510 1234 qua:
2533 1165 2589 1218 in
2618 1165 2948 1219 adversariis
2975 1163 3288 1228 exstabant,
3321 1163 3389 1218 de
3417 1163 3761 1220 clericorum.

2166 1257 2416 1314 caelibatu
2445 1256 2758 1328 selegimus.
2793 1255 3004 1311 Caetera
3033 1257 3090 1310 in
3123 1255 3433 1310 Annalibus
3455 1255 3650 1310 ecclcs.
3679 1254 3748 1309 ad

2168 1366 2370 1406 annum
2405 1350 2476 1411 58
2507 1361 2620 1406 ιιιιιι
2649 1350 2720 1406 ab
2753 1350 2897 1414 aliis,
2932 1349 3027 1420 qui
3059 1349 3326 1404 adversus
3355 1346 3593 1402 haereses
3621 1345 3753 1402 scri.’

2167 1453 2416 1514 pserunt,
2439 1444 2507 1498 ad
2548 1443 2691 1498 idem
2723 1449 3106 1513 argumentum
3136 1441 3418 1511 disputata
3449 1440 3712 1510 reperies.

2239 1539 2357 1595 Col.
2373 1537 2477 1593 884
2495 1537 2553 1593 Β.
2575 1534 3094 1607 Δευτερόγαμονδὲ
3104 1537 3215 1588 οὐκ
3228 1535 3431 1595 ἔξεστι
3446 1534 3750 1604 δέχεσθαι.

2171 1631 2450 1702 Digamum
2463 1642 2570 1684 non
2586 1627 2760 1683 solum
2776 1625 2842 1681 ab
2855 1625 3148 1696 episcopali
3170 1621 3516 1688 tnunere,sed
3541 1627 3703 1682 etiam
3722 1642 3755 1681 α

2173 1723 2348 1778 sacris
2371 1723 2627 1780 omnibus
2661 1724 3240 1783 ordinibusexclusum
3256 1725 3429 1782 fuisse
3464 1725 3753 1789 perpetuo.

2105 1817 2116 1827 '
2175 1814 2271 1884 qui
2322 1815 2553 1885 probare
2589 1813 2738 1877 velit,
2773 1813 2820 1867 is
2851 1813 2964 1868 0tio
3008 1821 3065 1868 et
3096 1812 3285 1866 charta
3325 1811 3754 1881 intemperanter

2105 1887 2148 1943 Β
2177 1908 2455 1962 abutatur.
2476 1905 2555 1962 De
2583 1904 2854 1976 episcopis
2883 1904 3037 1960 locus
3057 1913 3141 1959 est
3166 1903 3411 1973 Apostoli
3438 1902 3462 1957 ι
3487 1901 3628 1958 Tim.
3655 1918 3714 1957 ιιι
3737 1920 3755 1957 :

2179 1999 2401 2068 Oportet
2435 1999 2740 2068 episcopum
2783 2012 2898 2052 esse
2943 1996 3100 2050 unius
3143 1995 3328 2048 uxoris
3365 1994 3576 2058 virum;
3610 1993 3762 2063 quod

2179 2093 2321 2147 idem
2360 2102 2415 2147 et
2441 2093 2510 2147 ad
2536 2091 2718 2145 Titum
2747 2105 2867 2160 cap.
2901 2106 2938 2156 I,
2964 2090 3016 2155 7,
3047 2089 3262 2160 repetit.
3289 2087 3501 2155 Quibus
3533 2088 3589 2142 in
3623 2085 3760 2142 locis

2180 2182 2341 2247 Beza,
2381 2190 2437 2236 et
2467 2180 2705 2236 haeretici
2737 2195 2946 2243 omnes,
2969 2179 3272 2249 praesertim
3301 2177 3586 2233 Molinteus
3616 2177 3666 2230 in
3690 2177 3761 2247 fiv-

2180 2277 2263 2332 dei
2295 2274 2486 2337 Scuto,
2555 2289 2766 2330 necnon
2814 2281 2869 2327 et
2898 2272 3330 2343 jurisconsultus
3363 2272 3453 2326 ille
3480 2286 3642 2341 supra
3675 2284 3765 2324 ro-

2180 2365 2387 2422 lutatus
2424 2381 2453 2421 a
2489 2367 2678 2432 nobis,
2710 2367 2777 2422 de
2812 2365 3048 2436 digamis
3092 2365 3199 2421 illis
3235 2365 3558 2436 Apostolum
3595 2365 3765 2418 inter-

2179 2466 2498 2529 pretantur,
2548 2457 2641 2528 qui
2693 2459 2829 2512 citra
2882 2457 3178 2528 legitimam
3224 2472 3481 2521 causam,
3525 2456 3630 2511 hoc
3681 2464 3770 2511 est

2182 2561 2373 2622 pra‘ter
2403 2552 2652 2607 adulterii
2685 2553 2924 2622 culpam,
2951 2553 3236 2622 repudiata
3269 2550 3503 2622 conjuge
3535 2549 3765 2604 alteram
3791 2585 3795 2590 -

2182 2647 2480 2703 duxissent.
2534 2645 2737 2702 Verum
2783 2646 2997 2701 tametsi
3048 2645 3372 2716 hoc_.ipsum
3422 2645 3768 2714 digamornm

2185 2754 2357 2808 genus
2386 2739 2578 2794 eodem
2611 2738 2858 2809 Apostoli
2886 2741 3106 2794 decreto
3131 2737 3639 2809 comprehenditur,
3673 2736 3772 2790 ab-

2187 2833 2574 2887 surdissimum
2613 2841 2796 2887 tamen
2823 2840 2942 2898 est,
2975 2848 3084 2886 non
3119 2846 3214 2887 eos
3245 2845 3466 2900 quoque
3501 2826 3772 2884 contineri

2188 2923 2428 2989 credere,
2461 2923 2556 2994 qui
2577 2963 2593 2990 ,
2626 2939 2798 2978 uxore
2829 2930 3071 2989 mortua,
3105 2922 3267 2977 aliam
3299 2919 3426 2988 sibi,
3459 2930 3513 2974 et
3550 2918 3776 2988 quidem

2189 3013 2520 3086 legitimam,
2552 3015 2842 3084 conjugem
2883 3013 3201 3069 asciverint.
3246 3010 3320 3065 De
3361 3025 3474 3081 quo
3527 3007 3777 3062 luculen-

2191 3107 2466 3161 tissimum
2490 3106 2596 3161 hoc
2619 3106 2674 3159 in
2702 3106 2823 3160 loco
2849 3105 3221 3160 testimonium
3247 3102 3418 3157 habes
3441 3098 3772 3170 Epiphanii:

2189 3215 2403 3256 necnon
2438 3207 2494 3255 et
2553 3199 2608 3253 in
2632 3197 2996 3253 Catbarorum
3030 3197 3224 3251 lunres.
3259 3193 3349 3259 59,
3381 3208 3538 3248 num.
3580 3191 3636 3256 4,
3679 3191 3773 3246 ubi

2192 3294 2394 3350 diserte
2431 3301 2592 3362 negat
2634 3307 2822 3348 sacros
2863 3291 2932 3345 ad
2973 3289 3193 3344 ordines
3231 3287 3384 3341 illum
3425 3285 3629 3355 recipi,
3679 3284 3778 3354 qui

2192 3387 2376 3458 priore
2407 3386 2640 3456 conjuge
2672 3394 2882 3440 mortua
2919 3385 3149 3438 alteram
3176 3381 3413 3436 duxerit.
3449 3377 3604 3445 Quod
3636 3379 3776 3433 adeo

2193 3496 2383 3536 verum
2412 3489 2515 3545 est,
2545 3489 2605 3534 ut
2628 3494 2696 3534 ne
2725 3477 2915 3532 Ariani
2953 3477 3174 3546 quidem
3208 3481 3403 3530 contra
3427 3485 3780 3527 communem

2195 3575 2341 3628 illam
2419 3578 2804 3644 receptamque
2887 3567 3342 3624 consuetudinem
3405 3563 3592 3620 venire
3655 3562 3779 3615 ausi

2197 3666 2420 3722 fuerint.
2452 3663 2591 3720 Nam
2635 3666 2690 3718 in
2727 3662 3106 3717 Ebionitarum
3150 3658 3348 3714 haeresi
3391 3655 3485 3722 50,
3535 3669 3689 3710 num.
3724 3654 3779 3720 5,

2194 3756 2468 3826 Josepbus
2495 3769 2703 3819 comes,
2738 3769 2864 3809 cum
2893 3751 3104 3818 Ariani,
3141 3760 3202 3806 ut
3226 3749 3294 3804 ad
3331 3755 3513 3819 partes
3545 3761 3677 3801 suas
3701 3744 3782 3799 εἱλ-

2198 3849 2312 3903 lum
2370 3849 2683 3914 traherent,
2726 3846 3104 3916 episcopatum
3141 3844 3208 3898 ei.
3240 3841 3660 3913 pollicerentur,
3715 3855 3784 3892 ne

2198 3941 2402 3997 invitus
2435 3942 2504 3996 ab
2536 3941 2644 3996 illis
2673 3940 3043 4004 ordinaretur,
3090 3936 3272 4007 priore
3311 3933 3539 4004 conjuge
3587 3929 3784 3986 dcfuu-

2198 4042 2318 4098 cta,
2349 4033 2619 4090 secundas
2654 4032 2876 4102 nuptias
2925 4030 3068 4084 iniit.
3120 4013 3607 4093 Quaesitum/olim
3659 4021 3786 4088 fuit,

2200 4135 2383 4178 utrum
2432 4127 2525 4194 qui
2572 4129 2698 4176 ante
2745 4119 3078 4190 baptismum
3129 4116 3419 4186 conjugem
3475 4112 3784 4180 habuisset,

2198 4217 2450 4286 digamus
2483 4214 2756 4286 ejusmodi
2781 4220 3121 4274 censeretur,
3153 4209 3245 4279 qui
3279 4209 3349 4262 ab
3394 4204 3786 4262 ecclesiasticis

2198 4308 2484 4364 ordinibus
2536 4316 2832 4362 arceretur.
2878 4305 2997 4373 Qua
3041 4303 3108 4358 de
3138 4318 3198 4358 re
3243 4315 3433 4372 parum
3483 4297 3785 4370 probabilis

2200 4401 2518 4472 Hieronymi
2556 4400 2823 4455 sententia
2858 4405 3039 4453 exstat
3083 4395 3140 4452 in
3171 4395 3345 4466 Epist.
3385 4393 3454 4447 ad
3486 4392 3783 4456 Oceanum,

2199 4511 2322 4566 qua:
2351 4503 2438 4550 est
2473 4494 2562 4548 85.
2608 4491 2710 4546 Cui
2756 4491 3028 4546 contraria
3079 4498 3164 4545 est
3219 4486 3508 4560 Augustini
3560 4485 3670 4540 lib.-
3708 4484 3787 4538 De

508 4607 698 4678 pellat,
719 4621 842 4677 quae
865 4614 1058 4675 Sponte
1081 4621 1140 4660 se
1174 4620 1206 4660 a
1223 4605 1324 4660 viri
1349 4603 1747 4660 consuetudine
1774 4576 2087 4673 segregarit1

2203 4588 2336 4642 bono
2362 4587 2633 4658 coniugii,
2646 4601 2769 4656 cap.
2797 4586 2885 4650 18,
2915 4585 3258 4652 aliorumque
3288 4581 3512 4635 Patrum
3551 4576 3782 4647 opinio:

510 4700 594 4756 uti
622 4714 833 4755 canone
868 4699 1191 4769 praecedenti
1227 4717 1240 4753 :
1279 4698 1492 4752 Assumi
1538 4696 1770 4767 aliquem
1814 4696 1882 4749 ad
1918 4713 2098 4750 sacer-

509 4793 720 4847 dotium
751 4808 854 4846 non
897 4808 1050 4862 posse
1081 4793 1138 4846 in
1169 4791 1379 4846 vinculo
1416 4791 1656 4862 conjugii
1705 4791 2094 4854 constitutum;

511 4885 621 4940 nisi
645 4884 906 4956 promissa
943 4888 1102 4953 fuerit
1129 4887 1422 4948 conversio,
1471 4900 1574 4936 non
1611 4891 1838 4952 oportet.
1868 4883 1938 4936 At
1968 4897 2102 4935 con-

508 4977 610 5033 cil.
646 4975 820 5030 Tolet.
857 4991 894 5041 I,
922 4991 1045 5030 can.
1070 4975 1122 5048 4,
1137 4976 1375 5032 decrevit
1404 4995 1416 5030 :
1455 4974 1524 5030 Ut
1566 4975 1920 5030 subdiaconus
1959 4990 2098 5028 uxo-

512 5085 626 5124 rem
657 5070 881 5124 alterum
924 5069 1117 5121 ducens
1157 5068 1300 5122 inter
1327 5068 1577 5121 ostiarius
1619 5067 1698 5120 vel
1749 5067 1970 5120 lectores
2004 5066 2101 5118 Ita-

515 5161 725 5215 beatur.
759 5159 985 5224 Quodsi
1016 5156 1231 5210 tertiam
1262 5157 1498 5224 duxerit,
1529 5157 1674 5227 quod
1697 5173 1789 5210 nec
1817 5155 2104 5208 dicendum

511 5263 618 5318 est,
658 5251 934 5306 abstentus
961 5250 1169 5305 biennio
1201 5259 1392 5321 postea
1424 5251 1562 5304 inter
1592 5247 1760 5302 laicos
1793 5249 2104 5304 reconcilia-

521 5355 610 5401 tus
642 5353 756 5415 post
788 5343 1149 5416 paenitentiam
1188 5343 1555 5397 communicet.
1611 5340 1693 5396 Ad
1725 5342 1841 5396 haec
1871 5339 2106 5398 Siricius

519 5451 662 5507 papa
696 5437 749 5490 in
775 5436 1024 5505 epistola,
1057 5449 1180 5505 qua:
1210 5435 1266 5489 in
1308 5431 1523 5490 Telensi
1553 5433 1791 5489 concilio
1823 5433 1961 5490 lecta
1996 5443 2102 5499 est,

518 5543 650 5584 can.
684 5531 756 5595 9;
801 5526 1148 5584 Innocentius
1194 5527 1358 5598 epist.
1425 5526 1480 5591 2,
1527 5541 1646 5596 cap.
1692 5525 1748 5594 9,
1773 5534 1828 5581 et
1852 5526 2013 5596 epist.
2045 5526 2102 5590 5,

526 5641 650 5696 cap.
675 5625 728 5692 l,
753 5623 1101 5694 presbyteros
1141 5621 1407 5676 duntaxat
1433 5630 1488 5676 et
1512 5621 1774 5676 diaconos
1802 5621 1952 5675 coire
1978 5635 2104 5675 cum

521 5719 792 5776 uxoribus
821 5718 1105 5789 prohibent
1128 5731 1390 5788 :quorum
1416 5715 1634 5770 decreta
1659 5714 1948 5770 conﬁrmat
1964 5714 2108 5784 Aga-

517 5812 718 5869 thense
752 5826 906 5867 conc.
953 5826 1076 5866 can.
1125 5810 1178 5864 9.
1227 5808 1384 5876 Quod
1420 5811 1599 5879 ipsum
1649 5820 1832 5864 tamen
1877 5822 2001 5862 can.
2036 5805 2106 5861 59

525 5901 895 5961 svbdiaconos
924 5905 1086 5960 etiam
1134 5900 1548 5974 comprehendit
1576 5920 1588 5959 :
1627 5899 1949 5970 Presbyteri,
1982 5899 2102 5954 dia-

2205 4681 2294 4736 cui
2332 4679 2704 4736 ecclesiastica
2747 4677 2988 4742 traditio,
3017 4691 3080 4731 ac
3147 4675 3487 4730 consuetudo
3526 4669 3788 4740 suifraga-

2207 4784 2312 4828 tur.
2345 4773 2462 4841 Qua
2489 4775 2554 4830 de
2579 4789 2638 4829 re
2673 4771 2940 4827 Valentini
2969 4769 3220 4836 concilii,
3239 4766 3387 4838 quod
3414 4765 3522 4822 sub
3549 4764 3787 4819 Damaso

2205 4869 2534 4924 celebratum
2585 4875 2672 4923 est
2694 4905 2711 4931 ,
2745 4879 2918 4921 canon
2952 4863 3163 4934 primus
3207 4863 3280 4916 ita
3317 4860 3508 4915 statuit
3537 4876 3550 4915 :
3592 4855 3683 4912 Uti
3711 4855 3818 4910 di-v

2205 4963 2348 5034 gami
2399 4977 2462 5015 ne
2494 4960 2806 5015 ordinentur
2833 4957 3054 5022 clerici,
3103 4955 3316 5009 etiamsi
3345 4951 3567 5023 gentiles
3615 4948 3790 5003 adhuc

2205 5059 2304 5110 hac
2337 5071 2390 5109 se
2418 5053 2648 5124 infelicis
2675 5051 2836 5107 sortis
2867 5051 3178 5104 necessitate
3211 5044 3613 5100 maculaverint.
3651 5040 3792 5096 Vide

2206 5152 2395 5205 lnnoc.
2424 5148 2463 5214 Ι,
2481 5147 2638 5217 epist.
2659 5145 2713 5210 2,
2730 5159 2780 5200 c.
2803 5143 2856 5198 6.
2875 5140 3016 5209 Quin
3034 5151 3089 5197 et
3117 5139 3372 5194 Zosimus
3401 5153 3538 5208 papa
3561 5133 3783 5204 epist..i

2205 5258 2314 5298 non
2344 5241 2505 5297 modo
2529 5239 2876 5308 episcopum,
2921 5242 3016 5289 aut
3043 5235 3335 5289 diaconum
3381 5246 3446 5285 ac
3501 5227 3789 5284 subdiaco-

2206 5349 2358 5399 num,
2391 5331 2485 5388 sed
2519 5345 2589 5385 ne
2618 5329 2879 5385 lectorem
2909 5325 3156 5396 quidem,
3183 5333 3278 5378 aut
3301 5320 3630 5377 cxorcistam
3665 5315 3784 5370 ﬁeri

2207 5427 2411 5498 patitur
2439 5438 2588 5490 eum,
2622 5421 2717 5493 qui
2745 5419 2922 5476 viduae
2953 5419 3024 5474 sit
3053 5417 3305 5472 maritus.
3340 5411 3524 5467 lledeo
3547 5409 3615 5464 ad
3646 5409 3789 5478 Apo-

2208 5519 2334 5576 stoli
2360 5519 2542 5573 locum
2571 5515 2722 5570 illum
2753 5511 2774 5566 l
2805 5513 2871 5567 ad
2896 5510 3153 5583 Τίιιιηιιι.
3187 5507 3384 5573 Quem,
3413 5505 3492 5558 uti
3516 5502 3650 5568 dixi,
3672 5516 3786 5554 non

2210 5610 2520 5682 negandum
2560 5616 2646 5664 est
2676 5607 2744 5662 ad
2779 5606 2903 5660 illos
2939 5604 3212 5674 pertinere
3250 5611 3474 5668 quoque
3507 5594 3783 5665 digamos,

2209 5707 2304 5777 qui
2347 5702 2630 5774 repudiata
2669 5712 2948 5769 utcunque
2975 5693 3208 5762 conjuge
3233 5705 3404 5745 novas
3450 5689 3668 5759 nuptias
3699 5703 3796 5741 co-

2211 5798 2456 5871 pularint
2487 5814 2501 5851 :
2538 5811 2648 5866 quo
2697 5807 2861 5850 sensu
2909 5790 3338 5859 Chrysostomus
3395 5783 3793 5854 interpretatus

2212 5904 2318 5961 est,
2363 5892 2454 5965 qui
2489 5901 2542 5950 ct
2578 5893 2691 5963 ipse
2725 5897 2904 5945 tamen
2937 5883 3161 5942 alterius
3186 5880 3530 5952 digamorum
3559 5873 3804 5949 generis,
