4064 6406
484 410 622 469 3079

1618 400 1960 462 APPENDIX
2015 405 2651 465 DlSSERTATIONUM.

3614 407 3741 464 ωδε)

477 545 532 589 et
563 532 786 603 quidem
816 545 1043 596 eorum,
1093 530 1186 600 qui
1235 539 1358 598 post
1404 529 1651 598 priorum
1686 530 1896 584 obitum
1931 530 2066 586 alias

2173 531 2438 602 ράκοντα,
2474 531 2570 584 καὶ
2598 527 2802 599 ταύτην
2845 527 2981 599 μετὰ
3010 527 3276 599 ἀκριϐοῦς
3297 525 3636 597 δοκιμασῐιις.
3671 527 3741 584 De

477 626 800 687 duxissent,
836 621 1108 677 meminit.
1143 620 1300 684 Τινὲς
1340 619 1425 683 δὲ,
1459 619 1669 690 inquit,
1705 621 1795 675 ἵνα
1837 623 1901 674 ἐκ
1938 623 2066 692 μιᾶς

475 715 735 786 γυναικός
763 711 828 787 ᾖ,
861 715 996 784 φασὶ
1023 712 1183 767 τοῦτο
1215 711 1489 784 εἰρῆσθαι.
1533 711 1765 778 Quidam
1808 713 1926 767 ideo
1979 714 2066 767 tli-

478 819 622 862 rtum
672 807 770 861 ltoc
801 807 866 860 ab
898 805 1153 876 Apostolo
1183 813 1414 871 censent,
1453 814 1510 858 ut
1551 804 1615 856 ab
1656 821 1765 857 una
1799 821 1963 860 uxore
1996 805 2067 860 sit

441 889 446 962 ,9
475 903 729 961 ltum-tua
788 898 999 954 scilicet
1032 898 1072 969 ).
1118 898 1335 953 Clarius
1366 899 1420 952 in
1457 897 1750 952 Comment.
1783 899 1852 951 ad
1889 897 2068 952 Titum

475 993 625 1047 hom.
656 991 712 1058 2,
739 992 830 1046 ubi
857 1006 1082 1047 causam
1125 990 1266 1049 hanc
1291 992 1604 1061 apostolicae
1656 991 1955 1045 sanctionis
1981 990 2067 1045 af-

477 1084 586 1140 fert
628 1103 641 1138 :
695 1084 756 1138 '0
803 1084 916 1156 γὰρ
961 1083 1100 1155 πρὸς
1135 1083 1232 1155 τὴν
1267 1083 1609 1137 ἀπελθοῦσαν
1653 1083 1924 1155 μηδεμίαν
1966 1102 2067 1154 φυ-

475 1176 644 1244 λάξας
698 1176 915 1231 εὔνοιαν
941 1219 956 1243 ,
1009 1177 1127 1241 πῶς
1180 1178 1246 1232 ἂν
1295 1173 1448 1241 οὗτος
1492 1177 1703 1245 γένοιτο
1754 1178 2067 1248 προστάτης

476 1271 678 1336 καλός;
723 1269 829 1335 Qui
873 1271 1136 1340 defunctte
1194 1272 1349 1324 uxori
1399 1270 1806 1324 benevolentiam
1860 1270 2064 1323 nullam

477 1377 712 1416 servasse
741 1362 1150 1432 deprehenditur
1174 1403 1187 1426 ,
1224 1377 1450 1433 quonam
1494 1372 1651 1430 pacto
1683 1364 1766 1416 hic
1811 1359 2067 1417 Ecclesia:

477 1471 700 1524 praeesse
755 1456 997 1525 poterit?
1051 1455 1424 1510 Ἀπελθοῦσαν
1473 1456 1707 1526 appellat
1754 1465 2063 1524 mortuam,

474 1565 586 1603 non
621 1565 768 1612 eam,
802 1564 924 1619 quae
964 1552 1242 1619 repudiata
1267 1550 1513 1605 discessit
1552 1592 1564 1614 ,
1605 1559 1663 1604 ut
1696 1549 1946 1620 imperite
1974 1549 2066 1619 ju-

477 1641 846 1697 risconsultus
882 1642 1079 1708 vertit;
1128 1657 1254 1696 nam
1305 1652 1358 1698 et
1400 1643 1544 1712 apud
1595 1642 2064 1714 'l‘heOphyIaetnm

474 1731 666 1785 eadem
697 1731 1076 1803 Cbrysostomi
1109 1734 1275 1789 verba
1311 1734 1384 1789 ita
1414 1735 1718 1789 redduntur
1747 1753 1759 1788 :
1796 1733 1901 1799 Qui
1926 1735 2066 1788 enim

475 1820 684 1874 nullam
725 1824 952 1876 servavit
999 1823 1412 1878 benevolentiam
1445 1842 1570 1896 erga
1609 1841 1762 1891 eam,
1808 1842 1926 1896 qua:
1974 1827 2065 1879 ob—
2107 1811 2118 1820 ’

2171 639 2239 678 x1.
2274 622 2436 679 annis
2459 623 2602 677 idem
2624 621 2934 692 Agathense
2959 620 3200 675 decrevit
3223 635 3350 676 can.
3389 619 3474 674 l9.
3507 620 3740 688 lgnatius

2168 718 2330 786 epist.
2364 715 2399 770 9
2427 731 2441 766 :
2488 714 2833 786 Ἀσπάζομαι
2871 714 2970 778 τὰς
3000 713 3275 786 φρουροὺς
3302 713 3412 767 τῶν
3453 713 3619 780 ἁγίων
3652 730 3740 764 πυ-

2169 809 2376 874 λώνων,
2413 809 2513 872 τὰς
2558 810 2616 861 ὲν
2655 807 2877 880 Χριστῷ
2902 807 3203 872 διακόνους.
3239 805 3560 877 Epaunense
3590 819 3742 874 porro

2168 917 2294 957 can.
2342 901 2404 955 2|
2467 900 2812 956 diaconissas
2856 900 3118 956 sustulit:
3175 897 3499 962 Viduarum,
3539 897 3738 966 inquit,

2169 995 2616 1050 consecrationem
2637 1034 2652 1059 ,
2699 1010 2832 1064 quas
2858 995 3113 1048 diaconos
3142 1001 3328 1048 uocant
3348 1032 3363 1052 .
3394 991 3460 1046 ab
3491 991 3632 1045 omni
3665 1007 3741 1045 re-

2169 1089 2320 1158 gione
2351 1098 2535 1141 nostra
2567 1086 2777 1156 penitus
2805 1085 3149 1156 abrogatum,
3181 1083 3352 1137 solum
3389 1083 3468 1138 eis
3495 1082 3742 1148 paeniten-

2171 1181 2260 1232 tite
2285 1177 2698 1232 benedictionem
2720 1215 2735 1240 ,
2769 1176 2816 1230 si
2844 1175 3074 1230 conuerti
3107 1173 3345 1228 ambiunt
3368 1171 3740 1242 ,,imponendo.

2170 1270 2284 1324 lmo
2328 1277 2384 1324 et
2436 1269 2804 1324 Laodicenum
2854 1283 2924 1323 ex
2967 1282 3032 1322 ea
3076 1275 3230 1336 parte
3272 1265 3500 1327 saltem.
3539 1272 3602 1318 ut
3628 1263 3744 1318 aliis

2168 1363 2496 1419 mulieribus
2527 1362 2752 1417 minime
2778 1368 3097 1431 praeessent,
3126 1374 3227 1413 nec
3251 1372 3444 1413 earum
3472 1355 3744 1412 docenda-

2169 1472 2288 1510 rum
2318 1471 2520 1511 munus
2550 1461 2905 1524 usurparent,
2936 1463 2996 1508 ut
3022 1452 3270 1507 Zonaras
3296 1460 3350 1506 et
3378 1450 3636 1506 Balsamo
3656 1449 3744 1504 de-

2167 1552 2382 1605 clarant
2404 1551 2469 1604 ad
2501 1564 2623 1605 can.
2658 1549 2742 1602 ti.
2779 1547 2950 1618 Cujus
2986 1547 3100 1602 hac
3127 1546 3290 1600 verba
3315 1556 3444 1600 sunt
3472 1560 3486 1596 :
3518 1543 3611 1613 Μὴ
3631 1542 3738 1594 δεῖν

2165 1642 2264 1706 τὰς
2302 1642 2602 1712 λεγομένας
2635 1639 3029 1712 πρεσϐύτιδας,
3065 1638 3188 1709 ἦτοι
3217 1635 3663 1708 προκαθημένας,
3694 1636 3746 1686 ὲν

2179 1736 2478 1808 Ἐκκλησία
2511 1734 2898 1790 καθίστασθαι.
2927 1733 3060 1801 Qua:
3091 1733 3164 1787 ita
3191 1743 3345 1787 vetus
3370 1729 3536 1786 editio
3557 1727 3747 1783 Laiiua

2167 1830 2450 1899 ceueipit:
2504 1827 2792 1890 Mulieres,
2841 1843 2958 1897 qua
3000 1826 3142 1886 apud
3185 1823 3396 1879 Gnaeos
3436 1822 3749 1891 presbytero:

476 1914 563 1978 iit,
583 1923 690 1969 etc.
711 1913 896 1980 Quare
922 1915 1201 1985 posterius
1237 1917 1369 1972 illud
1399 1931 1463 1972 ac
1489 1917 1791 1988 legitimum
1819 1919 2064 1988 digamo-
2099 1911 2138 1965 Β
2169 1923 2528 1991 appellantur,
2579 1921 2720 1991 apud
2765 1937 2860 1975 nos
2906 1928 3082 1974 autem
3113 1918 3292 1973 vidua
3334 1917 3585 1979 seniores,
3636 1914 3750 1968 uui-

469 2022 600 2060 -rum
657 2022 831 2078 genus
879 2007 948 2063 ab
995 2010 1298 2080 apostolico
1351 2010 1444 2065 illo
1501 2012 1721 2066 decreto
1783 2027 2062 2081 nunquam

475 2097 907 2170 Chrysoslomus
951 2103 1204 2157 exclusit.
1262 2102 1415 2157 Unus
1463 2102 1876 2168 Theodoretus,
1919 2105 2066 2174 quod

474 2193 636 2248 valde
664 2195 861 2260 miror,
881 2197 1030 2251 solos
1055 2198 1325 2266 digamos,
1343 2197 1435 2268 qui
1466 2199 1652 2268 plures
1673 2199 1836 2254 simul
1867 2214 2092 2253 uxores.

477 2286 773 2355 haberent,
810 2289 879 2343 ab
913 2289 1180 2360 Apostolo
1236 2292 1556 2361 repudiatus
1590 2293 1798 2347 sentire
1828 2291 2063 2346 videtur.

475 2377 534 2433 ln
570 2396 677 2448 quo
708 2381 1017 2437 audiendus
1051 2398 1158 2437 non
1189 2393 1274 2439 est
1299 2426 1311 2450 ,
1355 2388 1638 2455 multoque
1668 2386 1854 2440 minus
1896 2385 2068 2440 haere-

477 2473 594 2538 tici,
643 2475 722 2528 uti
769 2474 910 2530 Beza
943 2477 1260 2546 emterique,
1305 2478 1400 2548 qui
1434 2479 1487 2532 in
1521 2479 1842 2548 apostolicis
1887 2477 2070 2532 verbis

476 2575 809 2636 praeceptum
842 2568 1112 2623 contineri
1147 2579 1377 2639 putant,
1409 2571 1556 2642 quod
1601 2572 1810 2626 nullum
1847 2571 1913 2626 ad
1954 2571 2070 2641 epi-

478 2668 798 2727 scopatum,
829 2660 935 2715 nisi
973 2677 1146 2717 uxore
1188 2662 1350 2718 ducta
1374 2704 1386 2728 ,
1424 2665 1735 2734 promoveri
1767 2665 2063 2736 permittat.

478 2749 636 2817 Quod
665 2751 990 2821 jamdudum
1023 2753 1468 2827 Theophylactus
1494 2757 1712 2813 refellit.

549 2844 668 2898 Col.
690 2845 868 2901 884C.
884 2849 954 2900 Et
969 2845 1036 2899 δὲ
1047 2847 1170 2901 εἷεν
1186 2851 1399 2903 ἱκανοί.
1416 2849 1886 2916 Quemadmodum
1906 2869 1935 2908 e
1954 2870 2071 2908 mo--

478 2937 675 2993 nachis
691 2938 921 3009 eligendi
935 2940 1046 2995 sint
1061 2942 1265 3007 clerici,
1280 2943 1435 2998 docet
1450 2944 1786 3016 Augustinus
1799 2947 1956 3016 epist.
1977 2947 2064 3002 76.

553 3027 688 3085 ibid.
716 3031 824 3085 Kal
847 3031 1228 3088 διακόνισσαι
1250 3034 1321 3088 δὲ
1341 3037 1749 3094 καθίστανται.
1783 3038 2069 3098 Diacouis-

481 3136 669 3178 sarum
706 3138 867 3178 usum
910 3131 964 3179 et
994 3124 1302 3181 institutum
1325 3127 1546 3184 uberius
1573 3129 2066 3201 Collyridianorum

481 3213 676 3270 haeresi
699 3213 960 3279 declarat,
981 3231 1103 3284 qua:
1128 3227 1210 3272 est
1229 3217 1316 3284 79,
1343 3235 1496 3275 num.
1520 3221 1553 3274 5
1581 3221 1703 3277 (ιιι.
1727 3222 1829 3278 Ubi
1856 3225 1921 3280 ad
1947 3242 2066 3280 mu-

480 3303 703 3370 lierum,
719 3319 843 3375 quae
862 3306 1230 3376 baptizantur,
1258 3309 1541 3380 obsequia,
1559 3312 1804 3384 aliasque
1827 3315 1878 3370 id
1899 3333 2069 3387 genus

479 3392 792 3451 functiones
837 3396 1023 3466 deligi,
1075 3397 1238 3468 idque
1293 3415 1325 3454 e
1371 3402 1658 3456 viduarum
1720 3405 2066 3474 potissimum

480 3487 697 3552 ordine,
723 3488 935 3544 scribit.
961 3487 1115 3546 Unde
1136 3502 1191 3546 et
1217 3492 1391 3548 uidua:
1426 3503 1481 3549 et
1513 3495 1840 3565 presbytides
1883 3500 2069 3569 appel-

481 3579 688 3637 lantur.
721 3578 836 3636 Hoc
859 3598 990 3638 vero
1018 3583 1142 3638 loco
1190 3599 1298 3639 non
1330 3586 1508 3641 solum
1539 3588 1757 3653 viduas,
1785 3589 1878 3644 sed
1903 3591 2067 3644 etiam

480 3685 782 3745 perpetuas
813 3677 936 3747 capi
968 3677 1211 3747 virgines
1241 3679 1532 3750 signiﬁcat.
1572 3680 1817 3738 Zonaras
1860 3692 1915 3740 et
1944 3683 2068 3739 Bal-

478 3780 637 3822 samo
661 3767 970 3822 Comment.
995 3769 1062 3823 ad
1098 3783 1223 3824 can.
1253 3770 1324 3825 i9
1355 3769 1588 3828 Nicaeum
1611 3775 2070 3848 synodi,virgines

481 3857 755 3926 praecipue
798 3857 1040 3913 delectas
1081 3875 1204 3914 esse
1245 3861 1490 3917 docent:
1539 3865 1809 3936 Παρθένοι
1855 3868 2070 3938 (inquit

481 3949 758 4020 Zonaras)
798 3948 860 4003 τὸ
893 3949 1124 4006 παλαιὸν
1154 3954 1496 4025 προσήγοντο
1530 3956 1610 4027 τῷ
1643 3957 1765 4030 Θεῷ
1819 3960 2068 4028 ἁγνεύειν

477 4039 862 4111 ὁμολογοῦσαι,
897 4041 963 4106 ἂς
1007 4044 1056 4096 οἱ
1108 4043 1398 4099 ἐπίσκοποι
1447 4047 1735 4119 καθιέρουν
1787 4053 1930 4108 κατὰ
1977 4054 2068 4108 τὸν

479 4136 535 4198 ς’
577 4133 779 4187 κανόνα
811 4135 912 4206 τῆς
949 4135 1006 4188 ὲν
1041 4136 1376 4212 Καρθαγένῃ
1416 4141 1632 4194 συνόδου
1653 4182 1666 4206 ,
1698 4145 1791 4196 καὶ
1819 4145 1922 4216 τῆς
1950 4145 2069 4199 τού-

475 4242 587 4278 των
619 4225 939 4298 ἐφρόντιζον
985 4227 1234 4300 φυλακῆς
1283 4230 1428 4284 κατὰ
1473 4233 1564 4287 τὸν
1613 4234 1694 4304 μδ¹
1737 4237 1938 4291 κανόνα
1969 4239 2069 4310 τῆς

475 4315 650 4386 αὐτῆς
684 4317 903 4370 συνόδου
924 4332 938 4347 ⁸
981 4315 1041 4379 ἐξ
1078 4310 1154 4371 ὧν
1181 4318 1246 4389 δὴ
1289 4319 1576 4392 παρθένων
1607 4325 1701 4377 καὶ
1728 4325 2068 4380 διακόνισσαι

477 4409 915 4482 ἑχειροτονοῦντο
961 4411 1109 4483 ριατὰ
1153 4411 1246 4465 τὸν
1299 4413 1492 4484 καιρὸν
1548 4415 1641 4468 τὸν
1688 4418 2064 4488 προσήκοντα,

477 4505 649 4575 ἤγουν
695 4505 784 4558 ὅτε
824 4504 962 4560 ἐτῶν
996 4506 1248 4574 ἐγένοντο
1292 4515 1374 4578 μ’·
1408 4509 1464 4562 αἱ
1503 4509 1558 4562 δὲ
1601 4510 1848 4565 τοιαῦται
1889 4513 1983 4566 καί
2015 4531 2067 4566 τι

2169 2018 2297 2072 vim
2335 2026 2381 2070 et
2408 2013 2798 2070 matriculariat
2851 2014 3218 2074 nominantur,
3250 2011 3304 2064 in
3339 2008 3602 2072 Ecclesia,
3643 2015 3751 2059 tan-

2167 2126 2326 2180 quam
2365 2109 2664 2175 ordinatas,
2699 2106 2953 2161 constitui
3003 2121 3108 2159 non
3133 2104 3336 2158 debere.
3369 2100 3445 2157 De
3479 2098 3752 2156 diaconis—

2169 2204 2244 2260 sis
2285 2211 2521 2272 nugatur
2564 2199 3021 2258 Pseudodiataxis
3051 2198 3229 2255 Clem.
3264 2197 3362 2252 lib.
3395 2213 3457 2257 ιι,
3490 2210 3618 2264 cap.
3659 2193 3749 2257 26,

2171 2294 2260 2348 ubi
2305 2294 2608 2363 episcopum
2645 2291 2738 2346 Dei
2790 2291 2965 2346 Patris
3002 2291 3177 2345 instar
3204 2303 3326 2345 esse
3356 2287 3521 2352 dicit,
3567 2287 3753 2339 diaco-

2170 2402 2298 2440 num
2342 2385 2546 2440 Christi
2599 2383 2866 2449 'Domini,
2915 2383 3278 2436 diaconissam
3331 2395 3461 2436 vero
3514 2378 3753 2450 Spiritus

2171 2478 2367 2533 sancti.
2419 2475 2659 2532 Proinde
2695 2476 2773 2530 uti
2803 2474 3040 2545 Spiritus
3069 2483 3296 2529 sanctus
3337 2472 3473 2526 nihil
3505 2487 3540 2526 a
3573 2472 3752 2541 seipso

2167 2571 2302 2626 dicit
2363 2569 2580 2632 facitve,
2633 2567 2771 2622 ἀλλὰ
2804 2565 3042 2632 δοξάζων
3074 2567 3167 2620 τὸν
3206 2565 3438 2636 Χριστὸν
3469 2566 3753 2636 περιμένει

2169 2664 2230 2717 τὸ
2277 2662 2488 2717 ἐκείνου
2521 2662 2773 2732 θέλημα,
2808 2661 2882 2715 ita
2919 2659 3246 2714 diaconissa:
3293 2658 3429 2712 nihil
3462 2659 3588 2712 sine
3635 2657 3751 2710 dia-

2171 2775 2312 2814 cono
2337 2758 2536 2813 debent
2565 2757 2867 2826 suscipere.
2900 2753 3032 2820 Quze
3062 2761 3193 2808 sunt
3219 2746 3474 2824 γραὼδη,
3505 2760 3560 2806 et
3592 2752 3756 2804 hane-

2171 2852 2276 2909 sim
2307 2861 2569 2922 praeterea
2596 2847 2704 2902 τῶν
2739 2844 3220 2916 Πνευματομάχων
3249 2841 3512 2897 redolent.

2240 2945 2362 3002 Col.
2380 2943 2486 2999 885
2507 2943 2572 2996 A.
2592 2937 2712 2997 Εἴθ’
2734 2940 2882 3008 ἑξῆς
2897 2939 3124 2993 τούτων
3151 2933 3520 3004 edomuerat.
3546 2931 3753 2988 Horum

2170 3039 2416 3098 omnium
2433 3047 2487 3093 et
2509 3035 2927 3107 prmcedeutium
2950 3031 3203 3087 ordinum
3224 3029 3420 3083 crebra
3430 3035 3516 3081 est
3534 3024 3594 3079 in
3615 3032 3756 3078 vete-

2170 3137 2326 3191 ribus
2347 3131 2573 3204 synodis
2595 3139 2650 3186 et
2671 3127 2813 3199 apud
2838 3126 3094 3195 antiquos
3115 3122 3304 3177 Patres
3329 3119 3552 3174 mentio.
3572 3117 3636 3171 In
3653 3117 3755 3188 pri-

2173 3229 2277 3284 mis
2289 3226 2550 3295 Carthag.
2570 3238 2622 3278 tv
2640 3220 2888 3293 singulos
2908 3218 3107 3290 gradus
3123 3213 3532 3271 amantissime
3547 3209 3757 3265 descri-

2175 3319 2273 3383 bit,
2297 3324 2477 3386 etquo
2500 3314 2734 3384 quisque
2753 3313 2862 3366 ritu
2884 3311 2958 3366 sit
2983 3305 3282 3362 initiandus
3306 3303 3567 3359 declarat.
3600 3298 3757 3369 Apud

2176 3409 2446 3481 lguatium
2476 3421 2602 3462 cum
2637 3407 2690 3460 in
2723 3403 2848 3459 aliis
2874 3399 3156 3471 epistolis,
3186 3405 3301 3453 tum
3329 3395 3752 3467 inpostremail,

2173 3511 2371 3575 praeter
2399 3504 2638 3571 majores
2666 3497 2791 3553 illos
2820 3499 3321 3551 commemorantur
3355 3483 3750 3556 ’Δναγνῶστιιι,

2172 3595 2407 3663 Ψάλται,
2453 3591 2738 3664 Πυλωροὶ,
2784 3591 2835 3643 οἱ
2859 3587 3218 3650 κΚοπιῶντες,
3253 3577 3630 3653 Ἐπορκισιταί.
3683 3575 3755 3630 De

2171 3689 2374 3762 quibus
2393 3685 2650 3743 omnibus
2670 3681 2908 3737 Annales
2940 3677 3198 3734 Ecclesia;
3225 3675 3468 3733 consule.

2242 3780 2378 3835 Ibid.
2401 3779 2460 3832 Β.
2483 3775 2781 3841 Συνάξεις
2805 3772 2874 3826 δὲ
2888 3770 3356 3839 ἐπιτελούμεναι.
3383 3764 3618 3836 Synaxis
3644 3775 3758 3832 pro-

2171 3872 2290 3943 prie
2314 3885 2504 3927 sacros
2525 3874 2852 3931 conventus,
2880 3873 2934 3920 et
2964 3863 3111 3933 quod
3142 3863 3196 3916 in
3221 3861 3328 3915 illis
3347 3875 3378 3913 a
3401 3857 3651 3912 ﬁdelibus
3669 3868 3755 3908 ce-

2173 3967 2434 4030 lebratur,
2452 3961 2696 4018 divinum
2716 3959 2951 4016 cilicium
2971 3954 3242 4027 signiﬁcat
3259 3971 3274 4019 ;
3291 3951 3436 4023 quod
3470 3961 3754 4004 sacrarum

2173 4061 2505 4116 Litterarum
2533 4055 2845 4115 lectionem,
2875 4049 3258 4121 psalmodiam,
3292 4053 3609 4105 tractatum,
3641 4041 3754 4094 sive

2172 4165 2482 4208 sermonem
2527 4148 2597 4203 ad
2647 4145 2939 4216 populum,
2989 4157 3054 4198 ac
3079 4141 3322 4202 demum,
3356 4137 3447 4190 ubi
3482 4151 3623 4205 opus
3651 4141 3753 4197 est,

2147 4245 2486 4301 divinorum
2533 4237 2922 4310 mysteriorum
2973 4231 3399 4290 celebrationem
3444 4225 3757 4295 complecti-

2173 4349 2283 4403 tur,
2333 4337 2412 4391 uti
2466 4333 2677 4402 ,Fronto
2727 4329 2962 4385 Dueaeus
3009 4334 3196 4382 noster
3255 4322 3325 4378 ad
3378 4315 3754 4391 Cbrysostomi

2173 4440 2314 4485 orat.
2353 4429 2390 4483 2
2415 4428 2470 4482 in
2509 4424 2729 4480 Iudaeos
2763 4420 3067 4477 adnotavit.
3099 4416 3504 4484 Nonnunquam
3548 4422 3752 4474 tamen,

2174 4533 2234 4579 ut
2266 4523 2410 4595 apud
2444 4518 2790 4591 Dionysium,
2824 4513 3124 4586 praesertim
3157 4511 3298 4566 libro
3330 4506 3408 4562 De
3432 4505 3618 4559 eccles.
3645 4503 3754 4595 hie-

479 4599 665 4669 σχῆμα
699 4599 976 4654 ἐνεδύοντο
1005 4600 1157 4670 παρὰ
1179 4600 1290 4655 τῶν
1319 4603 1634 4657 ἐπισκόπων
1668 4606 1726 4657 ὲν
1749 4604 1828 4675 τῷ
1861 4613 1938 4659 κε’
1962 4609 2068 4660 ἐνι-

2175 4591 2444 4688 νανξοορ.
2473 4613 2528 4678 5,
2553 4625 2655 4682 pro
2685 4608 2804 4680 ipsa
2833 4603 3242 4666 communione,
3265 4599 3350 4655 vel
3377 4598 3559 4653 missa:
3583 4591 3756 4650 sacri-

477 4691 630 4763 αυτῷ
660 4691 764 4764 τῆς
791 4693 1008 4763 ἡλικίας
1043 4693 1244 4750 αὐτῶν.
1279 4693 1656 4753 Tertullianus
1689 4713 1822 4753 vero
1852 4699 1949 4756 lib.
1996 4699 2068 4755 De

476 4781 719 4836 vetandis
752 4785 944 4854 virgin.
975 4801 1095 4854 cap.
1125 4787 1180 4849 9,
1201 4785 1396 4841 viduas
1425 4787 1490 4841 ad
1520 4788 1790 4857 ejusmodi
1817 4791 2067 4846 ministe-

478 4874 560 4926 ria
586 4875 915 4931 constitutas
947 4875 1122 4932 luisse
1151 4892 1218 4932 ex
1248 4879 1496 4948 Apostoli
1525 4881 1853 4936 auctoritate
1895 4883 2068 4952 signi—

476 4964 628 5030 ticat,
661 4975 716 5020 et
764 4969 1016 5037 queritur
1061 4970 1130 5025 ab
1157 4971 1417 5041 episeopo
1453 4973 1693 5042 quodam
1731 4975 1929 5029 alicubi
1963 4979 2069 5031 vir-

480 5060 656 5128 ginem
695 5060 752 5113 in
789 5062 1014 5116 uiduata
1043 5063 1110 5116 ab
1137 5065 1294 5118 annis
1327 5065 1561 5120 nondum
1607 5068 1795 5138 viginti
1837 5070 2070 5124 colloru-

481 5161 612 5208 tam.
641 5153 1077 5226 Carthaginense
1108 5174 1181 5224 tv,
1208 5174 1329 5230 cap.
1353 5159 1440 5226 l2,
1466 5161 1534 5216 de
1564 5161 1758 5216 harum
1790 5162 1966 5218 cilicio
1998 5165 2070 5219 ita

477 5245 728 5318 loquitur
765 5266 778 5303 :
837 5247 1022 5305 Vidua:
1043 5291 1056 5314 ,
1106 5253 1183 5307 vel
1213 5255 1648 5311 sanctimoniales
1671 5298 1684 5320 ,
1717 5273 1835 5328 ante
1865 5258 1935 5311 ad
1976 5260 2073 5312 mi-

477 5342 763 5396 nisterium
793 5342 1244 5411 baptizandarum
1286 5349 1568 5402 mulierum
1615 5348 1916 5420 eligantur,
1961 5362 2071 5405 tam

478 5433 760 5488 instructa
786 5434 891 5488 sint
927 5435 996 5488 ad
1055 5436 1316 5506 oﬁ'icium,
1356 5449 1412 5491 ut
1442 5442 1647 5508 possint
1685 5453 1807 5511 apto
1845 5452 1895 5496 et
1937 5460 2070 5498 sano

478 5539 720 5579 sermone
750 5525 938 5582 docere
968 5529 1246 5597 imperitas
1295 5539 1344 5584 et
1391 5535 1622 5588 rusticas
1654 5536 1902 5590 mulieres
1944 5547 2076 5590 tem-

491 5629 622 5678 pore
644 5633 746 5686 quo
778 5619 1116 5688 baptizanda:
1135 5632 1277 5688 sunt,
1303 5623 1536 5693 qualiter
1571 5629 1895 5697 baptizatori
1918 5630 2076 5683 inter-

484 5717 684 5773 rogata
741 5711 1116 5779 respondeant,
1149 5723 1199 5768 et
1230 5715 1460 5786 qualiter
1493 5728 1705 5788 accepto
1755 5721 2072 5789 baptismate

485 5796 682 5851 vivant.
719 5799 1028 5856 Concilium
1071 5805 1517 5862 Chalcedonense
1559 5826 1684 5864 can.
1735 5813 1802 5866 15
1835 5831 1848 5866 :
1883 5814 2074 5866 Διακό-

492 5903 680 5942 νισσαν
715 5890 790 5961 μὴ
825 5899 1245 5964 χειροτονεῖσθαι
1272 5905 1504 5968 γυναῖκα
1552 5903 1660 5975 πρὸ
1705 5905 1842 5959 ἐτῶν
1884 5923 2075 5960 τεῖσα-

2173 4709 2298 4763 llcio
2323 4706 2582 4762 sumitur.
2611 4702 2749 4758 Nam
2783 4700 2857 4756 ibi
2889 4713 3114 4754 causam
3149 4694 3406 4765 inquirit,
3431 4707 3532 4748 cur
3565 4704 3758 4742 κοινω-

2172 4800 2292 4864 νίας
2322 4808 2377 4854 et
2425 4796 2702 4864 συνάξεως
2747 4793 3038 4865 appellatio
3087 4790 3272 4846 divino
3309 4788 3386 4842 illi
3432 4782 3758 4857 augustissi-

2173 4907 2373 4962 moque
2397 4895 2762 4952 sacramento,
2798 4900 2961 4956 quam
2991 4881 3217 4952 τελετὴν
3232 4875 3460 4933 τελετῶν
3488 4875 3756 4934 nominat,

2172 4987 2444 5058 prme‘pue
2476 4982 2766 5045 tribuatur,
2799 4994 2924 5033 cum
2977 4985 3300 5031 cancrorum
3328 4987 3390 5026 ea
3423 4983 3644 5039 quoque
3679 4966 3758 5018 ris

2173 5077 2265 5139 sit,
2311 5087 2371 5130 ut
2413 5071 2673 5145 μεριστάς
2698 5069 2854 5142 ἡμῶν
2883 5068 3028 5132 ζωὰς
3064 5069 3142 5130 εἰς
3173 5063 3376 5132 ἑνοειδῆ
3407 5061 3598 5114 θέωσιν
3632 5074 3758 5111 συν-

2173 5169 2353 5238 άγειν,
2402 5168 2508 5222 hoc
2536 5173 2640 5229 est,
2679 5162 3004 5218 consociare
3036 5158 3272 5230 possint.
3301 5155 3527 5222 Pt'Opl‘le
3549 5161 3754 5207 tamen.

2177 5271 2237 5317 ut
2275 5274 2377 5318 nos
2416 5260 2683 5322 diximus,
2707 5256 2929 5323 σύναξις
2975 5261 3306 5310 conventum
3337 5261 3556 5304 sacrum
3585 5254 3641 5298 et
3670 5243 3754 5297 di-

2174 5354 2385 5416 vinum,
2432 5351 2580 5422 quod
2627 5350 2684 5405 in
2727 5364 2793 5403 eo
2828 5347 3127 5421 peragitur,
3163 5343 3401 5400 cilicium
3451 5346 3630 5395 sonat.
3667 5335 3755 5388 Sic

2175 5444 2513 5516 Epiphanius
2563 5445 2618 5498 in
2654 5443 2849 5498 haeres.
2879 5440 2971 5504 69,
2993 5455 3116 5510 qua:
3155 5446 3240 5493 est
3271 5433 3753 5502 Ariontauitarum,

2173 5539 2243 5593 de
2262 5538 2394 5592 Ario
2424 5536 2748 5606 (ueterisque
2779 5533 3118 5606 presbyteris
3159 5546 3258 5602 per
3311 5529 3544 5583 urbanas
3577 5522 3752 5578 cccle-

2176 5629 2290 5684 sias
2317 5627 2659 5682 Alexandriae
2685 5624 2992 5682 distributis
3027 5623 3320 5684 ι’Ἔκαστος
3349 5619 3406 5672 δὲ
3433 5617 3634 5696 τούτων
3663 5611 3757 5682 δῆ-

2175 5721 2266 5774 ).ον
2289 5721 2430 5775 κατὰ
2457 5720 2554 5792 τὴν
2581 5718 2898 5791 εἰθισμένην
2921 5715 3137 5780 σύναξιν
3163 5714 3256 5768 τὸν
3281 5711 3430 5782 αὑτῷ
3460 5723 3754 5763 πεπιστευ-

2180 5813 2341 5885 μένον
2381 5812 2510 5865 λαὺν
2544 5811 2811 5865 διδάσκων
2856 5811 2914 5863 ἐν
2959 5809 3076 5872 ταῖς
3117 5806 3432 5876 ἐξηγήσεσι,
3469 5813 3573 5856 etc.
3602 5796 3754 5853 Hanc

2177 5906 2357 5962 Latini
2391 5906 2685 5973 collectam,
2711 5905 2791 5962 vel
2819 5903 3056 5969 missam,
3087 5909 3146 5955 ut
3168 5898 3312 5954 idem
3343 5895 3543 5953 Fronto
3569 5899 3751 5949 noszcr
