4064 6406
287 415 412 511 tesi

1054 449 1142 506 DE
1183 449 1573 507 VETERIBUS
1610 447 2012 516 QUIBUSDAM
2048 449 2404 508 ECCLESle
2441 451 2734 508 RlTlBUS.

3401 433 3572 507 1082'

289 563 558 628 Observat,
603 564 874 634 appellare
915 573 1339 619 consueverunt.
1382 565 1452 620 At
1497 565 1856 621 Casaubonus
1885 568 1932 625 Α
1959 566 2154 624 axibus
2181 565 2524 622 Dominicum
2553 582 2753 637 corpus
2771 573 2864 620 aut
2906 564 3254 629 offerebatur,
3287 573 3382 626 aut
3410 580 3440 619 a
3470 566 3538 620 ll-

289 649 519 708 Exercit.
556 649 643 713 16,
677 665 730 704 n.
757 648 846 715 42,
877 649 1007 704 dum
1048 648 1376 706 Parisiensis
1414 651 1669 706 editionis
1698 658 1856 705 notas

289 746 342 799 in
388 742 840 812 Chrysostomum
881 741 1180 812 redarguit,
1236 741 1588 810 castigandus
1637 750 1694 796 et
1744 743 1858 812 ipse

288 835 458 900 venit;
509 849 633 889 nam
684 833 941 903 pleraque
987 834 1284 889 oscitanter
1329 835 1527 905 attigit.
1581 833 1858 904 Inprimis

287 928 704 999 Chrysostomus
738 925 919 981 ﬁdeles
947 927 1268 995 adhortans,
1305 937 1363 982 ut
1406 943 1506 998 pro
1535 943 1593 984 se
1625 928 1860 998 quisque

287 1019 568 1090 captandis
599 1035 664 1073 ac
687 1019 1097 1075 lucrifaeiendis
1122 1020 1390 1090 proximis
1439 1019 1742 1085 incumbat,
1771 1019 1858 1076 his

287 1111 466 1165 verbis
509 1111 807 1180 alloquitur
840 1127 857 1165 :
891 1111 955 1162 Τί
992 1111 1136 1182 μέγα
1168 1111 1305 1165 αἰτῶ
1340 1113 1469 1182 παρ’
1503 1111 1679 1182 ὑμῶν,
1722 1111 1859 1180 ἁγα-

286 1201 480 1272 πητοξς
505 1201 776 1264 Ἕκαστος
811 1200 964 1272 ὑμῶν
992 1201 1088 1256 ἕνα
1122 1219 1211 1272 μοι
1239 1201 1345 1256 τῶν
1373 1201 1616 1272 ἀδελφῶν
1644 1203 1858 1256 ἀνασω·

285 1297 479 1358 σάτω,
515 1293 1004 1366 περιεργασάσθω,
1064 1293 1682 1366 πολυπραγμονησάσθω
1712 1309 1726 1324 ο
1774 1293 1862 1346 ἵνα

283 1387 362 1447 εἰς
402 1385 501 1455 τὴν
541 1382 800 1437 ἐπιοῦσαν
844 1382 1063 1447 σύναξιν
1115 1383 1253 1452 μετὰ
1303 1382 1502 1453 πολλῆς
1547 1381 1860 1454 παρρησίας

282 1476 708 1546 ἀπαντήσωμεν,
749 1474 897 1547 δῶρα
925 1475 1001 1545 τῷ
1029 1473 1148 1545 Θεῷ
1178 1474 1515 1545 κομίζοντες,
1545 1473 1692 1545 δῶρα
1723 1472 1860 1526 πάν-

281 1585 388 1621 των
412 1566 731 1639 τιμιώτερα,
754 1566 852 1631 τὰς
890 1567 1067 1638 ψυχὰς
1089 1566 1196 1622 τῶν
1219 1567 1646 1638 πεπλανημένων
1693 1567 1860 1619 ὲπαν-

281 1660 599 1729 αγαγόντες.
634 1658 738 1715 Hic
759 1659 1020 1715 Erasmus
1045 1659 1210 1715 verba
1237 1660 1328 1714 illa
1357 1661 1436 1724 εἰς
1467 1657 1565 1730 τὴν
1600 1656 1859 1712 ἐπιοῦσαν

282 1752 502 1818 σύναξιν
533 1761 787 1818 verterat,
811 1754 866 1806 in
892 1753 1127 1806 crastina
1155 1753 1537 1807 communione.
1560 1751 1716 1818 Quod
1748 1767 1859 1806 me-

281 1844 387 1899 rito
421 1844 814 1914 reprehensum
862 1859 896 1899 a
933 1843 1208 1900 Frontone
1248 1852 1458 1909 nostro,
1483 1859 1688 1914 proque
1716 1861 1860 1897 com-

1959 656 2170 713 delibus
2203 658 2586 726 usurpabatur.
2610 655 2770 722 Quod
2793 671 2860 711 ex
2887 654 3111 710 Socrate
3137 656 3392 725 primum,
3416 655 3538 711 loco

1959 749 2072 814 illo,
2105 763 2266 818 quem
2300 748 2462 818 paulo
2485 756 2610 801 ante
2639 747 2950 813 citavimus,
2983 745 3322 815 intelligitur,
3357 745 3448 799 ubi
3471 747 3536 816 τῇ

1957 841 2178 912 τετράδι
2233 841 2326 895 καὶ
2383 842 2708 912 παρασκευῇ
2768 854 3001 910 synaxes
3041 838 3382 894 Alexandrina
3421 838 3534 892 ﬁeri

1959 934 2170 998 scribit,
2203 933 2329 1004 δίχα
2355 933 2456 1003 τῆς
2485 932 2591 985 τῶν
2623 932 2936 1002 μυστηρίων
2972 931 3218 1000 τελετῆς.

2031 1027 2171 1082 Tum
2194 1024 2448 1079 universe
2467 1024 2535 1079 de
2552 1023 2925 1079 Orientalibus
2949 1037 3013 1077 ac
3034 1022 3236 1078 Graecis
3267 1021 3340 1076 ita
3360 1029 3538 1090 potest

1961 1117 2176 1175 conﬁci.
2218 1116 2432 1172 Etenim
2464 1130 2561 1185 per
2585 1115 2862 1170 solemnes
2897 1113 3232 1184 ieiuniorum
3260 1113 3378 1168 dies
3417 1129 3536 1183 my-

1960 1210 2126 1267 steria
2174 1207 2324 1263 nulla
2367 1215 2422 1262 et
2471 1205 2740 1262 sacriﬁcia
2771 1207 3200 1276 peragebantur,
3232 1220 3409 1274 neque
3438 1221 3538 1274 puo

1959 1299 2099 1356 blice
2125 1315 2192 1356 ac
2219 1299 2457 1370 legitime
2487 1297 2970 1354 communicabant
2991 1297 3176 1354 ﬁdeles
3204 1316 3218 1351 :
3246 1312 3371 1352 nam
3400 1297 3539 1352 Lao-

1957 1394 2216 1449 dicenum
2246 1391 2542 1448 concilium
2567 1406 2778 1446 canone
2803 1390 2874 1446 49
2907 1398 3058 1445 vetat
3080 1382 3538 1460 quadragesimali

1961 1489 2203 1549 tempore
2252 1495 2446 1550 panem
2498 1479 2727 1545 offerre,
2791 1489 3148 1550 praeterquam
3193 1480 3248 1535 in
3301 1479 3539 1534 Sahhato

1961 1581 2124 1641 atque
2151 1570 2434 1626 Dominica
2467 1589 2480 1624 :
2512 1572 2632 1625 Ὀτι
2655 1572 2716 1624 οὐ
2742 1570 2823 1624 δεῖ
2849 1574 2916 1642 τῇ
2939 1575 3348 1642 τεσσαρακοστῇ
3377 1573 3539 1642 ἄρτον

1961 1663 2312 1733 προσφέρειν,
2353 1663 2401 1715 εἰ
2431 1661 2506 1733 μὴ
2537 1665 2593 1715 ὲν
2625 1659 2887 1731 Σαϐϐάτῳ
2925 1661 3020 1713 καὶ
3059 1662 3315 1732 Κυριακῇ
3357 1661 3534 1730 μόνον.

1961 1753 2134 1820 Quem
2165 1769 2428 1809 canonem
2454 1753 2700 1824 plerique
2729 1768 2840 1809 non
2873 1764 3020 1808 recte
3049 1753 3116 1807 de
3147 1753 3398 1822 eulogiis,
3425 1752 3539 1806 sive

1963 1844 2287 1900 fermentato
2309 1860 2447 1915 pane
2470 1844 2809 1914 interpretati
2837 1852 3000 1912 sunt;
3034 1843 3100 1898 de
3125 1858 3234 1912 quo
3263 1845 3372 1914 agit
3397 1843 3536 1898 idem

281 1907 549 1990 munioriis
577 1937 840 1991 vocabulo
883 1939 1180 1992 constituta
1223 1953 1328 1992 vox
1375 1907 1629 1992 collectai.
1666 1937 1861 2007 Displi-
1889 1907 1934 1966 Β
1962 1936 2186 1993 Laodie.
2212 1907 2338 1992 ean.
2381 1937 2470 2003 M,
2509 1944 2564 1992 et
2602 1907 2945 1990 Innocentius
2973 1907 3016 2002 l,
3064 1907 3223 2005 cpi-st.
3256 1907 3452 2004 ι,ὀ;ιρ.
3482 1936 3534 1990 5.

282 2029 392 2083 cuit
421 2029 538 2083 haec
549 2027 1218 2094 emendatioCasaubono,
1233 2029 1326 2097 qui
1345 2027 1713 2084 cumErasmo
1736 2029 1861 2082 σύν-

281 2117 400 2183 αξιν
428 2119 542 2172 illic
570 2118 1013 2172 communionem
1040 2133 1162 2173 esse
1187 2117 1450 2182 defendit,
1475 2134 1542 2174 eo
1570 2117 1744 2174 fretus
1771 2135 1860 2174 ar-

281 2217 565 2279 gumento,
600 2209 745 2277 quod
775 2209 1044 2263 donorum
1090 2209 1314 2273 oblatio,
1343 2209 1410 2263 de
1449 2209 1650 2279 quibus
1681 2209 1855 2280 loqui-

281 2309 370 2354 tur
399 2301 852 2371 Chrysostemus,
881 2299 1279 2355 Eucharistiam
1304 2303 1566 2371 designet.
1594 2303 1696 2358 Sed
1721 2303 1859 2358 mira

281 2401 360 2448 est
387 2393 566 2446 critici
602 2391 748 2447 illius
781 2391 1078 2463 ἀπροσεξία
1098 2408 1112 2421 ο
1144 2407 1270 2446 nam
1297 2391 1447 2463 δῶρα
1471 2393 1574 2448 ista
1598 2408 1706 2449 non
1732 2402 1860 2451 sunt

281 2485 436 2554 panis
469 2494 526 2539 et
554 2485 764 2550 vinum,
800 2499 921 2553 qua:
949 2485 1016 2540 ad
1063 2484 1465 2540 Eucharistiam
1501 2486 1854 2552 adhibentur,

281 2587 373 2632 aut
403 2577 752 2632 Eucharistia
788 2577 924 2646 ipsa,
950 2577 1043 2632 sed
1072 2577 1329 2632 nimirum
1365 2578 1598 2632 fratrum
1620 2586 1673 2633 et
1695 2578 1857 2633 Chri-

279 2673 587 2727 stianorum
608 2672 822 2735 animae,
859 2672 1057 2741 quibus
1081 2672 1147 2727 ad
1188 2672 1416 2742 synaxin
1447 2672 1779 2728 adducendis
1804 2679 1859 2727 et

284 2765 678 2821 conservandis
697 2773 757 2818 ut
772 2764 1045 2828 studeant,
1059 2764 1334 2820 auditores
1351 2779 1480 2820 suos
1498 2765 1846 2822 admonebat.

347 2856 645 2913 Proximus
675 2867 759 2912 est
780 2857 1068 2927 Epiphanii
1098 2856 1188 2911 ille
1217 2857 1330 2926 ipse
1359 2857 1534 2922 locus,
1561 2872 1722 2926 quem
1745 2871 1858 2926 pra:

281 2948 540 3002 manibus
568 2946 832 3002 habemus
859 2965 872 3000 :
898 2947 951 3000 in
976 2960 1088 3016 quo
1112 2961 1346 3016 synaxes
1369 2946 1445 3000 ait
1471 2962 1534 3002 ex
1560 2946 1859 3016 apostolica

281 3039 576 3095 traditione
625 3038 678 3092 in
723 3037 914 3092 feriam
958 3047 1232 3108 quartam,
1277 3048 1331 3094 et
1375 3038 1754 3104 Paraseevem,
1795 3052 1860 3092 ac

281 3131 624 3188 Dominicam
667 3132 926 3187 incidere.
953 3131 1056 3185 Hic
1080 3142 1248 3202 potest
1269 3133 1506 3186 dubitari
1531 3114 1860 3203 (Casauboiii

279 3223 435 3278 verba
471 3223 624 3290 sunt)
653 3239 718 3276 an
743 3222 1055 3290 simpliciter
1085 3232 1362 3276 conuentus
1392 3225 1533 3276 sacri
1560 3223 1862 3294 intelligan-

281 3322 384 3382 tur,
417 3317 496 3369 ad
530 3317 738 3368 verbum
768 3313 1112 3379 audiendum,
1146 3324 1194 3368 et
1242 3313 1540 3378 orandum;
1590 3331 1659 3368 an
1703 3315 1864 3368 etiam

280 3407 342 3461 de
390 3423 554 3462 tanta:
605 3405 820 3460 Domini
864 3405 1217 3460 celebratione
1255 3407 1474 3460 senserit
1503 3405 1854 3476 Epiphanius.

281 3497 436 3554 Ratio
468 3498 755 3553 dubitandi
795 3499 964 3554 oritur
997 3513 1061 3553 ea:
1096 3498 1454 3553 observatione
1483 3499 1690 3554 diversa
1727 3508 1863 3554 rete-

280 3607 397 3644 rum
425 3590 793 3644 Ecclesiarum
809 3606 828 3655 ,'
849 3607 995 3656 nam,
1028 3600 1086 3644 ut
1114 3599 1342 3645 testatur
1377 3588 1650 3655 Socrates,
1679 3590 1866 3660 plerae-

281 3701 374 3754 que
400 3701 582 3740 omnes
624 3685 762 3739 orbis
790 3697 1052 3740 terrarum
1079 3685 1354 3751 Ecclesiae,
1388 3696 1438 3741 et
1464 3687 1548 3740 his
1572 3687 1778 3752 diebus,
1813 3698 1863 3742 et

283 3776 538 3832 Sabbatis
563 3777 722 3832 etiam
757 3779 827 3830 ad
873 3793 1100 3848 synazes
1134 3778 1528 3844 conveniebant,
1573 3780 1629 3833 in
1677 3779 1864 3850 quibus

282 3869 538 3938 mysteria
585 3867 1005 3923 celebrabantur.
1039 3869 1164 3924 Hae
1205 3870 1314 3925 ille.
1346 3871 1451 3927 Sed
1481 3872 1626 3942 quod
1669 3871 1864 3928 Socra-

285 3968 390 4013 tem
430 3957 704 4013 aﬁirmare
733 3959 950 4026 dieil,in
987 3960 1265 4032 plerisque
1293 3962 1553 4018 omnibus
1585 3972 1862 4019 terrarum

284 4049 433 4106 orbis
498 4048 760 4105 Ecclesiis
802 4066 1034 4122 synaxes
1078 4061 1133 4107 et
1178 4054 1440 4125 mysteria
1478 4053 1612 4110 feria
1645 4064 1860 4124 quarta,

285 4150 458 4205 sexta,
497 4149 552 4197 et
599 4140 838 4197 Sabbato
889 4143 1177 4209 celebrari,
1227 4145 1583 4210 falsissimum
1631 4155 1734 4202 est.
1785 4145 1864 4202 De

286 4231 543 4289 Sahbatis
577 4233 629 4287 id
661 4234 879 4302 quidem
930 4245 1043 4292 toto
1089 4237 1221 4292 orbe
1258 4239 1676 4294 usitatissimum
1712 4255 1858 4307 esse,

282 4326 327 4381 si
361 4325 666 4381 Romanam
693 4325 988 4383 Ecclesium
1021 4338 1077 4384 et
1104 4329 1528 4386 Alexandrinam
1561 4333 1862 4402 exceperis,

282 4418 442 4474 docet
472 4417 612 4472 libro
634 4418 748 4483 illo,
780 4434 941 4488 quem
968 4419 1328 4478 Casaubonus
1357 4423 1512 4489 citat,
1529 4423 1784 4481 llistorite
1807 4442 1860 4491 ν,

282 4524 406 4580 cap.
434 4510 528 4564 21.
560 4509 714 4576 Quod
759 4518 939 4565 autem
987 4510 1122 4566 feria
1151 4523 1348 4583 quarta
1383 4524 1602 4571 sextave
1627 4531 1862 4588 synaxes

1958 2031 2134 2100 Atque
2161 2029 2302 2084 hunc
2331 2029 2540 2083 idcirco
2568 2036 2763 2098 putant
2795 2025 2978 2081 oﬂ‘erri
3010 2042 3104 2096 per
3138 2027 3260 2081 illos
3294 2027 3410 2081 dies
3439 2028 3534 2080 ini-

1960 2122 2107 2177 nime
2132 2121 2378 2184 licuisse,
2410 2135 2480 2174 ne
2505 2136 2569 2175 ea
2603 2119 2852 2175 solvendi
2873 2120 3069 2190 jejunii
3097 2129 3244 2175 esset
3277 2119 3495 2174 occasio
3524 2137 3537 2172 :

1961 2215 2119 2284 cujus
2161 2213 2473 2269 falsissimze
2519 2213 2984 2281 interpretationis
3013 2222 3268 2268 auctores
3308 2213 3390 2266 vis
3423 2213 3558 2281 ipsa»

1958 2307 2109 2363 verbi
2135 2305 2468 2378 προσφέρειν
2502 2319 2567 2359 ac
2600 2313 2842 2373 potestas
2872 2302 3088 2369 refellit,
3119 2317 3243 2372 quae
3276 2303 3343 2356 de
3366 2302 3539 2357 sacri-

1959 2398 2084 2455 ﬁcio
2106 2405 2161 2454 et
2188 2397 2461 2452 oblatione
2486 2395 2628 2452 solet
2649 2395 2843 2465 accipi,
2871 2403 2927 2449 ut
2965 2395 3021 2448 in
3055 2393 3278 2448 Nicazno
3302 2409 3423 2448 can.
3446 2391 3533 2446 18.

1961 2491 2056 2545 Est
2094 2488 2258 2559 igitur
2288 2487 2619 2560 προσφέρειν
2659 2488 2846 2559 ἄρτον,
2893 2501 3089 2556 panem
3123 2486 3300 2554 ipsum
3336 2499 3537 2554 reprae-

1959 2588 2199 2646 sentare,
2225 2593 2292 2633 ex
2316 2594 2423 2648 quo
2446 2577 2654 2633 Christi
2684 2565 2888 2646 corpus
2921 2577 3335 2632 consecratione
3363 2576 3535 2629 ﬁeret.

1959 2670 2116 2738 Quod
2144 2673 2344 2742 partim
2375 2686 2405 2724 a
2436 2669 2815 2725 sacerdotibus
2846 2669 2982 2738 ipsis
3011 2669 3065 2722 in
3095 2684 3379 2726 sacrorum
3414 2666 3539 2722 fur.-

1960 2765 2141 2822 ctione
2176 2781 2241 2820 ae
2276 2765 2468 2835 τελετῇ
2496 2763 2724 2834 geritur,
2754 2763 2952 2832 partim
2990 2771 3116 2818 ante
3148 2763 3534 2833 mysteriorum

1960 2858 2383 2914 celebrationem
2421 2872 2452 2910 a
2483 2855 2758 2911 ﬁdelibus.
2802 2855 2974 2910 Nemo
3005 2855 3152 2910 enim
3182 2854 3318 2908 citra
3352 2863 3540 2908 notam

1961 2950 2202 3020 aliquam
2237 2947 2566 3019 ἀσύμϐολος,
2596 2955 2650 3002 et
2682 2948 2803 3002 sine
2837 2947 3115 3002 oblatione
3143 2947 3358 3016 propria
3393 2961 3540 3000 com—

1961 3041 2298 3106 municabat,
2343 3040 2437 3096 sed
2487 3055 2681 3110 panem
2728 3055 2888 3095 suum
2931 3055 2995 3095 ae
3023 3041 3210 3094 vinum
3256 3040 3537 3096 offerebat.

1961 3132 2099 3190 Ilinc
2144 3135 2437 3188 vehemens
2467 3132 2559 3186 illa
2609 3131 2867 3203 Cypriani
2916 3135 3138 3202 querela
3165 3134 3232 3188 de
3277 3135 3542 3190 matronis

1887 3239 1934 3301 α
1967 3224 2325 3294 locupletibus
2375 3223 2470 3278 lib.
2517 3223 2591 3277 De
2630 3240 2784 3292 opere
2817 3235 2866 3278 et
2893 3225 3132 3279 eleemos.
3156 3240 3174 3276 :
3209 3224 3461 3294 Locuples
3491 3236 3542 3279 et

1964 3315 2108 3368 dives
2137 3330 2213 3378 es,
2246 3323 2294 3366 et
2323 3311 2666 3365 Dominicum
2701 3312 2966 3367 celebrare
2994 3324 3042 3368 te
3066 3314 3260 3378 credis,
3285 3331 3402 3383 qua:
3433 3331 3543 3368 cor-

1965 3405 2152 3460 bonam
2184 3405 2394 3459 omnino
2425 3420 2528 3457 non
2556 3404 2815 3472 respicis;
2842 3420 2963 3474 qua:
2984 3405 3040 3458 in
3067 3404 3406 3458 Dominicum
3425 3407 3542 3461 sine

1963 3496 2234 3565 sacriﬁcio
2271 3495 2412 3549 venis
2439 3509 2458 3548 .'
2480 3511 2597 3564 qua:
2633 3495 2688 3548 in
2727 3505 2933 3564 partem
2970 3497 3035 3550 de
3075 3497 3367 3565 sacriﬁcio,
3399 3498 3539 3566 quoa‘

1963 3605 2168 3660 pauper
2203 3587 2420 3653 obtulit,
2473 3589 2660 3640 sumis.
2717 3586 3058 3657 Augustinus
3106 3603 3272 3642 serm.
3315 3588 3420 3642 ἓίὸ
3453 3587 3542 3662 1οε

1966 3690 2192 3749 tempore
2222 3695 2240 3734 .'
2277 3678 2605 3743 Oblationes,
2637 3695 2756 3750 qua:
2804 3681 2860 3732 in
2899 3679 3098 3732 altario
3143 3688 3540 3742 consecrentur,

1963 3772 2170 3840 o/ferte.
2210 3769 2534 3825 Erubescere
2558 3771 2706 3825 debet
2735 3771 2888 3825 homo
2921 3772 3162 3837 idoneus,
3194 3772 3241 3824 si
3277 3773 3341 3824 de
3368 3772 3545 3826 aliena

1966 3860 2230 3915 oblatione
2262 3861 2639 3914 communicat.
2689 3860 2846 3928 Quod
2890 3861 3032 3916 idem
3065 3870 3117 3916 et
3151 3861 3401 3931 sequenti
3432 3877 3547 3916 scr-

1965 3967 2130 4008 mone
2177 3953 2392 4022 repetit.
2440 3950 2714 4018 Quoniam
2769 3953 2934 4021 igitur
2994 3953 3089 4022 qui
3140 3954 3546 4010 communionis

1959 4044 2084 4115 jure
2118 4045 2380 4114 praeditus
2407 4054 2546 4111 erat,
2587 4045 2730 4100 idem
2762 4055 2854 4099 aut
2887 4045 3190 4110 auferebat,
3220 4056 3316 4101 aut
3346 4046 3547 4102 oﬁ‘erre

1962 4147 2132 4205 certe,
2172 4138 2316 4195 unde
2359 4139 2871 4194 communicaturus
2909 4146 3074 4205 esset,
3123 4148 3334 4210 poterat
3366 4156 3380 4204 ;
3419 4141 3547 4194 hinc

1963 4228 2162 4282 vetusti
2194 4242 2434 4282 canones
2464 4243 2580 4294 eos,
2607 4227 2699 4297 qui
2727 4227 2780 4280 in
2815 4235 3059 4281 extremo
3085 4228 3254 4296 gradu
3286 4229 3550 4296 paeniten-

1965 4317 2100 4371 tium
2154 4317 2445 4379 haererent,
2490 4331 2655 4384 quam
2710 4314 2968 4367 σύστασιν
3021 4315 3400 4377 nominabant,
3452 4313 3546 4383 qui

1962 4424 2089 4466 cum
2123 4409 2372 4464 ﬁdelibus
2413 4407 2720 4462 orationum
2753 4407 3019 4461 duntaxat
3045 4415 3202 4460 erant
3231 4405 3546 4474 participes,

1966 4518 2086 4568 nec,
2114 4502 2244 4556 dum
2277 4500 2623 4556 Dominicum
2657 4514 2859 4569 corpus
2885 4499 3242 4568 usurpabant,
3276 4499 3549 4550 κοινωνεῖν

281 4612 337 4657 ct
384 4602 642 4675 mysteria
686 4602 952 4658 celebrata
1003 4603 1236 4670 fuerint,
1280 4621 1552 4677 nusquam
1601 4609 1860 4678 prodidit.
1896 4596 2219 4658 Ddicebant
2250 4595 2379 4649 ἄνευ
2411 4593 2751 4666 προσφορᾶς,
2786 4591 3027 4648 utestin
3057 4591 3345 4661 Ancyram)
3374 4590 3550 4645 can.5

282 4693 428 4760 Quin
464 4694 644 4764 potius
674 4695 742 4750 de
771 4694 903 4750 solis
935 4695 1323 4754 Alexandrinis
1354 4698 1408 4754 id
1439 4698 1626 4766 refert,
1677 4703 1861 4756 omnia

283 4786 430 4854 apud
457 4786 612 4858 illos,
643 4801 763 4855 quae
800 4787 855 4840 in
890 4789 1186 4859 synaxibus
1218 4789 1333 4860 geri
1381 4806 1502 4847 nios
1528 4802 1632 4855 est,
1666 4801 1864 4863 praeter

283 4879 550 4951 mysteria
578 4893 640 4932 ac
679 4880 968 4946 sacriﬁcia,
997 4883 1162 4937 biduo
1197 4883 1291 4938 illo
1315 4885 1740 4953 perﬁci.-Quarc
1767 4903 1862 4943 ne-

283 4984 394 5039 que
423 4984 490 5024 ex
527 4967 845 5038 Epiphanio,
881 4984 1059 5039 neque
1084 4987 1147 5026 ex
1181 4970 1407 5031 Socrate
1436 4973 1632 5028 conlici
1663 4981 1859 5043 potest,

285 5061 424 5116 feria
453 5070 648 5131 quarta
689 5069 743 5114 et
768 5059 1074 5118 Parascevc
1101 5063 1447 5121 Christianos
1474 5067 1862 5135 augustissima

285 5155 377 5208 illa
401 5153 667 5222 Dominici
699 5154 946 5223 corporis
973 5171 1129 5210 sacra
1158 5157 1481 5214 celebrasse.
1502 5158 1657 5222 Quod
1681 5168 1861 5214 utrum

284 5243 508 5300 aliunde
528 5243 709 5313 colligi
731 5244 923 5314 possit,
951 5253 1245 5314 antequam
1268 5247 1509 5316 disputo,
1538 5248 1690 5316 prius
1711 5264 1865 5304 error

286 5338 380 5393 ille
409 5336 764 5405 castigandus
793 5345 898 5402 est,
925 5351 1085 5407 quem
1134 5351 1245 5391 non
1272 5337 1450 5393 solum
1484 5337 1862 5406 Casaubonus,

285 5424 384 5479 sed
426 5431 482 5477 et
513 5423 599 5477 alii
635 5423 842 5492 pridem
867 5423 941 5493 pii
972 5432 1027 5479 et
1051 5424 1249 5479 eruditi
1289 5425 1540 5482 homines
1585 5429 1865 5485 imbibissc

285 5513 544 5567 videntur
574 5533 586 5568 :
616 5513 670 5568 iu
696 5515 953 5570 omnibus
979 5517 1278 5586 synaxihus
1311 5517 1696 5588 mysteriorum
1726 5522 1867 5577 cele-

287 5605 596 5660 brationem
671 5622 736 5663 ac
798 5607 1272 5678 participationem
1335 5610 1519 5666 locum
1584 5612 1863 5670 habuisse.

287 5697 442 5762 Quod
477 5701 632 5753 secus
663 5715 720 5754 se
757 5699 948 5765 habet;
983 5716 1105 5755 nam
1144 5717 1171 5754 a
1208 5703 1592 5772 mysteriorum
1626 5705 1867 5760 celebra-

288 5791 438 5842 tione
462 5803 526 5842 ae
554 5791 936 5845 communione
965 5791 1184 5861 synaxis
1211 5792 1432 5862 perinde
1461 5793 1655 5861 diﬁ‘ert,
1692 5803 1750 5848 ιιι
1771 5812 1864 5865 ge-

292 5896 402 5938 nus
429 5894 460 5936 a
493 5880 662 5938 forma
690 5899 702 5938 :
729 5873 1010 5953 propterea
1042 5882 1187 5956 quod
1213 5899 1321 5940 non
1348 5885 1603 5942 omnibus
1659 5886 1714 5941 in
1749 5902 1869 5960 syn-

1969 4688 2142 4744 οιὲι.
2189 4688 2235 4741 A
2279 4701 2390 4756 quo
2427 4686 2648 4742 demum
2693 4684 2885 4739 ordine
2932 4684 3000 4738 ad
3053 4683 3362 4738 absolutum
3413 4681 3552 4736 inte-

1969 4794 2238 4851 grumque
2289 4787 2490 4835 statum
2553 4775 3048 4840 translerebantur,
3111 4788 3272 4843 quam
3330 4773 3552 4843 μέθεξιν

1968 4870 2076 4925 τῶν
2096 4870 2264 4938 ἁγίων
2298 4878 2352 4924 et
2391 4869 2450 4922 τὸ
2470 4869 2678 4922 τέλειον
2708 4866 3004 4936 appellant,
3034 4880 3158 4919 cum
3193 4864 3400 4920 scilicet
3428 4880 3552 4933 pcr-

1969 4965 2096 5021 inde
2135 4965 2202 5021 ad
2234 4964 2539 5020 oblationes
2574 4961 2856 5020 faciendas
2901 4969 3066 5030 atque
3109 4959 3178 5014 ad
3225 4959 3554 5028 participan-

1969 5059 2096 5114 dam
2122 5057 2526 5112 Eucharistiam
2559 5054 3000 5109 admitterentur.
3036 5049 3224 5120 Neque
3249 5051 3392 5106 enim
3423 5063 3556 5118 quo-

1970 5165 2311 5220 rumcunque
2339 5148 2644 5204 oblationes
2677 5153 2906 5216 receptae
2938 5153 3088 5210 sunt,
3136 5144 3229 5200 sed
3263 5143 3555 5198 scelerato-

1970 5259 2092 5298 rum
2137 5242 2446 5305 hominum,
2497 5255 2563 5296 ac
2611 5239 3018 5310 poenitentium,
3061 5245 3116 5294 et
3156 5238 3407 5292 universe
3445 5234 3552 5286 τῶν

1970 5334 2209 5389 ἀδέκτων
2260 5333 2354 5387 καὶ
2376 5333 2752 5401 ἀκοινωνήτων
2779 5331 3013 5400 rejectte.
3043 5329 3118 5384 De
3145 5344 3254 5398 quo
3283 5327 3402 5380 vide
3420 5325 3554 5378 Con-

1970 5430 2088 5482 stit.
2122 5437 2292 5495 apost.
2336 5427 2432 5480 lib.
2475 5441 2557 5487 ιιι,
2592 5439 2712 5494 cap.
2759 5425 2818 5479 ὅ.
2873 5423 2940 5476 Et
2983 5422 3224 5476 Vasense
3259 5418 3552 5474 concilium

1972 5533 2095 5573 can.
2130 5519 2164 5571 ‘2
2201 5517 2372 5586 jubet,
2409 5531 2464 5570 ut
2498 5517 2888 5586 prenitentium,
2920 5515 3009 5583 qui
3045 5513 3158 5565 sine
3187 5510 3555 5564 communione

1972 5612 2244 5679 inopinato
2273 5611 2502 5664 transitu
2529 5611 2580 5662 in
2611 5610 2753 5679 agris
2796 5616 2888 5660 aut
2921 5603 3196 5659 itineribus
3224 5601 3553 5672 prwveniun-

1977 5714 2085 5767 tur,
2117 5704 2410 5758 oblationes
2445 5704 2790 5780 recipiantur.

2044 5794 2474 5850 Excutiebantur
2501 5796 2684 5864 itaque
2709 5793 2946 5862 primum
2979 5787 3286 5842 oblationes
3311 5801 3340 5840 a
3370 5783 3557 5838 diaco-

1977 5888 2098 5958 nis;
2146 5895 2310 5958 autne
2359 5895 2540 5942 utrum
2601 5885 2870 5956 ejusmodi
2917 5888 3100 5938 essent
3154 5879 3556 5954 inquirebatur,
