4064 6410
564 437 706 500 1083

567 573 690 630 quin
717 554 1098 628 repraesentari
1131 553 1198 611 ad
1224 553 1396 609 altare
1435 562 1677 624 possent.
1716 554 1887 626 Igitur
1919 555 1973 610 in
2005 554 2147 610 Lao-
2177 556 2224 616 Α

566 651 759 706 diceno
787 648 1023 705 concilio
1049 648 1082 719 ὴ
1120 647 1406 718 προσφορά
1425 647 1492 701 de
1518 655 1750 717 utroque
1778 662 1975 717 genere
1999 647 2153 703 obla-

565 741 734 797 tionis
761 747 944 810 potest
978 738 1228 809 intelligi,
1261 748 1369 793 tam
1396 753 1456 793 ea
1484 754 1604 808 qua:
1631 753 1661 792 a
1691 737 1960 804 ﬁdelibus,
1985 753 2150 809 quam

566 845 688 900 quae
716 845 746 883 a
781 827 1161 884 sacerdotibus
1199 827 1382 883 ﬁebat.
1415 826 1531 883 Nec
1568 828 1769 893 obstat,
1799 827 1946 898 quod
1976 843 2149 900 προσ-

567 922 756 994 φέρειν
796 921 982 992 ἄρτον,
1027 921 1291 992 scriptum
1322 930 1407 975 est
1441 921 1495 975 in
1528 935 1738 976 canone
1772 939 1785 975 :
1819 937 1942 991 qua:
1982 921 2153 979 fuisse

565 1029 731 1070 causa
768 1014 1006 1078 videtur,
1054 1015 1127 1068 ob
1168 1000 1332 1083 qua'm
1379 1013 1634 1070 catholici
1670 1014 1771 1068 viri
1811 1015 1879 1069 de
1917 1015 2152 1087 eulogiis

565 1106 748 1176 potius
774 1120 940 1176 quam
963 1105 1032 1163 de
1057 1104 1402 1161 Eucharistia
1433 1105 1640 1160 dictum
1668 1105 1803 1161 illud
1831 1105 2153 1176 interpreta-

567 1205 781 1251 rentur.
811 1195 948 1250 Nam
998 1195 1083 1251 vel
1127 1196 1290 1266 ἄρτος
1343 1195 1410 1250 ad
1459 1196 1512 1251 id
1562 1193 1818 1262 refertur,
1850 1196 1996 1266 quod
2027 1205 2153 1252 ante

567 1288 1042 1344 consecrationem
1072 1285 1204 1352 fuit;
1241 1293 1336 1340 aut
1360 1300 1560 1356 corpus
1586 1285 1769 1355 ipsum
1807 1285 2024 1341 Domini
2053 1302 2154 1356 pa-

569 1379 652 1432 nis
689 1378 893 1434 usitata
925 1393 1050 1434 cum
1079 1378 1132 1433 in
1166 1376 1486 1447 Scriptnris,
1522 1384 1637 1431 tum
1669 1376 1811 1447 apud
1836 1375 2029 1433 Patres
2056 1392 2152 1448 ap-

566 1467 864 1537 pellatione
889 1467 1109 1523 dicitur.
1152 1467 1245 1522 Sic
1295 1467 1350 1521 in
1390 1465 1649 1537 Carthag.
1712 1466 1950 1522 concilio
2007 1467 2153 1537 apud

570 1558 838 1613 Zonaram
882 1567 938 1612 et
973 1557 1212 1614 Balsam.
1246 1572 1371 1612 can.
1399 1556 1470 1611 40
1501 1575 1514 1612 :
1545 1558 1682 1629 Περὶ
1718 1556 1814 1610 τοῦ
1845 1556 1920 1628 μὴ
1951 1554 2151 1622 ἐξεῖναι

568 1650 882 1723 περαιτέρω
905 1649 1094 1722 ἄρτου,
1115 1649 1214 1703 καὶ
1235 1649 1378 1702 οίνου
1392 1647 1546 1701 ὕδατι
1561 1648 1927 1720 μεμιγμένου,
1944 1649 1999 1701 τί
2021 1665 2152 1702 ποτε

568 1743 626 1796 ἐν
656 1745 769 1806 τοῖς
801 1742 980 1812 ἁγίοις
1020 1740 1374 1812 προσφέρειν,
1420 1741 1510 1795 ἵνα
1546 1727 1604 1793 ἐν
1634 1742 1746 1804 τοῖς
1780 1740 1955 1810 ἁγίοις
1987 1740 2152 1812 μηδὲν

567 1833 732 1888 πλέον
772 1833 869 1887 τοῦ
923 1832 1176 1904 σώματος
1225 1831 1320 1886 καὶ
1371 1831 1466 1885 τοῦ
1520 1832 1750 1902 αἵματος
1805 1831 1897 1886 τοῦ
1943 1831 2150 1904 Κυρίου

566 1899 1019 1998 προσενεχθείη’⁷
1045 1924 1122 1989 ὡς
1172 1925 1267 1979 καὶ
1309 1924 1470 1988 αὐτὸς
1507 1925 1536 1977 ὁ
1567 1899 1773 1993 Κύριος
1812 1899 2150 1994 παρέδωιιεν,
2183 1899 2228 1959 Β

564 2019 815 2073 τουτέστι
853 2019 1045 2090 ἄρτου,
1093 2017 1189 2071 xui.
1227 2017 1372 2071 οἴνου
1423 2017 1574 2071 ὕδατι
1607 2017 1967 2088 μεμιγμένου.
1997 2016 2155 2084 Quod

566 2111 713 2182 apud
746 2110 972 2166 Latinos
1006 2125 1130 2165 can.
1155 2110 1226 2164 24
1251 2110 1472 2167 concilii
1499 2127 1559 2164 Ill
1582 2109 1771 2165 Carth.
1806 2110 1880 2165 ita
1917 2111 2152 2179 legitur:

573 2204 642 2260 Ut
671 2206 727 2259 in
761 2204 1110 2259 sacramentis
1137 2205 1375 2273 corporis
1403 2213 1452 2258 et
1477 2204 1754 2274 sanguinis
1778 2201 1994 2257 Domini
2023 2202 2157 2258 nihil

566 2297 798 2367 amplius
833 2297 1114 2366 oneratur,
1153 2312 1312 2367 quam
1356 2298 1467 2366 ipse
1498 2295 1757 2350 Dominus
1785 2298 2032 2360 tradidit,
2059 2297 2155 2350 hoc

565 2401 646 2444 est
677 2391 853 2460 panis,
891 2397 942 2443 et
970 2389 1150 2444 vinum
1181 2405 1321 2459 aqua
1350 2389 1586 2442 mistum.
1614 2387 1850 2444 Proinde
1872 2389 2008 2443 nihil
2037 2403 2156 2444 cer-

567 2481 681 2534 tius
715 2488 824 2546 est,
861 2492 1029 2549 quam
1069 2478 1124 2532 in
1159 2477 1472 2534 Laodiceno
1507 2493 1721 2535 canone
1748 2478 2049 2549 prohiberi,
2087 2494 2156 2535 ne

565 2587 664 2642 per
693 2571 971 2627 solemnes
988 2571 1184 2642 jejunii
1211 2572 1327 2626 dies
1357 2572 1665 2627 oblationes
1691 2581 1746 2626 et
1771 2571 2042 2627 sacriﬁcia
2071 2586 2158 2628 ce-

565 2661 865 2720 lebrentur.
913 2662 1134 2734 Excipit
1175 2662 1476 2719 Sabbatnm
1523 2679 1589 2720 ac
1632 2662 1997 2730 Dominicam,
2028 2664 2154 2734 qui-

567 2755 673 2810 bus
707 2755 761 2808 in
793 2753 1020 2810 Oriente
1053 2755 1307 2826 jejunare
1349 2753 1504 2810 nefas
1531 2755 1961 2810 arbitrabantur.
1996 2753 2155 2821 Quod

567 2863 632 2904 ex
667 2845 928 2902 Trullana
953 2848 1165 2920 synodo
1193 2847 1534 2916 comprobari
1557 2855 1758 2917 potest,
1792 2861 1917 2916 qua
1936 2861 2060 2902 can.
2086 2847 2156 2902 52

567 2943 645 2996 ita
679 2942 864 2997 sanxit
898 2959 912 2996 :
951 2940 1040 2994 ’Ev
1070 2941 1274 3005 πάσαις
1312 2941 1434 3004 ταῖς
1476 2939 1576 3010 τῆς
1620 2940 1781 3009 ἁγίας
1810 2941 2154 3012 Τεσσαρακο-

569 3034 703 3106 στῆς
727 3034 835 3088 τῶν
859 3033 1125 3106 νηστειῶν
1143 3035 1406 3106 ἡμέραις,
1435 3033 1711 3106 παρεκτὸς
1739 3033 2156 3099 Σαϐϐάτου,καὶ

567 3127 878 3199 Κυριακῆς,
913 3127 1008 3180 καὶ
1033 3128 1132 3198 τῆς
1159 3127 1320 3196 ἁγίας
1343 3125 1435 3180 τοῦ
1467 3127 1882 3198 Εὐαγγελισμοῦ
1916 3126 2152 3200 ἡμέρας,

566 3218 801 3288 γινέσθω
831 3221 864 3292 η
899 3219 1009 3274 τῶν
1041 3219 1503 3292 προηγιασμένων
1555 3221 1677 3292 ίερὰ
1724 3220 2053 3292 λειτουργία”
2085 3219 2154 3274 1η

567 3312 813 3369 omnibus
868 3314 1350 3385 quadragesimalis
1398 3314 1597 3384 jejunii
1653 3313 1874 3379 diebus,
1938 3323 2154 3384 excepto

567 3401 824 3471 Sabbato,
873 3421 936 3459 ac
965 3403 1268 3473 Dominica,
1305 3414 1356 3459 et
1388 3421 1550 3459 sacro
1575 3405 2015 3459 Annuntiationis
2045 3406 2153 3472 die,

568 3494 859 3549 celebretur
894 3506 1137 3551 sanctum
1179 3505 1302 3551 ante
1341 3505 1769 3551 consecratorum
1803 3495 2153 3565 sacriﬁcium.

567 3585 744 3653 Quem
786 3588 852 3644 ad
897 3603 1163 3645 canonem
1211 3588 1456 3645 Zonaras
1495 3589 1610 3644 haec
1651 3591 1916 3644 adnotat:
1947 3589 2012 3642 At
2045 3588 2156 3643 τῶν

567 3681 833 3750 νηστειῶν
859 3680 1062 3753 ἡμέραι
1088 3681 1319 3746 πένθους
1356 3676 1494 3735 εἶναι
1524 3681 1833 3752 ἐτάχθησαν
1859 3683 1955 3736 καὶ
1989 3698 2158 3737 κατα-

565 3772 770 3838 νύξεως
801 3774 880 3836 είς
905 3771 1171 3844 ὲξίλασμα
1198 3772 1310 3826 τῶν
1337 3772 1572 3826 ἑκάστου
1612 3774 1971 3844 σφαλμάτων·
2010 3776 2071 3830 τὺ
2098 3775 2157 3830 δὲ

565 3861 647 3933 τῷ
675 3862 796 3933 Θεῷ
833 3863 1130 3934 προσάγειν
1177 3863 1390 3927 θυσίας,
1437 3865 1832 3937 πανηγυρίζειν
1876 3867 2012 3934 ὲστί,
2049 3880 2153 3926 etc.

569 3953 669 4006 Διὰ
692 3951 853 4006 τοῦτο
879 3953 936 4006 ὲν
967 3952 1066 4022 μὲν
1091 3952 1278 4017 ἄλλαις
1307 3953 1407 4024 τῆς
1436 3954 1896 4027 Τεσσαρακοστῆς
1917 3959 2159 4029 ἡμέραις

569 4042 604 4112 ἡ
642 4039 752 4094 τῶν
803 4041 1262 4112 προηγιασμένων
1291 4041 1503 4110 γίνεται
1549 4042 1884 4115 λειτουργία,
1930 4046 1992 4098 οὐ
2034 4046 2158 4099 τότε

567 4132 862 4203 γινομένης
903 4133 1004 4205 τῆς
1052 4134 1396 4205 ἀναιμάκτου
1445 4133 1661 4200 θυσίας,
1723 4134 1860 4189 ἀλλὰ
1901 4136 2004 4207 τῆς
2052 4137 2154 4210 ήδη

568 4222 994 4294 προσαχθείσης,
1024 4223 1119 4277 καὶ
1149 4223 1498 4297 τελεσθείσης
1523 4220 1678 4289 αὖθις
1711 4227 2154 4299 προσαγομένης.

566 4312 727 4368 Κατὰ
752 4309 815 4368 δὲ
842 4307 912 4365 τὰ
948 4313 1203 4368 Σάϐϐατα
1234 4316 1328 4369 καὶ
1354 4314 1454 4378 τὰς
1477 4315 1783 4387 Κυριακὰς,
1811 4317 1934 4370 ἐπεὶ
1959 4319 2015 4369 ὲν
2030 4316 2158 4370 ταύ-

566 4419 690 4468 ταις
723 4403 1008 4476 νηστεύειν
1059 4404 1455 4478 ἀπηγόρευται,
1502 4405 1769 4459 ὲνδέδοται
1819 4406 1914 4460 καὶ
1963 4405 2157 4463 θυσίαν

568 4495 923 4566 προσφέρειν,
981 4497 1077 4549 καὶ
1129 4496 1366 4552 τελείανι
1395 4497 1732 4570 λειτουργεῖν
1789 4498 2152 4569 λειτουργίαν.

2181 3262 2224 3322 C

1663 432 2008 492 APPENDI’X
2053 431 2680 491 DISSERTATIONUM:

3674 426 3787 484 ιοει

2251 551 2463 609 riorum
2511 550 2810 608 celebratio
2855 564 2930 605 ac
2971 548 3316 620 participatio
3348 545 3466 601 sine
3496 558 3618 612 pace
3651 560 3788 600 oscu-

2253 647 2414 717 loque
2473 643 2849 716 peragebatur.
2913 639 3117 696 Horum
3171 639 3410 710 primum
3459 635 3787 692 Tertullianus

2252 738 2348 793 lib:
2379 738 2451 792 De
2476 745 2616 792 orat.
2651 734 2755 791 sub
2775 733 2940 788 ﬁnem
2976 724 3180 788 iudicat
3210 731 3296 786 his
3325 729 3531 784 verbis:
3552 727 3634 783 Sic
3653 737 3695 780 et
3718 727 3788 780 die

2253 831 2499 896 Paschte,
2541 845 2643 901 quo
2669 828 2962 882 communis
2993 837 3041 882 et
3090 827 3244 897 quasi
3285 824 3496 894 publica
3520 822 3694 891 jejunii
3720 838 3787 874 re-

2252 923 2380 994 ligio
2412 933 2512 990 est,
2558 923 2746 977 merito
2779 921 3090 991 deponimus
3124 915 3386 980 osculum,
3419 912 3551 965 nihil
3577 921 3785 965 curantes

2251 1019 2316 1074 de
2347 1017 2655 1083 osculando,
2688 1015 2827 1085 quod
2859 1029 2977 1068 cum
3005 1009 3242 1065 omnibus
3274 1006 3556 1078 faciamus.

2323 1107 2380 1163 In
2423 1104 2657 1177 publicis
2690 1103 2856 1174 igitur
2885 1098 3330 1167 solemnibusque
3357 1094 3581 1165 jejuniis
3607 1105 3786 1162 pacem,

2252 1200 2359 1254 hoc
2395 1206 2478 1254 est
2514 1195 2788 1260 osculum,
2840 1193 2946 1249 sibi
2991 1199 3182 1246 mutuo
3228 1187 3414 1243 ﬁdeles
3461 1200 3568 1239 non
3599 1183 3787 1238 dabant:

2252 1290 2410 1359 Quod
2455 1303 2580 1345 cum
2627 1288 2682 1342 in
2721 1284 2949 1357 privatis
2997 1291 3052 1338 et
3092 1280 3372 1336 voluntate
3404 1273 3674 1343 susceptis
3690 1287 3789 1342 pen-

2253 1385 2379 1446 inde
2410 1383 2480 1438 ab
2508 1381 2616 1437 illis
2638 1381 3046 1440 observaretur,
3075 1372 3240 1445 paulo
3269 1380 3398 1426 ante
3419 1369 3562 1424 idem
3593 1365 3790 1422 Tertull.

2253 1477 2528 1548 improbat
2555 1493 2568 1530 :
2597 1475 2723 1530 Alia
2740 1473 2880 1543 jam,
2905 1470 3102 1541 inquit,
3132 1465 3452 1522 consuetudo
3475 1462 3702 1517 inualuit.
3721 1459 3795 1513 Je-

2244 1569 2518 1639 junantes,
2544 1567 2727 1620 habita
2768 1564 3008 1617 oratione
3055 1576 3175 1616 cum
3201 1556 3476 1628 fratribus,
3511 1553 3795 1639 subtraliunt

2253 1636 2491 1714 osculum
2517 1655 2687 1727 pacis,
2717 1652 2858 1724 quod
2889 1659 2966 1706 est
2997 1647 3336 1720 signaculum
3365 1642 3638 1696 orationis.
3667 1636 3794 1693 Unde

2253 1730 2376 1809 illos
2409 1751 2684 1814 admonet,
2715 1755 2775 1802 ut
2805 1759 2931 1801 cum
2959 1740 3213 1813 privatim
3246 1737 3346 1808 ipsi
3381 1736 3639 1807 jejunant,
3676 1730 3794 1784 domi

2253 1843 2485 1915 quidem,
2513 1842 2652 1894 inter
2679 1853 2810 1909 quos
2843 1835 3006 1888 latere
3026 1830 3292 1901 jejunium
3319 1829 3374 1881 in
3407 1835 3578 1879 totum
3605 1839 3702 1915 non,
3723 1821 3806 1915 da-

2257 1911 2365 2000 tur,
2383 1947 2562 2004 pacem
2579 1929 2861 1999 diﬂ'erant;
2884 1933 2940 1981 at
2966 1923 3183 1995 publice
3210 1930 3264 1976 et
3294 1920 3350 1973 in
3376 1915 3635 1979 Ecclesia,
3659 1911 3785 1968 dissi-

2255 2028 2469 2087 mulato
2515 2021 2750 2095 jejunio,
2801 2015 3186 2075 consuetudini
3242 2010 3504 2067 serviant.
3549 2004 3795 2060 Posterius

2253 2134 2410 2183 vero,
2445 2131 2641 2187 nempe
2673 2129 2798 2169 eum
2851 2108 3110 2182 mysteria
3161 2103 3593 2164 celebrarentur,
3634 2110 3796 2169 pacem

2256 2227 2419 2284 atque
2445 2212 2694 2266 osculum
2723 2223 2751 2262 a
2778 2205 3029 2261 ﬁdelibus
3059 2202 3306 2256 oblatum
3334 2197 3526 2260 fuisse,
3552 2195 3634 2249 vix
3659 2203 3739 2284 est

2254 2281 2476 2377 probari
2512 2313 2739 2356 necesse
2770 2297 2862 2352 sit.
2894 2293 3004 2349 lies
3033 2291 3180 2348 enim
3232 2297 3318 2344 est
3368 2286 3668 2358 perspicua.
3713 2281 3799 2336 Sed

2257 2398 2469 2467 aliquot
2491 2390 2854 2449 nihilominus
2883 2394 3131 2441 veterum
3155 2379 3466 2438 testimonia
3497 2377 3802 2448 producam:

2256 2491 2499 2563 primum
2545 2484 2916 2540 Laodicenum
2954 2493 3112 2534 conc.
3153 2489 3277 2531 can.
3315 2473 3383 2528 l9
3416 2473 3479 2563 in
3516 2469 3736 2563 liturgiis
3760 2474 3799 2520 et

2257 2561 2561 2642 svnaxibus
2612 2577 2759 2630 hunc
2797 2569 3103 2643 praescribit
3138 2565 3405 2622 ordinem.
3453 2561 3586 2617 Post
3621 2561 3800 2614 habitos

2257 2643 2326 2726 ab
2355 2669 2615 2739 episcopo
2640 2677 2944 2726 sermones,
2965 2658 3481 2715 catechumenorum
3514 2649 3799 2708 succedebat

2257 2764 2455 2819 oratio.
2483 2758 2698 2826 Quibus
2727 2753 3009 2826 digressis,
3035 2765 3201 2821 super
3232 2751 3558 2820 pmnitentes
3581 2742 3800 2798 orabant.

2258 2853 2299 2908 ll
2331 2853 2436 2908 sub
2462 2864 2658 2905 manus
2691 2847 2991 2904 subeuntes
3028 2842 3121 2897 ubi
3153 2846 3518 2900 recesserant,
3557 2845 3664 2890 tum
3696 2832 3796 2886 lide-

2257 2947 2391 3002 lium
2435 2945 2632 3014 triplex
2677 2941 2858 2997 oratio
2905 2935 3358 3007 concipiebatur:
3389 2925 3507 2984 Εἶθ’
3535 2927 3698 2991 οὕτως
3722 2923 3802 2994 τὴν

2257 3039 2483 3114 εἰρήνην
2514 3034 2752 3089 δίδοσθαι
2787 3032 2945 3103 jubet
2988 3049 3002 3084 :
3030 3029 3126 3083 καὶ
3161 3025 3298 3099 μετὰ
3329 3025 3402 3079 τὸ.
3431 3021 3801 3095 πρεσϐυτέρους

2256 3130 2439 3185 δοῦναι
2467 3128 2546 3200 τῷ
2578 3127 2862 3197 ὲπισκόπῳ
2897 3123 2995 3196 τὴν
3027 3123 3272 3194 εἰρήνην,
3311 3120 3429 3172 τότε
3459 3118 3589 3180 τοὺς
3617 3114 3803 3174 λαῖκοὺς

2256 3227 2357 3299 τὴν
2386 3224 2610 3297 εἰρήνην
2642 3221 2861 3277 διδόναι*
2895 3219 2991 3274 καὶ
3018 3215 3162 3271 οὕτω
3197 3216 3295 3287 τὴν
3326 3214 3488 3282 ἁγίαν
3523 3206 3802 3283 προσσορὲν

2259 3315 2649 3372 ἐπιτελεῖσθαι.
2703 3313 2839 3368 Tum
2888 3328 3015 3382 pax,
3062 3310 3259 3379 inquit,
3305 3305 3521 3370 danda;
3561 3319 3705 3375 quam
3735 3299 3803 3352 ubi

2257 3411 2501 3481 episcopo
2543 3407 2841 3463 sacerdotes
2882 3402 3270 3474 impertierint,
3306 3397 3432 3451 laici
3474 3396 3579 3449 sibi
3616 3394 3803 3448 invicem

2259 3502 2494 3567 dabunt;
2518 3498 2808 3556 secundum
2837 3511 2956 3567 qua:
2988 3494 3302 3566 perﬁciatur
3329 3489 3556 3544 oblatio.
3583 3487 3650 3541 At
3673 3484 3800 3538 inno-

2258 3596 2472 3653 centius
2503 3593 2664 3664 epist.
2694 3608 2710 3647 l
2741 3591 2811 3645 ad
2844 3577 3215 3656 Decentfcap.
3248 3585 3298 3649 ί,
3348 3597 3541 3654 pacem
3589 3577 3804 3652 prohibet

2259 3696 2385 3742 ante
2414 3685 2567 3740 ﬁnita
2605 3681 2865 3753 mysteria
2911 3678 3050 3734 dari.
3097 3676 3290 3730 Pacem
3321 3688 3442 3743 ergo
3486 3672 3697 3735 asseris,
3735 3667 3804 3721 in-

2258 3775 2400 3846 quit,
2440 3783 2558 3828 ante
2583 3771 2824 3841 confecta
2855 3769 3108 3839 mysteria
3144 3767 3397 3836 quosdam
3436 3761 3644 3832 populis
3672 3759 3810 3825 imp:-

2259 3884 2401 3936 rare,
2453 3866 2532 3922 uel
2578 3865 2680 3919 sibi
2732 3865 2874 3918 inter
2921 3861 3218 3916 sacerdotes
3266 3856 3497 3919 tradere,
3551 3869 3666 3908 cum
3713 3857 3810 3920 post

2260 3962 2458 4025 omnia,
2487 3974 2607 4030 quin
2639 3958 2846 4028 aperire
2871 3971 2973 4008 non
2997 3953 3176 4016 debeo,
3201 3965 3307 4020 pax
3334 3950 3403 4003 sit
3434 3947 3720 4002 necessario
3742 3945 3811 3996 in-

2259 4052 2506 4120 dicendo,
2539 4068 2631 4122 per
2659 4066 2820 4122 quam
2865 4057 3067 4102 constet
3102 4043 3354 4116 populum
3383 4041 3452 4095 ad
3494 4041 3688 4101 omnia,
3715 4049 3812 4106 quae

2259 4146 2318 4200 in
2343 4147 2610 4216 mysteriis
2639 4150 2894 4214 aguntur.
2935 4150 3094 4211 atque
3127 4139 3183 4192 in
3215 4135 3459 4191 Ecclesia
3490 4134 3810 4189 celebrantur,

2259 4238 2490 4310 praebere
2518 4244 2849 4292 consensum.
3845 4227 3851 4239 '

2331 4331 2545 4398 Quibus
2589 4327 2873 4385 subductis
2905 4325 3193 4389 omnibus,
3225 4322 3398 4391 liquet
3439 4313 3812 4372 vetustissimos

2260 4425 2424 4480 etiam
2457 4422 2803 4480 Christianos
2849 4420 2903 4474 in
2937 4417 3240 4490 synaxibus
3271 4413 3387 4469 suis
3435 4427 3542 4466 non
3582 4413 3813 4478 perpetuo

2261 4516 2742 4579 communicasse,
2787 4512 3001 4582 publice
3065 4510 3259 4565 saltem
3317 4520 3381 4560 ac
3423 4503 3678 4574 legitime.
3725 4495 3814 4549 Nec

567 4581 840 4648 Quocirca
888 4587 1222 4642 sacrilicium
1273 4603 1621 4660 nequaquam
1669 4607 1767 4663 per
1805 4592 1999 4663 jejunii
2042 4593 2157 4650 dies

2267 4609 2490 4664 interim
2518 4620 2784 4676 negamus
2813 4588 3068 4674 privatim
3102 4599 3272 4663 domi,
3305 4598 3390 4653 vel
3427 4608 3581 4650 cura
3609 4588 3814 4661 synaxiu

569 4681 814 4736 oblatum
851 4690 958 4746 est,
997 4683 1093 4739 sed
1132 4699 1196 4739 ea
1235 4686 1695 4754 retractabantur,
1728 4703 1850 4758 qua:
1873 4687 1988 4758 jam
2027 4697 2157 4744 ante

564 4783 890 4828 consecrata
922 4772 1162 4840 fuerant,
1187 4778 1268 4830 uti
1297 4791 1461 4832 sacro
1483 4776 1815 4835 Paraseeves
1838 4795 2051 4851 magnas
2071 4781 2159 4838 die

566 4865 713 4934 apud
760 4881 862 4922 nos
903 4867 1022 4922 ﬁeri
1062 4869 1368 4924 consuevit.
1422 4867 1654 4924 Exstant
1707 4869 1812 4926 illa
1864 4871 1976 4926 τῶν
2020 4889 2156 4943 προ-

564 4957 924 5027 ηγιασμένων
954 4959 1284 5032 λειτουργίαι
1312 4968 1444 5016 tom.
1468 4960 1534 5016 Vl
1554 4961 1810 5017 Biblioth.
1838 4978 1965 5018 cum
1983 4963 2161 5020 Gene-

569 5045 759 5102 brardi
795 5047 1143 5120 Prazfatione,
1178 5053 1232 5108 in
1267 5068 1376 5124 qua
1421 5051 1738 5110 Graecorum
1783 5054 1950 5110 ritum
2002 5055 2157 5110 illum

571 5143 841 5199 adversus
867 5146 1170 5203 catholicos
1217 5146 1484 5218 quosdam
1529 5147 1781 5203 doctores
1811 5156 2152 5219 propugnat;

567 5245 842 5308 negatque
869 5246 1158 5308 propterea
1191 5239 1563 5295 damnandum
1590 5254 1732 5306 esse,
1760 5241 1907 5312 quod
1932 5241 2079 5296 nulla
2102 5241 2159 5296 in

566 5329 639 5386 iis
674 5331 912 5402 liturgiis
938 5347 1116 5402 neque
1140 5333 1508 5401 consecratio,
1541 5348 1718 5404 neque
1749 5333 2066 5390 distributio
2094 5351 2161 5392 ac

565 5426 890 5481 communio
927 5426 1324 5483 contineretur.
1370 5428 1612 5498 Apparet
1643 5437 1850 5494 autem,
1891 5429 2160 5499 quemad-

567 5516 886 5573 modumin
935 5520 1259 5592 synaxibus,
1306 5536 1430 5591 quae
1477 5535 1574 5591 per
1619 5521 1743 5577 illos
1789 5522 1907 5578 dies
1937 5521 2158 5590 ﬁebant,

568 5609 786 5664 nullum
808 5620 893 5667 est
912 5613 1154 5668 oblatum
1179 5613 1536 5680 sacriﬁcium,
1573 5614 1648 5670 ita
1677 5615 1882 5670 nullam
1916 5615 2159 5673 ﬁdelium

566 5705 1019 5760 communionem
1069 5706 1367 5762 exstitisse.
1412 5704 1570 5772 Quod
1622 5717 1885 5776 praeterea
1933 5706 2044 5762 alio
2088 5722 2159 5763 ex

570 5801 900 5858 argumento
923 5795 1218 5865 colligitur.
1243 5795 1459 5854 Etenim
1481 5797 1982 5868 nequejejunantes
2003 5813 2158 5854 oscu-

571 5875 689 5934 lum
722 5881 875 5951 pacis
906 5884 1192 5963 fratribus
1215 5885 1694 5960 impartiebantur,
1738 5905 1915 5961 neque
1952 5899 2154 5961 myste-

2261 4697 2674 4752 communicare
2703 4693 2922 4764 aliquos
2959 4691 3225 4763 potuisse,
3259 4703 3382 4743 cum
3417 4681 3813 4740 Eucharistiant,

2259 4802 2426 4858 quam
2463 4803 2494 4842 a
2529 4787 2814 4843 sacerdote
2859 4785 3030 4841 semel
3075 4787 3426 4850 acceperant,
3467 4777 3612 4832 domi
3659 4785 3815 4827 reser-

2261 4888 2441 4936 vatam
2478 4881 2723 4951 reliquos
2752 4879 2807 4933 in
2863 4878 2981 4933 dies
3003 4877 3322 4944 dispensare
3345 4873 3598 4927 solerent.
3631 4866 3699 4918 De
3724 4875 3816 4931 quo

2259 4972 2384 5028 vide
2411 4987 2535 5043 quae
2567 4970 2804 5026 Basilius
2850 4969 3008 5039 epist.
3047 4965 3153 5020 289
3198 4965 3269 5018 ad
3315 4961 3604 5018 Cttsat'iam
3653 4954 3814 5008 Patri-

2259 5067 2398 5121 ciam
2437 5063 2671 5130 scribit;
2719 5072 2834 5117 tum
2880 5059 3172 5114 Annalium
3207 5064 3487 5110 auctorem
3525 5051 3592 5104 ad
3634 5059 3814 5102 annum

2262 5155 2352 5212 57.
2395 5135 2581 5211 Redeo
2623 5154 2737 5224 jam
2770 5152 2838 5206 ad
2871 5164 3108 5221 synaxes
3160 5147 3304 5212 illas,
3341 5159 3477 5214 quas
3505 5137 3816 5210 Epiphanius

2263 5247 2332 5301 ab
2358 5245 2624 5316 apostolis
2667 5243 2840 5299 fuisse
2874 5241 3102 5296 traditas
3142 5237 3395 5302 afﬁrmat,
3439 5234 3583 5289 feria
3609 5236 3814 5299 quartae.

2262 5337 2618 5402 Parasceves,
2649 5344 2704 5390 et
2728 5333 3050 5390 Dominicae.
3089 5330 3234 5384 Inter
3261 5345 3402 5401 quas
3435 5326 3660 5380 miretur
3688 5320 3815 5390 quis-

2260 5431 2407 5500 piam
2442 5429 2669 5485 Sabbati
2700 5429 3035 5484 mentionem
3070 5426 3275 5480 nullam
3309 5439 3432 5480 esse
3461 5422 3657 5475 factam
3685 5433 3698 5468 :
3729 5414 3815 5466 hoc

2263 5520 2412 5574 enim
2441 5519 2532 5576 die
2572 5534 2808 5590 synases
2836 5517 3064 5574 Oriente
3099 5516 3213 5572 iere
3261 5523 3372 5570 toto
3410 5510 3724 5568 celebratas.
3762 5513 3815 5554 ac

2261 5610 2608 5684 frequentata
2653 5612 2912 5683 mysteria
2955 5619 3187 5668 testatur
3223 5609 3481 5664 Socrates
3528 5603 3625 5657 lib.
3658 5600 3743 5654 illo
3770 5609 3814 5656 ι’.

2261 5720 2314 5763 c.
2335 5704 2424 5758 22.
2452 5704 2776 5776 Quanquam
2808 5704 2915 5770 hic,
2946 5712 3006 5758 ut
3038 5712 3092 5759 et
3139 5702 3359 5757 Sozom.
3390 5699 3484 5752 lib.
3513 5710 3613 5757 vn,
3655 5707 3703 5747 e.
3730 5684 3806 5748 19.

2261 5799 2668 5855 Alexandrinos
2720 5806 2775 5854 et
2803 5797 3083 5854 Romanos
3124 5794 3364 5864 excipit:
3396 5790 3514 5844 Τῶν
3546 5786 3656 5858 γαρ
3693 5794 3813 5836 παν-

2260 5890 2428 5964 ταχοῦ
2456 5891 2555 5964 τῆς
2579 5889 2910 5963 οἰκουμένης
2949 5888 3106 5945 Ἐκκ)
3124 5888 3287 5960 ησιών
3328 5886 3386 5940 ἐν
3412 5881 3593 5955 ἡμέρᾳ
3617 5869 3809 5932 Σαϐὅὲ-
