4064 6416
207 457 351 516 1085

994 449 1085 506 ne
1121 445 1509 506 versamus
1544 405 2350 517 QUtnusoAM‘ECELEsma
2388 440 2686 499 RlTlBUS.

3341 421 3479 490 1036

201 590 320 632 των
348 569 488 626 κατὰ
521 569 703 624 πᾶσαν
734 564 1025 639 ἑϐδομάδος
1048 566 1298 639 περίοδον
1327 564 1692 620 ἐπιτελουσῶν
1723 563 1790 618 τὰ

1922 581 2073 628 ἰνος·
2113 561 2228 617 Nos
2257 569 2445 632 quater
2489 561 2545 613 in
2571 572 2774 628 quaque
2812 551 3142 608 hebdomade
3187 550 3481 603 communi-

209 664 514 738 μυστήρια,
533 661 584 714 οἱ
615 660 672 712 ὲν
697 661 764 729 τῇ
793 656 1172 728 Ἀλεξανδρείᾳ
1204 655 1299 710 καὶ
1337 657 1385 708 οἱ
1419 657 1477 709 ὲν
1510 656 1577 725 τῇ
1607 652 1797 726 Ῥώμῃ

208 757 279 810 εκ
306 771 453 818 τινος
486 752 721 824 ἀρχαίας
743 748 1098 822 παραδόσεως
1127 747 1286 801 τοῦτο
1325 749 1500 801 ποιεῖν
1538 747 1793 819 παρῃτή-

211 865 402 902 σαντο.
446 844 580 901 Cum
625 841 763 898 enim
798 858 973 896 omnes
1003 842 1163 895 totius
1198 841 1339 894 orbis
1380 838 1633 893 Ecclesia:
1661 836 1798 892 Sab-

213 941 356 996 batis
403 938 643 994 omnibus
675 951 767 1006 per
800 950 1223 1005 unamquamque
1267 931 1648 986 hebdomadam
1681 947 1798 1001 my-

205 1031 380 1088 steria
421 1028 705 1094 celebrent,
765 1024 1115 1080 Alexandrini
1160 1033 1210 1078 et
1253 1023 1478 1077 Romam
1525 1036 1590 1076 ex
1635 1031 1800 1075 vetere

217 1121 455 1194 quadam
510 1121 799 1175 traditione
842 1119 899 1172 id
946 1133 1098 1187 agere
1151 1115 1528 1170 detrectarunt.
1575 1111 1652 1166 Ita
1692 1126 1799 1166 non

214 1211 462 1268 Orientis
495 1212 682 1279 modo,
725 1209 820 1266 sed
851 1217 904 1265 et
942 1208 1110 1263 totius
1154 1205 1305 1262 orbis
1345 1201 1799 1260 consuetudinem

213 1305 395 1360 fuisse
433 1301 657 1368 scribit;
701 1300 849 1371 quod
889 1313 992 1369 ego
1022 1312 1212 1352 verum
1241 1309 1351 1349 non
1384 1293 1643 1351 arbitror.
1677 1288 1804 1344 Fuit

218 1397 370 1451 enim
433 1393 675 1449 Orientis
735 1391 848 1448 fere
881 1390 1076 1446 solius.
1134 1386 1193 1441 In
1243 1385 1543 1457 Responsis
1587 1384 1800 1439 Canon.

215 1485 497 1544 Timothei
549 1485 816 1542 Alexand.
875 1483 1020 1554 apud
1083 1479 1646 1549 Balsam.,lnterrog.
1706 1493 1804 1532 χιιι

216 1581 516 1654 quaesitum
549 1587 636 1635 est
673 1597 686 1633 :
725 1576 928 1648 quibus
977 1575 1170 1631 diebus
1220 1572 1486 1643 coniuges
1525 1571 1809 1624 continere

139 1707 142 1710 ~
218 1672 501 1730 debeant?
547 1669 862 1740 Respondet
924 1666 1246 1722 Timotheus
1292 1664 1521 1718 omnino
1567 1660 1808 1715 Sabbato

219 1781 294 1824 ac
329 1765 616 1821 Dominiea
663 1760 1112 1832 temperandum,
1152 1757 1240 1812 διὰ
1270 1755 1331 1809 τὸ
1372 1756 1431 1808 ὲν
1474 1755 1664 1817 αὐταῖς
1711 1751 1808 1823 τὴν

218 1854 606 1927 πνευματικὴν
634 1851 825 1906 θυσίαν
863 1847 1234 1921 ἀναφέρεσθαι
1269 1845 1349 1917 τῷ
1383 1845 1594 1916 Κυρίῳ.
1639 1842 1810 1914 Igitur

1899 671 2118 720 camus;
2141 653 2448 719 Dominica,
2472 651 2606 720 feria
2634 655 2847 720 quarta,
2869 643 3182 707 Parasceve,
3211 639 3479 700 Sabbato;

1901 747 1990 804 sed
2019 757 2068 802 et
2093 744 2277 800 diebus
2312 745 2539 808 steteris,
2578 743 2634 795 in
2662 756 2790 810 quos
2816 737 3072 792 memoria
3101 733 3352 802 martyris
3379 730 3484 786 ali-

1901 840 2053 906 cuius
2102 835 2311 893 incidit.
2364 832 2524 890 Unde
2569 831 2715 902 quod
2745 831 2811 885 de
2852 828 3062 899 jejunio
3107 826 3311 882 dictum
3371 833 3480 888 est,

1901 932 2112 987 nullum
2146 930 2202 983 in
2241 942 2308 983 eo
2348 925 2681 982 celebratum
2711 919 2882 974 fuisse
2919 917 3261 988 mysterium,
3302 911 3481 968 nemi-

1902 1038 2140 1096 nemque
2180 1018 2618 1077 communicasse
2673 1010 2909 1067 ﬁdelium
2932 1050 2947 1074 ,
2978 1007 3046 1062 de
3083 1005 3200 1062 solo
3236 1002 3481 1070 Quadra-

1905 1092 2154 1188 gesimali
2204 1126 2304 1182 par
2333 1117 2419 1164 est
2459 1104 2668 1174 accipi,
2720 1103 2765 1157 si
2813 1095 3214 1153 Alexandrinos
3253 1092 3484 1155 eximas,

1904 1220 2142 1279 quorum
2171 1203 2317 1258 velut
2344 1198 2623 1271 singulare
2655 1192 2800 1248 istud
2835 1206 2866 1245 a
2898 1188 3124 1244 Socrate
3150 1196 3488 1240 commemo-

1907 1277 2084 1364 ratur,
2113 1295 2260 1369 quod
2302 1293 2439 1349 feria
2466 1297 2660 1361 quarta
2693 1297 2857 1357 atque
2895 1292 3048 1340 sexta
3083 1277 3266 1335 omnia
3295 1285 3490 1347 praeter

1905 1394 2133 1466 τελετήν
2163 1403 2444 1464 synaxeon
2475 1383 2698 1458 propria
2733 1377 3106 1454 praestiterint.
3129 1373 3206 1430 De
3227 1387 3338 1444 quo
3366 1386 3493 1442 pro-

1911 1489 2056 1543 xime
2090 1483 2417 1539 videbimus.

1979 1578 2224 1648 Denique
2261 1573 2406 1647 quod
2459 1565 2796 1640 Epiphanius
2853 1561 3149 1617 admonet:
3205 1554 3492 1624 Tnplicem

1908 1671 2059 1727 illam
2089 1667 2314 1740 synaxin
2356 1655 2566 1718 dierum
2595 1657 2810 1713 totidem
2834 1654 2898 1708 ab
2944 1649 3198 1722 apostolis
3239 1662 3350 1701 esse
3380 1655 3494 1704 tra—

1909 1764 2115 1826 ditam,
2157 1756 2304 1812 baud
2358 1753 2479 1809 scio
2526 1766 2593 1804 an
2647 1747 2780 1804 satis
2819 1751 2973 1800 certo
3004 1747 3258 1797 constare
3302 1744 3490 1807 queat.

1911 1853 2046 1908 Nam
2088 1849 2283 1923 primis
2329 1843 2592 1902 Ecclesiae
2653 1837 2995 1908 temporibus
3039 1846 3186 1887 unus
3229 1830 3497 1885 duntaxat

221 1947 481 2004 Sabbatis
533 1942 880 2000 Alexandria}
931 1915 1205 1997 celebrata
1263 1915 1558 2010 mysteria,
1615 1943 1808 1989 contra

1922 1943 2235 2001 Dominicus
2265 1940 2385 1996 dies
2421 1937 2487 1992 ad
2516 1947 2637 1990 eam
2675 1945 2789 1986 rem
2815 1929 3138 1983 observatus
3172 1922 3405 1983 videtur,
3435 1925 3497 1972 ut

221 2052 394 2109 quam
441 2034 686 2090 Socratis
750 2039 940 2088 aetate-
978 2029 1180 2086 factum
1233 2038 1337 2084 est.
1386 2027 1551 2097 Atqui
1595 2024 1808 2080 forlean

219 2128 411 2202 Cyprii
435 2127 610 2197 (apud
643 2139 784 2196 quos
812 2123 918 2179 ista
952 2121 1173 2192 scripsit
1198 2118 1574 2192 Epiphanius)
1606 2118 1812 2174 Roma-

219 2238 354 2284 nos,
375 2228 471 2274 aut
496 2218 706 2272 vicinos
738 2230 871 2272 suos
891 2211 1290 2268 Alexandrinos
1322 2210 1543 2273 imitati,
1575 2224 1810 2280 synaxes

221 2314 410 2370 nullas
439 2308 695 2365 Sabbatis
738 2307 1090 2363 instituerunt
1118 2320 1133 2358 :
1169 2301 1395 2374 reliquis
1418 2315 1571 2365 vero,
1598 2299 1703 2354 hoc
1727 2306 1813 2354 est

223 2415 427 2480 quarta
467 2413 687 2460 sextave
733 2400 890 2466 feria,
922 2398 1070 2453 nulla
1099 2397 1154 2452 in
1205 2393 1508 2468 synaxibus
1551 2391 1812 2464 mySteria

223 2500 602 2556 celebrarunt.
659 2494 734 2550 De
772 2491 1048 2564 mysteriis
1098 2495 1245 2544 certe
1286 2485 1494 2541 mentio
1537 2497 1810 2553 nusquam

224 2592 321 2648 hic
372 2589 632 2652 habetur,
715 2592 905 2640 contra
965 2593 1130 2652 quam
1190 2575 1552 2632 Casaubonus
1614 2572 1815 2641 aliique

226 2691 440 2737 temere
470 2677 853 2750 prodiderunt.

305 2773 363 2828 In
417 2771 671 2843 sequenti
727 2780 999 2829 numero,
1061 2760 1399 2834 Epiphanius
1456 2758 1524 2813 de
1592 2753 1818 2811 Sabbati

226 2866 534 2940 synaxibus
577 2864 652 2919 ita
675 2861 935 2933 loquitur.
965 2867 1024 2914 ut
1053 2860 1110 2913 in
1141 2855 1386 2913 Ecclesia
1411 2869 1510 2910 sua
1539 2852 1820 2908 institutas

227 2973 433 3032 negare
460 2957 728 3012 videatur.
747 2952 949 3011 Scribit
974 2952 1118 3008 enim
1141 2951 1275 3006 εἜν
1300 2965 1412 3002 τισι
1437 2947 1494 3001 δὲ
1515 2945 1704 3008 τόποις
1725 2942 1820 2997 καὶ

228 3057 295 3108 ἐν
338 3055 452 3116 τοῖς
499 3049 742 3106 Σάϐϐασι
783 3045 1030 3112 συνάξεις
1092 3040 1451 3096 ἐπιτελοῦσιν.
1505 3036 1623 3093 Νοη
1658 3036 1822 3107 igitur

229 3145 293 3201 in
345 3142 565 3215 Cypro;
627 3153 692 3195 ac
758 3135 986 3208 proinde
1023 3131 1310 3187 verissima
1368 3136 1451 3183 est
1505 3125 1821 3196 conjectura

231 3247 473 3294 nostra:
515 3231 748 3305 Cyprios
792 3224 1292 3284 Alexandrinorum
1327 3233 1538 3276 morem
1579 3217 1822 3273 imitatos

231 3346 379 3389 esse.
405 3329 484 3384 Ae
509 3340 634 3382 cum
679 3321 842 3393 paulo
869 3327 995 3374 ante
1031 3316 1469 3372 demonstratum
1515 3311 1624 3378 sit,
1683 3323 1822 3380 qua-

233 3418 621 3494 dragesimalis
675 3413 870 3487 jejunii
900 3421 1145 3481 tempore
1177 3406 1329 3462 nulla
1378 3405 1434 3459 in
1485 3402 1658 3460 sacris
1689 3416 1823 3456 con-

236 3516 501 3573 ventibus
569 3510 842 3568 celebrata
914 3503 1084 3559 fuisse
1139 3497 1437 3572 mysteria,
1497 3496 1566 3551 de
1625 3501 1824 3564 quarta

239 3615 512 3676 sextaque
575 3601 709 3657 feria
763 3598 904 3653 idem
957 3591 1130 3648 videri
1192 3587 1395 3660 possit,
1441 3601 1567 3642 cum
1614 3583 1670 3638 in
1720 3581 1827 3636 illis

238 3701 494 3759 solemne
563 3713 816 3772 peraque
849 3686 1122 3761 jejunium
1168 3682 1479 3745 exstitisse,
1522 3685 1714 3733 auctor
1754 3677 1827 3731 sit

238 3769 609 3863 Epiphanius.
661 3769 766 3839 Sed
811 3797 878 3837 ne
916 3777 1059 3835 istud
1106 3788 1522 3836 asseveremus,
1571 3769 1828 3842 prohibet

238 3885 302 3943 in
329 3883 522 3955 primis
555 3878 707 3943 illud,
731 3875 878 3947 quod
905 3875 939 3946 ἠ
966 3873 1075 3928 τῶν
1104 3866 1560 3944 προηγιασμένων
1583 3865 1828 3935 λειτουρ-

238 3975 342 4046 γία
376 3974 476 4030 soli
511 3967 956 4038 Quadragesima:
1011 3963 1223 4034 jejunio
1277 3961 1334 4016 in
1373 3956 1654 4014 veteribus
1697 3968 1831 4010 con-

241 4071 395 4130 ciliis
423 4077 477 4123 et
510 4063 782 4136 liturgicis
812 4058 1138 4116 ascribatur.
1191 4053 1416 4110 Accedit
1449 4059 1503 4106 et
1532 4046 1831 4106 disertissi-

239 4179 373 4221 mus
419 4156 742 4216 Tertulliani
798 4155 986 4218 locus;
1018 4152 1112 4222 qui
1168 4150 1224 4204 in
1272 4147 1367 4202 lib.
1421 4145 1499 4199 De
1543 4153 1680 4198 orat.
1728 4141 1831 4196 sub

243 4262 416 4316 tinem
450 4252 710 4316 ostendit,
757 4247 890 4321 ipsis
938 4246 1236 4301 stationum
1278 4240 1494 4305 diebus,
1533 4251 1657 4307 qua:
1695 4233 1832 4290 feria

242 4357 444 4422 quarta
484 4354 747 4414 sextaque
778 4354 904 4397 cum
936 4335 1163 4409 jejuniis
1203 4332 1353 4388 obiri
1409 4335 1829 4391 consueverant,

242 4415 314 4494 tit
345 4435 506 4506 paulo
537 4440 661 4504 post
691 4430 932 4494 dicetur,
982 4423 1251 4481 sacriﬁcia
1294 4418 1585 4480 celebrari,
1619 4433 1685 4473 ac
1716 4415 1831 4472 Do-

243 4529 519 4590 minicum
565 4537 770 4595 corpus
803 4522 861 4576 in
908 4517 1094 4574 ﬁdeles
1140 4512 1396 4570 distribui
1438 4512 1636 4567 solere.
1666 4508 1833 4564 Simi-

1909 2056 1977 2096 ex
2007 2036 2267 2109 Apostolo
2292 2032 2313 2086 Ι
2337 2031 2404 2088 ad
2433 2029 2563 2086 Cor.
2590 2042 2710 2097 cap.
2734 2039 2822 2079 xvr
2845 2020 3136 2090 colligitur.
3168 2013 3312 2081 Quin
3331 2012 3497 2066 etiam

1909 2107 2159 2190 Justinus
2207 2128 2412 2198 Martyr
2461 2121 2618 2193 Apol.
2648 2119 2719 2186 2,
2778 2131 2902 2172 eum
2940 2113 3008 2168 de
3057 2107 3497 2166 Christianorum

1915 2222 2272 2284 conventibus
2323 2193 2470 2287 agit,
2510 2211 2684 2268 solius
2737 2204 3035 2261 Dominica
3067 2198 3353 2261 meminit,
3399 2193 3502 2266 τὴν

1911 2318 1970 2372 δὲ
2018 2313 2111 2371 τοῦ
2158 2312 2314 2385 ἡλίου
2347 2305 2562 2380 ἡμέραν
2612 2302 2766 2371 κοινῇ
2801 2297 3002 2357 πάντες
3043 2292 3143 2364 τὴν
3189 2287 3499 2342 συνέλευσιν

1913 2380 2238 2484 ποιούμεθα.
2291 2405 2472 2473 Quare
2528 2398 2704 2470 magis
2761 2393 2815 2448 id
2849 2408 2913 2447 ex
2974 2389 3186 2460 privato
3241 2380 3502 2438 Ecclesiae

1914 2506 2184 2578 cujusque
2237 2500 2376 2564 ritu,
2431 2507 2596 2565 quam
2653 2503 2722 2544 ex
2772 2482 3052 2541 communi
3121 2476 3501 2548 apostolorum

1913 2575 2232 2678 praescripto
2277 2594 2582 2652 derivatum
2629 2583 2909 2648 existimo,
2935 2586 2997 2632 ut
3038 2580 3234 2647 quarta
3279 2575 3502 2624 sexlave

1916 2667 2073 2762 l‘eria,
2130 2667 2226 2748 aut
2278 2689 2445 2746 etiam
2512 2681 2752 2737 Sabbato
2805 2684 3040 2745 synaxes
3089 2667 3505 2727 conventusque

1918 2792 2131 2848 ﬁerent.
2167 2786 2344 2854 Quam
2374 2782 2427 2836 in
2455 2793 2569 2834 rem
2594 2772 2845 2845 egregius
2884 2775 2968 2823 est
3013 2756 3306 2831 Augustini
3352 2754 3508 2808 locus

1918 2842 2232 2956 Ettigius},
2263 2875 2357 2947 qui
2390 2871 2526 2929 mihi
2564 2842 2652 2923 ιιιέ
2686 2842 3048 2920 ascribendus
3079 2853 3296 2954 videtur
3326 2864 3344 2901 -.
3381 2842 3509 2899 Alia

1921 2943 2075 3036 vero,
2107 2967 2306 3040 inquit,
2338 2978 2457 3036 qua:
2484 2975 2576 3031 per
2602 2957 2718 3011 loca
2753 2963 3017 3006 terrarum
3048 2943 3382 3014 regionesque
3413 2949 3509 2988 ua»

1920 3023 2152 3128 riant'ur,
2182 3023 2363 3114 Isicuti
2395 3023 2648 3121 est'quod
2696 3046 2794 3100 alii
2834 3042 3084 3112 jejunant
3125 3031 3376 3092 Sabbato,
3413 3023 3512 3078 alii

1920 3173 2040 3213 uero
2066 3167 2208 3209 non:
2247 3149 2342 3203 alii
2364 3143 2600 3216 quotidie
2627 3136 3017 3194 communicant
3056 3123 3266 3196 corpori
3303 3130 3351 3175 et
3385 3134 3512 3172 san—

1849 3266 1893 3327 C
1926 3248 2076 3322 guini
2127 3207 2402 3299 Dominico
2426 3255 2444 3303 ;
2484 3234 2586 3327 alii
2617 3231 2772 3286 certis
2815 3223 3000 3280 diebus
3041 3217 3338 3327 aneeipiunt;

1923 3297 2104 3396 iiullus
2152 3333 2262 3386 dies
2306 3297 2679 3382 intermittitur
2707 3333 2809 3390 quo
2851 3331 2955 3370 non
3019 3311 3317 3379 offeratur;
3380 3297 3514 3354 alibi

1925 3430 2158 3488 Sabbato
2208 3430 2417 3478 tantum
2451 3425 2500 3472 et
2548 3412 2858 3474 Dominico;
2906 3404 3037 3461 alibi
3073 3407 3281 3456 tantum
3324 3390 3514 3447 Domi-

1926 3525 2043 3578 nico
2066 3537 2084 3585 ;
2109 3528 2157 3574 et
2196 3516 2242 3571 si
2271 3512 2399 3585 quid
2444 3509 2594 3564 aliud
2635 3501 2897 3575 ejusmodi
2933 3491 3284 3552 animadverti
3320 3492 3514 3585 potest,

1929 3621 2096 3667 totum
2139 3609 2234 3661 hoc
2272 3617 2432 3676 genus
2467 3612 2645 3653 rerum
2685 3593 2879 3648 liberas
2917 3587 3071 3640 habet
3103 3576 3512 3636 observationes.

1926 3674 2286 3760 Innocentius
2329 3707 2498 3766 porro
2543 3688 2704 3760 epist.
2749 3683 2791 3752 l,
2819 3697 2939 3752 cap.
2977 3679 3032 3743 4,
3080 3675 3214 3730 feria
3263 3680 3414 3725 sexta
3463 3674 3518 3719 et

1930 3793 2170 3850 Sabbato
2221 3757 2828 3844 sacramenta—minime
2874 3765 3141 3828 celebrari
3187 3762 3399 3824 scribit,
3428 3757 3516 3811 his

1928 3883 2112 3940 verbis
2144 3897 2157 3933 :
2203 3876 2356 3944 Quod
2387 3875 2565 3944 utique
2599 3885 2701 3923 non
2725 3864 2944 3918 dubium
2976 3867 3074 3924 est,
3104 3860 3161 3910 in
3191 3862 3397 3908 tantum
3428 3864 3516 3903 eos

1922 3975 2197 4046 jejunasse
2226 3968 2324 4041 (de
2359 3943 2624 4036 apostolis
2679 3950 2954 4024 loquitur)
3001 3946 3160 4000 biduo
3205 3943 3518 4001 memorato,

2023 4038 2246 4119 traditio
2289 4057 2542 4112 Ecelesiw
2581 4047 2796 4109 habeat,
2833 4046 2936 4097 isto
2974 4039 3134 4094 biduo
3184 4038 3522 4088 sacramenta

1931 4156 2137 4228 penitus
2167 4167 2271 4205 non
2303 4143 2578 4202 celebrari.
2604 4142 2662 4194 ln
2695 4128 3088 4191 Mediolanensi
3111 4123 3352 4179 Ecclesia
3379 4133 3523 4190 quo--

1935 4207 2062 4304 lidie
2095 4238 2427 4298 sacriﬁcium
2465 4233 2710 4288 oblatum
2735 4242 2796 4280 ex
2830 4219 3120 4278 Ambrosio
3141 4219 3392 4275 constat;
3425 4207 3522 4278 qui

1935 4301 2102 4396 serm.
2150 4332 2222 4388 ’54
2263 4330 2337 4384 ita
2365 4323 2653 4396 loquitur:
2707 4316 2892 4371 Moneo
2931 4312 3114 4371 etiam,
3147 4316 3203 4360 ut
3240 4303 3331 4375 qui
3358 4301 3522 4370 juxta

1939 4424 2234 4482 Ecclesium
2280 4427 2392 4481 est,
2428 4423 2479 4469 et
2535 4411 2646 4466 sine
2696 4406 2845 4480 gravi
2893 4400 3264 4471 impedimento
3318 4399 3521 4462 potest,

1936 4515 2170 4590 quotidie
2218 4509 2402 4566 audiat
2461 4503 2715 4567 missam;
2742 4507 2791 4552 et
2824 4497 2914 4567 qui
2947 4499 3136 4564 potest,
3180 4486 3323 4540 omni
3375 4489 3524 4535 nocte

245 4623 394 4685 liter,
421 4617 617 4690 inquit,
641 4574 705 4670 dre
728 4604 1017 4669 stationum
1039 4608 1221 4663 diebus
1252 4622 1354 4659 non
1383 4612 1573 4675 putant
1597 4601 1821 4672 plerique

1939 4574 2007 4665 ad
2037 4605 2357 4660 matutinum
2385 4597 2578 4651 veniat.
2618 4591 2686 4646 Et
2715 4589 2878 4662 paulo
2904 4593 3031 4657 post
3057 4601 3070 4637 :
3116 4579 3178 4633 ln
3213 4574 3526 4644 Quadrage-

2614 4685 2644 4690 ’λ
2844 4681 2856 4690 ·
2993 4685 3004 4690 -
3104 4673 3217 4690 ιιμν-
3289 4677 3343 4690 -.ι
3390 4662 3503 4690 ,κη-2

244 4712 640 4782 sacriﬁciorum
667 4703 996 4762 orationibus
1039 4697 1489 4756 interveniendum
1516 4711 1534 4759 ;
1561 4693 1699 4766 quod
1726 4699 1841 4747 sta-

249 4808 332 4864 tio
355 4801 604 4860 solvenda
637 4801 709 4854 sit
738 4806 948 4868 accepto
979 4808 1194 4864 corpore
1223 4789 1459 4844 Domini.
1505 4785 1647 4856 Ergo
1678 4784 1838 4838 devo-

249 4911 368 4956 tum
412 4895 523 4951 Deo
561 4891 866 4961 obsequium
909 4887 1254 4944 Eucharistia
1298 4881 1530 4948 resolvit,
1572 4897 1642 4934 an
1669 4877 1839 4949 magis

251 4991 366 5050 Deo
398 4986 642 5058 obligat?
684 4981 874 5038 Nonne
903 4981 1188 5034 solemuior
1233 4978 1332 5032 erit
1367 4975 1527 5030 statio
1567 4982 1678 5038 tua,
1712 4972 1759 5025 si
1791 4977 1840 5024 et

250 5080 328 5138 ad
366 5095 518 5134 aram
559 5075 658 5132 Dei
700 5071 957 5130 steteris?
987 5072 1210 5138 Accepto
1258 5081 1472 5136 corpore
1523 5061 1761 5126 Domini,
1791 5067 1840 5113 et

249 5179 544 5236 reservato,
580 5176 862 5235 utrumque
905 5161 1111 5217 salvum
1154 5169 1253 5227 est,
1282 5167 1331 5213 et
1364 5155 1703 5228 partieipatio
1748 5169 1842 5206 sa-

254 5266 478 5337 cri/icii,
510 5273 558 5319 et
595 5259 862 5316 exsecutio
897 5255 1070 5326 ofﬁcii.
1101 5252 1205 5320 Qui
1235 5253 1386 5305 locus
1420 5248 1582 5320 paulo
1609 5262 1640 5301 a
1681 5245 1841 5301 nobis

251 5367 451 5432 postea
483 5351 868 5412 declarabitur.
927 5347 1009 5403 Ad
1057 5346 1172 5400 haec
1214 5342 1450 5398 Basilius
1493 5342 1549 5395 in
1598 5337 1842 5409 Epistola

253 5448 333 5506 ad
362 5446 678 5509 Ctesariam,
703 5443 861 5512 cujus
891 5453 1057 5510 supra
1097 5435 1470 5498 meminimus,
1500 5447 1624 5487 cum
1655 5429 1842 5502 quoti-

255 5541 482 5595 dianam
528 5535 972 5596 communionem
1022 5530 1323 5612 plurimum
1361 5524 1838 5587 commendasset,

256 5633 371 5689 ista
413 5628 674 5699 subjicit:
720 5626 916 5697 Ἡμεῖς
958 5623 1144 5694 μέντοι
1178 5636 1242 5689 γε
1280 5617 1538 5687 τέταρτον
1568 5614 1692 5669 καθ’
1721 5613 1844 5668 ἑκά-

260 5741 398 5795 στην
436 5720 709 5793 ἑϐδομάδα
753 5715 1138 5787 κοινωνοῦμεν,
1166 5713 1224 5766 ὲν
1262 5713 1328 5783 τῇ
1374 5711 1660 5780 Κυριακῇ,
1692 5710 1749 5761 ὲν
1776 5708 1843 5778 τῇ

257 5816 508 5886 τετράδι,
537 5812 633 5868 καὶ
684 5815 744 5866 ὲν
785 5812 851 5882 τῇ
897 5807 1259 5879 Παρασκευῇ,
1291 5804 1385 5858 καὶ
1434 5801 1514 5872 τῷ
1555 5800 1841 5870 Σαϐϐάτῳ,

257 5909 365 5969 καὶ
399 5910 457 5961 ὲν
485 5907 604 5972 ταῖς
632 5903 821 5967 ἄλλαις
848 5900 1106 5974 ἡμέραις,
1139 5897 1234 5954 ἐὰν
1271 5893 1308 5971 ᾖ
1347 5897 1534 5970 μνήμη
1571 5895 1843 5967 μάρτυρός

1940 4701 2075 4756 sima
2118 4711 2236 4750 vero
2264 4705 2464 4754 moneo,
2498 4696 2556 4741 ut
2590 4685 2676 4739 die
2716 4681 2880 4747 omni,
2913 4685 3004 4731 aut
3033 4673 3245 4735 saltem,
3288 4677 3345 4719 ut
3385 4662 3526 4726 dixi,

1941 4781 2506 4853 Dominica,o[feratis
2565 4786 2615 4832 et
2668 4767 3084 4829 communicetis.
3153 4760 3312 4815 Varia
3362 4756 3529 4826 igitur

1943 4847 2241 4938 admodum
2286 4847 2381 4946 per
2413 4871 2686 4927 Ecclesias
2717 4859 3064 4922 consuetudo
3111 4855 3240 4910 fuit.
3284 4849 3403 4905 Non
3459 4847 3530 4902 de

1942 4970 2332 5031 vetustissimis
2382 4963 2721 5036 temporibus
2743 5002 2758 5027 ,
2794 4960 2970 5027 deque
3010 4948 3380 5008 Orientalibus
3411 4957 3533 4998 ma-

1944 5066 2109 5128 xime,
2139 5075 2262 5131 quae
2299 5057 2566 5120 diximus,
2599 5050 2829 5120 intelligi
2861 5047 3136 5101 volumus.

2014 5127 2206 5211 Exillo
2231 5167 2362 5208 vero
2397 5161 2676 5222 postremo
2720 5140 2997 5198 Ambrosii
3040 5138 3164 5194 loco
3213 5134 3391 5204 liquet
3422 5127 3526 5184 lal-

1945 5248 2226 5306 sissimum
2253 5259 2400 5311 esse,
2421 5241 2568 5313 quod
2609 5236 2881 5294 haereticis
2926 5228 3258 5304 quibusdam
3296 5222 3533 5279 nimium

1945 5340 2142 5398 stolide
2168 5349 2494 5409 persuasum
2529 5346 2651 5387 esse
2690 5328 2846 5382 video
2880 5335 3200 5393 :nunquam
3252 5317 3305 5370 in
3349 5322 3536 5367 vetere

1947 5408 2191 5490 Ecclesia
2221 5432 2446 5486 missam
2476 5425 2716 5482 auditam
2746 5437 2777 5476 a
2809 5418 3061 5474 ﬁdelibus
3091 5427 3232 5474 esse,
3264 5408 3394 5477 quin
3418 5417 3535 5458 una

1945 5525 2435 5585 communicarent.
2487 5517 2608 5585 Quo
2648 5518 2702 5570 in
2754 5527 2940 5568 errore
2990 5522 3119 5565 sane
3151 5496 3538 5572 stupidissimo

1945 5628 2195 5675 versatur
2245 5613 2602 5670 Casaubonus
2648 5605 2888 5662 Exercit.
2935 5601 3002 5655 16
3036 5598 3106 5652 ad
3151 5611 3279 5648 ann.
3321 5591 3530 5644 Baron.

1947 5728 2004 5766 η.
2039 5710 2128 5765 58.
2163 5707 2249 5775 Et,
2283 5705 2432 5778 quod
2460 5703 2660 5759 mirum
2694 5708 2798 5764 est,
2840 5697 2986 5752 hunc
3022 5688 3202 5757 ipsum
3251 5681 3531 5741 Ambrosii

1947 5804 2129 5860 locum
2167 5774 2334 5866 citati;
2388 5813 2489 5854 nec
2524 5795 2756 5852 advertit
2796 5788 3072 5851 eumdem,
3115 5798 3240 5838 cum
3279 5774 3536 5850 quotidie

1952 5898 2151 5954 missas
2178 5894 2388 5962 audire,
2412 5892 2465 5946 in
2491 5885 2920 5958 Quadragcsima
2942 5894 3092 5945 vero,
3121 5876 3164 5932 si
3189 5876 3304 5933 ﬁcri
3331 5875 3536 5946 potest,
