4064 6412
600 373 740 432 1087

1710 377 2056 435 APPENDIX
2089 376 2730 435 DlSSERTATlONUM.

3744 367 3869 424 1098

598 498 763 549 etiam
789 492 1192 549 communicare
1216 491 1429 563 jubeat.
1473 494 1608 550 satis
1664 495 1916 563 inuuere,
1970 512 2179 569 nequa-
2207 503 2255 560 Α
2283 494 2607 566 Cujusmodi
2662 509 2827 567 porro
2864 492 3130 550 stationes
3175 492 3281 549 illa:
3324 489 3551 553 fuerint,
3599 499 3661 544 et
3697 496 3868 541 utrum

597 598 763 657 quam
787 583 1051 654 quotidie,
1090 584 1303 640 caeteris
1336 582 1531 641 saltem
1577 593 1774 656 praeter
1812 584 2184 658 Quadragesi-

596 691 745 731 mam
800 676 1017 740 diebus,
1073 675 1545 731 communicatum
1595 675 1787 733 fuisse.
1821 677 1978 748 Apud
2009 678 2183 734 Euse-

596 767 745 823 bium
772 766 869 823 lib.
902 784 975 824 vn
1012 766 1220 825 Hister.
1246 784 1368 847 cap:
1406 768 1461 834 9,
1484 769 1537 824 in
1584 770 1810 825 historia
1868 770 2180 842 cujusdam,

596 860 689 929 qui
718 859 788 915 ab
824 858 1099 915 haereticis
1130 859 1461 929 baptismum
1494 866 1802 930 acceperat,
1831 861 1905 916 ita
1939 861 2138 933 legitur
2165 881 2180 918 :

595 952 965 1024 Εὐχαριστίας
986 949 1096 1022 γὰρ
1124 950 1528 1016 ἐπακούσαντα,
1559 944 1654 1005 καὶ
1684 952 2185 1024 συνεπιφθεγξάμε-

595 1061 683 1100 νον
699 1047 783 1115 τὸ,
802 1041 993 1116 Ἀμὴν,
1018 1043 1114 1097 καὶ
1140 1042 1392 1117 τραπέζῃ
1431 1041 1809 1115 παραστάντα,
1850 1044 1945 1099 καὶ
1993 1046 2183 1117 χεῖρας

596 1137 678 1201 εἰς
730 1134 997 1207 ὑποδοχὴν
1043 1136 1145 1207 τῆς
1189 1135 1349 1204 ἁγίας
1401 1134 1613 1206 τροφῆς
1662 1135 2035 1207 προτείνοντα,
2072 1147 2179 1193 etc.

596 1228 964 1286 Casanbonus
991 1235 1050 1283 ut
1078 1228 1267 1282 audire
1288 1230 1505 1282 missam
1538 1228 1682 1284 idem
1715 1244 1836 1285 esse
1861 1228 2004 1300 quod
2036 1245 2183 1284 com-

598 1322 872 1376 municare
928 1322 1233 1387 confirmet,
1291 1321 1438 1378 hunc
1491 1318 1712 1377 Eusebii
1767 1321 1947 1377 locum
2004 1319 2180 1387 aﬂ'ert,

599 1429 711 1485 quo
744 1415 879 1469 nihil
911 1422 995 1469 est
1026 1413 1287 1482 alienius;
1320 1429 1447 1468 nam
1494 1430 1559 1469 ex
1608 1413 1798 1469 eodem
1832 1414 1950 1485 ipso
1984 1414 2183 1484 proba-

596 1514 711 1568 tur,
773 1503 1049 1560 diversum
1112 1519 1176 1559 ac
1223 1504 1540 1559 distinctum
1599 1519 1721 1560 esse
1769 1502 2029 1574 quiddam
2080 1504 2182 1556 ἐπ-

596 1597 817 1651 ακούειν
833 1597 932 1667 τῆς
950 1595 1321 1669 εὐχαριστίας,
1350 1605 1404 1652 et
1419 1596 1743 1667 participare
1771 1596 2043 1651 Dominico
2066 1612 2184 1650 cor-

595 1686 744 1754 pori;
770 1684 1022 1754 quamvis
1046 1684 1156 1739 duo
1184 1683 1300 1739 haec
1329 1693 1441 1738 tum
1470 1684 1540 1739 ab
1567 1684 1660 1739 illo
1692 1685 1932 1755 praestita
1954 1683 2178 1739 fuerint.

594 1776 653 1831 In
683 1776 980 1850 Agathensi
1012 1792 1142 1831 vero
1177 1776 1434 1842 concilio,
1471 1776 1617 1846 quod
1649 1791 1711 1831 ex
1750 1776 2014 1831 Gratiano
2052 1776 2182 1832 citat

2286 587 2491 659 jejunia
2521 586 2638 657 ipsa
2667 585 2933 642 stationes
2963 584 3246 655 appellata:
3280 583 3410 647 sint,
3446 581 3616 654 paulo
3653 586 3741 634 est
3777 579 3869 633 hoc

2290 679 2412 733 loco
2460 677 2775 748 diligentius
2821 674 3233 747 inquirendum.
3289 673 3398 730 Res
3443 672 3593 730 enim
3643 679 3731 727 est
3767 686 3868 725 non

2290 770 2475 826 minus
2527 769 2710 826 studio
2753 768 2937 840 digna,
2991 782 3156 840 quam
3206 776 3430 838 propter
3482 764 3867 836 antiquitatem

2289 863 2545 926 obscura.
2575 877 2749 934 neque
2783 861 2944 932 vulgo
2972 860 3106 917 satis
3139 861 3379 932 cognita.

2364 955 2640 1011 Stationes
2677 954 2844 1027 igitur
2878 962 3051 1009 statos
3094 952 3433 1025 jejuniorum
3465 966 3592 1007 esse
3620 950 3739 1005 dies
3769 947 3866 1002 Pa-

2291 1047 2488 1105 melius
2525 1047 2592 1103 ad
2637 1046 2731 1102 lib.
2780 1045 2854 1101 De
2898 1062 3091 1101 corona
3135 1044 3275 1109 mil.,
3309 1054 3429 1114 cap.
3481 1042 3542 1097 il
3570 1084 3587 1109 ,
3638 1040 3862 1097 scribit:

2286 1138 2600 1211 Metaphora
2621 1156 2654 1194 a
2681 1138 2937 1193 militibus
2964 1147 3104 1198 orta,
3133 1137 3273 1208 quod
3300 1135 3538 1208 quandiu
3562 1135 3619 1189 in
3643 1136 3864 1189 statione

2287 1239 2439 1285 erant
2476 1229 2725 1300 jejunare
2758 1245 2845 1284 eos
2871 1228 3160 1299 oportebat.
3209 1224 3363 1293 Quod
3413 1234 3468 1280 et
3506 1224 3638 1279 alibi
3665 1225 3859 1294 passim

2289 1321 2501 1392 repetit.
2539 1323 2618 1378 Ac
2655 1321 2929 1393 jejunium
2977 1319 3198 1391 quidem
3258 1317 3549 1373 stationem
3603 1331 3733 1371 cum
3776 1316 3862 1371 alii

2288 1415 2533 1486 plerique
2562 1423 2780 1481 vocant,
2803 1422 2918 1467 tum
2946 1410 3175 1467 Hermas
3207 1411 3301 1467 lib.
3329 1425 3411 1475 ιιι,
3437 1408 3604 1464 simil.
3640 1406 3693 1472 5,
3727 1407 3862 1486 Quid

2287 1484 2386 1574 est,
2427 1484 2640 1577 inquit,
2678 1506 2886 1562 statio?
2930 1502 2998 1558 Et
3052 1503 3187 1566 dixi,
3231 1496 3516 1572 jejunium.
3565 1484 3866 1554 Rbabinus

2289 1597 2513 1654 Maurus
2543 1598 2637 1653 lib.
2681 1613 2718 1653 ιι
2775 1595 2848 1651 De
2869 1595 3042 1649 instit.
3087 1594 3421 1663 cleric.,cap.
3474 1592 3564 1654 l8,
3612 1606 3681 1645 ex
3729 1608 3868 1661 quo-

2290 1691 2537 1747 rumdam
2577 1689 2845 1746 sententia
2887 1688 3028 1743 inter
3067 1687 3336 1758 jejunium
3392 1694 3444 1740 et
3470 1687 3778 1753 ,stationem
3816 1682 3868 1738 id

2290 1783 2555 1838 interesse
2591 1779 2803 1848 scribit,
2826 1780 2971 1850 quod
2996 1777 3266 1849 jejunium
3302 1777 3661 1846 indiﬂ'erenter
3685 1777 3857 1845 cujus-

597 1868 983 1935 Casaubonus,
1026 1876 1241 1923 tantum
1282 1868 1455 1934 abest,
1494 1875 1553 1921 ut
1593 1866 1799 1938 aliquid
1841 1866 1907 1922 ad
1937 1880 2179 1922 errorem
2213 1865 2254 1921 Β
2283 1875 2409 1930 libet
2451 1873 2556 1928 diei
2600 1873 2667 1927 εει
2717 1872 3063 1939 abstinentia,
3098 1887 3199 1925 non
3238 1887 3329 1939 per
3355 1869 3538 1939 legem,
3559 1869 3652 1922 sed
3678 1885 3867 1924 κεαη.

596 1959 751 2014 illum
793 1957 1188 2013 sublevandum
1222 1959 1498 2013 decretum
1531 1955 1713 2023 merit,
1755 1965 1815 2012 ut
1842 1956 2180 2013 contrarium

598 2049 780 2120 potius
814 2048 1103 2105 manifeste
1156 2049 1338 2119 colligi
1394 2051 1587 2119 possit.
1643 2048 1857 2104 Etenim
1913 2064 2037 2105 can.
2087 2048 2178 2117 47,

598 2141 789 2196 Patres
814 2142 885 2195 ita
917 2140 1239 2211 praecipiunt
1267 2158 1278 2194 :
1316 2140 1509 2195 Missas
1540 2141 1624 2196 die
1647 2140 1928 2195 Dominica
1957 2138 2179 2195 strcula-

598 2231 743 2285 ribus
769 2240 940 2285 tenere
969 2231 1195 2300 speciali
1222 2232 1406 2285 ordine
1429 2232 1794 2302 prwcipimus,
1836 2232 1917 2285 ita
1961 2239 2019 2285 ut
2060 2238 2184 2285 ante

602 2323 1016 2378 bruedictionem
1058 2322 1351 2377 sacerdotis
1375 2324 1575 2393 regredi
1596 2323 1821 2393 populus
1857 2339 1957 2376 non
1987 2337 2185 2391 presu-

596 2424 732 2467 mat.
759 2413 865 2480 Qui
898 2415 946 2469 si
968 2414 1208 2484 fecerint,
1238 2414 1303 2469 ab
1328 2416 1569 2486 episcopo
1616 2415 1823 2486 publice
1860 2417 2187 2485 confundan-

598 2518 707 2563 tur.
754 2508 919 2578 Atqui
980 2522 1103 2562 can.
1148 2507 1215 2562 18
1271 2508 1346 2563 ita
1414 2510 1605 2565 statuit
1650 2528 1663 2564 :
1728 2506 2044 2573 Sa’culares,
2094 2510 2185 2579 qui

598 2601 653 2655 in
698 2598 889 2654 Natali
926 2599 1161 2664 Domini,
1208 2596 1440 2664 Pascha,
1474 2599 1782 2655 Pentecoste
1810 2616 1913 2654 non
1946 2612 2184 2655 commu-

600 2694 918 2759 nicaverint,
948 2692 1199 2746 catholici
1230 2709 1335 2746 non
1379 2693 1685 2758 credantur,
1713 2709 1808 2747 nec
1838 2695 1977 2746 inter
2005 2692 2187 2747 catho-

598 2786 729 2839 licos
773 2784 1087 2838 habeantur.
1121 2783 1223 2839 Hic
1248 2784 1422 2839 tribus
1447 2784 1715 2840 duntaxat
1736 2785 1929 2841 diebus
1961 2796 2189 2855 quotan-

601 2877 690 2931 nis
740 2875 928 2932 fideles
977 2876 1046 2931 ad
1098 2877 1543 2931 communionem
1585 2876 1905 2947 compellit:
1936 2877 2049 2933 illic
2082 2874 2189 2933 Do-

600 2966 820 3024 minicis
883 2968 1114 3039 singulis
1169 2967 1328 3038 jubet
1389 2969 1580 3024 audire
1638 2969 1885 3025 missam.
1945 2967 2065 3025 Non
2106 2981 2190 3026 est

600 3059 768 3130 igitur
811 3059 951 3115 idem
993 3060 1181 3114 audire
1236 3061 1479 3125 missam,
1533 3075 1597 3116 ac
1644 3063 2191 3128 communicare;nec

2284 1968 2411 2020 dum
2451 1964 2722 2037 propriam
2758 1963 3079 2018 voluntatem
3109 1979 3129 2018 :
3167 1963 3354 2029 statio,
3401 1961 3696 2017 observatio
3745 1971 3865 2014 sta-

2285 2068 2523 2113 tutorum
2556 2057 2785 2125 dierum,
2824 2063 2883 2110 ut
2904 2063 3106 2127 quarta:
3129 2066 3178 2109 et
3220 2063 3382 2110 sexta:
3418 2053 3582 2123 feria,
3615 2052 3696 2107 vel
3720 2052 3870 2121 Qua-

2284 2149 2617 2223 dragesimce.
2654 2147 2908 2203 Citantur
2950 2156 3004 2203 et
3046 2148 3161 2202 haec
3198 2146 3339 2218 apud
3388 2143 3688 2201 Pamelium
3729 2147 3868 2198 Am-

2286 2243 2453 2299 brosii
2500 2241 2664 2297 verba
2694 2255 2860 2298 serm.
2891 2238 2960 2295 56
2990 2257 3005 2294 :
3049 2236 3316 2294 Stationes
3356 2246 3607 2293 vocantur
3632 2237 3865 2307 jejunio,

2285 2334 2425 2408 quod
2470 2343 2671 2388 stantes
2731 2342 2781 2387 et
2828 2339 3212 2405 commoruntes
3251 2332 3306 2384 in
3338 2330 3413 2384 eis
3458 2328 3700 2384 inimicos
3730 2328 3869 2382 insi-

2285 2429 2494 2482 diantes
2551 2424 2872 2496 repellimus.
2940 2421 3142 2478 Verum
3196 2427 3521 2492 neque'ego
3565 2418 3863 2475 stationem

2287 2518 2429 2574 idem
2461 2532 2583 2572 esse
2629 2532 2755 2572 cum
2781 2514 2992 2585 jejunio
3030 2513 3288 2576 arbitror,
3326 2526 3522 2582 neque,
3560 2519 3619 2564 ut
3655 2510 3870 2564 intersit

2288 2607 2518 2678 aliquid,
2545 2606 2843 2663 discrimen
2877 2603 3009 2659 illud
3037 2603 3232 2674 probo,
3281 2601 3426 2671 quod
3461 2600 3601 2670 apud
3640 2598 3865 2652 libaba-

2289 2717 2421 2756 uum
2459 2701 2673 2773 tegitur.
2708 2698 2865 2767 Quod
2909 2698 3055 2754 enim
3109 2712 3141 2751 a
3185 2695 3397 2767 jejunio
3444 2693 3738 2763 discrepet,
3793 2707 3861 2746 ex

2291 2793 2626 2851 Tertulliano
2653 2793 2859 2865 liquet;
2889 2791 2983 2863 qui
3017 2790 3111 2846 lib.
3157 2805 3194 2843 ιι
3234 2789 3317 2843 Ad
3365 2803 3607 2853 uxorem,
3650 2799 3775 2854 cap.
3813 2784 3869 2846 ι,

2290 2887 2365 2943 ita
2388 2887 2663 2958 loquitur:
2692 2883 2761 2940 Ut
2790 2886 2836 2939 si
2862 2884 3022 2939 statio
3048 2882 3289 2953 facienda
3316 2889 3415 2943 est,
3440 2878 3667 2931 maritus
3693 2876 3759 2929 de
3788 2875 3875 2929 die

2292 2980 2535 3033 candicat
2581 2978 2652 3032 ad
2699 2976 2950 3043 balneas;
2999 2976 3046 3031 si
3088 2975 3298 3045 jejunio
3342 2971 3664 3027 observanda
3722 2975 3873 3033 sunt,

2294 3072 2526 3125 maritus
2557 3070 2742 3125 eadem
2785 3070 2869 3123 die
2918 3067 3209 3122 convicium
3249 3072 3505 3119 exerceat.
3530 3060 3673 3128 Quin
3705 3060 3871 3115 etiam

602 3152 769 3209 Illlbo
800 3152 889 3206 illa
926 3151 1166 3208 ﬁdelium
1194 3167 1296 3209 usu
1354 3151 1725 3225 Ecclesiteque
1759 3155 1963 3210 veteris
1995 3168 2188 3226 perpe-
2219 3204 2259 3228 η
2292 3163 2414 3220 loco
2440 3165 2532 3220 illo
2557 3163 2723 3219 citato
2754 3176 2818 3217 ex
2848 3160 2942 3215 lib.
2992 3170 3177 3214 contra
3222 3155 3415 3228 Psych.
3444 3169 3562 3224 cap.
3611 3153 3705 3218 l4,
3762 3160 3875 3207 sta.

603 3255 699 3299 tuo
725 3242 878 3298 fuere
904 3243 1218 3314 conjuncta.
1507 3293 1519 3303 .

671 3334 789 3392 Col.
820 3336 924 3392 885
947 3335 1007 3393 Β.
1043 3337 1281 3408 Τετράδι
1305 3337 1376 3393 δὲ
1389 3338 1487 3393 καὶ
1517 3339 1589 3393 ἐν
1610 3338 2018 3410 προσασσάτῳ.
2038 3340 2191 3395 Auti-

599 3426 867 3499 quissima
880 3438 964 3485 est
978 3430 1463 3502 utriusquejejunii
1477 3431 1687 3502 religio,
1706 3430 1865 3500 cujus
1877 3439 1930 3485 et
1943 3431 1995 3485 in
2009 3430 2193 3486 Aeria-

601 3518 689 3575 nis
716 3534 881 3590 supra
912 3520 1244 3577 mentionem
1271 3521 1399 3592 egit.
1424 3521 1480 3577 ln
1502 3535 1700 3578 canon.
1730 3521 1922 3593 Apost.
1942 3520 2034 3587 69,
2064 3530 2189 3575 cum

598 3611 1082 3684 quadragesimali,
1118 3613 1379 3687 τετράδος
1433 3623 1487 3669 et
1531 3615 1887 3685 παρασκευῆς
1913 3612 2186 3684 jejunium

599 3705 791 3763 eadem
841 3707 1128 3764 sanctione
1194 3708 1531 3779 praecipitur.
1583 3706 1665 3762 Ad
1711 3723 1875 3778 quem
1937 3708 2190 3764 Balsamo

601 3798 750 3856 istud
782 3799 1008 3855 adnotat
1038 3819 1050 3853 :
1082 3798 1308 3870 perinde
1337 3798 1555 3853 duabus
1599 3797 1705 3853 illis
1735 3797 1908 3864 feriis,
1934 3810 2101 3869 atque
2136 3799 2189 3854 in

603 3888 1056 3961 Quadragesima,
1078 3889 1415 3962 ξηροφαγίαν
1446 3891 1746 3959 praescribi.
1779 3888 1920 3943 Tum
1958 3905 2026 3945 ne
2054 3905 2194 3960 prte-

604 3982 746 4037 senti
798 3982 1019 4054 quidem
1070 3982 1265 4037 mortis
1311 3980 1368 4036 in
1430 3980 1675 4052 periculo
1728 3982 1991 4037 carnibus
2044 3981 2192 4038 vesci

602 4073 790 4130 licere.
835 4071 1079 4146 lgnatius
1118 4074 1280 4145 epist.
1314 4073 1347 4129 5
1373 4074 1442 4128 ad
1484 4072 1721 4143 Philipp.
1768 4074 2013 4144 ejusdem
2055 4089 2193 4145 pra:-

603 4166 749 4237 cepti
790 4165 1062 4221 meminit.
1092 4164 1148 4220 In
1180 4165 1410 4221 Constit.
1454 4174 1626 4236 apast.
1661 4166 1756 4220 lib.
1794 4180 1894 4233 vn,
1947 4182 2071 4237 cap.
2097 4166 2189 4232 25,

603 4274 777 4317 causa
821 4275 920 4315 cur
972 4259 1189 4333 τετράδι
1232 4259 1591 4332 jejunaudum
1639 4261 1709 4315 sit
1758 4260 1875 4316 hate
1917 4260 2189 4317 affertur:

605 4352 753 4424 quod
783 4361 838 4407 et
863 4351 999 4407 feria
1038 4363 1235 4424 quarta
1278 4353 1642 4409 deliberatum
1684 4368 1715 4408 a
1744 4350 1950 4409 Iudaeis
1995 4361 2083 4409 est
2126 4352 2193 4409 de

606 4443 987 4500 interﬁciendo
1015 4445 1259 4511 Christo,
1300 4455 1354 4501 et
1382 4441 1553 4502 Judas
1586 4461 1807 4517 operam
1852 4461 2009 4502 suam
2030 4447 2192 4502 detu-

2297 3256 2475 3311 tiones
2501 3271 2531 3310 a
2544 3252 2774 3325 jejuuiis
2802 3249 3072 3316 secernit;
3105 3262 3229 3303 cum
3258 3243 3584 3302 stationibus
3615 3249 3872 3313 quartam

2293 3356 2345 3401 et
2372 3351 2583 3401 sextam
2626 3342 2851 3399 Sahbati
2895 3342 3130 3397 dicatam
3162 3353 3285 3396 esse
3331 3336 3486 3403 dicit,
3516 3334 3875 3389 Parascevem

2288 3437 2537 3509 jejuniis.
2566 3436 2773 3494 Contra
2799 3435 2893 3491 lib.
2926 3434 3000 3489 De
3034 3449 3229 3489 corona
3256 3430 3370 3486 mil.
3409 3444 3529 3499 cap.
3568 3427 3657 3491 ll,
3684 3426 3877 3483 statio-

2292 3546 2392 3586 nes
2413 3528 2759 3600 projejuniis
2789 3526 3045 3595 usurpari
3077 3510 3351 3580 Pamelius
3381 3522 3685 3587 existimat,
3711 3520 3800 3575 his
3822 3519 3877 3572 in

2292 3618 2477 3673 verbis
2511 3635 2523 3671 :
2554 3614 2681 3670 Iam
2702 3625 2751 3671 et
2786 3617 3039 3671 stationes
3064 3623 3157 3669 aut
3189 3614 3288 3668 alii
3309 3612 3697 3683 magisjaciet,
3718 3626 3877 3680 quam

2294 3707 2546 3764 Christo?
2584 3716 2678 3763 aut
2708 3716 2758 3763 et
2792 3706 3074 3763 Dominico
3112 3705 3219 3771 die,
3251 3703 3465 3770 quando
3503 3719 3597 3758 nec
3625 3700 3879 3757 Christo?

2293 3798 2361 3855 Et
2387 3801 2560 3856 multo
2578 3800 2921 3856 manifestius
2955 3800 3049 3854 lib.
3084 3797 3160 3853 De
3183 3798 3384 3864 anima,
3417 3810 3538 3866 cap.
3574 3793 3646 3849 48
3679 3811 3694 3847 :
3734 3792 3878 3859 Quia

2292 3903 2341 3948 et
2376 3892 2567 3947 Daniel
2606 3893 2765 3946 trium
2795 3890 3181 3946 hebdomadam
3209 3889 3442 3943 statione
3471 3886 3617 3940 aruit
3657 3886 3877 3939 victum.

2372 3986 2479 4042 Sed
2512 4002 2614 4057 ego
2645 3985 2935 4041 stationem
2963 3983 3107 4054 apud
3134 3981 3529 4037 'l‘ertullianum
3562 3979 3874 4050 pnesertim

2292 4078 2612 4151 religiosum
2659 4077 2793 4132 illud
2853 4092 2977 4133 esse
3033 4075 3271 4130 tldelium
3322 4071 3559 4128 oﬂicium
3612 4069 3878 4133 arbitror,

2293 4189 2405 4246 quo
2436 4173 2602 4229 certis
2638 4172 2833 4227 diebus
2883 4171 2947 4225 ad
2982 4171 3212 4240 synaxin
3256 4170 3537 4227 adeuntes,
3566 4164 3774 4218 ibidem
3814 4161 3881 4214 ad

2293 4282 2499 4322 nonam
2554 4278 2731 4335 usque
2785 4263 3244 4334 perseverabant,
3300 4259 3368 4313 ad
3436 4271 3599 4326 quam
3654 4256 3885 4323 insuper

2290 4358 2499 4431 jejunia
2531 4357 2927 4428 producebant.
2979 4353 3135 4410 Unde
3169 4361 3224 4407 et
3244 4367 3344 4422 pro
3372 4348 3727 4404 multitudine
3765 4346 3883 4416 ipsa

2295 4461 2683 4523 conventuque
2712 4463 3109 4520 nonnunquam
3149 4446 3287 4502 solet
3318 4443 3511 4513 accipi.
3541 4440 3664 4496 Non
3699 4456 3882 4507 secus,

606 4536 689 4592 lit.
714 4535 815 4592 Cui
848 4537 1181 4608 astipulatur
1203 4547 1257 4592 et
1277 4536 1476 4595 Petrus
1505 4537 1915 4593 Alexandrinus
1943 4552 2068 4593 can.
2098 4537 2185 4593 15.
2217 4555 2269 4617 ι)
2294 4546 2511 4616 opinor,
2552 4559 2617 4598 ac
2654 4542 2910 4597 militaris
2938 4541 3105 4597 statio
3130 4548 3239 4593 tam
3270 4551 3369 4608 pro
3404 4536 3547 4602 loco,
3574 4550 3744 4604 quam
3785 4549 3885 4603 pro

607 4625 672 4682 Et
710 4628 928 4697 quidem
959 4628 1258 4698 probabilis
1289 4636 1373 4684 est
1398 4628 1501 4684 ista
1537 4629 1699 4685 ratio.
1739 4627 1916 4696 Quam
1944 4644 2077 4684 vero
2105 4628 2193 4683 hic

607 4717 949 4791 Epiphanius
978 4718 1176 4783 reddit,
1203 4717 1341 4773 falsa
1367 4727 1472 4784 est,
1513 4724 1568 4773 et
1600 4719 1930 4790 evangelicae
1972 4717 2194 4775 veritati

606 4812 907 4868 contraria.
963 4811 1093 4867 Vult
1142 4812 1288 4866 enim
1346 4809 1630 4866 Christum
1689 4810 1990 4867 Dominum
2054 4809 2195 4866 feria

609 4913 806 4974 quarta
823 4904 1304 4974 comprehensum.
1326 4901 1485 4971 Quod
1510 4904 1563 4958 in
1587 4901 1840 4958 Diatriba
1864 4904 1926 4959 de
1949 4904 2194 4973 passione

611 4993 825 5057 Domini
877 5011 1041 5066 supra
1104 4995 1420 5053 discussum
1464 5009 1529 5051 ac
1579 4994 1877 5051 refutatum
1934 5005 2040 5052 est.
2117 4993 2195 5052 De

608 5086 806 5145 iisdem
859 5088 1087 5159 jejuniis
1137 5089 1474 5144 mentionem
1526 5088 1657 5145 facit
1687 5105 1794 5145 non
1834 5106 1945 5147 uno
1977 5091 2031 5145 in
2073 5090 2197 5145 loco

612 5176 1002 5249 Tertullianus,
1030 5190 1085 5236 et
1134 5180 1399 5237 stationes
1455 5181 1565 5238 illis
1614 5182 1751 5251 ipsis
1814 5182 2008 5238 diebus
2054 5182 2197 5237 obiri

611 5271 967 5328 consuevisse
996 5272 1267 5344 signiﬁcat
1303 5291 1316 5329 :
1350 5273 1490 5328 utin
1527 5274 1623 5331 lib.
1666 5272 1742 5329 De
1756 5274 1981 5345 jejuniis
2008 5282 2197 5328 contra

616 5363 902 5437 Psychicos
954 5379 973 5418 :
1021 5363 1129 5420 Cur
1198 5366 1518 5421 stationibus
1591 5379 1839 5438 quartam
1891 5377 1940 5422 et
1989 5379 2199 5422 sextam

614 5452 837 5512 Sabbati
862 5456 1123 5522 dicamus,
1158 5470 1206 5512 et
1221 5457 1444 5528 jejuniis
1474 5458 1860 5517 Parascevem!
1883 5459 1949 5515 Et
1970 5476 2091 5531 cap.
2122 5461 2195 5515 2:

616 5547 704 5603 Sic
734 5558 783 5604 et
809 5550 1077 5622 apostolos
1111 5551 1434 5616 observasse,
1458 5552 1663 5607 nullum
1698 5554 1848 5608 aliud
1879 5552 2200 5625 imponentes

608 5640 796 5712 jugum
843 5654 1128 5700 certorum-
1176 5654 1224 5699 et
1265 5648 1320 5699 in
1363 5661 1636 5702 commune
1662 5649 1904 5703 omnibus
1934 5649 2201 5704 obeundo-

2295 4635 2478 4691 standi
2503 4646 2557 4691 et
2582 4633 2886 4691 excubandi
2913 4630 3194 4687 iunctione
3216 4672 3231 4697 ,
3269 4630 3380 4684 imo
3406 4636 3459 4683 et
3494 4642 3598 4697 pro
3633 4627 3758 4697 ipsa
3783 4626 3887 4679 mi-

2292 4730 2439 4786 litari
2523 4745 2691 4785 manu
2773 4727 2917 4799 apud
2984 4725 3209 4781 Latinos
3287 4730 3605 4792 usurpatur.
3698 4718 3886 4774 Livius

2292 4823 2390 4879 lib.
2457 4822 2664 4878 xx'xvm
2725 4842 2738 4876 :
2789 4819 3144 4875 Pabulatores
3213 4817 3605 4888 lignatoresque
3659 4811 3884 4866 Romani

2295 4917 2352 4971 in
2380 4934 2496 4972 eam
2546 4927 2772 4987 partem,
2832 4916 2888 4970 in
2931 4931 3035 4985 qua
3085 4913 3407 4985 colloquium
3451 4909 3697 4981 futurum
3746 4918 3881 4976 erat,

2296 5008 2444 5063 ducti
2485 5017 2629 5073 sunt,
2676 5008 2843 5062 tutius
2890 5005 2945 5061 id
2997 5006 3238 5076 futurum
3287 5004 3510 5059 tribunis
3557 5003 3721 5067 ratis,
3760 5002 3884 5072 quia

2296 5117 2431 5158 coss.
2460 5101 2767 5172 prwsidium
2787 5108 2835 5153 et
2859 5099 3031 5167 ipsum
3053 5114 3149 5168 pro
3174 5097 3400 5151 statione
3423 5095 3659 5149 habituri
3686 5107 3839 5150 erant
3864 5111 3883 5148 :

2296 5209 2454 5249 suam
2513 5201 2689 5246 tamen
2726 5192 2954 5245 alteram
3007 5190 3291 5245 stationem
3336 5188 3552 5258 propius
3594 5198 3777 5241 castra
3818 5202 3884 5243 uc

2298 5288 2534 5360 equitum
2590 5294 2897 5357 posuerunt.
2934 5282 3100 5339 Erant
3145 5282 3367 5347 milites,
3405 5282 3497 5352 qui
3535 5280 3824 5351 aliquanto
3850 5295 3882 5334 a

2298 5380 2496 5438 castris
2557 5378 2843 5434 intervallo
2897 5376 2964 5432 ad
3007 5391 3197 5432 eorum
3244 5374 3469 5428 tutelam
3507 5371 3879 5428 excubabant.

2302 5470 2504 5527 Eodem
2551 5470 2715 5525 modo
2756 5468 3198 5524 Christianorum
3241 5466 3509 5522 stationes
3565 5473 3677 5517 tam
3716 5478 3882 5518 sacrae

2300 5564 2408 5619 illa:
2442 5562 2639 5620 diebus
2664 5562 2841 5618 certi!
2858 5559 3270 5620 exeuhationes,
3305 5570 3468 5626 quam
3497 5554 3723 5624 ipsimet
3754 5552 3883 5608 tide-

2299 5654 2434 5710 lium
2471 5662 2771 5710 conventus
2804 5651 3081 5723 appellati.
3125 5647 3353 5703 Tertull.
3399 5647 3452 5700 in
3495 5646 3643 5699 calce
3674 5644 3773 5698 lib.
3807 5640 3883 5697 De

619 5749 737 5787 mm
761 5733 1085 5804 jejuniorum
1107 5752 1127 5792 :
1148 5739 1367 5808 proinde
1393 5755 1483 5793 nec
1514 5743 1826 5807 stationum,
1857 5760 1974 5814 qua:
1994 5753 2044 5799 et
2076 5745 2203 5812 ipsa:
2303 5757 2441 5801 orat.
2472 5762 2492 5801 :
2524 5744 2582 5801 Si
2615 5746 2778 5799 statio
2811 5742 2874 5797 de
2913 5740 3137 5796 militari
3168 5736 3401 5805 exemplo
3448 5750 3640 5790 nomen
3691 5732 3881 5803 accipit

620 5838 743 5879 suos
786 5828 997 5898 quidem
1031 5830 1143 5885 dies
1184 5830 1433 5898 habeant,
1480 5843 1687 5903 quarta:
1725 5834 1873 5905 feria:
1912 5846 1958 5890 ct
2012 5846 2195 5893 sexttc.

2305 5837 2452 5912 (nam
2484 5847 2533 5894 et
2574 5836 2773 5895 militia
2823 5835 2917 5890 Dei
2962 5832 3190 5904 sumus),
3237 5831 3416 5903 utique
3467 5826 3618 5883 nulla
3673 5825 3881 5885 lwtitia,
