4064 6424
226 361 367 420 1039

1005 353 1093 408 DE
1131 351 1522 410 VETElllBUS
1558 350 1961 423 QUIBUSDAM
2000 355 2356 415 ECCLESIE
2398 355 2688 414 RITIBUS.

3348 362 3488 420 1090

224 478 335 530 sive
383 469 604 527 tristitia
680 464 955 523 obueniens
1010 469 1204 523 castris
1274 468 1527 523 stationes
1575 470 1805 523 militum
1834 473 1879 532 Α
1908 471 2230 537 stationum,
2264 472 2343 527 uti
2394 487 2493 528 nec
2539 474 2802 528 stationes
2860 472 3013 542 ipsa).
3074 472 3298 529 minime
3341 476 3483 533 ultra

226 563 507 622 rescindit.
544 561 760 629 Quibus
807 560 992 617 verbis
1036 561 1377 615 demonstrat
1421 575 1803 630 nequaquam,

225 657 372 728 quod
417 655 581 724 vulgo
634 667 962 723 persuasum
1015 662 1166 717 crat,
1218 651 1484 707 stationes
1536 650 1805 707 Dominici

227 744 474 814 corporis
522 728 911 798 communione
943 741 1192 807 dissolvi,
1235 743 1496 811 quoniam
1539 742 1806 813 quidquid

228 835 286 888 in
317 833 513 888 castris
546 832 777 895 accidat,
806 831 921 885 sive
949 845 1299 900 prosperum,
1336 829 1453 884 sive
1493 829 1668 893 triste,
1703 831 1807 883 mi-

228 922 406 978 litaris
462 919 823 975 nihilominus
886 920 1052 974 statio
1120 926 1453 988 perseverat.
1514 916 1805 986 Perperam

236 1012 407 1082 igitur
461 1009 762 1064 Rhabauus
827 1009 943 1063 haec
998 1008 1305 1078 posteriora
1356 1027 1372 1063 :
1433 1009 1613 1078 utique
1656 1008 1807 1061 nulla

228 1103 447 1165 laetitia,
495 1102 603 1155 sire
650 1100 895 1162 tristitia,
947 1109 1077 1162 etc.,
1131 1098 1278 1153 velut
1329 1113 1552 1153 causam
1605 1099 1805 1165 attulit,

228 1212 331 1251 cur
352 1194 796 1249 Christianorum
821 1191 986 1245 statio
1016 1206 1045 1245 a
1077 1189 1301 1244 militari
1341 1204 1540 1244 nomen
1573 1189 1809 1259 accepiso

227 1301 333 1344 set.
366 1287 486 1354 Quo
516 1287 707 1341 eodem
742 1300 933 1339 errore
962 1284 1237 1340 Parnelius
1275 1284 1343 1337 ad
1372 1283 1465 1337 lib.
1494 1282 1574 1337 De
1610 1299 1808 1337 corona

228 1378 347 1432 mil.
390 1392 513 1447 cap.
572 1377 658 1440 ll,
710 1376 1003 1431 stationem
1043 1374 1176 1428 dicit
1230 1389 1329 1443 per
1372 1374 1746 1443 metaphoram
1778 1388 1811 1427 a

230 1469 564 1524 militaribus
602 1466 933 1523 stationibus
985 1466 1276 1535 usurpari;
1311 1466 1449 1536 quod
1489 1464 1725 1535 quandiu
1754 1465 1812 1519 in

227 1563 460 1615 statione
479 1559 674 1613 milites
695 1568 872 1626 erant,
888 1557 1139 1628 jejunare
1169 1557 1293 1612 illos
1314 1557 1586 1626 oportebat
1615 1574 1634 1612 :
1665 1557 1812 1627 quod

228 1668 367 1709 sane
396 1653 686 1709 ridiculum
733 1663 843 1707 est.
874 1651 1063 1721 Neque
1116 1666 1246 1707 vero
1289 1651 1478 1707 tandiu
1531 1650 1813 1707 famelicos

230 1761 360 1802 esse
406 1745 775 1815 praesidiarios
824 1743 951 1799 illos
996 1751 1052 1799 et
1105 1743 1472 1810 excubitores,
1540 1743 1814 1799 exercitus

1908 578 2108 618 nonam
2165 564 2616 619 observabuntur.
2650 566 2834 629 Quare
2891 574 3091 619 merito
3140 579 3168 619 a
3198 566 3487 625 catholicis

1907 657 2168 726 castigata
2205 655 2659 709 Montanistartnu
2694 655 2786 708 illa
2820 656 3035 711 novitas
3062 666 3166 721 est,
3202 657 3346 727 quod
3373 667 3487 714 sta-

1909 748 2090 801 tiones
2121 755 2173 801 et
2197 746 2404 815 jejunia
2458 746 2603 812 aliis,
2631 761 2792 819 quam
2827 761 2949 816 quae
2975 746 3045 802 ab
3079 746 3320 805 Ecclesia
3356 765 3489 820 prte-

1909 838 2109 906 scripta
2130 845 2329 902 essent,
2357 838 2693 907 temporibus
2716 838 2783 892 ad
2800 853 3082 909 vesperam
3102 841 3483 897 extenderent:

1911 944 2037 982 nam
2072 928 2204 983 feria
2226 938 2422 997 quarta
2459 939 2722 1001 sextoque
2754 928 2821 983 ad
2852 944 3050 985 nonam
3075 931 3342 986 duntaxat
3363 947 3487 1000 pcr-

1908 1034 2187 1076 severasse
2230 1023 2282 1076 in
2320 1021 2553 1077 statione
2596 1021 2957 1078 Montanistas
2997 1024 3186 1077 eodem
3223 1025 3315 1078 illo
3345 1024 3486 1080 libro

1910 1127 2029 1183 cap.
2061 1112 2128 1167 10
2161 1111 2386 1167 Tertull.
2418 1113 2620 1169 iudicat
2652 1133 2663 1167 :
2694 1113 2816 1168 Non
2851 1116 3004 1184 quasi
3033 1131 3337 1183 respuamus
3386 1132 3486 1169 no-

1912 1223 2055 1268 nam,
2080 1206 2273 1275 inquit,
2298 1206 2383 1260 cui
2408 1217 2453 1260 et
2479 1217 2673 1277 quarta
2698 1204 2942 1273 Sabbati,
2961 1217 3007 1261 et
3035 1216 3180 1261 sexta
3200 1208 3489 1275 plurimum

1912 1297 2204 1367 fungimur.
2234 1295 2526 1367 Propterea
2557 1312 2687 1352 vero
2713 1297 3009 1352 stationum
3038 1296 3247 1367 jejunia
3277 1297 3366 1352 illa
3407 1313 3490 1350 se—

1911 1388 2190 1457 mijeiuuia
2214 1387 2281 1443 ab
2309 1388 2499 1444 eodem
2535 1397 2757 1444 auctore
2791 1387 3173 1454 nominantur,
3215 1403 3334 1458 cap.
3369 1388 3437 1442 15
3471 1405 3485 1441 :

1913 1477 2050 1533 Ecce
2085 1481 2222 1534 enim
2254 1479 2369 1550 (ait
2402 1479 2660 1534 adversus
2691 1478 3025 1547 catholicos)
3051 1478 3297 1532 convenio
3322 1494 3408 1532 vos
3439 1486 3491 1531 et

1912 1576 2105 1637 printer
2160 1564 2363 1635 Pascha
2412 1567 2738 1636 jejunantes,
2772 1569 2909 1621 citra
2956 1568 3078 1622 illos
3119 1569 3252 1634 dies,
3298 1567 3488 1638 quibus

1915 1658 2124 1712 ablatus
2152 1668 2229 1712 est
2253 1673 2511 1728 sponsus;
2539 1666 2586 1712 et
2620 1658 2912 1713 stationum
2950 1658 3286 1729 semijt-junia
3321 1659 3489 1712 inter-

1915 1760 2182 1820 ponentes.

232 1835 412 1907 ipsius
468 1844 631 1905 atque
658 1834 1004 1906 imperatoris
1035 1834 1302 1889 interluit.
1332 1832 1438 1889 Sed
1472 1849 1627 1889 neca
1656 1835 1813 1890 statis
1843 1829 1886 1886 Β
1987 1838 2093 1896 Sed
2160 1839 2589 1896 obscurissimus
2647 1846 2731 1894 est
2791 1838 2984 1895 iisdem
3044 1841 3111 1895 de
3162 1839 3490 1896 stationibus

230 1927 576 1998 temporibus
637 1928 904 1982 stationes
948 1926 1243 1981 nominatae
1286 1924 1561 1989 videntur,
1605 1924 1702 1980 sed
1745 1924 1812 1979 ab

230 2020 353 2091 ipsa
388 2019 702 2085 assistendi,
744 2021 847 2074 hoc
887 2025 970 2073 est
1010 2016 1372 2073 conveniendi
1404 2016 1810 2071 commorandi-

226 2125 341 2181 que
394 2108 712 2174 iunctione;
769 2110 914 2179 quod
976 2108 1120 2163 ultra
1185 2107 1488 2177 legitimum
1533 2121 1812 2177 synaxeon

228 2200 468 2272 tempus,
518 2202 772 2257 videlicet
803 2200 1157 2266 matutinum,
1188 2199 1435 2255 divinum
1468 2197 1706 2254 cilicium
1744 2199 1811 2254 ad

226 2309 434 2349 nonam
481 2310 652 2364 usque
702 2296 1091 2365 producerent,
1143 2302 1197 2349 et
1228 2293 1600 2349 diuturniores
1635 2292 1690 2347 in
1717 2307 1812 2347 ec-

226 2385 395 2441 clesia
429 2400 611 2440 meras
650 2395 894 2456 agerent.
940 2386 1098 2456 Apud
1138 2375 1474 2456 Cyprianum
1516 2383 1680 2452 epist.
1716 2382 1810 2448 4t,

225 2477 314 2532 Ad
356 2476 662 2532 Cornelium
693 2476 1163 2547 papam,stationis
1193 2491 1394 2532 nomen
1437 2483 1546 2529 tam
1580 2474 1647 2530 de
1683 2490 1816 2530 con-

227 2578 395 2625 ventu
429 2569 570 2639 ipso,
609 2585 773 2639 quam
804 2570 871 2625 de
902 2584 1146 2639 tempore
1186 2584 1252 2625 ac
1293 2569 1381 2624 die
1428 2577 1604 2639 potest
1649 2568 1810 2622 intel-

225 2660 356 2731 ligi;
389 2676 514 2715 cum
552 2661 620 2716 de
659 2659 952 2717 Novatiani
1001 2661 1195 2732 legatis
1236 2660 1293 2715 io
1344 2660 1584 2714 Africam
1629 2659 1814 2715 missis

226 2769 400 2825 agens
435 2772 449 2807 :
480 2753 587 2818 Qui
616 2770 734 2808 cum
764 2755 818 2808 in
845 2756 1096 2819 statione,
1134 2755 1333 2827 inquit,
1370 2753 1648 2809 invidiosis
1680 2771 1814 2824 quo-

228 2862 331 2916 que
383 2847 631 2901 conuiciis
703 2856 755 2901 et
816 2846 1142 2903 clamoribus
1204 2847 1519 2903 turbulentis
1592 2863 1815 2917 prorue-

228 2946 378 3001 Fant,
414 2947 519 2992 etc.

304 3029 672 3095 Quamobrem
706 3030 974 3086 stationes
1005 3043 1114 3085 non
1144 3029 1355 3101 jejunis
1394 3032 1508 3102 ipsa
1542 3032 1689 3097 sunt,
1721 3032 1816 3086 sed

227 3135 357 3175 cum
388 3120 614 3190 jejuniis
641 3119 957 3188 conjuncta.
990 3118 1317 3191 Quanquam
1342 3120 1543 3191 duplex
1577 3123 1819 3192 jejunio-

228 3227 355 3266 rum
378 3227 555 3282 genus
585 3213 727 3281 apud
756 3211 1015 3281 antiquos
1044 3210 1146 3266 fuit
1178 3231 1192 3267 :
1224 3227 1351 3266 nam
1384 3212 1531 3267 aliud
1578 3214 1817 3283 exquisi-

229 3305 345 3360 tius
374 3313 512 3369 erat,
545 3304 689 3373 quod
718 3304 955 3374 longius,
994 3304 1097 3359 hoc
1120 3304 1298 3359 estad
1320 3314 1605 3374 vesperam
1640 3320 1819 3374 usque

228 3395 655 3466 prorogabatur,
692 3394 771 3448 uti
823 3393 1299 3465 quadragesimale
1338 3395 1630 3465 jejunium.
1690 3394 1820 3466 Epia

228 3487 470 3559 pltanins
518 3486 661 3541 enim
711 3483 876 3550 inira,
906 3484 1095 3543 eodem
1143 3484 1250 3540 isto
1301 3499 1554 3548 numero,
1576 3499 1819 3556 synaxes

228 3577 755 3650 quadragesimales,
787 3577 855 3632 ab
881 3578 1017 3633 hora
1045 3590 1190 3632 nona
1228 3576 1296 3631 ad
1332 3590 1615 3645 vesperam
1642 3590 1820 3645 usque

229 3671 502 3729 celebrati
539 3670 701 3726 docet
728 3686 742 3722 :
776 3676 902 3725 ante
922 3683 1063 3738 quas
1091 3675 1322 3739 synaxes
1345 3667 1555 3736 jejunia
1594 3667 1820 3722 minime

232 3763 613 3821 solvebantur.
638 3761 800 3817 Aliud
833 3768 951 3816 erat
971 3760 1135 3830 paulo
1160 3759 1447 3815 remissius
1476 3774 1542 3814 ac
1574 3758 1817 3826 brevius,

230 3856 383 3925 quod
410 3854 480 3909 ad
515 3870 715 3910 nonam
743 3854 1008 3910 duntaxat
1036 3851 1472 3923 produceretur:
1508 3852 1818 3923 cujusmudi

232 3947 388 4002 feria:
445 3955 654 4017 quartae
710 3955 986 4015 sextaeque
1030 3945 1300 4016 jejunium
1349 3946 1627 4001 exstitisse
1674 3945 1819 4000 idem

234 4037 575 4107 Epiphanius
616 4037 848 4093 asserit:
881 4036 1212 4105 Τετράδιδὲ,
1239 4037 1335 4091 καὶ
1357 4037 1415 4090 ὲν
1446 4034 1811 4106 προσαϐσάτῳ

231 4134 299 4186 ὲν
334 4132 552 4202 νηστείᾳ
584 4130 690 4193 ἓως
726 4128 876 4201 ὥρας
907 4128 1123 4200 ἐνάτης.
1167 4126 1305 4183 Hinc
1333 4135 1442 4191 est,
1477 4127 1640 4197 quod,
1670 4136 1729 4181 ut
1752 4142 1818 4182 ex

238 4222 585 4277 Tel-tulliano
618 4221 980 4290 conspicuum
1005 4229 1113 4283 est,
1145 4219 1410 4275 stationes
1432 4234 1539 4273 non
1567 4219 1709 4283 ultra
1728 4234 1822 4274 no-

233 4329 366 4368 nam
394 4311 835 4371 ostenderentur.
869 4310 990 4377 Quo
1026 4311 1248 4366 nomine
1284 4326 1313 4364 a
1340 4309 1649 4373 catholicis,
1680 4325 1821 4380 quos

231 4401 537 4473 Psychicos
560 4402 816 4471 appellat,
842 4400 1185 4455 Montanista:
1202 4400 1523 4470 reprehensi
1551 4410 1699 4464 sunt,
1719 4416 1819 4470 pro

1915 1939 2127 2002 quartae
2179 1938 2455 2001 sextaeque
2500 1928 2649 1984 feriae
2681 1927 2997 1984 Tertulliani
3028 1929 3184 1985 locus
3220 1944 3341 1999 cap.
3375 1928 3440 1983 14
3475 1945 3488 1982 :

1914 2022 2024 2079 Cur
2054 2021 2390 2086 stationibus,
2425 2022 2620 2090 inquit,
2665 2029 2913 2090 quartam
2956 2029 3006 2074 et
3030 2030 3234 2075 sextam
3268 2019 3491 2075 Sabbati

1914 2116 2180 2181 dicamus,
2227 2123 2277 2169 et
2324 2113 2542 2184 ieiuniis
2588 2112 2957 2167 Parasceceu?
3000 2111 3137 2168 Nam
3193 2111 3494 2168 Paraseeve

1912 2208 2044 2279 quid
2072 2207 2219 2262 aliud
2248 2213 2331 2262 est
2364 2221 2529 2276 quam
2563 2214 2710 2260 sexta
2743 2203 2999 2260 Sabbati?
3037 2203 3308 2260 Praeterea
3348 2205 3494 2274 jeju-

1914 2302 2065 2356 nium
2105 2298 2406 2354 Parasceve
2458 2296 2559 2352 soli
2616 2298 2829 2361 tribuit,
2878 2297 3036 2367 quasi
3090 2312 3198 2351 non
3247 2305 3299 2353 el
3356 2298 3492 2353 fetia

1913 2401 2107 2464 quarta
2141 2400 2198 2448 ut
2226 2392 2411 2456 statio,
2443 2389 2515 2443 ita
2536 2388 2810 2459 jejunium
2841 2389 3084 2446 solemne
3114 2388 3296 2442 fuerit.
3317 2386 3493 2458 Hujus

1913 2484 1967 2538 in
2023 2483 2126 2538 loci
2181 2481 2624 2552 interpretatione
2691 2481 2893 2534 mirum
2952 2479 3081 2549 quid
3144 2477 3385 2533 Pamelio
3435 2479 3491 2532 in

1915 2585 2152 2631 mentem
2206 2573 2434 2637 venerit,
2489 2588 2615 2628 cum
2667 2570 3009 2626 Parasceven
3065 2584 3095 2624 a
3154 2568 3493 2623 Tertulliano

1912 2684 2056 2723 nove
2108 2666 2407 2722 Sabbatum
2457 2664 2717 2736 appellari
2760 2662 3011 2718 credidit.
3064 2661 3370 2727 Stationes,
3408 2660 3494 2714 in~

1914 2762 2052 2831 quit,
2092 2758 2321 2829 appellat
2351 2767 2557 2828 quarta:
2602 2765 2651 2810 et
2691 2764 2855 2809 sexta:
2900 2754 3049 2822 ferite
3091 2752 3319 2823 jejunio,
3353 2750 3493 2821 quod

1914 2862 2115 2908 statuta
2149 2860 2318 2906 essent
2352 2851 2461 2905 illis
2484 2848 2667 2903 diebus
2685 2848 2916 2917 jejunia,
2947 2863 3051 2900 non
3073 2847 3196 2900 item
3222 2846 3311 2899 die
3330 2842 3497 2897 Para-

1915 2961 2104 3008 sceves,
2131 2958 2248 3014 quae
2287 2950 2442 2996 erant
2483 2939 2806 2995 uoluntaria.
2836 2937 2903 2990 Et
2936 2950 3163 2992 numero
3189 2942 3450 3005 sequente
3477 2951 3493 2987 :

1917 3039 2244 3091 Paraseeuen
2305 3035 2383 3090 ait
2419 3049 2531 3091 esse
2572 3031 2870 3088 Sabbatum
2896 3066 2913 3094 ,
2974 3029 3112 3100 quod
3163 3027 3497 3081 ﬂaminicam

1918 3129 2250 3198 praecederet.
2282 3126 2400 3192 Quo
2430 3127 2514 3179 die
2540 3124 2808 3194 jejunium
2832 3138 2927 3192 pro
2947 3122 3198 3191 cujusque
3228 3119 3496 3174 voluntate

1918 3229 2181 3274 servatum
2211 3228 2309 3272 est.
2343 3214 2487 3271 Nihil
2523 3224 2615 3270 aut
2643 3214 2957 3276 absurdius,
3000 3223 3094 3267 aut
3124 3212 3269 3281 quod
3300 3226 3332 3265 a
3362 3209 3490 3265 Ter-

1918 3310 2130 3365 tulliani
2185 3316 2368 3363 mente
2424 3307 2598 3377 magis
2650 3306 3005 3368 abhorreret,
3060 3300 3241 3356 atl‘erri
3291 3300 3493 3370 potuit.

1919 3401 2151 3456 Tantum
2182 3399 2330 3455 enim
2378 3398 2548 3463 abest,
2580 3404 2641 3450 ut
2678 3393 3045 3450 Tertullianus
3087 3390 3384 3446 Sabbatum
3412 3389 3497 3460 je-

1912 3494 2084 3565 juniis
2128 3492 2366 3549 dicatum
2396 3503 2516 3545 esse
2545 3486 2995 3558 pronuntiaverit,
3029 3492 3091 3538 ut
3120 3483 3187 3538 de
3219 3496 3285 3537 eo
3311 3482 3495 3537 statim

1916 3587 2020 3644 ista
2048 3584 2354 3655 subjiciat:
2391 3581 2708 3650 Quanquam
2750 3593 2838 3632 vos
2882 3577 3045 3629 etiam
3089 3573 3401 3639 Sabbatum,
3448 3573 3498 3628 si

1915 3678 2149 3751 quando,
2180 3674 2522 3739 continuatis,
2567 3686 2832 3741 nunquam
2877 3669 2981 3722 nisi
3023 3667 3079 3721 in
3106 3664 3317 3721 Pascha
3353 3665 3500 3735 jeju-

1918 3770 2175 3832 nandum,
2203 3766 2490 3821 secundum
2521 3763 2778 3817 rationem
2807 3759 2936 3814 alibi
2971 3759 3252 3813 redditam.
3280 3755 3335 3811 Si
3361 3772 3501 3810 nun-

1919 3876 2083 3932 quam
2109 3858 2351 3914 Sabbato
2376 3853 2758 3926 jejunandutn,
2793 3866 2905 3906 uno
2934 3849 3209 3905 duntaxat
3247 3855 3495 3917 excepto,

1919 3953 2198 4024 quomodo
2228 3952 2469 4007 dicatum
2495 3963 2526 4003 a
2564 3947 2706 4014 suis,
2738 3944 2964 4015 perinde
2990 3959 3054 3999 ac
3080 3941 3386 4005 catholicis,
3413 3940 3498 4010 je-

1916 4047 2075 4117 junio
2103 4044 2399 4099 Sabbatum
2425 4040 2797 4097 Tertullianus
2818 4038 3002 4093 dicere
3028 4036 3205 4105 potuit
3223 4035 3246 4089 γ
3266 4031 3502 4088 Aliunde

1921 4140 2088 4209 igitur
2117 4135 2406 4206 quaerenda
2448 4142 2531 4189 est
2576 4132 2682 4187 loci
2723 4131 2871 4184 illius
2917 4129 3228 4198 explicatio.
3260 4126 3392 4193 Quae
3428 4140 3498 4178 an

1920 4227 2190 4300 ejusmodi
2216 4225 2391 4296 possit
2414 4237 2554 4285 esse,
2603 4219 3061 4276 considerandum
3089 4224 3210 4271 est:
3236 4214 3499 4268 nimirum

1922 4315 2243 4374 Tertulliani
2276 4324 2537 4383 tempore,
2568 4326 2692 4367 cum
2743 4309 3006 4365 stationes
3051 4304 3183 4360 feria
3217 4311 3411 4373 quarta
3444 4308 3503 4355 et

1922 4419 2074 4467 sexta
2102 4409 2313 4468 ﬁerent,
2348 4404 2521 4459 amba
2545 4403 2764 4473 quidem
2789 4399 2858 4454 ad
2886 4412 3087 4454 nonam
3116 4396 3383 4452 duntaxat
3407 4393 3500 4447 hoc

232 4508 309 4549 eo
360 4493 506 4563 quod
561 4495 828 4549 stationes
881 4507 1012 4548 suas
1061 4491 1129 4547 ad
1177 4505 1459 4560 vesperam
1492 4493 1815 4560 proferrent.
1852 4528 1896 4584 Β
1923 4517 2040 4557 mm
2072 4504 2373 4570 prorogata;
2418 4492 2707 4561 sunt;‘sed
2758 4490 2889 4545 feria
2932 4496 3126 4558 quarta
3161 4484 3344 4540 statim
3374 4489 3501 4552 post

234 4585 563 4640 Tertulliani
592 4586 753 4639 verba
792 4592 922 4639 sunt
943 4584 1037 4638 lib.
1057 4582 1129 4637 De
1140 4583 1364 4652 jejuniis
1390 4593 1577 4638 contra
1602 4583 1816 4653 Psych.:

233 4674 419 4745 Eque
446 4677 703 4730 stationes
738 4685 970 4737 nostras,
1001 4684 1057 4728 ut
1090 4674 1371 4743 indignas;
1415 4672 1676 4736 quasdam
1703 4689 1820 4726 vero

232 4776 291 4822 et
314 4767 368 4820 in
384 4783 555 4821 serum
574 4769 889 4822 constitutas
915 4766 1163 4821 novitatis
1182 4766 1391 4819 nomine
1418 4765 1664 4819 incusarat
1685 4778 1702 4817 :
1727 4764 1822 4817 hoc

232 4875 445 4930 quoque
471 4875 660 4913 munus
685 4870 731 4912 et
754 4874 820 4912 ea:
849 4858 1074 4913 arbitrio
1100 4858 1394 4913 obeundum
1431 4873 1542 4912 esse
1569 4858 1820 4921 dicentes,

233 4958 293 5006 et
318 4966 420 5003 non
445 4950 591 5004 ultra
618 4965 816 5003 nonam
844 4948 1203 5016 detinendam,
1223 4949 1287 5003 de
1315 4964 1411 5004 suo
1433 4947 1634 5003 scilicet
1659 4963 1819 5002 more.

233 5040 447 5097 Ibidem
478 5049 738 5111 praeterea
773 5059 787 5095 :
820 5040 1064 5111 Arguunt
1094 5057 1189 5095 nos
1220 5041 1360 5111 quod
1375 5040 1587 5110 jejunio
1606 5040 1824 5110 propria

234 5134 627 5200 custodiamus,
670 5134 809 5204 quod
843 5134 1093 5188 stationes
1115 5134 1422 5206 plerumque
1460 5134 1515 5187 in
1559 5149 1824 5200 uesperam

234 5225 619 5297 producamus.
666 5224 787 5292 Quo
839 5226 892 5281 in
943 5227 1066 5281 loco
1098 5240 1206 5280 non
1236 5225 1425 5280 leviter
1459 5225 1824 5281 hallucinatus

235 5324 334 5372 est
374 5317 689 5383 Pamelius,
740 5317 870 5373 dum
920 5316 1314 5372 Tertullianum
1345 5330 1440 5385 per
1490 5316 1823 5372 calumniam

238 5411 367 5465 lucc
416 5410 472 5464 in
519 5409 854 5465 ertltndoxos
898 5407 1083 5479 jacere
1121 5406 1332 5473 scribit,
1367 5408 1514 5477 quod
1557 5414 1824 5477 negarent

235 5502 534 5567 stationes,
574 5503 677 5558 hoc
706 5512 789 5556 est
809 5500 1018 5573 jejunia
1050 5501 1192 5556 ultra
1219 5515 1419 5555 nonam
1451 5501 1822 5571 propaganda,

235 5606 398 5658 cum,
431 5603 489 5648 ut
517 5609 581 5648 ex
617 5594 844 5650 intinitis
872 5601 1111 5648 veterum
1141 5591 1471 5648 testimoniis
1495 5599 1733 5658 constat,
1757 5590 1823 5647 ad

234 5682 384 5742 solis
455 5700 712 5741 occasum
781 5678 954 5755 usque
1010 5683 1221 5755 jejunia
1272 5681 1653 5753 produxerim.
1717 5681 1823 5739 Sed

233 5774 394 5835 aliud
422 5777 672 5833 videlicet
694 5778 859 5833 statio
877 5785 980 5843 est,
1008 5790 1174 5848 quam
1197 5774 1496 5847 jejunium;
1524 5784 1578 5845 et
1604 5773 1813 5847 jejunia

1924 4591 2179 4648 stationis
2205 4590 2410 4644 exitum
2438 4586 2742 4653 horamque
2767 4594 2966 4635 nonam
2986 4577 3254 4648 jejunium
3286 4574 3500 4631 solvere

1924 4684 2128 4740 licitum
2158 4680 2291 4736 fuit:
2323 4686 2473 4733 sexta
2495 4689 2626 4730 vero
2659 4673 2814 4740 feria,
2837 4671 3050 4742 expleto
3079 4668 3333 4725 stationis
3361 4675 3500 4721 tem-

1923 4788 2074 4844 pore,
2116 4786 2225 4825 non
2260 4767 2446 4825 statim
2493 4764 2577 4820 fas
2607 4772 2725 4820 erat
2757 4762 2923 4825 vesci,
2967 4760 3061 4817 sed
3108 4759 3175 4815 ad
3215 4771 3499 4827 vesperam

1923 4870 2136 4917 tantum
2170 4876 2183 4913 :
2216 4859 2359 4915 unde
2407 4857 2541 4912 feria
2588 4863 2779 4926 quarta
2805 4851 3231 4923 semijejunium,
3266 4857 3328 4904 ut
3360 4845 3500 4903 Ter-

1925 4954 2187 5009 tullianus
2240 4958 2417 5014 vocat,
2451 4948 2800 5005 observatum
2848 4952 2951 5008 est,
2991 4949 3143 4998 sexta
3202 4938 3500 5010 jejunium.

1924 5045 2005 5100 Ita
2042 5042 2321 5099 nonnullis
2350 5043 2405 5096 in
2434 5039 2591 5105 locis,
2621 5045 2682 5092 ut
2722 5034 2886 5107 paulo
2928 5035 3051 5104 post
3091 5039 3320 5087 testatur
3370 5028 3503 5100 Epi-
3536 5034 3539 5041 '

1908 5139 2185 5210 ‘phanius,
2217 5136 2347 5192 feria
2376 5135 2566 5206 quinta
2598 5130 2823 5201 majoris
2847 5126 3201 5183 hebdomadas
3230 5140 3357 5182 cum
3392 5131 3505 5180 sta-

1928 5233 2105 5288 tiones
2149 5237 2204 5285 et
2246 5242 2480 5299 synaxes
2502 5224 2570 5294 ad
2596 5223 2789 5277 horam
2832 5233 3034 5274 nonam
3077 5217 3503 5279 celebrarentur,

1927 5338 2035 5378 non
2086 5328 2272 5376 tamen
2317 5316 2551 5374 subinde
2599 5312 2809 5385 jejunia
2861 5309 3237 5366 solvebantur.
3273 5304 3338 5358 Et
3375 5318 3504 5358 vero

1926 5413 2162 5469 arctiore
2199 5410 2412 5482 jejunio
2461 5421 2528 5463 ac
2579 5405 2925 5462 diuturniora
2969 5400 3150 5457 inedia
3178 5393 3502 5453 celebranda

1924 5505 2044 5562 dies
2093 5504 2188 5560 illa
2227 5502 2428 5566 fuerat,
2457 5512 2579 5570 quae
2620 5495 2920 5554 Dominicis
2947 5488 3199 5548 Passieni
3232 5484 3506 5557 praecipue

1926 5605 2304 5653 consecratur.
2324 5591 2591 5663 Equidem
2614 5605 2725 5644 non
2753 5588 2911 5643 video
2934 5582 3064 5655 quid
3101 5581 3168 5635 de
3185 5573 3504 5632 Tertulliani

1926 5688 2048 5744 loco
2081 5687 2175 5742 illo
2204 5685 2311 5742 dici
2338 5682 2679 5756 probabilius
2706 5678 2901 5751 possit.
2933 5674 3053 5731 lam
3087 5683 3215 5725 vero
3252 5682 3349 5738 per
3380 5666 3505 5720 illus

1930 5778 2226 5837 stationum
2262 5776 2405 5844 dies,
2430 5791 2553 5849 quae
2584 5788 2710 5831 cum
2747 5769 2958 5849 jejunio
2983 5763 3289 5843 conjuncta:
3318 5765 3502 5829 erat.“
