4064 6406
604 332 740 390 ιιοι

1741 322 2089 382 APPENDIX
2129 318 2757 378 DISSERTATIONUM.

3744 322 3876 378 1093

596 459 789 507 contra
819 457 983 518 atque
1015 446 1066 502 in
1099 444 1643 516 majoribusjejuniis
1670 441 1928 512 usurpari
1958 454 2185 497 consue-

2290 447 2444 493 ratur
2471 457 2484 492 :
2534 436 2603 490 Εἴ
2627 455 2711 501 τις
2754 435 3008 509 κληρικὸς
3037 435 3236 507 εὑρεθῇ
3281 434 3378 507 τὴν
3410 434 3710 508 Κυριακὴν
3741 436 3876 508 ﬂui-

597 550 774 608 verat,
799 540 984 595 divina
1023 538 1280 610 mysteria
1333 548 1388 593 et
1435 536 1708 600 sacrilicia
1759 535 2182 606 peragebantur,

598 633 890 689 distributa
919 646 1138 702 quoque
1167 631 1221 685 in
1253 629 1439 686 lideles
1471 628 1823 684 Eucharistia
1852 645 1865 681 :
1899 640 2064 696 quam
2101 633 2185 678 ta-

599 736 723 776 men
756 737 864 776 non
893 720 1126 777 subinde
1177 722 1231 775 in
1260 736 1322 777 os
1352 720 1552 791 trajici,
1585 719 1680 775 sed
1715 718 1982 774 reservari
2022 730 2188 786 opor-

599 822 713 870 tere
750 811 1120 868 Tertullianus
1151 803 1532 877 admonet,iin
1574 811 1722 867 calce
1754 810 1851 865 lib.
1899 808 1976 862 De
2020 815 2185 872 orat.,

595 906 774 961 donec
801 905 1055 961 absoluta
1079 905 1151 961 sit
1177 904 1360 960 statio.
1394 903 1580 974 Neque
1615 911 1727 958 tum
1758 900 2186 973 praetermissum

529 1059 531 1061 1
595 998 815 1054 videtur
842 999 994 1069 pacis
1022 998 1299 1062 osculum,
1328 995 1472 1068 quod
1509 1009 1619 1050 uno
1651 993 1878 1049 Pascha:
1919 992 2007 1048 die
2041 1007 2190 1047 com-

527 1080 534 1150 ε
595 1089 836 1143 muniter
873 1088 941 1142 ab
982 1087 1241 1142 omnibus
1275 1086 1544 1141 omissum
1578 1085 1720 1139 idem
1750 1092 1944 1138 auctor
1977 1080 2186 1153 signiﬁ-

523 1175 535 1212 ί
596 1191 706 1236 cat.
747 1182 854 1236 Sed
886 1183 954 1236 de
980 1180 1149 1236 variis
1173 1179 1542 1234 Ecclesiarum
1587 1177 1784 1232 ritibus
1807 1175 2035 1230 consule
2064 1189 2186 1245 quae

597 1274 651 1327 in
688 1273 970 1344 superiore
998 1282 1126 1327 nota
1158 1288 1222 1326 ex
1245 1271 1550 1343 Augustino
1574 1277 1629 1325 et
1657 1268 1974 1324 Innocentio
2001 1265 2186 1323 decla-

597 1365 862 1420 ravimus.
898 1363 1059 1418 Plura
1107 1362 1174 1417 de
1208 1363 1311 1417 hoc
1344 1361 1643 1417 stationum
1697 1359 1806 1413 ritu
1849 1357 2187 1427 antiquitatis

597 1457 980 1512 ecclesiasticae
1023 1454 1257 1511 studiosi
1315 1453 1689 1525 pervestigare
1728 1461 2020 1523 poterunt;
2060 1463 2185 1505 cum

596 1559 645 1604 rt
692 1564 793 1604 nos
834 1548 1090 1619 pleraque
1122 1548 1377 1604 consulto
1405 1545 1854 1617 praeterierimus,
1887 1552 1947 1598 ut
1972 1558 2036 1598 ea
2069 1542 2186 1598 sola

595 1642 1111 1712 complecteremur,
1137 1655 1374 1710 quorum
1405 1637 1720 1695 obscuritas
1741 1635 1921 1692 lucem
1943 1635 2185 1707 aliquam

596 1739 795 1786 nostra:
823 1731 1212 1800 disputationis
1241 1731 1502 1800 exigeret.

2293 547 2392 602 ραν
2425 517 2719 600 νηστεύων,
2753 528 2786 600 ἢ
2811 528 2872 582 τὸ
2898 527 3172 582 Σάϐϐατον
3194 526 3358 598 (πλὴν
3389 525 3484 581 τοῦ
3520 526 3642 592 ἐνὸς
3667 528 3874 598 μόνον),

2289 621 2687 692 καθαιρείσθω
2741 622 2790 674 εἰ
2841 619 2897 673 δὲ
2941 619 3164 684 λαῖκὸς,
3208 617 3581 690 ἀφοριζέσθω·
3639 619 3874 674 Clericus

2287 715 2378 786 qui
2419 713 2699 768 Dominico
2740 712 2826 767 die
2851 753 2866 778 ,
2901 711 2978 766 vel
3024 709 3259 766 Sabbato
3313 710 3440 782 (uno
3480 710 3746 765 duntaxat
3789 729 3876 766 e1-

2289 804 2456 877 cepto)
2503 805 2751 875 jejunum
2788 803 3135 874 deprehensus
3184 805 3286 865 sit,
3333 804 3667 873 deponatur;
3709 805 3873 859 laicus

2287 897 2791 952 exeommuuicetur.
2836 895 2955 950 Non
2986 903 3164 966 potest
3197 895 3300 951 hoc
3331 895 3400 950 ab
3429 897 3700 966 apostolis
3726 912 3874 953 como

2289 990 2442 1044 muni
2469 1004 2590 1044 esse
2626 988 2845 1044 decreto
2897 987 3280 1043 constitutum.
3310 989 3417 1042 Aut
3445 989 3492 1044 si
3524 988 3875 1059 Apostolirus

2289 1083 2392 1137 iste
2433 1098 2610 1138 canon
2644 1091 2764 1148 est,
2812 1081 2928 1136 haec
2964 1081 3160 1147 verba,
3194 1080 3228 1152 ἤ
3280 1080 3342 1134 τὸ
3385 1079 3670 1135 Σάδδατον
3693 1122 3709 1148 ,
3737 1083 3874 1154 πλὴν

2287 1174 2382 1230 τοῦ
2427 1175 2545 1239 ἑνὸς
2578 1174 2741 1247 μόνου
2766 1213 2782 1240 ,
2829 1173 2898 1230 ab
2947 1172 3139 1229 otiosis
3179 1171 3443 1228 Graeculis
3470 1174 3685 1229 intexta
3728 1185 3873 1231 sunt.

2287 1266 2400 1325 Nec
2451 1267 2696 1324 melioris
2758 1276 2900 1322 notae
2949 1272 3115 1332 sunt,
3157 1278 3281 1334 quae
3337 1263 3392 1318 in
3431 1265 3619 1334 Apost.
3659 1267 3870 1320 constit.

2288 1363 2538 1435 leguntur
2571 1361 2666 1417 lib.
2710 1376 2816 1427 vn,
2842 1375 2962 1432 cap.
2992 1359 3065 1414 24
3085 1401 3100 1426 ,
3128 1358 3221 1414 ubi
3248 1359 3318 1413 τὰ
3338 1358 3592 1413 Σάϐϐατα
3634 1360 3732 1413 καὶ
3776 1362 3873 1424 τὰς

2289 1455 2576 1528 Κυρι-ακὰς
2607 1453 2886 1526 ἑορτάζειν
2907 1452 3174 1524 praecipit.
3204 1451 3361 1520 Quod
3387 1453 3458 1508 ab
3485 1453 3752 1523 apostolis
3780 1455 3876 1509 toti

2288 1547 2548 1606 Ecclesiae
2576 1564 2859 1619 nunquam
2897 1563 3020 1604 esse
3049 1547 3445 1618 praescriptum,
3486 1547 3876 1604 sanctissimo-

2289 1657 2410 1697 rum
2443 1640 2665 1696 Patrum
2713 1654 3018 1697 consensus
3045 1639 3386 1710 approbavit.
3416 1639 3538 1695 Alia
3571 1649 3659 1696 est
3682 1638 3876 1710 Ignatii

2288 1733 2452 1800 ratio,
2481 1733 2574 1804 qui
2612 1732 2680 1788 ad
2713 1730 3091 1803 Philippenses
3115 1731 3364 1787 scribens
3390 1771 3407 1797 ,
3442 1745 3549 1786 non
3577 1731 3878 1786 universali

665 1824 781 1880 Col.
804 1824 908 1879 888
923 1824 989 1878 A.
1005 1823 1072 1878 Δί
1072 1840 1149 1893 χα
1156 1823 1351 1894 μόνης
1363 1821 1474 1890 τῆς
1485 1818 1936 1892 Πεντηκοστῆς.
1953 1817 2087 1874 Vide
2100 1815 2185 1872 Ni-

2289 1802 2550 1881 Ecclesiat
2585 1824 2704 1886 iura
2733 1802 3097 1888 constituens,
3117 1823 3279 1893 epist.
3310 1823 3364 1889 4,
3388 1821 3492 1877 ista
3527 1823 3871 1892 pronuntiat:

596 1933 809 1972 coetuum
846 1931 1111 1972 cauonem
1139 1917 1262 1982 ult.,
1284 1915 1613 1972 Cassianum
1635 1914 1816 1970 collat.
1840 1913 1901 1967 2|
1916 1951 1932 1976 ,
1954 1927 2074 1982 cap.
2095 1912 2182 1966 11.

667 2010 804 2065 Ibid.
822 2009 884 2064 Β.
906 2010 1052 2063 Οὔτε
1065 2009 1123 2062 ἐν
1149 2007 1224 2078 τῇ
1247 2007 1438 2079 ἡμέρᾳ
1453 2007 1574 2062 τῶν
1598 2005 1984 2076 Ἑπιςσανίων.
2004 2003 2186 2060 Multis

598 2104 763 2174 igitur
794 2103 970 2159 modis
987 2102 1309 2159 admirabile
1335 2111 1418 2158 est
1439 2101 1716 2158 decretum
1741 2099 1870 2155 illud
1897 2097 2185 2170 Theophili

597 2195 954 2253 Alexandrini
1015 2196 1300 2267 episcopi,
1365 2195 1514 2267 quod
1592 2194 1736 2265 apud
1801 2191 2186 2250 Balsamonem

596 2299 776 2346 exstat
822 2305 946 2362 pag.
979 2288 1150 2355 1067,
1200 2289 1257 2344 in
1307 2303 1419 2360 quo
1451 2297 1505 2344 et
1529 2286 1885 2358 Tlteophania
1923 2287 2187 2358 νήστιμον

597 2381 810 2452 ἡμέραν
839 2395 962 2436 esse
990 2380 1122 2436 dicit
1147 2398 1161 2434 :
1190 2391 1265 2447 et,
1297 2382 1557 2452 quoniam
1607 2380 1700 2435 illo
1729 2393 1874 2435 anno
1914 2379 1968 2432 in
2000 2375 2188 2432 Domi-

597 2473 775 2527 nicam
811 2471 1099 2537 inciderat,
1153 2473 1344 2544 paucis
1375 2471 1753 2528 tantummodo
1783 2469 2012 2542 daetylis
2039 2468 2186 2524 vesci

591 2566 781 2636 jubet,
814 2579 926 2636 quo
980 2564 1049 2620 ab
1084 2565 1354 2621 haereticis
1384 2565 1664 2636 sejunctos
1711 2579 1771 2620 se
1813 2577 1936 2618 esse
1964 2561 2186 2633 proﬁte-

597 2665 812 2724 rentur,
843 2656 938 2728 qui
967 2654 1266 2712 Dominicas
1299 2656 1722 2713 resurrectionis
1767 2655 1913 2710 diem
1949 2668 2058 2708 non
2089 2668 2187 2710 coo

596 2749 803 2815 lerent,
865 2759 920 2805 et
977 2749 1084 2804 hoc
1137 2750 1277 2819 ipso,
1333 2749 1483 2820 quod
1541 2748 1904 2819 vespertinam
1956 2746 2184 2818 synaxin

596 2841 1070 2911 praestolarentur,
1116 2841 1308 2912 jejunii
1371 2839 1621 2912 religioni
1682 2839 2089 2906 satisfacerent;
2123 2852 2188 2892 ac

598 2941 875 3002 postremo
912 2949 1149 3008 synaxes
1188 2932 1257 2988 ab
1290 2931 1424 2987 hora
1476 2946 1622 2986 nona
1647 2930 2000 2986 celebrandas
2045 2929 2188 2986 indi-

601 3023 697 3078 cit.
756 3021 923 3093 Atqui
981 3021 1282 3080 Dominicis
1345 3023 1541 3080 diebus
1609 3036 1844 3093 synaxes
1906 3021 2189 3076 matutinas

602 3131 794 3172 omnes
821 3125 1009 3185 erant;
1033 3127 1088 3171 et
1115 3115 1262 3187 quod
1282 3131 1488 3188 paucos
1506 3115 1748 3187 dactylos
1777 3113 1880 3170 sub
1903 3128 2184 3185 vesperam

597 3206 990 3274 eomederent,
1033 3208 1171 3263 nihil
1220 3208 1511 3272 obstabat,
1568 3205 1861 3276 quominus
1915 3204 2186 3277 jejunium

596 3311 746 3355 esset
777 3300 1083 3371 ejusmodi,
1116 3301 1280 3372 quale
1330 3299 1632 3356 Dominicis
1685 3300 1879 3355 diebus
1931 3299 2189 3354 omnibus

601 3386 949 3443 interdictum
987 3387 1159 3445 fuisse
1186 3405 1312 3444 cum
1357 3388 1700 3461 Epiphanius
1741 3389 1846 3444 hoc
1877 3388 2034 3454 loco,
2071 3397 2188 3444 tum

598 3480 692 3534 alii
748 3488 961 3536 veteres
1009 3496 1201 3538 omnes
1250 3481 1539 3538 allirmant.
1591 3482 1860 3538 Caeterum
1906 3482 2048 3538 idem
2100 3483 2190 3538 ille

600 3571 888 3644 Theophili
917 3573 1074 3630 locus
1119 3574 1375 3631 admonet
1405 3594 1419 3629 :
1449 3575 1492 3631 si
1537 3571 1890 3645 Tlteophania
1921 3575 2090 3630 alium
2131 3575 2188 3630 in

598 3664 762 3729 diem,
797 3680 962 3736 quam
996 3664 1368 3732 Dominicum,
1406 3667 1788 3732 incurrissent,
1816 3667 2186 3739 xerophagiis,

600 3756 704 3810 hoc
733 3765 819 3811 est
847 3771 1008 3826 pane,
1041 3773 1166 3813 cum
1200 3758 1312 3814 sale
1339 3767 1392 3813 et
1413 3772 1576 3828 aqua,
1613 3758 1962 3829 transigenda
1997 3758 2184 3816 fuisse.

600 3845 761 3902 Nunc
795 3849 867 3902 oh
895 3848 1003 3903 diei
1033 3849 1355 3918 religionem
1392 3864 1598 3920 paucos
1624 3849 1869 3922 dactylos
1892 3852 2182 3908 remissos:

600 3951 741 4006 quos
765 3947 969 4002 tamen,
1002 3945 1061 3992 ut
1088 3938 1284 4008 jejunii
1309 3940 1452 3996 ratio
1481 3941 1794 4006 haberetur,
1819 3950 1946 3999 ante
1967 3959 2186 4015 vesper-

508 4101 512 4106 »
605 4025 772 4081 tinam
804 4027 1036 4098 synaxin
1075 4028 1364 4099 degustare
1393 4031 1581 4086 vetuit.

673 4117 808 4173 Ibid.
859 4118 969 4186 Τὰς
1007 4118 1077 4173 δὲ
1114 4120 1414 4191 Κυριακὰς
1459 4123 1723 4190 ἁπάσας.
1756 4123 1833 4180 De
1885 4125 2182 4182 Dominicis

601 4211 754 4278 solis,
785 4226 891 4266 non
922 4213 1051 4268 item
1077 4212 1352 4283 Sabbatis,
1387 4216 1682 4286 prudenter
1707 4218 1810 4273 hoc
1841 4219 2094 4288 advertit,
2124 4229 2186 4276 ut

599 4312 655 4358 et
678 4303 881 4375 Gangr.
905 4305 1148 4376 synodus
1175 4322 1298 4362 can.
1327 4307 1394 4364 l8
1418 4309 1484 4364 de
1499 4307 1710 4378 jejunio
1728 4309 2024 4367 Dominicis
2043 4313 2185 4367 dun-

614 4405 765 4450 taxat
797 4395 1106 4464 interdixit;
1136 4413 1243 4453 non
1274 4399 1419 4454 enim
1447 4399 1647 4470 ubique
1667 4440 1681 4464 ,
1724 4415 1824 4456 nec
1858 4401 1912 4455 in
1938 4410 2050 4457 tota
2082 4401 2185 4458 Ec-

2288 1916 2358 1970 Ετ
2397 1932 2482 1980 τις
2506 1913 2820 1988 Κυριακὴν,
2861 1914 2894 1985 ἢ
2945 1913 3222 1968 Σάϐϐατον
3270 1911 3541 1984 νηστεύει,
3581 1913 3724 1985 πλὴν
3752 1915 3876 1978 ἑνὸς

2289 2007 2570 2062 Σαὸσάτου
2597 2046 2614 2073 ,
2658 2000 2815 2071 οὗτος
2855 2005 3251 2079 Χριστοκτόνος
3287 2005 3453 2060 ἐστίν.
3494 2004 3876 2062 Graeculorum

2287 2117 2418 2157 vero
2451 2115 2584 2156 sane
2623 2099 2983 2156 intolerabilis
3019 2109 3106 2155 est
3154 2097 3364 2166 fastus;
3401 2099 3494 2170 qui
3546 2098 3597 2153 in
3639 2100 3879 2170 pseudo-

2288 2191 2499 2263 synodo
2551 2189 2807 2246 Trullana
2880 2205 3002 2246 can.
3059 2189 3150 2256 55,
3203 2188 3504 2245 Romanam
3564 2189 3874 2248 Ecclesiam

2287 2285 2570 2350 damnant,
2605 2284 2749 2355 quod
2790 2299 2887 2354 per
2914 2282 3398 2355 Quadragesimam
3436 2283 3687 2341 Sabbatis
3725 2285 3878 2355 jeju-

2288 2387 2502 2434 narent.
2535 2377 2702 2448 Atqui
2736 2376 2993 2434 Socrates
3021 2377 3118 2433 lib.
3152 2393 3206 2443 v,
3233 2393 3361 2449 cap.
3391 2376 3481 2444 22,
3523 2375 3710 2432 Roma:
3732 2377 3878 2434 scri-

2288 2471 2369 2527 bit
2402 2471 2658 2529 Sabbatis
2698 2472 2751 2527 in
2778 2471 3207 2543 Quadragesima
3249 2472 3550 2543 jejunatum
3581 2486 3693 2526 non
3723 2486 3872 2528 esse.

2291 2563 2397 2621 Sed
2425 2565 2684 2620 nimirum
2715 2565 3078 2620 ballucinatus
3105 2573 3210 2629 est,
3227 2574 3322 2619 aut
3351 2565 3417 2619 ad
3436 2580 3623 2620 vocem
3658 2563 3874 2638 Ῥώμῃ,

2288 2656 2650 2728 adjiciendum
2676 2665 2762 2713 est
2783 2655 2881 2728 νέᾳ
2898 2698 2914 2724 ,
2940 2666 3001 2712 ut
3027 2655 3153 2710 νέαν
3184 2653 3399 2727 Ῥώμην
3415 2655 3879 2728 Constantinopo—

2289 2752 2382 2807 lim
2419 2749 2673 2821 appellet.
2719 2746 2856 2803 Nam
2892 2748 3126 2804 subinde
3159 2747 3328 2804 refert
3368 2749 3475 2802 πᾶν
3507 2749 3787 2803 Σάϐϐατσν
3816 2752 3878 2803 ὲν

2299 2839 2487 2912 Ῥώμῃ
2514 2837 2890 2912 νηστεύεσθαι.
2915 2837 2993 2895 De
3031 2837 3255 2895 Sabbati
3280 2838 3486 2910 jejunio
3513 2849 3731 2897 exstant
3765 2839 3880 2901 0c-

2289 2932 2645 2989 cidentalium
2676 2931 3014 3002 synodorum
3045 2946 3316 2998 canones,
3352 2941 3412 2987 ut
3451 2931 3771 2990 Eliberitani
3807 2934 3880 2990 26

2288 3031 2344 3079 et
2374 3023 2572 3094 Agath.
2607 3021 2696 3089 I2,
2757 3035 2969 3076 necnon
3009 3031 3064 3077 et
3108 3019 3408 3078 Innocentii
3435 3023 3595 3092 primi
3623 3023 3794 3092 epist.
3837 3041 3879 3091 ι,

2215 3148 2260 3209 c
2291 3135 2411 3190 cap.
2452 3120 2506 3176 4.
2548 3119 2722 3186 Quem
2773 3119 2993 3190 quidem
3033 3117 3263 3175 ridicule
3303 3117 3596 3174 admodum
3630 3117 3882 3191 Scaliger

2290 3211 2388 3269 lib.
2420 3225 2496 3267 vti
2535 3211 2607 3268 De
2636 3211 2840 3268 emend.
2892 3219 3050 3282 temp.
3083 3226 3207 3284 pag.
3239 3210 3376 3278 641,
3407 3211 3598 3267 scribit
3631 3211 3880 3282 primum

2288 3306 2537 3360 omnium
2566 3304 2874 3362 instituisse
2896 3344 2912 3370 ,
2948 3315 3011 3360 ut
3040 3302 3279 3360 Sabbato
3302 3304 3668 3375 jejunaretur.
3700 3303 3878 3371 Quasi

2286 3411 2419 3453 vero
2449 3403 2601 3452 tanto
2629 3404 2759 3452 ante
2789 3394 3167 3452 Innocentium
3208 3411 3316 3452 non
3343 3395 3474 3452 illud
3495 3397 3880 3454 Occidentales

2287 3489 2702 3556 consuetudine,
2739 3503 2862 3560 quae
2896 3488 3072 3545 tacita:
3106 3488 3242 3559 legis
3278 3489 3453 3544 instar
3481 3499 3649 3556 esset,
3684 3490 3882 3547 obser-

2287 3581 2553 3636 vaverint.
2577 3579 2764 3652 Neque
2813 3596 2944 3637 vero
2988 3581 3336 3637 Innocentius
3363 3590 3475 3636 tam
3523 3582 3592 3638 de
3646 3582 3878 3638 Sabbati

2281 3673 2496 3744 jejunio
2519 3672 2806 3744 praecepit,
2839 3688 3004 3744 quam
3033 3688 3231 3730 causas
3265 3674 3464 3740 attulit,
3497 3689 3599 3730 cur
3628 3673 3879 3730 Sabbato

2282 3765 2642 3836 jejunandum
2695 3765 2969 3822 videatur.
3009 3766 3093 3823 Ad
3146 3775 3486 3831 extremum,
3529 3767 3599 3823 de
3648 3765 3878 3823 Sabbati

2289 3855 2552 3928 religione
2612 3857 2754 3912 inter
2804 3856 3263 3928 pseudodiataxes
3307 3856 3644 3927 apostolicas
3695 3866 3884 3914 exstat

2287 3946 2434 4003 Petri
2461 3962 2528 4003 ac
2555 3945 2709 4004 Pauli
2760 3947 2984 4004 nomine
3010 3947 3155 4003 edita
3205 3948 3418 4004 sanctio
3452 3943 3550 4002 lib.
3584 3963 3708 4014 vni,
3749 3963 3879 4020 cap.

2287 4040 2389 4095 ὅδε
2426 4039 2494 4095 Ut
2522 4056 2582 4095 eo
2604 4040 2689 4094 die
2717 4057 2781 4094 ac
2805 4038 3084 4094 Dominico
3107 4039 3240 4094 servi
3267 4039 3330 4092 ab
3356 4055 3507 4108 opere
3537 4040 3722 4109 feriati
3745 4040 3878 4094 sint.

2299 4129 2754 4202 Ἐργαζέσθωσαν
2777 4131 2828 4184 οἱ
2854 4130 3029 4185 δοῦλοι
3051 4129 3208 4184 πέντε
3248 4129 3482 4202 ἡμέρας,
3517 4129 3801 4184 Σάϐϐατον
3821 4130 3884 4184 δὲ

2286 4225 2383 4279 καὶ
2419 4224 2706 4296 Κυριακὴν
2754 4222 3165 4296 σχολαζέτωσαν
3209 4224 3270 4277 ὲν
3322 4226 3387 4295 τῇ
3440 4224 3744 4297 Ἐκκλησία
3789 4224 3881 4279 διὰ

2285 4317 2387 4390 τὴν
2426 4317 2777 4372 διδασκαλίαν
2801 4318 2900 4390 τῆς
2947 4317 3251 4381 εὐσεϐείας.
3282 4315 3397 4372 lIoc
3427 4332 3558 4372 vero
3589 4333 3879 4388 nunquam

2289 4413 2357 4467 ab
2388 4411 2651 4481 apostolis
2681 4425 2934 4467 manasse
2956 4410 3234 4465 decretum
3259 4418 3482 4480 apparet
3504 4424 3574 4464 ex
3604 4425 3695 4472 eo,
3729 4410 3879 4481 quod

603 4485 771 4540 clesia
797 4483 1093 4541 Sabbatum
1121 4487 1315 4558 jejunii
1360 4504 1553 4560 expers
1597 4489 1717 4547 fuit.
1748 4489 1859 4546 Nec
1903 4491 2185 4564 ignorabat

2292 4505 2625 4561 Laodicensc
2653 4507 2851 4562 conci].
2903 4520 3028 4560 can.
3083 4505 3152 4559 29
3201 4505 3401 4560 diserte
3435 4513 3582 4559 vetat
3631 4504 3882 4560 Sabbato

605 4577 942 4647 Epiphanius
964 4580 1121 4635 aliter
1145 4579 1335 4637 Romae
1385 4591 1440 4636 et
1484 4582 1538 4636 in
1569 4583 1846 4655 plerisque
1869 4583 2185 4642 Occidentis

601 4672 936 4742 regionibus,
971 4687 1136 4742 quam
1173 4672 1228 4726 in
1271 4671 1492 4729 Oriente
1523 4676 1777 4745 usurpari
1809 4679 2182 4734 consuevisse.

602 4763 814 4819 Etenim
847 4762 1104 4831 Romani,
1126 4765 1273 4835 quod
1304 4766 1560 4822 Socrates
1583 4767 1676 4822 lib.
1702 4783 1756 4830 v,
1797 4783 1918 4838 cap.
1946 4768 2024 4822 22
2047 4769 2187 4825 scri-

600 4857 716 4923 bit,
754 4858 862 4912 πᾶν
890 4857 1171 4912 Σάϐϐατον
1221 4859 1562 4929 νηστεύουσι.
1615 4860 1692 4916 De
1743 4876 1854 4930 quo
1905 4860 2188 4919 fusissime

603 4946 846 5018 disputat
873 4949 1107 5019 August.
1139 4949 1300 5019 epist.
1343 4947 1412 5004 86
1449 4959 1502 5005 et
1534 4950 1695 5020 epist.
1729 4950 1830 5005 118
1856 4989 1871 5015 ,
1904 4960 1957 5006 et
1986 4952 2038 5006 in
2068 4951 2184 5006 An-

602 5039 816 5095 nalibus
865 5040 1136 5096 Baronius
1179 5041 1250 5096 ad
1299 5057 1390 5095 an.
1427 5041 1518 5097 58.
1559 5042 1738 5109 Quare
1789 5043 1940 5098 nulla
1983 5052 2068 5100 est
2116 5043 2186 5099 ab

602 5133 871 5202 apostolis
896 5133 1040 5188 edita
1067 5135 1281 5190 sanctio
1300 5174 1317 5202 ,
1347 5150 1453 5203 qua
1479 5134 1748 5205 jejunium
1778 5151 1846 5190 eo
1879 5136 1966 5192 die
1998 5137 2186 5206 prohi-

604 5229 842 5291 beretur,
880 5235 941 5281 ut
988 5227 1328 5298 Augustinus
1376 5228 1574 5284 asserit
1605 5228 1764 5300 epist.
1804 5229 1906 5284 118
1930 5273 1946 5297 ,
1988 5231 2080 5286 ubi
2129 5233 2185 5287 in

601 5318 766 5374 rebus
799 5317 1114 5388 hujusmodi
1140 5328 1299 5391 negat
1326 5320 1624 5391 quidquam
1647 5336 1770 5377 esse
1792 5321 1871 5376 vel
1892 5321 2185 5392 Scriptum

596 5425 802 5468 sancta:
851 5414 1174 5469 auctoritate
1197 5455 1214 5483 ,
1249 5415 1327 5469 vel
1371 5417 1686 5472 universalis
1730 5416 1980 5474 Ecclesia:
2012 5419 2186 5474 tradi-

597 5507 742 5562 tione
760 5507 1208 5575 determinatam;
1236 5509 1329 5564 sed
1358 5510 1506 5580 ejus,
1538 5511 1590 5565 in
1631 5527 1736 5581 qua
1772 5511 2008 5568 verseris
2031 5553 2046 5580 ,
2078 5511 2184 5568 Ee-

498 5595 505 5602 ’
598 5598 781 5654 clesia:
806 5600 1186 5655 consuetudini
1218 5601 1702 5671 obtemperari-lum
1736 5619 1877 5659 esse.
1916 5603 2034 5671 Qua
2061 5605 2185 5675 qui-

596 5689 722 5743 dem
779 5692 1186 5762 praescriptione
1244 5703 1504 5764 tanquam
1566 5697 1786 5766 spurius
1848 5705 1904 5752 et
1968 5698 2183 5754 alienus

599 5795 776 5836 «tuon
805 5782 892 5837 ille
933 5784 1196 5855 rejicitur,
1224 5787 1317 5857 qui
1352 5788 1494 5842 inter
1535 5789 1866 5859 apostolicos
1897 5788 1966 5848 68
1994 5806 2184 5848 nume-

2291 4597 2502 4653 0tiosos
2540 4611 2663 4653 esse
2703 4595 3066 4653 Christianos.
3123 4596 3249 4650 Ὅτι
3293 4596 3355 4649 οὺ
3390 4594 3472 4647 δεῖ
3510 4594 3882 4667 Χριστιανοὺς

2302 4689 2610 4754 ’ἰουδαΐζειν
2631 4729 2645 4755 ,
2695 4689 2788 4743 καὶ
2835 4690 2894 4743 ἐν
2942 4688 3019 4760 τῷ
3070 4688 3336 4761 Σαϐϐάτῳ
3377 4689 3658 4762 σχολάζειν
3680 4731 3696 4754 ,
3737 4688 3880 4742 ἀλλὰ

2288 4778 2620 4851 ἐργάζεσθαι
2668 4780 2866 4842 αὐτοὺς
2918 4781 2976 4833 ἐν
3017 4782 3084 4851 τῇ
3120 4782 3258 4851 αὐτῇ
3291 4782 3510 4855 ἡμέρᾳ,
3547 4781 3646 4852 τὴν
3672 4782 3740 4853 δὴ
3763 4783 3878 4836 Κυ-

2293 4871 2489 4943 ριακὴν
2517 4871 2926 4943 προτιμῶντας,
2959 4872 3011 4925 εἰ
3052 4889 3115 4937 γε
3166 4871 3414 4927 δύναιντο
3452 4871 3770 4944 σχολάζειν,
3800 4873 3878 4936 ὡς

2287 4963 2601 5034 Χριστιανοι
2629 4979 2642 4992 ·
2681 4966 2729 5017 εἰ
2776 4963 2832 5018 δὲ
2864 4963 3134 5036 εὑρεθεῖεν
3204 4965 3518 5019 Ἰουδαῖσταὶ
3544 5003 3560 5029 ,
3623 4965 3875 5018 ἔστωσαν

2287 5055 2533 5127 ἀνάθεμα
2561 5059 2712 5129 παρὰ
2741 5047 2981 5128 Χριστῷ.
3009 5056 3306 5114 Dominicis
3337 5056 3518 5129 potius
3538 5071 3710 5126 quam
3738 5055 3876 5111 Sab-

2289 5149 2429 5206 batis
2461 5165 2656 5205 vacare
2681 5149 2868 5227 jubet:
2895 5161 2951 5206 et
2987 5151 3133 5206 addit
3158 5161 3362 5216 tamen,
3393 5150 3439 5205 si
3470 5149 3690 5203 illorum
3722 5165 3873 5203 com-

2289 5241 2454 5296 modo
2487 5242 2603 5296 lieri
2644 5251 2840 5312 potest.
2878 5241 2949 5298 Ut
2987 5242 3230 5297 nondum
3283 5241 3392 5296 illis
3430 5240 3768 5310 temporibus
3805 5241 3874 5292 ab

2287 5335 2438 5389 omni
2463 5351 2627 5405 opere
2656 5333 2883 5391 feriatos
2909 5350 3029 5392 esse
3051 5333 3269 5406 penitus
3298 5333 3654 5391 constitutum
3685 5331 3870 5392 fuerit.

2289 5427 2363 5480 uti
2381 5425 2624 5483 Zonaras
2640 5437 2693 5482 et
2707 5429 2960 5483 Balsamo
2981 5428 3048 5483 ad
3073 5428 3223 5482 illum
3238 5442 3498 5484 canonem
3515 5425 3805 5482 adnotant.

2359 5517 2492 5574 Ibid.
2513 5518 2634 5587 Τὴν
2646 5519 2714 5572 δὲ
2731 5519 3257 5590 Τεσσαρακοοτήγ.
3271 5519 3353 5575 Ad
3381 5517 3869 5591 quadragesima“:

2285 5609 2477 5678 jejunii
2533 5611 2986 5666 consuetudinem
3040 5612 3110 5666 ab
3161 5610 3544 5678 haereticorum
3594 5610 3866 5665 calumnia

2287 5699 2677 5754 vindicandum
2753 5701 2987 5772 insignis
3041 5701 3128 5757 hic
3196 5698 3485 5772 Epiphanii
3548 5698 3707 5754 locus
3763 5709 3870 5752 est.

2288 5793 2613 5865 Quanquam
2641 5808 2705 5850 ea
2766 5809 2855 5850 res
2888 5794 3115 5852 inﬁnitis
3148 5785 3498 5865 antiquorum
3533 5790 3757 5848 Patrum
3804 5806 3865 5848 ac
