4064 6420
289 376 432 434 ιθθδ

1067 371 1158 428 DE
1193 369 1589 429 VETERIBUS
1619 369 2024 438 QUIBUSDALI
2065 370 2422 428 ECCLESIIE
2461 370 2762 430 RITIBUS.

3427 373 3566 430 1094

290 491 653 549 moniliorum
689 487 1020 545 testimoniis
1047 489 1328 560 explorata
1385 490 1522 544 adeo
1568 497 1687 555 est,
1744 487 1880 543 nihil
1908 473 1957 548 A'
1983 487 2069 541 vel
2103 495 2351 542 extremo
2383 488 2506 543 vita:
2549 487 2815 559 periculo,
2843 487 2990 544 vesci
3039 487 3218 544 liceat.
3272 491 3428 561 Apud
3464 491 3567 550 So-

293 595 356 640 ut
384 582 752 652 impudentius
799 582 866 636 ab
901 580 1184 636 hodiernis
1215 580 1487 636 haereticis
1533 579 1748 636 irrideri
1791 595 1882 634 rc-

295 675 621 746 pudiarique
660 676 850 732 soleat.
883 674 1122 729 Consule
1151 689 1274 743 qua:
1321 673 1374 728 in
1409 674 1620 744 magnis
1657 672 1882 726 Annali-

294 767 422 834 bus,
477 777 641 836 atque
671 767 738 821 ab
766 766 888 822 aliis
914 767 1156 822 studiose
1209 765 1436 821 collecta
1464 774 1625 830 sunt,
1659 766 1752 836 qui
1786 765 1884 820 ad-

294 875 492 915 versus
521 858 803 914 haereticos
834 857 1187 927 scripserunt.
1223 857 1329 912 Sed
1374 857 1510 911 mira
1541 858 1788 927 quaedam
1826 859 1880 912 in

295 948 790 1020 quadragesimalis
816 947 1008 1018 jejunii
1045 947 1307 1018 religione
1334 949 1574 1003 varietas
1601 950 1742 1018 apud
1784 964 1883 1002 an-

295 1045 483 1114 tiquos
508 1039 738 1106 exstitit,
763 1040 830 1096 de
865 1056 973 1111 qua
1002 1041 1238 1096 lrenmus
1271 1041 1415 1111 apud
1453 1040 1750 1096 Eusebium
1783 1042 1879 1096 lib.

296 1153 352 1200 v,
381 1151 502 1204 cap.
534 1134 627 1200 Ἡ,
667 1143 722 1188 et
759 1131 1012 1188 Socrates
1051 1133 1146 1187 lib.
1179 1149 1233 1199 ν,
1265 1149 1386 1202 cap.
1417 1132 1508 1188 22.
1533 1132 1635 1199 Qui
1663 1133 1880 1202 quidem

297 1229 586 1298 insigniter
615 1227 852 1291 aberrat,
877 1225 1005 1280 dum
1036 1223 1221 1281 Romae
1255 1225 1448 1282 scribit
1478 1235 1590 1280 tres
1619 1226 1886 1280 duntaxat

297 1322 667 1377 hebdomadas
706 1330 833 1376 ante
891 1319 1098 1376 Pascha
1147 1319 1411 1376 continuo
1464 1318 1744 1389 jejunari,
1790 1333 1886 1373 ex-

295 1427 456 1484 cepto
497 1413 736 1468 Sabbato
763 1429 827 1468 ac
853 1413 1155 1468 Dominica.
1180 1410 1336 1478 Quod
1367 1425 1533 1480 supra
1589 1408 1884 1465 refutatum

295 1514 402 1560 cst.
454 1505 688 1575 Subjicit
724 1505 918 1560 deinde
953 1519 1046 1559 sex
1095 1502 1164 1558 ab
1195 1503 1320 1556 aliis
1351 1499 1723 1556 hebdomadas
1761 1509 1887 1555 ante

297 1599 535 1665 Pascha,
585 1599 655 1653 ab
680 1598 803 1653 aliis
839 1605 1041 1667 septem
1063 1635 1080 1661 ,
1124 1595 1338 1666 jejunio
1368 1594 1717 1662 consecrari;
1750 1594 1886 1648 alios

296 1706 370 1744 xv
394 1691 543 1746 solos
573 1690 691 1746 dies
743 1704 840 1759 per
888 1705 961 1744 vn
996 1687 1372 1744 hebdomadas
1401 1686 1755 1757 dispensare:
1792 1686 1886 1756 qui

297 1798 494 1839 omnes
537 1797 696 1837 suum
748 1781 899 1836 illttm
941 1780 1154 1836 dierum
1207 1795 1494 1835 numerum
1546 1797 1885 1852 τεσσαρακο-

1982 589 2184 634 cratem
2238 591 2417 636 tamen
2446 581 2541 635 lib.
2580 597 2632 648 v,
2660 596 2780 652 cap.
2809 579 2901 648 2‘2,
2938 581 3029 636 ubi
3063 580 3295 638 diversae
3327 585 3568 653 quadra-

1983 672 2261 743 gesimalis
2302 673 2501 743 jejunii
2565 675 2990 730 consuetudines
3039 675 3401 745 explicantur,
3453 692 3566 732 non

1983 779 2176 820 omnes
2216 765 2595 834 xerophagiam
2643 765 2991 822 adhibebant.
3027 765 3132 822 Sed
3171 766 3264 822 alii
3323 767 3568 837 piscibus

1985 855 2368 912 tantummodo
2395 899 2409 923 ,
2458 858 2549 911 alii
2597 858 2790 913 avibus
2822 858 3046 928 insuper
3079 860 3392 925 utebantur,
3426 874 3569 930 quos

1983 962 2050 1002 ex
2088 963 2230 1018 aqua
2273 960 2590 1018 procreatos
2631 951 2858 1021 perinde
2892 965 2956 1006 ac
2987 952 3165 1022 pisces
3193 951 3358 1024 Moyso
3380 970 3407 1008 s
3442 969 3568 1007 nar-

1985 1051 2091 1097 rat.
2126 1042 2232 1096 Alii
2266 1041 2536 1098 fructibus
2563 1046 2793 1115 ovisque
2816 1045 3090 1109 contenti;
3129 1044 3220 1098 alii
3246 1060 3385 1115 pane
3413 1045 3565 1114 solo;

1987 1133 2078 1187 alii
2114 1149 2183 1189 ne
2218 1135 2363 1190 hunc
2393 1135 2616 1205 quidem
2653 1136 2758 1191 sibi
2793 1136 3201 1207 permittebant.
3225 1137 3270 1190 A
3304 1137 3569 1192 carnibus

1985 1226 2204 1296 quidem
2229 1229 2515 1283 universos
2539 1228 2873 1284 abstinuisse
2900 1239 3097 1299 praeter
3125 1239 3349 1286 caeteros
3373 1232 3564 1302 Angu-

1988 1321 2170 1375 stinus
2219 1332 2404 1376 contra
2435 1319 2702 1374 Faustam
2730 1321 2920 1375 scribit
2948 1321 3044 1376 lib.
3078 1337 3207 1375 xxx.
3237 1322 3283 1375 Α
3312 1324 3572 1378 carnibus

1989 1421 2044 1467 et
2071 1411 2220 1478 vino,
2255 1412 2540 1482 Chrysost.
2575 1411 2763 1467 homil.
2795 1411 2828 1466 8
2874 1416 2952 1467 De
2974 1414 3156 1483 paenit.
3207 1413 3283 1470 De
3309 1415 3572 1470 carnibus

1989 1503 2155 1558 etiam
2207 1503 2532 1574 Spiridionis
2571 1506 2713 1575 apud
2748 1503 2966 1561 Sozom.
3001 1506 3230 1560 historia
3280 1508 3575 1562 confirmat

1995 1593 2090 1647 lib.
2124 1609 2181 1659 ι,
2215 1608 2336 1663 cap.
2374 1593 2436 1646 il
2462 1634 2478 1659 ,
2511 1603 2570 1648 ut
2599 1604 2792 1648 caetera
2823 1595 3257 1664 prmtermiuam,
3287 1611 3410 1666 qua:
3443 1605 3574 1652 stitit

1990 1684 2299 1740 innumera.
2345 1683 2644 1739 Postremis
2677 1686 2860 1755 itaque
2903 1685 3349 1757 Quadragesimae
3375 1689 3570 1746 diebus

1990 1793 2088 1833 sex
2144 1777 2476 1848 xerophagia
2548 1778 2666 1849 lege
2725 1781 2963 1849 quadam
3021 1781 3280 1837 omnibus
3345 1781 3570 1838 indicta.

301 1874 434 1942 στήν
482 1872 841 1942 appellabant.
902 1869 1047 1927 Sane
1090 1871 1233 1943 apud
1265 1870 1521 1926 Photium
1574 1849 1732 1926 num;
1784 1870 1883 1926 1οῖ
1917 1849 1960 1906 Β
1987 1867 2121 1936 Quae
2145 1869 2273 1940 quid
2306 1871 2397 1935 sit,
2426 1870 2667 1927 declarat
2699 1871 2927 1929 Tertull.
2970 1875 3107 1930 libro
3141 1875 3340 1929 Contra
3373 1874 3569 1945 Psyc/i.

297 1963 538 2019 Basilius
578 1964 717 2019 Cilix
743 1962 1102 2019 Nestorianus
1160 1963 1425 2019 adversus
1457 1961 1722 2018 Joannem
1753 1961 1888 2035 Scy-

298 2055 701 2126 thopolitanum
747 2055 994 2110 scribens
1019 2093 1034 2118 ,
1087 2054 1275 2123 objicit
1314 2054 1455 2109 inter
1497 2064 1728 2110 caetera:
1765 2055 1888 2109 Ὅτι

297 2145 400 2217 τὴν
453 2146 612 2215 ἁγίαν
640 2145 1083 2218 τεσσαρακοστὴν
1127 2148 1207 2210 εἰς
1233 2149 1381 2218 τρεῖς
1424 2147 1726 2218 ἑϐδομάδας
1757 2165 1889 2217 συγο

298 2239 527 2304 κλείων,
572 2239 693 2292 οὐδὲ
725 2241 784 2293 ὲν
827 2238 1055 2304 ταύταις
1104 2239 1203 2311 τῆς
1239 2239 1349 2294 τῶν
1383 2240 1604 2311 πτηνῶν
1643 2258 1890 2314 κρεωφαο

297 2331 428 2402 γίας
466 2331 746 2402 ἀπείχετο.
796 2331 925 2387 Fuit
957 2333 1101 2387 enim
1156 2349 1263 2388 non
1318 2333 1501 2388 minor
1535 2336 1588 2388 in
1638 2335 1885 2390 ciborum

299 2419 514 2474 delectu
563 2420 1003 2490 abstinentiaque
1067 2421 1390 2488 diversitas,
1447 2423 1515 2478 de
1578 2440 1686 2495 qna
1745 2424 1886 2480 idem

301 2509 580 2566 Socrates.
616 2509 745 2566 Vide
783 2521 836 2567 et
881 2511 1202 2569 Cassianum
1250 2515 1446 2572 Collat.
1491 2516 1597 2584 εις
1651 2517 1888 2573 Ambro-

299 2603 447 2658 sium
502 2619 666 2658 serm.
711 2605 782 2658 25
826 2615 879 2660 et
924 2606 1318 2674 sequentibus;
1361 2606 1580 2664 Sozom.
1638 2609 1734 2665 lib.
1787 2627 1884 2677 vn,

299 2711 423 2765 cap.
464 2696 550 2750 l9.
594 2697 929 2766 Epiphanius
961 2713 1126 2768 porro
1178 2716 1277 2770 per
1324 2702 1464 2755 ἑπτὰ
1523 2703 1738 2775 ἡμέρας
1789 2705 1884 2760 τοῦ

300 2788 528 2858 Πάσχα,
559 2797 684 2844 ante
721 2806 860 2861 quas
887 2791 986 2863 τὴν
1018 2797 1467 2866 τεσσαρακοστήν
1499 2798 1762 2853 celebrari
1797 2801 1883 2854 di-

300 2879 409 2943 cit,
453 2894 559 2932 non
612 2895 732 2935 eam
765 2882 1155 2938 hebdomadem
1196 2885 1448 2955 intelligit
1477 2927 1491 2949 ,
1523 2903 1645 2958 qua:
1675 2887 1884 2945 Pascha

298 2973 557 3042 praecedit
583 3015 598 3038 ,
627 2975 704 3028 uti
740 2985 928 3045 postea
975 2992 1099 3032 cum
1127 2977 1224 3042 τὰς
1251 2978 1310 3044 ἒξ
1337 2979 1551 3052 ἡμέρας
1574 2981 1669 3036 τοῦ
1697 2983 1888 3055 Πάσχα

299 3063 589 3132 nurninat,
625 3066 720 3120 sed
773 3067 841 3122 de
889 3069 1238 3137 paschalibus
1293 3087 1363 3126 vn
1405 3071 1558 3130 feriis
1599 3075 1842 3144 loquitur
1870 3117 1885 3142 ,

299 3171 440 3224 quas
511 3158 778 3263 antecedit
830 3159 1300 3230 quadragesimale
1350 3161 1645 3232 jejunium.
1694 3163 1884 3221 Utrum
1913 3202 1959 3263 ο

298 3264 432 3304 vero
464 3251 606 3320 apud
636 3249 866 3322 Cyprios
886 3293 902 3317 ,
956 3253 1048 3310 ubi
1089 3253 1204 3309 haec
1231 3255 1503 3310 scribebat
1525 3255 1879 3327 Epiphanius,

301 3340 542 3396 Sabbata
581 3343 1148 3413 quadragesimalibus
1186 3345 1412 3416 jejuniis
1456 3357 1709 3418 exempta
1749 3349 1882 3415 sint,

301 3449 412 3487 non
473 3434 608 3490 satis
673 3443 918 3504 apparet.
975 3436 1054 3490 Ac
1103 3437 1358 3492 videntur
1406 3453 1471 3493 cx
1514 3438 1883 3496 Romanorum

297 3524 647 3595 aliorumque
673 3525 1068 3582 consuetudine
1124 3529 1286 3582 etiam
1343 3527 1536 3584 diebus
1586 3513 1693 3586 illis
1741 3529 1886 3601 jcju~

300 3630 466 3670 nasse
489 3657 504 3680 ,
532 3629 656 3670 cum
685 3615 834 3671 solos
867 3615 1182 3674 Dominicos
1211 3617 1327 3674 dies
1350 3619 1601 3688 excipiat.
1633 3618 1885 3676 Profecto

297 3705 445 3760 enim
489 3705 557 3760 de
612 3703 866 3762 Sabbatis
919 3707 1145 3763 minime
1209 3709 1512 3765 tacuisset:
1568 3727 1883 3782 quanquam

300 3798 667 3852 Sabbatorum
703 3797 828 3854 ideo
875 3797 1108 3855 fortasse
1140 3815 1246 3856 non
1282 3802 1551 3867 meminit,
1595 3803 1740 3873 quod
1773 3819 1884 3859 non

298 3891 548 3945 camdcm
597 3891 740 3960 apud
781 3906 974 3947 omnes
1001 3891 1276 3950 Ecclesias
1319 3892 1548 3950 formam
1590 3911 1714 3952 esse
1752 3912 1884 3952 con-

298 3983 756 4054 suetudinemque
795 3995 1079 4053 cerneret,
1137 4001 1314 4056 neque
1373 3988 1670 4058 quidquam
1721 4005 1886 4060 super

297 4093 364 4132 ea
419 4092 478 4132 re
537 4076 705 4132 sciret
753 4078 823 4133 ab
857 4079 1121 4149 apostolis
1168 4095 1290 4135 esse
1336 4081 1734 4150 praescriptum.
1786 4079 1886 4138 Hic

299 4179 482 4224 autem
515 4169 655 4226 ritus
702 4185 798 4226 eos
845 4173 994 4227 solos
1026 4173 1312 4243 complecti
1367 4173 1572 4236 voluit,
1631 4189 1769 4243 quos
1816 4174 1885 4228 ab

299 4263 564 4332 apostolis
599 4262 696 4318 toti
727 4264 984 4319 Ecclesiae
1017 4266 1266 4330 traditos,
1299 4281 1406 4321 non
1435 4275 1708 4321 certorum
1739 4266 1888 4321 loco-

297 4371 426 4412 rum
476 4357 780 4427 peculiares
811 4373 936 4415 esse
982 4360 1246 4415 crederet.
1287 4360 1576 4430 Perperam
1623 4377 1754 4416 vero
1781 4359 1885 4414 Pa-

298 4450 499 4506 melius
532 4451 601 4504 ad
649 4449 874 4506 Tertull.
905 4451 1099 4506 librum
1131 4455 1383 4508 adversus
1430 4453 1777 4524 Psych.,cap.
1816 4455 1884 4510 l5

1986 1977 2107 2033 cap.
2139 1963 2166 2016 1
2202 1979 2216 2015 :
2258 1965 2503 2034 Arguunt
2532 1981 2656 2028 nos,
2689 1964 2901 2035 inquit,
2937 1966 3076 2036 quod
3110 1967 3272 2020 etiam
3317 1966 3575 2035 xeropha-

1986 2055 2099 2126 gias
2146 2057 2502 2120 observemus,
2536 2057 2795 2112 siccantes
2823 2057 2997 2112 cibum
3023 2057 3088 2112 ab
3132 2059 3275 2114 omni
3302 2075 3492 2125 carne,
3522 2067 3574 2113 et

1989 2148 2132 2202 omni
2165 2147 2486 2218 jurulentia,
2517 2161 2563 2203 et
2595 2150 2938 2206 viridioribus
2965 2151 3255 2222 quibusque
3282 2153 3474 2222 pomis,
3509 2170 3574 2207 ne

1987 2239 2114 2310 quid
2152 2241 2456 2294 vinositatis
2499 2239 2578 2294 vel
2624 2243 2877 2305 edamus,
2930 2241 3008 2295 vel
3048 2252 3318 2312 petemus;
3368 2243 3572 2296 lavacri

1986 2347 2189 2401 quoque
2221 2331 2600 2384 abstinentiam
2644 2339 3012 2401 congruentem
3053 2331 3208 2385 arido
3228 2331 3412 2386 victui.
3447 2329 3574 2392 Pasr

1987 2424 2091 2479 sim
2134 2437 2265 2478 vero
2312 2432 2423 2478 toto
2482 2422 2576 2478 illo
2620 2423 2760 2477 libro
2801 2423 3160 2494 xerophagias
3201 2438 3232 2477 a
3282 2423 3572 2479 catholicis

1987 2515 2236 2572 damnari
2288 2514 2582 2584 signiﬁcat,
2617 2516 2772 2584 quasi
2813 2531 3006 2568 novum
3036 2515 3273 2584 a/fectati
3303 2516 3458 2587 apicii
3487 2532 3574 2570 no-

1988 2625 2126 2674 men,
2154 2618 2202 2664 et
2233 2610 2533 2678 proximum
2577 2609 2800 2664 ethnica:
2834 2609 3232 2678 superstitioni;
3265 2609 3445 2679 quales
3479 2626 3573 2663 ca-

1988 2700 2251 2755 stimonite
2279 2699 2440 2770 Apin,
2469 2697 2671 2754 Isidem
2706 2711 2754 2754 et
2787 2716 3035 2770 magnam
3060 2700 3286 2754 Matrem
3313 2712 3573 2755 certorum

1987 2792 2284 2847 eduliorum
2319 2794 2622 2863 exceptione
2649 2793 2956 2862 puriﬁcant.
2989 2790 3190 2847 Verum
3219 2808 3327 2847 non
3361 2809 3574 2857 omnes,

1989 2880 2216 2951 opinor,
2282 2889 2394 2936 tum
2457 2897 2489 2935 a
2567 2881 2854 2937 catholicis
2906 2882 3178 2937 damnatae
3231 2883 3576 2953 xerophagia’

1989 2983 2149 3040 sunt;
2215 2973 2310 3028 sed
2364 2973 2470 3028 illae
2525 2973 2746 3038 solum,
2802 2987 2942 3043 quas
3001 2973 3166 3029 certis
3214 2974 3574 3043 temporibus,

1988 3071 2355 3134 praeterquam
2405 3063 2473 3119 ab
2518 3063 2778 3120 Ecclesiae
2813 3065 3167 3128 constitutis,
3214 3079 3282 3118 ex
3331 3065 3576 3120 Montani

1989 3154 2278 3224 disciplina
2327 3154 2648 3222 servabant;
2702 3170 2841 3224 quas
2895 3155 3038 3210 idem
3107 3166 3302 3210 auctor
3360 3157 3577 3211 duabus

1989 3245 2345 3302 hebdomadis
2393 3245 2618 3319 definit,
2666 3261 2788 3317 cap.
2832 3262 2944 3301 xv:
2982 3246 3258 3312 Quantulo
3314 3249 3454 3301 enim
3497 3258 3574 3302 est

1988 3341 2129 3408 apud
2159 3353 2254 3392 nos
2288 3338 2593 3392 interdictio
2631 3337 2868 3391 ciborum
2888 3338 2914 3391 .9
2944 3337 3095 3391 Duas
3124 3337 3182 3390 in
3207 3353 3345 3391 anno
3379 3337 3574 3391 hebdo-

1987 3431 2176 3484 madas
2207 3431 2649 3500 xerophagiarum
2670 3471 2685 3494 ,
2737 3445 2830 3509 nec
2857 3438 2996 3482 totas
3017 3471 3032 3494 ,
3085 3429 3318 3498 exceptis
3366 3430 3569 3484 scilicet

1989 3521 2238 3577 Sabbatis
2269 3532 2318 3577 et
2347 3522 2664 3586 Dominicis,
2699 3522 2973 3590 offerimus
3000 3520 3130 3575 Deo.
3177 3517 3282 3575 Ubi
3332 3535 3443 3576 non
3486 3536 3576 3576 as-

1991 3617 2260 3670 sentimur
2288 3614 2532 3670 Pamelio
2567 3654 2581 3678 ,
2616 3615 2709 3685 qui
2741 3614 3094 3668 hebdomadas
3120 3628 3226 3668 non
3258 3627 3358 3684 pro
3381 3623 3574 3682 septem

1987 3706 2192 3771 diebus,
2213 3705 2308 3760 sed
2339 3719 2440 3775 pro
2469 3705 2696 3759 totidem
2721 3702 3136 3757 hebdomadibus
3164 3702 3335 3771 accipi
3371 3713 3525 3772 putat
3556 3743 3572 3766 ,

1987 3807 2041 3854 et
2071 3799 2138 3854 de
2172 3796 2491 3868 ToleSphori
2539 3797 2848 3863 sanctione,
2880 3810 2984 3866 qua
3014 3793 3388 3850 Tertullianus
3418 3795 3574 3850 cleri-

1986 3908 2086 3948 cus
2110 3901 2407 3954 teneretur,
2433 3889 2618 3946 nescio
2644 3890 2774 3959 quid
2806 3897 3028 3965 narrat;
3055 3887 3202 3958 quod
3227 3887 3380 3943 nullo
3409 3887 3575 3943 modo

1989 3984 2304 4054 persuadet.
2357 3981 2494 4038 Nam
2544 3982 2590 4039 si
2645 3998 2734 4038 xiv
2795 3983 3168 4038 hebdomadas
3224 3981 3574 4051 xerophagiis

1989 4076 2282 4132 Montanus
2307 4076 2630 4139 addixisset,
2663 4091 2770 4132 non
2809 4075 2939 4129 illud
2971 4089 3146 4144 usque
3175 4073 3314 4128 adeo
3343 4072 3569 4128 Tertull.

1987 4170 2205 4224 elevans
2239 4169 2446 4224 diceret
2487 4187 2500 4222 :
2542 4166 2816 4233 Quantula
2851 4174 2928 4220 est
2968 4165 3111 4235 apud
3147 4181 3241 4219 nos
3271 4165 3577 4219 interdictio

1987 4262 2276 4316 ciborum?
2322 4259 2592 4327 Quocirca
2626 4260 2766 4314 duas
2798 4259 2934 4313 alias
2967 4273 2995 4312 a
3029 4257 3460 4328 Quadragesima
3490 4273 3576 4312 sco

1981 4354 2204 4426 junctas
2248 4367 2313 4407 ac
2340 4351 2588 4406 diversas
2627 4348 2798 4406 fuisse
2837 4348 3097 4404 credibile
3136 4357 3256 4415 est;
3287 4349 3340 4404 in
3373 4347 3576 4418 quibus

1992 4446 2290 4503 Sahbatum
2350 4459 2416 4499 ac
2467 4442 2754 4497 Dominica
2794 4441 2914 4496 dies
2943 4441 3297 4496 eximeretur.
3349 4438 3573 4494 Sozom.

299 4543 450 4599 hunc
497 4543 677 4614 ipsum
716 4542 1002 4614 Epiphanii
1061 4545 1238 4600 locum
1294 4546 1582 4616 interpolat
1613 4564 1627 4612 ;
1685 4555 1740 4601 ct
1788 4562 1887 4617 pro
1919 4542 1963 4598 ι)
1991 4540 2088 4596 lib.
2116 4555 2216 4602 vn,
2245 4553 2366 4607 cap.
2394 4537 2484 4603 i9,
2515 4535 2583 4591 de
2614 4535 2832 4590 diverso
2867 4532 3356 4604 quadragesimalis
3379 4531 3574 4603 jejunii

233 4649 244 4718 ξ
299 4647 494 4708 septem
521 4638 656 4702 dies,
687 4637 831 4693 haud
859 4638 1024 4694 dubie
1043 4639 1352 4710 legendum,
1381 4650 1576 4709 septem
1601 4639 1886 4694 hebdoma-

299 4732 418 4798 das,
453 4731 704 4787 afﬁrmat.
739 4732 963 4788 Frustra
994 4742 1114 4798 est,
1146 4735 1394 4803 inquam.
1431 4731 1642 4788 Etenim
1671 4733 1884 4806 ἡμέρας

241 4822 249 4892 ξ
299 4831 388 4877 est
415 4823 467 4876 in
499 4822 711 4887 Graeco,
758 4840 867 4878 non
905 4824 1232 4896 ἑϐδομάδας.
1272 4823 1338 4880 Et
1361 4825 1578 4898 ἡμέρας
1613 4827 1882 4899 intelligit,

299 4931 423 4986 quae
455 4931 483 4970 a
514 4916 742 4971 solemni
786 4914 1068 4975 Paschatis
1097 4919 1287 4975 ineunt
1314 4938 1326 4974 :
1373 4929 1498 4974 ante
1526 4921 1720 4991 quasi]
1761 4937 1886 4972 τεσ-

299 5010 618 5081 σαρακοστή
649 5008 824 5064 solida
850 5009 1112 5066 decurrit.

372 5103 491 5159 Col.
512 5102 616 5157 888
629 5101 688 5155 Β.
710 5101 820 5168 Τὰς
840 5101 908 5155 δὲ
921 5099 991 5166 ἐξ
1013 5102 1238 5172 ’ἡμέρας
1257 5104 1364 5159 τοῦ
1389 5103 1626 5172 Πάσχα.
1654 5103 1757 5158 Sex
1778 5103 1885 5159 illis

299 5198 569 5251 duntaxat
613 5195 806 5251 diebus
857 5194 1106 5264 majoris,
1152 5205 1212 5250 ut
1258 5205 1475 5260 vocant,
1510 5197 1882 5262 hebdomadae,

299 5289 649 5360 Xerophagia
669 5287 998 5343 Christianis
1023 5287 1284 5356 imperata
1315 5286 1433 5341 fuit.
1464 5287 1626 5356 Atqui
1658 5286 1881 5343 Laodic.

302 5400 429 5440 can.
481 5382 551 5437 50
581 5400 594 5438 :
627 5383 720 5434 Δεῖ
769 5383 981 5445 πᾶσαν,
1032 5380 1241 5450 inquit,
1285 5379 1384 5451 τὴν
1427 5379 1886 5452 Τεσσαρακοστὴν

300 5472 586 5546 νηστεύειν
631 5469 1094 5543 ξηροφαγοῦντας.
1145 5467 1212 5524 Et
1258 5468 1512 5524 Balsamo
1559 5470 1624 5523 ad
1661 5484 1784 5524 can.
1817 5467 1886 5522 69

300 5575 481 5636 apost.
554 5580 664 5619 non
705 5563 882 5619 solum
938 5561 990 5615 in
1045 5560 1515 5631 Quadragesima,
1573 5559 1668 5616 sed
1718 5559 1884 5614 etiam

302 5668 500 5730 quarta
543 5665 806 5726 sextaque
870 5654 1002 5710 feria
1035 5653 1368 5725 ξηροφαγείν
1397 5661 1652 5722 oportere
1677 5651 1837 5707 docet
1868 5668 1882 5705 :

303 5752 442 5808 adeo
477 5759 537 5804 ut
580 5765 646 5803 ne
678 5748 898 5819 aegrotis
939 5745 1159 5816 quidem
1192 5745 1342 5802 aliud
1395 5746 1644 5801 ciborum
1689 5759 1883 5816 genus,

300 5855 472 5906 quam
521 5841 750 5912 piscium
782 5837 1130 5911 indulgeatur
1150 5879 1164 5904 ,
1197 5852 1298 5895 nec
1323 5851 1569 5909 unquam
1599 5835 1882 5905 carnibus,

1992 4635 2205 4691 dierum
2243 4648 2476 4688 numero
2512 4647 2700 4702 agens,
2754 4629 3114 4686 Montanistas
3162 4629 3240 4683 ait
3273 4629 3412 4684 duas
3448 4636 3578 4684 ante

1993 4727 2204 4784 Pascha
2231 4727 2497 4782 duntaxat
2522 4722 2900 4780 hebdomadas
2921 4722 3193 4792 jejunare.
3219 4719 3417 4775 Verum
3447 4735 3574 4776 cum

1993 4822 2048 4877 in
2085 4821 2346 4886 secunda,
2380 4821 2484 4876 hoc
2514 4828 2599 4875 est
2633 4819 2886 4890 proxima
2935 4826 3062 4873 ante
3107 4815 3316 4872 Pascha
3363 4816 3574 4873 hebdo-

1993 4914 2172 4980 made,
2212 4913 2512 4969 Sabbatum
2541 4928 2572 4967 a
2597 4911 2810 4983 jejunio
2842 4919 3155 4980 exemptum
3187 4909 3330 4980 apud
3366 4908 3577 4965 Monta-

1992 5008 2168 5063 nistas
2199 5022 2309 5062 non
2346 5005 2544 5072 fuerit,
2592 5015 2653 5061 ut
2677 5005 2903 5061 Tertull.
2949 5005 3063 5076 jam
3106 5002 3436 5058 Montanista
3476 5002 3574 5056 lib.

1995 5097 2197 5153 Contra
2240 5096 2437 5167 Psych.
2478 5105 2692 5162 narrat,
2737 5109 2846 5150 non
2887 5093 3144 5148 videntur
3170 5090 3238 5145 ad
3270 5090 3406 5146 duas
3441 5089 3580 5145 istas

1993 5191 2366 5248 hebdomadas
2416 5191 2643 5246 tetidem
2697 5189 2804 5244 illa:
2848 5185 3305 5256 xerophagiarum
3364 5196 3579 5237 accom-

1994 5285 2204 5340 modari
2234 5299 2414 5356 posse.
2442 5282 2500 5337 ln
2530 5282 2712 5338 Const.
2747 5291 2918 5351 apost.
2952 5279 3046 5335 lib.
3061 5295 3114 5344 v,
3141 5293 3261 5347 cap.
3280 5278 3369 5346 l7,
3384 5275 3575 5329 eadem

1994 5376 2324 5445 xerophagia
2367 5389 2460 5430 sex
2488 5375 2595 5429 illis
2625 5372 2819 5428 diebus
2843 5370 3185 5427 observanda
3213 5365 3570 5438 proponitur:

2006 5469 2096 5522 Ἐν
2122 5470 2245 5530 ταῖς
2277 5465 2515 5539 ἡμέραις
2553 5460 2646 5519 οὗν
2679 5464 2774 5519 τοῦ
2820 5465 3016 5534 Πάσχα
3046 5457 3372 5533 νηστεύετε,
3405 5456 3575 5528 ἀρχό-

1997 5577 2150 5632 μενοι
2213 5559 2324 5612 ἀπὸ
2369 5557 2630 5630 δευτέρας
2688 5557 2850 5629 μέχρι
2900 5556 3003 5625 τῆς
3067 5550 3424 5624 παρασκευῆς
3481 5548 3577 5601 καὶ

1995 5650 2273 5705 Σαδδάτου
2304 5649 2363 5716 ἓξ
2389 5649 2625 5720 ἡμέρας,
2665 5650 2811 5720 μόνῳ
2847 5647 3119 5719 χρώμενοι
3145 5645 3316 5715 ἄρτῳ,
3342 5641 3434 5695 καὶ
3461 5638 3576 5720 diti,

1994 5746 2088 5799 καὶ
2103 5700 2534 5814 ααχάνοιληκαὶ
2569 5700 2718 5812 ποέῷ
2762 5700 2945 5794 πίδαξιν
2971 5700 3133 5791 ιοἴνου
3168 5700 3226 5790 δὲ
3265 5733 3358 5787 καὶ
3397 5700 3597 5804 κρεῶν,

1951 5834 2266 5926 veneﬁcos
2299 5836 2356 5890 ἐν
2381 5833 2630 5898 ταύταις.
2666 5831 2794 5888 Haec
2828 5830 2994 5902 igitur
3031 5824 3381 5898 Xerophagia
3412 5834 3579 5896 pane,
