4064 6410
513 356 651 417 ηδε

1616 358 1965 415 APPENDIX
1999 357 2632 419 DISSERTATIONUM.

3653 365 3790 426 HM

509 475 644 535 sale.
672 488 841 544 aqua,
871 482 925 528 et
945 515 959 538 ,
991 473 1039 529 si
1070 472 1236 537 forte,
1286 474 1450 530 etiam
1492 475 1738 532 oleribus
1780 477 2089 532 constabat.
2120 482 2169 538 Α
2194 479 2437 547 videtur;
2467 480 2721 550 idemque
2749 477 2907 544 forte,
2938 493 3109 552 quem
3137 466 3360 537 unicum
3398 481 3611 553 jejunio
3638 485 3785 541 diem

507 563 592 621 Ad
624 564 739 620 haec
787 578 908 633 cap.
954 564 1024 617 l2
1067 562 1316 631 ejusdem
1351 564 1476 620 libri
1510 564 1982 636 quadragesimale
2012 565 2098 635 jev

507 658 720 730 junium
746 673 776 712 a
819 657 1064 728 paschali
1096 656 1455 729 distingui-tur
1503 673 1517 710 :
1557 656 1946 714 Ἐπιτελείσοω
1971 656 2030 711 δὲ
2062 659 2097 728 ἡ

512 749 736 821 νηστεία
794 753 930 821 αὕτη
985 749 1216 820 (nempe
1264 750 1795 822 quadragesimalis)
1844 750 1952 821 πρὸ
1999 750 2100 820 τῆς

510 840 767 912 νηστείας
803 839 899 894 τοῦ
930 840 1158 911 Πάσχα,
1203 842 1488 912 ἀρχομένη
1533 841 1630 912 μὲν
1665 840 1773 894 ἀπὸ
1804 841 2097 910 δευτέρας,

512 931 863 1003 πληρουμένη
888 932 948 986 δὲ
970 934 1051 997 είς
1085 933 1474 1005 παρασκευὴν,
1509 932 1628 1005 μεθ’
1662 931 1729 997 ἃς
1757 931 2100 1005 ἁπονηστεύ-

513 1040 705 1086 σαντες
748 1021 991 1096 ἄρξασθε
1035 1024 1136 1095 τῆς
1183 1024 1345 1092 ἁγίας
1392 1024 1486 1079 τοῦ
1526 1024 1720 1095 Πάσχα
1767 1023 2097 1094 ἑϐδομάδος,

510 1115 865 1186 νηστεύοντες
908 1117 1083 1188 αὐτήν
1102 1134 1115 1148 ·
1143 1116 1447 1172 Celebretur
1483 1118 1943 1187 quadragesimale
1964 1117 2103 1186 jeju-

512 1210 661 1264 nium
708 1219 830 1264 ante
871 1210 1170 1278 paschale;
1217 1222 1265 1264 et
1306 1211 1559 1278 incipiens
1613 1228 1647 1264 a
1686 1211 1919 1265 secunda
1964 1209 2102 1280 feria

512 1303 720 1357 desinat
772 1302 829 1356 in
878 1302 1258 1357 Parasceveii:
1297 1312 1415 1372 post
1461 1318 1644 1373 quam,
1672 1301 1846 1356 soluto
1866 1302 2101 1373 jejunio,

513 1404 755 1451 sanctum
781 1393 1061 1450 Paschatis
1079 1394 1457 1450 hebdomadem
1486 1396 1539 1450 in
1557 1394 1767 1465 jejunio
1799 1397 2101 1467 transigite.

514 1488 1012 1559 Quadragesimalis
1060 1503 1225 1558 porro
1268 1488 1416 1543 illius
1469 1488 1660 1559 iejunii
1687 1527 1703 1553 ,
1748 1496 2023 1559 quatenus
2069 1503 2103 1544 a

513 1581 757 1653 paschali
800 1581 1020 1647 dill'ert,
1073 1580 1287 1636 initium
1318 1580 1466 1636 haud
1504 1580 1622 1636 scio
1655 1595 1724 1635 an
1755 1580 2095 1637 constitutio-

514 1690 611 1729 nes
639 1674 745 1729 illae
768 1689 800 1729 a
824 1672 1106 1729 Dominica
1125 1672 1609 1743 Quiuquagesima:
1630 1689 1698 1729 an
1729 1672 2104 1747 Sexagesima

513 1776 782 1837 repetant.
849 1766 1010 1822 Prius
1061 1767 1209 1822 enim
1254 1766 1389 1824 illud
1430 1767 1648 1822 initium
1711 1768 1748 1824 ii
1790 1767 2103 1839 sumpsisse

511 1859 790 1924 videnlur,
825 1858 920 1927 qui
960 1872 1036 1911 vn
1082 1857 1457 1914 hebdomadas
1493 1864 1548 1914 et
1572 1857 1785 1929 jejunio
1810 1859 2099 1928 dicabant,

514 1966 642 2006 cum
692 1950 783 2004 alii
832 1964 927 2006 scx
971 1951 1241 2006 duntaxat
1282 1951 1628 2017 tribuerent,
1682 1951 1757 2007 ita
1808 1962 1992 2008 tamen
2043 1960 2106 2008 ut

514 2043 811 2114 utrobique
841 2059 936 2100 sex
961 2044 1248 2109 duntaxat,
1289 2052 1342 2099 et
1366 2043 1593 2114 triginta
1624 2060 1746 2102 sese
1774 2045 1894 2102 dies
1916 2045 2099 2102 inedia

516 2145 882 2191 macerarent.
934 2138 1009 2191 Hi
1060 2137 1199 2190 enim
1253 2135 1363 2208 (ait
1410 2135 1713 2195 Cassianus
1764 2138 1960 2195 Collat.
1998 2140 2102 2207 2i,

516 2242 566 2284 c.
598 2227 692 2298 27)
723 2228 828 2283 sibi
871 2245 964 2285 sea:
1000 2229 1457 2286 hebdomadarum
1493 2233 1881 2287 obseruantiam
1925 2234 2107 2304 prce/i-

515 2332 729 2389 turum,
762 2324 854 2393 qui
879 2331 1069 2393 putant
1098 2323 1185 2377 die
1249 2340 1453 2395 quoque
1478 2322 1701 2380 Sabbati
1725 2325 2105 2397 jejunaudum.

517 2411 624 2469 Sea:
648 2430 772 2485 ergo
817 2415 874 2469 in
896 2414 1229 2472 hebdomada
1241 2415 1457 2487 jejunio
1484 2417 1809 2488 persolvunt,
1841 2435 1961 2490 qua:
1987 2436 2107 2475 eos-

517 2507 636 2560 dem
661 2521 752 2561 sea:
774 2514 824 2562 et
848 2508 1068 2578 triginta
1097 2510 1209 2564 dies
1240 2510 1413 2565 sexies
1436 2510 1680 2566 revoluta
1713 2522 2103 2571 consummant.

516 2597 564 2651 Α
595 2596 946 2671 Sexagesima
994 2615 1126 2656 vero
1168 2601 1342 2658 Graeci
1380 2603 1715 2659 recentiores
1741 2602 2109 2677 Quadragcsi-

518 2704 666 2745 mam
714 2691 987 2761 suspicati
1031 2702 1198 2761 sunt,
1234 2694 1314 2748 uti
1347 2693 1600 2764 pluribus
1627 2694 1697 2750 ad
1730 2693 2106 2767 Nicephorum

519 2790 647 2837 ante
674 2782 886 2852 aliquot
917 2798 1096 2839 annos
1128 2785 1519 2841 disseruimus.
1551 2784 1674 2852 Quo
1723 2786 1986 2842 nimirum
2038 2803 2109 2842 xl.

520 2873 732 2931 solidos
762 2875 882 2932 dies
923 2876 1137 2947 jejunio
1183 2878 1508 2934 tribuerent.
1545 2878 1802 2935 Ambros.
1839 2895 2007 2935 sem.
2038 2880 2104 2936 5t

519 2975 575 3023 et
602 2965 673 3021 52
710 2981 803 3022 sex
836 2967 1213 3034 hebdomadis,
1260 2984 1326 3024 ac
1364 2968 1558 3026 diebus
1600 2986 1713 3025 xui
1741 2968 2111 3044 Quadragesi-

519 3072 665 3113 mam
691 3058 898 3127 deﬁnit,
926 3075 1129 3131 eosque
1151 3062 1244 3133 qui
1275 3060 1808 3133 Quinquagesimam
1841 3078 1941 3135 pro
1968 3078 2110 3136 qua-

520 3150 824 3222 dragesima
846 3153 1161 3224 jejunarent
1190 3156 1493 3228 redarguit.

589 3241 859 3298 leerum
888 3251 1003 3298 tam
1031 3244 1098 3300 de
1127 3245 1232 3302 hoc
1257 3243 1542 3303 Paschalis
1569 3247 1802 3318 jejunio,
1837 3263 2003 3319 quam
2037 3248 2109 3304 de

519 3331 951 3407 Quadragesima
996 3335 1319 3395 Timotheus
1358 3340 1765 3397 Alexandrinus
1808 3341 2106 3412 episcopus

520 3420 748 3493 intelligi
794 3431 977 3493 potest
1020 3425 1078 3480 in
1128 3429 1412 3484 cationicis
1464 3430 1798 3502 Responsis,
1838 3430 2102 3503 lnlerrog.

520 3513 554 3568 8
587 3524 641 3569 et
678 3515 765 3570 lO.
796 3515 1042 3584 Quarum
1081 3520 1137 3574 in
1181 3521 1367 3591 priore
1388 3525 1684 3594 quaeritur:
1721 3534 1905 3581 utrum
1938 3541 2106 3597 puer-

521 3623 652 3678 pera
682 3607 895 3665 Pascha
921 3610 1175 3682 jejunare
1204 3614 1418 3682 debeat,
1450 3632 1519 3671 an
1545 3617 1594 3672 ei
1626 3618 1739 3673 vini
1766 3635 1902 3676 usus
1925 3620 2108 3676 indui-

522 3702 752 3771 scatur?
777 3701 838 3757 In
867 3706 1161 3774 posteriori
1188 3708 1255 3763 de
1286 3722 1493 3783 aegroto
1522 3711 1826 3781 dubitatur,
1853 3730 1924 3770 an
1953 3715 2110 3772 simi-

521 3792 646 3849 liter
677 3794 960 3852 Paschalis
985 3797 1201 3867 jejunio
1236 3809 1507 3867 teneatur,
1537 3813 1703 3875 atque
1731 3808 1910 3863 (deum
1949 3816 2005 3864 et
2028 3809 2111 3865 vi-

522 3898 656 3938 num
684 3884 948 3941 adhibere
977 3888 1172 3956 possit.
1204 3888 1324 3957 Qua
1367 3906 1434 3947 ex
1465 3896 1759 3963 posteriori
1807 3899 2110 3968 quaestione

523 3972 780 4065 Balsama
801 3976 1039 4048 colligit:
1063 3979 1186 4033 Ὅτι
1215 3983 1248 4053 ἡ
1271 3984 1499 4054 νηστεία
1525 3985 1626 4056 τῆς
1646 3987 2110 4065 Τεσσαρακοστῆς

523 4061 619 4155 του
654 4063 857 4155 ῌάσχα
885 4064 1197 4137 ξηροφαγία
1241 4071 1393 4125 ἐστι’
1426 4072 1567 4129 ἀλλὰ
1605 4077 1703 4131 καὶ
1728 4077 1876 4133 οἴνου
1904 4061 2108 4155 ἀποχὴ.

524 4153 692 4210 Addit
720 4163 938 4223 tamen,
971 4161 1272 4219 nonnullos
1306 4164 1364 4218 in
1398 4172 1635 4238 utrorjue
1665 4183 1877 4227 canone
1902 4153 2112 4231 hebdo-

524 4245 698 4300 madae
730 4256 936 4303 sancta:
958 4247 1228 4318 jejunium
1256 4293 1272 4320 ,
1324 4269 1434 4310 non
1464 4256 1912 4330 Quadragesimm
1945 4264 2116 4321 totius

520 4335 877 4394 intellexisse.
936 4339 1281 4413 Epiphanius
1325 4362 1549 4419 quoque
1596 4350 1654 4407 in
1703 4353 1958 4413 Aerianis
2005 4357 2117 4414 ba-

506 4428 635 4485 ‘res.
663 4429 752 4496 75,
785 4447 938 4489 num.
964 4434 1018 4498 5,
1040 4435 1107 4491 de
1136 4436 1243 4494 hac
1266 4438 1612 4498 hebdomada
1640 4443 1876 4515 loquens
1902 4449 2034 4503 :"Ev
2055 4466 2117 4503 τε

2199 586 2233 627 a
2263 570 2546 627 nonnullis
2595 572 2837 628 dicatum
2890 570 3061 629 fuisse
3109 571 3346 629 Irenazus
3389 575 3457 629 ad
3503 575 3785 633 Victorem

2200 664 2414 732 scribit,
2445 662 2683 720 Eusebio
2713 672 2869 729 teste,
2903 663 3000 722 lib.
3035 681 3091 730 v,
3127 680 3251 736 cap.
3285 665 3396 722 Ωιτ
3430 668 3496 720 0t
3530 666 3633 738 μὲν
3670 668 3784 740 γὰρ

2198 757 2403 812 οἴονται
2455 756 2583 829 μίαν
2613 756 2829 829 ἡμέραν
2876 758 2991 812 δεῖν
3039 758 3240 823 αὐτοὺς
3271 757 3588 831 νηστεύεινο
3629 761 3684 815 οἰ
3723 762 3781 816 δὲ

2199 846 2294 901 δύο
2311 863 2326 879 ο
2355 848 2406 901 ot
2431 846 2488 901 δὲ
2514 849 2609 901 καὶ
2642 847 2913 913 πλείονας.

2269 939 2390 995 Col.
2428 939 2533 994 888
2563 939 2627 996 C.
2664 941 2848 996 Ἀλλὰ
2870 940 2966 995 καί
2980 944 3034 996 oi
3052 940 3367 996 σπουδαῖοι
3392 941 3634 1006 διπλᾶς.
3652 941 3784 997 Dio-

2204 1032 2395 1104 nysius
2440 1032 2843 1089 Alexandrinus
2888 1032 3132 1103 Epistota
3162 1034 3233 1087 ad
3269 1032 3587 1089 Basitiden:
3631 1033 3782 1089 Ἐπεὶ

2209 1125 2346 1197 μηδὲ
2374 1125 2474 1190 τὰς
2495 1125 2555 1193 ἓξ
2575 1125 2682 1180 τῶν
2704 1127 2968 1198 νηστειῶν
2989 1127 3199 1199 ἡμέρας
3220 1127 3354 1191 ἴσως
3372 1165 3390 1193 ,
3416 1127 3552 1198 μηδὲ
3582 1129 3785 1199 ὁμοίως

2212 1219 2414 1283 πάντες
2453 1218 2821 1290 διαμένωσιν.
2874 1218 3012 1272 Ἀλλ’
3048 1222 3100 1273 oi
3131 1219 3228 1291 μὲν
3260 1220 3355 1274 καὶ
3397 1219 3577 1285 πάσας
3607 1222 3782 1293 ὑπερ-

2210 1314 2476 1380 τιθέασιν,
2503 1313 2679 1369 ἄσιτοι
2714 1313 3118 1381 διατελοῦντες,
3158 1316 3214 1368 οἱ
3230 1314 3287 1369 δὲ
3309 1314 3424 1380 δύο,
3450 1316 3501 1369 οῖ
3523 1315 3580 1369 δὲ
3610 1318 3781 1387 τρεῖς,

2211 1408 2262 1462 οἱ
2294 1407 2353 1461 δὲ
2379 1407 2684 1479 τέσσαρας,
2718 1408 2770 1461 οἱ
2803 1407 2861 1461 δὲ
2887 1407 3163 1479 οὐδεμίαν.
3208 1405 3544 1479 Epiphanius
3567 1408 3784 1473 eodem,

2204 1513 2315 1569 quo
2370 1483 2666 1570 Dionysius
2698 1540 2711 1565 ,
2770 1500 2938 1555 verbo
2994 1499 3194 1563 utitur,
3246 1499 3506 1554 nimirum
3561 1499 3790 1571 ὑπερτί-

2206 1590 2415 1646 Θεσθαι.
2469 1589 2627 1658 Quod
2675 1600 2759 1647 est
2809 1594 2985 1646 cibum
3024 1590 3260 1661 differre.
3330 1589 3465 1646 lline
3519 1590 3788 1661 jejunium

2205 1684 2576 1753 superpositio,
2624 1682 2733 1739 nisi
2782 1681 2964 1749 fallor,
3009 1698 3041 1738 a
3090 1680 3301 1741 Latinis
3332 1692 3579 1749 vocatur,
3628 1693 3693 1739 ut
3730 1684 3789 1738 in

2209 1776 2454 1832 Eliherit.
2500 1790 2658 1832 conc.
2702 1790 2826 1832 can.
2870 1776 2983 1831 26:
3034 1774 3287 1831 Errorem
3335 1776 3533 1846 placuit
3566 1776 3789 1847 corrigi,

2208 1880 2264 1922 ut
2310 1868 2456 1923 omni
2489 1865 2713 1923 Sabbati
2746 1867 2833 1922 die
2860 1867 3194 1939 jejuniorum
3228 1869 3668 1938 superpositiones
3711 1883 3795 1921 ce-

2206 1957 2493 2013 lebrentur.
2529 1957 2590 2013 in
2617 1956 2850 2014 Corruit.
2876 1970 3048 2030 apost.
3092 1958 3186 2013 lib.
3217 1974 3272 2022 v,
3299 1973 3349 2014 ε.
3379 1958 3444 2013 17
3470 1974 3485 2010 :
3514 1958 3627 2028 Τὴν
3656 1958 3794 2029 μέν·

2205 2067 2289 2104 τοι
2316 2051 2693 2123 παρασκευὴν,
2730 2052 2827 2105 καὶ
2853 2049 2916 2105 τὸ
2939 2050 3220 2106 Σάδὸατον
3244 2048 3535 2121 ὀλόκληρον
3559 2048 3794 2121 νηστεύ-

2208 2160 2339 2200 σατε
2358 2182 2374 2209 ,
2402 2138 2485 2207 οἷς
2510 2141 2741 2215 δύναμις
2784 2143 3045 2214 πρόσεστι
3072 2142 3296 2214 τοιαύτη
3322 2183 3338 2206 ,
3370 2141 3599 2214 μηδενὸς
3628 2140 3795 2211 γευό-

2212 2252 2407 2308 μενοι,
2460 2234 2656 2307 μέχρις
2704 2233 3176 2307 ἀλεκτοροφωνίας
3218 2234 3411 2298 νυκτός
3437 2251 3451 2265 σ
3509 2235 3558 2286 εί
3608 2232 3671 2285 δέ
3704 2249 3795 2296 τις

2208 2326 2459 2381 ἀδυνατεῖ
2487 2325 2585 2389 τὰς
2607 2324 2702 2378 δύο
2726 2324 3019 2390 συνάπτειν
3045 2323 3203 2395 ὁμοῦ,
3251 2321 3571 2393 φυλασσέτω
3591 2320 3699 2374 κᾶν
3727 2320 3792 2373 τὸ

2209 2417 2511 2473 Σάϐϐατον.
2553 2416 2792 2473 Causam
2841 2416 3065 2487 subjicit
3100 2433 3114 2470 :
3144 2415 3293 2485 quod
3332 2414 3417 2469 his
3462 2413 3655 2469 diebus
3691 2411 3794 2466 ab-

2208 2512 2356 2568 latus
2404 2510 2479 2568 sit
2523 2524 2781 2581 sponsus.
2835 2507 3012 2575 Quam
3056 2517 3115 2563 et
3161 2505 3390 2563 Tertull.
3440 2504 3619 2574 attigit
3687 2502 3789 2557 lib.

2210 2600 2415 2661 Contra
2454 2600 2675 2678 Psych.,
2697 2616 2818 2673 cap.
2860 2600 2892 2655 8
2925 2619 2940 2655 :
2975 2598 3109 2654 Ecce
3152 2599 3288 2654 enim
3337 2597 3579 2652 convenio
3617 2609 3707 2648 vos
3736 2603 3793 2649 et

2209 2709 2401 2771 prater
2449 2695 2665 2753 Pascha
2702 2693 3032 2765 jejunantes,
3088 2691 3230 2746 citra
3270 2689 3394 2745 illos
3438 2688 3569 2773 dies,
3598 2687 3793 2759 quibus

2211 2793 2422 2848 ablatus
2448 2797 2524 2846 est
2558 2789 2810 2860 Sponsus.

2282 2883 2419 2939 Ibid.
2443 2881 2554 2938 Καὶ
2578 2880 2734 2949 ὅλην
2752 2878 2868 2949 τὴν
2889 2876 3395 2948 Τεσσαρακοστὴν
3417 2874 3532 2931 ἀπὸ
3551 2871 3791 2941 ἐνάτης.

2223 2972 2418 3030 Utrum
2446 2974 2705 3029 omnibus
2735 2970 3178 3042 Quadragesimre
3216 2969 3409 3025 diebus
3439 2978 3669 3038 synaxes
3704 2979 3798 3019 oe-

2213 3067 2410 3122 lebrari
2444 3066 2613 3129 dicat,
2643 3064 2884 3120 dubitari
2908 3070 3121 3134 potest:
3158 3076 3227 3117 au
3254 3059 3386 3115 illud
3416 3058 3596 3130 potius
3616 3056 3793 3123 .velit;

2216 3169 2325 3215 tam
2378 3175 2475 3216 sex
2522 3159 2644 3214 illas
2688 3156 2996 3220 Paschalis,
3030 3163 3087 3211 et
3139 3153 3379 3224 majoris
3419 3150 3792 3214 hebdomade,

2211 3268 2375 3324 quam
2410 3262 2635 3308 ceteras
2665 3248 3114 3321 Quadragcsimaa
3139 3260 3398 3318 synaxes,
3453 3243 3798 3314 quibuscun-

2208 3362 2315 3417 que
2343 3346 2564 3401 tandem
2601 3344 2800 3401 diebus
2827 3342 3134 3407 obeanlur,
3168 3356 3198 3395 a
3233 3353 3377 3395 nona
3400 3337 3468 3393 ad
3509 3349 3795 3405 vesperam

2208 3452 2385 3509 usque
2418 3436 2776 3521 frequentari.
2829 3432 2945 3489 Hoc
2968 3447 3099 3488 vero
3122 3440 3330 3488 certum
3356 3441 3439 3486 est
3478 3444 3542 3485 ex
3570 3429 3638 3483 iis
3663 3426 3797 3498 Epi-

2208 3529 2396 3600 phanii
2430 3528 2643 3591 verbis,
2674 3523 2943 3597 jejunium
2974 3524 3028 3578 in
3048 3521 3471 3591 Quadragesima
3521 3535 3627 3574 non
3665 3528 3797 3573 ante

2211 3633 2494 3690 vesperam
2535 3629 2700 3690 atque
2745 3631 3004 3673 occasum
3052 3616 3224 3672 solem
3275 3629 3305 3670 a
3352 3613 3599 3669 ﬁdelibus
3654 3613 3795 3667 soluo

2212 3721 2348 3766 tum.
2371 3710 2474 3766 Cui
2502 3719 2933 3769 consentaneum
2950 3718 3057 3776 εει,
3079 3708 3226 3779 quod
3256 3721 3380 3762 cum
3403 3706 3470 3761 de
3494 3704 3796 3777 synaxibus

2210 3819 2521 3887 ageremus,
2566 3819 2635 3859 ex
2668 3801 3009 3887 Tertulliano
3050 3800 3339 3857 docuimus
3371 3817 3385 3853 :
3415 3798 3680 3853 stationes
3724 3796 3799 3852 ob

2212 3885 2264 3951 id
2296 3896 2635 3967 sentijejunia
2656 3885 2873 3962 vocari,
2894 3893 3045 3963 quod
3073 3892 3141 3948 ad
3173 3892 3367 3948 horam
3392 3903 3590 3945 nonam
3616 3902 3799 3958 usque

2212 3994 2639 4057 prorogarentur
2662 4026 2678 4055 ,
2708 3999 2838 4043 cum
2874 3983 3107 4055 majora,
3142 3980 3455 4052 cuiusmodi
3493 3979 3799 4051 quadrage-

2214 4080 2426 4137 simalia
2462 4078 2635 4145 tuere,
2660 4092 2771 4134 non
2801 4085 2931 4133 ante
2954 4076 3095 4133 lucis
3115 4075 3324 4132 exitum
3352 4072 3692 4130 desinerent.
3726 4074 3800 4127 At

2214 4172 2443 4227 Constit.
2494 4181 2665 4241 apost.
2715 4170 2812 4226 lib.
2845 4186 2898 4238 v,
2936 4182 3062 4239 cap.
3111 4168 3198 4234 15,
3255 4181 3399 4223 nona
3436 4165 3523 4231 vel
3564 4178 3797 4236 vespera

2215 4278 2314 4333 pro
2348 4261 2622 4333 cujusque
2661 4260 2870 4318 viribus
2911 4260 3057 4317 vesci
3094 4259 3251 4330 jubet
3281 4269 3298 4312 :
3338 4254 3427 4312 Ἐν
3451 4256 3512 4310 δὲ
3538 4258 3663 4321 ταῖς
3692 4255 3801 4310 λοι-

2216 4359 2346 4419 παῖς
2392 4357 2516 4420 ταῖς
2573 4353 2680 4428 πρὸ
2722 4353 2821 4425 τῆς
2878 4350 3238 4426 παρασκευῆς
3290 4350 3488 4423 ἐνάτην
3537 4349 3711 4421 ὥραν,
3760 4348 3799 4421 ἢ

2217 4453 2460 4526 ἑσπέραν
2504 4452 2737 4516 ἕκαστος
2780 4449 3029 4515 ἐσθιέτω,
3072 4448 3106 4520 ἢ
3149 4448 3300 4511 ὅπως
3334 4445 3401 4500 ἄν
3427 4461 3511 4508 τις
3558 4443 3799 4498 δύναιτο.

524 4523 647 4585 ταῖς
675 4523 915 4619 ῄμέραις
952 4526 1046 4581 τοῦ
1087 4529 1304 4603 Πάσχα,
1340 4532 1537 4605 inquit,
1565 4537 1656 4591 ὅτε
1690 4541 1821 4611 παρ’
1849 4541 1982 4612 ἡμῖν
2016 4560 2106 4613 χα-

2218 4523 2546 4603 Ambrosius
2596 4560 2765 4601 εει-ιη.
2789 4543 2858 4599 26
2890 4561 2905 4596 :
2937 4542 3080 4614 Rogo
3106 4558 3216 4608 vos,
3254 4538 3449 4609 fratres
3470 4536 3797 4597 ctariuimi.

523 4614 767 4683 μευνίαι,
813 4616 1049 4687 ἁγνεῖαι,
1098 4624 1488 4694 κακοπάθειαι,
1532 4627 1883 4702 ξηροφαγίαι,
1929 4636 2108 4707 εὐχαὶ,

526 4708 825 4780 ἀγρυπνίαι
855 4730 913 4767 τε
958 4715 1056 4770 καὶ
1090 4721 1363 4788 νηστεῖαί,
1406 4723 1502 4777 καὶ
1563 4727 1735 4781 πᾶσαι
1766 4727 1878 4782 τῶν
1920 4729 2113 4802 ψυχῶν

522 4801 584 4853 αἱ
640 4804 944 4879 σωτηρίαι,
978 4815 1086 4863 etc.
1132 4807 1280 4867 idem
1329 4822 1385 4869 et
1430 4814 1624 4872 haeres.
1684 4817 1773 4886 70,
1828 4834 1983 4876 num.
2040 4823 2111 4878 12

529 4894 920 4954 hebdomadem
952 4900 1100 4961 illam
1138 4901 1427 4963 Paschalis
1455 4907 1796 4981 ξηροφαγίας
1817 4912 2109 4985 ἑϐδομάδα,

526 4988 624 5040 καὶ
655 4989 749 5042 τοῦ
795 4991 990 5063 Πάσχα
1025 4996 1295 5053 nominat.
1339 4996 1477 5059 Vide
1515 5011 1572 5056 et
1616 5019 1674 5059 n.
1718 5005 1799 5060 14.
1832 5004 1944 5063 Nec
1977 5009 2113 5063 illud

470 5154 475 5157 _
527 5083 1058 5149 praetermittendum
1090 5096 1195 5156 est,
1229 5090 1305 5147 uti
1334 5090 1547 5149 Pascha
1576 5111 1677 5165 pro
1706 5103 1819 5153 tota
1861 5099 2112 5166 Quadra-

528 5172 757 5242 gesima,
783 5184 879 5229 aut
901 5192 1000 5245 pro
1023 5179 1213 5235 ultima
1247 5182 1440 5239 saltem
1476 5184 1623 5243 illius
1650 5187 1993 5247 hcbdomada
2017 5208 2113 5247 su-

526 5266 721 5320 mitur.
752 5263 915 5322 Velut
957 5285 1082 5325 cum
1123 5270 1446 5331 Timotheus
1477 5278 1770 5346 νηστεῦσαι
1804 5280 2000 5353 Πάσχα
2027 5284 2113 5338 di-

528 5357 608 5411 xit
645 5373 659 5411 :
696 5357 769 5414 ita
802 5374 1200 5433 nonnunquam
1228 5374 1438 5421 certum
1468 5368 1715 5439 ejusdem
1748 5371 2112 5429 hebdomadis

525 5449 669 5504 diem
703 5451 1035 5521 signiﬁcare,
1080 5461 1139 5510 ut
1169 5456 1313 5526 apud
1335 5455 1564 5515 Tertull.
1597 5461 1693 5517 lib.
1730 5461 1805 5516 De
1826 5473 1970 5518 orat.
2007 5464 2112 5520 sub

526 5541 690 5597 linem
726 5562 740 5599 :
779 5543 868 5601 Sic
902 5555 953 5600 et
976 5547 1064 5603 die
1096 5548 1343 5619 Pace/ue,
1385 5568 1503 5622 qua:
1551 5557 1847 5611 communis
1877 5567 1925 5611 et
1958 5558 2113 5627 quasi

524 5634 735 5718 publica
774 5638 973 5708 jejunii
1006 5641 1194 5712 religio
1244 5651 1358 5707 est,
1394 5646 1579 5700 merito
1608 5647 1922 5718 deponimus
1956 5665 2113 5704 oscu-

528 5716 662 5776 lum.
713 5724 818 5790 Qai
863 5728 1000 5795 dies,
1055 5729 1356 5788 Parasceve
1399 5743 1611 5802 sancta,
1669 5716 1778 5806 qua
1828 5736 2113 5794 Passitmis

528 5815 795 5871 memoria
840 5820 1271 5888 celebratur,“
1318 5823 1510 5896 Πάσχα
1556 5827 1938 5900 σταυρὼσιμον
1989 5847 2114 5889 esse

2214 4649 2271 4694 ut
2304 4639 2363 4693 in
2390 4638 2494 4692 isto
2530 4636 2765 4707 legitimo
2810 4645 3073 4705 tempore,
3120 4631 3353 4701 exceptis
3399 4627 3687 4684 Dominica
3746 4634 3800 4680 et

2214 4728 2449 4787 Sabbato
2496 4729 2699 4796 diebus,
2735 4728 2913 4783 nullus
2962 4734 3087 4780 ante
3128 4739 3325 4779 nonam
3374 4721 3634 4790 prandere
3669 4734 3806 4787 prte-

2213 4831 2409 4889 sumat,
2452 4822 2555 4876 nisi
2590 4820 2726 4891 forte
2774 4835 2927 4891 quem
2962 4818 3208 4888 jejuuare
3254 4815 3544 4885 inﬁrmitas
3567 4828 3670 4867 non
3694 4827 3808 4881 per-

2213 4914 2565 4985 miltit.Qm'a
2604 4913 2727 4968 aliis
2751 4912 2935 4967 diebus
2954 4910 3203 4981 jejunae
3226 4917 3321 4963 aut
3354 4906 3660 4967 remedium,
3710 4912 3803 4957 aut

2214 5005 2493 5077 prwmium
2523 5014 2600 5058 est
2633 5020 2650 5061 :
2684 5003 2739 5056 in
2768 5001 3195 5072 Quadragesim
3226 5013 3346 5053 vero
3391 5013 3492 5051 non
3523 4994 3799 5064 jejunum,

2215 5106 2488 5169 peccatum
2524 5105 2622 5151 est.
2669 5096 2774 5163 Qui
2830 5094 3053 5166 quidem
3108 5109 3291 5150 sermo
3342 5090 3567 5147 totidem
3617 5087 3803 5144 verbis

2216 5185 2360 5255 apud
2391 5184 2757 5256 Augustinum
2804 5184 3033 5255 legitur;
3068 5191 3267 5254 estque
3312 5196 3492 5238 sermo
3524 5179 3593 5235 de
3621 5188 3792 5248 temp.

2218 5279 2308 5333 ϐξ.
2340 5276 2449 5334 Sed
2472 5279 2540 5333 de
2559 5276 2802 5333 Sahbato
2820 5278 3051 5334 verbum
3074 5277 3308 5334 nullum.
3339 5273 3443 5331 Sed
3467 5274 3570 5328 hoc
3593 5273 3802 5339 solum,

2218 5381 2276 5425 ut
2307 5372 2539 5442 exceptis
2574 5369 2870 5426 Dominicis
2899 5370 3103 5435 diebus,
3150 5368 3331 5425 nullus
3364 5366 3623 5438 prandere
3667 5380 3800 5435 prc-

2215 5471 2415 5518 sumat.
2439 5461 2602 5529 Quod
2639 5462 2782 5517 idem
2811 5471 2893 5517 cst
2924 5476 2991 5516 ac
3018 5461 3065 5517 si
3094 5468 3220 5516 ante
3253 5474 3453 5514 nonam
3490 5456 3638 5513 vesci
3670 5470 3804 5526 pro-

2215 5555 2454 5619 hiberet,
2494 5555 2623 5626 quia
2654 5555 2945 5625 prandium
2986 5562 3116 5609 ante
3144 5556 3333 5608 horam
3380 5558 3590 5606 sextam
3616 5548 3803 5618 capie-

2215 5648 2397 5705 batur.
2431 5647 2567 5704 Vide
2599 5650 2830 5719 August.
2876 5647 3040 5719 epist.
3076 5646 3166 5701 86.
3225 5644 3303 5701 Ita
3334 5643 3635 5701 Cassianus
3677 5638 3801 5696 Col-

2216 5741 2313 5795 lat.
2348 5739 2441 5805 ‘2],
2482 5755 2603 5810 cap.
2631 5739 2722 5806 25,
2752 5737 2837 5794 vel
2865 5736 3117 5794 Theonas
3155 5735 3299 5806 apud
3333 5735 3485 5790 illum
3515 5732 3794 5792 admonet,

2218 5840 2270 5891 ul
2314 5831 2367 5887 in
2403 5831 2598 5890 diebus
2626 5829 2803 5905 festis,
2834 5829 3000 5898 cibus,
3027 5828 3122 5900 qui
3154 5827 3284 5884 liora
3323 5826 3430 5881 diei
3458 5840 3597 5880 nona
3624 5823 3795 5893 fuerat
