4064 6426
303 432 438 489 i091

1082 431 1173 490 DE
1212 434 1612 495 VETERIBUS
1649 431 2060 505 QUIBUSDAM
2101 429 2460 488 ECCLESUE
2505 430 2804 489 RlTlBUS.

3458 430 3598 486 1093

301 547 611 620 capiendus,
643 549 805 621 punio
835 549 1016 616 citius,
1053 551 1112 604 id
1145 563 1223 606 est
1256 564 1405 608 sexta
1436 555 1568 610 liora
1601 572 1698 626 pro
1727 553 1876 624 festi-
1912 556 1958 613 Α
1986 549 2260 622 acjejuuii
2283 551 2567 618 relaxatio,
2597 561 2657 605 ut
2689 549 2828 620 Aug.
2857 548 3061 604 indicat
3097 549 3260 620 epist.
3293 549 3425 617 118,
3461 566 3512 606 c.
3541 553 3596 606 -l.

299 641 486 698 vitatis
511 651 743 710 tempore
776 644 1042 710 capiatur.
1079 642 1145 697 At
1179 644 1378 713 priscis
1409 647 1747 717 temporibus
1779 659 1887 699 non

303 743 432 788 ante
453 749 738 804 vesperam
766 735 954 790 cibum
978 749 1175 805 capere
1195 748 1624 802 consueverant;
1661 738 1714 792 id
1746 736 1891 808 quod

1995 642 2155 708 Quod
2184 640 2494 697 Laodicena
2531 640 2774 711 synodus
2807 638 3063 708 usurpari
3113 639 3286 694 vetuit
3323 655 3447 694 can.
3479 637 3550 694 Ιιῡ
3582 657 3594 691 :

1996 734 2120 788 Ὅτι
2169 733 2231 786 ού
2273 733 2358 786 δεῖ
2403 736 2462 787 ὲν
2508 733 2926 803 τεσσαρακοστῇ
2975 733 3041 801 τῇ
3094 729 3296 803 ὑστέρᾳ⁴
3349 729 3603 802 ἑϐδομάὖι

303 823 531 896 insuper
563 824 848 896 Theophili
881 825 1236 882 Alexandrini
1270 827 1424 884 locus
1458 829 1547 884 ille
1580 829 1890 895 conﬁrmat,

2012 829 2095 898 ιὴν
2138 826 2404 898 πέμπτην
2450 824 2637 886 λύειν.
2683 825 2779 879 καὶ
2826 824 2956 896 ὃλην
2997 824 3097 895 τὴν
3143 823 3601 895 τεσσαρακοστὴν

304 930 470 985 quem
499 929 666 984 supra
696 916 1084 971 discussimus.
1122 916 1490 989 Posteaquam
1526 935 1655 975 vero
1689 918 1757 974 ad
1795 919 1895 973 bo-

306 1022 424 1063 ram
458 1023 659 1063 nonam
691 1008 946 1064 vescendi
980 1017 1196 1080 tempus
1234 1026 1264 1065 a
1304 1026 1534 1081 vespera
1568 1012 1894 1067 translatum

306 1107 413 1166 est,
469 1109 586 1154 tum
623 1100 906 1156 sublatum
943 1100 1076 1156 illud
1121 1100 1420 1158 discrimen
1452 1103 1716 1168 arbitror,
1749 1102 1896 1173 quod

312 1193 578 1249 hactenus
620 1193 762 1249 inter
807 1194 1072 1250 stationes
1113 1205 1168 1252 et
1193 1195 1403 1266 jejunia
1436 1194 1606 1252 fuisse
1640 1195 1895 1249 vidimus.

310 1283 550 1357 Indeque
595 1295 709 1351 est,
764 1287 909 1358 quod
961 1287 1291 1344 Ambrosius
1335 1305 1503 1344 sem.
1556 1291 1628 1345 56
1689 1289 1897 1361 jejunis

309 1378 748 1450 Quadragesimce
771 1383 1024 1436 stationes
1049 1383 1313 1453 appellari
1337 1383 1494 1437 dixit.

387 1473 501 1526 Ἓν
549 1487 672 1527 τισι
717 1472 786 1526 δὲ
826 1476 1035 1542 τόποις
1079 1475 1187 1544 τῆς
1230 1477 1382 1544 μετὰ
1426 1475 1542 1546 τὴν
1594 1474 1898 1545 πέμπτην.

325 1565 759 1636 Ἀπονηπισμές
825 1578 906 1623 est
950 1568 1146 1638 jejunii
1204 1571 1441 1633 solutio;
1497 1578 1553 1624 et
1607 1568 1903 1639 ἀπονηστί-

307 1652 504 1718 {scibat
520 1656 785 1726 jejunium
817 1659 1036 1714 solvere.
1070 1659 1182 1716 Nec
1213 1661 1368 1716 aliter
1393 1662 1450 1715 in
1481 1661 1670 1716 Graeco
1702 1659 1905 1730 [lippo-

311 1747 405 1819 lyti
433 1760 643 1804 canone
674 1751 901 1806 verbum
941 1753 1071 1808 illud
1118 1755 1407 1823 accipitur,
1438 1769 1563 1808 cum
1597 1753 1711 1807 ait:
1749 1754 1906 1805 Ἀπο-

308 1839 662 1909 νηστίζεσοαι
718 1840 775 1894 δὲ
818 1842 900 1896 δεῖ
929 1837 989 1897 οὗ
1021 1843 1088 1897 ἂν
1118 1845 1337 1916 ἐμπέσῃ
1353 1844 1628 1916 Κυριακή.
1658 1841 1900 1896 Tametsi

1995 919 2286 992 ἀτιμάζειν
2307 936 2321 950 ·
2354 919 2493 974 ἀλλὰ
2524 919 2606 973 δεῖ
2642 919 2823 972 πᾶσαν
2862 918 2962 988 τὴν
3011 915 3466 988 τεσσαρακοστὴν
3503 932 3599 982 νη-

1999 1013 2212 1068 στεύειν
2273 1011 2745 1086 ξηροφειγοῦντας.
2804 1010 2881 1065 Ex
2939 1025 3048 1079 quo
3104 1010 3324 1066 notabis
3384 1007 3599 1070 obiter,

1997 1104 2281 1161 Passionis
2305 1104 2707 1159 hebdomadam
2737 1101 3186 1172 Quadragesima:
3218 1109 3426 1171 partem
3455 1114 3603 1162 esse.

2001 1209 2109 1250 non
2143 1195 2212 1249 ab
2253 1194 2346 1249 illa
2385 1193 2725 1249 distinctam.
2770 1191 3032 1247 Trullana
3088 1206 3310 1262 quoque
3358 1189 3602 1261 synodus

2001 1302 2124 1342 can.
2151 1286 2242 1354 99,
2299 1287 2444 1358 quod
2488 1286 2544 1340 in
2587 1284 3034 1356 Carthaginiensi
3085 1285 3321 1340 concilio
3367 1283 3435 1338 de
3465 1281 3603 1338 feria

2001 1379 2097 1436 illa'
2123 1380 2315 1450 quinta
2359 1379 2686 1434 nominatim
2728 1387 3016 1448 exceptum
3077 1377 3298 1432 fuerat:
3336 1376 3402 1432 Ut
3427 1391 3606 1429 sacra-

2003 1479 2178 1524 menta
2215 1469 2407 1524 altaris
2449 1471 2660 1524 nonnisi
2722 1487 2754 1522 a
2780 1469 2977 1539 jejunis
3009 1468 3310 1523 hominibus
3343 1467 3608 1522 celebren-

2006 1571 2113 1629 tur,
2143 1572 2357 1631 excepto
2397 1579 2502 1616 uno
2536 1563 2621 1617 die
2660 1563 3054 1627 anniversario,
3077 1578 3183 1632 quo
3218 1577 3364 1614 caena
3393 1559 3610 1613 Domini

2005 1654 2298 1710 celebratur
2351 1633 2474 1726 (qn‘i
2508 1666 2591 1710 est
2629 1655 2816 1711 Cal-th.
2856 1669 2939 1722 In,
2963 1669 3088 1710 can.
3117 1653 3232 1725 29),
3263 1650 3550 1722 abrogavit
3585 1669 3598 1704 :

2003 1747 2283 1817 vetuitque
2313 1747 2410 1802 illo
2443 1748 2530 1803 die
2563 1749 2700 1803 solvi
2744 1748 3037 1818 jejunium.
3069 1747 3140 1801 At
3178 1746 3517 1816 Augustinus
3549 1744 3603 1798 in

2007 1838 2234 1908 epistola
2267 1839 2514 1909 proxime
2557 1840 2722 1894 citata
2775 1840 3055 1894 nonnullis
3100 1839 3153 1893 in
3193 1837 3458 1894 Ecclesiis
3493 1853 3608 1891 mn-

313 1933 560 2002 Sealiger
588 1933 642 1988 in
693 1931 852 1989 Notis
894 1935 965 1990 ad
1012 1909 1165 1990 illum
1202 1909 1502 1999 rationem,
1542 1909 1898 2006 dnovnazigs-
1936 1909 1978 1968 Β
2010 1946 2123 1984 rem
2161 1929 2332 1986 fuisse
2380 1931 2655 1996 declarat,
2697 1940 2756 1986 ut
2805 1933 2882 1986 bis
2930 1932 3117 2002 quinta
3161 1930 3383 1986 Sabbati
3409 1929 3606 1984 hebdo-

313 2020 440 2074 σθαι
475 2031 628 2092 putat
653 2038 777 2078 esse
811 2023 1106 2094 transferre
1129 2025 1399 2094 jejunium
1426 2041 1446 2080 :
1474 2026 1624 2096 quod
1671 2025 1898 2078 minime

310 2115 580 2183 procedit.
609 2114 846 2186 Tempus
870 2131 1002 2172 vero
1031 2117 1361 2172 dissolvendi
1387 2116 1606 2186 jejnnii,
1625 2115 1739 2171 sive
1769 2117 1899 2169 hora

312 2203 409 2258 τοῦ
460 2206 874 2278 ἀπονηστισμοῦ
947 2208 1228 2277 multiplex
1274 2208 1396 2262 fuit.
1447 2207 1674 2263 Constit.
1721 2205 1897 2261 Clem.

311 2296 411 2350 lib.
444 2313 496 2365 ν,
527 2313 647 2369 cap.
678 2299 776 2354 l9:
803 2297 893 2370 Τῷ
915 2299 974 2352 δὲ
1002 2299 1264 2371 Σαῧὸἀτῳ
1298 2300 1494 2371 μέχρις
1525 2299 1905 2371 ἀλεκτοροφω·

309 2389 434 2453 νίας
485 2391 942 2461 παρα-τείνοντες,
1004 2393 1433 2464 ἀπονηστίςεσθε
1483 2390 1904 2462 ἐπιφωσκούσης

310 2483 449 2552 μιᾶς
476 2482 585 2536 τῶν
607 2482 924 2550 Σαϐϐάτων,
960 2484 1086 2555 ἥτις
1119 2483 1238 2538 ἐστὶ
1261 2484 1499 2557 κυριακὴ
1527 2484 1636 2538 ἀπὸ
1666 2483 1906 2556 ἑσπέρας

309 2574 423 2638 ἕως
451 2574 920 2647 ἀλεκτοροφωνίας
959 2576 1369 2650 ἀγρυπνοῦντες
1389 2621 1404 2645 ,
1431 2577 1527 2632 καὶ
1557 2579 1652 2631 ἐπὶ
1675 2577 1737 2631 τὺ
1773 2576 1906 2632 αὐτὸ

308 2666 376 2718 ὲν
403 2667 470 2737 τῇ
540 2666 805 2739 ἐκκλησίᾳ
837 2668 1316 2741 συναθροιζόμενοι
1353 2671 1699 2742 γρηγορεῖτε.
1741 2668 1902 2724 lubet

309 2757 793 2828 quadragesimale
835 2759 1104 2831 jejunium
1153 2761 1290 2816 solvi
1341 2761 1407 2816 ad
1443 2761 1812 2832 gallicinium,
1848 2769 1908 2816 ut

311 2857 375 2905 ct
403 2852 678 2920 superiori
713 2854 914 2924 capite.
952 2853 1244 2924 Dionysius
1271 2852 1680 2910 Alexandrinus
1704 2853 1771 2909 ad
1804 2853 1907 2909 Ba-

313 2941 547 3008 siliden,
579 2944 936 3013 reprehendit
997 2959 1094 3000 eos
1158 2945 1253 3015 qui
1299 2946 1466 3013 paulo
1495 2955 1623 3001 ante
1672 2944 1909 3001 mediam

317 3043 534 3086 noctem
559 3043 684 3102 post
714 3034 1014 3090 Sabbatum
1037 3035 1306 3106 jejunium
1339 3036 1670 3101 dissolvunt,
1693 3035 1771 3100 ὠς
1797 3035 1911 3090 ὀλι-

312 3131 536 3204 γώρους
589 3129 684 3181 καὶ
707 3127 992 3200 ἀκρατεῖς.
1032 3128 1140 3184 Eos
1172 3137 1356 3184 autem
1393 3129 1768 3192 commendat,
1817 3127 1911 3198 qui

317 3238 497 3293 usque
530 3220 595 3276 ad
641 3228 896 3290 quartam
931 3218 1240 3274 custodiam
1303 3219 1618 3285 sustinent;
1667 3232 1769 3273 nec
1817 3231 1914 3272 eos

316 3314 506 3386 mag-ni
554 3311 837 3368 faciendos
869 3312 979 3377 ait,
1014 3311 1108 3381 qui
1155 3327 1222 3367 ex
1270 3311 1378 3367 illis
1424 3310 1652 3382 majoris
1703 3310 1913 3366 hebdo-

315 3407 499 3462 madas
528 3421 622 3461 sex
659 3404 853 3459 diebus
879 3445 893 3470 ,
925 3404 1204 3473 prioribus
1239 3411 1478 3475 quatuor
1525 3404 1646 3460 sine
1693 3402 1911 3473 jejunio

316 3498 617 3555 transactis
642 3537 657 3562 ,
705 3495 1044 3551 Parasceven
1078 3506 1132 3551 et
1157 3495 1458 3553 Sabbatum
1498 3497 1617 3552 sine
1646 3496 1757 3552 ullo
1787 3495 1911 3551 cibo

313 3588 646 3652 traducunt,
678 3586 824 3656 quod
871 3585 1222 3658 ὑπερτιθὲναι
1270 3586 1535 3642 nominat.
1588 3584 1717 3640 Fuit
1759 3584 1907 3638 enim

313 3683 430 3737 hoc
459 3679 736 3736 veteribus
769 3678 1097 3734 Christianis
1144 3677 1413 3734 familiare
1439 3719 1455 3744 ,
1507 3678 1735 3733 biduum
1776 3675 1910 3731 illud

312 3776 531 3843 absque
559 3772 684 3827 cibo
704 3785 1078 3841 perseverare,
1117 3779 1173 3827 et
1204 3771 1259 3826 in
1287 3770 1534 3826 Ecclesia
1553 3771 1816 3840 precibus
1846 3784 1912 3825 ac

314 3867 523 3938 vigiliis
559 3865 834 3921 insistere.
861 3863 1026 3920 Sexta
1067 3864 1312 3936 synodus
1343 3865 1398 3918 in
1429 3863 1619 3920 Trullo
1646 3880 1771 3920 can.
1804 3863 1864 3919 9i
1893 3881 1908 3919 :

311 3960 434 4023 Τὰς
480 3957 574 4012 τοῦ
613 3957 883 4029 σωτηρίου
915 3956 1124 4021 πάθους
1163 3956 1378 4028 ἡμέρας
1417 3958 1474 4010 ἐν
1517 3957 1772 4029 νηστείᾳ,
1819 3958 1912 4010 καὶ

311 4053 602 4123 προσευχῇ
626 4091 640 4116 ,
671 4050 767 4104 καὶ
795 4048 1089 4117 κατανύξει
1126 4049 1356 4121 καρδίας
1385 4049 1773 4112 ἐπιτελοῦντας
1802 4049 1910 4120 χρὴ

308 4145 448 4207 τοὺς
467 4145 694 4207 πιστοὺς
725 4142 855 4214 περὶ
881 4142 1055 4213 μέσας
1079 4141 1180 4212 τῆς
1207 4141 1336 4214 περὶ
1367 4140 1426 4194 τὸ
1465 4141 1604 4212 μετὰ
1634 4140 1912 4195 Σάϐϐατον

309 4237 515 4301 νυκτὸς
539 4235 688 4307 ὥρας
713 4234 1196 4307 ἀπονηστίζεσθαι.
1229 4235 1306 4290 Ad
1329 4249 1452 4305 quae
1478 4233 1731 4289 Balsama
1759 4233 1914 4288 dubi-

309 4337 424 4394 tat,
461 4344 530 4383 an
564 4327 693 4382 illud
722 4327 1074 4398 prmeipiatur
1103 4343 1116 4379 :
1147 4326 1392 4381 triduum
1413 4369 1427 4393 ,
1464 4326 1612 4396 quod
1646 4334 1730 4381 est
1773 4324 1913 4397 μετὰ

306 4422 424 4494 τὴν
456 4421 722 4491 τετράδα,
770 4419 1024 4490 quodque
1050 4417 1300 4474 Passieni
1347 4419 1621 4489 praecipue
1669 4419 1910 4472 dicatum

308 4522 425 4580 est,
455 4513 702 4583 adusque
733 4511 965 4566 mediam
1008 4519 1227 4565 noctem
1275 4520 1402 4565 ante
1431 4509 1772 4566 Dominicam
1806 4507 1912 4564 Pa-

2007 2023 2182 2078 madce
2211 2023 2416 2079 ultima:
2469 2025 2913 2096 quadragesima,
2946 2034 2995 2078 et
3039 2039 3194 2078 mane
3230 2032 3280 2078 et
3325 2023 3394 2076 ad
3440 2039 3606 2093 respe-

2008 2133 2126 2170 ram
2172 2117 2454 2184 oﬂ‘rrretur
2499 2133 2517 2170 :
2571 2116 2718 2187 quod
2768 2116 3193 2186 improbandum
3247 2129 3368 2171 esse
3417 2124 3603 2185 negat.

2010 2207 2164 2274 Quod
2215 2209 2393 2278 ipsum
2425 2209 2555 2265 olim
2592 2209 2645 2263 in
2677 2218 2861 2264 vetere
2892 2207 3136 2264 Ecclesia
3167 2207 3380 2263 caeteris
3407 2206 3604 2262 diebus

2010 2303 2275 2356 usitatum
2312 2301 2500 2365 fuisse,
2541 2301 2749 2357 indicat
2797 2299 3110 2371 Cyprianus
3141 2299 3305 2370 epist.
3349 2296 3421 2352 65
3469 2298 3604 2354 edit.

2010 2393 2164 2449 Pam.
2201 2392 2305 2449 Ubi
2339 2395 2634 2450 nonnullos
2686 2393 3072 2464 reprehendit,
3101 2393 3196 2464 qui
3238 2393 3292 2448 in
3324 2393 3608 2448 matutinis

2013 2484 2301 2540 sacriﬁciis
2324 2501 2524 2556 aquam
2556 2486 2727 2541 solam
2765 2484 3123 2548 adhibebant,
3149 2499 3214 2538 ne
3244 2499 3337 2554 per
3358 2499 3606 2554 saporem

2016 2576 2124 2630 vini
2158 2577 2449 2632 redolerent
2475 2579 2785 2649 sanguinem
2811 2577 3032 2632 Christi.
3051 2575 3204 2643 Quos
3237 2575 3312 2631 ita
3337 2575 3603 2647 castigat:

2017 2672 2100 2723 An
2145 2668 2244 2724 illa
2275 2669 2376 2723 sibi
2422 2670 2617 2740 aliquis
2653 2669 3095 2736 contemplatione
3131 2668 3426 2733 blanditur,
3467 2667 3607 2739 quod

2015 2763 2116 2817 etsi
2146 2779 2298 2816 mane
2347 2779 2488 2833 aqua
2533 2762 2650 2816 sola
2683 2763 2868 2832 o/ferri
2901 2761 3130 2826 videtur,
3176 2771 3349 2816 tamen
3382 2778 3502 2816 cum
3539 2761 3608 2815 ad

2019 2855 2330 2910 cmnandum
2359 2856 2593 2909 venimus
2613 2895 2627 2922 ,
2677 2856 2894 2909 mistum
2931 2854 3150 2909 calicem
3177 2855 3487 2924 offerimus;
3519 2856 3609 2910 sed

2019 2965 2138 3003 cum
2166 2964 2464 3012 canamus,
2499 2948 2566 3001 ad
2596 2948 2890 3001 convivium
2914 2957 3155 3002 nostrum
3192 2946 3393 3017 plebem
3420 2963 3613 3001 convo-

2019 3055 2141 3094 care
2164 3056 2267 3093 non
2289 3055 2594 3109 possumus,
2625 3049 2680 3092 ut
2706 3039 3028 3093 sacramenti
3055 3040 3333 3094 ueritatem
3362 3041 3612 3110 fraterni-

2023 3138 2131 3183 tate
2170 3131 2314 3183 omni
2341 3137 2596 3198 prwsente
2629 3129 3095 3186 celebremus?Bis
3127 3130 3293 3202 igitur
3339 3133 3610 3187 sacritiria

2022 3221 2286 3277 celebrari
2332 3221 2602 3285 solebant,
2637 3235 2822 3289 mane,
2864 3228 2918 3277 et
2949 3221 3170 3292 quidem
3201 3221 3453 3294 publice;
3494 3233 3610 3279 tum

2016 3314 2270 3386 privatim
2300 3314 2405 3370 sub
2438 3329 2740 3384 vesperam.

2085 3405 2197 3460 Καὶ
2246 3406 2438 3473 οὕτως
2481 3406 2758 3462 ἀπολύει.
2824 3406 3112 3474 Ἀπόλυσις
3151 3418 3235 3464 est
3278 3407 3450 3464 Missa
3497 3410 3612 3465 sive

2013 3499 2220 3565 missio,
2255 3512 2381 3552 cum
2422 3498 2701 3565 diaconus,
2741 3513 2797 3554 re
2850 3515 3007 3556 sacra
3039 3500 3312 3568 conlecta,
3350 3503 3609 3573 populum

2012 3590 2254 3644 dimittit.
2290 3588 2470 3656 Quare
2499 3589 2910 3647 subaudiendus
2938 3599 3040 3659 est,
3066 3593 3098 3644 ὁ
3130 3591 3394 3657 διάκονος.

2096 3681 2193 3734 Ἐν
2246 3680 2324 3749 τῇ
2385 3680 2781 3751 ἀναστασίμῳ
2838 3679 3050 3750 ἡμέρᾳ.
3108 3681 3335 3753 Proprie
3396 3683 3611 3755 μεγάλη

2015 3773 2203 3846 ἡμέρα
2229 3773 2439 3829 Pascha
2471 3773 2804 3828 nominatur.
2841 3771 2911 3830 Ut
2945 3776 2999 3830 in
3047 3777 3361 3849 Ancyrano,
3396 3793 3518 3833 can.
3556 3779 3608 3842 6,

2019 3865 2206 3931 Ἔδοξε
2243 3866 2406 3939 μέχρι
2433 3867 2538 3938 τῆς,
2565 3867 2810 3940 μεγάλης
2843 3869 3058 3941 ἡμέρας
3097 3869 3178 3933 εἰς
3227 3869 3492 3942 ἀκρόασιν
3527 3869 3612 3922 δε-

2014 3959 2230 4031 χοῆναι.
2261 3957 2329 4014 Ει
2354 3959 2612 4030 quoniam
2644 3960 2698 4014 in
2732 3960 3073 4017 illustrandis
3105 3961 3304 4017 veteris
3355 3961 3612 4017 Ecclesiae

2015 4052 2212 4107 ritibus
2259 4060 2491 4107 navalur
2523 4067 2553 4106 a
2601 4052 2758 4107 nobis
2801 4067 2990 4122 opera,
3025 4053 3092 4107 de
3132 4067 3242 4107 uno
3271 4054 3510 4108 alterove
3537 4055 3612 4108 le-

2015 4153 2221 4198 ctorem
2263 4143 2702 4209 admonebimus,
2731 4144 2824 4213 qui
2864 4158 2962 4214 per
3007 4145 3282 4200 solemnes
3323 4144 3608 4200 Paschalis

2020 4237 2189 4292 ferias
2221 4236 2477 4306 usurpari
2525 4236 2792 4291 solebant.
2845 4237 2949 4304 Qui
2993 4237 3095 4292 etsi
3145 4239 3211 4292 ad
3244 4237 3600 4309 Epiphaniuir

2015 4339 2262 4386 nostrum
2311 4329 2446 4384 nihil
2492 4329 2788 4384 admodum
2833 4331 3178 4400 pertineant,
3238 4331 3375 4388 alias
3426 4341 3608 4389 tamen

2017 4427 2218 4482 habent
2256 4427 2712 4497 opportunitates,
2749 4428 2822 4483 ob
2858 4443 2996 4499 quas
3050 4429 3267 4484 illorum
3315 4446 3423 4486 non
3473 4447 3610 4502 pra:-

2016 4522 2364 4577 termittenda
2415 4522 2620 4576 mentio
2676 4523 2910 4577 videtur.
2967 4521 3216 4579 Primum
3270 4525 3471 4595 igitur,
3511 4542 3608 4596 per

310 4605 565 4661 sebalem
611 4603 828 4674 ieiunos
873 4601 1201 4674 persistere;
1263 4617 1331 4656 an
1381 4601 1448 4658 de
1494 4617 1606 4656 uno
1644 4602 1911 4658 duntaxat
1943 4619 1986 4674 ι)
2017 4615 2138 4669 illos
2169 4613 2286 4669 dies
2315 4629 2343 4668 a
2384 4612 2715 4671 Christianis
2751 4614 3175 4686 imperatoribus
3216 4616 3386 4673 vincti
3434 4619 3608 4688 capti-

313 4697 565 4753 Sabhato
593 4707 888 4753 caveatur:
918 4697 973 4751 in
1015 4711 1128 4767 quo
1163 4695 1386 4768 rigidior
1422 4710 1488 4751 ac
1521 4695 1765 4752 severior
1786 4710 1910 4752 esse

306 4791 515 4864 jejunii
547 4791 833 4861 disciplina
868 4791 1088 4847 debeat.

397 4883 504 4936 Ἔν
550 4895 674 4935 τισι
724 4881 793 4934 δὲ
827 4883 1034 4949 τόποις
1079 4881 1327 4952 λατρεία
1381 4879 1495 4950 τῆς
1541 4883 1906 4950 οἰκονομίας.

313 4971 598 5042 Λατρείαν
630 4971 732 5042 τῆς
757 4972 1069 5042 οἰκονομίας
1098 4975 1336 5027 divinum
1361 4984 1409 5027 et
1436 4973 1773 5028 incruentum
1829 4991 1912 5028 sa-

311 5065 586 5134 criﬁcium
631 5065 904 5134 appellat;
953 5074 1014 5118 ut
1042 5073 1098 5120 et
1142 5066 1307 5136 paulo
1340 5074 1467 5136 post
1509 5065 1783 5135 disjuncte
1822 5066 1910 5121 λα-

309 5154 509 5227 τρείας
533 5156 626 5207 καὶ
646 5152 980 5224 οἰκονομίας,
1004 5163 1059 5208 et
1090 5153 1144 5208 in
1174 5155 1451 5219 Aerianis,
1492 5153 1626 5209 hair.
1655 5154 1724 5207 77
1751 5172 1764 5209 :
1795 5156 1909 5227 Τὴν

309 5244 638 5316 οἰκονομίαν
662 5243 764 5314 τῆς
794 5243 1072 5314 λατρείας,
1100 5245 1207 5300 hoc
1234 5253 1320 5301 est
1356 5246 1598 5298 missam.
1639 5242 1777 5299 Nam
1809 5245 1907 5299 λαι-

310 5334 482 5405 τρεία
513 5334 733 5389 divinus
778 5333 961 5389 cultus
1010 5341 1176 5404 atque
1205 5333 1440 5388 oﬂieium
1476 5340 1592 5405 est,
1633 5334 1779 5403 quod
1819 5350 1909 5390 sa-

311 5425 534 5483 criﬁcio
589 5432 907 5496 praestatur;
933 5425 1216 5496 οἰκονομία
1254 5423 1652 5480 lncarnationis
1697 5423 1910 5481 Passio-

309 5517 520 5588 nisque
549 5517 849 5573 Dominicre
887 5518 1208 5589 mysterium
1242 5517 1534 5588 signiﬁcat,
1574 5517 1661 5574 cui
1705 5534 1907 5588 reprac-

223 5624 225 5626 ·
309 5609 592 5667 μειιιεηὰο
635 5610 941 5666 institutum
997 5610 1131 5666 illud
1172 5619 1257 5667 est
1310 5625 1340 5666 a
1391 5609 1504 5666 Deo
1551 5612 1906 5670 sacriﬁcium.

306 5697 440 5756 Etsi
466 5700 518 5755 in
543 5700 794 5756 Aerianis
824 5717 879 5757 η.
908 5702 943 5757 5
967 5701 1290 5772 simpliciter
1321 5702 1662 5773 οἰκονομίαν,
1691 5702 1797 5758 hoc
1826 5711 1912 5758 est

308 5793 644 5862 mysterium
691 5802 874 5850 vocat.
950 5794 1125 5852 Porro
1182 5795 1316 5851 feria
1368 5796 1558 5866 quinta
1610 5795 1912 5854 Dominica:

301 5880 606 5942 Passionis
633 5887 686 5942 in
711 5887 1040 5956 quibusdam
1069 5888 1329 5944 Ecclesiis
1351 5889 1762 5964 ἀπονηστισμός
1808 5890 1912 5951 fuit

725 5985 996 6049 ΡΔτιιοι..
1039 5987 1158 6048 Gn.
1194 5989 1246 6049 Χ
1261 5988 1385 6052 Lll.

2013 4707 2174 4777 vique
2242 4721 2273 4762 e
2326 4721 2546 4762 carcere
2609 4707 2989 4763 mittebantur.
3038 4707 3292 4764 Monaclii
3348 4708 3606 4782 Eutycbis

2012 4797 2252 4853 hairetici
2284 4797 2340 4852 in
2364 4797 2545 4854 libello
2573 4799 2804 4869 supplici
2830 4799 2912 4852 Ad
2935 4799 3402 4870 pseudosynodum
3435 4799 3609 4870 Ephe-

2011 4890 2206 4955 sinam,
2239 4889 2296 4944 in
2322 4888 2474 4960 Actis
2502 4888 2833 4947 Chalcedon.
2876 4891 3116 4958 concilii,
3154 4891 3222 4946 de
3250 4889 3339 4946 die
3370 4890 3610 4947 Pascha-

2013 4981 2082 5036 lis
2128 4981 2415 5052 loquentes
2448 4999 2464 5037 :
2497 4980 2634 5035 Καθ’
2673 4981 2758 5053 ἢν,
2810 4981 3087 5051 inquiunt,
3121 4980 3309 5035 λύεται
3352 4981 3451 5052 μὲν
3497 4984 3610 5044 τοῖς

2011 5069 2286 5136 πλείστοις
2308 5071 2417 5126 τῶν
2438 5071 2840 5144 ἡμαρτηκότων
2873 5071 2983 5126 ἀπὸ
3011 5073 3120 5127 τῶν
3151 5073 3324 5142 ἁγίων
3355 5071 3609 5145 πατέρων

2009 5163 2170 5236 ἡμῶν
2198 5164 2266 5217 τὰ
2301 5164 2588 5235 ἐπιτίμια·
2621 5165 2807 5220 λύεται
2845 5165 2902 5218 δὲ
2940 5165 3094 5238 παρὰ
3135 5166 3243 5219 τῶν
3279 5163 3610 5236 βασιλευόν-

2009 5271 2118 5309 των
2145 5256 2241 5308 imi.
2269 5254 2379 5308 τῶν
2408 5256 2772 5329 ἐγκλημάτων
2799 5258 2869 5312 τὰ
2895 5259 3072 5332 δεσμὰ
3105 5263 3222 5324 τοῖς
3260 5257 3606 5321 ὑπευθύνοις.

2009 5349 2204 5404 Exstat
2230 5349 2420 5406 eadem
2451 5351 2518 5406 de
2565 5366 2625 5406 re
2660 5352 2828 5424 impp.
2858 5351 3248 5420 Valentiniani,
3278 5353 3522 5412 Valentis
3555 5363 3610 5414 et

2011 5439 2256 5516 Gratiani
2285 5441 2610 5512 rescriptum
2648 5443 2718 5500 55
2748 5445 2816 5501 de
2863 5446 3073 5520 indulg.
3114 5447 3239 5504 cod.
3280 5445 3561 5505 Theudae.
3593 5467 3606 5504 ε

2015 5531 2094 5587 0b
2148 5533 2288 5587 diem
2347 5532 2571 5589 Pascha:
2621 5553 2775 5606 quem
2822 5538 3013 5593 intimo
3057 5538 3215 5594 corde
3259 5538 3608 5604 celebramus.

2012 5621 2278 5690 omnibus,
2314 5640 2444 5694 quos
2470 5633 2648 5680 reatus
2668 5630 2937 5700 astringit,
2961 5645 3144 5684 carcer
3173 5631 3414 5688 inclusit.
3455 5633 3609 5688 clau-

2015 5723 2131 5770 stra
2157 5716 2515 5772 dissolvimus.
2550 5718 2726 5791 llujus
2757 5721 2918 5778 nobis
2946 5723 3442 5780 commemoranda
3475 5740 3611 5780 con-

2016 5807 2325 5864 suetudinis
2366 5811 2712 5869 oceasionem
2748 5813 2899 5869 dedit
2946 5813 3322 5873 Themistiana
3358 5816 3608 5887 quredam

2014 5900 2230 5971 oratio;
2281 5902 2442 5974 cujus
2505 5916 2891 5978 argumentum
2944 5910 3209 5970 hactenus
3266 5915 3598 5982 ignoratum.

3290 6009 3369 6075 35
