4064 6414
514 418 643 476 ωηο

1284 412 1373 468 DE
1413 409 1815 469 VETERIBUS
1853 409 2263 478 QUIBUSDA‘M
2300 411 2662 471 ECCLESle
2698 412 3001 472 RITIBUS.

3646 414 3784 474 H00

508 551 606 592 nec
637 551 667 591 a
705 534 864 592 nobis
901 534 1064 589 etiam
1100 531 1153 586 in
1183 531 1482 588 novissima
1511 540 1700 588 nostra
1730 531 1969 587 editione
1999 544 2091 585 sa-
2124 536 2167 590 A
2195 545 2287 600 per
2314 532 2729 590 solemnissimos
2778 533 3061 589 Paschales
3110 533 3222 589 dies
3269 544 3660 590 sacramentum
3696 551 3779 592 cc-

507 631 575 683 tis
598 627 955 688 intellectum,
981 625 1279 695 plurimum
1313 624 1441 680 huic
1464 623 1830 680 observationi
1854 622 2091 679 debebit.

505 720 579 775 l‘a
619 727 702 774 est
750 717 892 773 inter
921 716 1328 772 Themistianas
1373 715 1566 771 ordine
1605 717 1794 786 quinta
1833 734 1846 770 :
1890 713 1943 769 in
1988 729 2095 785 qua

502 810 796 866 Theodosii
865 808 1105 865 senioris
1176 808 1522 864 clementiam
1592 809 2100 878 humanitatemque

502 890 782 972 prmdicat.
824 899 1001 967 Quam
1039 898 1260 970 quidem
1307 900 1609 954 orationem
1658 899 1817 972 vulgo
1870 914 2099 971 pel-sua-

504 1009 624 1048 sum
661 1001 779 1049 erat
820 991 1078 1047 omnibus
1129 990 1196 1046 ad
1246 991 1672 1047 Antiochensem
1706 991 1854 1046 illam
1884 992 2094 1062 procel-

504 1088 610 1143 lam
653 1084 1132 1155 calamitatemque
1180 1082 1373 1139 referri
1409 1101 1422 1138 :
1466 1083 1686 1154 quando
1731 1083 1803 1138 ob
1854 1084 2097 1155 dejectas

504 1177 754 1249 populari
787 1176 1057 1232 seditione
1094 1175 1333 1231 Placillm
1375 1183 1590 1230 statuas
1619 1175 1966 1232 exulceratos
1994 1176 2099 1231 im-

503 1270 771 1341 peratoris
805 1269 1045 1335 animus,
1099 1278 1157 1324 et
1204 1267 1272 1323 ad
1319 1268 1703 1325 vindicandam
1752 1270 2094 1341 maiestatem

504 1366 876 1420 inﬂammatus
924 1362 1169 1418 Flaviani
1219 1363 1473 1433 praesulis
1513 1364 1783 1435 legatione
1816 1364 2099 1434 mitigatus

501 1467 603 1512 est.
640 1455 747 1512 Sed
789 1470 891 1512 nos
944 1456 1273 1512 necessariis
1321 1455 1651 1526 quibusdam
1702 1457 2009 1513 rationibus
2041 1457 2094 1511 in

503 1548 890 1605 Themistianis
945 1549 1093 1605 netis
1154 1550 1545 1618 ostendimus,
1603 1550 1749 1621 alio,
1804 1564 1970 1621 quam
2028 1550 2098 1606 ad

504 1639 949 1695 Thcodosianum
981 1638 1117 1694 illud
1153 1636 1377 1704 factum,
1413 1616 2094 1709 spectare’Thet-nistium;

502 1744 679 1801 neque
711 1737 895 1785 tamen
941 1728 1248 1798 cuiusmodi
1294 1727 1510 1785 facinus
1555 1728 1689 1783 illud
1731 1738 1897 1797 esset,
1926 1729 2099 1784 extri-

502 1837 627 1878 care
654 1831 768 1877 tum
796 1822 1098 1892 potuimus.
1139 1821 1324 1889 Quare
1370 1822 1442 1876 ita
1476 1820 1901 1893 disputationem
1937 1821 2093 1877 clau-

500 1913 714 1968 simus:
751 1910 962 1966 Habent
1009 1911 1175 1982 igitur
1227 1909 1423 1965 eruditi
1480 1911 1581 1965 uiri
1643 1920 1801 1981 atque
1856 1910 2096 1967 historite

498 2004 749 2068 studiosi,
804 2004 861 2058 in
914 2019 1015 2074 quo
1052 2001 1335 2073 quaerendo
1379 2011 1536 2073 atque
1580 2003 1907 2059 enucleando
1954 2004 2101 2076 inge-

498 2099 649 2151 nium
704 2112 861 2152 suum
915 2104 1211 2152 exerceant.
1259 2093 1424 2162 Quod
1472 2111 1606 2152 sane
1656 2097 1849 2152 merito
1906 2107 2018 2153 tum
2067 2111 2100 2151 a

498 2189 661 2244 nobis
687 2197 771 2243 est
822 2187 1050 2243 factum.
1108 2187 1302 2243 Postea
1358 2203 1489 2244 vero
1545 2188 1675 2243 dum
1717 2188 2101 2260 Chrysostomi

424 2276 427 2283 ’
499 2283 649 2337 hom.
704 2299 776 2337 xx
821 2282 888 2337 ad
937 2282 1197 2353 populum
1237 2282 1642 2338 Antiochenum
1698 2282 2096 2353 percurrimus,

498 2374 681 2445 inqua
706 2374 775 2429 de
800 2374 1046 2430 Flaviani
1073 2374 1360 2445 legatione,
1384 2383 1439 2429 et
1467 2376 1753 2442 impetrata
1785 2375 2102 2446 abimpera-

495 2475 614 2523 tore
631 2468 784 2522 venia
807 2468 1319 2540 gratulatur,veram
1337 2465 1877 2523 Themistianazillius
1891 2468 2099 2523 oratio-

499 2560 588 2616 nis
619 2561 907 2617 historiam
962 2570 1017 2616 et
1060 2560 1367 2632 argumenti
1409 2574 1681 2616 summam
1723 2575 1828 2616 non
1865 2560 1981 2616 sine
2014 2560 2101 2615 in.

495 2651 645 2720 genti
699 2652 867 2708 animi
925 2651 1103 2709 fructu
1166 2666 1232 2707 ac
1277 2652 1556 2722 voluptate
1602 2652 1917 2708 didicimus.
1956 2650 2094 2708 Cum

494 2744 640 2798 enim
668 2744 908 2800 habitam
941 2760 972 2800 a
1002 2743 1263 2800 Flaviano
1286 2745 1370 2800 Ad
1403 2744 1752 2801 Theodosium
1783 2746 2094 2800 orationem

494 2849 562 2891 ac
608 2833 1052 2906 deprecationem
1092 2836 1349 2905 explicat,
1398 2837 1479 2892 sic
1529 2853 1656 2892 eum
1708 2836 1852 2892 inter
1899 2845 2095 2892 caetera

496 2929 812 2998 loquentem
846 2926 1055 2983 inducit
1086 2942 1101 2981 :
1135 2928 1248 2983 Καὶ
1289 2928 1343 2983 τί
1385 2928 1492 3000 χρὴ
1532 2928 1711 2997 λέγειν
1745 2930 2096 2983 Κωνσταντῖ-

493 3037 585 3074 νον
658 3020 753 3073 καὶ
803 3019 874 3074 τὰ
919 3019 1176 3092 ἀλλότρια
1229 3021 1671 3092 παραδείγματα,
1718 3021 1835 3076 δέον
1884 3020 2096 3076 οἴκοθέν

493 3128 576 3174 σε,
604 3112 700 3165 καὶ
726 3113 790 3165 ἐκ
821 3110 931 3165 τῶν
954 3111 1064 3166 σῶν
1090 3112 1430 3185 παρακαλεῖν
1485 3112 1958 3187 κατορθωμάτωη
1997 3114 2095 3185 μέ-

495 3219 697 3273 μνησαι
732 3202 927 3275 πρώην
951 3246 968 3269 ,
1008 3204 1099 3259 ὅτε
1129 3204 1232 3276 τῆς
1278 3204 1475 3277 ἑορτῆς
1505 3205 1711 3277 ταύτης
1753 3206 2091 3262 καταλαϐού-
2114 3230 2163 3295 C

493 3311 594 3363 σης
634 3295 924 3365 ἐπιστολὴν
980 3295 1232 3368 ἔπεμψας
1285 3296 1563 3369 πανταχοῦ
1601 3298 1703 3369 τῆς
1757 3299 2083 3371 οἰκουμένης

492 3382 821 3439 κελεύουσαν
848 3387 975 3450 τοὺς
1014 3384 1077 3440 τὸ
1122 3387 1498 3459 δεσμωτήριον
1538 3389 1821 3455 οἰκοῦντας
1846 3392 2083 3461 ἀφεῖναι,

490 3476 588 3528 καὶ
625 3479 931 3549 συγχωρεῖν
975 3477 1159 3541 αὐτοῖς
1206 3478 1278 3532 τὰ
1323 3480 1679 3553 ἐγκλήματα’
1733 3482 1827 3536 καὶ
1870 3483 1946 3547 ὡς
1984 3483 2086 3537 οὐκ

490 3565 807 3636 ἀρκούντων
858 3568 1085 3623 ἐκείνων
1134 3568 1306 3637 δεῖξαί
1362 3586 1456 3625 σου
1500 3571 1599 3643 τὴν
1646 3572 2082 3646 φιλανθρωπίαν,

490 3657 675 3725 ἔλεγες
703 3658 792 3712 διὰ
820 3658 931 3712 τῶν
958 3660 1322 3731 γραμμάτων,
1351 3661 1436 3715 ὃτι
1467 3661 1590 3716 Εἴθε
1634 3679 1725 3733 μοι
1750 3661 1974 3717 δυνατὸν
2017 3658 2086 3735 ἦν

491 3751 585 3803 καὶ
627 3752 754 3814 τοὺς
808 3751 1141 3817 ἀπελθόντας
1184 3752 1433 3819 καλέσαι,
1486 3755 1583 3809 καὶ
1631 3756 1961 3827 ἀναστῆσαι,
1990 3757 2086 3811 καὶ

493 3841 628 3913 πρὸς
650 3842 749 3913 τὴν
779 3842 1051 3915 προτέραν
1083 3845 1381 3913 ἀναγαγεῖν
1409 3845 1573 3917 ζωήν.
1607 3848 1923 3919 Quanquam
1957 3849 2084 3919 quid

490 3935 681 3987 attinet
736 3933 1168 4002 Constantinum,
1201 3947 1296 3989 aut
1347 3937 1579 3991 aliorum
1622 3939 1862 4009 exempla
1893 3955 2087 3994 memo-

490 4039 632 4090 rare,
674 4041 792 4079 cum
828 4034 876 4079 te
904 4026 1208 4081 domesticis
1237 4028 1340 4081 tuis
1366 4028 1520 4083 rebus
1565 4045 1632 4084 ac
1671 4029 1830 4100 factis
1862 4032 2086 4088 incitare

491 4119 777 4185 oporteat?
808 4115 1100 4172 Meministi
1150 4134 1318 4189 nuper
1364 4136 1504 4184 cum,
1549 4122 1728 4175 eodem
1779 4122 1875 4177 illo
1926 4140 2087 4194 appe-

491 4217 629 4261 tente
662 4209 816 4278 festo,
848 4209 1057 4264 litteras
1093 4218 1203 4265 toto
1240 4220 1504 4266 terrarum
1543 4215 1666 4269 orbe
1703 4218 1927 4284 misisti,
1963 4221 2083 4289 qui-

491 4297 586 4351 bus
615 4315 701 4353 eos
733 4315 932 4367 omnes,
961 4301 1053 4371 qui
1100 4300 1157 4355 in
1205 4318 1414 4359 carcere
1444 4317 1616 4372 erant,
1650 4307 1873 4376 dimitti,
1910 4311 2085 4380 eisque

491 4389 783 4465 condonari
822 4393 1049 4447 crimina
1086 4393 1325 4463 jussisti.
1356 4396 1490 4452 Tum
1534 4400 1749 4468 perinde
1779 4418 1841 4455 ac
1873 4402 1919 4457 si
1954 4418 2085 4456 non-

489 4479 619 4533 dum
646 4480 757 4536 haec
789 4483 1139 4554 testiﬁcanda:
1171 4487 1495 4545 humanitati
1526 4501 1631 4547 tute
1678 4493 1993 4563 suﬁicerent,
2028 4496 2081 4549 in

2202 623 2520 679 techumenis
2547 641 2649 680 non
2677 625 2850 687 detur,
2869 626 2975 679 nisi
2997 624 3209 678 solitum
3233 624 3336 678 sal.
3361 624 3502 690 Quia
3525 626 3573 678 si
3603 626 3780 695 ﬁdeles

2199 730 2290 785 per
2316 714 2438 770 illos
2476 715 2590 770 dies
2635 724 2969 770 sacramenta
3018 730 3118 768 non
3151 723 3382 777 mutant,
3420 729 3512 767 nec
3540 714 3784 768 catechu-

2200 808 2366 863 menis
2395 818 2599 879 oportet
2627 818 2855 864 mutare.
2901 807 3038 864 Cum
3084 808 3164 863 sal
3218 807 3620 863 catechumeni:
3647 822 3781 877 pra-

2200 898 2316 954 beri
2369 909 2691 956 consuetum
2751 907 2920 964 esset,
2969 898 3345 969 appetentihns
3386 895 3668 952 Paschalis
3702 895 3780 951 ie-

2199 992 2298 1049 riis
2325 992 2819 1049 extraordinarium
2860 991 3121 1063 quiddam
3163 1005 3488 1046 concessum
3531 989 3640 1045 illis
3678 997 3776 1044 est.

2198 1082 2319 1141 Non
2369 1085 2560 1156 utique
2597 1083 2979 1149 Eucharistia;
3025 1096 3127 1137 nec
3170 1082 3318 1136 enim
3371 1088 3581 1135 tantum
3635 1080 3781 1135 insa-

2198 1177 2369 1233 niisse
2394 1192 2727 1249 quemquam
2754 1175 3011 1232 arbitror.
3053 1173 3241 1245 Neque
3282 1189 3411 1229 vero
3459 1188 3558 1244 per
3595 1187 3777 1228 sect-a-

2198 1280 2442 1328 mentum
2475 1271 2703 1343 intelligi
2728 1280 2858 1342 puto
2886 1271 3216 1343 symbolum,
3250 1268 3345 1324 sed
3384 1283 3577 1337 panem
3605 1266 3778 1335 ipsum

2199 1376 2265 1417 ac
2301 1362 2514 1427 vinum,
2546 1376 2612 1417 cx
2647 1376 2761 1432 quo
2808 1359 3151 1416 Eucharistia
3201 1365 3519 1415 consecrata
3564 1355 3778 1412 fuerat:

2198 1470 2327 1510 nam
2360 1454 2604 1525 reliquiae
2627 1454 2784 1525 panis
2825 1461 2881 1509 et
2923 1452 3057 1518 vini,
3092 1465 3215 1523 quas
3250 1466 3281 1505 a
3308 1449 3557 1505 ﬁdelibus
3581 1447 3649 1502 ad
3688 1463 3779 1502 sa-

2199 1547 2464 1604 criﬁcium
2497 1546 2883 1603 celebrandum
2910 1545 3089 1600 oblata
3127 1543 3359 1606 fuerant,
3389 1552 3778 1611 nonnunquam

2199 1639 2255 1694 in
2311 1639 2735 1696 catechumenos
2785 1636 3269 1695 distribuebantur.
3338 1632 3494 1701 Quod
3548 1630 3779 1702 amplius

2199 1730 2454 1801 usurpari
2481 1738 2626 1786 vetat
2653 1728 2989 1801 Theophilus
3035 1727 3187 1784 Alex.
3238 1742 3359 1783 can.
3388 1726 3421 1781 8
3453 1744 3465 1780 :
3510 1725 3591 1778 Τὰ
3616 1738 3783 1796 προσ-

2199 1822 2476 1896 φερόμενα
2507 1823 2588 1885 είς
2623 1820 2782 1891 λόγον
2815 1820 3004 1885 θυσίας
3034 1818 3174 1891 μετά
3209 1818 3318 1874 τῶν
3350 1816 3781 1888 ἀναλισκομένων

2199 1917 2277 1980 είς
2307 1916 2406 1987 τὴν
2432 1915 2540 1969 τῶν
2573 1912 2885 1987 μυστηρίων
2907 1912 3097 1988 χρείαν
3126 1913 3174 1966 οἱ
3213 1910 3462 1982 κληρικοὶ
3504 1909 3785 1978 διανειμά-

2202 2008 2436 2075 σθωσαν,
2479 2007 2576 2062 καὶ⁵
2625 2008 2766 2079 μήτε
2806 2003 3213 2078 κατηχούμενος
3254 2004 3318 2056 ὲκ
3371 2001 3575 2056 τούτων
3608 1998 3783 2053 ἔσθει-

2198 2118 2276 2154 τω
2350 2098 2383 2170 ἢ
2441 2097 2645 2153 πινέτω
2685 2115 2700 2130 ·
2752 2095 2890 2152 ἀλλά
2949 2094 3148 2166 μᾶλλον
3189 2095 3239 2147 οῖ
3295 2090 3545 2163 κληρικοὶ
3589 2090 3686 2144 καὶ
3729 2089 3778 2143 οῖ

2200 2190 2299 2244 σὺν
2321 2191 2504 2255 αὐτοῖς
2529 2189 2710 2243 πιστοὶ
2734 2187 2970 2257 ἀδελφοί.
3007 2186 3088 2242 Ad
3134 2199 3297 2256 quem
3347 2198 3609 2239 canonem
3652 2181 3780 2236 Bal-

2198 2299 2350 2339 samo
2376 2282 2595 2339 scribit:
2628 2279 2943 2337 Oblationcs
2967 2279 3086 2334 illas
3110 2291 3304 2349 panem
3325 2285 3382 2333 et
3404 2276 3586 2331 vinum
3614 2290 3739 2330 esse
3760 2292 3777 2328 :

2201 2392 2266 2433 ex
2302 2375 2503 2446 quibus
2538 2382 2720 2444 partes
2746 2373 2851 2427 illa:
2894 2381 3125 2442 sumpta:
3174 2381 3301 2427 sunt
3323 2368 3571 2441 (μερίδας
3600 2376 3780 2434 vocat,

2202 2468 2281 2523 uti
2302 2464 2472 2522 Graeci
2491 2453 2665 2520 l‘erme
2687 2460 3111 2533 consueverunt)
3130 2476 3252 2531 quae
3279 2475 3312 2515 a
3339 2458 3621 2515 sacerdote
3641 2472 3781 2514 con-

2201 2567 2506 2627 secrantur.
2533 2556 2612 2611 Ex
2637 2571 2747 2627 quo
2776 2555 2856 2621 ﬁt,
2877 2565 2935 2611 ut
2958 2554 3200 2625 reliquiae
3225 2554 3356 2624 ipsae
3375 2552 3783 2622 quodammodo

2199 2650 2553 2708 sanctiﬁcata
2568 2650 2697 2714 sint,
2725 2663 2826 2703 nec
2846 2648 2901 2702 in
2921 2643 3178 2716 profanos
3196 2644 3515 2699 dividendae.
3533 2640 3645 2698 Has
3656 2642 3784 2698 reli-

2198 2743 2355 2815 quias
2367 2739 2811 2811 Carthaginensis
2830 2738 3073 2811 synodus
3086 2744 3422 2793 sacramenta
3440 2745 3617 2800 vocat,
3634 2735 3783 2806 quod

2198 2853 2263 2892 ex
2296 2835 2400 2891 illis
2430 2841 2772 2891 sacramenta
2800 2831 3008 2893 ﬁerent,
3033 2830 3110 2885 uti
3143 2844 3243 2885 nos
3275 2829 3475 2883 hostias
3500 2829 3664 2899 vulgo
3682 2827 3783 2892 τὰς

2201 2928 2446 3002 μερίδας,
2483 2926 2598 2983 sive
2632 2925 2927 2996 particulas
2968 2923 3129 2979 etiam
3160 2932 3287 2978 ante
3315 2920 3784 2978 consecrationem

2197 3022 2555 3094 appellamus.
2600 3018 2925 3088 Quanquam
2965 3024 3021 3071 et
3057 3022 3396 3071 sacramenta
3454 3013 3569 3069 scio
3617 3012 3783 3067 etiam

2196 3114 2448 3172 absolute
2490 3127 2588 3184 pro
2624 3109 2958 3183 quibuslibet
3001 3106 3246 3179 mysticis
3291 3104 3462 3176 signis
3501 3103 3782 3173 usurpari,

2194 3210 2441 3279 adeoque
2467 3220 2567 3276 pro
2598 3204 2713 3260 sale
2748 3219 2812 3260 ac
2850 3202 3062 3259 caeteris
3088 3216 3210 3273 qua
3246 3197 3656 3256 catechumenis
3680 3198 3781 3253 da-

2188 3302 2407 3357 bantur.
2436 3296 2575 3366 Aug.
2605 3293 2699 3350 lib.
2731 3307 2771 3348 ιι
2806 3293 2881 3347 De
2914 3302 3112 3364 peccat.
3137 3292 3363 3358 meritis,
3390 3305 3511 3361 cap.
3550 3288 3623 3345 26
3653 3308 3669 3344 :
3710 3287 3780 3343 Et

2185 3389 2324 3463 quod
2364 3387 2655 3457 accipiunt,
2705 3385 2945 3456 quamvis
2978 3401 3083 3440 non
3113 3385 3184 3438 sit
3214 3399 3404 3453 corpus
3454 3382 3658 3438 Christi
3691 3382 3784 3448 (de

2186 3479 2595 3539 catcchumenis
2624 3476 2886 3551 loquitur)
2922 3488 3168 3533 sanctum
3202 3486 3279 3531 est
3321 3487 3519 3543 tamen,
3564 3485 3616 3529 et
3649 3491 3782 3530 sau-

2187 3576 2324 3630 ctius
2353 3589 2510 3645 quam
2540 3573 2642 3627 cibi
2672 3570 2861 3643 quibus
2911 3570 3130 3636 alimur,
3170 3569 3421 3641 quoniam
3468 3582 3779 3623 sacramen-

2189 3677 2302 3721 tum
2328 3674 2426 3721 est.
2460 3663 2594 3732 Quae
2624 3662 2917 3735 Augustini
2943 3662 3110 3717 verba
3151 3670 3335 3716 utrum
3369 3659 3436 3716 ad
3469 3674 3664 3730 panem
3700 3658 3784 3712 vi-

2188 3772 2452 3827 numque,
2500 3771 2566 3811 ex
2621 3768 2732 3826 quo
2785 3753 3129 3810 Eucharistia
3176 3751 3423 3808 confecta
3475 3751 3590 3822 jam
3636 3758 3780 3817 erat,

2187 3849 2382 3905 referri
2417 3849 2674 3916 debeant,
2712 3847 3065 3918 cogitandum
3098 3845 3334 3916 amplius
3370 3853 3473 3900 est.
3509 3843 3649 3899 Cum
3680 3843 3782 3913 igi-

2190 3951 2279 3998 tur
2306 3941 2493 3998 ﬁdeles
2527 3941 2718 3997 eadem
2751 3941 2945 3997 diebus
2989 3938 3243 3996 omnibus
3275 3947 3636 4002 sacramenta,
3677 3936 3783 3992 hoc

2187 4045 2272 4092 est
2304 4034 2728 4100 Eucharistiam,
2771 4049 2894 4106 qua:
2940 4032 3182 4090 ﬁdelium
3230 4032 3446 4103 propria
3481 4040 3586 4099 est,
3618 4046 3783 4088 usur-

2188 4136 2356 4198 pent,
2421 4143 2533 4182 non
2581 4126 2801 4195 debent,
2851 4127 3009 4181 aiunt
3056 4125 3522 4196 Carthaginenses
3566 4125 3780 4194 Patres,

2188 4218 2569 4276 catechumeni
2607 4218 2829 4289 propria
2876 4218 3084 4274 ordinis
3127 4218 3212 4273 sui
3264 4232 3330 4272 ac
3378 4226 3552 4273 status
3595 4232 3782 4274 sacra—

2188 4317 2373 4366 menta
2412 4299 2665 4376 mutare,
2723 4324 2902 4381 neque
2951 4310 3157 4381 aliquid
3202 4320 3397 4382 praeter
3416 4311 3585 4366 salem
3632 4311 3783 4367 acci-

2285 4417 2336 4457 e.
3085 4435 3091 4443 υ

2285 4417 2336 4457 e.
3085 4435 3091 4443 υ

2187 4417 2341 4551 per”:
2371 4493 2441 4549 δὲ
2466 4494 2629 4550 ἄλλα
2676 4494 3002 4565 μυστήρια.
3044 4494 3220 4552 Caute
3263 4511 3328 4551 ac
3383 4496 3784 4567 circumspecte

491 4570 601 4626 hcce
634 4572 789 4626 verba
810 4575 1097 4644 scripseras
1127 4594 1145 4631 :
1178 4575 1396 4634 Utinam
1423 4598 1516 4652 ego
1556 4592 1793 4638 mortuos
1835 4585 1903 4638 ad
1927 4587 2092 4642 vitam
2123 4587 2171 4646 Ι.)
2197 4587 2265 4643 de
2288 4587 2649 4644 sacramentis
2673 4593 2729 4643 et
2759 4586 3110 4643 interioribus
3134 4586 3409 4657 mysteriis
3440 4587 3779 4643 mentionem

490 4678 734 4717 revocare
754 4673 911 4735 atque
935 4669 1168 4724 excitare
1193 4673 1437 4740 possem!
1459 4673 1616 4740 Quod
1638 4684 1723 4731 est
1748 4675 2086 4746 ipsissimum

489 4754 843 4827 benignitatis
873 4758 1289 4834 clementiaeque
1342 4766 1643 4835 specimen,
1675 4770 1821 4837 quod
1862 4768 2087 4827 Themi-

488 4843 628 4899 stius
681 4844 736 4899 in
800 4846 890 4901 illa
943 4849 1193 4907 oratione
1259 4852 1521 4922 praedicat
1561 4897 1574 4921 ,
1633 4856 1912 4928 aliquanto
1966 4870 2093 4917 ante

486 4934 888 4994 Antiochenum
921 4941 1053 4996 illud
1095 4942 1329 5007 editum,
1362 4960 1487 5000 cum
1535 4947 1716 5005 adhuc
1749 4949 1973 5007 Placilla
2012 4954 2093 5008 vi-

485 5037 659 5088 veret.
691 5034 752 5084 ut.
783 5044 851 5083 ex
894 5031 1147 5090 oratione
1185 5034 1305 5105 ipsa
1354 5046 1589 5093 constat.
1626 5037 1745 5095 Non
1792 5045 1941 5113 potui
1979 5054 2091 5101 tam

485 5117 759 5181 illustrem
794 5121 1102 5194 historiam,
1132 5135 1355 5198 tamque
1400 5128 1730 5188 luculentam
1763 5136 1832 5190 ad
1868 5135 2094 5193 Themi-

448 5200 656 5295 fstium
709 5218 961 5267 nostrum
1000 5218 1371 5275 accessionem
1412 5223 1612 5279 tacitus
1655 5229 2089 5295 praetermittere.

485 5292 935 5360 Commodiorem
967 5317 1171 5375 autem,
1199 5310 1293 5364 ubi
1335 5312 1478 5368 hanc
1531 5292 1851 5385 intererem,
1884 5320 2089 5390 locum,

485 5408 649 5461 quam
705 5391 853 5452 hunc
898 5390 1101 5467 ipsum,
1153 5398 1319 5456 habui
1377 5404 1612 5463 nullum.
1651 5408 1803 5464 Alter
1834 5427 1942 5467 non
1980 5423 2088 5472 tam

485 5484 624 5541 ritus
655 5502 819 5557 quam
848 5487 1055 5544 rituum
1092 5506 1157 5547 ac
1190 5491 1504 5564 disciplinae
1529 5502 1839 5571 corruptela
1868 5502 1991 5570 fuit,
2030 5516 2090 5562 ut

484 5574 678 5634 iisdem
709 5578 902 5637 diebus
929 5586 1344 5641 catcchumenis
1372 5591 1814 5650 extraordinaria
1838 5598 2089 5665 quaedam

483 5682 824 5727 sacramenta
853 5677 1323 5743 permitterentur.
1359 5678 1492 5746 Quae
1521 5684 1832 5754 cujusmodi
1860 5686 2087 5756 fuerint,

486 5760 725 5847 nondum
758 5764 947 5835 liquet.
976 5766 1034 5822 ln
1089 5769 1347 5842 Carthag.
1384 5772 1603 5843 quidem
1656 5793 1813 5834 conc.
1844 5796 1925 5847 ιιι,
1958 5797 2088 5837 can.

489 5846 543 5917 ιι,
574 5865 695 5905 mos
743 5850 830 5907 ille
868 5854 1164 5927 abrogatur
1195 5861 1282 5916 his
1321 5864 1501 5920 verbis
1538 5884 1551 5921 :
1586 5865 1725 5922 Item
1758 5870 1989 5942 placuit,
2027 5885 2085 5930 ut

2195 4680 2456 4751 aspergit.
2493 4677 2571 4733 Ita
2599 4679 2915 4749 complures
2945 4687 3189 4734 veterum
3214 4693 3338 4734 cum
3366 4678 3432 4734 de
3460 4694 3779 4734 sacramen-

2194 4774 2266 4828 tis
2308 4786 2611 4842 eorumque
2662 4770 2858 4827 formis
2895 4771 3190 4836 disserunt,
3217 4772 3469 4826 consulto
3504 4785 3617 4825 rem
3648 4771 3784 4826 obs-

2193 4875 2408 4930 curant,
2464 4878 2643 4937 neque
2698 4865 2856 4936 plena
2936 4872 3233 4934 apertaque
3283 4877 3416 4919 voce
3470 4862 3779 4919 declarant.

2192 4958 2399 5026 Pauca,
2432 4975 2554 5029 qua:
2585 4959 2653 5013 ad
2685 4973 2909 5014 manum
2936 4958 3099 5013 modo
3125 4966 3274 5023 sunt,
3305 4956 3551 5027 exempla
3574 4957 3783 5027 produ-

2192 5061 2331 5102 cam.
2352 5047 2583 5118 August.
2602 5046 2759 5118 epist.
2779 5046 2847 5102 57
2869 5046 2938 5102 ad
2966 5045 3277 5101 Dardanum
3310 5060 3329 5098 :
3357 5045 3510 5100 Nosti
3528 5055 3709 5101 autem
3726 5050 3783 5101 in

2191 5155 2293 5208 quo
2320 5140 2588 5210 sacriﬁcio
2618 5141 2830 5199 dicatur
2855 5156 2875 5195 .'
2909 5140 3127 5195 Gratias
3154 5155 3376 5210 agamus
3410 5138 3633 5193 Domino
3672 5140 3783 5194 Deo

2192 5240 2393 5288 nostro.
2425 5233 2778 5289 Innocentius
2795 5234 3008 5303 primus
3038 5233 3200 5304 epist.
3235 5234 3262 5287 1
3294 5235 3362 5286 ad
3386 5232 3693 5289 Decentium
3712 5234 3782 5291 de

2192 5334 2542 5381 sacramento
2583 5326 3059 5383 conﬁrmationis:
3102 5326 3273 5383 Verba
3305 5344 3421 5382 vero
3455 5328 3630 5381 dicere
3674 5344 3777 5381 non

2190 5432 2425 5487 possunt,
2461 5433 2524 5472 ne
2550 5419 2719 5488 magis
2738 5420 2957 5488 prodere
2983 5421 3186 5486 uidear,
3221 5434 3381 5490 quam
3404 5419 3473 5472 ad
3500 5419 3780 5472 consulta-

2190 5510 2383 5564 tionem
2422 5512 2748 5580 respondere.
2773 5508 2865 5567 Sic
2889 5510 3226 5583 Epiphanius
3255 5513 3545 5583 aliquoties
3570 5511 3640 5566 de
3663 5510 3780 5565 Eu—

2190 5599 2451 5656 charistia
2490 5601 2677 5657 timide
2731 5602 3079 5673 obscureque
3110 5603 3335 5658 loeutus
3364 5610 3468 5657 est.

2274 5690 2409 5745 Ἐπὶ
2437 5690 2506 5745 δὲ
2526 5691 2645 5745 τῶν
2671 5693 3188 5763 τελευτησάντων.
3230 5694 3306 5751 De
3335 5693 3680 5749 orationibus
3722 5701 3780 5748 et

2189 5782 2500 5849 sacriﬁciis,
2534 5800 2657 5855 qua:
2698 5802 2798 5856 pro
2832 5788 3065 5844 mortuis
3098 5789 3168 5865 ab
3202 5787 3441 5846 Ecclesia
3484 5788 3777 5844 celebran-

2192 5882 2304 5941 tur,
2327 5874 2558 5947 insignis
2575 5893 2639 5934 ac
2662 5880 3033 5937 memorabilis
3057 5881 3142 5938 hic
3164 5882 3315 5940 locus
3332 5892 3434 5938 est.
3464 5881 3573 5938 Sed
3599 5881 3776 5938 multo
