4064 6404
369 413 501 473 illi}

1141 405 1230 464 DE
1270 405 1665 465 VETERIBUS
1703 403 2112 474 QUIBUSDAM
2146 403 2510 462 ECCLESUE
2553 405 2854 463 RlTlBUS.

3503 407 3642 466 “02

367 547 642 606 copiosius
672 542 834 602 atque
888 529 1205 600 expressius
1255 529 1309 582 in
1355 527 1717 582 Aerianorum
1750 525 1948 580 haeresi
1978 529 2026 586 Α
2053 523 2308 578 Balsamo
2341 523 2409 578 ad
2433 537 2558 578 can.
2585 524 2618 576 4
2641 523 2831 593 Apost.
2855 521 3068 578 Citatur
3090 533 3144 579 et
3165 521 3450 594 Epiphanlt
3485 536 3640 582 locus

367 631 533 682 ritum
572 627 723 680 illum
759 623 1019 679 Ecclesia:
1059 630 1376 692 pertractat,
1415 637 1538 691 quae
1563 630 1649 676 est
1694 622 1824 675 lacer.
1857 619 1947 686 75,

367 734 522 773 num.
561 717 612 772 7.
646 715 782 771 Nam
823 715 1020 770 Acrius
1052 713 1268 778 eodem,
1297 729 1406 784 quo
1465 713 1707 769 haeretici
1755 713 1949 778 nostri,

368 808 554 864 furore
603 807 950 877 amentiaque
997 805 1239 877 percitus
1286 815 1630 861 mortuorum
1671 805 1738 861 ad
1782 805 1952 859 altare

369 900 948 957 commemorationem
1021 899 1282 968 fusasque
1334 911 1435 967 pro
1490 897 1596 952 illis
1639 912 1828 967 preces
1897 906 1953 951 et

369 994 636 1050 sacriﬁcia
667 992 950 1048 deridebat
977 1009 993 1046 :
1027 1001 1216 1047 contra
1243 1006 1407 1061 quem
1434 991 1772 1061 Epiphanius
1799 993 1953 1044 lucu-

368 1085 674 1141 lentissime
699 1085 959 1155 disputat.
1005 1083 1217 1152 Ὠφελεῖ
1252 1082 1332 1150 δὲ,
1365 1084 1563 1153 inquit,
1603 1084 1697 1136 καὶ
1739 1083 1772 1152 ἡ
1811 1081 1950 1153 ὑπὲρ

365 1180 545 1234 αὐτῶν
591 1179 870 1249 γινομένη,
899 1177 946 1230 εἰ
991 1176 1085 1229 καὶ
1127 1175 1195 1229 τὰ
1230 1174 1328 1228 ὅλα
1370 1173 1477 1228 τῶν
1505 1173 1840 1245 αἰτιαμάτων
1876 1173 1950 1244 μὴ

367 1269 690 1324 ἀποκόπτοι.
725 1267 857 1334 Quae
889 1281 983 1336 pro
1016 1265 1238 1319 mortuis
1261 1266 1631 1333 concipiuntur
1659 1279 1855 1333 preces,
1883 1265 1950 1318 iis

369 1365 525 1419 utiles
573 1373 719 1429 sunt,
770 1363 980 1417 tametsi
1015 1377 1120 1415 non
1151 1375 1329 1414 omnes
1361 1357 1547 1428 culpas
1586 1358 1948 1425 exstingnant.

367 1459 525 1525 Quod
563 1458 815 1528 pluribus
840 1454 1161 1524 exsequitur
1187 1453 1418 1523 August.
1453 1452 1549 1505 lib.
1584 1449 1660 1504 De
1686 1467 1817 1503 cura
1855 1465 1950 1518 pro

368 1559 528 1603 mort.
561 1549 773 1620 agend.,
808 1563 930 1618 cap.
961 1549 1012 1612 l,
1049 1545 1141 1601 ubi
1190 1560 1440 1616 quasnam
1475 1552 1819 1614 peccatorum
1859 1555 1953 1610 ge-

369 1657 501 1696 nera
537 1643 590 1696 in
620 1641 850 1696 mortuis
887 1639 1138 1710 precibus
1187 1637 1296 1694 illis
1331 1644 1386 1692 et
1429 1634 1716 1692 sacriﬁciis
1743 1633 1950 1703 expiari

366 1735 601 1804 possint,
657 1733 928 1788 edisserit.
961 1731 1028 1785 Et
1073 1731 1236 1803 paulo
1283 1738 1456 1785 ante:
1506 1727 1573 1784 In
1619 1725 1950 1781 Machawa-

365 1843 506 1889 rum,
542 1826 738 1896 inquit,
757 1825 923 1880 'libris
965 1825 1184 1894 legimus
1222 1823 1455 1878 oblatum
1485 1837 1578 1891 pro
1607 1826 1829 1874 mortuis
1862 1835 1952 1874 sa-

2054 631 2119 670 ex
2167 630 2332 686 opere
2379 617 2616 686 quodam
2669 619 2725 668 in
2775 613 3062 670 Proverbia
3111 617 3250 687 apud
3287 617 3639 673 Anastasium

2053 708 2559 779 Nicenutn,qu:est.
2595 707 2664 762 9.0
2700 709 2755 762 in
2790 708 3146 779 Scripturam,
3192 710 3247 764 in
3295 725 3405 780 quo
3451 727 3640 781 preces

2053 819 2152 874 pro
2177 804 2409 859 mortuis
2436 805 2909 860 commendantur.
2953 802 3056 868 Qui
3087 803 3242 861 locus
3270 805 3493 860 totidem
3528 805 3641 861 fere

2053 895 2235 951 verbis
2287 896 2523 966 sparsim
2595 896 2699 951 hoc
2749 911 2912 966 opere
2967 896 3298 952 continetur.
3356 897 3431 952 De
3486 913 3676 956 morr

2053 997 2274 1044 tuorum
2303 996 2562 1058 praetcrea
2615 988 3134 1043 commemoratione
3190 988 3246 1042 in
3303 988 3640 1043 salutaribus

2053 1075 2230 1132 sacris
2283 1075 2534 1130 meminit
2577 1075 2872 1130 concilium
2920 1075 3158 1133 Vasense
3203 1092 3326 1131 can.
3357 1077 3392 1130 2
3423 1087 3476 1132 et
3506 1076 3642 1132 Car-

2053 1167 2201 1236 thag.
2239 1182 2322 1232 ιιι,
2375 1181 2502 1224 can.
2542 1166 2634 1234 29,
2667 1179 2721 1223 et
2765 1183 2843 1235 tv,
2871 1184 2994 1223 can.
3031 1169 3119 1236 79,
3153 1176 3212 1223 ut
3268 1170 3371 1224 alia
3426 1170 3640 1224 inﬁnita

2053 1259 2486 1329 praetermittam,
2519 1259 2864 1331 maximeque
2892 1257 3212 1316 Graecorum
3233 1277 3298 1318 ac
3315 1260 3636 1317 Latinorum

2054 1350 2471 1420 antiquissimas
2522 1351 2788 1422 litnrgias.
2845 1350 3342 1410 Luculentissimus
3385 1369 3514 1409 vero
3556 1363 3643 1409 est

2054 1440 2192 1495 alter
2223 1440 2311 1496 ille
2355 1440 2644 1511 Epiphanii
2678 1441 2832 1498 locus
2864 1441 2996 1496 haer.
3025 1441 3115 1507 75,
3161 1459 3312 1498 num.
3351 1445 3404 1508 7,
3441 1444 3495 1498 in
3530 1460 3640 1515 quo

2055 1541 2396 1588 mortuorum
2446 1533 2680 1604 duplicis
2713 1534 2928 1605 generis
2957 1537 3532 1591 commemorationem
3584 1539 3642 1593 in

2054 1627 2328 1682 sacriﬁcio
2399 1628 2514 1683 ﬁeri
2575 1629 2785 1693 docet,
2830 1628 3100 1699 justorum
3149 1639 3205 1684 et
3269 1639 3642 1699 peccatorum.

2057 1718 2261 1774 Horum
2292 1719 2536 1789 quidem,
2560 1719 2638 1774 uti
2670 1720 2910 1775 divinam
2937 1735 3037 1791 pro
3073 1721 3179 1776 illis
3205 1722 3640 1778 misericordiam

2055 1810 2444 1880 imploremus;
2473 1811 2748 1881 justorum
2775 1820 2956 1866 autem
2985 1827 3049 1866 ac
3072 1821 3412 1879 sanctorum,
3437 1821 3496 1866 ut
3526 1813 3644 1867 sin-

362 1918 649 1987 oriﬁcium.
682 1918 789 1972 Sed
828 1919 928 1972 etsi
973 1933 1235 1988 nusquam
1278 1918 1333 1970 in
1370 1915 1664 1984 Scripturis
1697 1913 1952 1968 veteribus

2056 1902 2242 1973 gulare
2279 1903 2480 1958 Christi
2529 1902 2741 1958 Domini
2775 1903 3117 1975 privilegium
3155 1917 3507 1977 agnoscatur,
3543 1908 3641 1979 qui

361 2011 581 2063 omnino
613 2009 888 2080 legeretur,
922 2026 1026 2064 non
1053 2025 1217 2078 parva
1263 2018 1341 2062 est
1386 2010 1642 2061 universa:
1674 2004 1953 2070 Ecclesiae,

359 2117 485 2171 quae
534 2102 587 2154 in
614 2100 712 2154 hac
759 2099 1138 2153 consuetudine
1184 2097 1369 2165 claret,
1403 2098 1734 2159 auctoritas;
1778 2097 1867 2150 ubi
1901 2097 1955 2148 in

371 2190 615 2259 precibus
650 2190 962 2254 sacerdotis,
995 2204 1113 2258 qua:
1145 2187 1371 2242 Domino
1406 2186 1513 2242 Deo
1539 2187 1607 2240 ad
1635 2187 1750 2255 ejus
1785 2185 1956 2238 altare

363 2283 686 2352 fraudantur,
739 2283 912 2337 locum
955 2298 1109 2336 suum
1157 2281 1310 2335 habet
1359 2281 1519 2335 etiam
1570 2279 1954 2333 commendatio

360 2385 719 2428 mortuorum.
741 2373 807 2429 Et
823 2390 942 2446 cap.
969 2377 1070 2430 ult.
1100 2391 1113 2429 :
1149 2375 1281 2440 Quae
1307 2389 1427 2426 cum
1457 2374 1535 2427 ita
1565 2372 1692 2437 sint,
1712 2388 1813 2424 non
1841 2372 1955 2426 easi-

357 2467 638 2518 stimemus
693 2466 764 2519 ad
814 2474 1072 2532 mortuos,
1099 2482 1196 2535 pro
1244 2464 1431 2534 quibus
1475 2479 1659 2516 curant
1701 2464 1952 2533 gerimus,

356 2559 650 2627 pervenire,
681 2558 787 2611 nisi
829 2560 967 2628 quod
995 2575 1090 2627 pro
1118 2558 1192 2612 eis
1234 2558 1340 2612 sive
1377 2555 1586 2619 altaris,
1618 2556 1724 2609 sive
1755 2556 1954 2608 oratio-

359 2663 512 2714 num,
539 2649 645 2702 sive
676 2647 1124 2719 eleemosynarum
1169 2649 1450 2717 sacriﬁciis
1497 2649 1797 2702 solemniter
1836 2663 1957 2714 sup-

357 2740 662 2810 plicamus;
690 2742 928 2811 quamvis
953 2758 1054 2795 non
1082 2757 1176 2811 pro
1201 2741 1390 2812 quibus
1421 2741 1554 2809 ﬁunt
1581 2741 1820 2794 erunibus
1841 2757 1954 2809 pro-

355 2836 488 2898 sint,
515 2833 606 2888 sed
639 2835 706 2888 iis
743 2843 974 2900 tantum,
1003 2834 1194 2902 quibus
1219 2834 1345 2886 dum
1373 2833 1572 2897 vivunt,
1611 2843 1955 2902 comparatur

355 2935 417 2980 ut
445 2926 676 2994 prosint.
707 2924 1177 2996 Frequentissima
1205 2934 1288 2981 est
1317 2934 1371 2980 et
1408 2925 1559 2981 illius
1591 2925 1954 2980 consuetudi-

357 3017 447 3071 nis
485 3015 631 3086 apud
663 3016 999 3086 Cyprianum
1045 3017 1272 3072 mentio.
1307 3014 1376 3070 Ut
1408 3017 1632 3086 incpist.
1655 3015 1742 3079 66,
1770 3017 1822 3070 in
1845 3031 1951 3086 qua

353 3105 642 3161 decretum
665 3105 742 3158 ait
764 3103 817 3157 in
842 3103 1108 3169 concilio,
1138 3114 1193 3156 ut
1224 3105 1270 3158 si
1297 3104 1413 3172 quis
1445 3107 1671 3156 moriens
1702 3101 1952 3154 clericum

355 3207 592 3251 tutorem
628 3195 946 3266 reliquisset,
971 3209 1075 3248 non
1128 3194 1408 3263 oﬂ’erretur
1435 3210 1529 3264 pro
1559 3209 1640 3261 eo,
1674 3210 1764 3246 nec
1791 3194 1954 3247 sacri-

352 3290 541 3360 ﬁcium
591 3305 686 3358 pro
739 3287 1054 3341 dormitione
1109 3287 1223 3355 ejus
1276 3284 1650 3342 celebraretur.
1687 3284 1953 3355 Vetatqne

355 3397 489 3436 mox
525 3378 966 3450 deprecationem
1015 3391 1114 3447 pro
1163 3392 1228 3433 co
1277 3377 1444 3431 ullam
1493 3376 1561 3430 ad
1612 3377 1782 3431 altare
1812 3377 1950 3430 ﬁeri.

351 3471 588 3528 Tertull.
629 3469 706 3524 De
726 3485 836 3525 cor.
873 3469 1011 3535 mil.,
1046 3484 1165 3539 cap.
1191 3469 1226 3522 ὅ
1257 3486 1269 3522 :
1310 3466 1616 3522 Oblationes
1643 3483 1738 3537 pro
1763 3465 1952 3534 defun-

349 3564 477 3630 ctis,
514 3578 612 3631 pro
638 3562 900 3616 natalitiis
937 3577 1116 3615 annua
1155 3561 1242 3615 die
1276 3560 1526 3628 facimus,
1551 3569 1604 3615 et
1629 3559 1758 3614 alibi
1788 3573 1950 3628 saepe.

351 3652 633 3709 Eusebius
655 3652 744 3707 lib.
772 3669 824 3706 IV
854 3651 931 3707 De
953 3653 1063 3708 vita
1090 3651 1444 3717 Constantini,
1479 3667 1601 3706 eum
1631 3651 1696 3706 de
1722 3649 1842 3720 ejus
1869 3649 1956 3704 fu-

349 3759 488 3799 nere
538 3742 734 3798 scribit
763 3761 776 3796 :
811 3743 890 3796 Τά
941 3760 998 3796 τε
1035 3743 1134 3814 τῆς
1188 3742 1372 3796 ἐνθέου
1403 3741 1658 3814 λατρείας
1687 3741 1755 3794 δι’
1779 3740 1954 3812 εὐχῶν

348 3835 727 3906 ἀνεπλήρουν,
771 3834 1029 3906 λατρείαν
1075 3835 1312 3905 appellat
1352 3834 1540 3890 altaris
1597 3833 1950 3889 sacriﬁcium.

349 3927 503 3993 Mox,
543 3927 642 3979 σὺν
669 3925 935 3997 κλαυθμῷ
952 3925 1014 3978 δὲ
1049 3925 1230 3980 πλέονι
1259 3927 1355 3990 τὰς
1383 3925 1548 3997 εὐχὰς
1570 3925 1711 3998 ὑπὲρ
1733 3928 1831 4000 τῆς
1856 3928 1954 3999 βα-

353 4020 562 4083 σιλέως
593 4019 774 4092 ψυχῆς
799 4021 1122 4074 ἀπεδίδοσαν
1151 4019 1230 4090 τῷ
1259 4018 1394 4090 Θεῷ.
1421 4021 1620 4076 Athan.
1648 4021 1852 4088 Quatst.
1883 4022 1954 4076 ad

354 4112 711 4176 Antiochum,
743 4123 935 4183 quaest.
969 4112 1061 4176 54,
1097 4127 1220 4167 cum
1247 4111 1538 4182 quaesitum
1568 4122 1730 4177 esset,
1768 4122 1952 4168 utrum

354 4217 716 4262 mortuorum
750 4214 1100 4274 peccatorum
1132 4205 1330 4260 animae
1371 4205 1634 4260 beneﬁcia
1664 4207 1718 4261 in
1748 4223 1809 4262 se
1834 4208 1950 4263 col-

351 4300 467 4356 lata
505 4297 800 4363 sentirent,
853 4298 1144 4368 γινομένων
1169 4297 1311 4369 ὑπὲρ
1333 4298 1513 4351 αὐτῶν
1537 4298 1831 4364 συνάξεων,
1857 4300 1952 4353 καὶ

351 4388 649 4454 εὐποιιῶν,
706 4389 801 4443 καὶ
855 4388 1214 4460 προσφορῶν,
1275 4389 1563 4458 respondet
1614 4407 1627 4442 :
1680 4391 1791 4454 Τὰς
1843 4390 1952 4444 τῶν

349 4477 710 4551 ἁμαρτωλῶν
735 4477 913 4548 ψυχὰς
945 4479 1192 4548 μετέχειν
1223 4478 1540 4548 εὐεργεσίας
1567 4481 1709 4543 τινὸς
1750 4482 1814 4533 ὲκ
1850 4481 1952 4550 τῆς

349 4572 501 4642 ὑπὲρ
535 4569 719 4624 αὐτῶν
751 4569 1051 4640 γενομένης
1102 4569 1441 4639 ἀναιμάκτου
1497 4570 1707 4638 θυσίας,
1738 4573 1832 4625 καὶ
1859 4573 1952 4625 εὐ-

349 4666 569 4727 ποιίας.
608 4663 827 4732 Alioqui
869 4662 914 4716 si
970 4662 1106 4715 nihil
1155 4662 1268 4716 haac
1310 4662 1442 4731 ipsis
1476 4663 1819 4732 prodessent,
1851 4666 1951 4718 οὐκ

345 4759 416 4812 ἂν
453 4761 514 4810 ἐν
547 4757 616 4824 τῇ
649 4754 987 4826 προσκομιδῇ
1011 4753 1464 4825 ἐμνημονεύοντο,
1485 4755 1587 4810 hoc
1615 4766 1700 4810 est
1723 4759 1775 4810 in
1799 4758 1952 4811 obla-

347 4852 531 4905 tione.
566 4845 705 4899 Nam
750 4847 1091 4918 προσκομιδή
1123 4856 1208 4901 est
1239 4848 1544 4918 προσφορά.
1581 4849 1719 4905 Male
1765 4861 1948 4904 autem

346 4942 658 5006 interpres,
677 4934 739 4989 In
763 4952 893 4989 cura
914 4948 963 4990 et
985 4939 1263 5008 exsequiis.
1284 4937 1586 5010 Scripserat
1617 4941 1756 4995 idem
1781 4941 1953 5000 Atha-

345 5033 550 5089 nasius
591 5029 750 5098 λόγον
783 5031 864 5092 εἱς
897 5030 1024 5092 τοὺς
1057 5032 1452 5101 κοιμηθένταςς
1493 5033 1653 5103 cujus
1703 5035 1952 5090 meminit

344 5123 742 5180 Damasccnus
793 5122 848 5176 in
901 5121 1146 5192 ejusdem
1197 5125 1503 5194 argumenti
1559 5126 1838 5191 oratione,
1899 5137 1951 5182 et

2058 1992 2128 2047 ab
2156 1993 2497 2062 reliquorum
2527 1995 2838 2050 mortalium
2868 1997 3182 2053 conditione
3207 2009 3544 2070 segregatum
3568 2001 3642 2057 De

2057 2095 2358 2156 martyrum
2410 2089 2931 2144 commemoratione
2978 2090 3184 2159 passim
3240 2092 3484 2162 loquitur
3533 2093 3644 2165 Cy-

2055 2179 2302 2249 prianus,
2341 2187 2400 2233 ut
2431 2178 2484 2232 in
2509 2179 2667 2248 epist.
2705 2179 2773 2234 54
2812 2199 2823 2234 :
2859 2179 3140 2251 Sacriﬁcia
3167 2201 3263 2253 pro
3298 2185 3397 2247 eis,
3443 2187 3640 2257 inquit,

2056 2284 2276 2338 semper,
2311 2281 2367 2324 ut
2409 2271 2741 2334 meministis,
2777 2273 3072 2341 o/ferimus,
3111 2278 3311 2344 quoties
3344 2289 3644 2348 martyrum

2054 2360 2328 2429 passiones
2352 2371 2399 2415 et
2431 2363 2541 2416 dies
2595 2363 2956 2418 anniversaria
2985 2369 3478 2423 commemoratione
3511 2369 3644 2424 cele-

2056 2453 2292 2505 bramus.
2350 2451 2505 2520 Quod
2567 2454 2634 2508 ad
2694 2456 3019 2510 memoriam
3085 2459 3645 2532 praedicationemque

2055 2552 2356 2615 martyrum
2382 2543 2544 2600 debet
2567 2544 2779 2611 referri,
2806 2549 3266 2616 quemadmodum
3289 2561 3344 2605 et
3367 2552 3421 2606 in
3447 2567 3639 2608 eorum

2055 2635 2356 2691 memorias
2405 2637 2596 2692 altaria
2645 2639 3144 2697 constituebantur.
3176 2644 3406 2715 August.
3444 2647 3538 2702 lib.
3569 2664 3642 2703 xx

2055 2736 2240 2780 contra
2268 2725 2555 2794 Faustum,
2591 2744 2710 2798 cap.
2741 2728 2832 2797 2|,
2865 2729 3128 2786 adversus
3181 2731 3509 2790 Manichaeos
3531 2736 3643 2792 dis-

2056 2826 2280 2886 putans,
2311 2821 2405 2889 qui
2436 2819 2690 2875 similiter
2713 2830 2878 2890 atque
2913 2821 3164 2878 hodierni
3194 2826 3485 2880 στασιῶται
3528 2843 3645 2883 me-

2052 2911 2265 2967 morias
2317 2921 2622 2982 martyrum
2675 2911 2727 2967 in
2770 2913 2914 2968 idola
2971 2925 3291 2972 convertere
3342 2919 3646 2976 catholicos

2057 3003 2530 3073 impudentissime
2585 3005 3045 3071 criminabantur,
3085 3009 3169 3064 his
3199 3011 3379 3066 verbis
3426 3013 3646 3069 utitur:

2055 3095 2292 3166 Populus
2321 3105 2496 3150 autem
2525 3097 2863 3152 Christianus
2889 3103 3172 3156 memorias
3195 3115 3491 3173 martyrum
3524 3105 3646 3159 reli-

2057 3188 2204 3258 giosa
2230 3187 2560 3241 solemnitate
2589 3189 2936 3258 concelebrat,
2963 3202 3016 3246 et
3042 3194 3112 3246 ad
3155 3197 3496 3248 excitandam
3523 3197 3646 3249 inti-

2059 3281 2332 3345 tationem,
2367 3290 2422 3334 ut
2447 3282 2649 3335 meritis
2684 3299 2864 3336 eorum
2893 3285 3221 3338 consocietur
3270 3296 3426 3355 atque
3451 3290 3621 3342 oratio

2058 3369 2210 3422 nibus
2250 3369 2550 3439 adiuvetur.
2591 3369 2681 3424 Ita
2723 3381 2898 3425 tamen
2927 3381 2985 3426 ut
3015 3372 3153 3427 nulli
3200 3385 3518 3444 martyrum,
3555 3380 3646 3431 sed

2057 3462 2182 3530 ipsi‘
2201 3461 2312 3515 Deo
2356 3471 2650 3533 martyrum
2685 3465 3065 3534 sacriﬁcemus,
3095 3468 3334 3536 quamvis
3362 3469 3416 3521 in
3448 3485 3632 3522 memo-

2057 3555 2167 3608 rias
2198 3565 2494 3627 martyrum
2523 3558 2909 3614 constituamus
2934 3559 3152 3613 altaria.
3182 3559 3312 3627 Quis
3337 3561 3478 3614 enim
3504 3564 3639 3615 anti-

2055 3648 2243 3701 stitum
2273 3649 2325 3702 in
2360 3647 2490 3703 locis
2531 3659 2839 3704 sanctorum
2881 3667 3162 3721 corporum
3189 3653 3442 3707 assistens
3481 3653 3644 3708 altari

2055 3739 2344 3810 aliquando
2366 3741 2505 3796 dixit
2531 3758 2548 3796 :
2575 3743 2863 3812 Olferimus
2882 3745 2997 3811 tibi,
3019 3745 3191 3811 Petre,
3223 3759 3312 3799 aut
3338 3745 3530 3812 Paule,
3551 3757 3644 3800 aut

2057 3829 2324 3902 Cypriane
2342 3835 2369 3887 ?
2397 3844 2503 3890 etc.

2139 3924 2400 3981 Ἑωθινοι
2448 3944 2512 3980 τε
2557 3927 2732 3998 ὕμνοι
2779 3929 2849 3983 ἐν
2897 3928 3074 3999 αὐτῇ.
3135 3929 3211 3986 De
3261 3932 3533 3988 matutino
3579 3940 3644 3987 ac

2055 4027 2378 4075 ceterarum
2408 4020 2669 4076 horarum
2709 4021 2887 4077 cilicio
2921 4023 3209 4094 diligenter
3233 4024 3286 4078 in
3318 4024 3640 4087 Annalibus,

2055 4121 2110 4166 et
2135 4114 2206 4168 ab
2233 4114 2356 4169 aliis
2381 4115 2706 4183 disputatur.
2756 4115 2834 4170 De
2876 4116 3242 4171 lucernalihus
3275 4117 3501 4184 psalmis
3541 4116 3645 4170 hoc.

2055 4207 2385 4262 ascrihimus
2403 4225 2414 4259 :
2434 4205 2708 4260 Socratem
2725 4206 2816 4260 lib.
2835 4222 2886 4270 v,
2901 4221 3020 4276 cap.
3036 4206 3125 4272 22,
3140 4222 3232 4262 eas
3253 4209 3524 4276 appellare
3544 4207 3644 4272 τὰς

2055 4303 2112 4354 ὲν
2135 4303 2256 4363 ταῖς
2275 4299 2596 4370 λυχναψίαις
2622 4299 2805 4369 εὐχάς.
2831 4286 2932 4365 Qui
2963 4300 3165 4356 ibidem
3190 4300 3360 4365 addit,
3386 4303 3437 4356 in
3461 4303 3644 4374 Cypro

2055 4409 2117 4448 ac
2147 4393 2418 4454 Caesarea.
2449 4391 2687 4447 Sabbato
2715 4401 2767 4445 et
2800 4389 3083 4447 Dominica
3120 4393 3208 4447 ἀεὶ
3246 4395 3374 4465 περὶ
3400 4395 3643 4462 ἑσπέραν

2058 4484 2194 4555 μετὰ
2241 4485 2337 4554 τῆς
2362 4483 2660 4554 λυχναψίας
2685 4485 2810 4547 τοὺς
2840 4483 3243 4556 πρεσϐυτέρους
3292 4487 3385 4539 καὶ
3421 4489 3644 4542 ἐπισκό-

1987 4587 2030 4640 D
2061 4592 2194 4637 πους
2225 4575 2323 4638 τὰς
2351 4574 2567 4644 Γραφὰς
2592 4573 2936 4646 ἑρμηνεύειν.
2956 4575 3164 4630 Concil.
3183 4575 3358 4631 Tolet.
3380 4594 3418 4642 ι,
3445 4597 3567 4636 can.
3585 4581 3641 4646 9,

2061 4667 2422 4720 lucernarium
2472 4667 2724 4736 appellat.
2758 4665 2916 4722 Vetat
2949 4669 3098 4722 enim
3133 4669 3419 4739 professas,
3445 4685 3534 4725 aut
3569 4674 3645 4726 vi-

2060 4760 2192 4811 duas
2225 4760 2370 4812 domi
2403 4775 2514 4813 sua:
2541 4759 2884 4828 antiphonam
2915 4776 3033 4813 cum
3059 4762 3376 4830 confessore.
3397 4765 3473 4818 vel
3497 4783 3644 4820 servo

2058 4868 2154 4904 suo
2187 4852 2378 4920 facere,
2418 4851 2628 4906 absente
2665 4854 2927 4921 episcopo,
2969 4852 3046 4906 vel
3079 4854 3400 4924 presbytero.
3445 4856 3644 4912 Lucer-

2059 4943 2272 4994 narium
2303 4959 2444 5007 vero,
2469 4943 2664 5012 inquit,
2695 4945 2799 4998 nisi
2832 4945 2888 4998 in
2912 4944 3132 4998 ecclesia
3159 4962 3264 4999 non
3294 4946 3524 5017 legatur.
3570 4951 3644 5004 De

2059 5035 2220 5088 nonis
2249 5043 2303 5089 et
2331 5037 2574 5106 vesperis
2615 5037 2834 5092 Laodic.
2877 5038 3126 5093 meminit
3153 5056 3276 5094 can.
3316 5041 3402 5097 18.
3439 5042 3567 5099 Vide
3592 5056 3643 5100 et

2061 5127 2284 5184 Tertull.
2318 5128 2409 5184 lib.
2433 5139 2616 5184 contra
2647 5127 2860 5200 Psyc/t._,
2890 5131 3200 5202 Agatlicnse
3226 5149 3350 5190 can.
3377 5135 3467 5192 '50.
