4012 6452
825 632 1022 760 ΙΝ
1117 630 2078 764 OCTAVUM
2173 637 2909 766 TOMUM

1409 897 2290 998 PR/EFATIO.

166 426 2509 491 Ἥ

232 1217 392 1280 Cum
440 1217 730 1304 _doctoris
789 1217 1082 1304 catholici
1140 1218 1264 1304 duo
1321 1219 1730 1304 sint‘officia,
1793 1224 2062 1284 alterum
2121 1225 2483 1286 christianae
2535 1224 2854 1304 religionis
2900 1224 3190 1285 veritates
3244 1223 3559 1286 illustrare

157 1319 224 1361 ac
306 1300 708 1372 conﬁrmare,
780 1298 1046 1384 alterum
1117 1300 1367 1360 easdem
1427 1300 1506 1362 ab
1562 1303 2019 1384 insurgentium
2078 1304 2518 1366 hazreticorum
2575 1298 2900 1366 erroribus
2953 1305 3309 1374 vindicare;
3372 1323 3556 1366 nemo

155 1385 447 1464 veterum
492 1386 602 1441 aut
658 1380 1073 1440 recentiorum
1132 1387 1430 1458 utrasque
1487 1390 1693 1464 partes
1744 1380 2029 1463 implevit
2084 1386 2322 1445 felicius
2380 1386 2751 1464 Augustino,
2813 1385 2922 1464 qui
2979 1386 3257 1446 omnium
3310 1383 3554 1463 judicio

155 1462 212 1522 id
292 1460 522 1521 merito
599 1465 928 1541 assecutus
997 1465 1112 1541 est,
1194 1467 1258 1541 ut
1315 1461 1670 1541 praecipuus
1725 1482 1798 1524 ac
1834 1460 2146 1526 'summus
2195 1460 2511 1526 Ecclesia?
2545 1468 2775 1526 Doctor
2829 1460 3187 1527 haberetur.
3239 1460 3554 1526 Hactenus

156 1542 289 1620 ejus
348 1559 545 1620 opera
604 1559 744 1618 quae
802 1539 1145 1623 christiana
1202 1539 1872 1622 dogmata—explicant
1928 1545 2372 1605 exhibuimus:
2435 1564 2602 1605 nunc
2657 1565 2730 1607 ea
2761 1564 2902 1623 qua;
2933 1547 3013 1605 ad
3044 1546 3387 1605 infidelium
3421 1545 3553 1606 hm-

153 1625 624 1704 rtticor‘umque
683 1621 1175 1680 confutationem
1236 1623 1572 1704 pertinent,
1633 1621 1898 1702 quaeque
1959 1626 2202 1703 vulgari
2255 1626 2389 1704 jam
2450 1626 2701 1686 nomine
2760 1621 3072 1686 Polemica
3129 1644 3354 1685 vocare
3386 1626 3547 1686 sole-

157 1722 310 1775 mus,
351 1701 440 1785 _in
502 1701 699 1785 tribus
741 1719 901 1785 quae
959 1706 1195 1785 restant
1251 1701 1673 1763 voluminibus
1732 1701 2472 1783 repraesentanda'sunt.
2533 1708 2688 1765 Nam
2761 1707 2870 1765 etsi
2938 1707 3001 1766 in
3060 1705 3370 1785 prioribus
3426 1706 3551 1765 illis

155 1779 801 1865 scriptis__aliquando
851 1799 927 1839 ex
988 1782 1314 1840 occasione
1372 1791 1727 1860 grassantes
1784 1779 2025 1846 errores
2079 1786 2186 1846 Vir
2240 1793 2491 1846 sanctus
2547 1786 2968 1865 perstringat;
3029 1779 3154 1846 n'on
3187 1786 3284 1846 his
3341 1792 3550 1846 tamen

153 1862 462 1945 ejusmodi
507 1862 784 1945 generis
872 1879 1131 1945 operum
1209 1880 1436 1945 scopus
1510 1870 1664 1936 erat,
1743 1866 1992 1943 qualem
2056 1866 2172 1925 sibi
2229 1867 2358 1944 ipse
2415 1867 2478 1926 in
2535 1862 2790 1945 reliquis
2830 1862 3142 1944 'operibus
3199 1867 3548 1944 proposuit.

152 1945 328 2014 Quod
407 1942 458 2001 si
488 1943 902 2026 Augustinum
951 1941 1184 2026 _obiter
1257 1943 1331 2026 in_
1398 1943 1723 2004 haereticos
1764 1941 2198 2006 'disserentem
2252 1941 2456 2006 tanta
2532 1941 2688 2006 cum'
2729 1941 3052 2026 voluptate
3111 1941 3372 2007 lectores
3429 1945 3552 2006 huc

153 2042 354 2101 usque
424 2023 822 2105 revolverunt
857 2020 1136 2105 :“longe
1211 2021 1414 2105 major
1485 2043 1560 2084 ex
1637 2026 2041 2103 sequentibus
2099 2026 2273 2085 libris
2329 2028 2566 2086 fructus
2623 2020 2969 2105 sperandus
3029 2033 3142 2097 est,
3204 2026 3267 2086 in
3324 2026 3551 2105 quibus

153 2100 323 2164 recto
382 2102 603 2185 ordine
655 2119 735 2185 ac
785 2100 997 2161 dedita
1053 2120 1248 2185 opera
1306 2103 1661 2185 universum
1720 2100 2002 2166 errorum
2063 2125 2289 2184 corpus
2343 2108 2406 2166 in
2464 2100 2804 2185 particulas
2857 2106 3228 2166 discinditur
3282 2100 3363 2165 ad
3423 2106 3548 2165 dis-

149 2186 440 2264 sipatur;
522 2181 962 2241 haereticorum
1037 2182 1435 2260 antesignani
1492 2191 1623 2244 tum
1685 2186 1953 2263 publicis
2010 2181 2599 2259 concertationibus,
2664 2193 2796 2246 tum
2853 2187 3030 2247 editis
3087 2185 3540 2246 lucubrationi-

146 2263 263 2324 bus
323 2263 791 2346 vincuntur_ac
848 2266 1385 2346 prosternuntur;_
1444 2265 1712 2346 achillea
1785 2266 2053 2345 denique
2120 2285 2192 2326 ac
2249 2267 2547 2344 primaria
2605 2285 2821 2326 eorum
2882 2267 3116 2346 scripta
3168 2266 3234 2325 in
3293 2266 3540 2326 favillas

147 2346 561 2422 rediguntur:
623 2341 781 2425 adeo
826 2347 909 2425 _ut
953 2360 1101 2425 cum
1161 2360 1236 2425 ex
1293 2343 1479 2425 primi
1510 2346 1755 2422 generis
1784 2341 2029 2424 scriptis
2060 2341 2429 2407 Docto—ribus
2460 2348 2747 2407 catholici
2783 2341 3032 2419 nomen,
3068 2347 3235 2425 quod
3268 2346 3541 2406 nonnul-

144 2426 218 2485 lis
296 2421 489 2485 etiam
540 2421 874 2505 praecipuis
951 2421 1240 2505 Ecclesia
1297 2421 1585 2485 Patribus
1656 2421 1989 2486 commune
2047 2435 2162 2499 est,
2223 2428 2506 2487 retulerit
2559 2428 2985 2504 Augustinus:
3048 2421 3124 2486 ex
3181 2426 3278 2485 his
3336 2431 3542 2505 poste-

143 2505 421 2566 rioribus
478 2521 673 2562 unum
732 2501 851 2585 sibi
907 2501 1282 2585 proprium,_
1341 2522 1466 2581 quo
1543 2505 1786 2564 nullum
1865 2507 2036 2566 aliud
2110 2507 2436 2580 illustrius,
2500 2501 2773 2585 elogium
2833 2525 2869 2566 a
2927 2506 3262 2566 Catholicis
3321 2501 3539 2566 Hiero-

144 2605 340 2665 nymo
371 2591 528 2644 teste
587 2582 901 2654 meruerit,
963 2589 1034 2665 ut
1093 2581 1287 2665 veluti
1344 2585 1502 2644 alter
1555 2586 1831 2662 antiquae
1885 2587 2029 2645 ﬁdei
2094 2587 2380 2647 conditor
2436 2581 2631 2645 etiam
2682 2587 2895 2646 vivens
2951 2593 3012 2646 et
3068 2587 3128 2645 in
3187 2586 3367 2645 terris
3424 2586 3535 2646 de-

146 2662 297 2744 gens
357 2669 824 2745 agnosceretur.
860 2662 1168 2745 __«AMacte
1227 2663 1475 2745 virtute,
1535 2688 1564 2720 »
1629 2666 1832 2744 inquit
1885 2666 1990 2726 ille
2038 2667 2115 2725 ad
2175 2667 2380 2745 ipsum
2439 2667 2862 2744 Augustinum
2895 2668 3190 2737 scribens,
3234 2666 3356 2724 «in
3391 2665 3541 2726 orbe

156 2741 183 2800 ξι
237 2741 596 2806 υθιθὺίῐιειιτὶε.
657 2741 1076 2825 Οδιὴοὶίεἰῄῐβ
1133 2743 1520 2804 conditorem
1578 2741 1854 2824 antiqua;
1905 2765 2156 2807 rursum
2203 2741 2360 2806 'ﬁdei
2421 2741 2796 2806 venerantur
2851 2753 3040 2825 atque
3097 2746 3444 2825 suspiciunt
3506 2769 3536 2802 »

148 2826 230 2906 (Ε
227 2827 367 2904 μιζςί.
406 2826 519 2906 195
543 2827 703 2906 inter
733 2823 1220 2906 Augystiiiz'anas.

219 2902 394 2966 Nihil
424 2905 504 2965 ad
539 2904 799 2981 hujusce
856 2902 1041 2984 tituli“
1075 2909 1135 2962 et
1192 2904 1377 2980 elogii
1433 2905 2040 2966 commendationem
2093 2905 2341 2965 videtur
2387 2905 2571 2983 adjici
2631 2922 2856 2984 posse:
2917 2904 3024 2964 sed
3074 2910 3284 2965 tamen
3314 2905 3535 2964 eodem

139 2986 198 3046 in
231 2987 377 3046 loco
411 2986 824 3060 Hieronymus
867 2982 1097 3053 subdit,
1163 3007 1206 3064 «ί
1248 2984 1494 3061 signum
1557 2985 1809 3062 majoris
1879 2987 2092 3063 gloriae
2150 3005 2299 3058 esse,
2345 3007 2372 3041 υ
2436 2982 2875 3064 quod'Virum
2937 2986 3394 3045 sanctissimum
3450 2984 3531 3046 ob

139 3067 434 3127 eamdem
490 3083 768 3136 causam,
832 3087 861 3117 «
919 3081 1137 3122 omnes
1194 3063 1471 3124 haeretici
1524 3066 2002 3127 detestarentur.
2038 3087 2064 3122 ››
2133 3069 2358 3125 Eorum
2415 3063 2562 3126 vero
2621 3065 3060 3126 malevolentia
3118 3073 3179 3126 et
3218 3066 3534 3125 abaliena-

138 3148 224 3208 tio
285 3165 362 3207 eo
418 3163 615 3223 usque
672 3161 1002 3225 progressa
1057 3149 1170 3225 est,
1227 3150 1298 3225 ut
1352 3163 1491 3205 eum
1552 3163 1585 3205 e
1643 3146 1847 3206 medio
1907 3147 2124 3205 tollere
2181 3145 2400 3224 quovis
2459 3148 2778 3225 proposito
2837 3146 3095 3223 praemio
3127 3146 3527 3219 tentaverint,

137 3247 248 3288 nec
310 3225 432 3285 sibi
490 3226 568 3285 ad
642 3223 967 3304 concepti,
1011 3223 1296 3302 capitalis
1355 3225 1482 3285 odii
1540 3226 1861 3286 cumulum
1917 3223 2744 3304 sufﬁcere’putarintfnisi
2802 3226 2990 3286 etiam
3049 3228 3243 3285 Deum
3321 3226 3525 3285 eidem

135 3307 403 3369 consilio
477 3304 807 3382 suffragari
879 3302 1006 3362 suis
1079 3304 1329 3364 asseclis
1404 3307 1777 3382 persuadere
1850 3302 2266 3379 conarentur;
2329 3305 2555 3384 quibus
2611 3305 2893 3384 polliceri
2948 3323 3072 3365 non
3131 3304 3525 3380 dubitarunt,

139 3386 434 3448 «omnia
492 3392 763 3465 peccata
805 3402 844 3443 a
898 3385 1026 3444 Deo
1081 3383 1511 3465 indubitanter
1568 3405 1699 3446 esse
1757 3385 2134 3446 credendum
2194 3383 2375 3465 posse
2431 3383 2661 3445 dimitti
2710 3387 2797 3446 eis
2853 3385 2964 3463 qui
3019 3385 3139 3445 hoc
3196 3387 3400 3446 facere
3455 3403 3528 3446 ac

138 3493 167 3525 «
227 3463 536 3547 perficere
595 3463 944 3547 potuissent
992 3485 1020 3520 »
1086 3463 1339 3547 (Possz'd.
1399 3466 1459 3524 ιή
1536 3468 1658 3526 vita
1717 3467 2042 3545 Augustini
2092 3463 2220 3546 capi.
2281 3467 2366 3544 9).
2429 3465 2556 3547 Sed
2607 3465 2910 3547 miranda
2947 3471 3041 3525 est
3097 3465 3215 3547 hoc
3266 3467 3330 3547 in
3387 3466 3526 3526 loco

131 3545 476 3626 Augustini
507 3545 874 3626 moderatio,
937 3545 1106 3621 quod
1165 3562 1305 3603 cum
1365 3563 1488 3605 non
1547 3547 1748 3605 solum
1805 3547 2063 3625 privatis
2121 3545 2662 3606 criminationibus
2716 3546 2795 3606 ab
2838 3545 3528 3626 adversariisiimpete-

131 3624 335 3700 retur,
398 3628 507 3686 sed
564 3633 627 3685 et
682 3626 758 3685 ab
815 3624 905 3684 eis
961 3630 1351 3704 quaereretur
1402 3626 1479 3685 ad
1521 3644 1757 3696 necem,
1819 3624 2097 3704 privatas
2154 3626 2511 3686 inimicitias
2564 3626 2703 3686 illas
2756 3626 2846 3685 ita
2905 3625 3340 3703 aequanimiter
3386 3624 3532 3685 tulit

133 3729 203 3770 ac
275 3706 742 3785 dissimulavit,
778 3710 848 3764 ut
903 3704 1006 3763 vix
1062 3703 1255 3785 ullam
1299 3704 1389 3785 de,
1432 3706 1518 3765 eis
1570 3707 1631 3764 in
1689 3703 1840 3764 suis’
1872 3707 2401 3785 disputationibus
2456 3708 2672 3767 fecerit
2730 3706 3150 3765 mentionem:
3205 3724 3318 3765 nec
3349 3705 3532 3783 quid-

133 3806 334 3868 quam
391 3788 545 3848 certi
601 3787 675 3868 de
731 3784 1055 3868 intentatze
1114 3783 1204 3868 illi
1261 3783 1430 3868 necis
1490 3783 2395 3868 machinationeiresciremus,
2458 3787 2576 3845 nisi
2629 3786 2942 3868 Possidius
2970 3786 3032 3844 in
3064 3787 3197 3863 ejus
3225 3786 3366 3846 Vita
3398 3803 3528 3845 rem

133 3863 408 3948 posteris
481 3867 927 3948 consignasset.
964 3943 975 3948 Δ
1007 3863 1185 3948 Quod
1238 3865 1287 3948 si
1345 3867 1871 3948 quandoquead
1926 3866 2185 3945 injurias
2227 3867 2360 3948 _sibi
2414 3868 2622 3926 illatas
2658 3865 2917 3948 aliquid
2979 3884 3279 3948 reponere
3353 3883 3532 3948 coge-

131 3943 376 4010 batur:
439 3948 501 4006 id
561 3943 684 4006 non
727 3946 911 4022 justze
961 3943 1380 4021 indignationi
1452 3965 1579 4005 suae
1625 3943 2002 4017 tribuebat,
2070 3948 2175 4006 sed
2224 3946 2528 4007 lectorum
2583 3946 2858 4019 utilitati,
2911 3945 3019 4023 qui
3050 3943 3304 4024 iniquis
3361 3945 3531 4024 ejus-

129 4031 304 4091 modi
366 4025 909 4088 criminationibus
966 4024 1290 4084 averitate
1349 4031 1601 4102 possent
1657 4026 1903 4086 abduci.
1967 4027 2087 4087 Sed
2149 4045 2331 4087 nemo
2389 4026 2610 4086 melius
2668 4035 2792 4086 tam
2854 4026 3160 4086 moderati
3217 4025 3409 4085 animi
3465 4025 3530 4086 in

127 4111 226 4170 his
285 4107 729 4169 occasionibus
786 4112 1017 4186 statum
1077 4106 1471 4182 expresserit,
1533 4125 1722 4184 quam
1760 4108 2178 4184 ~Augustinus
2233 4109 2391 4186 ipse,
2456 4107 2634 4185 cujus
2679 4106 2812 4166 haec
2856 4106 3049 4165 verba
3097 4106 3334 4166 suntin
3368 4106 3528 4165 libro

129 4196 352 4252 contra
380 4189 760 4249 Petilianum
789 4185 996 4257 tertio,
1057 4203 1192 4264 cap.
1257 4189 1328 4243 l:
1398 4208 1427 4243 (ι
1484 4188 1613 4263 Ego
1674 4187 1927 4265 quando
1986 4188 2210 4265 cuique
2269 4188 2366 4246 vel
2415 4187 2680 4247 dicendo
2741 4186 2836 4246 vel
2890 4187 3219 4246 scribendo
3279 4204 3530 4263 respon-

132 4298 161 4329 (ι
217 4270 342 4330 deo
402 4270 593 4330 etiam
653 4265 1121 4328 contumeliosis
1179 4265 1716 4326 criminationibus
1774 4267 2114 4340 lacessitus,
2184 4273 2488 4344 quantum
2544 4267 2696 4326 mihi
2755 4267 3053 4326 Dominus
3105 4267 3317 4340 donat,
3380 4267 3518 4324 frae-

133 4377 162 4408 «
213 4350 388 4410 natis
448 4357 637 4428 atque
693 4345 989 4428 contritis
1030 4363 1209 4428 vanae
1264 4345 1710 4428 indignationis
1761 4347 2012 4417 aculeis,
2076 4348 2345 4407 auditori
2403 4348 2715 4428 lectorivei
2751 4347 3101 4428 consulens,
3155 4366 3277 4428 non
3310 4364 3429 4428 ago
3462 4350 3530 4405 ut

134 4459 162 4490 «
211 4432 460 4492 efﬁciar
516 4425 759 4489 homini
815 4425 1223 4487 conviciando
1281 4427 1588 4504 superior,
1648 4428 1754 4487 sed
1813 4445 2088 4487 errorem
2151 4428 2575 4487 convincendo
2634 4427 3028 4486 salubrior.»
3090 4428 3158 4486 In
3193 4426 3288 4485 his
3317 4427 3530 4503 itaque

129 4511 843 4591 disputationibusrres
877 4512 1011 4591 tota
1070 4505 1382 4565 rationum
1443 4512 2072 4591 e‘t‘argumentorum
2135 4509 2355 4591 validis
2417 4507 2746 4591 momentis
2795 4507 3126 4591 agebatur.
3187 4509 3322 4591 Non
3353 4507 3531 4591 illum

131 4614 166 4656 a
217 4585 554 4673 prOposito
611 4586 1002 4673 difﬁcultatis
1057 4587 1726 4673 scopo_convicioru_m
1788 4588 2133 4673 proprieeve
2193 4588 2492 4673 lmsiopis
2543 4605 2758 4673 sensus
2813 4588 3158 4673 avocabat:
3219 4585 3534 4673 sed‘satis

133 4665 247 4735 sibi
309 4665 556 4736 factum
611 4667 1032 4738 existimabat,
1093 4665 1142 4725 si
1201 4667 1295 4726 vel
1359 4667 1594 4745 proprii
1653 4665 1923 4728 honoris
1972 4669 2297 4745 dispendio
2355 4668 2646 4728 Ecclesiae
2704 4673 2765 4726 et
2811 4667 3089 4726 veritatis
3137 4666 3284 4743 jura
3342 4665 3535 4746 (quod

131 4773 335 4817 unum
401 4752 521 4814 sibi
575 4751 655 4810 ob
705 4749 920 4809 oculos
976 4746 1278 4825 ponebat)
1339 4748 1724 4808 asseruisset.
1791 4750 1856 4808 In
1892 4749 2247 4808 refellendis
2307 4749 2494 4807 etiam
2547 4748 2983 4807 haereticorum
3030 4749 3417 4823 argumentis
3445 4746 3532 4805 ita

129 4857 190 4897 se
250 4835 526 4918 gerebat
570 4833 808 4918 _Doctor
865 4831 1149 4918 sanctus,
1199 4833 1269 4918 ut_
1324 4846 1448 4887 non
1480 4832 1724 4888 tantum
1780 4846 1995 4918 eorum
2039 4829 2298 4918 animos
2355 4845 2725 4918 exasperare
2773 4846 2973 4918 quam
3030 4828 3301 4918 maxime
3347 4844 3534 4918 cave-

129 4905 289 4994 ret;
328 4915 444 4980 sed
486 4911 714 4994 etiam,
777 4911 1083 4994 quantum
1253 4907 1388 4986 ipso
1445 4914 1602 4981 erat,
1661 4927 1769 4969 eos
1818 4908 1897 4968 ad
1927 4908 2206 4994 veritatis
2236 4909 2621 4994 agnitionem
2667 4905 3148 4994 mollioribuset
3194 4905 3531 4994 humanio-

129 4987 302 5062 ribus
363 4993 575 5056 verbis
630 4997 693 5050 et
747 4987 1276 5071 appellationibus
1335 5006 1626 5071 revocare
1683 4995 2035 5071 conaretur.
2097 4991 2274 5048 Hunc
2329 4988 2557 5066 agendi
2615 4988 2868 5047 modum
2902 5067 2914 5071 _
2947 4988 3158 5047 statim
3216 4987 3294 5048 ab
3351 4987 3531 5054 initio

129 5073 683 5141 concertationum
742 5087 999 5129 suarum
1055 5068 1191 5148 sibi,
1230 5069 1578 5146 proposuit,
1640 5067 1747 5129 uti'
1783 5070 1917 5148 ipse
1975 5074 2294 5129 testatur:
2361 5092 2390 5124 «
2448 5072 2646 5128 Deum
2706 5067 2919 5145 rogavi
2985 5074 3047 5127 et
3106 5085 3279 5144 rogo,
3343 5073 3413 5127 ut
3466 5072 3532 5134 in

135 5182 164 5217 α
219 5154 580 5221 refellenda
635 5157 695 5211 et
749 5148 1126 5209 revincenda
1181 5147 1404 5208 haeresi
1461 5156 1690 5223 vestra,
1753 5147 1852 5209 cui
1898 5156 1959 5209 et
2015 5169 2129 5208 nos
2185 5149 2448 5208 fortasse
2497 5148 2957 5227 imprudentius
3013 5166 3203 5225 quam
3262 5147 3530 5214 malitio-

134 5264 163 5295 «
222 5243 359 5302 sius
424 5230 796 5302 adhmsistis,
857 5229 962 5288 det
1020 5227 1174 5287 mihi
1232 5235 1502 5288 mentem
1559 5235 1850 5306 pacatam
1917 5235 2106 5308 atque
2167 5228 2598 5307 tranquillam,
2657 5233 2715 5287 et
2772 5228 2972 5305 magis
3028 5227 3104 5287 de
3136 5232 3341 5288 vestra
3397 5249 3531 5292 cor-

135 5344 162 5375 ‹‹
219 5319 533 5387 rectione,
593 5329 783 5391 quam
832 5308 908 5392 de
935 5308 1338 5392 subversione
1369 5310 1768 5392 cogitantem.
1805 5312 2175 5392 Quanquam
2209 5310 2373 5392 enim
2409 5309 2709 5369 Dominus
2740 5325 3088 5392 perservos
3136 5327 3282 5368 suos
3338 5328 3534 5392 regna

136 5426 165 5456 ‹‹
195 5402 535 5463 subvertet
562 5388 826 5454 erroris:
858 5391 1027 5468 ipsos
1057 5395 1267 5469 tamen
1296 5388 1605 5461 homines,
1637 5391 1701 5449 in
1734 5396 2037 5469 quantum
2099 5390 2384 5449 homines
2432 5395 2619 5469 sunt,
2657 5388 3081 5469 emendandos
3107 5468 3111 5469 ν
3137 5405 3270 5448 esse
3327 5388 3532 5469 poiiug

136 5426 165 5456 ‹‹
195 5409 826 5463 subvertaterroris:
858 5409 1027 5468 lpSOS
1057 5409 1267 5448 tamen
1296 5409 1605 5461 nomines,
1637 5409 1701 5449 1n
1780 5409 2037 5450 uantum
2099 5409 2384 5449 nomines
2432 5409 2597 5459 sunt,
2657 5409 3081 5448 emenoanoos
3137 5409 3270 5448 esse
3327 5409 3531 5469 ponus

77 5507 163 5562 ᾗδι.
194 5500 400 5562 quam
439 5473 784 5562 perdendes
807 5471 1044 5562 jubet»
1079 5469 1100 5547 (
1132 5468 1262 5562 ζλίὸ.
1297 5478 1501 5562 contra
1531 5409 1863 5562 βριὲιοῖαηι
1898 5469 2218 5530 Manio/mi
2241 5489 2371 5550 cap.
2409 5469 2493 5548 1).
2524 5467 2774 5530 Utinam
2811 5467 2917 5546 qui
2975 5467 3120 5528 ﬁdei
3165 5475 3531 5535 controver-

75 5549 259 5641 ξςδὶδέ
293 5549 598 5626 tractant,
630 5552 850 5641 eodem
886 5550 1095 5641 animo
1127 5549 1542 5641 ducerentur!

77 5629 121 5718 Ξ
212 5643 348 5703 Etsi
419 5654 607 5718 porro
663 5634 725 5718 in
763 5632 1097 5718 omnibus
1130 5629 1818 5718 Augustiniuoperibus
1894 5649 2140 5690 summa
2195 5629 2328 5718 ej‘us
2389 5629 2667 5718 facultas
2701 5629 2922 5718 elucet,
2987 5629 3271 5718 nonnihil
3324 5638 3535 5718 tamen

77 5709 811 5801 Emajorisisplendoris
860 5710 1206 5801 catholicae
1257 5710 1392 5789 ejus
1452 5709 1933 5801 disceptationes
1962 5731 2088 5801 prce
2146 5730 2208 5801 se
2239 5712 2494 5801 ferunt,
2554 5709 2714 5801 utin
2763 5709 2938 5801 bello
2996 5716 3057 5768 et
3087 5711 3304 5801 praelio
3335 5714 3537 5801 magis

141 5789 339 5881 quam
425 5789 519 5859 in'
569 5813 718 5874 pace
751 5792 1062 5881 “militum
1094 5791 1292 5850 virtus
1349 5789 1674 5881 probatur.
1735 5793 1802 5852 In
1858 5791 2011 5881 ipsis
2068 5792 2230 5881 enim
2264 5791 2527 5881 .scriptis
2573 5791 2782 5881 vishet
2828 5807 3090 5881 acumen
3141 5790 3374 5881 ingenii
3432 5789 3542 5855 do-

81 5855 364 5961 £2615,
403 5855 702 5949 eruditio,
749 5873 1213 5952 Scripturarum
1258 5855 1504 5954 peritia,
1554 5855 1935 5954 eloquentia,
1988 5870 2321 5953 prudentia
2367 5855 2428 5931 et
2458 5869 2821 5946 dexteritas,
2853 5876 2923 5931 ut
2968 5869 3033 5930 in
3063 5855 3322 5952 proprio
3348 5889 3540 5952 argu.

63 5965 112 6002 τ

79 6011 109 6044 :2

55 6053 107 6127 Ξ

57 6175 106 6232 33

56 6264 104 6328 ’⁷-3

467 6017 731 6080 PATROL.
779 6009 960 6074 XLII.
1576 6075 1598 6090 η
1645 6080 1708 6090 Α
1741 6081 1794 6090 Α
1863 6084 1883 6090 _
1920 6087 1965 6090 η
2030 6085 2045 6090 _

1645 6080 1794 6090 --λ
3187 6008 3220 6090 ι
