4012 6506
468 411 538 468 li
1945 407 2389 467 ΡιίλΕῈΑΤΙΟ.
3791 408 3864 469 12

468 546 682 602 mento
711 539 921 601 lumen
953 559 1134 600 suum
1165 540 1506 619 explicant,
1539 539 1686 599 dum
1723 538 2078 617 urgentium
2109 538 2609 600 adversariorum
2641 537 2912 617 impetus
2942 553 3160 598 omnes
3189 536 3382 598 animi
3413 556 3635 602 nervos
3658 540 3738 601 ad
3761 559 3867 603 eos

464 621 872 682 debellandos
902 622 1176 681 excitant
1205 630 1266 682 et
1297 621 1627 699 proritant.

543 703 833 782 Jamvero
889 703 1189 780 quoniam
1247 697 1430 782 plura
1485 707 1631 761 sunt
1683 699 2017 782 Augustini
2074 699 2388 782 Polemica
2427 698 2773 782 iopuscula,
2826 715 3026 782 quam
3081 697 3268 782 utin
3330 717 3520 759 unum
3571 701 3866 782 volumen

461 783 602 860 cogi
634 781 875 860 possint
898 778 926 854 ;“
974 783 1140 842 eain
1199 778 1410 860 plures
1441 793 1644 842 tomos
1693 781 1914 860 partiri
1942 781 2361 841 necessarium
2413 781 2553 840 fuit.
2615 782 2691 840 Et
2746 778 2986 857 primus
3044 779 3300 856 quidem
3350 798 3422 860 ea
3477 800 3618 858 qua
3651 781 3867 843 adver-

459 859 564 923 sus
610 859 1012 935 Manichaos,
1073 862 1598 935 Priscillianistas,
1658 859 1719 921 et
1776 861 2042 922 Arianos
2090 861 2344 921 condita
2391 866 2536 920 sunt
2592 860 3081 939 complectetur:
3145 859 3221 919 de
3268 859 3496 938 quibus
3553 861 3655 922 hic
3713 863 3870 922 mul-

459 943 537 1002 tis
595 942 847 1020 prafari
908 942 1178 1002 otiosum
1253 949 1314 1003 et
1385 959 1937 1022 supervacaneum,
2002 942 2234 1016 fuerit;
2318 960 2459 1001 cum
2535 941 2738 1022 primo
2803 939 2941 999 loco
3017 957 3148 999 sese
3231 939 3455 1022 offerat
3510 944 3865 1022 Augustini

454 1022 614 1162 iibir
669 1024 747 1083 de
795 1023 1171 1101 Haresibus,
1231 1023 1296 1084 in
1353 1021 1478 1102 quo
1536 1023 1863 1084 historiam
1925 1021 2146 1084 harum
2207 1022 2619 1100 omniumque
2681 1021 3003 1081 hareseon
3060 1021 3433 1100 compendio
3487 1021 3866 1103 descriptam

481 1121 550 1162 ec
583 1121 656 1162 or
681 1103 975 1162 inveniet.

481 1106 656 1164 ector
681 1103 975 1163 inveniet.

538 1183 1030 1244 Manichaorum
1107 1181 1422 1256 haresim,
1498 1201 1624 1260 qua
1696 1181 1994 1260 deceptus
2068 1188 2258 1261 atque
2331 1180 2615 1261 imbutus
2673 1181 2879 1241 fuerat
2935 1179 3324 1261 adolescens,
3385 1179 3596 1261 statim
3656 1200 3694 1242 a
3750 1201 3865 1244 suo

453 1261 772 1342 baptismo
830 1281 1119 1341 agressus
1175 1270 1267 1324 est
1325 1261 1793 1323 strenuissimus
1850 1263 2047 1342 pugil,
2107 1260 2388 1342 quinque
2463 1260 2637 1322 libris
2701 1261 2765 1321 in
2823 1279 2930 1342 eos
2986 1260 3169 1342 editis
3225 1279 3452 1342 nempe
3507 1260 3584 1322 de
3639 1261 3864 1324 Libero

452 1341 758 1418 Arbitrio,
819 1343 896 1403 de
954 1344 1173 1405 Genesi
1232 1349 1454 1404 contra
1529 1342 1927 1416 Manichaos,
1952 1341 1961 1342 ⁷⁷
1991 1344 2066 1403 de
2125 1341 2402 1405 Moribus
2459 1342 2751 1402 Ecclesia
2802 1341 3149 1413 catholica,
3211 1341 3289 1401 de
3348 1341 3622 1402 Moribus
3661 1343 3865 1404 Mani-

457 1423 802 1495 chaorum,
864 1430 926 1484 et
960 1425 1036 1484 de
1093 1443 1241 1484 vera
1300 1423 1670 1501 Religione:
1733 1442 1890 1502 quos
1946 1424 2097 1500 quia
2155 1424 2510 1502 neophytus
2567 1429 2629 1482 et
2672 1424 2951 1482 nondum
3007 1422 3766 1502 presbytercomposuit,
3798 1425 3865 1484 in

465 1506 669 1583 primo
726 1511 921 1576 tomo,
981 1510 1050 1564 ut
1105 1505 1170 1564 in
1223 1511 1411 1565 antea
1469 1501 1769 1580 vulgatis,
1818 1504 2208 1582 reliquimus.
2270 1501 2395 1564 Hos
2451 1503 2641 1563 libros
2695 1503 2947 1562 nomine
3004 1501 3414 1583 Pentateuchi
3461 1509 3681 1562 contra
3739 1506 3866 1565 Ma-

462 1581 742 1645 nichaos
800 1584 1086 1662 designat
1133 1584 1436 1645 Paulinus
1461 1584 1524 1644 in
1554 1584 1839 1663 Epistola
1885 1581 1971 1646 25’
2017 1585 2180 1645 inter
2233 1584 2743 1662 Augustinianas,
2806 1583 3148 1661 laudatque
3187 1583 3265 1663 in
3328 1581 3493 1663 hunc
3553 1583 3856 1644 modum:

461 1688 488 1723 α
548 1668 595 1725 Ο
656 1665 917 1724 lucerna
968 1665 1154 1743 digne
1213 1684 1404 1744 supra
1461 1662 1908 1725 candelabrum
1965 1665 2253 1726 Ecclesia
2289 1664 2513 1743 posita,
2547 1682 2688 1743 qua
2733 1664 2855 1724 late
2904 1662 3229 1723 catholicis
3258 1662 3516 1722 urbibus
3549 1664 3626 1724 de
3669 1665 3861 1743 septi-

458 1767 488 1804 α
547 1745 732 1804 formi
788 1745 1018 1824 lychno
1079 1752 1330 1824 pastum
1389 1745 1528 1805 oleo
1586 1745 1820 1805 latitia
1883 1746 2093 1806 lumen
2153 1745 2504 1816 effundens,
2581 1746 2806 1804 densas
2863 1744 3004 1803 licet
3062 1744 3866 1824 hareticorumpcaligines

456 1850 486 1881 «
547 1822 827 1897 discutis,
880 1831 940 1884 et
995 1822 1199 1887 lucem
1264 1826 1548 1886 veritatis
1605 1844 1644 1885 a
1700 1826 2066 1886 confusione
2100 1827 2501 1886 tenebrarum
2563 1825 2896 1902 splendore
2957 1824 3215 1884 clarifici
3274 1822 3578 1883 sermonis
3637 1824 3864 1886 enubi-

457 1930 488 1961 «
545 1906 671 1965 last
711 1928 739 1960 »
791 1907 1104 1966 Hactenus
1136 1907 1442 1966 Paulinus
1492 1906 1567 1965 de
1617 1906 1836 1984 primis
1881 1906 2004 1966 illis
2060 1908 2124 1966 in
2183 1906 2562 1966 Manichaos
2602 1905 2886 1983 scriptis;
2940 1904 3006 1963 in
3063 1904 3290 1982 quibus
3349 1905 3401 1962 si
3455 1910 3702 1964 tantum
3763 1905 3864 1966 lu-

451 1985 637 2045 minis
695 2003 768 2044 ac
819 1986 1169 2065 splendoris
1202 1985 1644 2065 deprehendit,
1679 1987 1829 2064 quid
1861 1986 1937 2045 de
1994 1986 2133 2047 aliis
2162 1986 2709 2064 subsequentibus,
2743 2003 2884 2063 qua
2915 2002 3247 2063 progressu
3292 1984 3592 2063 temporis
3621 1985 3865 2064 majore

449 2065 778 2144 diligentia
810 2071 872 2126 et
898 2085 1107 2126 rerum
1141 2085 1255 2127 usu
1285 2067 1362 2126 ab
1393 2067 1743 2144 Augustino
1775 2065 2028 2126 condita
2060 2073 2227 2139 sunt,
2260 2066 2746 2145 exspectandum
2778 2065 2923 2125 est?

530 2143 617 2206 Ex
675 2146 775 2226 his
824 2147 1113 2226 primum
1190 2148 1358 2225 quod
1418 2166 1456 2206 a
1504 2143 1800 2224 suscepto
1858 2149 2208 2207 sacerdotio
2265 2143 2622 2226 composuit
2677 2145 2743 2204 in
2799 2145 3077 2226 gratiam
3129 2143 3319 2226 amici
3370 2144 3466 2226 sui
3526 2145 3860 2226 Honorati,

449 2227 558 2304 qui
615 2225 1105 2287 Manichaorum
1164 2223 1481 2288 erroribus
1542 2223 1896 2296 tenebatur,
1959 2227 2037 2286 de
2093 2227 2375 2289 Utilitate
2413 2223 2724 2287 credendi
2798 2225 3137 2303 inscripsit,
3218 2223 3325 2284 ubi
3382 2224 3479 2284 his
3539 2225 3865 2302 praclaris

453 2325 600 2366 usus
659 2313 753 2366 est
811 2307 1036 2379 verbis,
1097 2326 1239 2386 qua
1293 2308 1358 2367 in
1416 2308 1621 2367 fronte
1679 2307 2142 2368 Polemicorum
2181 2309 2378 2386 ipsius
2408 2325 2669 2386 operum
2705 2305 2992 2386 adhiberi
3023 2312 3364 2364 merentur.
3401 2328 3428 2358 α
3465 2305 3614 2374 Quae
3646 2312 3716 2364 ut
3745 2306 3866 2367 tibi

449 2411 478 2442 «
536 2387 799 2465 prosint,
863 2393 973 2448 aut
1022 2385 1187 2447 certe
1245 2386 1404 2447 nihil
1463 2387 1691 2464 obsint,
1755 2388 2172 2466 omnibusque
2208 2385 2514 2460 omnino,
2576 2405 2844 2465 quorum
2905 2385 2969 2445 in
3020 2404 3241 2445 manus
3274 2386 3431 2445 forte
3463 2386 3856 2466 devenerint,

449 2491 480 2522 «
541 2473 603 2527 et
659 2467 877 2546 rogavi
932 2469 1158 2539 Deum,
1221 2473 1282 2527 et
1338 2486 1542 2544 rogo;
1604 2473 1902 2546 et'spero
1961 2465 2256 2538 ita’fore,
2317 2468 2368 2527 si
2424 2469 2583 2528 bene
2640 2466 2797 2526 mihi
2855 2467 3138 2526 conscius
3169 2484 3329 2537 sum,
3375 2465 3542 2544 quod
3576 2467 3654 2525 ad
3687 2466 3863 2528 hunc

448 2571 478 2603 «
537 2547 749 2607 stilum
806 2547 912 2625 pio
966 2554 1031 2608 et
1060 2547 1340 2609 officioso
1399 2549 1635 2616 animo,
1697 2569 1820 2608 non
1886 2549 2029 2608 vani
2085 2549 2355 2608 nominis
2411 2548 2798 2627 appetitione
2857 2554 2980 2627 aut
3018 2547 3368 2627 nugatoria
3420 2547 3863 2608 ostentationis

449 2649 478 2686 α
535 2629 828 2688 accessi»
891 2627 1071 2708 (Cap.
1128 2628 1208 2707 1).
1273 2631 1420 2688 Post
1474 2628 1608 2688 hac
1664 2630 1916 2689 eosdem
1972 2629 2354 2690 Manichaos
2406 2625 2615 2690 denuo
2673 2626 3018 2704 exagitavit
3072 2627 3240 2686 edito
3298 2625 3458 2685 libro
3490 2627 3566 2685 de
3597 2627 3860 2708 Duabus

439 2709 714 2783 Naturis,
774 2707 1044 2787 quarum
1103 2708 1398 2768 dicebant
1454 2727 1644 2768 unam
1700 2715 1945 2788 partem
2002 2710 2113 2770 Dei
2169 2728 2320 2780 esse,
2385 2710 2648 2770 alteram
2708 2709 2784 2768 de
2817 2714 3002 2788 gente
3033 2708 3434 2788 tenebrarum
3467 2724 3659 2788 :Aqua
3691 2707 3854 2767 deli-

436 2795 727 2848 ramenta
783 2786 1127 2868 perspicuis
1183 2795 1246 2848 et
1301 2808 1338 2849 a
1393 2788 1630 2848 lumine
1688 2786 1961 2850 naturali
2016 2789 2224 2867 petitis
2257 2788 2602 2850 rationibus
2661 2788 2745 2846 sic
2803 2787 3020 2858 eludit,
3055 2793 3123 2845 ut
3156 2787 3353 2863 magis
3398 2786 3641 2846 animos
3669 2806 3850 2847 com-

441 2870 774 2939 movendo,
811 2887 1000 2947 quam
1051 2869 1456 2947 disputando,
1518 2870 1908 2929 adversarios
1962 2871 2042 2929 ad
2099 2869 2376 2929 veritatis
2435 2870 2818 2946 agnitionem
2879 2869 3175 2927 reducere
3232 2868 3562 2940 videatur;
3618 2868 3847 2929 dolens

449 2947 702 3009 interim
772 2948 944 3027 quod
998 2949 1148 3009 olim
1206 2950 1458 3010 easdem
1511 2949 1784 3009 rationes
1832 2967 1956 3008 non
2012 2949 2420 3022 adhibuisset,
2454 2956 2523 3009 ut
2570 2967 2648 3009 ne
2703 2949 2766 3008 in
2825 2948 3209 3026 pravissima
3257 2954 3440 3007 secta
3499 2948 3845 3024 perniciem

429 3029 772 3089 laberetur.
827 3030 934 3088 His
963 3047 1154 3107 porro
1211 3029 1461 3108 scriptis
1517 3036 1577 3088 et
1633 3030 1928 3107 gravibus
1985 3031 2110 3089 suis
2168 3031 2246 3089 ad
2307 3031 2609 3109 populum
2667 3029 3074 3088 concionibus
3130 3029 3218 3086 ita
3295 3027 3577 3086 omnium
3645 3029 3710 3088 in
3767 3048 3837 3090 se

429 3109 914 3170 admirationem
993 3110 1311 3183 excitavit,
1387 3116 1457 3169 ut
1529 3109 1702 3168 illam
1772 3128 2026 3170 causam
2088 3110 2325 3170 salvam
2380 3117 2440 3171 et
2498 3128 2715 3170 sanam
2777 3112 3145 3188 reputarent
3200 3126 3441 3177 omnes,
3495 3125 3685 3185 quam
3742 3109 3846 3169 vir

429 3196 623 3249 tanta
684 3189 1130 3269 moderationis
1188 3196 1250 3250 et
1307 3189 1699 3262 sinceritatis,
1761 3197 1952 3250 tanta
1983 3191 2285 3250 doctrina
2312 3196 2372 3250 et
2413 3189 2786 3269 eloquentia
2837 3193 3320 3268 propugnasset.
3358 3188 3513 3246 Hinc
3543 3194 3636 3247 est
3669 3193 3846 3268 quod

430 3270 718 3348 Hippone
766 3268 1014 3350 civitate
1061 3287 1173 3348 per
1221 3273 1636 3330 Fortunatum
1687 3271 2122 3350 presbyterum
2177 3268 2595 3330 manichaum
2667 3288 2961 3347 magnam
3031 3274 3273 3347 partem
3336 3275 3654 3344 corrupta,
3713 3288 3845 3330 non

431 3351 617 3411 modo
674 3349 1003 3421 Catholici,
1065 3350 1174 3411 sed
1229 3357 1289 3411 et
1338 3349 1997 3411 Donatista’sanctum
2043 3355 2372 3412 Doctorem
2432 3352 2512 3411 ad
2572 3350 2957 3428 singularem
3016 3368 3156 3408 cum
3216 3367 3289 3428 eo
3348 3350 3841 3425 disputationem

429 3431 857 3490 adduxerint:
935 3449 1013 3491 ex
1088 3449 1214 3508 qua
1287 3430 1376 3490 ita
1449 3431 1810 3492 debilitatus
1883 3438 1945 3492 et
1998 3432 2233 3492 fractus
2307 3433 2560 3492 recessit
2634 3427 3040 3502 Fortunatus,
3101 3435 3170 3489 ut
3217 3427 3351 3506 ejus
3412 3429 3843 3507 pestilentissi-

432 3530 533 3571 mo
594 3510 888 3590 contagio
962 3509 1393 3590 Hipponenses
1450 3529 1669 3570 omnes
1737 3511 2029 3590 deinceps
2086 3513 2422 3571 caruerint.
2482 3511 2801 3571 Possidius
2860 3509 3154 3570 describit
3211 3527 3581 3590 prosperum
3643 3510 3844 3570 fortu-

429 3588 1209 3672 natumque‘successumi
1246 3589 1506 3669 hujusce
1557 3591 1908 3652 collationis
1960 3588 2056 3671 (In
2128 3593 2256 3652 Vita
2312 3593 2497 3672 Aug.,
2563 3610 2693 3672 cap.
2753 3591 2848 3672 6),_
2899 3590 3078 3669 cujus
3117 3594 3262 3648 acta
3318 3588 3838 3672 hic__rel‘eruntur

427 3689 502 3731 ex
561 3668 788 3750 quibus
843 3672 1140 3732 discimus
1199 3668 1516 3732 hominem
1575 3668 2089 3749 loquacissimum
2132 3674 2211 3732 ad
2270 3668 2463 3732 unum
2521 3668 2856 3750 Augustini
2912 3675 3350 3750 argumentum
3413 3668 3604 3748 (idem
3663 3671 3831 3730 scili-

423 3759 522 3811 cet
581 3749 748 3831 quod
808 3751 957 3811 olim
1007 3770 1045 3811 a
1099 3751 1392 3812 Nebridio
1454 3752 1739 3812 audierat
1769 3752 1871 3831 [a])
1927 3752 2016 3812 ita
2073 3753 2486 3825 obmutuisse,
2545 3749 2916 3830 ut’captato
2966 3767 3075 3828 per
3121 3749 3390 3831 speciem
3424 3768 3828 3831 suosconsu-

421 3829 918 3893 lendi‘asseclas
975 3833 1054 3891 ad
1115 3833 1619 3910 respondendum
1678 3829 1907 3911 spatio,
1966 3834 2136 3911 turpi
2192 3836 2345 3911 fuga
2403 3852 2478 3893 ex
2537 3833 2690 3892 urbe
2743 3829 3058 3910 Hippone,
3123 3829 3354 3890 nedum
3383 3847 3452 3888 ex
3489 3829 3828 3892 collatione

419 3913 754 3990 aufugerit,
814 3931 1139 3990 nunquam
1198 3931 1272 3972 eo
1331 3913 1665 3972 rediturus.
1729 3916 1985 3973 Patrata
2045 3913 2162 3973 hac
2223 3914 2504 3985 victoria,
2569 3913 2912 3991 aliquando
2943 3917 3082 3990 post
3141 3928 3474 3991 procusum
3528 3917 3622 3970 est
3674 3930 3831 3990 opu-

411 3993 656 4052 sculum
691 3999 910 4054 contra
954 3993 1400 4052 Adimantum:
1458 4012 1583 4071 quo
1637 3993 1698 4053 in
1757 4012 1946 4072 opere
2003 3994 2246 4054 Veteris
2303 4013 2375 4054 ac
2433 3994 2588 4054 Novi
2643 3990 3028 4054 Testamenti
3086 3992 3224 4051 loca
3263 3990 3448 4052 simul
3479 3991 3828 4051 concilian-

412 4078 531 4211 turi,
594 4074 943 4212 saéiséitque
973 4073 1499 4212 tcavillationibus
1552 4092 1708 4152 quas
1777 4071 1852 4135 ex
1914 4075 2066 4134 locis
2123 4075 2247 4134 illis
2304 4080 2621 4135 veterator
2675 4075 2812 4146 iste,
2878 4071 3204 4133 Manichai
3259 4072 3581 4152 quondam
3629 4072 3824 4133 disci-

412 4171 492 4212 nu
525 4172 619 4212 us.
697 4174 727 4212 e
779 4172 969 4212 uxera
1009 4201 1020 4212 .

456 4155 619 4226 ulus,
652 4155 1020 4214 deduxerat.

456 4171 597 4212 unus
652 4171 1020 4214 deduxerat.

409 4171 449 4231 Ρ
488 4200 658 4294 idem
713 4234 778 4294 in
836 4232 1215 4295 Manichaos
1274 4239 1591 4293 certamen
1651 4239 2020 4313 prosecutus
2079 4241 2172 4294 est
2226 4236 2614 4312 Augustinus
2664 4231 2798 4312 jam
2873 4233 3224 4312 episcopus,
3285 4229 3628 4313 refellendo
3686 4231 3821 4310 pri-

408 4330 576 4373 mum
665 4314 994 4374 Manichai
1066 4314 1452 4392 Epistolam,
1535 4311 1954 4374 Fundamenti
2034 4311 2459 4393 appellatam,
2541 4315 2604 4374 in
2664 4332 2790 4392 qua
2869 4313 3057 4374 totius
3101 4311 3818 4393 'perversaudoctrina

405 4411 653 4454 summa
710 4395 1172 4465 continebatur,
1231 4395 1294 4453 id
1352 4401 1442 4455 est
1501 4416 1530 4450 α
1588 4395 1889 4455 doctrina
1945 4391 2217 4463 initi—uin,
2281 4395 2581 4466 medium,
2645 4391 2706 4454 et
2777 4394 2938 4467 finis,
2998 4417 3027 4447 ››
3085 4391 3353 4453 testante
3384 4391 3587 4451 Felice
3620 4394 3820 4453 mani-

404 4471 580 4535 chao
638 4473 796 4554 (Lib.
840 4477 876 4534 2
930 4473 998 4536 de
1052 4473 1216 4534 Actis
1273 4494 1402 4533 cum
1459 4473 1670 4544 Felice,
1733 4495 1862 4554 cap.
1900 4476 1980 4553 l).
2042 4477 2218 4536 Unde
2277 4482 2452 4535 tanta
2510 4476 2589 4534 ab
2645 4474 2799 4554 ipsis
2857 4473 3217 4534 Manichais
3273 4471 3622 4554 reverentia
3679 4473 3819 4554 hac

400 4552 669 4631 epistola
723 4555 1070 4633 legebatur,
1136 4562 1202 4612 ut
1258 4573 1384 4613 non
1437 4555 1554 4614 nisi
1610 4556 1689 4615 ab
1746 4552 2060 4616 inclinatis
2118 4557 2481 4615 disceretur.
2543 4556 2643 4615 Sic
2675 4552 2864 4615 ﬁenim
2899 4555 3170 4614 habetur
3198 4553 3299 4613 hic
3357 4553 3531 4612 locus
3561 4552 3624 4611 in
3653 4553 3821 4633 duo-

396 4634 517 4694 bus
592 4632 851 4696 vetustis
925 4634 1412 4712 exemplaribus,
1493 4659 1521 4690 «
1583 4635 1905 4695 Inclinatis
1981 4636 2415 4696 discebatura
2487 4633 2705 4695 nobis:
2767 4659 2796 4689 »
2870 4635 3118 4694 tametsi
3167 4635 3354 4693 aliam
3415 4632 3815 4710 pratulimus

394 4713 728 4776 lectionem
764 4736 840 4776 ex
871 4716 1124 4793 optima
1157 4722 1321 4774 nota
1352 4715 1564 4774 codice
1621 4715 1998 4784 Corbeiensi,
2061 4718 2264 4793 «Ipsa
2296 4717 2461 4776 enirn
2519 4715 2698 4774 nobis
2753 4715 2862 4775 illo
2913 4721 3195 4793 tempore
3255 4714 3496 4773 miseris
3554 4715 3814 4791 quando

401 4815 428 4852 α
460 4793 622 4855 lecta
657 4802 766 4869 est,
803 4795 1140 4855 illuminati
1175 4795 1542 4854 dicebamur
1571 4813 1606 4854 a
1641 4796 1814 4857 vobis
1843 4819 1871 4852 ι)
1910 4795 2064 4873 (Lib.
2099 4807 2307 4856 contra
2337 4797 2535 4875 Epist.
2572 4795 2834 4855 Manich.
2870 4815 3003 4874 cap.
3038 4798 3123 4874 5).

472 4875 565 4935 Ab
654 4876 770 4936 hac
821 4875 1261 4936 lucubratione
1321 4876 1482 4935 forte
1535 4893 1659 4935 non
1719 4877 1809 4936 ita
1869 4869 2110 4953 pridem
2174 4869 2429 4936 manum
2491 4882 2845 4936 removerat
2901 4869 3306 4953 A'ugu'stinus,
3366 4891 3527 4953 cum
3567 4869 3807 4933 Catho-

383 4950 486 5014 lici
522 4955 702 5015 aliud
770 4957 974 5016 eidem
1036 4975 1196 5016 onus
1265 4955 1624 5034 imponunt,
1689 4964 1754 5016 ut
1812 4950 2048 5016 scilicet
2108 4961 2516 5035 responderet
2574 4956 2654 5014 ad
2728 4956 2959 5016 librum
3005 4950 3249 5016 'Fausti
3305 4951 3807 5035 Manichaorum

385 5035 486 5112 cpi
509 5035 680 5115 scopi
737 5042 1064 5115 tantopere
1121 5054 1158 5095 a
1216 5033 1762 5114 suis’pradicati;
1831 5059 1857 5093 «
1917 5036 2096 5115 cujus
2154 5033 2332 5097 nobis
2391 5037 2720 5109 adventus,
2781 5038 2868 5097 ait
2922 5036 3331 5115 Augustinus,
3370 5033 3450 5092 ad
3481 5033 3808 5115 explican-

390 5135 420 5167 «
479 5115 560 5176 da
612 5112 821 5177 omnia
879 5112 1020 5196 qua
1078 5135 1190 5176 nos
1251 5112 1587 5176 movebant
1643 5115 1822 5196 quasi
1883 5117 1960 5176 de
1999 5112 2181 5177 'coclo
2237 5117 2723 5197 promittebatur
2781 5141 2809 5172 »
2875 5112 3135 5197 (Libfde
3168 5114 3439 5197 Utililate
3497 5112 3797 5188 credendi,

382 5211 528 5277 cap.
595 5198 678 5276 8).
730 5199 959 5258 Verum
1031 5201 1158 5256 tam
1242 5197 1592 5274 magniﬁcis
1665 5197 1989 5276 promissis
2063 5217 2191 5257 non
2240 5196 2427 5259 ’bcne
2505 5197 2829 5277 respondit
2900 5205 3198 5259 eventus:
3260 5196 3387 5277 imo
3447 5211 3593 5277 vero
3651 5210 3804 5277 con-

381 5275 577 5335 traria
623 5272 789 5338 sorte
844 5280 1080 5338 factum
1137 5286 1249 5347 est,
1311 5272 1381 5337 ut
1437 5272 1685 5337 Doctor_
1729 5283 1984 5337 sanctus
2041 5279 2222 5355 quasi
2279 5282 2355 5338 de
2416 5281 2572 5340 calo
2610 5272 2858 5337 'missus
2915 5283 3139 5338 merito
3198 5275 3542 5336 existimari
3599 5272 3803 5355 possit

381 5355 478 5437 ad
522 5358 901 5419 revincenda
959 5362 1313 5418 commenta
1366 5358 1739 5435 ineptissimi
1771 5352 2268 5436 prastigiatoris,
2334 5361 2436 5437 qui
2501 5359 2872 5418 miserandis
2921 5359 3104 5436 nugis
3155 5356 3494 5437 multorum
3549 5352 3800 5437 animos

377 5435 762 5518 seduxerat:
828 5440 1099 5498 maxime
1155 5457 1301 5498 vero
1354 5438 1433 5497 ad
1474 5433 1862 5498 _vindican'da
1920 5433 2198 5498 veterum
2260 5433 2772 5500 Patriarcharum
2835 5433 3289 5518 acta,'quibus
3347 5435 3658 5495 infaustus
3685 5433 3798 5518 ille

375 5513 707 5597 hareticus
767 5521 980 5578 fucum
1037 5519 1242 5578 facere
1315 5523 1686 5578 tentaverat.
1749 5521 1878 5578 Hoc
1937 5520 2001 5578 in
2062 5538 2250 5597 opere
2310 5539 2447 5579 cum
2483 5519 2752 5597 apostoli
2809 5520 2952 5579 Jesu
3014 5513 3243 5579 Christi
3305 5534 3558 5586 nomen,
3619 5516 3795 5592 quod

372 5596 758 5658 Manichaus
789 5599 965 5658 initio
998 5598 1405 5674 epistolarum
1454 5617 1707 5658 suarum
1765 5599 1883 5658 sibi
1939 5596 2277 5670 tribuebat,
2333 5601 2412 5658 ab
2471 5596 2730 5676 indigno
2790 5597 3046 5660 homine
3104 5603 3479 5667 removeret,
3540 5601 3792 5672 tempus

368 5683 605 5758 exorta
663 5679 852 5756 hujus
908 5679 1163 5738 haresis
1225 5678 1406 5738 nobis
1462 5679 1699 5738 indicat
1755 5681 1861 5738 Vir
1919 5686 2192 5748 sanctus,
2260 5680 2470 5758 aitque
2503 5685 2816 5748 constare,
2887 5701 2915 5736 (ι
2970 5699 3097 5739 non
3153 5678 3357 5738 solum
3429 5683 3573 5758 post
3630 5679 3789 5758 Ter-

374 5777 402 5812 α
461 5754 823 5831 tullianum,
860 5838 867 5839 ί
904 5777 1122 5820 verum
1211 5757 1398 5839 etiam
1459 5766 1602 5837 post
1664 5759 2066 5839 Cyprianum
2139 5759 2306 5839 hanc
2371 5754 2672 5820 haresim
2749 5759 2938 5820 fuisse
3014 5766 3300 5821 exortam
3357 5780 3388 5812 »
3445 5754 3605 5836 (Lib.
3675 5756 3782 5830 13,

360 5852 491 5914 cap.
579 5839 665 5918 4).
753 5838 911 5901 Huic
993 5838 1320 5900 sententia
1406 5838 1786 5902 concordat
1834 5838 2250 5920 Epiphanius,
2335 5840 2445 5920 qui
2528 5839 2808 5919 ejusdem
2892 5840 3147 5904 haeresis
3229 5841 3438 5902 ortum
3519 5842 3788 5903 revocat

425 5962 500 6035 ta)
530 5963 664 6018 Vide
694 5966 924 6028 confess.
957 5965 1052 6016 lib.
1086 5968 1134 6028 7,
1164 5977 1281 6030 cap.
1310 5963 1357 6014 2.
