4012 6524
197 503 267 566 13
1678 510 2115 572 PR/EFATIO.
3519 513 3596 575 ﬂ

193 637 546 722 adnonum
608 641 870 702 Gallieni
900 660 1132 702 annum
1166 640 1422 722 (Epz'ph.
1478 641 1582 702 lib.
1633 642 1700 703 de
1756 641 1946 702 Pond.
1982 641 2302 721 etMens.),
2369 644 2475 721 qui
2531 661 2673 703 cum
2733 661 2898 704 anno
2959 643 3189 703 Christi
3245 646 3361 704 262
3421 646 3596 705 coin-

196 720 382 805 cidit.
419 722 728 805 Eusebius
778 741 926 782 vero
982 721 1062 805 ad
1122 720 1369 805 tempus
1426 723 1646 782 Felicis
1703 741 1884 800 papae
1938 729 2001 805 et
2057 724 2423 805 Diocletiani
2483 724 2880 805 imperatoris
2938 723 3205 802 (Euscb.,
3243 724 3341 785 lib.
3377 727 3408 782 7
3459 745 3596 805 cap.

191 801 418 879 30-32),
501 803 610 880 qui
689 809 899 862 tamen
974 802 1052 861 ad
1121 803 1456 879 imperium
1516 821 1639 863 non
1697 804 2004 880 pervenit,
2054 803 2172 862 nisi
2226 803 2354 862 fere
2414 801 2974 882 post—decennium
3025 823 3061 863 a
3118 811 3314 865 morte
3371 801 3598 865 Felicis

195 899 378 959 papa
411 900 555 959 quas
613 883 877 960 contigit
923 900 1088 941 anno
1120 884 1259 942 275.
1319 885 1440 942 Leo
1498 884 1764 960 Magnus
1821 883 2072 960 longius
2129 883 2413 943 eamdem
2474 884 2780 960 originem
2839 885 3190 957 submovet,
3251 885 3331 945 ad
3361 903 3597 945 annum

189 962 434 1043 scilicet
489 981 525 1022 a
582 962 815 1022 Christi
866 963 1320 1023 resurrectione
1377 964 1516 1022 260.
1573 963 1779 1022 Probo
1827 963 2206 1041 imperatore
2261 971 2324 1023 et
2381 964 2642 1023 Paulino
2701 965 2956 1024 consule
3018 963 3153 1043 (Leo
3209 983 3384 1025 serm.
3428 970 3463 1025 2
3521 965 3593 1024 de

185 1041 474 1118 Pentec.).
533 1043 689 1102 Acta
759 1043 1125 1103 Collationis
1193 1062 1336 1102 cum
1395 1043 1597 1103 Felice
1659 1043 2032 1114 manichazo,
2094 1045 2202 1121 qui
2251 1043 2605 1104 Catholicos
2660 1041 3033 1104 seducturus
3092 1063 3231 1103 cum
3293 1045 3582 1118 venisset,

184 1139 294 1199 per
343 1123 764 1199 Augustinum
825 1122 1088 1182 feliciter
1162 1123 1241 1181 ad
1318 1123 1612 1184 Ecclesiae
1666 1124 2172 1184 communionem
2230 1125 2524 1183 reductus
2582 1130 2694 1197 est,
2757 1143 2921 1184 nova
2976 1124 3302 1185 catholicae
3357 1127 3586 1185 verita-

183 1201 261 1261 tis
318 1208 564 1280 tropaea
618 1203 1045 1281 suppeditant,
1081 1203 1300 1264 eodem
1360 1204 1708 1280 Augustino
1770 1203 1926 1264 duce
1983 1209 2323 1282 reportata.
2374 1204 2557 1263 Liber
2609 1204 2686 1264 de
2740 1206 2976 1264 Natura
3031 1204 3180 1264 boni
3209 1205 3590 1266 exsecranda

182 1282 611 1360 quorumdam
665 1283 832 1343 illius
889 1291 1073 1343 sectae
1132 1283 1483 1357 hominum,
1553 1305 1582 1341 α
1637 1302 1764 1343 non
1819 1288 2063 1343 tantum
2122 1284 2185 1343 in
2244 1282 2702 1361 Paphlagonia,
2771 1285 2878 1344 sed
2934 1283 3123 1344 etiam
3181 1284 3245 1343 in
3303 1285 3503 1346 Gallia
3546 1307 3578 1341 »

179 1361 782 1444 degentiumeap.
845 1362 969 1442 47),
1027 1363 1308 1423 facinora
1364 1363 1651 1444 detegit;
1695 1363 2012 1441 habetque
2070 1382 2184 1442 pro
2233 1370 2606 1444 argumento
2664 1369 2732 1422 ut
2787 1366 3100 1438 ostendat,
3161 1371 3452 1425 naturam
3495 1365 3584 1425 in-

179 1442 952 1523 commutabilem‘Deum
1002 1461 1133 1503 esse
1191 1462 1262 1503 ac
1293 1461 1606 1503 summum
1638 1443 1896 1516 bonum,
1958 1449 2145 1520 atque
2202 1443 2281 1503 ab
2338 1443 2447 1503 illo
2504 1462 2634 1504 esse
2697 1451 2955 1504 cateras
3013 1449 3292 1516 naturas,
3352 1463 3585 1523 easque

174 1521 237 1581 in
270 1529 582 1602 quantum
643 1528 884 1584 naturas
941 1529 1087 1582 sunt
1116 1523 1363 1596 bonas;
1426 1530 1556 1583 tum
1618 1523 1769 1601 quid
1829 1523 1928 1583 vel
1983 1523 2148 1584 unde
2210 1524 2289 1583 sit
2334 1523 2590 1595 malum,
2641 1529 2700 1583 et
2761 1530 2997 1602 quanta
3030 1524 3197 1584 mala
3253 1521 3583 1585 Manichaei

175 1607 424 1680 ponant
478 1604 542 1661 in
599 1610 826 1663 natura
891 1603 1060 1676 boni,
1125 1611 1363 1681 quanta
1420 1603 1588 1663 bona
1645 1605 1707 1662 in
1757 1609 1986 1663 natura
2043 1603 2214 1675 mali,
2275 1622 2431 1681 quas
2488 1609 2746 1663 naturas
2804 1604 2982 1663 ﬁnxit
3037 1622 3212 1664 error
3266 1605 3575 1682 ipsorum.

174 1683 460 1759 Denique
492 1691 848 1761 postremus
906 1684 1063 1743 liber
1117 1692 1336 1744 contra
1396 1683 1848 1756 Secundinum,
1910 1685 2211 1761 dogmata
2274 1683 2813 1761 perniciosissimae
2858 1684 3112 1744 haeresis
3141 1684 3387 1762 penitus
3417 1704 3584 1746 ever-

173 1762 266 1834 tit,
331 1762 618 1845 adeoque
676 1783 789 1823 suo
819 1764 1062 1824 auctori
1097 1764 1352 1843 placuit,
1391 1770 1457 1823 ut
1487 1768 1622 1842 ejus
1651 1765 1983 1841 sententia,
2017 1763 2308 1824 omnibus
2339 1782 2482 1843 quas
2512 1765 2810 1824 adversus
2838 1765 3010 1825 illam
3043 1772 3285 1843 pestem
3316 1767 3583 1845 scripse-

169 1851 289 1914 rat,
327 1843 511 1903 facile
546 1861 674 1922 pras
687 1851 1041 1924 poneretur.

249 1943 338 1999 De
374 1939 600 1999 horum
630 1940 908 2000 omnium
958 1940 1334 2018 scriptorum
1376 1939 1680 2018 dignitate
1729 1940 1779 1999 si
1826 1939 1964 2018 quis
2005 1939 2314 2018 judicium
2365 1941 2526 2002 ferre
2571 1940 2740 2014 velit,
2795 1959 2869 2001 ea
2916 1942 3202 2002 conferat
3250 1959 3392 2002 cum
3443 1941 3582 2002 aliis

168 2019 440 2079 aliorum
474 2027 803 2080 auctorum
836 2022 913 2080 de
971 2022 1192 2080 eodem
1243 2026 1615 2098 argumento
1674 2021 2239 2092 lucubrationibus,
2304 2021 2521 2099 quales
2576 2027 2720 2082 sunt
2778 2021 2942 2082 inter
2991 2023 3236 2083 Graecos
3267 2023 3574 2100 Serapion

167 2102 490 2160 Thmueos
518 2102 770 2179 Egypti
808 2101 975 2160 urbis
1007 2101 1362 2178 episcopus,
1403 2122 1431 2158 α
1464 2101 1571 2179 qui
1599 2101 1681 2160 ob
1730 2102 2107 2178 elegantiam
2157 2101 2395 2178 ingenii
2445 2119 2793 2179 cognomen
2844 2102 3214 2162 Scholastici
3263 2104 3509 2168 meruit,
3543 2125 3574 2158 »

167 2180 252 2239 ait
288 2181 710 2254 Hieronymus
745 2180 874 2241 Lib.
911 2181 980 2240 de
1040 2180 1450 2259 Scrz'ptoribus
1506 2181 1974 2260 ecclesiasticis);
2030 2187 2092 2241 et
2141 2181 2441 2259 Dydimus
2487 2182 2968 2255 Alexandrinus,
3018 2183 3194 2244 Titus
3242 2182 3573 2261 episcopus

167 2261 532 2341 Bostrenus,
593 2267 653 2321 et
709 2261 1048 2321 Zacharias
1100 2261 1430 2339 episcopus
1485 2261 1962 2338 Mytilenensis;
2051 2261 2220 2320 inter
2289 2261 2541 2321 Latinos
2614 2261 2966 2322 Victorinus
3048 2263 3241 2322 Afer:
3302 2281 3378 2322 ex
3434 2263 3575 2341 qui-

164 2340 308 2421 bus
341 2341 446 2400 hic
516 2359 552 2400 a
609 2341 945 2402 Sirmondo
1011 2341 1216 2401 editus
1270 2341 1433 2401 inter
1490 2341 1793 2420 opuscula
1848 2341 2208 2419 dogmatica
2264 2348 2542 2402 veterum
2603 2342 2881 2421 quinque
2935 2343 3333 2421 scriptorum,
3393 2340 3485 2404 illi
3541 2360 3578 2403 a

162 2420 416 2482 Canisio
448 2426 601 2480 tom.
634 2424 670 2480 5
701 2422 902 2499 antiq.
939 2421 1085 2480 lect.

241 2518 341 2576 Ad
371 2517 498 2576 alia
531 2517 687 2576 torni
710 2517 897 2594 hujus
927 2517 1160 2595 scripta
1204 2516 1374 2593 quod
1405 2516 1650 2589 attinet,
1683 2536 1844 2577 unus
1875 2519 2072 2578 codex
2102 2518 2211 2596 qui
2244 2517 2372 2577 sive
2404 2537 2575 2590 casu,
2608 2537 2714 2578 seu
2747 2518 2956 2578 dedita
2987 2537 3201 2596 opera,
3245 2519 3308 2578 in
3360 2519 3572 2595 platea

164 2597 490 2656 maritima
518 2597 998 2675 Carthaginensi
1033 2597 1267 2657 venalis
1298 2597 1617 2673 expositus
1649 2603 1803 2667 erat,
1866 2599 2194 2674 cujusdam
2253 2598 2529 2658 haeretici
2580 2599 2878 2675 anonymi
2927 2599 3156 2657 librum
3216 2600 3568 2670 continens,

166 2679 503 2737 materiam
541 2678 811 2756 praebuit
841 2678 1087 2737 duobus
1117 2676 1290 2736 libris
1335 2683 1556 2736 contra
1602 2678 2030 2737 adversarium
2083 2678 2261 2755 Legis
2290 2687 2350 2738 et
2379 2677 2840 2756 Prophetarum
2868 2696 2882 2751 ;
2917 2678 2979 2737 in
3012 2697 3137 2756 quo
3168 2679 3578 2739 Cassiodorus

167 2768 428 2817 senator
458 2758 677 2818 scribit
710 2757 907 2817 multa
937 2757 1013 2817 de
1044 2757 1225 2834 Legis
1257 2756 1483 2816 divina:
1521 2757 1972 2832 quaestionibus
2002 2759 2282 2817 enodari.

249 2855 507 2914 Librum
570 2862 788 2913 contra
842 2853 1346 2914 Priscillianistas
1405 2859 1467 2912 et
1495 2854 1876 2932 Origenistas
1931 2854 2149 2914 Orosio
2207 2859 2531 2931 acceptum
2591 2854 2822 2913 referre
2879 2855 3204 2915 debemus.
3264 2858 3330 2914 in
3389 2853 3576 2932 hujus

164 2936 636 2994 consultatione
694 2935 854 2994 libro
915 2936 1175 3012 praefixa
1236 2933 1599 3010 ambiguam
1660 2935 2000 3010 quamdam
2059 2935 2137 2993 de
2189 2953 2355 2993 anno
2414 2935 2735 2994 recondito
2792 2935 3144 3005 lectionem,
3207 2953 3347 3012 quae
3378 2953 3573 3012 nego-

164 2954 636 2994 consuuauone
694 2954 854 2994 noro
915 2954 1175 3012 praanxa
1236 2954 1599 3010 ambiguam
1660 2954 2000 3010 quamdam
2059 2954 2137 2993 ae
2189 2954 2355 2993 anno
2414 2954 2735 2994 recondito
2792 2954 3144 3005 iecuonem,
3256 2954 3347 2993 uae
3378 2954 3570 3012 nego-

164 3014 325 3073 tium
411 3014 767 3092 legentibus
852 3014 1217 3086 facessebat,
1298 3013 1483 3072 unius
1562 3013 1791 3074 codicis
1874 3033 1992 3093 ope
2077 3015 2480 3073 restituimus.
2572 3016 2727 3074 Nam
2809 3032 2951 3073 cum
2998 3020 3182 3074 antea
3207 2954 3570 3091 ﬁegeretur,

162 3117 191 3147 α
262 3097 463 3154 Terra
509 3095 746 3154 i‘.la.....
808 3095 859 3153 si
914 3095 1199 3154 eamdem
1256 3111 1420 3152 anno
1478 3093 1585 3152 illo
1644 3094 1964 3153 recondito
2023 3095 2190 3172 apud
2241 3100 2300 3153 te
2351 3094 2708 3154 mandando
2744 3111 2757 3165 ;
2791 3115 2819 3149 η
2856 3094 2944 3154 ita
2973 3095 3276 3172 scriptum
3310 3095 3576 3154 habetur

164 3175 228 3232 in
295 3174 494 3234 veteri
569 3174 937 3252 exemplari,
1005 3198 1034 3229 «
1094 3175 1144 3233 si
1201 3192 1338 3232 eam
1393 3173 1470 3231 de
1522 3192 1752 3234 manna
1797 3174 1908 3233 illo
1963 3174 2284 3234 recondito
2345 3181 2410 3233 tu
2465 3175 2633 3251 apud
2667 3192 2763 3233 me
2795 3175 3152 3234 mandando
3183 3183 3245 3234 et
3268 3175 3568 3252 replendo

166 3253 548 3315 visitaveris.
609 3279 638 3308 »
704 3256 852 3326 Quae
912 3254 1105 3313 verba
1163 3253 1242 3313 ab
1291 3253 1509 3314 Orosio
1566 3254 1922 3331 diriguntur
1977 3256 2056 3313 ad
2114 3255 2557 3330 Augustinum,
2611 3254 2686 3313 de
2744 3273 2868 3331 quo
2924 3255 2986 3313 in
3045 3255 3574 3332 consequentibus

163 3335 274 3394 ait.
341 3353 412 3394 se
467 3339 526 3394 et
583 3335 887 3410 plurimos
944 3351 1176 3400 secum,
1239 3338 1309 3392 ut
1361 3333 1689 3410 Augustini
1758 3355 1788 3390 α
1836 3335 2150 3411 eloquium
2211 3337 2379 3393 velut
2413 3352 2514 3392 ros
2543 3350 2733 3410 super
2761 3352 2865 3393 eos
2921 3335 3315 3394 descendat»
3355 3352 3574 3411 exspe-

162 3421 362 3473 ctare.
425 3415 519 3473 Ad
582 3418 716 3474 haec
772 3422 980 3474 autem
1040 3414 1244 3490 elogia
1299 3412 1641 3490 ingenitam
1692 3413 1806 3472 sibi
1865 3415 2231 3474 modestiam
2291 3414 2518 3489 obiecit
2545 3414 2950 3490 Augustinus,
3011 3433 3153 3474 cum
3185 3416 3263 3474 de
3291 3414 3575 3474 obscuris

159 3495 556 3572 quibusdam
625 3495 1076 3572 quaestionibus
1148 3495 1593 3569 interrogatus,
1667 3493 1870 3571 qualis
1945 3501 2037 3554 est
2102 3495 2213 3552 illa
2281 3495 2358 3553 de
2415 3493 2796 3569 Angelorum
2858 3493 3277 3566 distinctione,
3336 3495 3414 3553 ab
3472 3494 3572 3553 his

156 3575 489 3634 solvendis
518 3593 582 3633 se
612 3583 892 3646 excusat,
925 3574 1342 3652 ignorantiam
1372 3573 1641 3649 ingenue
1673 3575 1987 3651 professus
2018 3574 2111 3633 his
2142 3573 2344 3632 verbis
2379 3591 2393 3631 :
2430 3595 2460 3627 «
2493 3574 2635 3643 Sed,
2675 3592 2799 3651 quo
2833 3591 2930 3633 me
2961 3581 3345 3645 contemnas,
3383 3591 3571 3652 quem

159 3673 473 3793 gagntlilm
539 3661 719 3793 putias
753 3674 908 3793 )esse
935 3656 1279 3727 doctorem,
1317 3671 1607 3732 quaenam
1637 3653 1755 3713 ista
1785 3655 1909 3714 sint
1965 3661 2025 3713 et
2055 3654 2203 3732 quid
2234 3653 2398 3713 inter
2427 3671 2490 3712 se
2513 3652 2825 3727 differant,
2862 3654 3068 3715 nescio
3099 3677 3130 3709 ››
3167 3653 3325 3734 (Lib.
3360 3663 3571 3714 contra

217 3754 364 3793 rescz
427 3780 440 3793 .
475 3752 606 3793 can.
730 3780 741 3792 .

156 3735 440 3794 Prisci”.
475 3752 606 3815 cap.
647 3735 774 3809 ll.)

242 3833 532 3910 Denique
590 3838 909 3910 postrema
965 3831 1226 3909 hujusce
1273 3829 1427 3890 tomi
1479 3831 1782 3909 opuscula
1829 3831 2127 3890 adversus
2174 3831 2438 3890 Arianos
2487 3836 2747 3891 exarata
2777 3836 2943 3890 sunt.
2979 3833 3050 3891 Et
3079 3831 3332 3910 quidem
3369 3830 3573 3910 primo

157 3913 306 3972 loco
376 3913 538 3972 liber
579 3919 797 3972 contra
854 3914 1219 3972 Sermonem
1276 3912 1674 3982 Arianorum,
1737 3911 1844 3988 qui
1903 3912 2111 3989 plures
2157 3929 2345 3988 quam
2405 3910 2664 3986 triginta
2710 3929 2989 3971 errorum
3051 3911 3348 3972 articulos
3380 3911 3574 3971 conti-

159 3993 386 4066 nebat,
448 3992 524 4052 de
583 3993 772 4052 verbo
829 3992 1190 4052 summatim
1251 3992 1580 4050 refutatur.
1635 3995 1794 4052 Tum
1864 3991 2267 4068 subsequitur
2314 3990 2578 4050 Collatio
2609 3991 2722 4050 sub
2757 3991 2942 4051 finem
2974 3991 3117 4051 vitae
3149 4011 3184 4051 a
3214 3998 3429 4052 sancto
3459 3993 3576 4051 Do-

157 4081 339 4132 ctore
400 4073 616 4132 habita
675 4091 815 4133 cum
881 4072 1216 4132 Maximino
1280 4071 1595 4148 episcopo,
1662 4090 1802 4149 qua
1860 4090 1982 4129 non
2046 4072 2251 4131 minus
2307 4070 2599 4130 Ecclesiae
2645 4071 2983 4131 Catholicae
3039 4072 3316 4150 gloriosa
3385 4077 3576 4148 atque

157 4153 405 4212 arianaz
435 4152 654 4212 haeresi
687 4153 950 4213 exitiosa
997 4153 1134 4225 fuit,
1194 4169 1384 4230 quam
1440 4151 1565 4210 alia
1623 4170 1746 4210 non
1805 4152 2021 4229 paucis
2080 4158 2223 4210 ante
2282 4150 2460 4210 annis
2521 4168 2663 4210 cum
2723 4152 3048 4212 Pascentio
3107 4153 3332 4212 comite
3386 4152 3563 4211 inita.

161 4235 346 4292 Hanc
380 4233 633 4292 demum
670 4252 812 4292 cum
847 4232 1185 4293 Maximino
1215 4231 1623 4292 Collationem
1658 4231 1971 4290 subsecuti
2001 4238 2147 4290 sunt
2178 4231 2317 4290 libri
2347 4236 2566 4311 contra
2586 4231 2874 4291 eumdem
2898 4232 3180 4292 arianum
3204 4233 3567 4311 episcopum

154 4313 315 4386 duo,
354 4313 578 4372 merito
607 4314 861 4392 quidem
894 4313 1028 4391 jure
1060 4314 1138 4374 ab
1173 4312 1499 4390 Agathone
1532 4330 1698 4390 papa
1725 4311 1787 4371 in
1817 4318 1992 4371 sexto
2016 4312 2288 4373 Concilio
2319 4310 2596 4388 generali
2625 4329 2768 4371 cum
2795 4310 3275 4391 prastantz’ssz'mi
3301 4311 3566 4372 Doctorz's

157 4393 725 4454 commendatione
755 4394 1018 4454 laudati.

241 4491 355 4550 His
413 4491 758 4551 succedunt
811 4491 954 4550 libri
1006 4490 1082 4550 de
1137 4488 1464 4561 Trinitate,
1525 4508 1704 4568 quos,
1753 4507 1894 4549 cum
1951 4488 2014 4548 in
2072 4495 2242 4548 tomo
2289 4487 2472 4548 tertio
2530 4487 2798 4568 antehac
2855 4488 3061 4549 locum
3122 4488 3455 4560 tenuerint,
3501 4488 3564 4548 in

158 4571 338 4632 hunc
400 4570 605 4630 locum
666 4573 950 4632 consulto
1007 4569 1361 4648 rejecimus,
1425 4569 1505 4629 ob
1564 4588 1858 4648 magnam
1917 4588 2056 4629 cum
2093 4568 2404 4647 praedictis
2434 4567 2748 4648 opusculis
2777 4569 3142 4630 affinitatem
3180 4590 3192 4631 :
3231 4576 3564 4648 prOpterea

157 4652 336 4729 quod
387 4650 452 4710 in
512 4650 607 4710 his
673 4652 751 4711 de
808 4647 1108 4712 Trinitate
1165 4649 1340 4709 libris
1399 4649 1773 4710 Arianorum
1826 4649 2054 4728 passim
2113 4655 2486 4726 argumenta
2541 4647 2931 4729 refelluntur.
2984 4647 3288 4710 Craterum
3320 4647 3568 4710 Erasmi

157 4728 240 4792 de
302 4732 733 4811 hocregregio
793 4750 981 4810 opere
1050 4749 1314 4791 censura
1377 4730 1525 4789 satis
1579 4730 1806 4808 arguit,
1872 4749 2013 4789 eum
2075 4729 2320 4811 nonnisi
2361 4729 2598 4811 leviter
2655 4728 2715 4811 in
2745 4730 3106 4811 eorumdem
3141 4730 3443 4790 librorum
3473 4730 3576 4811 le-J

160 4812 378 4872 ctione
439 4807 658 4872 fuiSse'
690 4807 1028 4872 versatum.
1089 4814 1226 4870 Non
1282 4811 1694 4869 immoramur
1751 4811 2148 4870 confutandse
2206 4808 2475 4868 hominis
2528 4807 2834 4886 pracipiti
2864 4811 3208 4878 sententias,
3242 4810 3361 4870 rati
3391 4809 3565 4869 sufﬁ-

159 4910 307 4952 cere
371 4891 640 4952 antidoti
709 4893 848 4953 loco
906 4890 1256 4952 Cassiodori
1308 4889 1636 4967 judicium,
1701 4891 1807 4967 qui
1864 4891 1940 4949 de
1998 4890 2094 4948 his
2152 4889 2326 4948 libris
2382 4888 2470 4947 ita
2529 4889 2770 4949 censuit
2798 4890 2859 4948 in
2894 4891 3564 4961 librolnstitutionum,

159 4991 308 5050 cap.
379 4974 504 5031 15:
570 4999 600 5030 «
661 4976 724 5034 S.
787 4971 1533 5052 Augustiniiquindecim
1591 4971 1759 5052 libri,
1816 4989 1979 5052 quos
2038 4970 2113 5029 de
2170 4974 2387 5029 sancta
2442 4969 3074 5052 Trinitatemirabili
3131 4970 3568 5049 profunditate

159 5049 567 5129 conscripsit,
605 5053 850 5113 curiosa
894 5049 1083 5113 'vobis
1139 5051 1482 5110 intentione
1515 5050 1852 5110 meditandi
1914 5056 2144 5109 sunt.»
2206 5049 2589 5126 Augustinus
2648 5049 2903 5127 quidem
2964 5052 3266 5123 modeste,
3313 5067 3425 5129 pro
3455 5067 3570 5108 suo

157 5151 371 5202 more,
430 5132 508 5191 de
566 5135 685 5193 hoc
742 5152 930 5211 opere
989 5132 1286 5211 loquitur,
1319 5131 1532 5209 aitque
1561 5130 1624 5189 id
1656 5131 2012 5208 argumenti
2051 5149 2087 5189 a
2119 5148 2183 5190 se
2214 5149 2337 5190 non
2372 5130 2503 5211 fore
2537 5131 2956 5211 tractandum,
2992 5133 3041 5191 si
3070 5149 3418 5209 graecorum
3450 5131 3572 5211 Pa-

156 5220 335 5272 trum
372 5229 569 5289 opera
625 5213 744 5274 hac
785 5209 875 5274 de
932 5231 998 5272 re
1029 5209 1389 5288 conscripta
1446 5212 1508 5270 in
1569 5211 1833 5270 latinum
1893 5211 2211 5288 eloquium
2272 5209 2598 5289 translata
2631 5209 2913 5282 fuissent,
2965 5220 3072 5272 aut
3128 5213 3180 5270 si
3227 5212 3365 5288 quis
3413 5209 3574 5270 alius

156 5288 580 5354 difficultates
637 5294 754 5353 sibi
813 5294 1166 5373 propositas
1221 5291 1460 5351 solvere
1517 5296 1579 5350 et
1631 5290 1944 5373 illustrare
1975 5291 2293 5373 voluisset.
2343 5293 2424 5349 At
2453 5288 2712 5373 nihil‘de
2745 5291 3006 5373 hujusce
3035 5291 3239 5373 operis
3267 5291 3574 5368 dignitate

156 5373 510 5434 detrahere
559 5373 743 5434 debet
803 5368 1083 5434 modesta
1132 5373 1193 5432 id
1225 5390 1422 5449 genus
1454 5371 1728 5430 auctoris
1786 5371 2108 5450 professio.
2173 5372 2247 5430 Et
2304 5368 2630 5450 certenqui
2660 5388 2757 5429 res
2790 5368 3171 5450 theologicas
3201 5371 3296 5431 his
3328 5377 3571 5450 tempo-

154 5454 339 5514 ribus
401 5455 757 5514 accuratius
811 5448 1288 5531 investigarunt,
1348 5453 1623 5511 fatentur
1675 5448 1989 5511 neminem
2048 5456 2192 5531 ante
2247 5448 2662 5531 Augustinum
2696 5451 2845 5510 satis
2897 5448 3240 5530 explicasse
3293 5448 3575 5511 invisibi-

155 5535 411 5594 litatem
475 5534 613 5594 Filii
672 5535 781 5594 Dei
836 5530 1060 5595 contra
1111 5534 1398 5604 Arianos,
1457 5549 1570 5591 nec
1627 5531 1907 5607 objectas
1951 5532 2038 5592 ab'
2063 5530 2148 5590 eis
2180 5530 2623 5589 difficultatum
2656 5531 2912 5591 umbras
2962 5539 3136 5592 tanto
3167 5551 3308 5593 cum
3342 5531 3578 5592 lumine

158 5615 524 5692 dispulisse.
590 5615 770 5676 Unde
827 5616 1058 5676 Graecis
1112 5614 1202 5674 ita
1257 5611 1628 5674 admirabile
1677 5612 1877 5672 visum
1937 5617 2030 5673 est
2083 5611 2252 5672 istud
2312 5628 2489 5689 opus,
2546 5609 2795 5670 utillud
2827 5629 2954 5672 suae
2986 5613 3187 5691 gentis
3219 5611 3579 5674 hominibus

157 5694 501 5774 proprium
533 5693 818 5755 fecerint.

242 5795 550 5869 Superest
583 5793 896 5871 agendum
930 5794 1007 5853 de
1040 5790 1420 5871 Appendice,
1459 5787 1520 5849 in
1554 5809 1679 5866 qua
1712 5789 2110 5850 continentur
2141 5794 2447 5871 tractatus
2476 5789 2999 5871 contragquinque
3033 5794 3327 5859 Haereses,
3363 5792 3582 5850 contra

157 5867 446 5943 Iudae—os,
517 5867 832 5950 Paganos,
910 5881 973 5934 et
1043 5867 1333 5942 Arianos,
1413 5871 1708 5950 deFide
1785 5878 2005 5931 contra
2067 5869 2467 5938 Manichaeos,
2529 5867 2603 5950 de
2665 5867 2916 5950 Unitate
2983 5873 3304 5934 Trinitatis
3361 5875 3581 5950 contra

165 5953 563 6014 Felicianum
596 5947 908 6026 arianum,
942 5954 1050 6032 qui
1081 5970 1299 6014 omnes
1328 5949 1394 6011 in
1439 5949 1816 6032 editionibus
1854 5950 2258 6032 Lovaniensis
2304 5947 2748 6032 recognitionis
2799 5953 3146 6032 Augustino
3204 5949 3422 6032 tributi
3454 5950 3583 6032 fuc-

165 6040 357 6100 rant:
393 6034 502 6095 sed
533 6051 726 6114 quam
758 6027 1090 6117 perperam
1122 6033 1436 6110 evincent,
1469 6035 1539 6093 ut
1566 6031 1898 6110 credimus,
1929 6029 2431 6106 Admonitiones,
2464 6045 2621 6106 quas
2651 6027 2927 6110 singulis
2954 6031 3324 6094 tractatibus
3369 6027 3578 6110 praeﬁ-
