4012 6538
450 493 524 551 15
1350 485 1794 549 ADMONITIO
1840 486 1916 546 IN
1962 487 2258 548 LIBRUM
2309 488 2408 548 DE
2453 490 2947 553 HERESIBUS.
3760 491 3827 552 l6

446 640 666 702 gemus
697 621 822 703 suis
850 618 1424 703 locis._Consimiles
1455 619 1592 679 aliis
1637 618 2019 703 Appendicis
2067 620 2383 698 opusculis
2429 641 2844 701 apponemus,
2891 641 3160 702 quorum
3194 640 3375 686 veros
3405 640 3478 684 ac
3513 623 3823 703 genuinos,

448 700 662 783 quoad
692 702 827 762 fieri
856 701 1108 783 poterit,
1149 707 1436 783 auctores
1465 707 1747 778 retegere
1778 700 2168 783 conabimur.

526 783 633 843 His
688 801 837 860 ergo
893 782 1113 842 leviter
1168 780 1479 862 delibatis,
1541 784 1858 862 Lectorem
1916 780 1997 841 ad
2080 780 2362 860 subjecta
2420 800 2614 860 opera
2668 782 3098 862 pervolvenda
3155 784 3554 846 festinantem
3613 783 3825 845 diutius

446 862 568 923 hoc
622 863 685 944 in
743 862 957 921 limine
1014 861 1316 944 remorari
1369 861 1541 944 nefas
1598 860 1904 944 ducimus.
1967 860 2926 944 Longegprofectorjucundius
2984 865 3102 926 erit
3155 865 3461 944 inspicere
3519 865 3822 926 haereseon

448 943 834 1004 eversionem
884 944 1031 1024 Jesu
1087 941 1316 1024 Christi
1371 941 1600 1024 virtute
1651 941 1753 1024 ab,
1785 940 2155 1024 Augustino,
2198 941 2423 1024 factam
2455 962 2469 1016 ;
2531 940 2606 1004 de
2630 964 2755 1024 qua
2785 945 2965 1005 nobis
2994 946 3057 1005 id
3089 940 3292 1006 dicere
3327 945 3534 1017 liceat,
3581 945 3740 1024 quod
3768 946 3824 1006 in

449 1042 738 1084 sermone
793 1024 904 1105 de_
929 1023 1322 1102 Cataclysmo
1379 1023 1680 1105 scriptum
1741 1021 1969 1100 legitur
2001 1039 2015 1080 :
2081 1047 2108 1077 «
2142 1023 2211 1082 In
2254 1022 2364 1083 illo
2394 1021 2667 1105 populo;
2683 1026 2928 1097 fratres,
2960 1025 3023 1085 in
3050 1045 3175 1105 quo
3199 1026 3396 1087 multa
3427 1021 3722 1086 miracula
3749 1026 3828 1086 fa-

453 1127 485 1160 «
570 1105 774 1164 ciebat
822 1103 1092 1186 ‘Moyses
1175 1122 1290 1186 per
1347 1103 1633 1186 ivirgam,
1695 1109 2184 1186 exsurreserunt
2263 1105 2432 1186 magi
2484 1104 2856 1186 Pharaonis,
2917 1103 3213 1167 facientes
3269 1114 3330 1167 et
3386 1107 3504 1186 ipsi
3559 1106 3828 1184 prodigia

454 1207 485 1242 ‹‹
538 1191 757 1247 contra
810 1184 1116 1244 famulum
1175 1185 1286 1244 Dei
1335 1185 1618 1264 Moysen.
1681 1183 1802 1264 Sed
1859 1182 2091 1264 adhoc
2121 1183 2410 1262 quaedam
2445 1184 2604 1246 mira
2630 1187 2834 1247 facere
2864 1187 3149 1264 permissi
3179 1193 3345 1256 sunt,
3381 1182 3450 1248 ut
3498 1182 3827 1247 mirabilius

455 1289 487 1322 ‹‹
548 1266 963 1326 vincerentur.
1041 1263 1208 1343 Magi
1282 1263 1625 1324 Pharaonis
1681 1263 1830 1340 quid
1908 1263 2079 1324 aliud
2155 1264 2619 1341 significabant,
2697 1266 2814 1327 nisi
2866 1263 3091 1328 omnes
3145 1268 3473 1328 haereticos
3529 1267 3826 1328 ministros

457 1368 488 1402 «
543 1344 805 1418 diaboli,
863 1344 972 1424 qui
1027 1345 1142 1404 sub
1198 1343 1450 1404 nomine
1506 1343 1732 1404 Christi
1781 1344 2083 1405 devorare
2141 1344 2403 1422 cupiunt
2433 1346 2737 1425 populum
2771 1345 3047 1409 Christi?
3076 1348 3330 1408 Scatent
3360 1367 3529 1408 nunc
3577 1347 3828 1408 hazreses

456 1449 487 1483 «
543 1426 607 1486 in
663 1426 830 1486 hanc
885 1435 1141 1508 terram,
1201 1429 1504 1508 tanquam
1557 1429 1878 1508 serpentes
1948 1443 2301 1508 magorum,
2381 1443 2537 1508 quos
2575 1428 2939 1508 devoravit
2992 1433 3055 1489 et
3109 1430 3370 1489 devorat
3424 1429 3530 1489 ille
3585 1447 3824 1508 serpens

455 1530 486 1563 «
547 1508 859 1568 exaltatus
913 1506 979 1565 in
1036 1504 1308 1583 ligno....
1371 1505 1514 1565 Fuit
1552 1504 1678 1578 hic,
1752 1511 1824 1566 ut
1893 1505 2143 1586 nostris,
2203 1505 2612 1579 dilectissimi,
2673 1507 2925 1586 viperea
2979 1509 3266 1570 doctrina
3322 1504 3823 1570 Donatistarum:

457 1609 486 1645 (ι
544 1587 811 1648 contrita
867 1593 982 1659 est,
1043 1591 1415 1668 consumpta
1471 1592 1582 1668 est.
1641 1587 1782 1645 Mox
1837 1585 2440 1668 Maximianistarum
2499 1585 2858 1665 serpentina
2914 1590 3083 1650 fraus
3145 1589 3519 1668 pullulavit:
3574 1590 3830 1650 contrita

455 1689 484 1723 «
543 1673 656 1740 est,
717 1672 1106 1748 consumpta,
1147 1671 1261 1726 est.
1322 1665 1812 1748 Manichaeorum
1871 1685 2178 1727 venenum
2236 1666 2469 1748 aspidis
2517 1668 2962 1748 subrepserat:
3025 1665 3362 1730 contritum
3394 1675 3510 1743 est,
3546 1688 3824 1730 consum-

456 1768 484 1805 tt
542 1754 718 1826 ptum
753 1752 868 1827 est.
905 1745 1379 1823 Pelagianorum
1413 1765 1644 1807 novum
1676 1746 1906 1823 dogma
1937 1766 1974 1807 a
2005 1745 2587 1819 ministris’diaboli,
2624 1745 2925 1827 tanquam
2977 1767 3014 1808 a
3063 1749 3262 1827 magis
3307 1749 3654 1811 Pharaonis
3683 1750 3828 1812 exci-

451 1851 479 1882 α
542 1834 742 1888 tatum
773 1826 869 1886 illi
926 1833 1138 1886 nostro
1169 1827 1442 1904 serpenti
1473 1833 1786 1886 certamen
1819 1827 2045 1888 indixit
2084 1845 2096 1887 :
2148 1829 2512 1899 conteritur,
2565 1826 3057 1891 consumitur....
3119 1826 3275 1891 Ecce
3324 1831 3504 1891 nobis
3536 1850 3694 1890 unus
3722 1850 3828 1891 an-

454 1933 483 1965 ‹‹
542 1909 680 1986 guis
708 1908 995 1979 Arianus,
1027 1907 1177 1990 olim
1208 1912 1514 1990 mortuus,
1550 1908 1883 1990 insultat...
1917 1909 2070 1978 redi,
2108 1910 2349 1986 Moyses
2379 1914 2590 1990 noster
2617 1928 2631 1982 ;
2667 1910 2822 1982 redi,
2855 1910 3032 1988 virga
3065 1911 3215 1983 redi,
3251 1930 3508 1990 serpens
3556 1911 3788 1971 Christe
3821 1928 3835 1984 ;

451 2012 479 2044 α
542 1994 791 2049 contere
823 1995 1012 2066 caput
1041 1989 1410 2068 draconum,
1445 1988 1543 2048 dic
1572 1987 1724 2066 quid
1753 1987 1835 2046 sis
1864 2005 2006 2047 cum
2032 1991 2221 2068 Patre
2247 2007 2260 2048 :
2295 1996 2354 2049 te
2383 1988 2712 2050 audiamus
2743 1987 3091 2068 docentem,
3127 2011 3255 2053 non
3286 1987 3654 2054 hazreticum
3685 1992 3841 2051 blas-

457 2094 485 2126 «
543 2068 952 2148 phemantem
985 2091 1014 2123 »
1044 2067 1222 2148 (Cap.
1255 2071 1313 2140 5,
1349 2076 1484 2127 tom.
1516 2070 1573 2140 6,
1613 2068 1733 2128 col.
1765 2067 2072 2150 696-697).

1673 2397 2622 2523 ADMONITIO

1641 2621 1716 2676 IN
1757 2617 2033 2678 LIBRUM
2072 2619 2164 2676 DE
2203 2619 2650 2678 HERESIBUS.

2037 2749 2230 2766 ~

510 2881 595 2938 Ad
618 2877 991 2936 scribendum
1013 2876 1172 2932 hunc
1192 2874 1409 2932 librum
1428 2874 1690 2933 hortator
1715 2879 1888 2948 atque
1910 2879 2113 2931 auctor
2131 2875 2457 2948 Augustino
2476 2875 2584 2930 fuit
2601 2874 3038 2943 Quodvultdeus
3061 2876 3337 2934 diaconus
3352 2879 3847 2951 Carthaginensis.

441 2976 517 3029 Eo
547 2971 814 3042 spectant
840 2967 1264 3037 subsequentes
1295 2963 1588 3037 epistola:
1620 2964 1814 3036 prima
1843 2963 2226 3030 Quodvultdei
2259 2967 2347 3019 est
2377 2965 2772 3035 Augustinum
2804 2966 3061 3036 rogantis
3094 2970 3158 3021 ut
3191 2966 3471 3023 hreresum
3523 2968 3657 3024 edat
3687 2974 3849 3026 cata-

441 3060 662 3132 logum,
695 3056 960 3130 proprios
991 3055 1326 3126 quibusque
1357 3069 1582 3109 errores
1613 3069 1679 3108 ac
1711 3052 1859 3108 ritus
1892 3052 2093 3124 paucis
2123 3051 2608 3123 complectentem
2639 3069 2652 3120 ;
2685 3055 2942 3109 secunda
2971 3072 3103 3109 vero
3148 3056 3459 3128 Augustini
3508 3058 3842 3114 excusantis

440 3151 634 3222 operis
664 3145 1088 3215 difﬁcultatem,
1121 3159 1361 3214 remque
1392 3143 1462 3198 ab
1486 3141 1616 3198 aliis
1636 3146 1915 3198 tentatam
1941 3143 2067 3213 jam
2098 3157 2226 3198 esse
2257 3142 2648 3198 admonentis.
2683 3142 2969 3199 Rescribit
2993 3144 3450 3214 Quodvultdeus,
3475 3145 3850 3204 vehementer

441 3240 513 3294 ab
544 3255 610 3294 eo
640 3236 995 3292 contendens
1027 3238 1090 3288 ut
1119 3233 1176 3287 id
1210 3249 1428 3287 munus
1458 3231 1718 3302 petitioni
1749 3231 1957 3302 ipsius,
1991 3231 2109 3286 imo
2142 3230 2454 3286 universali
2478 3231 2764 3288 desiderio
2788 3249 2902 3288 non
2924 3233 3185 3305 deneget.
3212 3234 3376 3288 Tunc
3399 3235 3636 3291 demum
3657 3237 3848 3293 victus

435 3326 798 3398 Augustinus
819 3324 1077 3379 laborem
1109 3327 1166 3378 et
1195 3337 1395 3377 curam
1425 3320 1484 3375 in
1515 3336 1578 3376 se
1606 3319 1810 3390 recipit
1841 3319 2133 3375 scribendi
2164 3320 2235 3375 de
2284 3320 2624 3388 baeresibus,
2675 3321 2818 3376 dum
2868 3339 2971 3393 per
3001 3321 3144 3377 alias
3175 3324 3585 3394 occupationes
3620 3325 3839 3383 licebit.

432 3417 600 3474 Nunc
630 3415 787 3470 enim
817 3412 1094 3484 imposita
1124 3410 1237 3466 sibi
1268 3409 1618 3466 necessitate
1650 3407 1948 3464 refellendi
1977 3408 2302 3477 Julianum,
2336 3426 2398 3464 se
2425 3408 2600 3464 etiam
2631 3409 2704 3463 ab
2737 3411 2967 3482 incepta
2994 3411 3412 3482 opusculorum
3457 3430 3697 3468 suorum
3753 3431 3845 3470 re-

433 3505 762 3578 cognitione
789 3505 989 3574 (quam
1023 3517 1144 3556 rem
1176 3499 1495 3572 plurimum
1527 3499 1919 3554 necessariam
1945 3498 2195 3569 judicat)
2228 3498 2453 3554 avocari
2485 3502 2773 3567 testatur;
2808 3499 3086 3570 additque
3119 3517 3181 3555 se
3211 3500 3390 3572 hujus
3423 3502 3842 3574 recognitionis

429 3596 543 3651 duo
573 3592 871 3650 volumina
894 3593 1018 3662 jam
1051 3589 1367 3647 absolvisse
1398 3587 1723 3644 retractatis
1755 3587 2028 3644 omnibus
2060 3587 2226 3644 libris
2257 3588 2401 3644 suis.
2434 3587 2565 3643 Haec
2595 3588 2710 3643 duo
2743 3587 3044 3645 volumina
3069 3589 3298 3645 circiter
3343 3608 3564 3647 annum
3622 3591 3843 3649 Christi

428 3686 532 3739 427
563 3684 817 3756 perfecta
855 3682 1233 3736 observamus
1264 3679 1323 3734 in
1355 3683 1514 3734 torno
1544 3678 1765 3750 primo:
1802 3678 2019 3749 quibus
2048 3677 2526 3749 quandoquidem
2559 3678 2848 3748 posterior
2871 3682 2961 3733 est
2991 3679 3061 3734 de
3090 3680 3420 3735 Hasresibus
3442 3680 3611 3747 liber,
3636 3682 3705 3736 ad
3736 3699 3843 3738 an-

429 3791 570 3829 num
603 3773 832 3828 circiter
861 3770 962 3825 428
994 3769 1353 3825 revocandus
1384 3768 1633 3822 videtur.
1667 3766 1966 3822 Possidius
1998 3768 2056 3822 in
2089 3766 2369 3837 Indiculo,
2405 3784 2528 3837 cap.
2561 3768 2618 3835 5,
2650 3770 2832 3831 notat,
2865 3769 2937 3822 De
2967 3769 3288 3824 Hazresz'bus
3319 3769 3388 3823 ad
3408 3769 3846 3836 Quodvultdeum

429 3862 1142 3931 diaconum,imperfectum
1163 3873 1317 3929 opus.
1349 3857 1415 3911 Et
1446 3856 1707 3911 Isidorus
1737 3856 1808 3911 de
1836 3856 1992 3911 Viris
2019 3855 2372 3923 illustribus,
2397 3872 2524 3927 cap.
2558 3856 2612 3910 9.
2646 3857 2980 3923 Primasius,
3006 3856 3219 3928 inquit,
3253 3857 3547 3928 Africanus
3564 3861 3854 3931 episcopus

428 3953 722 4023 composuit
767 3964 1012 4006 sermo-ne
1039 3947 1353 4003 scholastica
1381 3945 1445 4002 de
1474 3946 1792 4002 Haeresibus
1847 3950 1956 4001 tres
2011 3946 2200 4015 libros,
2232 3945 2460 4001 directos
2488 3944 2559 4000 ad
2587 3945 2950 4000 Fortunatam
2978 3949 3307 4016 episcopum,
3341 3949 3626 4018 explicans
3667 3952 3728 4004 in
3757 3952 3840 4006 eis

429 4041 570 4113 quod
616 4042 750 4098 olim
804 4039 1228 4109 B.Augustmus
1284 4037 1345 4091 in
1401 4035 1539 4090 libro
1596 4036 1889 4092 ereseon
1919 4036 2290 4106 imperfectum
2320 4037 2497 4089 morte
2546 4034 2937 4090 interveniente
2975 4035 3296 4107 reliquerat.
3337 4039 3558 4109 Nempe
3589 4037 3843 4096 alteram

432 4131 625 4204 operis
683 4133 929 4202 partem,
962 4127 1035 4182 ad
1066 4125 1494 4182 ostendendum
1527 4117 1667 4196 quid
1699 4124 2036 4182 haereticum
2069 4123 2264 4194 faciat,
2297 4124 2604 4197 pollicetur
2621 4123 2984 4196 Augustinus
3012 4124 3071 4180 in
3102 4124 3459 4197 praefationis
3486 4126 3622 4195 line,
3655 4145 3844 4201 quam

427 4225 652 4294 partem
684 4221 870 4276 morte
899 4218 1224 4290 praeventus
1261 4231 1376 4272 non
1407 4213 1619 4287 attigit.

857 4441 1024 4538 DE
1091 4438 1532 4534 EODEM
1601 4437 1983 4535 LIBRO
2053 4437 2700 4532 EPISTOLZE
2775 4437 3395 4548 QUATUOR.

1805 4607 2155 4664 EPISTOLA
2193 4607 2419 4662 CCXXI.

532 4730 780 4790 Domino
811 4729 1019 4788 merito
1046 4724 1383 4797 venerabili,
1415 4725 1468 4781 ei
1497 4740 1628 4781 vere
1650 4724 1991 4782 beatissimo
2022 4724 2174 4798 patri
2204 4729 2537 4780 Aucus'rmo
2569 4723 2865 4797 episcopo,
2897 4726 3358 4791 Quonvuurnsus
3388 4725 3691 4784 diaconus.

483 4878 534 4933 1°
567 4876 678 4932 Diu
711 4873 976 4947 trepidus
1007 4871 1112 4937 fui,
1145 4875 1201 4925 et
1224 4886 1405 4926 ausus
1436 4868 1541 4924 hos
1578 4885 1738 4924 meos
1769 4867 2077 4940 aliquoties
2109 4867 2344 4923 distuli:
2379 4868 2478 4922 sed
2513 4883 2607 4922 me
2629 4867 3047 4939 principaliter,
3071 4871 3136 4922 ut
3156 4867 3270 4923 dici
3293 4867 3839 4937 assolet,animavit

406 4965 790 5023 beatitudinis
818 4968 934 5018 tuas
964 4958 1365 5016 benevolentia
1395 4958 1669 5013 omnibus
1693 4958 2104 5028 comprobata;
2129 4972 2305 5028 quam
2338 4956 2478 5010 dum
2511 4955 2837 5024 considero,
2871 4956 3059 5028 magis
3088 4957 3282 5027 timui,
3315 4973 3387 5012 ne
3419 4973 3532 5011 non
3564 4959 3834 5028 petendo

405 5055 719 5127 superbus,
742 5070 857 5109 non
890 5049 1202 5123 quaerendo
1235 5047 1588 5117 desidiosus,
1624 5064 1738 5101 non
1771 5047 2062 5118 pulsando
2092 5047 2258 5118 piger
2286 5063 2320 5100 a
2352 5045 2593 5101 Domino
2617 5045 2936 5116 judicarer.
2971 5046 3248 5102 Sufﬁcere
3281 5049 3476 5102 autem
3510 5045 3657 5100 mihi
3691 5062 3832 5103 cre-

404 5146 602 5200 derem
631 5141 970 5215 hujusmodi
1003 5138 1409 5195 tantummodo
1440 5135 1822 5204 voluntatem,
1857 5137 1906 5191 si
1938 5136 2192 5190 fructum
2224 5134 2470 5206 adipisci
2505 5152 2617 5190 non
2650 5151 2882 5207 possem
2911 5151 2922 5190 :
2959 5153 3093 5191 cum
3123 5141 3322 5191 autem
3380 5152 3486 5206 pro
3516 5139 3674 5190 certo
3710 5153 3830 5192 no-

398 5232 601 5298 verim,
635 5233 851 5287 ostium
883 5229 1059 5285 divini
1095 5226 1402 5295 sermonis,
1438 5226 1589 5296 quod
1621 5225 1993 5281 Venerationi
2027 5229 2138 5280 tuac
2170 5223 2419 5280 ccelestis
2449 5223 2636 5295 gratia
2685 5224 2974 5295 patefecit,
3034 5229 3299 5296 paratam
3360 5238 3488 5280 esse
3545 5228 3825 5281 mentem

398 5323 560 5375 tuam
592 5325 875 5391 sanctam,
909 5334 1082 5389 quam
1115 5315 1373 5388 possidet
1403 5314 1690 5380 Christus,
1724 5331 1837 5369 non
1871 5314 2062 5369 solum
2095 5313 2321 5369 cunctis
2353 5311 2683 5367 volentibus
2717 5314 2989 5383 pandere,
3021 5330 3221 5369 verum
3240 5313 3415 5368 etiam
3441 5310 3821 5381 nolentibus,

398 5413 463 5464 ut
494 5409 733 5465 introire
763 5427 878 5465 non
908 5407 1122 5480 pigeat,
1157 5403 1508 5477 persuadere
1535 5421 1547 5471 ;
1584 5404 1950 5475 occupationi
1983 5403 2333 5459 Reverentia
2366 5407 2479 5457 tua:
2511 5401 2834 5472 multoquio
2857 5403 3154 5475 superﬂuo
3181 5418 3405 5458 moram
3429 5418 3541 5457 non
3565 5400 3820 5470 faciam,

393 5499 492 5554 sed
526 5499 880 5555 desiderium
912 5495 1330 5553 obsecrationis
1364 5509 1504 5547 meas
1537 5493 1784 5548 breviter
1804 5492 2096 5549 indicabo.

460 5589 514 5642 2.
552 5588 940 5644 Nonnullosin
966 5586 1118 5642 clero
1142 5583 1387 5653 hujusce
1408 5582 1582 5635 etiam
1608 5581 1987 5652 amplissima:
2009 5582 2253 5636 civitatis
2277 5597 2406 5636 esse
2427 5580 2748 5650 imperitos,
2774 5597 2842 5635 ex
2866 5598 2958 5635 me
2988 5581 3115 5652 ipso
3133 5581 3376 5650 conjicio
3404 5598 3417 5635 :
3441 5583 3823 5651 etquantum

388 5679 658 5733 universo
681 5679 764 5732 illi
798 5677 986 5732 ordini
1022 5676 1392 5747 profuturum
1427 5671 1502 5724 sit
1532 5672 1687 5739 quod
1721 5676 1944 5741 expeto,
1978 5670 2429 5726 considerationi
2462 5669 2799 5723 Sanctitatis
2831 5675 2941 5723 tuae
2973 5671 3408 5725 discutiendum
3440 5670 3637 5725 offero.
3673 5670 3824 5726 Pri-

382 5767 589 5840 vilegio
621 5783 876 5838 namque
907 5769 1250 5820 cunctorum
1285 5759 1384 5829 qui
1419 5757 1527 5812 hoc
1558 5759 1628 5812 de
1658 5759 2064 5829 spiritualibus
2093 5759 2209 5814 tuis
2241 5758 2540 5813 laboribus
2564 5764 2994 5828 promerentur,
3018 5759 3193 5814 etiam
3218 5774 3311 5813 me
3333 5756 3640 5830 indignum
3665 5774 3820 5816 con-

380 5862 721 5912 secuturum
753 5872 881 5913 esse
912 5867 1223 5926 praesumo,
1258 5848 1493 5903 domine
1525 5848 1731 5904 merito
1762 5848 2132 5916 venerabilis,
2167 5853 2223 5902 et
2253 5863 2383 5903 vere
2415 5845 2753 5903 beatissime
2782 5853 2968 5919 pater.
3001 5853 3211 5904 Precor
3239 5847 3421 5920 igitur
3468 5847 3814 5904 Beatitudi-

378 5961 511 6001 nem
542 5950 729 6019 tuam,
763 5950 829 6002 ut
856 5962 926 6000 ex
954 5957 1069 6014 quo
1099 5938 1420 5994 christiana
1451 5935 1653 6008 religio
1685 5937 2040 5994 haereditatis
2072 5937 2374 6010 promissae
2404 5951 2613 5992 nomen
2648 5937 2887 6008 accepit,
2922 5955 3048 6011 quas
3079 5937 3328 5995 haereses
3358 5935 3593 6008 fuerint,
3626 5937 3762 5995 sint
3790 5955 3808 6008 ;

376 6050 524 6112 quos
555 6051 780 6093 errores
801 6029 1132 6101 intulerint,
1164 6026 1457 6094 inferant;
1490 6025 1632 6097 quid
1664 6028 1942 6086 adversus
1969 6027 2317 6086 catholicam
2345 6024 2666 6085 Ecclesiam
2712 6027 3023 6102 senserint,
3084 6026 3362 6100 sentiant,
3405 6025 3476 6084 de
3531 6025 3668 6098 ﬁde,
3723 6027 3810 6086 de
