4012 6496
276 417 348 476 17
1178 413 1623 477 ADMONITIO
1668 415 1747 478 IN
1791 414 2092 478 LIBRUM
2135 417 2238 476 DE
2283 415 2774 480 HERESIBUS.
3600 417 3677 479 18

271 546 578 620 Trinitate,
613 547 684 604 de
713 546 1040 620 Baptismo,
1067 547 1136 602 de
1167 547 1523 619 pcenitentia,
1557 548 1626 602 de
1657 548 1891 602 homine
1915 547 2161 614 Christo,
2196 550 2266 602 de
2301 549 2411 603 Deo
2446 548 2693 615 Christo,
2732 549 2800 604 de
2831 548 3275 616 resurrectione,
3309 550 3378 604 de
3432 549 3588 605 Novo
3620 552 3677 606 et

269 637 480 693 Vetere
508 639 902 708 Testamento,
931 640 987 692 et
1012 637 1210 692 omnia
1234 637 1494 703 omnino,
1547 639 1761 707 quibus
1812 655 1845 690 a
1891 637 2129 690 veritate
2177 638 2568 693 dissentiunt:
2623 655 2752 709 quae
2782 640 2954 692 etiam
3000 637 3363 710 Baptismum
3396 639 3671 706 habeant,

278 743 480 800 quasve
536 744 652 783 non
681 726 973 794 habeant;
1007 730 1064 781 et
1093 730 1223 797 post
1251 743 1397 797 quas
1430 726 1701 796 baptizet,
1736 742 1840 780 nec
1869 728 2065 779 tamen
2099 725 2410 797 rebaptizet
2440 725 2712 794 Ecclesia,
2746 727 2996 796 qualiter
3043 727 3324 799 suscipiat
3352 726 3668 800 venientes,

271 821 328 873 et
362 815 500 887 quid
529 813 782 887 singulis
811 814 956 885 lege,
990 813 1356 879 auctoritate,
1391 818 1560 881 atque
1591 813 1812 868 ratione
1842 814 2212 884 respondeat,
2244 815 2501 885 digneris
2530 830 2832 886 exponere.

337 906 391 960 3.
424 905 542 960 Nec
574 921 668 960 me
696 908 870 959 tantae
898 903 1203 958 Beatitudo
1235 909 1336 958 tua
1366 904 1563 958 credat
1592 902 1843 973 ineptias,
1878 906 1941 956 ut
1964 918 2079 957 non
2107 902 2417 974 inspiciam
2449 904 2685 974 quantis
2715 909 2771 958 et
2800 920 2972 974 quam
3003 904 3340 976 ingentibus
3362 903 3668 958 volumini-

267 994 371 1050 bus
404 1011 556 1066 opus
587 995 684 1060 sit,
717 998 781 1048 ut
810 992 1038 1064 possint
1065 991 1179 1047 ista
1209 991 1438 1047 disolvi.
1476 992 1685 1047 Verum
1726 991 1834 1046 hoc
1866 1006 1970 1062 ego
2003 991 2127 1046 ﬁeri
2159 1009 2274 1047 non
2305 997 2507 1064 expeto
2534 1018 2548 1061 ;
2580 993 2638 1048 id
2669 993 2824 1048 enim
2857 992 3257 1064 multipliciter
3285 993 3502 1048 factum
3536 1009 3664 1050 esse

260 1100 372 1139 non
401 1083 643 1138 dubito:
677 1083 777 1138 sed
809 1081 1078 1150 breviter,
1108 1081 1421 1152 perstricta
1452 1086 1630 1152 atque
1678 1080 2042 1149 summatim,
2089 1085 2147 1135 et
2194 1081 2494 1152 opiniones
2535 1098 2672 1153 rogo
2721 1081 3032 1152 cujuslibet
3082 1081 3317 1136 haeresis
3347 1082 3574 1154 exponi,
3609 1086 3665 1138 et

262 1172 397 1245 quid
431 1176 639 1228 contra
667 1175 862 1227 teneat
892 1170 1144 1227 Ecclesia
1175 1170 1479 1236 catholica,
1513 1174 1799 1241 quantum
1832 1168 2199 1226 instructioni
2225 1171 2369 1226 satis
2392 1175 2499 1241 est,
2523 1169 2694 1225 subdi
2720 1187 2732 1224 :
2768 1175 2832 1225 ut
2851 1170 3008 1226 velut
3026 1171 3279 1241 quodam
3303 1186 3368 1225 ex
3390 1170 3663 1226 omnibus

261 1265 539 1333 concepto
571 1260 1035 1326 commonitorio,
1068 1259 1116 1315 si
1144 1259 1276 1331 quis
1306 1259 1566 1331 aliquam
1598 1259 1979 1330 objectionem
2015 1263 2116 1315 aut
2147 1260 2561 1315 convictionem
2597 1259 2854 1325 uberius,
2885 1259 3116 1331 plenius
3142 1275 3208 1314 ac
3235 1259 3468 1330 planius
3491 1275 3662 1316 nosse

259 1350 526 1421 voluerit,
560 1351 632 1406 ad
665 1350 942 1424 cpulenta
972 1353 1027 1404 et
1054 1349 1366 1421 magniﬁca
1395 1348 1694 1404 volumina
1731 1348 2186 1414 transmittatur,
2219 1349 2432 1418 quibus
2461 1367 2495 1404 a
2526 1347 2790 1419 diversis,
2822 1354 2879 1404 et
2910 1349 3195 1420 prmcipue
3224 1365 3258 1403 a
3287 1349 3663 1403 Veneratione

261 1442 353 1493 tua
382 1439 442 1494 in
472 1439 582 1495 hoc
613 1439 807 1511 ipsum
839 1441 1071 1493 constat
1098 1437 1485 1493 elaboratum.
1520 1438 1784 1494 Sufﬁciet
1815 1441 2008 1492 autem
2040 1437 2362 1493 admonitio
2393 1437 2551 1507 talis,
2583 1443 2646 1491 ut
2679 1442 2837 1508 puto,
2871 1436 3056 1492 doctis
3087 1440 3143 1492 et
3170 1435 3480 1508 imperitis,
3514 1437 3660 1492 otio-

260 1527 337 1583 sis
367 1532 426 1584 et
455 1528 779 1600 occupatis,
810 1532 866 1582 et
895 1527 966 1582 ad
998 1525 1314 1596 cujuslibet
1339 1528 1555 1599 gradus
1588 1526 1981 1581 ministerium
2013 1525 2278 1582 Ecclesiae
2327 1527 2734 1597 undecumque
2782 1525 3102 1598 promotis:
3154 1527 3293 1580 dum
3337 1529 3392 1580 et
3431 1525 3528 1580 ille
3559 1526 3659 1596 qui

259 1616 442 1672 multa
472 1616 635 1689 legit,
670 1617 872 1672 eadem
907 1615 1154 1671 breviter
1183 1617 1542 1682 recordatur,
1575 1619 1632 1670 et
1658 1615 2000 1686 compendio
2025 1616 2264 1687 ignarus
2287 1615 2620 1685 instruitur,
2655 1619 2721 1669 ut
2742 1615 2962 1670 noverit
2981 1614 3122 1685 quid
3144 1618 3356 1682 teneat,
3381 1614 3519 1685 quid
3540 1614 3674 1668 evi-'

259 1710 368 1773 tet;
418 1705 562 1778 quid
599 1710 894 1761 aversetur
915 1721 986 1760 ne
1015 1704 1226 1760 faciat:
1261 1705 1402 1775 quid
1435 1709 1500 1760 ut
1529 1705 1702 1760 faciat
1733 1709 2100 1776 assequatur.
2133 1704 2417 1761 Fortassis
2449 1708 2664 1770 autem,
2688 1704 2736 1759 si
2760 1707 2956 1758 tamen
2989 1703 3140 1774 quod
3175 1702 3426 1758 arbitror
3453 1719 3654 1758 verum

257 1800 361 1864 cst,
393 1795 577 1850 etiam
611 1796 888 1850 adversus
919 1793 1406 1849 calumniantium
1441 1793 1728 1866 malignas
1762 1797 1984 1848 mentes
2010 1797 2067 1849 et
2096 1793 2298 1848 dolosa
2325 1792 2480 1848 labia
2508 1809 2656 1864 opus
2680 1791 2790 1847 hoc
2821 1808 3062 1863 parvum
3095 1792 3245 1846 inter
3289 1795 3494 1846 caetera
3539 1791 3655 1846 mi-

256 1885 414 1941 riﬁca
442 1883 783 1940 testimonio
816 1899 1036 1940 coronae
1067 1887 1182 1938 tuas
1222 1899 1335 1938 non
1381 1884 1597 1939 deerit:
1650 1887 1715 1937 ut
1764 1882 1980 1955 quibus
2029 1886 2185 1953 patet
2232 1899 2475 1954 campus
2506 1880 2902 1937 calumniandi
2933 1880 3243 1952 profusior,
3266 1878 3472 1935 validis
3501 1885 3557 1934 et
3587 1897 3654 1936 ex

256 1973 366 2028 orni
403 1978 568 2044 parte
597 1972 887 2028 conclusis
919 1972 1048 2026 ﬁdei
1084 1971 1371 2027 limitibus
1401 1972 1695 2037 coarctati,
1726 1971 2117 2042 omnibusque
2146 1970 2405 2026 veritatis
2436 1971 2684 2026 telorum
2715 1969 3028 2042 generibus
3071 1969 3428 2039 circumacti,
3478 1970 3652 2026 etiam

255 2078 364 2116 uno
399 2061 747 2116 multiformi
774 2060 971 2132 jaculo
1003 2064 1237 2130 repente
1267 2060 1566 2132 prostrati,
1601 2060 1937 2115 morticinos
1968 2060 2212 2132 spiritus
2238 2077 2352 2114 non
2385 2059 2639 2114 audeant
2669 2057 2960 2114 anhelare.

318 2150 370 2204 4.
403 2149 587 2204 Video
620 2166 796 2220 quam
831 2163 1112 2204 onerosus
1143 2148 1390 2202 existam
1423 2147 1665 2202 meliora
1696 2147 1994 2220 cogitanti,
2028 2152 2084 2204 et
2115 2148 2448 2219 disponenti
2482 2148 2706 2218 majora
2737 2149 2938 2202 sancto
2969 2145 3117 2214 seni,
3145 2150 3202 2201 et
3232 2145 3499 2217 querelas
3528 2163 3654 2202 cor-

251 2239 402 2310 poris
433 2238 772 2294 sustinenti.
809 2238 915 2293 Sed
949 2253 1049 2308 per
1079 2235 1374 2291 Christum
1408 2236 1720 2291 Dominum
1761 2253 1920 2308 rogo,
1954 2237 2054 2308 qui
2086 2241 2142 2291 te
2182 2236 2524 2308 participem
2577 2235 2876 2306 sapientia:
2923 2252 3041 2291 suae
3091 2235 3218 2291 sine
3263 2235 3481 2291 invidia
3527 2252 3654 2293 esse

253 2329 557 2396 concessit,
593 2333 657 2382 ut
688 2328 838 2382 hanc
869 2326 1118 2398 gratiam
1151 2326 1331 2381 dones
1363 2326 1615 2381 indoctis
1647 2326 1936 2393 Ecclesia,
1971 2326 2072 2398 qui
2102 2329 2158 2381 te
2186 2326 2457 2398 agnoscis
2480 2325 2843 2396 sapientibus
2869 2329 3044 2396 atque
3064 2323 3477 2396 insipientibus
3496 2325 3657 2381 debi-

251 2422 428 2474 torem
462 2419 638 2488 (Rom.
674 2434 713 2487 1,
748 2415 857 2486 14),
890 2415 1095 2472 merito
1127 2431 1192 2471 ac
1215 2415 1349 2486 jure
1376 2414 1639 2470 dicturus
1665 2431 1677 2471 :
1729 2417 1908 2471 Videte
1939 2417 2204 2487 quoniam
2229 2431 2341 2472 non
2370 2415 2512 2470 mihi
2538 2415 2642 2470 soli
2669 2415 2935 2485 laboravi,
2967 2413 3059 2470 sed
3088 2415 3344 2469 omnibus
3371 2417 3658 2487 exquiren-

255 2507 391 2563 libu:
419 2508 716 2562 veritatem
747 2505 940 2577 (Eccli.
971 2520 1127 2567 xxiv,
1160 2503 1249 2573 47,
1281 2506 1330 2559 et
1367 2521 1566 2571 xxxm,
1602 2504 1708 2577 18).
1744 2504 1910 2560 Potui
1941 2504 2132 2559 adhuc
2164 2503 2370 2560 oﬁ’erre
2399 2503 2692 2576 supplices
2723 2507 2779 2560 et
2810 2502 3161 2574 multiplices
3191 2518 3412 2575 preces,
3444 2507 3500 2560 et
3539 2520 3655 2560 me-

254 2611 378 2651 cum
407 2594 822 2668 imperitorum
855 2592 1072 2649 classes
1104 2591 1463 2648 adsciscere:
1497 2593 1596 2649 sed
1630 2591 1811 2648 malui
1829 2592 1955 2663 jam
1989 2593 2189 2648 audire
2221 2592 2560 2664 dictantem,
2593 2610 2770 2665 quam
2802 2608 3085 2665 occupare
3115 2592 3420 2665 legentem.

1633 2758 1881 2817 EPISTO
1894 2760 1984 2815 LA
2013 2759 2268 2817 CCXXII.

817 2874 1203 2931 Dilectissimo
1234 2873 1353 2931 ﬁlio
1383 2877 1440 2932 et
1479 2873 1834 2931 condiacono
1864 2877 2306 2944 Quonvurxrnso,
2335 2877 2712 2932 Ancus'rmus
2750 2875 3080 2950 episcopus.

321 3025 366 3075 1.
399 3019 669 3092 Acceptis
700 3017 907 3074 litteris
938 3017 1248 3074 Charitatis
1278 3021 1411 3084 tuae,
1443 3018 1543 3073 ubi
1575 3035 1608 3074 a
1647 3035 1741 3074 me
1772 3018 2181 3074 ardentissimo
2212 3019 2406 3076 studio
2449 3019 2783 3092 postulasti,
2815 3023 2880 3075 ut
2911 3019 2981 3076 de
3011 3019 3285 3078 omnibus
3305 3020 3650 3090 haeresibus,

254 3115 378 3182 post
409 3108 640 3165 Domini
671 3107 985 3165 Salvatoris
1020 3108 1334 3162 adventum
1366 3107 1644 3162 adversus
1675 3109 1802 3178 ejus
1845 3109 2170 3163 doctrinam
2221 3107 2676 3180 pullulaverunt,
2725 3108 2948 3181 aliquid
2998 3109 3245 3166 breviter
3297 3111 3650 3180 scriberem;

251 3215 416 3270 quam
447 3199 524 3254 sit
553 3197 661 3252 hoc
692 3195 948 3261 difﬁcile,
982 3197 1257 3250 continuo
1301 3200 1528 3267 reperta
1576 3196 1880 3251 occasione
1921 3197 2192 3268 rescripsi
2225 3214 2327 3269 per
2353 3196 2541 3252 ﬁlium
2590 3212 2783 3252 meum
2821 3197 3274 3268 Hipponensium
3305 3199 3651 3270 primarium

252 3285 611 3342 Philocalum
640 3301 652 3340 :
689 3301 823 3339 mox
853 3288 1049 3339 autem
1081 3283 1254 3339 etiam
1279 3283 1393 3339 ista
1422 3283 1618 3340 oblata
1648 3289 1756 3352 est,
1790 3302 1906 3357 qua
1936 3303 2092 3341 nunc
2124 3286 2398 3356 rescribo,
2442 3291 2497 3342 et
2527 3286 2772 3341 breviter
2820 3286 3226 3344 difﬁcultatem
3277 3288 3466 3359 operis
3525 3290 3651 3360 ejus

257 3376 511 3431 ostendo.

313 3464 363 3520 2.
397 3462 747 3519 Philastrius
781 3462 1024 3534 quidam
1074 3461 1390 3519 Brixlensis
1439 3462 1769 3534 episcOpus,
1823 3479 1997 3535 quem
2043 3479 2175 3520 cum
2230 3469 2430 3520 sancto
2471 3463 2776 3520 Ambrosio
2808 3464 3118 3520 Mediolani
3150 3464 3322 3521 etiam
3352 3465 3477 3538 ipse
3506 3467 3649 3536 vidi,

251 3553 476 3625 scripsit
507 3553 646 3608 hinc
676 3551 892 3606 librum
924 3568 939 3616 ;
972 3567 1078 3606 nec
1108 3550 1239 3606 illas
1271 3552 1519 3607 haereses
1550 3553 2016 3624 praetermittens,
2050 3571 2176 3625 quae
2208 3553 2265 3608 in
2299 3552 2512 3625 populo
2542 3553 2743 3608 Judseo
2775 3554 3012 3608 fuerunt
3039 3559 3170 3609 ante
3200 3555 3512 3609 adventum
3537 3556 3647 3610 Do-

251 3641 406 3710 mini,
430 3657 649 3714 easque
676 3640 878 3713 viginti
908 3644 1033 3695 octo
1060 3640 1570 3697 commemoravit:
1605 3647 1662 3696 et
1694 3647 1825 3709 post
1856 3642 2082 3697 Domini
2141 3644 2452 3698 adventum
2485 3646 2716 3698 centum
2767 3641 2971 3714 viginti
3017 3647 3163 3698 octo.
3216 3643 3463 3715 Scripsit
3510 3643 3645 3699 hinc

255 3730 419 3786 ctiam
451 3746 636 3803 graece
665 3731 972 3801 episcopus
1003 3730 1244 3801 Cyprius
1271 3729 1653 3802 Epiphanius,
1683 3732 1740 3786 in
1770 3732 2027 3786 doctrina
2059 3731 2354 3787 catholicas
2407 3731 2540 3786 ﬁdei
2570 3731 2942 3787 laudabiliter
2987 3730 3356 3787 diffamatus:
3392 3733 3489 3788 sed
3521 3733 3645 3804 ipse

256 3820 554 3894 utriusque
586 3819 868 3891 temporis
896 3819 1144 3874 haereses
1166 3817 1465 3892 colligens,
1499 3820 1794 3892 octoginta
1820 3820 2156 3892 complexus
2197 3825 2305 3875 est.
2338 3819 2479 3874 Cum
2510 3835 2644 3891 ergo
2679 3819 2849 3875 ambo
2880 3817 2937 3873 id
2969 3818 3184 3874 vellent
3213 3819 3398 3876 facere
3429 3822 3578 3892 quod
3615 3839 3645 3875 τι

258 3925 344 3965 me
372 3910 539 3981 petis,
573 3912 861 3982 quantum
892 3912 1087 3963 tamen
1119 3908 1270 3962 inter
1300 3924 1361 3963 se
1393 3908 1662 3964 differant
1692 3910 1761 3965 de
1793 3926 2036 3965 numero
2062 3909 2293 3964 interim
2327 3912 2638 3975 sectarum,
2678 3908 2873 3964 vides:
2925 3908 3080 3979 quod
3113 3908 3312 3981 utique
3351 3926 3462 3964 non
3521 3926 3648 3966 eve-

257 3997 446 4063 nisset,
479 3997 594 4054 nisi
625 3997 782 4053 aliud
805 3996 906 4052 uni
936 4013 1136 4053 eorum
1169 3997 1461 4054 videretur
1491 4014 1617 4053 esse
1643 3997 1901 4066 haresis,
1936 4003 1993 4053 et
2023 3998 2181 4054 aliud
2215 3997 2402 4052 alteri.
2436 3997 2635 4068 Neque
2667 3997 2818 4051 enim
2853 3997 3178 4068 putandum
3207 4001 3294 4052 est
3315 3997 3539 4068 aliquas
3563 3999 3648 4071 ig-

260 4102 488 4143 norasse
517 4085 935 4160 Epiphanium,
971 4101 1116 4156 quas
1148 4089 1382 4141 noverat
1413 4084 1781 4155 Philastrius,
1814 4103 1946 4141 cum
1986 4086 2380 4160 Epiphanium
2412 4085 2581 4158 longe
2628 4085 2942 4140 Philastrio
2992 4085 3307 4141 doctiorem
3361 4085 3649 4142 inveneri-

261 4190 421 4243 mus;
454 4177 533 4232 ita
564 4181 632 4231 ut
663 4175 1038 4230 Philastrium
1072 4175 1263 4246 potius
1295 4175 1488 4230 dicere
1529 4176 1877 4232 deberemus
1908 4175 2151 4231 latuisse
2182 4175 2490 4247 plurimas,
2526 4174 2574 4230 si
2604 4180 2725 4230 tam
2758 4174 2954 4247 plures
2977 4179 3132 4229 esset
3160 4173 3258 4228 ille
3289 4175 3650 4246 complexus,

265 4267 316 4318 et
347 4264 453 4319 iste
485 4265 809 4337 pauciores.
844 4263 951 4319 Sed
987 4263 1184 4335 procul
1218 4263 1395 4318 dubio
1427 4263 1487 4319 in
1519 4280 1584 4320 ea
1614 4265 1934 4336 quaestione
1966 4265 2064 4321 ubi
2097 4265 2452 4336 disceptatur
2482 4264 2620 4334 quid
2652 4263 2728 4318 sit
2758 4263 3012 4329 haeresis,
3039 4280 3151 4318 non
3176 4263 3327 4319 idem
3351 4263 3652 4319 videbatur

263 4353 552 4421 ambolus;
586 4358 645 4408 et
675 4369 873 4408 revera
903 4352 1012 4408 hoc
1043 4352 1281 4408 omnino
1309 4353 1550 4409 deﬁnire
1580 4354 1816 4409 difﬁcile
1839 4358 1961 4409 est:
1997 4360 2054 4409 et
2084 4355 2212 4410 ideo
2243 4354 2584 4421 cavendum,
2609 4370 2740 4408 cum
2771 4369 2974 4408 omnes
3007 4353 3064 4406 in
3090 4368 3399 4408 numerum
3425 4354 3647 4425 redige-

264 4457 317 4496 re
345 4458 644 4508 conamur,
674 4457 745 4497 ne
779 4441 1291 4512 praetermittamus
1322 4441 1572 4512 aliquas,
1600 4444 1866 4512 quamvis
1898 4443 2147 4497 haereses
2179 4443 2332 4511 sint;
2362 4447 2462 4496 aut
2488 4458 2944 4497 annumeremus
2968 4440 3214 4511 aliquas,
3239 4457 3371 4497 cum
3401 4441 3648 4496 haereses

263 4546 367 4586 non
398 4531 533 4587 sint.
568 4531 714 4585 Vide
744 4547 880 4602 ergo
913 4547 984 4585 ne
1017 4531 1159 4586 forte
1190 4530 1408 4585 librum
1442 4531 1594 4586 santi
1627 4531 1931 4603 Epiphanii
1965 4531 2069 4585 tibi
2101 4531 2329 4586 mittere
2358 4531 2638 4587 debeam:
2671 4530 2867 4602 ipsum
2890 4530 3046 4584 enim
3069 4529 3317 4585 arbitror
3339 4529 3649 4584 Philastrio

264 4618 477 4676 doctius
498 4620 637 4677 hinc
666 4618 962 4687 locutum;
998 4619 1094 4690 qui
1128 4619 1311 4690 possit
1341 4619 1491 4690 apud
1525 4619 1934 4693 Carthaginem
1969 4620 2026 4675 in
2060 4619 2306 4676 latinam
2337 4619 2597 4692 linguam
2631 4619 2773 4674 verti
2805 4619 3034 4675 facilius
3069 4623 3240 4691 atque
3262 4619 3647 4686 commodius,

266 4710 324 4762 ut
352 4711 410 4762 tu
443 4709 639 4780 potius
670 4711 905 4779 praestes
939 4706 1128 4772 nobis,
1162 4708 1313 4778 quod
1348 4708 1562 4778 quaeris
1595 4725 1627 4762 a
1661 4709 1851 4763 nobis.

327 4794 377 4850 3.
410 4796 756 4853 Perlatorem
777 4795 1025 4850 multum
1042 4797 1820 4852 commendo.Subdiaconus
1841 4803 1924 4852 est
1946 4798 2017 4853 de
2037 4802 2236 4853 nostra
2256 4796 2484 4852 dioecesi
2515 4814 2528 4864 ;
2553 4796 2623 4852 de
2645 4797 2824 4851 fundo
2847 4799 3040 4850 autem
3057 4794 3163 4849 viri
3187 4793 3653 4866 spectabilis,no-

265 4882 459 4956 bisque
486 4885 814 4942 charissimi
841 4884 1198 4939 Orontii.Pro
1225 4883 1322 4939 illo
1345 4888 1622 4956 autem,et
1645 4902 1746 4957 pro
1769 4887 1896 4956 ejus
1919 4891 2101 4958 patre,
2122 4903 2155 4941 a
2178 4902 2290 4956 quo
2322 4887 2634 4957 adoptatus
2648 4889 2754 4951 est,
2773 4884 2947 4941 etiam
2963 4883 3242 4956 adipsum
3258 4883 3484 4954 scripsi;
3511 4900 3653 4954 quas

267 4969 474 5030 litteras
495 4991 627 5032 cum
643 4974 844 5046 legerit
864 4972 1185 5029 christiana
1208 4973 1538 5045 Benignitas
1555 4979 1674 5043 tua,
1694 4979 1825 5046 peto
1845 4980 2018 5029 uteas
2032 4976 2184 5046 apud
2212 4979 2592 5029 memoratum
2615 4974 2804 5029 virum
2827 4977 2928 5028 tua
2949 4971 3359 5028 intercessione
3380 4973 3653 5042 adjuvare

268 5059 668 5134 digneris.Misi
695 5067 889 5118 autem
913 5079 1045 5118 cum
1072 5062 1169 5117 illo
1195 5063 1369 5118 etiam
1396 5063 1695 5119 hominem
1719 5063 2004 5131 Ecclesiae,
2029 5081 2100 5120 ne
2122 5065 2191 5119 ad
2216 5069 2379 5119 tuam
2403 5063 2787 5119 Sanctitatem
2810 5061 3063 5117 difﬁcilis
3092 5063 3141 5116 ei
3165 5065 3318 5116 esset
3339 5077 3610 5116 accessus
3635 5077 3649 5116 :

268 5165 371 5205 non
402 5152 555 5208 enim
589 5167 795 5224 parum
827 5152 898 5206 de
931 5151 1029 5206 illo
1061 5150 1349 5207 sollicitus
1381 5167 1535 5216 sum,
1569 5168 1603 5206 a
1631 5169 1746 5223 qua
1776 5168 1868 5208 me
1901 5152 2292 5209 sollicitudine
2323 5151 2702 5220 Dominus,ut
2723 5166 2913 5223 spero,
2935 5167 3034 5222 per
3063 5154 3176 5204 tuae
3200 5148 3500 5205 charitatis
3528 5149 3651 5205 ins-

269 5240 501 5296 tantiam
531 5240 821 5298 liberabit.
861 5244 999 5296 Peto
1030 5239 1204 5296 etiam
1237 5239 1380 5295 mihi
1416 5241 1730 5296 rescribere
1761 5259 1875 5297 non
1907 5243 2184 5314 graveris,
2211 5241 2708 5312 quemadmodum
2741 5241 2817 5295 sit
2842 5239 2900 5293 in
2935 5239 3046 5294 ﬁde
3079 5236 3364 5293 catholica
3384 5236 3480 5295 ille
3501 5239 3652 5293 The-

272 5326 517 5397 odosius,
553 5345 654 5401 per
686 5344 858 5402 quem
889 5327 1189 5384 Manichaei
1224 5326 1490 5382 nonnulli
1522 5333 1660 5384 sunt
1689 5329 1902 5401 proditi
1929 5348 1941 5398 ;
1977 5338 2030 5386 et
2059 5330 2173 5402 ipsi
2205 5346 2350 5402 quos
2381 5331 2452 5386 ab
2483 5346 2548 5385 eo
2579 5328 2860 5402 proditos,
2889 5331 3162 5400 putamus
3194 5342 3324 5382 esse
3344 5331 3650 5384 correctos.

273 5413 326 5471 Si
354 5417 490 5489 quid
523 5419 700 5475 etiam
731 5419 800 5474 de
830 5417 1184 5490 profectione
1215 5421 1550 5473 sanctorum
1583 5419 1988 5493 episcoporum
2022 5419 2166 5476 forte
2196 5418 2495 5486 audivisti,
2529 5418 2616 5474 fac
2647 5421 2712 5473 ut
2742 5417 3020 5473 noverim.
3053 5413 3168 5471 Deo
3196 5414 3375 5472 vivas.

1620 5586 1961 5644 EPISTOLA
1999 5587 2280 5646 CCXXIII.

373 5700 606 5758 Domino
638 5701 846 5758 merito
871 5701 1204 5772 venerabili,
1229 5717 1295 5757 ac
1326 5702 1666 5759 beatissimo
1694 5720 1858 5760 sacro
1888 5704 2039 5776 patri
2067 5705 2402 5759 Ausus'rmo
2432 5702 2722 5774 episcopo,
2756 5703 3212 5768 Quonvuurnsus
3242 5702 3543 5759 diaconus.

343 5841 391 5900 l.
422 5841 610 5903 Unum
631 5843 870 5918 quidem
895 5844 1246 5904 Reverentia:
1262 5848 1374 5903 tuae
1397 5846 2098 5919 commonitorium,quod
2112 5844 2683 5918 perecclesiasticum
2699 5844 2975 5918 dignatus
3001 5861 3063 5903 es
3083 5845 3651 5918 destinare,suscepi.
