4012 6444
375 377 449 442 19
1270 376 1726 441 ADMONITIO
1775 378 1850 438 IN
1897 376 2194 439 LIBRUM
2244 377 2346 438 DE
2393 375 2891 438 HERESIBUS.
3713 375 3792 436 20

372 512 516 570 Nam
542 513 693 584 quod
727 512 888 585 prius
916 511 1198 567 directum
1227 529 1353 568 esse
1385 515 1691 570 Bcatitudo
1744 518 1844 570 tua
1894 513 2264 583 significavit,
2321 531 2420 586 per
2458 512 2649 567 virum
2684 508 3084 566 honorabilem
3119 508 3503 576 Philocalum,
3538 511 3789 566 necdum

374 602 442 657 ad
479 619 572 656 me
601 602 876 673 pervenit.
909 601 1123 656 Verum
1161 603 1421 673 quamvis
1451 604 1724 659 conscius
1757 603 2124 674 propriorum
2161 619 2391 674 semper
2423 602 2628 657 fuerim
2666 604 3055 670 peccatorum,
3091 616 3245 653 nunc
3271 604 3464 655 tamen
3493 599 3792 655 evidenter

373 691 601 762 agnovi,
633 690 1007 763 adipiscendo
1039 689 1122 744 illi
1156 691 1307 763 quod
1341 693 1567 748 exoravi
1603 692 1854 759 muneri,
1891 708 2080 747 meam
2115 692 2219 748 toti
2252 691 2518 747 Ecclesia
2554 689 2970 761 impedimento
3002 704 3130 744 esse
3163 704 3496 760 personam.
3531 689 3643 744 Sed
3663 705 3787 743 om-

372 779 511 834 nino
543 781 791 845 confido,
818 780 1092 851 quoniam
1126 781 1223 850 qui
1252 798 1353 852 per
1386 781 1551 837 Unici
1578 783 1667 836 sui
1702 782 1953 854 gratiam
1986 781 2227 836 humani
2263 780 2494 852 generis
2524 780 2800 852 dignatus
2832 783 2920 832 est
2951 777 3140 833 delere
3173 779 3454 848 facinora,
3505 794 3608 833 nec
3658 793 3788 833 mea

370 867 430 924 in
462 868 772 938 perniciem
806 872 1146 923 cunctorum
1181 869 1488 941 praevalere
1524 872 1842 942 permittet,
1877 871 2181 942 potiusque
2211 871 2307 924 ubi
2342 870 2665 925 abundavit
2714 873 3038 940 peccatum,
3085 869 3334 939 gratiam
3369 866 3541 922 faciet
3567 867 3780 922 redun-

370 957 507 1012 dare
537 959 712 1026 (Rom.
747 974 800 1023 v,
830 957 920 1030 20)
952 959 1186 1013 domine
1216 959 1418 1014 merito
1451 959 1823 1029 venerabilis,
1853 977 1916 1014 ac
1950 959 2284 1015 beatissime
2312 965 2494 1028 pater.
2529 957 2940 1014 Difficultatcm
2975 958 3188 1028 operis,
3223 957 3373 1027 quod
3417 955 3783 1012 instruendis

368 1046 830 1117 imperitissimis
863 1046 1028 1102 nobis
1061 1064 1161 1118 per
1192 1051 1353 1103 tuam
1387 1049 1833 1104 beneficentiam
1868 1048 2124 1119 praestari
2161 1048 2505 1119 suppliciter
2526 1047 2772 1112 exoravi,
2809 1063 2911 1100 nec
2939 1045 3049 1117 ipsi
3082 1046 3360 1117 ignorans
3391 1053 3520 1101 ante
3570 1045 3780 1118 praadi-

367 1136 464 1204 xi;
499 1138 598 1192 sed
631 1138 703 1193 de
726 1137 900 1193 divini
937 1138 1110 1193 fontis
1141 1139 1423 1205 ubertate,
1459 1156 1637 1210 quam
1664 1139 1771 1194 tibi
1801 1139 2087 1195 Dominus
2116 1139 2342 1203 tribuit,
2376 1140 2562 1194 veraci
2592 1138 2762 1194 corde
2798 1137 3165 1208 prtesumpsi.

439 1231 492 1282 2.
528 1228 673 1285 Nam
704 1229 811 1304 etsi
847 1228 1195 1284 Philastrius
1220 1233 1276 1284 et
1307 1229 1671 1302 Epiphanius
1704 1231 2010 1285 venerandi
2058 1229 2314 1302 episcopi
2363 1229 2478 1284 tale
2524 1229 2744 1301 aliquid
2797 1227 3105 1300 scripsisse
3150 1231 3580 1298 memorantur,
3635 1227 3789 1298 quod

369 1316 566 1389 procul
600 1317 779 1373 dubio
811 1333 903 1373 me
935 1318 1084 1373 inter
1113 1323 1337 1385 cratera,
1373 1319 1488 1374 imo
1521 1319 1673 1373 sicut
1703 1318 1921 1386 omnia,
1957 1318 2100 1374 latet
2130 1335 2142 1374 :
2179 1335 2291 1374 non
2327 1322 2521 1373 tamen
2556 1318 2805 1372 arbitror
2829 1333 2926 1372 eos
2957 1317 3105 1371 hanc
3137 1332 3336 1371 curam
3382 1315 3784 1388 diligentiam-

367 1421 478 1477 que
507 1406 867 1475 adhibuisse,
903 1411 966 1461 ut
996 1406 1246 1478 singulis
1280 1406 1613 1478 quibusque
1667 1407 2042 1478 opinionibus
2095 1408 2420 1463 contrarias
2470 1407 2646 1462 etiam
2701 1406 3008 1476 opiniones
3054 1406 3468 1477 adjungerent,
3522 1405 3791 1476 ritusque

365 1494 758 1566 subjicerent;
795 1501 920 1550 tum
952 1495 1203 1566 denique
1236 1512 1384 1566 opus
1417 1495 1560 1550 illud
1595 1497 1901 1567 utriusque
1935 1496 2362 1567 qualecumque
2394 1496 2470 1550 sit
2499 1512 2613 1550 non
2647 1495 2824 1550 habet
2844 1493 3109 1549 fortassis
3143 1510 3292 1562 eam,
3319 1510 3497 1565 quam
3524 1493 3790 1549 desidero

364 1583 727 1638 brevitatem.
765 1585 1002 1639 Frustra
1033 1585 1207 1640 etiam
1241 1584 1490 1649 homini,
1524 1586 1622 1656 qui
1657 1585 1840 1640 latina
1867 1603 1979 1641 non
2014 1585 2238 1652 didicit,
2273 1601 2458 1656 graeca
2491 1585 2765 1638 facundia
2795 1583 3099 1655 delegatur
3127 1599 3139 1638 :
3175 1581 3314 1653 quia
3345 1598 3461 1636 non
3513 1598 3618 1654 ego
3670 1587 3792 1638 tan-

359 1673 665 1728 tummodo
698 1673 1030 1742 consilium,
1063 1674 1163 1729 sed
1195 1677 1250 1729 et
1282 1673 1566 1729 auxilium
1603 1675 1911 1746 postulavi.
1947 1675 2094 1739 Quid
2127 1679 2322 1728 autem
2353 1673 2796 1729 Venerationem
2832 1680 2987 1727 tuam
3022 1673 3091 1727 de
3125 1670 3511 1743 interpretum
3545 1688 3660 1727 non
3694 1689 3785 1728 so-

361 1761 485 1816 lum
519 1761 883 1829 difﬁcultate,
918 1763 1019 1817 sed
1051 1763 1222 1818 etiam
1257 1763 1614 1818 obscuritate
1646 1765 2020 1832 admoneam,
2056 1778 2186 1818 cum
2238 1763 2362 1834 ipse
2404 1763 2509 1817 hoc
2564 1762 2749 1833 magis
2777 1778 2843 1815 ac
2876 1761 3045 1833 plene
3076 1761 3409 1831 dijudices?
3440 1761 3678 1817 Accedit
3709 1761 3780 1816 ad

364 1866 626 1918 causam,
651 1851 804 1922 quod
838 1849 1134 1906 nonnullae
1165 1851 1340 1906 etiam
1373 1856 1503 1924 post
1534 1851 1767 1908 illorum
1805 1852 2033 1908 obitum
2065 1852 2314 1907 haereses
2363 1851 2672 1906 emersisse
2724 1851 3064 1916 doceantur,
3119 1866 3371 1920 quarum
3423 1849 3648 1904 nullam
3697 1849 3782 1904 illi

364 1939 608 1996 fecerint
640 1941 1016 1996 mentionem.

435 2029 488 2085 3.
523 2029 909 2095 Quamobrem
945 2031 1014 2084 ad
1045 2028 1332 2101 peculiare
1363 2031 1746 2102 patrocinium
1779 2031 2011 2102 pietatis
2044 2035 2154 2085 tuae
2178 2030 2475 2102 confugio,
2505 2035 2562 2085 et
2593 2045 2729 2084 voce
2762 2045 2911 2098 mea,
2941 2029 3039 2082 sed
3089 2027 3403 2082 universali
3462 2027 3774 2096 desiderio,

360 2122 629 2191 paratum
664 2119 734 2174 ad
769 2118 1225 2174 misericordiam
1261 2125 1696 2175 sacrosanctum
1726 2120 1960 2190 pietatis
1994 2125 2194 2191 pectus
2224 2118 2492 2191 appello;
2529 2119 2910 2190 sequestratis
2941 2118 3251 2188 saporibus
3285 2117 3776 2188 peregrinis,con-

361 2206 616 2263 siderato
647 2211 803 2263 textu
827 2207 1036 2279 prioris
1067 2208 1343 2278 epistolae,
1377 2225 1587 2280 panem
1620 2210 1849 2278 Afrum,
1886 2226 2062 2282 quem
2091 2213 2292 2264 nostra
2324 2207 2624 2280 provincia
2673 2206 2821 2261 solet
2870 2206 3086 2261 habere
3123 2207 3505 2277 praecipuum,
3557 2205 3777 2262 calesti

360 2293 534 2351 etiam
567 2310 780 2350 manna
811 2295 1265 2361 conditum,sero
1299 2297 1552 2368 pulsanti
1581 2301 1636 2353 et
1667 2298 1880 2352 famem
1914 2297 2157 2369 patienti
2193 2315 2306 2352 non
2339 2298 2608 2369 deneges.
2637 2296 2894 2350 Profecto
2921 2295 3076 2350 enim
3115 2310 3219 2348 nec
3249 2311 3354 2366 ego
3392 2294 3625 2367 pulsare
3653 2311 3777 2350 ces-

360 2383 522 2454 sabo,
555 2384 737 2439 donec
769 2384 892 2456 ipse
923 2387 1241 2442 concedas:
1279 2390 1342 2441 ut
1373 2387 1530 2458 quod
1562 2403 1675 2443 non
1705 2386 1980 2458 impetrat
2009 2385 2402 2459 privilegium,
2436 2385 2532 2440 ubi
2564 2384 2792 2440 nullum
2823 2391 2907 2440 est
2930 2384 3226 2447 meritum,
3246 2384 3453 2440 saltem
3476 2383 3772 2441 indefessa

357 2471 780 2545 importunitas
814 2478 1123 2530 mereatur.

1728 2617 2072 2673 EPISTOLA
2111 2617 2389 2673 CCXXIV.

598 2731 844 2788 Domino
876 2731 1177 2788 sinceriter
1205 2731 1607 2803 dilectissimo,
1645 2733 1808 2789 fratri
1838 2737 1893 2789 et
1923 2732 2276 2790 condiacono
2309 2734 2751 2799 Quonvunnao,
2783 2733 3159 2788 AUGUSTINUS
3191 2730 3524 2803 episcopus.

432 2874 483 2928 1.
517 2876 659 2928 Cum
694 2873 840 2928 mihi
870 2874 989 2929 haec
1022 2875 1311 2930 scribendi
1343 2877 1648 2931 otierretur
1678 2875 1905 2930 occasio
1938 2893 2040 2947 per
2088 2875 2497 2931 Fussalensem
2534 2877 2956 2948 presbyterum,
2991 2891 3162 2946 quem
3194 2875 3539 2930 commendo
3569 2873 3771 2931 Chari-

358 2962 462 3018 tati
494 2967 610 3018 tua:
641 2964 905 3018 recensui
936 2963 1244 3035 epistolam
1278 2969 1464 3028 tuam,
1498 2965 1556 3019 in
1590 2982 1708 3035 qua
1734 2965 1903 3036 petis,
1938 2971 2004 3020 ut
2049 2966 2120 3020 de
2161 2965 2504 3031 bmresibus,
2539 2982 2666 3036 quae
2699 2964 2834 3020 oriri
2868 2969 3182 3036 potuerunt
3211 2981 3278 3019 ex
3308 2980 3422 3035 quo
3451 2963 3678 3018 Domini
3708 2963 3768 3019 in

361 3065 534 3107 carne
561 3051 820 3106 nuntiari
853 3052 1026 3124 coepit
1055 3054 1357 3120 adventus,
1392 3052 1612 3124 aliquid
1649 3054 1988 3108 scriberem.
2026 3055 2137 3108 Hoc
2170 3059 2362 3108 autem
2393 3054 2522 3118 feci,
2557 3061 2617 3107 ut
2648 3053 2900 3108 viderem
2936 3054 3278 3124 utrumjam
3313 3053 3582 3108 deberem
3627 3068 3775 3124 opus

359 3139 552 3212 ipsum
589 3141 850 3213 aggredi,
884 3145 940 3196 et
972 3142 1105 3197 inde
1137 3143 1240 3197 tibi
1273 3141 1494 3214 aliquid
1529 3145 1756 3198 mittere
1783 3161 1795 3211 ;
1831 3143 1927 3198 ubi
1962 3143 2364 3198 considerares
2394 3150 2553 3198 tanto
2587 3159 2716 3198 esse
2746 3142 3068 3210 difﬁcilius,
3100 3147 3317 3213 quanto
3347 3142 3433 3197 vis
3462 3142 3612 3198 efﬁci
3643 3142 3775 3197 bre-

358 3229 513 3285 vius.
555 3231 664 3285 Sed
699 3247 769 3286 ne
794 3230 902 3285 hoc
932 3231 1166 3302 quidem
1202 3232 1384 3303 potui,
1416 3232 1636 3287 talibus
1668 3232 1827 3288 curis
1859 3233 2408 3304 supervenientibus
2440 3232 2782 3303 impeditus,
2816 3250 2849 3287 a
2879 3231 3094 3304 quibus
3125 3231 3364 3288 omnino
3397 3229 3770 3287 dissimulare

358 3335 475 3375 non
509 3336 740 3390 possem
769 3336 781 3373 :
814 3337 950 3375 nam
985 3338 1076 3376 me
1110 3322 1182 3377 ab
1213 3338 1300 3387 eo,
1331 3323 1481 3393 quod
1515 3322 1805 3376 habebam
1839 3323 1896 3376 in
1931 3323 2227 3388 manibus,
2263 3327 2613 3377 averterunt.

426 3408 481 3462 2.
515 3412 634 3463 Hoc
666 3413 862 3463 autem
895 3413 952 3463 et
983 3410 1080 3464 ubi
1106 3412 1426 3482 respondeo
1456 3411 1620 3466 libris
1649 3410 1892 3477 Juliani,
1927 3427 2076 3482 quos
2107 3415 2232 3466 octo
2265 3411 2448 3466 edidit
2481 3415 2612 3482 post
2635 3410 2764 3466 illos
2789 3414 3060 3482 quatuor,
3085 3410 3302 3481 quibus
3325 3415 3457 3466 ante
3476 3409 3772 3481 respondi.

357 3495 474 3553 Hos
504 3497 660 3552 enim
693 3514 825 3552 cum
859 3498 1053 3553 Romae
1085 3499 1401 3570 accepisset
1431 3500 1611 3554 frater
1639 3499 1904 3571 Alypius,
1955 3501 2217 3554 nondum
2269 3516 2471 3555 omnes
2506 3499 2915 3569 descripserat,
2947 3515 3083 3553 cum
3117 3498 3371 3554 oblatam
3407 3500 3771 3555 occasionem

357 3585 544 3643 noluit
573 3588 883 3657 praeterire,
916 3604 1016 3659 per
1047 3605 1222 3659 quam
1257 3588 1400 3644 mihi
1447 3589 1703 3661 quinque
1755 3589 2116 3656 transmisit;
2160 3590 2513 3661 promittens
2560 3588 2703 3644 alios
2757 3593 2875 3644 tres
2924 3588 3034 3643 cito
3090 3604 3150 3644 se
3175 3605 3304 3644 esse
3333 3589 3675 3655 missurum,
3710 3593 3765 3646 et

358 3674 612 3731 multum
646 3676 875 3732 instans
906 3693 997 3731 me
1032 3679 1383 3748 respondere
1414 3678 1727 3733 differrem.
1762 3680 1944 3748 Cujus
1987 3679 2269 3733 instantia
2318 3683 2556 3733 coactus
2601 3695 2733 3732 sum
2764 3677 3067 3733 remissius
3097 3694 3264 3750 agere
3296 3679 3449 3749 quod
3483 3679 3725 3750 agebam
3756 3703 3770 3747 ;

358 3767 424 3819 ut
450 3764 607 3833 operi
640 3765 874 3835 utrique
905 3782 1016 3820 non
1052 3767 1334 3836 deessem,
1368 3767 1469 3820 uni
1501 3767 1727 3833 diebus,
1763 3766 1928 3822 alteri
1963 3768 2252 3832 noctibus,
2287 3768 2520 3839 quando
2554 3766 2696 3821 mihi
2738 3768 2808 3821 ab
2841 3766 2971 3822 aliis
2998 3767 3480 3837 occupationibus
3513 3767 3648 3822 hinc
3677 3771 3766 3822 at-

360 3869 474 3925 que
503 3853 639 3908 hinc
664 3855 861 3910 venire
892 3872 1006 3910 non
1039 3855 1456 3911 desistentibus
1488 3861 1839 3927 parceretur.
1874 3858 2128 3929 Agebam
2160 3874 2294 3911 vero
2338 3874 2458 3911 rem
2503 3856 2826 3928 plurimum
2862 3856 3289 3913 necessariam:
3327 3873 3460 3911 nam
3495 3861 3772 3911 retracta-

361 3941 497 3997 bam
528 3943 812 4013 opuscula
844 3959 993 4010 mea,
1027 3948 1083 3999 et
1113 3944 1160 3999 si
1196 3944 1338 4015 quid
1372 3945 1429 3999 in
1458 3945 1541 4000 eis
1572 3961 1666 3999 me
1695 3946 2031 4009 offenderet,
2064 3945 2148 4000 vel
2184 3945 2328 4000 alios
2360 3945 2650 4000 offendere
2696 3949 2913 4016 posset,
2948 3945 3160 4016 partim
3193 3945 3579 4012 defendendo,
3613 3946 3770 4016 quod

360 4030 472 4102 legi
506 4031 740 4086 deberet
769 4037 823 4086 et
851 4037 1045 4103 posset
1073 4034 1375 4103 cperabar.
1407 4035 1476 4090 Et
1508 4034 1621 4089 duo
1651 4035 1950 4089 volumina
1973 4036 2097 4104 jam
2124 4034 2508 4099 absolverem,
2545 4035 2871 4089 retractatis
2902 4034 3176 4090 omnibus
3207 4033 3374 4089 libris
3423 4034 3590 4100 meis,
3639 4050 3776 4104 quo-

359 4136 492 4176 rum
525 4136 833 4174 numerum
872 4120 1201 4176 nesciebam
1230 4139 1242 4175 :
1267 4139 1481 4194 eosque
1511 4123 1795 4178 ducentos
1826 4122 2064 4194 triginta
2096 4125 2244 4180 duos
2273 4140 2401 4179 esse
2432 4124 2695 4194 cognovi.
2731 4123 3048 4178 Restabant
3073 4123 3349 4194 epistolas,
3383 4123 3589 4178 deinde
3620 4127 3773 4178 trac-

359 4212 518 4265 tatus
552 4207 879 4280 p0pulares,
914 4226 1062 4281 quos
1093 4209 1271 4265 Graeci
1304 4211 1576 4266 homilias
1607 4216 1832 4267 vocant.
1870 4213 1936 4266 Et
1962 4212 2249 4283 plurimas
2273 4214 2400 4282 jam
2431 4211 2809 4283 epistolarum
2844 4212 3122 4282 legeram,
3157 4213 3257 4266 sed
3290 4211 3482 4267 adhuc
3504 4210 3648 4266 nihil
3683 4211 3771 4266 in-

360 4298 431 4353 de
463 4299 836 4363 dictaveram,
872 4315 1003 4354 cum
1038 4316 1130 4354 me
1163 4301 1335 4355 etiam
1367 4300 1462 4354 isti
1493 4300 1712 4355 Juliani
1744 4300 1875 4356 libri
1909 4317 2191 4373 occupare
2225 4309 2539 4372 coeperant,
2569 4318 2818 4372 quorum
2852 4319 3006 4356 nunc
3036 4308 3243 4371 quarto
3276 4302 3625 4373 respondere
3657 4318 3775 4356 cce-

358 4386 438 4457 pi.
472 4385 713 4450 Quando
744 4403 878 4457 ergo
912 4387 966 4441 id
1000 4387 1377 4458 explicavero,
1399 4388 1720 4460 quintoque
1753 4391 2195 4460 respondero,si
2230 4395 2346 4446 tres
2381 4407 2493 4446 non
2521 4391 2983 4461 supervenerint,
3019 4391 3265 4462 dispono
3299 4390 3370 4462 (si
3403 4391 3557 4446 Deus
3586 4389 3776 4446 volue-

358 4473 452 4544 rit)
483 4479 537 4529 et
567 4476 721 4546 quod
754 4477 945 4546 poscis
972 4476 1244 4548 incipere,
1277 4478 1454 4532 simul
1487 4495 1664 4550 agens
1698 4483 2031 4551 utrumque,
2063 4485 2119 4535 et
2142 4481 2249 4536 hoc
2282 4480 2522 4548 scilicet,
2555 4485 2612 4535 et
2642 4479 2785 4534 illud
2819 4480 2888 4534 de
2911 4481 3319 4537 retractatione
3347 4479 3766 4552 opusculorum

359 4579 642 4630 meorum,
679 4566 979 4621 nocturnis
1034 4571 1090 4621 et
1119 4567 1347 4622 diurnis
1378 4567 1738 4639 temporibus
1765 4567 1822 4623 in
1858 4569 2091 4640 singula
2122 4569 2473 4625 distributis.

430 4654 481 4707 3.
518 4654 634 4708 Hoc
667 4654 794 4709 ideo
829 4654 1117 4710 insinuavi
1150 4657 1453 4712 Sanctitati
1479 4663 1612 4723 tuae,
1647 4663 1712 4712 ut
1743 4663 2026 4730 quantum
2062 4659 2165 4713 tibi
2201 4658 2558 4714 desiderium
2591 4664 2679 4714 est
2710 4658 2979 4714 sumendi
3011 4659 3165 4730 quod
3201 4659 3413 4731 poscis,
3469 4662 3631 4715 tanto
3665 4659 3773 4714 ﬂa-

359 4742 626 4813 grantius
657 4760 690 4798 a
722 4745 964 4800 Domino
997 4745 1137 4799 mihi
1174 4763 1379 4817 poscas
1410 4747 1784 4816 adjutorium,
1819 4765 1934 4819 quo
1969 4748 2212 4803 serviam
2248 4748 2526 4803 laudabili
2560 4750 2753 4804 studio
2787 4754 2901 4812 tuo,
2937 4753 3112 4819 atque
3145 4748 3382 4804 utilitati
3410 4766 3609 4804 eorum
3644 4747 3772 4820 qui-

359 4830 472 4886 bus
529 4831 584 4885 id
643 4832 940 4887 existimas
972 4835 1365 4904 profuturum,
1398 4837 1632 4891 domine
1661 4838 1966 4892 sinceriter
2002 4837 2392 4892 delectissime
2442 4839 2637 4892 frater.
2671 4837 3021 4892 Commendo
3053 4837 3263 4893 iterum
3300 4837 3668 4909 perlatorem,
3720 4840 3778 4892 et

360 4920 659 4992 negotium
717 4925 953 4992 propter
1007 4923 1160 4993 quod
1192 4940 1257 4978 eo
1290 4925 1578 4995 perrexit;
1612 4924 1660 4979 si
1694 4925 2031 4995 cognoveris
2089 4927 2243 4996 apud
2281 4942 2449 4996 quem
2486 4927 2778 4997 agendum
2811 4927 2910 4991 sit,
2942 4931 3071 4997 peto
3116 4942 3184 4981 ne
3227 4927 3420 4998 pigeat
3475 4927 3772 4998 adjuvare.

357 5006 484 5063 Non
518 5009 674 5064 enim
707 5026 1024 5082 possumus
1082 5013 1460 5069 necessitates
1517 5014 1827 5069 hominum
1859 5015 2152 5084 ejusmodi
2185 5016 2472 5082 deserere,
2502 5014 2602 5086 qui
2631 5015 2816 5070 nostri
2850 5032 2964 5070 non
2997 5013 3206 5083 coloni,
3242 5015 3364 5087 sed,
3391 5015 3546 5088 quod
3576 5015 3772 5086 majus

359 5101 467 5168 est,
494 5097 703 5154 fratres
734 5103 892 5167 sunt,
924 5103 980 5157 et
1009 5100 1066 5156 in
1098 5101 1378 5159 charitate
1408 5102 1622 5159 Christi
1654 5103 1725 5159 ad
1757 5119 1961 5160 curam
1989 5104 2282 5176 pertinent
2313 5110 2593 5160 nostram.
2629 5109 2743 5160 Deo
2773 5104 2952 5160 vivas.
