4012 6472
363 412 441 474 27

365 545 630 603 Tradunt
661 552 853 604 autem
895 549 1171 621 dogmata
1201 548 1650 604 fabulosissimis
1699 547 1868 620 plena
1898 547 2010 618 ἢε-

367 638 580 692 mentis
613 652 627 692 ε
659 640 830 692 etiam
865 637 974 710 ipsi
1008 637 1363 710 principium
1406 638 1490 693 vel
1525 638 1865 709 angelorum
1900 653 2006 691 no-

353 725 616 781 minibus
647 726 1010 783 terribilibus
1062 727 1328 784 inﬁrmas
1362 727 1588 783 animas
1634 727 1910 799 capiunt;
1945 731 2001 781 et

348 814 419 870 de
453 815 565 869 Deo
597 831 910 887 rerumque
939 820 1170 887 natura,
1199 816 1465 873 fabulosa
1495 821 1552 873 et
1581 833 1615 872 a
1643 817 1892 872 sanitate
1909 832 2002 872 ve-

344 902 536 958 ritatis
565 903 756 960 aliena
787 905 972 960 multa
1005 906 1704 962 contexunt.Animarum
1725 905 1997 961 substan-

343 992 507 1058 tiam,
543 993 643 1049 Dei
675 994 880 1049 dicunt
909 1011 1038 1050 esse
1091 1001 1385 1064 naturam,
1418 1011 1738 1067 earumque
1782 995 1994 1050 adven-

348 1085 472 1137 tum
507 1081 566 1138 in
597 1083 718 1138 hac
750 1100 991 1155 corpora
1032 1089 1090 1139 et
1134 1084 1386 1140 reditum
1438 1085 1508 1139 ad
1558 1084 1738 1140 Deum
1787 1084 1992 1140 iisdem

352 1171 478 1227 suis
512 1171 722 1227 fabulis
752 1171 1114 1245 longissimis
1144 1178 1202 1229 et
1251 1173 1620 1230 stultissimis
1670 1174 1994 1230 secundum

349 1277 490 1318 suos
520 1277 742 1317 errores
773 1262 1040 1318 inserunt
1071 1278 1084 1316 :
1117 1267 1175 1318 et
1200 1263 1343 1333 [illos
1373 1262 1472 1335 qui
1504 1262 1587 1318 eis
1618 1262 1864 1317 credunt
1911 1262 1995 1318 fa-

355 1350 536 1420 ciunt,
571 1367 684 1406 non
731 1350 937 1419 multa,
972 1356 1037 1406 ut
1084 1356 1311 1423 putant,
1345 1349 1586 1407 scientia
1633 1350 1992 1424 przepollere,

351 1440 450 1494 sed
497 1439 702 1506 multa,
736 1444 799 1494 ut
845 1441 925 1495 ita
957 1440 1166 1508 dicam,
1203 1439 1570 1496 fabulositate
1621 1440 1990 1498 vanescere‘.

349 1527 635 1584 Dicuntur
687 1547 920 1601 quoque
969 1531 1186 1585 bonum
1238 1531 1413 1586 deum
1461 1535 1519 1587 et
1547 1530 1771 1587 malum
1817 1531 1995 1587 deum

350 1615 408 1672 in
441 1618 565 1672 suis
597 1617 809 1673 habere
840 1618 1235 1691 dogmatibus.

420 1706 540 1762 VII.
574 1711 1024 1763 Camenarum
1057 1712 1198 1763 sunt
1221 1726 1253 1763 a
1284 1709 1648 1780 Carpocrate,
1684 1708 1783 1781 qui
1821 1709 1993 1766 doce-

346 1795 448 1851 bat
474 1813 702 1852 omnem
734 1800 960 1868 turpem
993 1798 1413 1870 operationem,
1451 1813 1798 1871 omnemque
1830 1799 1993 1853 adin-

343 1885 672 1940 ventionem
707 1886 922 1958 peccati
963 1903 975 1941 :
1011 1904 1115 1942 nec
1150 1887 1316 1943 aliter
1345 1886 1507 1943 evadi
1541 1892 1717 1959 atque
1754 1888 1992 1944 transiri

346 1973 708 2046 principatus
751 1979 807 2029 et
837 1979 1178 2046 potestates,
1214 1977 1430 2047 quibus
1480 1977 1602 2032 haec
1647 1974 1896 2048 placent,
1929 1980 1994 2032 ut

346 2065 531 2135 possit
561 2064 626 2117 ad
661 2063 868 2118 ccelum
909 2065 1182 2137 superius
1215 2066 1524 2137 perveniri.
1557 2067 1660 2121 Hic
1691 2066 1864 2121 etiam
1897 2067 1990 2122 Je-

345 2167 473 2207 sum
520 2151 816 2208 hominem
865 2154 1294 2220 tantummodo,
1332 2159 1388 2208 et
1437 2154 1508 2208 de
1561 2159 1810 2224 utroque
1850 2167 1990 2208 sexu

349 2248 548 2297 natum
585 2245 823 2312 putasse
849 2242 1323 2313 perhibetur,sed
1357 2242 1650 2313 accepisse
1667 2240 1842 2297 talem
1867 2241 1990 2296 ani-

347 2344 527 2392 mam,
579 2346 696 2399 qua
742 2330 917 2386 sciret
964 2348 1032 2386 ea
1083 2349 1212 2403 quae
1258 2348 1513 2402 superna
1557 2335 1776 2401 essent,
1819 2334 1991 2402 atque

343 2418 661 2472 nuntiaret.
678 2417 1182 2475 Resurrectionem
1201 2420 1460 2491 corporis
1481 2419 1656 2475 simul
1676 2436 1808 2475 cum
1843 2420 1990 2492 Lege

345 2504 672 2575 abjiciebut.
727 2507 987 2580 Negabat
1034 2525 1067 2563 a
1114 2509 1229 2564 Deo
1281 2510 1520 2575 factum,
1566 2510 1667 2565 sed
1717 2526 1750 2563 a
1795 2508 1988 2565 nescio

344 2595 559 2666 quibus
606 2595 921 2652 virtutibus
969 2597 1278 2652 mundum.
1331 2597 1509 2654 Sectas
1566 2597 1756 2670 ipsius
1805 2597 1989 2654 fuisse

337 2683 594 2739 traditur
641 2687 908 2757 quaedam
960 2686 1315 2755 Marcellina,
1350 2704 1475 2759 quea
1508 2686 1735 2743 colebat
1778 2687 1987 2759 imagi-

341 2789 446 2829 nes
475 2773 614 2830 Jesu
647 2780 704 2830 et
732 2775 896 2830 Pauli
928 2780 981 2831 et
1014 2775 1246 2833 Homeri
1274 2781 1332 2832 et
1366 2777 1720 2850 Pythagorea,
1745 2777 1990 2832 adoran-

345 2861 416 2918 do
447 2862 870 2936 incensumque
902 2867 1189 2936 ponendo.

416 2951 562 3006 VIII.
601 2955 968 3008 Csmnrnum
1008 2971 1042 3008 a
1087 2953 1382 3020 Cerintho,
1431 2955 1726 3027 iidemque
1775 2955 1990 3010 Merin-

350 3039 533 3095 thiani
580 3058 613 3095 a
670 3041 980 3109 Merintho,
1032 3043 1319 3097 mundum
1371 3044 1442 3098 ab
1501 3043 1726 3116 angelis
1769 3044 1987 3100 factum

345 3144 474 3184 esse
503 3129 780 3198 dicentes,
827 3134 883 3185 et
911 3147 1081 3186 carne
1129 3131 1468 3187 circumcidi
1498 3137 1781 3204 oportere,
1815 3139 1990 3205 atque

341 3215 457 3273 alia
487 3218 828 3288 hnjusmodi
862 3219 1031 3292 Legis
1061 3224 1346 3294 praecepta
1377 3223 1613 3277 servari.
1645 3223 1850 3278 Jesum
1882 3224 1989 3280 ho-

346 3306 562 3362 minem
615 3310 1024 3364 tantummodo
1057 3310 1257 3381 fuisse,
1303 3328 1403 3366 nec
1449 3314 1856 3378 resurrexisse,
1889 3314 1989 3368 sed

345 3401 815 3453 resurrecturum
868 3404 1288 3455 asseverantes.
1341 3401 1494 3458 Mille
1526 3418 1756 3474 quoque
1806 3420 1990 3458 annos

352 3490 485 3558 post
533 3488 1014 3544 resurrectionem
1046 3488 1104 3543 in
1150 3493 1379 3545 terreno
1408 3507 1585 3562 regno
1633 3491 1873 3557 Christi,
1904 3509 1991 3548 se-

350 3573 610 3629 cundum
652 3574 915 3630 carnales
962 3577 1182 3633 ventris
1229 3583 1287 3633 et
1334 3578 1598 3634 libidinis
1639 3579 1992 3651 voluptates,

348 3661 578 3718 futuros
610 3664 945 3719 fabulantur
979 3681 992 3721 :
1026 3667 1181 3722 unde
1210 3667 1385 3722 etiam
1403 3667 1694 3724 Chiliastaa
1723 3673 1862 3725 sunt
1893 3687 1993 3743 ap-

346 3749 540 3823 pellati
573 3753 717 3822 (Vid.
752 3753 848 3807 lib.
880 3755 951 3807 20
976 3754 1041 3810 de
1075 3757 1310 3812 Civitate
1338 3758 1455 3823 Dei,
1482 3774 1603 3826 cap.
1635 3760 1690 3812 7.

420 3839 512 3893 IX.
546 3841 836 3911 NAZAREI,
871 3859 1003 3898 cum
1041 3845 1134 3898 Dei
1193 3845 1400 3901 Filium
1432 3848 1822 3902 conﬁteantur
1869 3862 1997 3902 esse

353 3927 672 4000 Christum,
711 3932 909 3986 omnia
956 3937 1150 3989 tamen
1190 3933 1399 3990 veteris
1450 3935 1615 4007 Legis
1667 3936 1995 4002 observant,

356 4033 484 4090 qum
529 4019 841 4075 Christiani
885 4037 988 4092 per
1035 4023 1412 4093 apostolicam
1461 4025 1834 4080 traditionem
1883 4042 1998 4080 non

354 4108 662 4163 observare
719 4111 1048 4181 carnaliter,
1102 4114 1201 4168 sed
1251 4112 1632 4185 spiritualiter
1678 4113 2000 4186 intelligere

360 4196 693 4252 didicerunt
728 4200 869 4254 (Vid.
904 4201 1002 4254 lib.
1041 4202 1065 4254 1
1106 4207 1294 4256 contra.
1325 4201 1694 4270 Cresconium,
1735 4220 1853 4275 cap.
1886 4204 1997 4275 3|).

423 4284 488 4339 X.
525 4287 1090 4344 EsiomsiChristum
1115 4291 1290 4345 etiam
1314 4291 1428 4362 ipsi
1453 4293 1863 4348 tantummodo
1895 4293 2001 4349 ho-

353 4373 571 4429 minem
607 4375 828 4430 dicunt.
865 4377 1138 4433 Mandata
1181 4379 1441 4435 carnalia
1470 4379 1638 4452 Legis
1669 4382 2000 4451 observant,

354 4463 862 4520 circumcisionem
915 4466 1137 4522 scilicet
1183 4469 1400 4536 carnis,
1433 4474 1491 4525 et
1520 4476 1745 4536 caetera,
1779 4488 1810 4526 a
1859 4488 1999 4542 quo-

359 4568 493 4607 rum
539 4554 813 4609 oneribus
857 4571 960 4625 per
1006 4555 1230 4611 Novum
1279 4557 1724 4615 Testamentum
1773 4560 2000 4616 liberati

361 4657 590 4698 sumus.
644 4642 784 4698 Huic
817 4642 1020 4699 haeresi
1054 4644 1414 4716 Epiphanius
1454 4648 1776 4720 Sampsaeos
1826 4653 1881 4705 et
1911 4649 2000 4703 El-

356 4749 566 4788 ceszeos
600 4733 619 4766 ²
673 4732 756 4787 ita
796 4733 1047 4805 cepulat,
1082 4739 1147 4788 ut
1189 4736 1299 4790 sub
1329 4738 1529 4792 eodem
1583 4755 1845 4806 numero,
1878 4743 2004 4795 tan-

358 4839 535 4894 quam
569 4839 689 4876 una
733 4823 810 4876 sit
839 4822 1097 4888 haeresis,
1134 4828 1330 4896 ponat,
1363 4825 1582 4898 aliquid
1634 4833 1828 4884 tamen
1859 4829 2003 4885 inte-

355 4927 515 4969 resse
570 4911 909 4983 signiﬁcans
943 4929 956 4967 :
992 4913 1261 4984 quamvis
1304 4919 1353 4970 el
1405 4915 1463 4970 in
1499 4919 2002 4989 consequentibus

359 4999 639 5071 loquatur
670 5000 738 5055 de
770 4999 906 5071 illis,
931 5017 1156 5072 ponens
1187 5019 1284 5058 eos
1315 5005 1425 5060 sub
1458 5023 1702 5062 numero
1735 5024 1864 5063 suo.
1891 5009 2004 5063 Eu-

349 5089 548 5145 sebius
593 5106 726 5144 vero
776 5088 1191 5146 Elcesaitarum
1243 5098 1459 5149 sectam
1508 5111 2000 5168 commemorans,

355 5179 532 5234 ﬁdem
563 5178 623 5232 in
652 5178 1052 5249 persecutione
1083 5180 1222 5236 dicit
1265 5184 1590 5256 negandam
1626 5185 1912 5255 docuisse,
1945 5191 2003 5242 et

355 5267 415 5322 in
447 5269 618 5322 corde
647 5269 991 5324 servandam
1024 5269 1262 5340 (Euseb.,
1296 5272 1390 5346 lib.
1424 5275 1477 5340 6,
1507 5290 1624 5345 cap.
1659 5275 1769 5346 38).

418 5385 434 5418 ί
468 5383 642 5453 Editio
670 5384 775 5441 Er.,
827 5401 852 5453 ᾳ
883 5397 1175 5453 earumque
1218 5342 1504 5453 adv’entum
1535 5391 1589 5438 in
1634 5390 1750 5439 hinc
1782 5403 2005 5453 corpora

357 5462 385 5494 α
413 5459 534 5515 cum
560 5445 673 5515 aliis
713 5447 884 5515 aereis
909 5445 1190 5515 animabus
1220 5451 1405 5500 dicunt
1434 5452 1563 5510 ﬁeri,
1597 5467 1692 5515 per
1721 5468 1851 5515 quas
1876 5445 2002 5515 pec-

358 5527 384 5552 «
413 5513 529 5556 cata
559 5509 611 5554 in
661 5510 1405 5580 cprporibus_committuntur
1435 5530 1446 5563 :
1481 5509 1611 5563 nam'
1651 5509 2003 5580 illasani'mas

356 5587 385 5618 α
413 5584 531 5635 qua}
583 5584 650 5635 ex_
677 5572 765 5618 Dei
798 5573 1091 5634 procedunt
1143 5576 1454 5635 substantia,
1487 5579 1679 5626 reverti
1717 5577 1782 5625 ad
1833 5580 2001 5627 Deum

351 5649 380 5701 ς
409 5632 812 5701 immaculatan
833 5635 1332 5701 Dicunturrquoque
1381 5632 1583 5688 bonum
1619 5641 1801 5695 Deum,
1845 5656 1872 5686 ι)
1899 5645 1998 5689 etc.

352 5696 550 5746 Locum
581 5708 644 5742 ex
685 5697 803 5745 Mss.
828 5696 1218 5761 exemplaribus
1247 5696 1681 5765 redintegrarunt
1713 5703 1998 5751 Lovanien-

346 5771 449 5809 888.

415 5821 437 5857 ³
463 5823 522 5889 In
551 5820 782 5889 antiquis
819 5823 1110 5889 codicibus
1139 5825 1392 5889 scriptum
1425 5827 1721 5889 reperimus
1750 5839 1871 5875 cum
1893 5839 2000 5889 Las,-

352 5883 635 5950 piratione,
666 5884 938 5935 Πειραιοῖ
955 5899 976 5950 ;
1005 5890 1058 5936 et
1098 5883 1262 5947 infra;
1287 5883 1706 5950 Helcesa't'tarum,
1738 5903 1850 5949 seu,
1883 5887 1998 5939 Hel-

358 5947 654 5999 cueitarum
683 5950 889 6000 sectam.

1457 414 1559 476 DE
1605 413 2095 492 HJERESIBUS,
2141 415 2206 476 S.
2251 415 2675 480 AUGUSTINI

2424 185 2496 252 χχχ

2505 255 2552 292 ’χ

3688 422 3766 483 28

2187 547 2278 603 XI.
2301 552 2715 605 VALENTINIANI
2734 567 2765 605 a
2782 545 3115 616 Valentino,
3130 550 3232 622 qui
3252 551 3321 607 de
3342 555 3545 608 natura
3567 571 3763 611 rerum

2119 637 2300 692 multa
2333 639 2596 694 fabulosa
2614 639 2912 710 confluxit,
2930 639 3174 711 triginta
3201 641 3432 709 (Bonas,
3461 641 3517 697 id
3542 648 3647 712 est,
3663 661 3765 700 sa:-

2103 725 2252 793 cuia,
2289 743 2560 783 asserens
2610 728 2924 794 exstitisse,
2958 744 3208 800 quorum
3242 729 3596 802 principium
3631 749 3760 789 esse

2102 817 2460 888 profundum
2495 823 2551 872 et
2597 817 2924 888 silentium,
2958 818 3114 888 quod
3165 819 3524 890 profundum
3577 823 3756 878 etiam

2101 911 2325 977 patrem
2355 905 2610 977 appellat
2635 908 2674 960 ί.
2709 906 2789 962 Ex
2819 906 3036 978 quibus
3069 907 3298 963 duobus
3330 907 3489 964 velut
3517 926 3587 965 ex
3616 927 3756 966 con-

2092 994 2258 1066 jugio
2292 996 2646 1066 processisse
2665 995 2932 1067 perhibet
2964 994 3325 1052 intellectum
3347 1001 3402 1052 et
3425 999 3753 1072 veritatem,

2099 1089 2158 1140 et
2187 1084 2498 1156 protulisse
2521 1085 2580 1139 in
2612 1085 2890 1140 honorem
2922 1085 3104 1156 patris
3124 1085 3336 1142 Eonas
3366 1091 3516 1143 octo.
3547 1088 3628 1144 De
3659 1089 3752 1144 in-

2098 1171 2332 1228 tellectu
2367 1176 2560 1228 autem
2594 1177 2650 1228 et
2672 1173 2913 1228 veritate
2934 1174 3290 1244 processisse
3315 1175 3559 1230 verbum
3584 1181 3640 1232 et
3669 1177 3752 1232 vi-

2097 1264 2236 1330 tam,
2270 1265 2326 1317 et
2357 1261 2672 1333 protulisse
2692 1262 2905 1317 Eonas
2936 1262 3155 1319 decem.
3183 1267 3358 1319 Porro
3389 1264 3461 1320 de
3491 1266 3666 1321 verbo
3699 1271 3760 1323 et

2096 1351 2214 1405 vita
2245 1350 2603 1422 processisse
2633 1349 2928 1405 hominem
2983 1355 3038 1406 et
3066 1351 3411 1420 Ecclesiam,
3447 1356 3503 1408 et
3555 1359 3755 1425 protu-

2097 1437 2236 1494 lisse
2285 1439 2499 1495 Eonas
2548 1439 2879 1496 duodecim.
2936 1445 3138 1512 Itaque
3191 1445 3319 1497 octo
3351 1449 3405 1497 et
3446 1442 3647 1500 decem
3696 1448 3756 1500 et

2097 1527 2406 1583 duodecim
2439 1528 2560 1583 ﬁeri
2596 1528 2836 1600 triginta
2877 1530 3110 1599 lEonas,
3143 1530 3454 1600 habentes,
3507 1537 3571 1588 ut
3601 1533 3753 1589 dixi-

2098 1632 2253 1684 mus,
2287 1617 2546 1688 primum
2579 1617 2930 1690 principium
2970 1619 3041 1673 de
3069 1619 3358 1691 profundo
3389 1623 3446 1675 et
3493 1620 3750 1677 silentio.

2096 1705 2398 1763 Christum
2431 1711 2627 1762 autem
2661 1723 2695 1761 a
2711 1710 2873 1779 patre
2893 1706 3236 1778 missum,id
3261 1711 3371 1775 est,
3387 1710 3748 1781 aprofundo,

2096 1795 2397 1867 spirituale
2427 1796 2513 1851 vel
2560 1795 2785 1852 cmleste
2817 1813 3030 1869 corpus
3082 1813 3282 1853 secum
3315 1798 3582 1854 attulisse
3614 1813 3629 1855 :
3660 1799 3750 1854 ni-

2095 1883 2295 1956 hilque
2326 1885 2724 1957 assumpsisse
2754 1886 2826 1941 de
2849 1885 3072 1959 virgine
3102 1885 3305 1959 Maria,
3330 1888 3429 1943 sed
3458 1905 3559 1960 per
3585 1887 3750 1944 illam

2095 1977 2370 2045 tanquam
2404 1991 2506 2045 per
2535 1975 2720 2031 rivum
2742 1974 2762 2010 ³
2795 1980 2896 2031 aut
2926 1993 3029 2048 per
3059 1975 3319 2032 ﬁstulam
3367 1976 3494 2032 sine
3525 1977 3645 2032 ulla
3676 1977 3748 2034 de

2094 2061 2195 2117 illa
2225 2069 2530 2136 assumpta
2560 2081 2733 2120 carne
2765 2065 3067 2122 transisse.
3093 2067 3113 2102 ³
3134 2066 3317 2137 Negat
3347 2066 3520 2122 etiam
3546 2083 3744 2122 resur-

2095 2152 2410 2208 rectionem
2443 2154 2655 2224 carnis,
2692 2155 2883 2210 solum
2917 2172 3020 2227 per
3051 2154 3350 2211 Christum
3383 2156 3658 2228 spiritum
3689 2161 3747 2213 et

2095 2239 2352 2297 animam
2386 2242 2636 2298 salutem
2669 2244 2928 2315 accipere
2959 2245 3288 2300 afﬁrmans.

2165 2329 2280 2386 XII.
2317 2332 2668 2388 Sscunnum
2690 2333 2711 2366 ‘
2743 2332 2851 2388 hoc
2877 2350 2912 2390 a
2950 2332 3375 2390 Valentinianis
3404 2334 3622 2391 distare
3654 2335 3747 2390 di-

2093 2423 2326 2488 cuntur,
2363 2422 2517 2493 quod
2551 2422 2777 2477 addunt
2806 2439 2982 2494 opera
3018 2423 3426 2495 turpitudinis.

2165 2507 2309 2565 XIII.
2357 2510 2714 2566 PTOLEMEUB
2767 2529 3001 2583 quoque
3051 2510 3380 2584 discipulus
3429 2510 3744 2585 Valentini,

2091 2598 2356 2654 heresim
2391 2617 2600 2655 novam
2650 2601 2900 2656 condere
2949 2601 3212 2673 cupiens,
3247 2605 3500 2674 quatuor
3529 2603 3742 2660 Eonas

2089 2690 2147 2744 et
2177 2686 2323 2743 alios
2357 2693 2607 2760 quatuor
2637 2705 2895 2744 asserere
2927 2688 3170 2750 maluit.l

2162 2776 2306 2831 XIV.
2341 2777 2582 2832 Mancus
2611 2778 2786 2832 etiam
2832 2778 3026 2833 nescio
3057 2777 3192 2849 quis
3222 2777 3491 2834 haeresim
3536 2778 3737 2835 condi-

2091 2864 2197 2936 dit,
2222 2881 2442 2936 negans
2475 2867 2960 2922 resurrectionem
2989 2867 3278 2934 carnis,et
3305 2867 3600 2924 Christum
3621 2884 3736 2924 non

2089 2968 2241 3020 vere,
2275 2954 2376 3008 sed
2408 2955 2667 3026 putative
2690 2972 2929 3027 passum
2961 2973 3321 3013 asseverans.
3351 2957 3474 3012 Duo
3507 2972 3739 3028 quoque

2093 3043 2362 3113 opinatus
2393 3048 2482 3098 est
2506 3060 2575 3098 ex
2623 3044 2865 3099 adverso
2899 3045 3011 3100 sibi
3063 3061 3191 3100 esse
3222 3045 3529 3118 principia,
3570 3044 3742 3116 quid-

2093 3131 2223 3186 dam
2259 3130 2373 3187 tale
2405 3132 2474 3187 de
2505 3131 2784 3188 onnibus
2818 3133 2988 3204 quale
3038 3133 3387 3189 Valentinus
3417 3134 3740 3190 affirmans.

2163 3219 2276 3276 XV.
2309 3221 2682 3278 Comaaasus
2703 3222 2723 3256 ³
2755 3228 2991 3278 secutus
3021 3228 3110 3279 est
3140 3223 3309 3290 istos,
3343 3240 3457 3279 non
3493 3223 3745 3280 multum

2097 3308 2267 3364 aliter
2297 3310 2768 3382 sentiens,vitam
2801 3312 3066 3367 omnium
3086 3311 3394 3368 hominum
3427 3317 3482 3367 et
3513 3329 3746 3385 genera-

2095 3398 2310 3454 tionem
2342 3399 2400 3454 in
2433 3404 2657 3472 septem
2689 3401 2988 3457 sideribus
3021 3403 3341 3458 consistere
3372 3402 3694 3458 afﬁrmans.

2167 3487 2303 3544 XVI.
2341 3490 2785 3545 [Isaacnsom'ras
2814 3490 2886 3545 ab
2933 3489 3284 3546 Heracleone
3325 3489 3614 3561 discipqu
3647 3507 3746 3545 su-

2097 3577 2391 3650 periorum
2425 3579 2539 3633 duo
2570 3582 2844 3634 asserunt
2871 3578 3180 3650 principia,
3214 3596 3400 3636 unum
3442 3596 3510 3635 ex
3542 3579 3746 3648 altero,

2098 3670 2155 3722 et
2181 3683 2248 3721 ex
2270 3667 2362 3721 his
2394 3667 2624 3724 duobus
2641 3667 2756 3722 alia
2788 3667 3060 3740 plurima.
3079 3672 3370 3724 Feruntur
3390 3673 3582 3724 autem
3607 3685 3744 3725 suos

2100 3757 2416 3812 morientes
2465 3773 2610 3812 novo
2656 3757 2824 3813 modo
2855 3758 3024 3828 quasi
3056 3757 3360 3824 redimere,
3395 3757 3452 3813 id
3500 3763 3610 3829 est,
3644 3773 3748 3829 per

2101 3845 2317 3912 oleum,
2349 3844 2678 3901 balsamum
2711 3851 2766 3902 et
2799 3863 3036 3918 aquam,
3070 3851 3127 3902 et
3177 3847 3568 3903 invocationes
3599 3863 3745 3918 quas

2101 3933 2390 3990 hebraicis
2421 3935 2614 3990 verbis
2648 3935 2852 3990 dicunt
2881 3952 3058 4007 super
3087 3936 3276 4008 capita
3306 3953 3527 3992 eorum.

2173 4027 2350 4077 XVII.
2385 4024 2613 4079 Opunte
2645 4042 2678 4079 a
2708 4024 2946 4079 colubro
2977 4025 3263 4080 nominati
3295 4029 3433 4080 sunt
3465 4043 3478 4081 :
3513 4023 3748 4080 coluber

2102 4113 2255 4169 enim
2287 4130 2468 4185 graece
2497 4107 2620 4189 ὄφις
2651 4113 2886 4168 dicitur.
2916 4114 3080 4169 Hunc
3111 4119 3304 4169 autem
3335 4113 3633 4170 Christum
3664 4130 3749 4169 ar-

2103 4202 2396 4258 bitrantur
2428 4220 2440 4258 :
2475 4204 2573 4258 sed
2617 4203 2834 4258 habent
2881 4203 3053 4258 etiam
3086 4220 3287 4259 verum
3320 4202 3623 4258 colubrum
3657 4219 3750 4258 as-

2103 4297 2336 4348 suetum
2371 4307 2570 4347 eorum
2602 4307 2784 4364 panes
2829 4291 3106 4363 lambere,
3143 4297 3320 4364 atque
3350 4293 3434 4347 ita
3480 4291 3565 4348 eis
3594 4290 3754 4347 velut

2103 4381 2518 4437 eucharistiam
2578 4381 2964 4437 sanctificare.
3035 4381 3281 4448 Quidam
3342 4380 3543 4437 dicunt
3609 4381 3753 4436 istos

2105 4469 2349 4543 Ophites
2399 4487 2466 4524 ex
2513 4469 2815 4526 Nicolaitis
2865 4470 2985 4526 sive
3033 4471 3325 4528 Gnosticis
3373 4469 3655 4537 extitisse,
3697 4473 3756 4526 et

2105 4575 2208 4633 per
2238 4576 2438 4615 eorum
2482 4559 2745 4615 fabulosa
2775 4560 3052 4630 ﬁgmenta
3104 4561 3176 4617 ad
3207 4559 3516 4617 colubrum
3565 4558 3755 4617 colen-

2106 4650 2247 4705 dum
2279 4649 2459 4706 fuisse
2485 4653 2824 4722 perventum
2845 4650 2887 4705 ⁸.

2174 4830 2190 4864 ¹
2221 4828 2591 4890 Michaelinus,
2639 4826 2972 4877 Colbertinus
3003 4829 3055 4877 et
3085 4827 3377 4877 Vaticanus
3420 4826 3628 4877 codices
3657 4826 3749 4877 ad-

2105 4893 2258 4948 dunt,
2288 4891 2546 4940 silentium
2576 4895 2812 4939 matrem.

2168 4957 2190 4990 ²
2216 4955 2392 5003 Editio
2417 4955 2522 5013 Er.,
2555 4956 2799 5013 tanquam
2821 4965 2920 5013 per
2945 4952 3153 5001 rimam.

2168 5018 2189 5051 3
2219 5017 2370 5075 Quod
2402 5017 2487 5065 hic
2516 5017 2572 5064 in
2603 5012 2760 5064 editis
2810 5012 2982 5063 fuerat
3027 5015 3288 5064 additum.
3320 5033 3344 5059 α
3375 5015 3447 5064 Dc
3475 5012 3748 5075 trigesimo

2109 5099 2135 5126 ιι
2163 5080 2361 5129 saeculo
2405 5079 2532 5141 dicit
2578 5077 2847 5127 diabolum
2896 5077 3152 5141 genitum,
3185 5082 3238 5127 et
3283 5091 3314 5126 a
3358 5075 3752 5141 diabolo__a_lios

2108 5159 2136 5190 α
2164 5147 2320 5191 natos
2349 5142 2439 5191 aui
2483 5140 2706 5190 fecerint
2754 5138 3209 5189 hunc'mundum.
3241 5141 3302 5189 Et
3347 5140 3466 5189 ideo
3495 5138 3751 5188 malitiam

2109 5224 2134 5249 ‹‹
2166 5218 2273 5254 non
2306 5202 2527 5253 arbitrio
2559 5202 2762 5264 tribuit,
2792 5202 2885 5252 sed
2913 5207 3120 5253 natura:
3149 5203 3354 5263 mundi,
3377 5202 3433 5251 id
3464 5207 3544 5251 est
3569 5202 3753 5264 generi

2109 5285 2132 5311 (ι
2164 5267 2444 5324 diabolico,
2477 5285 2500 5309 ι)
2533 5266 2680 5314 abest
2705 5279 2736 5313 a
2764 5265 2887 5314 Mss.

2169 5331 2191 5366 ⁸
2220 5332 2346 5379 Lov.
2376 5333 2427 5377 et
2455 5329 2658 5391 aliquot
2684 5330 2826 5384 Mss.,
2876 5326 3342 5391 Sevandiani._Alii
3373 5340 3494 5391 cum
3522 5325 3749 5391 Er,,_Se-

2107 5392 2352 5442 cundiam’
2378 5405 2396 5439 :
2427 5388 2654 5453 quorum
2686 5391 2884 5439 scilicet
2913 5391 3178 5453 princeps,
3209 5389 3471 5439 Secundus
3499 5404 3530 5438 a
3556 5388 3754 5438 Philas-

2107 5456 2230 5513 trio,
2263 5452 2560 5516 Epiphanio
2591 5458 2643 5503 et
2664 5454 2729 5503 ab
2757 5453 2876 5516 aliis
2906 5452 3114 5516 dicitur;

2168 5514 2555 5587 {Colarbasurp
2597 5515 2873 5587 editio-libri
2903 5514 3191 5587 appellant,
3222 5517 3427 5587 mutata
3465 5514 3629 5564 altera
3655 5526 3750 5563 vo-

2108 5580 2207 5629 cali
2237 5593 2266 5628 o
2297 5580 2349 5626 in
2385 5593 2432 5632 a,
2467 5578 2845 5627 reluctantibus
2874 5577 3107 5639 antiquis
3137 5577 3428 5640 scripturis.

2169 5643 2190 5676 ⁶
2220 5643 2296 5690 Ita
2321 5643 2374 5689 in
2391 5642 2512 5690 Mss.
2528 5644 2589 5689 At
2605 5642 2657 5689 in
2672 5640 2878 5689 excusis
2891 5636 3404 5689 desdribituristhaac
3419 5636 3750 5688 haeresishoc

2105 5703 2215 5774 {ei}
2245 5707 2431 5774 modo:
2448 5705 2658 5774 «ματη
2673 5707 2848 5774 autem
2871 5701 3262 5774 colubrumqui
3286 5702 3494 5774 decepit
3512 5701 3676 5751 Adam
3697 5704 3750 5750 et

2108 5782 2135 5813 α
2162 5767 2341 5825 Evam,
2373 5766 2637 5815 Christum
2655 5765 3008 5814 arbitrantur:
3030 5765 3120 5814 sed
3153 5765 3353 5814 habent
3377 5765 3535 5813 etiam
3558 5777 3745 5814 verum

2108 5846 2134 5875 α
2161 5830 2456 5887 colubrum,
2482 5842 2639 5892 quem
2655 5828 2972 5892 nutriuntet
2984 5826 3469 5892 veneranturﬂuid
3489 5830 3543 5892 et
3561 5827 3744 5876 incan-

2106 5909 2132 5937 α
2159 5896 2302 5958 tante
2319 5889 2593 5958 sacerdote
2613 5890 2883 5958 egreditur
2893 5890 2960 5942 de
2975 5891 3246 5958 spelunca,
3259 5895 3309 5941 et
3326 5889 3569 5958 ascendit
3581 5901 3744 5958 super

2105 5974 2132 6001 «
2161 5955 2592 6019 altare,innixum
2607 5952 2950 6021 speluncas,“
2969 5952 3266 6010 oblationes
3283 5952 3744 6015 eorumlamblt,at
