4012 6504
183 408 257 471 33
1644 406 1877 467 LIBER
1922 405 2159 468 UNUS.

187 540 279 596 hoc
308 536 453 611 quod
484 536 680 595 dicunt
713 542 935 597 Patrem
973 554 1083 594 non
1111 552 1224 595 esse
1252 553 1493 611 passum,
1528 537 1841 593 Noetianos

186 629 291 684 hoc
321 627 523 683 dicere
552 625 806 700 intelligi
832 626 1033 693 voluit,
1058 627 1191 700 quis
1211 643 1311 683 eos
1328 626 1385 681 in
1419 626 1525 681 hac
1548 624 1839 698 ambigui-

185 721 301 773 tate
324 716 677 772 discernat?
705 716 813 772 Vel
844 717 1137 788 quomodo
1163 720 1412 789 possunt
1432 713 1679 786 intelligi
1710 713 1839 785 qui-

184 804 327 860 libet
356 820 563 861 eorum
595 805 824 861 Patrem
850 822 1092 877 passum
1124 804 1304 861 fuisse
1334 820 1450 861 non
1481 802 1840 870 dicere,cum

186 892 388 949 dicant
415 893 695 949 eumdem
727 893 923 966 ipsum
954 909 1083 949 esse
1112 898 1170 949 et
1199 893 1423 949 Patrem
1454 896 1511 947 et
1542 891 1757 947 Filium
1787 894 1844 945 et

187 982 472 1053 Spiritum
502 986 777 1038 sanctum
800 981 828 1037 ‘l
848 981 1133 1037 Philaster
1158 986 1352 1037 autem
1371 980 1675 1036 Brixianus
1698 978 1844 1051 epis-

188 1088 394 1143 copus,
448 1070 510 1125 in
561 1070 959 1143 prolixissimo
990 1070 1139 1127 libro
1189 1087 1363 1143 quem
1412 1070 1482 1125 de
1526 1068 1843 1125 haeresibus

188 1159 478 1231 condidit,
511 1163 569 1216 et
598 1163 835 1216 centum
861 1163 877 1197 ί
908 1159 1113 1233 viginti
1146 1164 1275 1215 octo
1306 1159 1557 1215 bmreses
1604 1157 1849 1213 arbitra-

187 1252 283 1304 tus
329 1252 425 1305 est
467 1249 919 1322 computandas,
979 1247 1344 1305 Sabellianos
1391 1246 1667 1303 continuo
1717 1248 1850 1318 post

189 1335 511 1397 Noetianos
537 1353 762 1410 ponens
787 1356 800 1394 :
828 1337 1122 1406 Sabellius,
1149 1337 1359 1409 inquit,
1382 1336 1688 1409 discipulus
1708 1337 1845 1408 ejus,

190 1427 287 1499 qui
336 1425 774 1482 similitudinem
819 1428 910 1482 sui
959 1427 1195 1483 doctoris
1253 1426 1445 1482 itidem
1489 1428 1703 1481 secutus
1750 1431 1849 1493 est,

190 1515 335 1571 unde
364 1520 419 1571 et
452 1514 765 1571 Sabelliani
780 1518 967 1587 postea
994 1519 1124 1571 sunt
1152 1515 1434 1587 appellati,
1458 1516 1556 1586 qui
1583 1523 1633 1569 et
1659 1513 1849 1568 Patri-

190 1606 463 1677 passiani,
496 1612 551 1661 et
576 1605 860 1661 Praxeani
888 1622 921 1659 a
950 1605 1189 1671 Praxca,
1221 1609 1277 1659 et
1320 1604 1755 1673 Hermogeniani
1783 1601 1851 1657 ab

192 1694 554 1763 Hermogene,
587 1695 685 1764 qui
717 1692 947 1763 fuerunt
978 1694 1037 1747 in
1065 1693 1279 1763 Africa,
1306 1694 1403 1763 qui
1431 1696 1482 1747 et
1511 1694 1589 1747 ita
1617 1690 1852 1746 sentien-

197 1791 272 1838 tes
326 1782 534 1853 objecti
562 1786 692 1837 sunt
721 1782 789 1836 ab
809 1782 1050 1838 Ecclesia
1078 1780 1365 1836 catholica.
1389 1780 1553 1836 Certe
1582 1780 1693 1835 iste
1723 1796 1850 1835 eos-

196 1871 329 1925 dem
388 1873 593 1941 postea
651 1868 1012 1926 Sabellianos
1061 1868 1206 1924 dixit
1250 1868 1593 1941 appellatos,
1636 1868 1735 1940 qui
1786 1884 1853 1923 ea

196 1975 323 2032 quas
356 1962 581 2015 Noetus
629 1958 996 2027 sentiebant;
1046 1962 1102 2015 et
1151 1958 1265 2013 alia
1296 1958 1537 2013 nomina
1585 1958 1851 2029 ejusdem

194 2053 368 2104 secta
421 2048 903 2104 commemoravit
935 2064 949 2104 :
982 2050 1040 2103 et
1069 2051 1264 2103 tamen
1313 2045 1625 2102 Noetianos
1669 2051 1727 2101 et
1753 2046 1851 2101 Sa-

191 2134 486 2193 bellianos
517 2136 627 2192 sub
660 2136 892 2191 duobus
935 2138 1198 2192 numeris
1229 2139 1511 2207 tanquam
1558 2136 1704 2191 duas
1733 2134 1853 2190 hae-

193 2241 354 2282 reses
386 2224 623 2297 posuit;
659 2241 777 2297 qua
806 2240 1008 2292 causa,
1037 2224 1162 2297 ipse
1198 2223 1427 2280 viderit.

263 2313 439 2371 XLII.
474 2314 821 2371 ORIGENIANI
852 2331 887 2369 a
930 2314 1186 2386 quodam
1216 2312 1463 2386 Origene
1513 2312 1650 2369 dicti
1676 2317 1852 2382 sunt;

197 2421 315 2461 non
348 2402 455 2459 illo
487 2403 588 2476 qui
622 2404 739 2460 fere
762 2402 1038 2460 omnibus
1068 2407 1241 2459 notus
1258 2406 1368 2471 est,
1391 2402 1490 2459 sed
1524 2403 1597 2458 ab
1627 2401 1739 2458 alio
1763 2419 1858 2459 ne-

195 2493 317 2550 scio
351 2508 495 2563 quo,
528 2492 599 2548 de
629 2508 746 2566 quo
782 2491 870 2547 vel
902 2490 1289 2548 sectatoribus
1337 2490 1466 2562 ejus
1494 2490 1855 2563 Epiphanius

195 2581 454 2653 loquens
488 2597 503 2638 :
538 2580 884 2651 Origeniani,
915 2580 1129 2653 inquit,
1178 2579 1469 2653 cujusdam
1514 2580 1855 2650 Origenis”;

200 2672 385 2743 turpis
416 2671 600 2726 autem
630 2677 761 2725 sunt
798 2671 1156 2742 Operationis,
1186 2670 1283 2725 isti
1321 2674 1449 2725 sunt
1493 2670 1738 2740 nefanda
1761 2669 1855 2741 fa-

206 2761 409 2815 cientes
432 2759 479 2824 ³,
511 2774 614 2815 sua
641 2774 870 2831 corpora
897 2759 1240 2831 corruptioni
1268 2758 1540 2814 tradentes
1568 2758 1665 2829 (a).
1697 2757 1857 2815 Alios

203 2851 401 2904 autem
434 2847 819 2920 Origenianos
849 2848 1124 2904 continuo
1155 2847 1474 2919 subjiciens
1507 2865 1521 2904 :

276 2936 475 2993 XLIII.
511 2936 874 3008 ORIGBNIANI,
906 2936 1116 3009 inquit,
1162 2937 1285 3003 alii,
1317 2938 1414 3009 qui
1439 2941 1496 2992 et
1543 2935 1859 2994 Adamantii

208 3027 554 3092 tractatoris,
587 3027 685 3097 qui
712 3030 763 3081 et
808 3030 1151 3082 mortuorum
1197 3028 1645 3082 resurrectionem
1680 3025 1858 3099 repel-

206 3115 325 3170 lunt
347 3131 370 3177 ;
404 3114 685 3171 Christum
709 3117 888 3170 autem
908 3119 1217 3171 creaturam
1235 3123 1286 3171 et
1314 3115 1586 3188 Spiritum
1611 3124 1857 3172 sanctum

204 3203 623 3260 introducentes
655 3222 674 3259 :
703 3204 1026 3277 paradisum
1055 3208 1237 3261 autem
1257 3210 1307 3261 et
1332 3204 1493 3261 caelos
1517 3214 1568 3261 et
1598 3206 1711 3261 alia
1741 3221 1854 3261 om-

208 3296 305 3349 nia
355 3292 783 3364 allegortzantes
802 3294 843 3348 ‘.
897 3298 1029 3350 Hinc
1059 3294 1300 3366 quidem
1332 3295 1402 3350 de
1453 3293 1697 3367 Origene
1726 3294 1857 3367 Epi-

200 3382 467 3454 phanius
503 3398 515 3438 :
551 3384 654 3439 sed
686 3382 785 3454 qui
817 3399 946 3440 eum
982 3384 1319 3455 defendunt,
1352 3383 1528 3439 unius
1560 3385 1853 3453 eiusdem-

198 3488 315 3543 que
347 3471 693 3527 substantiae
742 3488 890 3537 esse,
924 3472 1147 3539 dicunt,
1199 3473 1486 3542 docuisse,
1521 3473 1749 3529 Patrem
1799 3476 1857 3529 et

199 3559 417 3617 Filium
438 3565 498 3616 et
526 3560 807 3631 Spiritum
831 3565 1096 3616 sanctum
1126 3578 1141 3629 ;
1164 3578 1349 3632 neque
1371 3563 1853 3618 resurrectionem

196 3648 492 3721 repulisse
539 3653 905 3705 mortuorum
958 3666 971 3705 :
1023 3651 1292 3720 quamvis
1340 3654 1397 3705 et
1434 3651 1492 3705 in
1543 3651 1672 3707 istis
1718 3668 1851 3707 eum

195 3737 551 3794 convincere
592 3738 890 3806 studeant,
923 3737 1025 3810 qui
1053 3740 1181 3810 ejus
1214 3739 1383 3811 plura
1410 3739 1696 3812 legerunt.
1745 3742 1852 3797 Sed

198 3831 343 3882 sunt
375 3826 556 3898 hujus
588 3826 853 3898 Origenis
888 3827 1005 3883 alia
1033 3828 1307 3900 dogmata
1327 3829 1367 3897 ⁵,
1402 3845 1526 3900 quas
1568 3828 1854 3885 catholica

199 3914 464 3971 Ecclesia
489 3915 727 3971 omnino
759 3932 874 3971 non
910 3915 1135 3989 recipit,
1166 3916 1226 3971 in
1275 3916 1491 3988 quibus
1522 3934 1625 3972 nec
1656 3918 1851 3990 ipsum

198 4003 351 4060 falso
383 4004 599 4077 arguit,
614 4021 720 4061 nec
752 4009 941 4077 potest
964 4006 1036 4061 ab
1067 4006 1193 4076 ejus
1225 4005 1629 4063 defensoribus
1652 4006 1849 4063 falli“:

195 4092 460 4149 maxime
502 4093 573 4149 de
620 4093 965 4166 purgatione
1015 4098 1073 4151 et
1122 4093 1480 4165 liberatione,
1531 4113 1598 4152 ac
1645 4113 1851 4152 rursus

195 4185 335 4253 post
384 4180 627 4254 longum
675 4186 909 4255 tempus
948 4183 1019 4238 ad
1053 4183 1255 4239 eadem
1304 4184 1456 4239 mala
1497 4184 1852 4241 revolutione

194 4268 505 4325 rationalis
537 4270 819 4327 universa
850 4274 1149 4327 creaturae.
1175 4271 1315 4337 Quis
1345 4272 1501 4329 enim
1528 4272 1851 4330 catholicus

190 4356 559 4413 christianus
589 4356 678 4414 vel
717 4358 925 4415 doctus
955 4359 1044 4415 vel
1076 4360 1345 4416 indoctus
1393 4378 1509 4417 non
1542 4362 1849 4418 vehemen-

190 4448 282 4502 ter
312 4444 627 4503 exhorreat
676 4462 807 4503 eam
838 4463 1014 4520 quam
1064 4447 1204 4504 dicit
1231 4450 1636 4522 purgationem
1669 4450 1850 4508 malo-

193 4550 352 4603 rum,
385 4534 443 4589 id
477 4539 587 4603 est,
620 4536 795 4592 etiam
842 4552 941 4593 eos
972 4536 1073 4609 qui
1105 4535 1254 4592 hanc
1296 4538 1473 4593 vitam
1503 4538 1561 4593 in
1611 4539 1849 4612 ﬂagitiis

192 4627 255 4679 et
314 4621 675 4682 facinoribus
751 4628 809 4680 et
887 4625 1209 4699 sacrilegiis
1286 4630 1460 4699 atque
1533 4627 1846 4700 impietati-

266 4740 281 4802 ξ
312 4738 469 4802 Forte
498 4752 613 4802 pro,
644 4742 695 4789 et
723 4742 939 4798 centum,
969 4740 1258 4802 legendum
1288 4745 1383 4802 est,
1415 4745 1616 4792 centum
1645 4746 1711 4793 et.
1744 4744 1812 4795 M.

261 4800 284 4835 ²
312 4801 452 4867 ΙιοιζΖ
478 4800 514 4849 z'
537 4802 774 4865 Origenis
819 4800 1075 4865 discipuli.
1124 4802 1256 4865 Vox,
1305 4800 1557 4867 discipuli,
1590 4806 1740 4856 abest
1782 4806 1848 4857 ab

194 4863 286 4939 Er:
316 4868 377 4939 ει
404 4863 527 4939 Eas.
559 4863 768 4937 necnon
800 4863 1046 4939 1118ςῴαοΔ
1062 4870 1207 4939 textu
1238 4863 1537 4939 Epiphanii.

260 4926 283 4997 ξ
314 4926 376 4997 I_n
400 4926 554 4997 Μαι,
592 4926 962 4977 iuenarrabilia
1009 4926 1476 4992 facientest'rmce
1524 4934 1622 4990 est,
1654 4931 1849 4982 arreto-

544 5051 635 5122 qui
652 5056 706 5101 et
732 5052 1027 5104 Adamantii
1050 5053 1349 5122 tractatoris
1372 5053 1510 5122 illius
1535 5059 1846 5122 sectatores,

194 5131 220 5156 α
253 5116 349 5180 qui
381 5116 433 5161 et
461 5118 792 5180 mortuorum
836 5117 1279 5166 resurrectionem
1310 5121 1507 5180 negant
1538 5132 1550 5166 :
1580 5116 1847 5169 Christum

193 5191 222 5222 ι
258 5178 441 5244 autem
479 5176 818 5244 et_Spiritum
857 5183 1104 5244 sanctum
1115 5176 1430 5244 creaturam
1454 5179 1662 5244 dicunt
1691 5195 1845 5244 para-

189 5256 218 5284 σ
250 5237 432 5310 disum
464 5237 639 5310 autem
687 5245 739 5289 et
786 5240 955 5310 caelos
977 5246 1031 5289 et
1061 5241 1161 5310 alia
1207 5255 1318 5310 n_on
1348 5242 1571 5310 credunt
1619 5237 1731 5293 esse
1762 5258 1845 5293 se-

190 5300 771 5366 ggcundum‘litteram,
803 5303 895 5353 sed
942 5303 997 5351 in
1037 5304 1311 5366 allegoria.
1341 5323 1365 5350 ιι
1416 5305 1632 5355 Veteres
1664 5311 1845 5358 autem

184 5363 332 5429 libri_
344 5362 583 5429 pressius
611 5364 878 5416 inhaerent
905 5380 1100 5429 graeco.

250 5426 272 5461 ⁸
300 5424 867 5494 Sbli_editi,_repulisse
908 5424 1234 5494 Enortum‘um
1264 5442 1292 5494 :_
1311 5427 1404 5494 sed
1437 5430 1666 5494 quiejus
1690 5430 1845 5494 plura

186 5486 450 5599 :ggunt,
495 5486 866 5541 contradicunt.
897 5492 1030 5541 Sunt
1058 5497 1107 5541 et
1136 5491 1243 5541 alia
1271 5490 1425 5554 huius
1442 5486 1702 5555 'Orig'enis'
1720 5494 1846 5558 dog-

244 5566 275 5599 a
347 5579 364 5598 .

186 5565 364 5599 mata.

250 5617 299 5664 6l
318 5613 406 5663 Sic
436 5612 556 5662 Mss.
592 5615 661 5664 At
693 5614 840 5673 editi,
871 5613 935 5663 ab
964 5616 1075 5679 eius
1103 5614 1457 5679 defensoribus
1484 5618 1732 5666 excusari.

254 5699 340 5769 (ιι)Δ
360 5694 698 5769 Epiphanius
726 5695 782 5743 in
831 5696 1056 5768 Panario
1088 5696 1306 5769 quidem
1356 5694 1545 5769 haeres:
1577 5701 1635 5769 ti}
1667 5702 1736 5769 Aet
1765 5700 1843 5754 64.

194 5762 379 5869 aperte
432 5757 714 5818 proﬁtetur
758 5758 965 5830 nescire
996 5772 1050 5830 se
1081 5757 1148 5830 an
1197 5758 1501 5830 Origeniani
1531 5760 1615 5827 isti
1642 5764 1845 5831 .turpes

194 5834 223 5866 a
289 5819 515 5872 Ormene
544 5817 867 5868 Adamantno
916 5820 1039 5870 dicti
1068 5824 1192 5872 sint.
1224 5834 1293 5870 an
1342 5821 1408 5870 ab
1440 5821 1539 5871 alio
1570 5826 1795 5872 OTIRODO
1827 5836 1841 5872 :

194 5834 259 5869 an
289 5834 515 5881 ungene
544 5834 867 5868 Adamanuo
916 5834 1039 5870 arcu
1068 5834 1192 5878 sint,
1224 5834 1293 5870 an
1342 5834 1408 5870 an
1440 5834 1539 5871 auo
1570 5834 1795 5885 Origene
1827 5836 1841 5873 :

195 5882 284 5930 sed
298 5881 639 5957 'protectoiin
676 5881 1130 5957 AAnacephaIaapsi,
1162 5896 1284 5957 quas
1314 5882 1443 5957 sola“
1474 5884 1587 5956 sine
1608 5884 1845 5957 .Panario

196 5944 336 5996 venit
361 5944 418 5997 in
448 5956 648 5997 manus
686 5944 992 6009 Augustini,
1020 5944 1089 5998 de
1134 5944 1377 6010 utrisque
1408 5946 1739 6010 Origenianis
1767 5948 1842 6000 sic

3514 410 3596 470 ει

1951 536 2059 593 bus
2091 538 2410 609 quamlibet
2442 539 2713 595 maximis
2742 540 3038 605 ﬁnierunt,
3064 539 3258 611 ipsum
3288 540 3463 596 etiam
3493 556 3595 612 po-

1949 630 2163 681 stremo
2197 626 2493 682 diabolum
2516 634 2692 699 atque
2721 627 2959 699 angelos
2992 628 3142 700 ejus,
3166 628 3435 701 quamvis
3458 632 3591 701 post

1942 713 2294 785 longissima
2316 718 2596 788 tempora,
2615 720 2890 788 purgatos
2915 720 3087 788 atque
3106 715 3380 773 liberatos
3411 732 3589 789 regno

1939 801 2040 858 Dei
2072 801 2299 874 lucique
2329 803 2653 873 restitui,et
2684 820 2889 861 rursus
2909 809 3039 877 post
3072 804 3418 877 longissima
3435 809 3591 861 tem-

1946 907 2087 963 pora
2116 909 2317 949 omnes
2349 894 2447 965 qui
2498 893 2725 950 liberati
2758 898 2915 958 sunt,
2952 895 3023 950 ad
3065 892 3186 949 haec
3219 893 3373 950 mala
3402 895 3591 951 denuo

1945 979 2126 1036 relabi
2156 986 2212 1037 et
2256 983 2458 1038 reverti
2485 1001 2497 1051 ;
2535 987 2591 1038 et
2619 982 2725 1038 has
2774 983 2927 1038 vices
2960 982 3313 1039 alternantes
3342 984 3592 1038 beatitu-

1946 1068 2150 1125 dinum
2182 1075 2239 1126 et
2288 1071 2659 1127 miseriarum
2692 1071 2992 1127 rationalis
3042 1076 3319 1127 creaturas
3366 1087 3594 1143 semper

1949 1159 2150 1227 fuisse,
2186 1176 2420 1231 semper
2460 1160 2627 1216 fore?
2656 1160 2735 1217 De
2765 1178 2881 1232 qua
2929 1160 3250 1216 vanissima
3298 1159 3594 1232 impietate

1949 1248 2225 1304 adversus
2256 1248 2655 1321 philosophos,
2688 1266 2723 1305 a
2752 1248 2967 1320 quibus
2998 1249 3125 1305 ‘ista
3154 1248 3357 1304 didicit
3387 1247 3593 1321 Orige-

1951 1353 2074 1402 nes,
2107 1336 2166 1391 in
2194 1336 2361 1393 libris
2390 1337 2461 1393 de
2489 1337 2729 1394 Civitate
2755 1337 2856 1394 Dei
2908 1336 3360 1409 diligentissime
3389 1336 3599 1409 dispu-

1950 1424 2065 1480 tavi
2088 1428 2105 1461 ί
2139 1426 2225 1496 (In
2256 1425 2399 1482 libro
2428 1425 2542 1497 21).

2022 1512 2207 1570 XLIV.
2239 1514 2512 1569 PAULIANI
2543 1531 2576 1569 a
2624 1513 2801 1570 Paulo
2848 1514 3251 1585 Samosateno,
3299 1513 3595 1570 Christum

1954 1618 2069 1657 non
2098 1618 2327 1673 semper
2347 1602 2527 1658 fuisse
2548 1602 2785 1672 dicunt;
2819 1604 2919 1659 sed
2952 1604 3078 1675 ejus
3111 1603 3448 1671 initium,ex
3479 1619 3596 1675 quo

1956 1691 2026 1745 de
2056 1691 2234 1746 Maria
2280 1695 2452 1746 natus
2501 1696 2610 1757 est,
2645 1697 2979 1747 asseverant
3012 1709 3025 1747 :
3060 1710 3163 1747 nec
3211 1708 3345 1748 eum
3376 1692 3598 1763 aliquid

1956 1779 2210 1851 amplius
2240 1796 2417 1850 quam
2448 1779 2745 1835 hominem
2799 1784 3022 1851 putant.
3060 1779 3177 1835 Ista
3226 1780 3464 1836 haeresis
3495 1780 3600 1834 ali-

1957 1869 2190 1939 quando
2221 1868 2524 1938 cujusdam
2557 1869 2885 1924 Artemonis
2912 1870 2932 1903 ²
2964 1868 3073 1924 fuit
3106 1887 3118 1924 :
3145 1869 3243 1925 sed
3279 1886 3410 1924 cum
3443 1868 3599 1924 defe-

1957 1956 2153 2023 cisset,
2186 1956 2510 2012 instaurata
2540 1960 2630 2012 est
2660 1974 2695 2012 a
2724 1956 2921 2025 Paulo,
2954 1963 3011 2013 et
3042 1961 3241 2030 postea
3271 1958 3355 2013 sic
3386 1975 3418 2012 a
3448 1958 3599 2013 Pbo-

1955 2046 2077 2100 tino
2108 2046 2469 2116 confirmata,
2502 2049 2569 2100 ut
2616 2044 2946 2101 Pbotiniani
2994 2063 3169 2117 quam
3198 2046 3463 2102 Pauliani
3513 2062 3600 2103 ce-

1958 2131 2176 2189 lebrius
2220 2138 2655 2206 nuncupentur.
2703 2138 2856 2190 Istos
2886 2150 3025 2190 sane
3071 2133 3378 2190 Paulianos
3409 2134 3600 2207 bapti-

1956 2222 2175 2281 zandos
2207 2239 2335 2279 esse
2373 2222 2434 2279 in
2464 2222 2716 2279 Ecclesia
2763 2223 3047 2279 catholica
3074 2223 3304 2279 Nicaeno
3355 2223 3598 2279 concilio

1958 2311 2344 2367 constitutum
2373 2316 2481 2367 est.
2504 2310 2666 2367 Unde
2696 2312 3051 2367 credendum
3082 2316 3172 2367 est
3201 2328 3299 2367 eos
3332 2311 3597 2384 regulam

1958 2401 2332 2473 Baptismatis
2363 2417 2477 2457 non
2519 2404 2737 2469 tenere,
2771 2417 2946 2472 quam
2979 2416 3177 2457 secum
3226 2400 3393 2456 multi
3426 2400 3603 2457 haere-

1956 2489 2055 2544 tici
2088 2506 2221 2545 cum
2244 2490 2315 2545 de
2344 2487 2639 2546 Catholica
2653 2489 3019 2546 discederent
3037 2488 3424 2558 abstulerunt,
3447 2505 3604 2546 eam-

1960 2593 2072 2652 que
2102 2578 2460 2635 custodiunt.

2027 2667 2190 2723 XLV.
2224 2667 2515 2724 Pno'rmus
2546 2665 2616 2724 ab
2645 2665 2969 2739 Epiphanio
3016 2682 3132 2723 non
3162 2666 3436 2722 continuo
3468 2668 3601 2738 post

1958 2755 2205 2812 Paulum
2238 2756 2358 2812 sive
2388 2772 2521 2811 cum
2569 2754 2767 2822 Paulo,
2801 2756 2900 2810 sed
2934 2754 3063 2810 aliis
3111 2755 3471 2825 interpositis
3502 2770 3600 2825 po-

1963 2846 2137 2900 nitur.
2171 2849 2294 2900 Non
2327 2848 2553 2900 tacetur
2582 2859 2723 2899 sane
2742 2843 2959 2899 similia
2989 2842 3306 2899 credidisse
3338 2860 3351 2897 :
3387 2859 3595 2898 secun-

1960 2933 2101 2989 dum
2131 2932 2353 3004 aliquid
2384 2937 2581 2988 tamen
2612 2932 2950 2987 adversatus
2976 2932 3026 2988 ei
3060 2931 3299 2998 dicitur;
3333 2932 3433 2987 sed
3458 2930 3599 3002 quid

1960 3022 2039 3078 sit
2068 3021 2262 3094 ipsum
2316 3021 2560 3093 aliquid,
2592 3020 2828 3076 omnino
2879 3037 2995 3075 non
3043 3020 3277 3075 dicitur.
3310 3019 3603 3075 Philaster

1960 3115 2154 3167 autem
2202 3108 2586 3165 continuatim
2628 3109 2791 3181 ponit
2838 3110 3043 3165 ambos
3085 3110 3193 3164 sub
3246 3108 3496 3181 singulis
3544 3112 3601 3163 et

1958 3198 2210 3272 pr0pnis
2248 3199 2528 3266 numeris,
2565 3197 2732 3268 quasi
2786 3198 3033 3253 haereses
3083 3197 3250 3264 duas,
3280 3214 3412 3252 cum
3445 3196 3600 3251 dicat

1957 3287 2271 3345 Photinum
2305 3288 2363 3342 in
2396 3287 2672 3343 omnibus
2692 3286 2854 3344 Pauli
2882 3290 3147 3343 secutum
3172 3285 3353 3342 fuisse
3384 3285 3596 3341 doctri-

1960 3395 2116 3434 nam.

2026 3466 2208 3524 XLVI.
2261 3468 2565 3523 ΜΑΝιεΗιεῐ
2624 3483 2657 3522 a
2704 3465 2961 3537 quodam
3006 3463 3182 3519 Persa
3230 3461 3600 3531 exstiterunt,

1958 3557 2059 3629 qui
2109 3556 2465 3612 vocabantur
2511 3556 2756 3611 Manes:
2793 3551 3061 3625 quamvis
3109 3556 3164 3605 et
3210 3552 3429 3622 ipsum,
3465 3567 3602 3608 cum

1956 3648 2085 3717 ejus
2117 3649 2323 3702 insana
2350 3645 2613 3700 doctrina
2643 3641 2991 3713 cmpissetin
3023 3640 3240 3697 Graecia
3274 3640 3595 3712 praedicari.

1957 3734 2339 3791 Manichaeum
2357 3732 2628 3804 discipuli
2652 3732 2779 3802 ejus
2807 3729 3098 3802 appellare
3130 3728 3481 3799 maluerunt,
3506 3729 3605 3785 de-

1955 3825 2207 3880 vitantes
2237 3839 2450 3878 nomen
2470 3822 2728 3877 insaniae.
2752 3818 2915 3875 Unde
2937 3817 3176 3891 quidam
3207 3834 3406 3874 eorum
3427 3818 3597 3890 quasi

1955 3914 2264 3981 doctiores,
2296 3916 2353 3967 et
2398 3927 2465 3967 eo
2495 3910 2621 3983 ipso
2657 3908 3077 3973 mendaciores,
3108 3906 3405 3980 geminata
3432 3925 3467 3962 N
3499 3906 3594 3963 lit-

1951 4008 2096 4067 tera,
2144 4000 2570 4057 Mannichaaum
2619 4003 2847 4069 vocant,
2881 3997 3049 4069 quasi
3074 4012 3289 4051 manna
3336 3996 3590 4051 funden-

1952 4097 2070 4148 tem
2091 4092 2133 4145 ⁸.
2167 4092 2281 4147 Iste
2311 4090 2425 4145 duo
2457 4088 2745 4162 principia
2774 4088 2924 4142 inter
2951 4102 3012 4142 se
3041 4086 3271 4141 diversa
3298 4089 3356 4140 et
3387 4086 3590 4141 adver-

1954 4198 2041 4251 sa,
2078 4180 2398 4251 eademque
2427 4183 2643 4233 aeterna
2674 4181 2730 4232 et
2757 4182 3060 4242 coaeterna,
3093 4174 3203 4229 hoc
3234 4177 3323 4229 est
3368 4190 3602 4247 semper

1954 4271 2155 4337 fuisse,
2190 4268 2549 4340 composuit:
2572 4268 2833 4335 duasque
2864 4268 3104 4319 naturas
3127 4268 3299 4333 atque
3328 4264 3602 4319 substan-

1952 4360 2085 4423 tias,
2118 4357 2255 4413 boni
2296 4354 2517 4413 scilicet
2562 4360 2620 4410 et
2651 4354 2810 4423 mali,
2843 4369 3097 4425 sequens
3143 4351 3286 4407 alios
3319 4351 3597 4424 antiquos

1952 4447 2275 4516 haereticos,
2306 4444 2579 4516 opinatus
2617 4449 2726 4499 est.
2760 4442 3017 4506 Quarum
3048 4440 3200 4496 inter
3246 4456 3309 4495 se
3338 4455 3597 4512 pugnam

1951 4543 2008 4594 et
2036 4534 2531 4601 commixtionem,
2565 4536 2623 4588 et
2654 4531 2791 4587 boni
2822 4548 2856 4586 a
2894 4529 3047 4586 malo
3079 4528 3504 4602 purgationem,
3536 4531 3596 4585 et

1950 4626 2090 4682 boni
2121 4624 2276 4696 quod
2308 4620 2547 4695 purgari
2579 4636 2694 4676 non
2728 4618 2958 4691 poterit,
2992 4634 3127 4673 cum
3160 4615 3313 4671 malo
3336 4616 3394 4670 in
3425 4622 3589 4672 teter-

1953 4731 2089 4771 nam
2118 4712 2575 4776 damnationem,
2596 4708 2919 4765 secundum
2938 4723 3045 4762 sua
3066 4707 3342 4778 dogmata
3367 4721 3593 4761 asseve-

1951 4808 2166 4872 rantes,
2194 4800 2375 4857 multa
2406 4797 2757 4869 fabulantur,
2778 4813 2907 4869 quas
2937 4799 3149 4852 cuncta
3178 4795 3431 4850 intexere
3452 4793 3590 4852 huic

1948 4936 2086 5005 dicit
2101 4934 2461 5005 obscurehut.
2471 4931 2683 5005 priore,
2712 4944 2823 5005 non
2852 4930 2917 4980 ab
2950 4929 3153 5005 eodem
3182 4928 3408 4991 Origene
3458 4926 3594 4977 Ada-

1947 5002 2166 5060 mantio,
2197 4997 2288 5046 sed
2319 4995 2386 5045 ab
2414 4994 2519 5061 alio
2550 4994 2814 5061 profectos
2844 4996 3125 5061 crederes._
3392 5050 3438 5061 __

2015 5066 2032 5100 ί
2059 5050 2307 5113 Veterum
2332 5050 2572 5108 codicum
2596 5058 2907 5107 auctoritate
2928 5055 3251 5105 removimus
3266 5050 3409 5115 quod
3426 5051 3479 5099 in
3498 5063 3588 5115 ex_-

1948 5127 2089 5177 cusis
2099 5124 2185 5172 hic
2196 5122 2491 5185 addebatur
2513 5135 2526 5171 :
2542 5136 2577 5185 μ
2597 5120 2737 5185 Dicit
2746 5123 3011 5185 praeterea
3030 5119 3141 5185 ipse
3162 5112 3583 5185 Origénes,quod

1950 5134 2089 5177 cusis
2100 5134 2185 5172 hic
2196 5134 2491 5172 addebatur
2513 5135 2526 5171 ζ
2548 5136 2577 5167 α
2598 5134 2727 5169 mou
2786 5134 3011 5169 rmterea
3030 5134 3141 5181 Ipse
3162 5134 3583 5178 urlgeuus,quuu

1950 5210 1976 5234 ει
2006 5188 2165 5238 Filius
2196 5184 2287 5249 Dei
2317 5184 2511 5233 sanctis
2542 5134 2844 5249 hominigus
2874 5183 3233 5249 comparatus,
3260 5179 3451 5249 veritas
3482 5176 3585 5237 sit;

1950 5272 1975 5297 α
2005 5251 2141 5302 Patri
2173 5248 2412 5306 collatus,
2440 5245 2804 5295 mendacium:
2826 5250 2876 5293 et
2905 5240 3161 5306 quantum
3184 5241 3383 5289 distant
3417 5240 3584 5306 Apos-

1950 5335 1975 5360 α
2002 5301 2095 5363 toli
2124 5311 2345 5367 Christo,
2378 5301 2584 5358 tantum
2632 5308 2794 5356 Filius
2845 5301 2991 5353 Pal'ri.
3026 5305 3174 5355 Unde
3222 5316 3319 5351 nec
3348 5301 3587 5367 orandus

1949 5397 1973 5422 «ι
2010 5381 2089 5426 est
2118 5374 2278 5422 Filius
2308 5364 2428 5420 cum
2471 5372 2633 5427 Patre,
2667 5371 2793 5432 quia
2844 5384 2948 5417 nou
2982 5376 3059 5417 est
3090 5372 3275 5414 auctor
3307 5364 3587 5426 indulgen-

1950 5460 1973 5484 α
2005 5439 2193 5488 durum
2222 5436 2556 5503 petitionum,
2592 5434 2687 5503 sed.
2712 5432 3048 5503 supplicator.
3082 5447 3120 5503 »Α
3167 5494 3178 5503 Ι
3338 5490 3348 5500 ἰ

2013 5503 2033 5536 ²
2059 5504 2115 5550 In
2149 5493 2371 5548 excusis.
2402 5494 2703 5543 Artemonii.
2735 5496 2799 5542 At
2826 5493 2880 5541 in
2912 5493 3053 5549 Mss.,
3085 5493 3391 5540 Artemonis.

2009 5565 2029 5599 ³
2061 5564 2143 5613 Sic
2173 5560 2391 5609 omnino
2443 5556 2661 5605 fuerunt
2690 5557 2812 5605 Mss.
2847 5556 2913 5604 At
2960 5555 3105 5615 editi,
3138 5554 3364 5616 coepisset
3406 5564 3590 5616 nomen

1943 5626 2228 5692 praedicari
2246 5636 2264 5669 :
2297 5618 2668 5692 namnantehac'
2689 5617 2900 5692 Urbicus
2926 5618 3069 5692 (imo,
3095 5613 3352 5692 (foricas,
3375 5627 3440 5692 ex
3470 5613 3591 5692 _Epi;

1946 5674 2164 5753 phanio,
2217 5684 2344 5753 hear.
2378 5683 2473 5742 ,66)
2524 5679 2814 5753 vocabatur.
2863 5680 2987 5753 Sed.
3107 5680 3301 5753 Graecia
3350 5674 3592 5753 discipuli

1947 5741 2056 5817 éjus
2087 5741 2301 5817 pilantes
2348 5741 2560 5817 nomen.
2579 5744 2805 5817 insania,
2838 5744 2987 5817 quasi
3025 5744 3287 5817 dcctiores,
3318 5741 3365 5787 et
3394 5753 3450 5817 eo
3480 5741 3591 5801 ipso

1946 5805 2306 5866 mendaciores,
2330 5807 2630 5870 geminatan
2649 5805 3249 5870 littera,Mannich.eum,
3268 5805 3417 5867 quasi
3436 5815 3590 5870 {nan-

1944 5861 2373 5941 na'vfundentﬁ,
2409 5882 2503 5941 pro
2525 5861 2849 5941 ⁸Δζαηίςνιιινολ
2880 5869 2939 5920 id
2965 5871 3038 5917 est
3066 5861 3592 5927 insano,'appeltave.

1944 5930 2085 5993 runt:
2115 5940 2216 5991 Iste
2237 5933 2339 5984 duo
2363 5930 2641 5997 principia,
2674 5935 2775 5983 etc.
