4012 6482
423 417 504 479 39
1516 410 1618 468 DE
1664 405 2153 480 HERESIBUS,
2200 408 2265 468 S.
2310 409 2734 473 AUGUSTINI
3746 413 3826 473 40

425 551 692 621 cupatur,
726 543 1206 601 resurrectionem
1239 543 1431 596 carnis
1463 543 1694 611 negant.
1751 537 2068 593 Monachos

423 642 657 696 tantum
695 639 751 692 et
794 632 1109 689 monachas
1151 636 1207 687 et
1241 630 1516 702 conjugia
1555 645 1672 685 non
1697 627 1978 683 habentes
2009 625 2065 680 in

424 724 896 784 communionem
926 719 1232 792 recipiunt.
1256 720 1340 774 Ad
1366 734 1609 792 regnum
1641 715 1916 773 caelorum
1950 733 2066 770 non

422 815 710 888 pertinere
741 809 1014 884 parvulos
1070 809 1290 876 dicunt,
1343 809 1481 879 quia
1514 824 1626 862 non
1659 810 1800 862 sunt
1832 805 1916 861 eis
1948 803 2069 860 ulla

423 904 632 960 merita
665 899 1022 964 certaminis,
1055 913 1167 970 quo
1206 897 1348 952 vitia
1377 898 1781 968 superantur‘.

493 993 734 1049 XLVIII.
769 990 1083 1044 MELE’I‘IANI
1115 1006 1147 1042 a
1179 986 1408 1042 Meletio
1440 985 1780 1056 nuncupati,
1804 982 2066 1038 nolentes

425 1099 589 1139 orare
621 1097 750 1136 cum
785 1078 1102 1141 conversis,
1143 1077 1200 1130 id
1235 1081 1345 1143 est,
1377 1076 1459 1130 eis
1491 1075 1592 1146 qui
1625 1074 1683 1128 in
1713 1072 2065 1144 persecutio-

420 1187 493 1228 ne
525 1170 876 1238 ceciderunt,
910 1166 1168 1222 schisma
1199 1165 1520 1220 fecerunt’.
1553 1163 1717 1218 Nunc
1747 1166 1943 1217 autem
1976 1159 2063 1215 di-

420 1265 636 1318 cuntur
663 1257 894 1314 Arianis
924 1273 1050 1313 esse
1083 1254 1403 1326 conjuncti.

488 1350 676 1406 XLIX.
707 1351 914 1403 Anum
946 1347 1016 1401 ab
1049 1345 1205 1412 Ario,
1239 1343 1376 1399 ineo
1411 1346 1550 1398 sunt
1580 1340 1870 1396 notissimi
1900 1355 2062 1395 erro-

410 1455 492 1504 re,
526 1455 640 1511 quo
672 1442 901 1493 Patrem
928 1440 983 1489 et
1014 1433 1225 1488 Filium
1257 1437 1315 1487 et
1345 1431 1626 1503 Spiritum
1659 1433 1929 1485 sanctum
1962 1444 2065 1484 no-

407 1529 541 1583 lunt
587 1543 712 1582 esse
759 1524 935 1579 unius
987 1523 1369 1592 ejusdemque
1422 1524 1646 1575 natura
1677 1523 1852 1588 atque
1883 1516 2061 1572 subs-

411 1617 636 1682 tantiae,
683 1619 805 1684 aut,
856 1617 920 1667 ut
963 1610 1296 1682 expressius
1332 1609 1580 1679 dicatur,
1614 1606 1899 1676 essentiae,
1934 1622 2060 1676 quae

412 1703 566 1758 οὐσία
595 1720 777 1776 graece
799 1701 1144 1773 appellatur,
1176 1700 1276 1754 sed
1307 1715 1432 1753 esse
1450 1697 1659 1751 Filium
1692 1700 2056 1761 creaturam;

409 1795 693 1867 Spiritum
727 1809 854 1846 vero
911 1796 1178 1844 sanctum
1234 1794 1562 1842 creaturam
1615 1791 1916 1849 creaturis,
1950 1788 2058 1838 hoc

412 1888 520 1952 est,
553 1883 622 1936 ab
655 1882 782 1952 ipso
815 1879 956 1934 Filio
981 1887 1239 1932 creatum
1263 1875 1485 1931 volunt.
1513 1875 1575 1929 In
1595 1892 1658 1929 eo
1682 1878 1880 1928 autem
1902 1871 2056 1943 quod

407 1973 705 2030 Christum
739 1970 863 2025 sine
897 1969 1093 2022 anima
1123 1965 1308 2022 solam
1340 1981 1573 2020 carnem
1607 1962 1935 2033 suscepisse
1967 1978 2057 2016 ar-

406 2062 715 2127 bitrantur,
771 2058 966 2113 minus
1018 2057 1140 2111 noti
1192 2060 1365 2110 sunt:
1401 2071 1506 2110 nec
1538 2054 1817 2109 adversus
1847 2068 1945 2106 eos
1985 2050 2054 2106 ab

404 2150 600 2222 aliquo
635 2147 825 2203 inveni
861 2148 929 2201 de
963 2151 1066 2200 hac
1099 2160 1159 2200 re
1191 2143 1506 2215 aliquando
1539 2143 1718 2198 fuisse
1743 2145 2051 2196 certatum.

405 2240 517 2295 Sed
549 2239 656 2293 hoc
688 2252 885 2291 verum
937 2251 1085 2303 esse,
1137 2236 1193 2287 et
1220 2231 1583 2305 Epiphanius
1617 2248 1730 2287 non
1763 2229 1968 2295 tacuit,
1999 2231 2056 2283 et

407 2344 512 2400 ego
545 2345 612 2383 ex
641 2342 842 2381 eorum
867 2323 1220 2395 quibusdam
1239 2321 1469 2393 scriptis
1492 2325 1548 2376 et
1569 2317 2054 2376 collocutionibus

409 2417 730 2474 certissime
762 2413 1040 2485 comperi.
1077 2409 1441 2482 Rebaptizari
1472 2426 1702 2482 quoque
1725 2409 1797 2463 ab
1829 2407 1921 2463 his
1952 2408 2054 2463 Ca-

407 2506 652 2562 tholicos
685 2503 953 2559 novimus
983 2519 996 2568 ;
1032 2505 1232 2556 utrum
1265 2505 1321 2555 et
1350 2517 1463 2555 non
1487 2497 2047 2564 catholicos,nescio.

478 2598 540 2651 L.
576 2599 870 2649 VADIANOS
889 2593 930 2657 ³,
966 2608 1110 2662 quos
1138 2589 1391 2661 appellat
1413 2587 1794 2660 Epiphanius,
1815 2591 1872 2642 et
1893 2584 2050 2642 schi-

404 2683 826 2748 smaticos,non
850 2678 1149 2734 haereticos
1165 2679 1286 2732 vult
1308 2676 1489 2731 videri
1515 2697 1528 2745 ς
1562 2676 1659 2732 alii
1692 2680 1900 2731 vocant
1929 2681 2049 2729 An~

400 2767 840 2842 thropomorphi
853 2767 1246 2838 tas,quoniam
1266 2766 1448 2821 Deum
1465 2766 1578 2820 sibi
1593 2767 1824 2837 ﬁngunt
1839 2764 2049 2835 cogita-

400 2860 558 2916 tione
575 2858 792 2913 carnali
810 2858 866 2912 in
882 2855 1329 2912 similitudinem
1348 2855 1605 2910 hominis
1627 2852 2045 2926 corruptibilis:

403 2950 558 3021 quod
595 2946 904 3002 rusticitati
936 2961 1136 3000 eorum
1169 2944 1374 2999 tribuit
1395 2943 1777 3015 Epiphanius,
1805 2957 2049 3014 parcens

399 3039 484 3094 eis
499 3055 569 3092 ne
582 3037 855 3092 dicantur
877 3034 1148 3089 haeretici.
1169 3034 1278 3088 Eos
1294 3037 1489 3088 autem
1509 3049 1810 3104 separasse
1825 3048 1886 3086 se
1908 3029 2049 3085 dicit

404 3145 436 3183 a
459 3128 871 3183 communione
889 3122 1405 3193 nostra,culpando
1433 3117 1738 3193 episcopos
1760 3121 2051 3189 diviles,et

402 3217 619 3288 pascha
634 3231 765 3269 cum
784 3213 1000 3269 Iudaeis
1016 3213 1360 3267 celebrando
1373 3211 1669 3277 .Quamvis
1684 3211 1802 3266 sint
1824 3210 1925 3281 qui
1948 3224 2048 3264 eos

397 3307 456 3362 in
479 3307 720 3377 {Egypto
743 3301 1012 3358 Ecclesiae
1051 3300 1351 3357 catholicae
1372 3300 1805 3356 communicare
1819 3313 2046 3354 asseve-

397 3400 543 3450 rent.
559 3396 630 3449 De
649 3393 1006 3448 Photinianis
1030 3390 1528 3460 autem,quosisto
1544 3389 1666 3444 loco
1684 3387 2044 3460 Epiphanius

399 3487 839 3552 commemorat,
866 3482 992 3552 jam
1025 3480 1297 3552 superius
1329 3479 1472 3535 satis
1503 3478 1734 3534 locutus
1767 3495 1920 3533 sum.

467 3573 555 3628 LI.
589 3574 976 3628 Ssmammos
998 3569 1366 3641 Epiphanius
1390 3567 1550 3638 dicit,
1586 3569 1686 3640 qui
1709 3567 1920 3624 similis
1951 3583 2041 3622 es-

397 3663 595 3718 sentia:
629 3659 990 3731 (ὁμοιοῦσιον)
1025 3660 1228 3713 dicunt
1251 3657 1462 3712 Filium
1506 3659 1549 3723 ⁴,
1583 3663 1884 3727 tamquam
1927 3673 2041 3712 non

403 3751 604 3824 plenos
634 3750 916 3804 Arianos:
951 3748 1119 3818 quasi
1157 3745 1350 3800 Ariani
1385 3762 1487 3800 nec
1526 3745 1790 3800 similem
1821 3746 2038 3814 velint;

397 3856 529 3894 cum
562 3839 670 3892 hoc
703 3835 1049 3891 Eunomiani
1081 3834 1271 3890 dicere
1301 3835 1682 3890 celebrentur.

469 3928 582 3982 LII.
619 3924 1015 3980 MACEDONIANI
1074 3928 1214 3979 sunt
1270 3941 1305 3979 a
1344 3923 1677 3979 Macedonio
1708 3924 1748 3988 ⁵,
1800 3941 1944 3994 quos
1983 3928 2040 3979 et

398 4014 905 4087 ΙΙνευματομάχους
954 4012 1131 4068 6ηροὶ
1164 4011 1386 4082 dicunt,
1419 4029 1483 4068 eo
1535 4013 1686 4083 quod
1722 4014 1792 4068 de
1818 4013 2036 4083 Spiritu

395 4110 600 4162 sancto
626 4104 873 4175 litigent.
889 4103 1036 4159 Nam
1059 4102 1130 4158 de
1153 4101 1317 4157 Patre
1343 4106 1400 4156 et
1419 4101 1562 4156 Filio
1583 4108 1732 4157 recte
1753 4103 2035 4172 sentiunt,

390 4195 541 4267 quod
563 4194 737 4248 unius
751 4192 1263 4263 sintejusdemque
1277 4208 1341 4246 su
1353 4191 1730 4261 bstantiae,vel
1745 4193 2032 4248 essentia:

393 4285 492 4340 sed
526 4284 595 4338 de
619 4282 838 4354 Spiritu
855 4286 1056 4338 sancto
1084 4281 1190 4336 hoc
1213 4281 1421 4336 nolunt
1445 4283 2032 4349 credere,creaturam

393 4390 526 4430 eum
559 4389 686 4428 esse
717 4371 996 4428 dicentes.
1032 4372 1145 4426 Hos
1167 4370 1362 4442 potius
1383 4370 1619 4441 quidam
1644 4371 2035 4429 Semiarianos

390 4462 780 4533 vocant,quod
803 4461 861 4515 in
885 4460 994 4516 hac
1009 4460 1328 4532 quaestione
1343 4476 1410 4514 ex
1422 4465 1584 4531 parte
1599 4477 1729 4515 cum
1755 4461 1869 4516 illis
1892 4461 2032 4529 sint,

389 4569 458 4608 ex
480 4556 640 4623 parte
665 4551 994 4606 nobiscum.
1046 4549 1320 4613 Quamvis
1369 4566 1402 4604 a
1433 4549 1730 4605 nonnullis
1762 4551 2033 4621 perhibe-

389 4643 582 4706 antur,
621 4656 733 4693 non
768 4645 970 4708 Deum,
1006 4639 1105 4694 sed
1140 4637 1411 4692 deitatem
1446 4637 1632 4692 Patris
1681 4642 1739 4692 et
1779 4638 1906 4694 Filii
1938 4640 2032 4695 di-

387 4746 514 4785 cere
544 4727 825 4799 Spiritum
858 4731 1148 4797 sanctum,
1180 4733 1237 4781 et
1265 4725 1484 4781 nullam
1503 4727 1797 4798 propriam
1822 4728 2034 4785 habere

390 4815 805 4874 substantiam.

466 4907 611 4963 LIII.
644 4909 883 4962 Annum
899 4905 969 4961 ab
991 4904 1421 4976 Aerioquodam
1437 4909 1594 4973 sunt,
1612 4906 1856 4977 quicum
1878 4911 2034 4964 esset

457 5081 470 5114 ί
508 5076 590 5127 Sic
623 5076 729 5125 Mss
776 5077 859 5126 At.
897 5077 1040 5133 Lov.,
1071 5075 1386 5137 separentur.
1417 5074 1873 5137 Er.,rruperentur.

451 5142 472 5176 ²
500 5140 654 5202 Apud
687 5142 831 5200 Lov.,
862 5139 942 5187 vel
965 5136 1182 5187 schisma
1211 5141 1459 5200 fecerunt.
1490 5136 1670 5198 Abest,
1719 5137 1815 5193 vel.
1848 5139 1915 5188 ab
1943 5138 2030 5190 Er.

390 5206 725 5314 “faginea
737 5265 844 5314 nsis
866 5262 1027 5312 codex
1046 5263 1146 5312 hoc
1159 5265 1362 5310 tantum
1385 5262 1498 5310 loco
1515 5261 1991 5318 habebat,Adianos
2011 5278 2033 5313 :

380 5341 512 5391 nam
553 5342 715 5391 supra
754 5329 807 5375 in
832 5327 1066 5375 indiculo
1110 5326 1262 5391 foperi
1286 5325 1649 5391 prmﬁxomum
1671 5326 1877 5391 caeteris
1902 5327 2027 5391 Mss.

377 5388 917 5452 pﬁefcrthu-lianos.
978 5389 1394 5452 Praedestinatus
1446 5388 1506 5452 in
1541 5388 1810 5452 _Augienrsi
1843 5389 2025 5452 codice

389 5450 661 5500 Valdianos
710 5456 1017 5501 constanter
1072 5455 1243 5506 vocat,
1306 5451 1370 5498 iis
1428 5450 1639 5499 duobus
1671 5451 1800 5498 locis
1831 5451 2026 5512 quibus

379 5516 624 5563 Sirmond
636 5532 694 5564 us
724 5516 980 5564 .‘Iudianos
1004 5515 1169 5564 edidit
1191 5514 1388 5563 Graecis
1413 5527 1598 5561 revera
1621 5513 1873 5561 dicuntur
1891 5513 2029 5561 Aud-

375 5591 548 5627 ιαηοι.

445 5641 466 5674 ⁴
497 5641 639 5697 Lov.,
667 5640 840 5689 dicunt
874 5642 1071 5689 Patrem
1105 5645 1151 5687 et
1183 5638 1382 5688 Filium.

440 5704 460 5738 ⁵
490 5703 624 5750 Editi
664 5705 881 5760 addunt,
941 5701 1518 5764 Constantinam/itane
1575 5699 1806 5749 Ecclesia
1837 5700 2021 5764 episco-

375 5779 460 5830 po,
492 5767 636 5830 quod
661 5768 784 5816 Mss.
818 5784 847 5816 a
876 5768 1044 5816 abest.

2181 540 2499 612 presbyter,
2529 542 2783 597 doluisse
2802 543 2984 597 fertur
2998 542 3148 612 quod
3168 542 3477 615 episcOpus
3496 560 3610 597 non
3631 543 3822 615 potuit

2181 628 2435 685 ordinari
2465 672 2478 699 ,
2503 635 2559 686 et
2579 631 2638 685 in
2658 631 3006 686 Arianorum
3028 629 3294 686 haeresim
3327 630 3551 703 lapsus,
3585 633 3821 704 propria

2181 732 2409 790 quoque
2439 719 2712 789 dogmata
2742 719 3036 776 addidisse
3068 719 3370 788 nonnulla,
3403 720 3604 777 dicens
3627 722 3820 778 offerri

2179 822 2282 877 pro
2315 808 2740 865 dormientibus
2773 826 2886 865 non
2921 811 3246 881 oportere‘;
3281 825 3386 865 nec
3418 814 3637 866 statuta
3671 811 3824 868 sole-

2179 895 2393 952 mniter
2412 897 2754 954 celebranda
2775 915 2902 954 esse
2919 898 3162 970 jejunia,
3187 899 3288 954 sed
3307 915 3441 954 cum
3459 899 3705 972 qvisque
3720 917 3824 957 vo-

2175 982 2770 1057 lueritjejunandum,
2795 988 3283 1043 nevideaturesse
3297 986 3563 1060 sublege.
3580 988 3822 1046 Dicebat

2175 1073 2351 1130 etiam
2377 1077 2783 1148 presbyterum
2805 1077 2877 1132 ab
2898 1077 3168 1148 episcopo
3192 1077 3353 1132 nulla
3373 1077 3698 1134 differentia
3715 1080 3821 1135 de-

2176 1162 2310 1218 bere
2329 1165 2599 1221 discerni.
2620 1165 2863 1229 Quidam
2879 1165 3184 1237 perhibent
3201 1167 3366 1236 istos,
3386 1168 3539 1221 sicut
3556 1168 3820 1222 Encrati-

2175 1255 2266 1308 tas
2288 1253 2374 1308 vel
2391 1255 2769 1324 Apotactitas,
2789 1272 2904 1311 non
2927 1255 3235 1310 admittere
3252 1256 3322 1310 ad
3342 1255 3818 1313 communionem

2174 1356 2343 1397 suam
2361 1343 2476 1398 nisi
2493 1344 2878 1412 continentes,
2893 1350 2949 1400 et
2964 1361 3062 1400 eos
3080 1345 3179 1416 qui
3197 1343 3407 1400 saeculo
3423 1344 3502 1400 ita
3515 1347 3817 1403 renuntia-

2173 1431 2386 1500 verint,
2413 1438 2476 1487 ut
2497 1434 2730 1506 propria
2754 1433 2917 1489 nulla
2947 1434 3306 1506 possideant.
3339 1434 3424 1489 Ab
3456 1450 3591 1490 esca
3618 1438 3818 1492 tamen

2173 1523 2438 1576 carnium
2472 1540 2584 1577 non
2619 1540 2716 1578 eos
2747 1524 3041 1578 abstinere
3073 1522 3215 1577 dicit
3246 1523 3607 1594 Epiphanius
3635 1542 3647 1580 :
3681 1524 3817 1580 Phi-

2171 1609 2348 1666 laster
2377 1627 2510 1667 vero
2541 1616 2597 1667 et
2627 1612 2777 1668 hanc
2812 1612 2894 1668 eis
2926 1612 3130 1667 tribuit
3156 1612 3595 1668 abstinentiam.

2240 1699 2376 1754 LIV.
2411 1706 2649 1756 ΑετιΑΝι
2681 1703 2751 1756 ab
2783 1702 2945 1756 Aetio
2975 1705 3114 1756 sunt
3141 1702 3350 1766 vocati,
3384 1702 3678 1774 iidemque
3700 1703 3814 1758 Eu-

2170 1791 2426 1844 nomiani
2460 1793 2530 1845 ab
2566 1792 2847 1846 Eunomio
2879 1792 3021 1845 Aetii
3073 1790 3381 1862 discipulo,
3430 1807 3545 1862 quo
3580 1792 3816 1848 nomine

2169 1879 2357 1948 magis
2389 1879 2787 1934 innotuerunt.
2824 1880 3146 1934 Eunomius
3178 1880 3394 1950 quippe
3424 1880 3482 1933 in
3505 1881 3816 1938 dialectica

2167 1966 2507 2038 praevalens,
2531 1968 2759 2023 acutius
2781 1973 2836 2023 et
2862 1967 3148 2023 celebrius
3172 1969 3428 2023 defendit
3454 1970 3600 2024 hanc
3631 1970 3812 2027 hisre-

2167 2055 2300 2126 sim,
2326 2057 2676 2113 dissimilem
2702 2074 2804 2130 per
2825 2058 3022 2112 omnia
3044 2057 3196 2112 Patri
3216 2074 3485 2114 asserens
3504 2059 3733 2126 Filium,
3755 2065 3814 2116 et

2164 2145 2306 2202 Filio
2351 2146 2633 2218 Spiritum
2680 2152 2970 2202 sanctum.
3001 2147 3206 2202 Fertur
3235 2148 3410 2202 etiam
3445 2165 3632 2220 usque
3665 2150 3813 2205 adeo

2164 2233 2345 2290 fuisse
2375 2236 2542 2290 bonis
2575 2236 2838 2291 moribus
2863 2236 3156 2303 inimicus,
3181 2240 3246 2290 ut
3269 2241 3625 2292 asseveraret
3651 2239 3812 2308 quod

2161 2322 2308 2378 nihil
2368 2325 2578 2396 cuique
2631 2325 2863 2380 obesset
2919 2324 3316 2396 quorumlibet
3359 2327 3712 2398 perpetratio
3742 2343 3813 2382 ac

2160 2413 2591 2482 perseverantia
2619 2418 3010 2485 peccatorum,
3043 2414 3091 2469 si
3123 2414 3301 2485 hujus
3333 2431 3459 2485 quae
3484 2416 3556 2470 ab
3580 2414 3676 2470 illo
3699 2416 3804 2471 do-

2158 2502 2400 2557 cebatur
2429 2503 2562 2558 ﬁdei
2609 2502 2919 2574 participes
2949 2509 3122 2557 esset.

2229 2592 2336 2647 LV.
2373 2598 2874 2647 APOLLINARISTAS.
2907 2590 3258 2662 Apollinaris
3288 2590 3560 2660 instituit,
3596 2594 3697 2664 qui
3729 2594 3804 2650 de

2158 2680 2338 2735 animi
2367 2680 2584 2736 Christi
2624 2698 2657 2736 a
2699 2680 2991 2736 Catholica
3033 2681 3458 2750 dissenserunt,
3508 2682 3795 2754 dicentes,

2157 2769 2309 2824 sicut
2335 2770 2556 2839 Ariani,
2592 2775 2771 2825 Deum
2804 2769 3100 2825 Christum
3141 2786 3374 2825 carnem
3407 2770 3532 2826 sine
3565 2772 3806 2827 anima8

2156 2859 2505 2930 suscepisse.
2526 2859 2586 2913 In
2608 2875 2723 2930 qua
2741 2857 3057 2929 quaestione
3075 2857 3428 2914 testimoniis
3448 2861 3800 2931 evangelicis

2153 2946 2308 3018 victi,
2330 2953 2606 3018 mentem,
2627 2964 2740 3018 qua
2758 2947 3058 3002 rationalis
3077 2953 3161 3002 est
3179 2948 3375 3003 anima
3393 2948 3671 3019 hominis,
3695 2951 3800 3006 de-

2156 3037 2335 3092 fuisse
2368 3037 2574 3092 animze
2595 3036 2830 3104 Christi,
2855 3038 2954 3092 sed
2979 3054 3080 3108 pro
3104 3037 3213 3091 hac
3236 3037 3429 3109 ipsum
3454 3037 3710 3093 Verbum
3736 3040 3798 3094 in

2154 3141 2218 3181 eo
2241 3126 2420 3181 fuisse
2444 3127 2731 3182 dixerunt.
2761 3132 2834 3182 De
2863 3127 2987 3198 ipsa
3009 3143 3141 3181 vero
3172 3128 3301 3197 ejus
3331 3143 3503 3181 carne
3535 3127 3618 3182 sic
3653 3145 3685 3183 a
3707 3145 3801 3184 re-

2153 3220 2246 3270 cta
2267 3216 2379 3270 ﬁde
2401 3215 2749 3271 dissensisse
2772 3215 3171 3287 perhibentur,
3195 3221 3259 3270 ut
3277 3216 3538 3271 dicerent
3559 3233 3798 3274 carnem

2151 3303 2309 3360 illam
2333 3311 2388 3359 et
2407 3304 2660 3360 Verbum
2681 3305 2856 3360 unius
2874 3305 3255 3376 ejusdemque
3273 3306 3634 3374 substantiae,
3655 3323 3800 3362 con-

2151 3393 2569 3450 tentiosissime
2586 3399 3003 3462 asseverantes,
3025 3394 3274 3449 Verbum
3294 3409 3528 3450 carnem
3550 3395 3795 3465 factum,

2149 3481 2255 3538 hoc
2277 3487 2383 3554 est,
2417 3482 2585 3538 Verbi
2619 3484 2838 3554 aliquid
2871 3483 2930 3537 in
2961 3499 3195 3538 carnem
3230 3482 3412 3538 fuisse
3444 3500 3796 3541 conversum

2148 3576 2321 3643 atque
2354 3577 2664 3644 mutatum,
2698 3589 2812 3627 non
2844 3577 3040 3627 autem
3073 3589 3306 3628 carnem
3339 3573 3409 3628 de
3442 3572 3634 3628 Mariae
3665 3590 3794 3631 car-

2147 3677 2219 3716 ne
2250 3661 2430 3716 fuisse
2470 3665 2826 3733 susceptam.

2219 3751 2355 3806 LVI.
2377 3757 2885 3806 Aurinicozvum'm:
2901 3752 2922 3786 ³
2944 3750 3214 3822 appellati
3235 3754 3373 3806 sunt
3394 3750 3668 3822 haeretici,
3694 3752 3792 3808 cui

2144 3840 2332 3895 Marias
2355 3841 2673 3912 virginitati
2706 3857 2892 3912 usque
2916 3841 3059 3895 adeo
3085 3841 3513 3911 contradicunt,
3543 3846 3607 3896 ut
3629 3842 3791 3896 afﬁr-

2149 3932 2310 3982 ment
2337 3943 2466 3982 eam
2523 3932 2656 4000 post
2710 3927 3009 3983 Christum
3069 3932 3273 3981 natum
3313 3927 3436 3982 viro
3468 3944 3574 3982 suo
3606 3927 3792 3984 fuisse

2144 4016 2541 4072 commixtam.

2218 4106 2376 4160 LVII.
2412 4107 2768 4161 Postremam
2803 4105 2968 4177 ponit
2996 4105 3358 4177 Epiphanius
3390 4105 3791 4162 MASSALIANO-

2141 4212 2267 4251 RUM
2283 4198 2303 4231 ⁴
2322 4195 2617 4251 haeresim:
2642 4195 2794 4267 quod
2816 4210 3028 4249 nomen
3043 4193 3323 4266 exlingua
3336 4212 3464 4267 syra
3477 4195 3790 4252 est.Graece

2141 4288 2335 4340 autem
2352 4285 2629 4340 dicuntur
2646 4282 2873 4357 Εὐχίται
2898 4284 2969 4339 ab
2991 4285 3207 4339 orando
3231 4284 3313 4339 sic
3336 4283 3795 4355 appellati.Tan-

2139 4378 2265 4429 tum
2288 4374 2443 4429 enim
2467 4377 2651 4442 orant,
2672 4377 2736 4427 ut
2757 4373 2837 4427 eis
2859 4373 2959 4443 qui
2983 4372 3090 4428 hoc
3113 4374 3180 4428 de
3202 4372 3315 4427 illis
3335 4373 3580 4428 audiunt
3598 4373 3786 4430 incre-

2140 4463 2315 4519 dibile
2341 4463 2624 4518 videatur.
2659 4462 2804 4518 Nam
2837 4479 2969 4517 cum
3004 4463 3289 4518 Dominus
3313 4461 3541 4526 dixerit,
3570 4463 3789 4534 Oportet

2135 4568 2352 4624 semper
2379 4568 2560 4618 orare,
2590 4555 2640 4607 et
2669 4567 2779 4607 non
2803 4551 3028 4622 deﬁcere
3060 4555 3203 4618 (Luc.
3237 4569 3398 4621 xvm,
3433 4552 3484 4623 1)
3513 4569 3526 4619 ;
3562 4559 3614 4606 et
3634 4554 3789 4624 Apo-

2138 4641 2347 4710 stolus,
2368 4641 2500 4696 Sine
2516 4642 2933 4696 intermissione
2953 4645 3106 4696 orate
3134 4642 3177 4711 (Ι
3203 4641 3380 4695 Thess.
3402 4657 3457 4705 ν,
3485 4641 3574 4709 17)
3598 4657 3609 4696 :
3636 4643 3792 4711 quod

2137 4731 2451 4786 sanissime
2473 4731 2556 4786 sic
2588 4730 2890 4800 accipitur,
2923 4735 2988 4785 ut
3020 4729 3180 4785 nullo
3205 4730 3298 4785 die
3318 4729 3796 4786 intermittantur

2138 4824 2294 4876 certa
2315 4824 2579 4890 tempora
2601 4818 2804 4873 orandi
2830 4837 2841 4873 :
2869 4818 2964 4873 isti
2987 4818 3067 4873 ita
3099 4818 3275 4874 nimis
3305 4819 3414 4874 hoc
3445 4818 3684 4889 faciunt,
3720 4825 3794 4877 ut

2136 4908 2690 4979 hincjudicarentur
2706 4906 3168 4963 interhaareticos
3185 4907 3547 4963 nominandi.
3565 4909 3787 4973 Quam-

2135 4997 2222 5053 vis
2246 4995 2512 5052 nonnulli
2535 5012 2632 5051 eos
2656 4996 2854 5051 dicant
2875 4998 2954 5051 de
2967 4997 3312 5069 purgatione
3333 4996 3661 5052 animarum
3683 5013 3791 5053 ne-

2134 5086 2255 5143 scio
2279 5102 2455 5157 quam
2479 5084 2908 5156 phantasticam
2931 5089 2987 5141 et
3020 5085 3328 5141 ridiculam
3357 5084 3615 5141 fabulam
3647 5102 3789 5142 nar-

2199 5268 2218 5327 !
2249 5262 2335 5327 Sic
2362 5263 2485 5312 Mss.
2516 5262 2582 5311 At
2603 5263 2746 5323 editi,
2770 5263 2956 5324 dicens,
2981 5277 3131 5312 orare
3153 5262 3235 5312 vel
3249 5264 3436 5327 offerre
3451 5276 3548 5327 pro
3568 5263 3791 5314 mortuis

2132 5326 2441 5375 oblationem
2471 5339 2573 5374 non
2602 5330 2854 5387 Oportere.

2197 5390 2217 5423 ²
2252 5389 2308 5436 In
2339 5389 2483 5444 Mss.,
2514 5401 2720 5437 carnem
2749 5389 2913 5437 solam
2944 5389 3053 5438 sine
3083 5389 3276 5437 anima.

2194 5453 2216 5486 ³
2236 5451 2392 5510 Editi,
2414 5451 2943 5500 Antidicomarianitae
2963 5467 2982 5500 :
3002 5453 3304 5501 Secundum
3329 5451 3552 5501 Graecos.
3580 5451 3781 5502 Omnes

2130 5528 2258 5563 vero
2290 5514 2374 5561 hic
2404 5513 2551 5560 latini
2586 5513 2706 5561 Mss.
2741 5515 3198 5563 Antii/icomaritze.

2193 5579 2214 5610 ⁴
2242 5577 2398 5632 Editi,
2437 5576 2827 5625 Psallianorum.
2881 5579 2947 5626 At
2996 5579 3116 5625 Mss.
3150 5577 3409 5638 plerique,
3440 5574 3784 5638 Maesulii/mo-

2130 5655 2245 5687 rum
2283 5639 2574 5695 Pauciores,
2629 5641 3073 5688 Massiliunorum:
3106 5637 3193 5702 qui
3227 5637 3403 5702 tamen
3439 5637 3781 5702 Massalianos

2131 5709 2182 5750 et
2213 5702 2309 5763 ipsi
2341 5701 2537 5764 habent
2566 5702 2619 5764 in
2672 5703 2908 5752 indiculo
2955 5706 3077 5751 ante
3123 5701 3507 5764 praefationem.
3539 5701 3776 5752 Concor-

2131 5765 2260 5814 daut
2288 5763 2444 5828 graeci
2474 5763 2731 5826 scriptore
2741 5779 2782 5813 s.
