4012 6454
125 465 196 524 41
1601 466 1791 531 LIBEl

1911 464 2114 528 INUS.
3471 474 3548 533 42

128 599 303 665 rare‘,
340 615 599 671 porcam
633 600 856 659 scilicet
885 618 1018 658 eum
1050 602 1316 675 porcellis
1347 601 1529 658 videri
1555 601 1709 657 exire
1732 599 1803 655 de
1907 613 2041 653 nem
2064 599 2135 655 de
2163 600 2409 671 Psalmo,
2432 602 2528 657 ubi
2552 602 2784 675 legitur.
2810 606 2871 660 In
2891 604 3004 660 sole
3020 606 3200 677 posuit
3218 605 3549 661 tabernacu-

127 704 221 743 ore
252 686 536 745 hominis
560 691 797 764 quando
827 695 1130 764 purgatur,
1163 696 1219 747 et
1249 692 1307 747 in
1330 708 1465 747 eum
1490 690 1706 746 visibili
1730 688 1805 746 si-

1910 684 2029 742 lum
2058 704 2219 744 suum
2240 691 2408 761 (Psal.
2432 692 2673 764 xvm,6).
2695 693 2919 765 Negant
2938 693 3112 749 etiam
3133 692 3424 749 visibilem
3448 710 3549 766 pa-

126 775 351 833 militer
364 780 574 851 specie
592 779 809 851 ignem,
833 780 926 853 qui
952 798 1065 837 non
1089 781 1415 849 comburat,
1440 780 1677 835 intrare.
1702 778 1803 835 His
1906 776 2189 835 radisum.
2214 779 2579 852 Baptismum
2597 782 2655 837 in
2683 799 2834 854 aqua
2858 798 2971 838 non
2998 782 3315 854 accipiunt.
3341 782 3553 838 Resur-

129 864 405 937 adjungit
421 866 798 938 Epiphanius
811 866 1683 941 Eupbemitas,Martyrianos,et
1697 868 1801 923 Sa-

128 952 452 1019 tanianos’,
484 959 547 1010 et
568 954 680 1012 bos
701 973 903 1012 omnes
923 974 1056 1012 cum
1071 956 1485 1029 illistanquam
1500 974 1677 1013 unam
1690 956 1801 1011 has-

131 1042 305 1097 resim
342 1044 541 1114 ponit.
580 1044 863 1101 Dicuntur
892 1046 1146 1101 Eucbitaa
1197 1046 1447 1119 opinari,
1497 1044 1798 1102 monachis

132 1147 243 1187 non
269 1130 451 1187 licere
478 1136 886 1189 sustentandae
910 1134 1036 1189 vita:
1060 1152 1177 1191 sua:
1212 1151 1389 1190 causa
1415 1134 1635 1208 aliquid
1661 1151 1797 1207 ope-

133 1220 265 1290 rari,
299 1225 486 1293 atque
520 1222 609 1278 ita
640 1238 701 1278 se
734 1223 893 1296 ipsos
927 1224 1246 1281 monachos
1278 1222 1555 1297 proﬁteri,
1590 1228 1654 1279 ut
1674 1240 1796 1279 om-

130 1309 263 1365 nino
296 1310 372 1365 ab
406 1311 697 1383 operibus
730 1316 954 1368 vacent.

196 1398 396 1472 Usque
420 1401 495 1455 ad
523 1399 675 1456 istos
696 1417 832 1474 ergo
854 1402 925 1458 de
946 1401 1266 1459 haresibus
1288 1419 1437 1475 cpus
1469 1419 1643 1458 suum
1668 1418 1793 1475 per-

131 1488 291 1543 duxit
314 1506 505 1561 supra
529 1489 727 1546 dictus
751 1491 1061 1563 episcopus
1083 1490 1348 1564 Cyprius,
1384 1492 1538 1563 apud
1564 1491 1790 1547 Graecos

132 1576 277 1632 inter
306 1594 571 1651 magnos
606 1578 859 1650 habitus,
895 1583 951 1634 et
973 1596 1005 1634 a
1028 1579 1229 1635 multis
1251 1580 1311 1635 in
1332 1579 1628 1635 catholica:
1654 1578 1788 1635 ﬁdei

133 1667 375 1721 sanitate
393 1666 705 1723 laudatus.
731 1666 909 1738 Cujus
929 1684 1032 1740 ego
1053 1667 1112 1722 in
1131 1667 1661 1724 commemorandis
1677 1668 1789 1722 hee-

134 1754 323 1811 reticis
346 1772 467 1810 non
494 1755 768 1824 modum,
791 1757 891 1811 sed
916 1756 1179 1812 ordinem
1205 1774 1337 1813 surn
1361 1760 1619 1814 secutus.
1640 1756 1786 1813 Nam

133 1847 183 1897 et
204 1842 400 1915 aliqua
419 1859 489 1898 ex
512 1843 650 1899 aliis
665 1843 832 1916 posui
852 1862 977 1917 quas
998 1845 1122 1917 ipse
1142 1863 1254 1901 non
1275 1847 1488 1917 posuit,
1509 1850 1563 1900 et
1585 1844 1787 1918 aliqua

134 1950 238 1987 non
263 1932 459 2005 posui,
489 1950 625 2005 quae
652 1933 777 2005 ipse
801 1934 1033 2005 posuit:
1066 1934 1261 2007 itaque
1282 1935 1394 1990 alia
1412 1934 1585 1990 latius
1608 1950 1784 2007 quam

134 2021 269 2092 ipse,
298 2021 414 2076 alia
436 2022 624 2077 etiam
648 2022 878 2079 brevius
900 2022 1201 2096 eXplicavi,
1226 2041 1543 2096 paremque
1564 2024 1621 2078 in
1648 2041 1787 2078 non-

136 2108 305 2165 nullis
327 2110 575 2165 exhibui
604 2110 965 2178 brevitatem,
987 2113 1185 2167 omnia
1207 2114 1515 2168 moderans
1534 2111 1785 2169 sicutin-

136 2200 409 2255 tentionis
434 2216 583 2255 meae
608 2199 754 2255 ratio
778 2200 1127 2271 postulabat.
1154 2201 1398 2257 Proinde
1419 2201 1515 2256 ille
1538 2202 1606 2257 de
1628 2204 1754 2256 octo
1771 2231 1784 2241 ε

137 2288 285 2359 ginta
305 2288 665 2360 haeresibus,
682 2289 965 2362 separatis
983 2289 1207 2362 viginti,
1227 2307 1373 2362 quas
1396 2295 1530 2346 ante
1552 2288 1782 2347 Domini

138 2379 444 2433 adventum
461 2379 789 2449 exstitisse,
806 2378 1023 2435 sicutei
1046 2380 1237 2436 visum
1260 2387 1366 2449 est,
1392 2380 1780 2453 computavit;

137 2465 381 2539 reliquas
400 2472 539 2539 post
557 2467 794 2523 Domini
815 2484 1120 2525 ascensum
1143 2473 1310 2526 natas
1328 2470 1643 2543 sexaginta,
1659 2471 1783 2525 bre-

140 2555 387 2612 vissimis
411 2556 589 2613 libris
614 2557 875 2629 quinque
897 2558 1359 2630 comprehendit,
1383 2564 1557 2630 atque
1578 2575 1782 2615 omnes

145 2660 232 2700 sex
253 2644 431 2701 libros
461 2646 651 2701 totius
684 2647 947 2717 ejusdem
980 2647 1070 2702 sui
1107 2647 1297 2719 operis
1324 2648 1511 2703 fecit”.
1538 2649 1652 2720 Ego
1680 2665 1782 2703 au-

150 2737 272 2799 tem,
296 2734 432 2806 quia
476 2736 811 2791 secundum
852 2736 1191 2808 petitionem
1231 2743 1387 2791 tuam
1415 2754 1513 2792 eas
1534 2737 1783 2793 haereses

151 2838 457 2879 memorare
486 2824 745 2893 institui,
771 2842 896 2896 quas
921 2829 1052 2897 post
1071 2825 1551 2898 gloriﬁcationem
1571 2825 1783 2881 Christi

152 2927 204 2966 se
224 2912 496 2969 adversus
521 2914 853 2969 doctrinam
877 2914 1110 2980 Christi,
1161 2914 1334 2971 etiam
1368 2917 1476 2971 sub
1498 2914 1785 2971 velamine

153 3000 438 3056 christiani
466 3002 729 3057 nominis
755 3002 1548 3077 extulerunt,quinquaginta
1562 3008 1784 3077 septem

155 3104 213 3143 ex
226 3090 533 3162 Epiphanii
548 3090 739 3163 ipsius
753 3109 922 3164 opere
940 3092 997 3147 in
1024 3109 1220 3149 meum
1250 3093 1548 3165 transtuli,
1566 3093 1783 3148 duasin

154 3193 317 3233 unam
340 3180 626 3245 referens,
649 3180 749 3236 ubi
773 3181 992 3236 nullam
1028 3181 1416 3237 diﬂ'erentiam
1437 3182 1596 3255 potui
1620 3199 1787 3255 repe-

154 3266 352 3324 rirezet
369 3286 582 3347 rursus
607 3269 706 3325 ubi
729 3270 823 3326 ille
845 3286 911 3325 ex
929 3271 1158 3327 duabus
1176 3289 1350 3327 unam
1375 3275 1557 3329 facere
1578 3272 1783 3339 voluit,

156 3356 253 3409 sub
270 3358 529 3414 numeris
550 3359 677 3415 suis
696 3358 959 3432 singulas
976 3360 1165 3432 posui.
1186 3362 1292 3416 Sed
1313 3362 1503 3417 adhuc
1524 3378 1648 3417 com
1659 3378 1784 3417 me-

157 3460 365 3502 morare
381 3448 588 3517 debeo,
611 3447 731 3503 sive
750 3465 895 3519 quas
917 3449 1069 3521 apud
1095 3448 1240 3505 alios
1264 3450 1472 3522 reperi,
1496 3450 1617 3505 sive
1640 3466 1786 3522 quas

157 3532 267 3605 ipse
294 3536 656 3592 reminiscor.
692 3537 859 3592 Nunc
882 3555 1016 3611 ergo
1039 3539 1187 3594 addo
1210 3556 1355 3611 quas
1379 3537 1664 3595 Pbilaster
1686 3556 1786 3611 po-

159 3622 283 3687 suit,
315 3642 414 3680 nec
449 3626 649 3698 posuit
680 3626 1060 3698 Epiphanius.

225 3711 402 3769 LVIII.
436 3714 971 3770 Meraxcrsuomm:
1002 3716 1115 3771 dici
1147 3721 1412 3788 possunt,
1438 3716 1537 3788 qui
1564 3717 1785 3773 Metan-

164 3799 373 3870 gismon
408 3808 702 3872 asserunt,
738 3805 995 3861 dicentes
1018 3805 1100 3860 sic
1123 3822 1251 3861 esse
1276 3805 1335 3861 in
1359 3812 1527 3863 Patre
1552 3806 1787 3874 Filium,

168 3892 437 3959 quomodo
466 3910 568 3950 vas
596 3894 653 3948 in
686 3911 840 3964 vase,
874 3894 1041 3965 quasi
1074 3895 1188 3950 duo
1217 3912 1458 3968 corpora
1483 3896 1791 3953 carnaliter

170 3977 452 4048 opinantes
468 4004 482 4049 ,
497 3983 657 4038 itaut
671 3982 850 4037 Filius
863 3982 1109 4039 intretin
1128 3989 1379 4056 Patrem,
1396 3989 1573 4058 tanqu
1584 4003 1676 4042 am
1691 4003 1789 4042 vas

174 4066 351 4123 minus
379 4069 436 4125 in
467 4089 570 4128 vas
603 4072 815 4143 majus.
848 4072 1009 4128 Unde
1040 4078 1097 4128 et
1125 4074 1237 4129 tale
1268 4091 1479 4130 nomen
1510 4075 1604 4129 hic
1635 4092 1794 4131 error

175 4157 393 4228 accepit,
410 4164 473 4214 ut
486 4158 853 4235 μεταγγισμός
867 4178 1049 4234 graece
1063 4162 1351 4219 diceretur
1366 4182 1383 4219 .'
1398 4162 1607 4239 ἀγγεῖον
1629 4165 1796 4237 quip-

176 4258 236 4312 pe
258 4244 349 4301 illa
372 4246 572 4322 lingua
593 4266 695 4305 vas
714 4250 928 4305 dicitur
958 4266 973 4306 :
1009 4252 1109 4307 sed
1130 4254 1402 4309 introitus
1435 4253 1610 4310 unius
1638 4254 1794 4311 vasis

178 4330 228 4385 in
247 4332 502 4406 alterum,
528 4338 711 4394 latine
736 4357 849 4395 uno
874 4341 1108 4397 nomine
1130 4359 1244 4398 non
1269 4346 1463 4415 potest
1483 4342 1621 4415 dici,
1645 4342 1796 4399 sicut

182 4436 339 4492 graec
365 4427 548 4497 potuit
582 4428 971 4503 μεταγγισμὸς.

242 4513 365 4568 LIX.
397 4516 734 4573 SELEUCIANI
758 4524 897 4573 sunt
921 4517 1006 4574 vel
1040 4518 1336 4576 Hermiani
1366 4520 1438 4576 ab
1460 4522 1798 4579 auctoribus

185 4596 391 4658 Seleuco
422 4604 507 4659 vel
534 4605 793 4673 Hermia,
814 4608 913 4678 qui
942 4607 1363 4665 elementorum
1398 4610 1700 4666 materiam
1729 4611 1799 4666 de

188 4701 285 4756 qua
302 4690 475 4748 factus
489 4700 580 4751 est
602 4696 883 4766 mundus,
905 4713 1017 4752 non
1042 4714 1074 4752 a
1092 4697 1206 4753 Deo
1221 4699 1432 4754 factam
1452 4699 1677 4767 dicunt,
1699 4700 1799 4755 sed

190 4777 283 4831 Deo
303 4787 662 4840 coaeternam.
700 4783 812 4839 Nec
846 4784 1103 4841 animam
1121 4791 1230 4842 Deo
1245 4788 1511 4843 tribuunt
1530 4787 1794 4855 creatori,

192 4864 275 4917 sed
294 4874 567 4929 creatores
590 4888 717 4928 esse
734 4873 1065 4929 animarum
1087 4875 1337 4949 Angelos
1357 4876 1561 4933 volunt
1576 4879 1646 4933 de
1663 4878 1796 4951 igne

195 4955 239 5038 et
257 4955 465 5025 spiritu.
502 4960 722 5016 Malum
759 4966 953 5018 autem
982 4969 1253 5020 asserunt
1278 4982 1403 5021 esse
1431 4965 1741 5038 aliquando
1772 4985 1802 5023 a

198 5037 620 5118 Deo,aliquando
643 5068 675 5105 a
690 5037 1546 5124 materia.NegantSalvatorem
1560 5055 1617 5109 in
1630 5072 1803 5112 carne

200 5130 369 5217 sedere
390 5137 456 5191 ad
498 5140 791 5195 dexteram
825 5139 1029 5209 Patris,
1055 5141 1155 5197 sed
1179 5158 1245 5198 ea
1280 5159 1342 5199 se
1367 5144 1595 5200 exuisse
1618 5144 1806 5217 perhi-

200 5213 333 5291 bent,
362 5240 600 5299 eamque
642 5228 701 5284 in
723 5228 843 5285 sole
864 5230 1155 5303 posuisse,
1178 5231 1523 5305 accipientes
1545 5213 1805 5291 occasio-

205 5415 339 5527 mitia
359 5420 492 5483 Msa,
505 5426 667 5475 nescio
688 5440 790 5490 qua
809 5426 1132 5491 phantastica
1149 5430 1197 5479 et
1208 5427 1425 5479 ridicule
1433 5427 1675 5494 fabulosa
1686 5445 1807 5482 nar-

254 5539 636 5619 _’_ll}_impressis,
656 5552 962 5619 Sqtamanos
984 5567 997 5603 :
1023 5567 1209 5619 eorum
1230 5555 1358 5605 vitio
1382 5556 1472 5619 qui
1496 5556 1802 5618 ediderunt,

209 5605 443 5675 ποδὶ-Βεβξῖ
462 5605 642 5675 omnes
692 5615 888 5675 ferunt,
920 5616 1249 5667 Satam'anos.

459 5674 509 5723 in
540 5692 629 5725 sex
654 5676 811 5745 libro.-
845 5664 1245 5745 totizrsej'ustl'eui
1262 5680 1343 5729 sui
1360 5684 1528 5742 operis
1546 5682 1671 5745 fecit
1693 5696 1810 5733 con-

333 5720 480 5845 “(51:35.
497 5720 633 5789 vero
656 5720 779 5790 Iliso“
790 5720 969 5791 nega
974 5720 991 5791 ἰ
1017 5720 1808 5808 aggestusadeamus.

489 5917 751 5986 PATROL.
793 5920 975 5985 XLII.

1906 866 2218 923 rectionem
2243 885 2355 924 non
2380 874 2589 942 putant
2613 870 2887 939 futuram,
2924 872 3023 927 sed
3050 870 3307 943 quotidie
3334 870 3456 927 ﬂeri
3489 871 3548 927 in

1903 956 2277 1026 generatione
2312 958 2587 1014 filiorum.

1976 1044 2080 1100 LX.
2116 1045 2513 1103 PROCLIANI'M:
2539 1050 2721 1105 secuti
2755 1052 2891 1105 sunt
2923 1050 3087 1118 istos,
3114 1054 3173 1106 et
3195 1050 3548 1106 addiderunt

1900 1129 2197 1189 Christum
2230 1151 2343 1190 non
2384 1134 2441 1190 in
2474 1153 2646 1192 carne
2676 1136 2919 1193 venisse.

1969 1220 2107 1277 LXI.
2125 1221 2453 1279 PATRICIANI
2470 1241 2502 1280 a
2516 1224 2764 1280 Patricio
2788 1223 3131 1296 nuncupati,
3147 1224 3540 1280 substantiam

1894 1310 2087 1366 carnis
2120 1310 2388 1367 humanm
2422 1330 2535 1368 non
2570 1330 2603 1369 a
2632 1313 2771 1385 Doo,
2805 1313 2908 1369 sed
2940 1311 3225 1369 adiabolo
3244 1313 3537 1369 conditam

1894 1398 2121 1455 dicunt:
2151 1415 2402 1473 eamque
2434 1402 2517 1457 sic
2536 1402 2871 1475 fugiendam
2904 1407 2961 1458 et
2994 1402 3395 1458 detestandam
3429 1419 3537 1474 pu-

1892 1490 2038 1556 tant,
2074 1492 2139 1544 ut
2169 1489 2411 1561 quidam
2442 1506 2643 1547 eorum
2676 1490 3096 1563 perhibeantur
3140 1491 3315 1546 etiam
3350 1494 3537 1547 morte

1901 1575 2014 1631 sibi
2041 1575 2228 1633 illata‘
2263 1594 2457 1635 carere
2495 1595 2667 1635 carne
2697 1579 2968 1635 voluisse.

1963 1666 2132 1720 LXII.
2158 1668 2379 1723 Ascrrzn
2400 1668 2471 1723 ab
2507 1672 2635 1724 utre
2662 1668 2937 1741 appellati
2970 1671 3110 1725 sunt
3134 1684 3147 1722 :
3188 1665 3353 1728 ἀσκός
3377 1667 3533 1724 enim

1889 1768 2091 1825 graece,
2110 1754 2288 1812 latine
2303 1761 2430 1812 uter
2444 1757 2857 1829 dieiturzquem
2878 1755 3533 1829 perbibenturintlatum

1888 1851 1942 1898 et
1962 1848 2225 1915 opertum
2264 1845 2508 1901 circuire
2544 1846 2918 1912 bacchantes,
2956 1850 3238 1916 tanquam
3272 1844 3384 1917 ipsi
3417 1844 3538 1901 sint

1886 1930 2200 2003 evangelici
2234 1938 2391 1989 utres
2421 1933 2551 1988 novi
2584 1950 2728 1989 novo
2759 1934 2893 1989 vino
2925 1932 3150 2005 repleti.

1962 2020 2071 2075 LXI
2082 2020 2769 2078 ILPASSALORYNCHITEin
2784 2026 3010 2078 tantum
3028 2021 3261 2078 silentio
3275 2022 3535 2089 student,

1889 2113 1953 2164 ut
1983 2109 2223 2165 naribus
2261 2116 2317 2166 et
2355 2110 2524 2167 labiis
2548 2112 2671 2167 suis
2708 2111 2959 2184 digitum
2998 2115 3314 2183 opponant,
3348 2127 3419 2166 ne
3448 2110 3535 2167 vel

1887 2198 2075 2270 ipsam
2095 2199 2550 2255 taciturnitatem
2569 2217 2704 2256 voce
2724 2200 3079 2273 praeripiant,
3096 2202 3328 2272 quando
3347 2204 3538 2255 tacen-

1886 2287 2027 2342 dum
2050 2288 2161 2343 sibi
2187 2305 2314 2344 esse
2337 2288 2735 2357 arbitrantur;
2782 2290 2938 2345 unde
2982 2290 3157 2345 etiam
3180 2288 3296 2344 illis
3317 2294 3407 2344 est
3427 2305 3531 2344 no-

1887 2393 2019 2432 men
2038 2374 2610 2439 inditummécaaloc
2632 2378 2787 2433 enim
2811 2394 2995 2449 graece
3017 2377 3230 2432 dicitur
3249 2377 3444 2449 palus;
3474 2380 3533 2432 et

1887 2462 2093 2540 ῥύγχος
2112 2484 2291 2522 nasus
2308 2470 2421 2522 Cur
2436 2470 2628 2522 autem
2644 2483 2745 2538 per
2758 2466 2955 2540 palum
2978 2466 3227 2538 digitum
3242 2466 3534 2522 siﬁniﬁca-

1887 2571 1946 2610 re
1968 2555 2303 2622 maluerint,
2330 2573 2361 2610 a
2384 2555 2595 2627 quibus
2618 2556 2726 2611 hoc
2751 2571 2961 2611 nomen
2998 2555 3385 2626 compositum
3417 2559 3528 2621 est,

1886 2644 2119 2700 nescio:
2149 2662 2281 2699 cum
2314 2661 2496 2716 graece
2524 2649 2580 2700 et
2605 2644 2834 2699 dicatur
2882 2645 3103 2716 digitus
3152 2640 3439 2711 δάκτυλος,
3473 2648 3528 2700 et

1885 2730 2841 2805 possintutiqueDactylorynchitae
2856 2732 3038 2788 multo
3052 2731 3529 2789 evidentiusnun-

1886 2839 2106 2877 CUDRI‘I.

2185 2902 2425 2964 AQUARII
2448 2919 2516 2958 ex
2534 2900 2644 2958 hoc
2667 2900 2938 2974 appellati
2961 2905 3118 2969 sunt,
3142 2902 3292 2971 quod
3317 2917 3529 2973 aquam

1887 2990 2139 3046 offerunt
2158 2990 2217 3045 in
2242 2989 2447 3063 poculo
2470 2990 2853 3058 Sacramenti,
2875 3007 2990 3046 non
3009 2990 3149 3045 illud
3171 2991 3326 3061 quod
3341 2990 3533 3047 omnis

1889 3078 2163 3135 Ecclesia.

1960 3167 2117 3223 LXV.
2149 3169 2500 3224 COLUTHIANI
2527 3185 2560 3224 a
2586 3169 2842 3240 quodam
2874 3167 3141 3236 Colutbo,
3176 3168 3275 3241 qui
3297 3168 3527 3224 dicebat

1890 3262 2069 3313 Deum
2094 3274 2209 3313 non
2230 3258 2415 3313 facere
2437 3257 2592 3312 mala
2616 3278 2630 3326 ς
2669 3262 2872 3313 contra
2901 3258 3045 3313 illud
3069 3258 3221 3330 quod
3246 3258 3531 3330 scriptum

1887 3351 1995 3411 est,
2028 3348 2134 3417 Ego
2164 3348 2305 3402 Deus
2333 3362 2524 3403 creans
2552 3348 2705 3402 mala
2735 3347 2889 3418 (Isai.
2916 3363 3042 3412 ην,
3072 3348 3152 3416 7).

1960 3435 2148 3490 LXVI.
2174 3435 2510 3491 FLoamIANI
2525 3453 2557 3490 a
2574 3434 2826 3505 Florino,
2844 3435 2943 3506 qui
2957 3451 2987 3490 e
3001 3433 3287 3491 contrario
3301 3434 3530 3490 dicebat

1888 3528 2069 3579 Deum
2103 3540 2329 3579 creasse
2362 3522 2553 3579 mala:
2584 3528 2785 3579 contra
2823 3524 2880 3578 id
2914 3525 3067 3595 quod
3100 3522 3385 3595 scriptum
3416 3529 3524 3590 est,

1887 3615 2031 3669 Fecit
2061 3614 2197 3668 Deus
2227 3614 2433 3680 omnia,
2467 3617 2519 3668 et
2545 3629 2664 3669 ecce
2696 3613 2838 3668 bona
2867 3611 3029 3668 valde
3048 3611 3202 3684 (Gen.
3238 3629 3277 3681 ι,
3300 3613 3412 3681 31).
3447 3616 3527 3667 Ac

1890 3718 1993 3774 per
2019 3701 2128 3757 hoc
2152 3701 2417 3774 quamvis
2448 3702 2738 3757 contraria
2765 3701 2913 3756 inter
2943 3717 3004 3757 se
3029 3702 3308 3769 dicentes,
3332 3705 3529 3755 tamen

1891 3792 2063 3847 ambo
2095 3790 2311 3847 divinis
2341 3790 2586 3862 eloquiis
2617 3790 2986 3846 resistebant.
3012 3790 3179 3845 Creat
3200 3789 3353 3845 enim
3378 3790 3532 3844 Deus

1894 3880 2049 3937 mala
2082 3897 2281 3953 pcenas
2307 3880 2668 3951 justissimas
2695 3880 3039 3951 irrogando;
3076 3879 3225 3948 quod
3250 3877 3534 3934 Coluthus

1894 3987 2009 4026 non
2031 3970 2290 4025 videbat:
2310 3987 2424 4025 non
2439 3973 2634 4025 autem
2650 3968 2833 4023 malas
2847 3968 3093 4023 creando
3107 3971 3244 4022 natu
3254 3983 3347 4023 ras
3364 3970 3539 4038 atque

1896 4058 2281 4125 substantias,
2300 4058 2360 4113 in
2380 4063 2666 4130 quantum
2682 4061 2821 4113 sunt
2835 4062 3053 4113 naturis
3074 4061 3248 4127 atque
3262 4057 3540 4111 substan-

1896 4148 2029 4213 tiae;
2063 4148 2161 4203 ubi
2192 4146 2462 4202 Florinus
2486 4147 2736 4201 errabat.

1969 4236 2187 4291 LXVII.
2220 4236 2495 4291 Haeresim
2528 4234 2843 4306 quamdam
2897 4233 3023 4289 sine
3055 4237 3287 4288 auctore
3318 4236 3375 4287 et
3404 4231 3532 4287 sine

1898 4325 2133 4382 nomine
2152 4324 2437 4379 Philaster
2452 4326 2888 4391 commemorat,
2905 4339 3029 4393 qua:
3048 4322 3354 4377 dicithunc
3373 4338 3541 4375 mun-

1898 4414 2039 4469 dum
2052 4413 2226 4469 etiam
2245 4417 2374 4485 post
2388 4412 2870 4467 resurrectionem
2886 4415 3247 4466 mortuorum
3262 4409 3319 4463 in
3333 4408 3535 4464 eodem

1900 4508 2053 4558 statu
2076 4502 2135 4557 in
2158 4518 2271 4573 quo
2294 4518 2450 4556 nunc
2470 4506 2559 4556 est
2579 4516 2705 4556 esse
2732 4514 3296 4570 mansurum,neque
3311 4498 3391 4553 ita
3409 4512 3539 4552 esse

1902 4592 2274 4655 mutandum,
2299 4596 2364 4645 ut
2385 4590 2459 4645 sit
2481 4589 2692 4646 ccelum
2716 4606 2930 4645 novum
2953 4592 3009 4644 et
3030 4593 3185 4643 terra
3205 4603 3370 4654 nova,
3386 4587 3541 4641 sicut

1902 4685 2104 4737 sancta
2132 4679 2433 4751 Scriptura
2463 4678 2752 4751 promittit
2772 4679 2921 4750 (lsai.
2948 4694 3072 4749 va,
3097 4678 3163 4731 17
3188 4694 3202 4745 ;
3232 4676 3281 4732 ΙΙ
3304 4680 3450 4733 Patr.
3479 4690 3544 4730 III

1905 4770 1992 4839 13,
2020 4776 2074 4824 et
2100 4769 2257 4840 Apoc.
2293 4784 2405 4836 χχι,
2442 4768 2516 4839 1).

1975 4856 2211 4913 LXVIII.
2231 4856 2333 4911 Est
2349 4855 2464 4910 alia
2480 4853 2719 4910 haeresis
2733 4854 2905 4910 nudis
2926 4853 3172 4926 pedibus
3190 4866 3421 4923 semper
3432 4864 3551 4906 am-

1905 4946 2261 5013 bulantium,
2286 4961 2351 4999 eo
2375 4945 2526 5015 quod
2553 4943 2839 4999 Dominus
2860 4942 3067 4998 dixerit
3087 4942 3156 4996 ad
3180 4941 3438 5012 Moysen.
3460 4936 3549 4994 vel

1909 5036 1977 5092 ad
1992 5036 2172 5092 Josue
2185 5036 2228 5101 ⁵,
2255 5036 2412 5089 Solve
2431 5034 2863 5088 calceamentum
2888 5032 2960 5087 de
2970 5032 3197 5103 pedibus
3222 5031 3331 5084 tuis
3350 5027 3545 5096 (Exod.

1908 5143 1991 5193 III,
2013 5126 2049 5179 5
2072 5141 2085 5180 :
2109 5133 2161 5179 el
2187 5125 2350 5180 Iosue
2371 5140 2426 5187 v,
2454 5122 2540 5193 16)
2565 5138 2578 5176 :
2605 5125 2662 5177 et
2686 5121 2838 5191 quod
2863 5120 3144 5192 propheta
3172 5117 3351 5173 Isaias
3374 5116 3549 5172 nudis

1909 5215 2156 5289 pedibus
2173 5214 2384 5285 jussus
2407 5212 2579 5267 fuerit
2598 5210 2899 5266 ambulare
2925 5212 3074 5278 (Isai.
3098 5225 3191 5277 xx,
3215 5208 3289 5277 2).
3314 5207 3445 5262 Ideo
3466 5222 3552 5262 er-

1910 5322 1981 5379 go
1994 5303 2233 5360 haeresis
2246 5307 2355 5372 est,
2372 5301 2638 5374 quianon
2652 5304 2887 5373 propter
2899 5298 3158 5369 corporis
3172 5296 3549 5352 afﬂictionem

1912 5395 1995 5450 sic
2021 5392 2343 5459 ambulant,
2370 5392 2471 5447 sed
2496 5390 2635 5462 quia
2654 5387 2989 5445 testimonia
3021 5386 3218 5443 divina
3248 5384 3443 5443 taliter
3462 5386 3551 5441 in-

1912 5483 2184 5556 telligunt
2199 5482 2241 5537 ³.

1981 5683 1996 5718 ί
2030 5681 2091 5730 In
2120 5678 2265 5737 Mss.,
2292 5679 2453 5726 morte
2481 5674 2684 5725 sibimet
2713 5674 2880 5724 illata.

1976 5746 1998 5780 ⁸
2022 5746 2083 5793 In
2114 5744 2239 5792 Mss.
2271 5741 2440 5798 deest,
2470 5739 2551 5788 vel
2581 5738 2651 5787 ad
2674 5739 2841 5788 Iosue.

1985 5807 2009 5847 ³
2031 5806 2130 5861 Am
2158 5805 2245 5859 Er.
2274 5806 2330 5856 et
2343 5795 2586 5868 plerique
2603 5800 2729 5855 Mss.
2751 5798 3046 5871 omittunt:
3082 5798 3202 5849 Ideo
3221 5812 3338 5861 ergo
3360 5795 3567 5848 haeresis

3210 5921 3249 5978 2
