4012 6460
461 408 542 468 43

1551 402 1654 464 DE
1698 401 2189 475 HERESIBUS,
2235 401 2301 462 S.
2346 402 2778 465 AUGUSTINI

3791 401 3869 458 44

538 538 718 594 LXIX.
755 537 1068 592 DONA’I‘IANI
1089 536 1175 592 vel
1199 536 1514 593 Donatista:
1543 541 1698 602 sunt,
1728 537 1825 608 qui
1853 537 2108 607 primum
2139 535 2194 601 Α
2225 535 2373 590 siam
2403 536 2856 606 baptizaverant,
2896 535 2954 589 in
2987 534 3109 589 suis
3148 532 3473 589 honoribus
3503 531 3630 588 sine
3661 530 3783 587 ulla
3813 531 3874 587 in

465 631 701 699 propter
723 626 1051 681 ordinatum
1079 632 1282 680 contra
1302 643 1470 680 suam
1489 625 1844 680 voluntatem
1862 623 2113 680 Caecilia-

465 733 607 770 num
621 713 882 769 Ecclesia:
898 714 1376 787 Carthaginensis
1395 714 1735 786 episcopum
1759 714 2020 772 schisma
2037 714 2112 768 fe-

465 807 668 859 cerunt
683 802 1044 873 :objicientes
1057 804 1103 858 ei
1125 803 1374 858 crimina
1387 821 1500 859 non
1517 805 1779 875 probata,
1795 808 1850 859 et
1864 803 2115 858 maxime

468 892 621 963 quod
645 908 678 947 a
697 891 1079 948 traditoribus
1103 892 1433 947 divinarum
1467 893 1902 964 Scripturarum
1942 891 2118 946 fuerit

469 981 795 1038 ordinatus.
819 981 930 1036 Sed
953 985 1084 1053 post
1107 998 1346 1037 causam
1371 998 1501 1037 cum
1524 998 1588 1036 eo
1613 981 1826 1036 dictam
1852 983 2026 1051 atque
2050 978 2116 1033 ﬂ-

469 1071 652 1126 nitam
677 1069 952 1127 falsitatis
967 1071 1046 1126 rei
1063 1070 1431 1143 deprehensi,
1451 1069 1730 1143 pertinaci
1753 1069 2118 1124 dissensione

466 1160 722 1230 firmata,
749 1160 810 1214 in
861 1159 1130 1216 haeresim
1164 1159 1425 1215 schisma
1465 1163 1760 1214 verterunt
1789 1175 1800 1212 :
1835 1163 2118 1230 tanquam

469 1247 728 1304 Ecclesia
749 1248 961 1305 Christi
983 1253 1219 1321 propter
1241 1248 1488 1303 crimina
1504 1247 1818 1312 Caeciliani,
1842 1264 1942 1302 seu
1961 1263 2116 1314 vera,

472 1354 576 1392 seu
618 1338 772 1408 quod
813 1338 1002 1409 magis
1026 1337 1332 1408 judicibus
1373 1336 1665 1407 apparuit,
1705 1335 1868 1402 falsa,
1902 1336 1972 1391 de
2000 1340 2120 1392 toto

471 1431 762 1482 terrarum
776 1427 912 1482 orbe
925 1425 1289 1497 perierit,ubi
1309 1425 1505 1480 l'utura
1524 1424 1816 1497 promissa
1833 1429 2122 1496 est,atque

473 1514 533 1569 id
557 1515 819 1569 Africana
831 1515 1035 1569 Donati
1052 1519 1214 1586 parte
1228 1515 1598 1581 remanserit,
1615 1514 1674 1569 in
1691 1513 1819 1569 aliis
1834 1519 2120 1568 terrarum

473 1604 738 1675 partibus
768 1604 938 1674 quasi
971 1604 1312 1675 contagione
1341 1603 1778 1659 communionis
1812 1604 2118 1659 exstincta.

470 1693 701 1747 Audent
721 1693 898 1752 etiam
923 1692 1281 1765 rebaptizare
1297 1692 1652 1748 Catholicos:
1677 1693 1771 1747 ubi
1790 1710 1850 1749 se
1868 1692 2122 1765 amplius

473 1780 774 1837 haereticos
804 1798 930 1837 esse
963 1782 1292 1849 firmarunt,
1345 1799 1478 1837 cum
1513 1781 1783 1838 Ecclesiae
1830 1781 2122 1837 catholicae

476 1871 758 1925 universae
781 1871 1082 1942 placuerit,
1109 1887 1212 1926 nec
1234 1871 1292 1925 in
1320 1870 1464 1941 ipsis
1497 1870 1784 1926 hazreticis
1827 1871 2124 1942 Baptisma
2156 1908 2203 1972 B

477 1974 791 2014 commune
809 1959 1154 2014 rescindere.
1173 1960 1362 2030 Hujus
1375 1959 1612 2014 haeresis
1626 1960 1947 2030 principem
1974 1957 2124 2014 acci-

478 2046 675 2118 pimus
697 2047 878 2103 fuisse
901 2049 1208 2115 Donatum,
1237 2048 1336 2118 qui
1367 2049 1436 2102 de
1477 2047 1752 2103 Numidia
1781 2048 2037 2118 veniens,
2072 2049 2128 2102 et

480 2141 683 2192 contra
697 2136 999 2191 Cacilianu
1012 2154 1064 2191 m
1081 2137 1463 2192 christianam
1478 2137 1746 2192 dividens
1761 2136 2009 2208 plebem,
2025 2136 2126 2191 ad-

471 2226 698 2297 junctis
720 2226 831 2281 sibi
854 2226 1115 2296 ejusdem
1139 2226 1408 2281 factionis
1431 2226 1743 2298 episcopis,
1773 2225 2124 2295 Majorinum

480 2315 637 2387 apud
660 2315 1067 2386 Carthaginem
1089 2315 1377 2370 ordinavit
1396 2316 1755 2386 episcopum.
1777 2315 1876 2369 Cui
1898 2315 2124 2385 Majori-

479 2421 553 2459 no
589 2406 845 2460 Donatus
875 2403 1028 2460 alius
1058 2405 1118 2459 in
1149 2403 1352 2459 eadem
1384 2403 1666 2458 divisione
1689 2404 1991 2471 successit,
2026 2403 2126 2476 qui

474 2493 810 2566 eloquentia
858 2511 966 2550 sua
1013 2493 1098 2549 sic
1143 2493 1511 2548 confirmavit
1547 2492 1697 2548 hanc
1740 2492 2028 2566 haeresim,
2063 2497 2127 2548 ut

472 2583 643 2638 multi
659 2582 1241 2654 existimentpropter
1257 2582 1451 2654 ipsum
1467 2582 1663 2653 potius
1675 2600 1773 2638 eos
1787 2583 2123 2638 Donatistas

471 2673 682 2728 vocari.
708 2673 952 2728 Exstant
973 2672 1190 2743 scripta
1211 2672 1363 2742 ejus,
1388 2671 1487 2727 ubi
1513 2678 1754 2744 apparet
1787 2689 1921 2728 eum
1945 2671 2123 2728 etiam

473 2779 588 2817 non
608 2761 953 2817 catholicam
969 2762 1038 2817 de
1052 2761 1337 2816 Trinitate
1350 2761 1627 2817 habuisse
1641 2762 1988 2817 sententiam
2001 2762 2122 2829 ,sed

474 2851 742 2922 quamvis
763 2851 1028 2921 ejusdem
1050 2850 1415 2920 substantia,
1435 2850 1721 2905 minorem
1741 2855 1936 2905 tamen
1957 2851 2124 2906 Patre

474 2939 711 3006 Filium,
729 2945 786 2995 et
804 2941 1089 2994 minorem
1110 2939 1254 2993 Filio
1274 2943 1512 3010 putasse
1527 2939 1810 3010 Spiritum
1829 2944 2121 2994 sanctum.

473 3029 684 3086 Verum
707 3029 765 3082 in
789 3027 964 3095 hunc,
984 3044 1155 3099 quem
1172 3028 1240 3082 de
1253 3027 1539 3082 Trinitate
1563 3027 1789 3091 habuit,
1819 3029 1946 3099 ejus
1967 3045 2122 3084 erro-

473 3133 595 3173 rem
624 3117 1064 3173 Donatistarum
1097 3115 1415 3171 multitudo
1449 3116 1677 3171 intenta
1706 3133 1820 3171 non
1845 3118 1981 3184 fuit;
2020 3134 2122 3172 nec

471 3207 641 3262 facile
662 3207 721 3262 in
745 3207 829 3262 eis
853 3207 1190 3278 quisquam,
1218 3205 1317 3277 qui
1337 3205 1445 3260 hoc
1470 3205 1634 3260 illum
1669 3206 1926 3261 sensisse
1950 3224 2121 3262 nove-

2224 642 2521 697 quoquam
2555 624 2897 697 repetitione
2941 623 3320 696 Baptismatis
3373 627 3734 693 receperunt,
3772 638 3877 677 nec

2225 730 2322 768 eos
2347 718 2410 768 ut
2432 715 2789 787 corrigerent
2812 731 2914 786 per
2933 713 3200 786 publicas
3224 716 3540 784 potestates
3563 728 3732 783 agere
3754 712 3881 766 des-

2225 803 2492 874 titerunt,
2526 821 2629 859 nec
2656 821 2855 860 eorum
2880 803 3225 858 criminibus
3249 819 3348 872 per
3370 802 3460 856 sui
3485 801 3724 857 Concilii
3750 818 3880 856 sen-

2227 893 2470 948 tentiam
2539 894 2913 950 vehementer
2977 892 3339 964 exaggeratis
3397 892 3879 947 communionem

2227 998 2394 1037 suam
2421 983 2821 1038 contaminare
2855 983 3202 1038 timuerunt.

2302 1070 2456 1126 LXX.
2484 1071 3008 1140 PRISCILLIANISTE,
3045 1087 3193 1142 quos
3237 1070 3296 1125 in
3328 1069 3612 1141 Hispania
3643 1069 3881 1125 Priscil-

2230 1158 2424 1216 lianus
2448 1160 2724 1229 instituit,
2752 1161 3004 1216 maxime
3029 1159 3440 1216 Gnosticorum
3463 1164 3519 1214 et
3537 1158 3885 1215 Manichaeo-

2231 1266 2361 1304 rum
2412 1250 2687 1320 dogmata
2736 1249 3023 1322 permixta
3066 1253 3384 1305 sectantur.
3419 1248 3695 1314 Quamvis
3721 1252 3779 1304 et
3811 1264 3883 1303 ex

2230 1336 2363 1392 aliis
2394 1337 2712 1394 haaresibus
2745 1340 2805 1394 in
2835 1342 2966 1394 eos‘
3017 1339 3241 1404 sordes,
3291 1345 3572 1410 tanquam
3603 1338 3660 1392 in
3697 1337 3881 1393 senti-

2232 1442 2369 1481 nam
2423 1428 2739 1498 qnamdam
2785 1427 3052 1483 horribili
3099 1427 3437 1484 confusione
3469 1427 3881 1483 conﬂuxerint.

2231 1515 2470 1586 Propter
2500 1515 2880 1572 occultandas
2912 1525 3104 1572 autem
3136 1516 3661 1572 contaminationes
3684 1521 3740 1571 et
3764 1521 3889 1572 tur-

2232 1604 2528 1676 pitudines
2575 1622 2713 1661 suas
2759 1606 2977 1662 habent
3020 1607 3079 1662 in
3122 1606 3244 1662 suis
3286 1606 3663 1679 dogmatibus
3684 1606 3887 1664 etheec

2233 1695 2406 1750 verba
2431 1713 2442 1749 :

2492 1775 2636 1834 Jura,
2669 1773 2903 1838 parjura,
2935 1779 3200 1825 secretum
3231 1775 3458 1839 prodere
3489 1775 3623 1825 noli.

2234 1871 2302 1926 Hi
2334 1871 2562 1927 animas
2583 1872 2787 1928 dicunt
2814 1874 3076 1944 ejusdem
3100 1879 3320 1929 naturae
3343 1878 3521 1946 atque
3542 1873 3887 1929 substantia

2237 1960 2407 2030 cujus
2438 1965 2526 2016 est
2558 1961 2734 2028 Deus,
2767 1963 2837 2017 ad
2871 1978 3116 2034 agonem
3150 1963 3465 2034 quemdam
3493 1968 3887 2035 spontaneum

2237 2048 2296 2102 in
2319 2049 2489 2103 terris
2516 2051 2924 2120 exercendum,
2953 2068 3054 2122 per
3075 2056 3298 2121 septem
3322 2050 3495 2106 caelos
3518 2055 3574 2106 et
3595 2067 3697 2123 per
3716 2067 3892 2121 quos-

2238 2138 2372 2193 dam
2406 2139 2698 2210 gradatim
2730 2140 3082 2195 descendere
3106 2139 3489 2212 principatus,
3515 2144 3572 2196 et
3592 2140 3652 2195 in
3676 2139 3890 2211 malig-

2239 2244 2380 2281 num
2429 2227 2753 2299 principem
2801 2228 3119 2297 incurrere,
3173 2247 3207 2284 a
3238 2246 3352 2301 quo
3381 2229 3562 2285 istum
3595 2229 3891 2285 mundum

2238 2317 2453 2370 factum
2488 2316 2709 2383 volunt,
2756 2322 2930 2389 atque
2979 2319 3049 2374 ab
3096 2319 3204 2374 hoc
3235 2318 3496 2391 principe
3527 2336 3630 2391 per
3660 2318 3894 2374 diversa

2237 2407 2431 2461 carnis
2459 2423 2700 2477 corpora
2731 2407 3028 2464 seminari.
3067 2409 3353 2464 Astruunt
3382 2408 3558 2463 etiam
3610 2406 3891 2462 fatalibus

2237 2493 2422 2550 stellis
2465 2495 2735 2552 homines
2780 2495 3104 2568 colligatos,
3157 2496 3468 2569 ipsumque
3509 2513 3718 2568 corpus
3752 2514 3892 2553 nos-

2233 2588 2391 2638 trum
2426 2586 2750 2641 secundum
2785 2585 3090 2640 duodecim
3123 2585 3290 2658 signa
3323 2585 3450 2641 coeli
3491 2602 3620 2641 esse
3650 2601 3890 2658 compo-

2235 2673 2438 2742 situm,
2470 2673 2622 2728 sicut
2646 2673 2703 2728 hi
2729 2673 2829 2745 qui
2855 2673 3254 2730 mathematici
3277 2674 3449 2746 vulgo
3474 2673 3885 2746 appellantur;

2236 2763 2658 2817 Constituentes
2688 2763 2746 2817 in
2776 2763 2961 2834 capite
2994 2762 3274 2828 Arietem,
3320 2763 3576 2818 Taurum
3610 2763 3668 2818 in
3699 2762 3888 2817 cervi-

2234 2867 2318 2916 ce,
2353 2850 2628 2905 Geminos
2679 2851 2735 2905 in
2783 2851 3067 2921 humeris,
3119 2852 3404 2906 Cancrum
3453 2852 3512 2906 in
3544 2856 3797 2922 pectore,
3831 2855 3891 2905 et

2235 2944 2439 2995 caetera
2470 2939 2816 2995 nominatim
2869 2940 3038 3012 signa
3086 2945 3511 3011 percurrentes,
3545 2941 3617 2994 ad
3650 2939 3887 3012 plantas

2236 3044 2421 3099 usque
2468 3029 2837 3100 perveniunt,
2888 3047 3031 3100 quas
3083 3029 3347 3084 Piscibus
3399 3029 3689 3096 tribuunt,
3730 3029 3888 3098 quod

2234 3117 2512 3173 ultimum
2561 3118 2793 3190 signum
2844 3118 2915 3173 ab
2968 3117 3280 3189 astrologis
3326 3123 3721 3190 nuncupatur.
3754 3117 3892 3173 Haec

2234 3212 2292 3262 et
2341 3207 2453 3262 alia
2502 3207 2790 3279 fabulosa,
2841 3226 3010 3276 vana,
3065 3208 3368 3280 sacrilega,
3431 3225 3556 3278 qua:
3610 3207 3884 3279 persequi

474 3297 570 3363 rit,
598 3297 908 3352 invenitur.
937 3296 1038 3351 Isti
1057 3294 1310 3350 haeretici
1342 3295 1398 3349 in
1423 3295 1565 3350 urbe
1588 3295 1772 3350 Roma
1793 3296 2125 3353 Montenses
2156 3281 2198 3346 C
2237 3296 2477 3368 longum
2512 3301 2618 3366 est,
2651 3297 2908 3364 haeresis,
2933 3298 3044 3353 ista
3067 3298 3340 3353 contexit.
3365 3298 3580 3353 Carnes
3605 3303 3890 3369 tanquam

471 3391 776 3454 vocantur,
809 3385 1026 3458 quibus
1060 3385 1198 3439 hinc
1229 3401 1299 3439 ex
1326 3383 1522 3439 Africa
1561 3384 1750 3439 solent
1781 3384 2122 3457 episcopum

473 3477 734 3531 mittere:
765 3480 865 3530 aut
887 3474 1020 3529 hinc
1045 3473 1182 3529 illuc
1207 3473 1326 3528 Afri
1357 3473 1613 3545 episcopi
1637 3490 1838 3529 eorum
1863 3491 2119 3546 pergere,

472 3565 523 3620 si
542 3566 686 3620 forte
702 3564 780 3619 ibi
802 3581 934 3620 eum
951 3564 1221 3619 ordinare
1239 3562 1575 3633 placuisset.
1593 3563 1674 3617 Ad
1692 3563 1840 3618 hanc
1854 3564 2121 3619 bzeresim

471 3652 532 3706 in
544 3654 732 3708 Africa
745 3652 894 3708 etilli
909 3652 1223 3724 pertinent,
1242 3652 1340 3723 qui
1369 3651 1742 3723 appellantur
1773 3652 2122 3708 Circumcel-

472 3740 683 3811 liones,
717 3759 901 3814 genus
933 3741 1240 3797 hominum
1263 3746 1490 3812 agreste
1512 3746 1569 3796 et
1591 3741 1998 3797 famosissimas
2020 3760 2123 3798 au-

475 3831 672 3902 daciae,
705 3848 818 3888 non
853 3832 1042 3888 solum
1076 3832 1134 3884 in
1166 3830 1310 3886 alios
1338 3830 1622 3886 immania
1645 3831 1902 3886 facinora
1924 3849 2124 3903 perpe-

473 3922 702 3989 trando,
724 3922 819 3976 sed
848 3937 952 3976 nec
976 3921 1086 3975 sibi
1110 3920 1312 3975 eadem
1334 3919 1543 3975 insana
1564 3920 1793 3976 feritate
1811 3923 2120 3993 parcendo.

475 4010 622 4066 Nam
655 4027 755 4081 per
787 4014 1002 4065 mortes
1031 4009 1220 4064 varias
1272 4009 1639 4080 maximeque
1669 4010 2122 4080 przecipitiorum

477 4104 534 4155 et
563 4116 850 4170 aquarum
884 4105 940 4154 et
968 4099 1194 4170 ignium
1228 4115 1288 4154 se
1311 4099 1470 4170 ipsos
1495 4116 1701 4154 necare
1726 4105 2120 4173 consuerunt;

479 4193 536 4244 et
586 4189 644 4242 in
696 4189 876 4244 istum
930 4190 1184 4243 furorem
1236 4187 1379 4243 alios
1434 4205 1581 4259 quos
1627 4190 1918 4260 potuerint
1951 4207 2122 4247 sexus

475 4277 785 4348 utriusque
802 4278 1098 4348 seducere,
1119 4276 1432 4348 aliquando
1456 4276 1954 4332 utoccidanturab
1968 4279 2117 4348 aliis,

474 4371 746 4436 mortem,
780 4367 894 4421 nisi
926 4367 1184 4432 fecerint,
1227 4366 1669 4421 comminantes.
1703 4366 2118 4424 Verumtamen

468 4454 764 4526 plerisque
796 4455 1231 4511 Donatistarum
1263 4455 1570 4525 displicent
1594 4454 1763 4520 tales,
1788 4473 1893 4511 nec
1914 4474 2115 4512 eorum

469 4544 882 4599 communione
907 4543 1295 4599 contaminari
1320 4559 1382 4597 se
1406 4548 1633 4614 putant,
1670 4544 1769 4615 qui
1794 4545 2113 4601 christiano

2231 3383 2572 3440 immundas
2632 3402 2798 3441 escas
2846 3386 3022 3442 etiam
3073 3385 3201 3457 ipsa
3251 3385 3521 3440 devitat:
3583 3386 3887 3456 conjuges,

2235 3474 2453 3546 quibus
2501 3475 2610 3530 hoc
2660 3474 2884 3530 malum
2935 3476 3191 3547 potuerit
3240 3475 3614 3547 persuadere,
3657 3475 3889 3545 disjun-

2234 3579 2397 3635 gens,
2431 3567 2484 3617 et
2537 3563 2690 3619 viros
2740 3581 2773 3618 a
2823 3564 3157 3620 nolentibus
3192 3564 3449 3628 feminis,
3481 3568 3538 3619 et
3567 3563 3819 3619 feminas
3852 3581 3888 3619 a

2235 3652 2570 3708 nolentibus
2616 3653 2778 3708 viris.
2832 3653 3141 3725 Opiﬁcium
3197 3654 3412 3725 quippe
3459 3652 3649 3708 omnis
3686 3653 3886 3708 carnis

2235 3758 2350 3796 non
2382 3741 2496 3796 Deo
2547 3741 2696 3797 bono
2752 3746 2808 3796 et
2855 3757 3011 3812 vero,
3059 3743 3160 3798 sed
3213 3741 3489 3814 malignis
3520 3741 3742 3814 angelis
3773 3743 3884 3796 tri-

2235 3829 2422 3885 buunt
2448 3847 2458 3886 :
2486 3830 2595 3886 hoc
2616 3831 2965 3886 versutiores
2989 3831 3163 3886 etiam
3189 3828 3704 3902 Manichmis,quod
3731 3831 3889 3886 nihil

2235 3919 2671 3991 Scripturarum
2721 3920 3129 3976 canonicarum
3173 3920 3501 3992 repudiant,
3535 3919 3711 3975 simul
3743 3937 3889 3976 cum

2233 4009 2580 4081 apocryphis
2633 4009 2890 4082 legentes
2943 4011 3139 4065 omnia
3169 4015 3226 4065 et
3255 4010 3313 4064 in
3345 4011 3750 4065 auctoritatem
3787 4027 3890 4066 su-

2235 4103 2480 4168 mentes,
2515 4099 2615 4153 sed
2649 4099 2705 4153 in
2741 4116 2879 4154 suos
2927 4116 3136 4154 sensus
3189 4097 3612 4171 allegorizando
3645 4104 3887 4154 verten-

2232 4192 2319 4242 tes
2352 4187 2637 4258 quidquid
2671 4187 2729 4242 in
2762 4189 2982 4243 sanctis
3004 4188 3188 4244 Libris
3212 4194 3300 4243 est
3323 4189 3477 4259 quod
3501 4205 3698 4244 eorum
3724 4205 3888 4244 ever-

2229 4281 2314 4331 tat
2335 4277 2706 4332 errorem.De
2737 4277 2968 4332 Christo
3001 4276 3393 4333 Sabellianam
3427 4283 3646 4333 sectam
3680 4282 3889 4333 tenent

2229 4366 2498 4420 eumdem
2549 4366 2743 4436 ipsum
2794 4383 2920 4423 esse
2950 4368 3228 4438 dicentes,
3272 4383 3386 4422 non
3420 4368 3610 4423 solum
3643 4367 3886 4436 Filium,

2228 4456 2329 4510 sed
2361 4454 2535 4510 etiam
2567 4460 2818 4521 Patrem,
2853 4461 2909 4511 et
2938 4456 3222 4528 Spiritum
3255 4462 3547 4512 sanctum.

2299 4543 2478 4598 LXXI.
2513 4543 2662 4598 Dicit
2715 4543 3021 4612 Philaster,
3071 4562 3199 4601 esse
3249 4544 3394 4601 alios
3439 4545 3738 4602 haareticos
3771 4549 3880 4619 qui

468 4633 590 4688 orbi
613 4638 899 4688 terrarum
924 4634 1224 4688 dementer
1241 4631 1878 4703 objiciuntignotorum
1894 4635 2114 4690 crimen
2145 4645 2190 4708 D
2223 4649 2358 4688 cum
2391 4633 2732 4689 hominibus
2755 4651 2868 4689 non
2893 4639 3137 4690 sumunt
3160 4650 3323 4689 escas
3348 4651 3360 4688 :
3387 4635 3486 4689 sed
3513 4640 3712 4690 utrum
3738 4654 3881 4693 cum

465 4722 764 4778 Afrorum.
789 4722 970 4778 Multa
991 4727 1047 4778 et
1067 4722 1222 4777 inter
1242 4721 1403 4792 ipsos
1437 4722 1583 4775 facta
1606 4726 1744 4776 sunt
1764 4721 2107 4792 schismata,

465 4813 520 4865 et
537 4810 608 4865 ab
626 4811 695 4865 iis
710 4828 770 4866 se
785 4811 1029 4867 diversis
1048 4809 1294 4865 coetibus
1317 4808 1413 4863 alii
1435 4814 1606 4880 atque
1627 4809 1722 4864 alii
1739 4818 2102 4883 separarunt;

463 4916 713 4971 quorum
764 4901 1188 4972 separationern
1239 4903 1442 4953 caetera
1489 4899 1728 4970 grandis
1791 4900 2104 4957 multitudo

461 5005 576 5043 non
631 4991 836 5044 sensit.
893 4990 1003 5045 Sed
1055 4988 1206 5060 apud
1261 4987 1669 5059 Carthaginem
1715 4989 2105 5047 Maximianus

460 5083 663 5133 contra
693 5079 1053 5133 Primianum
1088 5078 1158 5131 ab
1190 5077 1453 5147 ejusdem
1485 5078 1696 5132 erroris
1729 5083 1958 5133 centum
1993 5081 2103 5135 fer-

459 5183 552 5222 me
584 5168 876 5240 episcopis
908 5169 1234 5236 ordinatus,
1270 5170 1327 5222 et
1356 5182 1388 5220 a
1428 5164 1666 5236 reliquis
1698 5168 1972 5223 trecentis
2004 5170 2102 5224 de-

460 5273 607 5322 cem,
639 5274 772 5312 cum
805 5257 887 5313 eis
920 5257 1229 5312 duodecim
1263 5254 1358 5326 qui
1395 5254 1744 5310 ordinationi
1777 5258 1903 5328 ejus
1926 5257 2100 5313 etiam

453 5347 760 5416 praesentia
791 5346 1072 5419 corporali
1124 5344 1540 5414 interfuerunt,
1589 5345 1954 5401 atrocissima
1988 5349 2096 5403 cri-

453 5435 771 5490 minatione
803 5437 1138 5502 damnatus,
1173 5433 1454 5505 campulit
1484 5450 1581 5488 eos
1607 5452 1779 5491 nosse
1802 5436 1978 5491 etiam
2002 5455 2096 5492 ex-

449 5527 542 5580 tra
572 5523 882 5580 Ecclesiam
915 5526 1037 5580 dari
1071 5541 1242 5597 posse
1285 5523 1649 5594 Baptismum
1681 5526 1914 5580 Christi.
1951 5527 2094 5583 Nam

450 5615 738 5684 quosdam
772 5631 838 5668 ex
886 5615 967 5669 eis
1019 5633 1150 5670 cum
1183 5615 1267 5670 eis
1299 5630 1444 5684 quos
1478 5619 1637 5669 extra
1668 5631 1870 5670 eorum
1903 5617 2094 5673 Eccle-

446 5786 532 5853 ρει.
549 5783 670 5853 quia
698 5797 807 5853 non
823 5786 1040 5853 propter
1058 5782 1660 5853 _corpor_is__cﬂlictior_z_em
1690 5786 1763 5853 sic
1793 5787 2094 5853 ambulant;

443 5847 532 5898 sed
554 5844 681 5913 ’quia
714 5844 1004 5898 testiinoiiia
1033 5844 1208 5898 divitia
1238 5844 1410 5895 taliter
1437 5844 1748 5910 intelligunt.

2220 4721 2352 4778 aliis
2383 4722 2481 4793 qui
2513 4722 2775 4792 ejusdem
2807 4729 2974 4779 secta:
3006 4741 3120 4779 non
3153 4727 3312 4790 sunt,
3340 4741 3412 4778 an
3439 4724 3612 4779 etiam
3637 4725 3791 4781 inter
3815 4745 3882 4784 se

2219 4811 2377 4882 ipsos
2411 4812 2467 4864 id
2500 4811 2738 4883 faciant,
2789 4830 2905 4867 non
2956 4812 3248 4885 exprimit.
3295 4812 3440 4866 Dicit
3469 4811 3643 4867 etiam
3672 4830 3774 4869 eos
3803 4816 3880 4872 de

2217 4899 2383 4956 Patre
2413 4905 2469 4955 et
2517 4899 2660 4956 Filio
2710 4905 2884 4972 recte,
2916 4902 2987 4958 de
3037 4901 3253 4974 Spiritu
3285 4905 3482 4957 autem
3516 4907 3718 4958 sancto
3753 4920 3879 4961 non

2215 4989 2496 5045 catholice
2529 5007 2751 5061 sapere,
2787 4991 2942 5062 quod
2973 5007 3108 5047 eum
3140 4991 3457 5064 opinentur
3487 5007 3615 5047 esse
3638 4998 3877 5050 creatu-

2215 5096 2362 5133 PEHL

2289 5167 2494 5222 LXXII.
2547 5173 2592 5220 A
2662 5168 2934 5225 Rhetorio
3002 5171 3252 5242 quodam
3305 5173 3559 5225 exortam
3590 5167 3874 5229 haeresim

2212 5256 2353 5311 dicit
2384 5255 2632 5311 nimium
2665 5259 2952 5314 mirabilis
2981 5259 3278 5326 vanitatis,
3306 5275 3432 5330 quas
3456 5276 3660 5314 omnes
3682 5258 3871 5318 heare-

2209 5345 2355 5400 ticos
2386 5352 2540 5401 recte
2571 5347 2892 5416 ambulare,
2926 5353 2982 5403 et
3009 5366 3143 5404 vera
3175 5349 3366 5404 dicere
3386 5348 3641 5403 afﬁrmat
3665 5366 3677 5400 :
3705 5352 3870 5422 quod

2209 5433 2289 5489 ita
2315 5439 2405 5489 est
2436 5435 2785 5505 absurdum,
2817 5442 2880 5492 ut
2913 5437 3056 5492 mihi
3091 5436 3432 5493 incredibile
3461 5437 3753 5495 videatur.

2283 5524 2510 5579 LXXIII.
2564 5526 2693 5580 Alia
2743 5532 2828 5583 est
2879 5527 3135 5599 haeresis,
3188 5545 3314 5599 quae
3360 5527 3499 5582 dicit
3536 5527 3596 5582 in
3627 5527 3866 5585 Christo

2207 5613 2568 5671 divinitatem
2622 5615 2902 5684 doluisse,
2954 5635 3087 5673 cum
3141 5619 3417 5690 figeretur
3462 5633 3594 5672 caro
3636 5618 3768 5687 ejus
3802 5620 3862 5675 in

2205 5721 2392 5761 CPUCC.

2264 5846 2285 5883 ⁸
2315 5847 2438 5900 Sola
2465 5847 2628 5900 editio
2661 5849 2808 5913 Lov.,
2839 5849 2895 5902 in
2926 5864 3031 5904 eas.
