4012 6494
510 432 584 487 41
1604 424 1706 485 DE
1751 419 2234 493 HIERESIBUS,
2281 422 2348 484 S.
2392 423 2817 485 AUGUSTINI
3829 428 3907 486 48

509 560 680 630 cujus
702 562 892 630 partes
923 557 1045 614 aliae
1078 558 1350 628 majores,
1388 556 1511 612 aliae
1535 556 1788 613 minores
1808 556 2038 613 valeant
2063 554 2153 610 vel

509 649 758 705 debeant
787 647 1048 719 cogitari,
1071 646 1267 718 qualia
1296 651 1434 701 sunt
1455 645 1649 701 omnia
1672 662 1797 717 quae
1816 644 2045 718 proprie
2068 644 2154 699 di-

511 737 700 793 cimus
727 752 970 807 corpora
994 753 1007 803 ;
1039 735 1305 807 quamvis
1335 735 1406 791 de
1428 735 1625 791 anima
1649 734 1763 791 tale
1787 734 2007 806 aliquid
2030 750 2159 790 sen-

514 826 658 882 tiat:
693 826 794 881 sed
822 825 1030 896 potuit,
1065 828 1129 879 ut
1159 823 1298 892 dixi,
1356 829 1656 895 propterea
1704 823 1895 896 putari
1945 840 2154 895 corpus

514 920 699 971 Deum
732 916 944 981 dicere,
978 912 1115 986 quia
1146 931 1260 970 non
1287 918 1378 969 est
1408 913 1575 980 nihil,
1612 930 1726 969 non
1758 913 2154 983 est,.inanitas,

516 1020 632 1061 non
663 1008 753 1060 est
781 1003 1039 1075 corporis
1067 1002 1155 1059 vel
1186 1004 1392 1059 animae
1423 1002 1693 1075 qualitas,
1717 1003 1818 1059 sed
1842 1003 2058 1073 ubique
2078 1005 2158 1056 to-

519 1097 637 1165 tus,
660 1096 717 1148 et
738 1109 841 1165 per
877 1092 1138 1149 locorum
1161 1091 1352 1164 spatia
1373 1092 1534 1148 nulla
1556 1092 1826 1164 partitus,
1854 1091 1912 1145 in
1943 1107 2052 1147 sua
2072 1093 2157 1145 ta-

519 1198 653 1238 men
672 1185 883 1237 natura
903 1186 1078 1254 atque
1103 1180 1434 1237 substantia
1458 1180 1901 1236 immutabiliter
1926 1195 2155 1251 perma-

521 1274 643 1327 net.
663 1271 791 1327 Non
807 1287 942 1343 ergo
962 1270 1091 1326 ideo
1108 1274 1197 1326 est
1210 1268 1603 1325 Tertulliauus
1621 1270 1811 1325 factus
1828 1267 2155 1324 haereticus:

518 1361 620 1416 sed
639 1360 777 1433 quia
794 1360 1085 1416 transiens
1107 1360 1177 1414 ad
1198 1358 1606 1431 Cataphrygas,
1626 1374 1773 1429 quos
1786 1362 1919 1413 ante
1930 1357 2159 1413 destru-

518 1454 700 1519 xerat,
724 1449 897 1521 coepit
915 1449 1089 1504 etiam
1104 1448 1390 1504 secundas
1405 1447 1638 1519 nuptias
1653 1450 1856 1502 contra
1879 1444 2160 1518 apostoli-

520 1556 647 1595 cam
670 1538 995 1594 doctrinam
1024 1539 1068 1609 (Ι
1093 1539 1225 1593 Tim.
1252 1554 1328 1605 1v,
1361 1538 1413 1604 3)
1446 1542 1727 1607 tanquam
1760 1541 1961 1607 stupra
1988 1536 2158 1592 dam-

519 1645 677 1698 nare,
696 1632 753 1683 et
774 1627 1149 1699 postmodum
1172 1626 1349 1682 etiam
1374 1626 1445 1681 ab
1468 1625 1612 1697 ipsis
1630 1625 1871 1693 divisus,
1896 1642 2002 1681 sua
2022 1642 2156 1680 con-

516 1716 808 1772 venticula
838 1717 1194 1788 propagavit.
1228 1715 1377 1772 Dicit
1407 1732 1549 1770 sane
1578 1715 1754 1770 etiam
1787 1714 1909 1786 ipse
1932 1715 2160 1769 animas

517 1805 823 1861 hominum
844 1806 1131 1877 pessimas
1154 1810 1285 1876 post
1302 1809 1546 1859 mortem
1571 1804 1627 1858 in
1648 1804 1940 1859 daemones
1958 1803 2100 1858 verti
2116 1806 2157 1857 ί.

590 1895 898 1952 LXXXVII.
918 1895 1015 1950 Est
1037 1895 1302 1965 quaedam
1321 1894 1557 1950 haeresis
1572 1893 1936 1949 rusticanain
1953 1909 2159 1964 campo

518 1988 737 2055 nostro,
756 1985 815 2039 id
837 1989 944 2052 est,
971 1983 1348 2055 Hipponensi,
1375 1982 1461 2038 vel
1485 1982 1676 2053 potius
1701 1982 1837 2037 fuit:
1875 1981 2157 2053 paulatim

520 2075 678 2130 enim
708 2073 1017 2141 diminuta,
1040 2072 1099 2127 in
1132 2090 1249 2127 una
1278 2072 1486 2144 exigua
1514 2071 1650 2127 villa
1678 2075 2058 2139 remanserat,
2100 2070 2159 2125 in

521 2179 639 2233 qua
659 2162 894 2234 quidem
918 2161 1280 2233 paucissimi,
1308 2162 1407 2217 sed
1431 2178 1633 2217 omnes
1654 2160 1762 2216 hoc
1784 2161 2039 2225 fuerunt,
2059 2159 2161 2231 qui

522 2268 727 2308 omnes
749 2252 920 2307 modo
937 2251 1177 2307 correcti
1199 2256 1256 2308 et
1275 2250 1542 2307 catholici
1568 2251 1701 2307 facti
1729 2255 1888 2321 sunt,
1921 2266 2025 2305 nec
2055 2248 2160 2304 ali-

522 2340 655 2412 quis
677 2339 835 2396 illius
849 2341 1178 2412 supersedit
1192 2340 1422 2396 erroris.
1452 2338 1714 2395 Abelonii
1739 2341 1758 2373 ⁵³
1784 2341 2159 2405 vocabantur,

520 2431 735 2502 punica
756 2430 1141 2486 declinatione
1165 2429 1563 2485 nominis.Hos
1587 2428 1853 2485 nonnulli
1877 2429 2081 2483 dicunt
2095 2443 2163 2482 ex

519 2518 640 2575 ﬁlio
671 2520 802 2574 Adae
835 2520 1012 2575 fuisse
1046 2518 1397 2583 nominatos,
1423 2518 1524 2590 qui
1556 2522 1645 2574 est
1689 2522 1925 2573 vocatus
1976 2515 2157 2572 Abel:

519 2608 673 2663 unde
685 2607 997 2664 Abelianos
1018 2608 1105 2664 vel
1122 2608 1412 2664 Abeloitas
1429 2625 1527 2664 eos
1548 2625 1651 2663 nos
1676 2624 1990 2678 possumus
2011 2606 2163 2661 dice-

517 2714 598 2753 re.
630 2696 756 2753 Non
783 2697 1182 2753 miscebantur
1214 2697 1513 2765 uxoribus,
1548 2702 1603 2753 et
1651 2697 1735 2752 eis
1788 2701 1985 2751 tamen
2035 2694 2161 2751 sine

516 2787 795 2843 uxoribus
826 2787 1013 2843 vivere
1044 2792 1210 2844 secta
1243 2787 1430 2859 ipsius
1462 2786 1732 2857 dogmate
1765 2802 1879 2841 non
1923 2784 2155 2840 licebat.

514 2875 638 2932 Mas
651 2892 786 2948 ergo
799 2881 855 2933 et
869 2877 1083 2933 femina
1098 2877 1207 2933 sub
1226 2876 1593 2933 continentiae
1611 2876 1968 2946 professione
1982 2872 2161 2929 simul

516 2964 867 3035 habitantes,
902 2983 1147 3037 puerum
1183 2970 1239 3021 et
1268 2964 1524 3038 puellam
1559 2964 1670 3019 sibi
1702 2964 2061 3035 adoptabant
2098 2962 2158 3016 in

515 3054 780 3124 ejusdem
803 3055 1230 3127 conjunctionis
1255 3059 1420 3126 pacto
1444 3069 1809 3110 successores
1832 3069 1969 3108 suos
2006 3052 2161 3106 futu-

518 3159 634 3198 ros.
669 3143 1188 3216 Mortejprazventis
1221 3143 1552 3215 quibusque
1572 3141 1824 3213 singulis
1842 3140 1937 3196 alii
1961 3141 2159 3196 subro-

517 3233 807 3305 gabantur
828 3235 988 3290 :dum
1024 3239 1218 3290 tamen
1251 3233 1365 3287 duo
1387 3232 1617 3287 duobus
1634 3231 1887 3302 disparis
1908 3246 2083 3285 sexus
2100 3228 2158 3283 in

519 3321 681 3379 illius
704 3325 915 3379 domus
940 3324 1218 3379 societate
1236 3322 1629 3379 succederent.
1656 3318 2160 3392 Utrolibetquippe

520 3418 761 3484 parente
798 3414 1090 3482 defuncto,
1125 3429 1241 3469 uno
1281 3411 1627 3477 remanenti,
1680 3427 1867 3481 usque
1915 3410 1985 3464 ad
2033 3409 2160 3479 ejus

521 3518 753 3574 quoque
782 3504 1010 3560 obitum
1040 3502 1145 3557 ﬁlii
1176 3501 1524 3558 serviebant.
1560 3501 1691 3556 Post
1721 3502 1891 3570 cujus
1913 3504 2159 3555 mortem

518 3591 695 3646 etiam
727 3593 839 3664 ipsi
864 3608 1110 3665 puerum
1137 3596 1193 3647 et
1215 3590 1470 3663 puellam
1490 3588 1761 3645 similiter
1781 3590 2157 3661 adOptabant.

517 3681 632 3737 Nec
662 3698 918 3752 unquam
950 3682 1034 3737 eis
1074 3680 1258 3736 defuit
1295 3680 1449 3733 unde
1488 3679 1854 3749 adoptarent,
1877 3694 2160 3749 generan-

515 3771 675 3826 tibus
706 3771 1165 3842 circumquaque
1195 3768 1421 3836 vicinis,
1469 3772 1526 3823 et
1575 3766 1723 3822 ﬁlios
1770 3784 1910 3823 suos
1958 3767 2159 3840 inopes

516 3862 586 3916 ad
620 3877 784 3932 spem
816 3858 1175 3915 hereditatis
1208 3856 1405 3912 alienae
1438 3855 1683 3912 libenter
1711 3856 2009 3912 dantibus.

587 3949 889 4005 LXXXVII.
939 3948 1380 4003 PELAGIANORUM
1412 3950 1500 4001 est
1549 3945 1809 4015 haeresis,
1860 3945 1968 4000 hoc
2011 3950 2159 4001 tem-

514 4056 652 4113 pore
665 4038 927 4095 omnium
942 4035 1345 4093 recentissima
1357 4034 1624 4106 aPelagio
1638 4034 1924 4089 monacho
1939 4039 2157 4090 exorta.

515 4132 695 4196 Quem
716 4128 1063 4200 magistrum
1087 4124 1390 4180 Caelestius
1414 4123 1497 4178 sic
1518 4128 1755 4178 secutus
1777 4126 1953 4193 est,ut
1974 4130 2158 4179 secta-

514 4223 669 4274 tores
699 4234 899 4274 eorum
934 4214 1262 4271 Cuzlestiani
1293 4214 1467 4268 etiam
1502 4217 1931 4282 nuncupentur.
1956 4213 2023 4267 Hi
2056 4214 2156 4269 Dei

516 4307 737 4379 gratiae,
764 4324 881 4378 qua
896 4303 1290 4377 praedestinati
1313 4318 1520 4357 sumus
1541 4303 1596 4355 in
1621 4302 1991 4372 adoptionem
2018 4302 2160 4356 ﬁlio-

516 4413 649 4452 rum
680 4413 783 4469 per
811 4397 1012 4451 Jesum
1070 4393 1365 4449 Christum
1418 4392 1473 4445 in
1524 4391 1717 4461 ipsum
1763 4392 1974 4462 (Ep/aes.
2009 4409 2048 4459 ι,
2078 4393 2156 4463 5),

517 4490 573 4541 et
601 4502 719 4556 qua
739 4484 1001 4540 eruimur
1024 4483 1094 4537 de
1117 4484 1397 4553 potestate
1424 4479 1818 4548 tenebrarum,
1854 4479 1997 4534 utin
2024 4497 2156 4535 eum

514 4576 823 4632 credamus
845 4578 1018 4645 atque
1040 4573 1100 4626 in
1124 4586 1368 4642 regnum
1390 4569 1572 4640 ipsius
1594 4569 2020 4624 transteramur
2043 4570 2159 4641 (Co-

516 4666 636 4721 loss.
674 4682 711 4730 ι,
746 4664 853 4735 13),
886 4666 1121 4735 propter
1148 4660 1299 4731 quod
1332 4658 1429 4726 ait,
1463 4660 1625 4713 Nemo
1654 4659 1803 4713 venit
1826 4659 1899 4713 ad
1917 4674 2024 4727 me,
2047 4659 2160 4714 nisi

509 4753 691 4828 fuerit
718 4756 768 4808 ei
796 4754 987 4808 datum
1015 4768 1049 4806 a
1083 4754 1246 4806 Patre
1276 4764 1390 4804 meo
1421 4750 1595 4819 (Joan.
1646 4764 1723 4812 v1,
1773 4747 1885 4817 66),
1938 4751 1994 4803 et
2042 4765 2159 4820 qua

514 4842 861 4898 dili‘unditur
890 4840 1141 4897 charitas
1172 4839 1230 4893 in
1252 4837 1523 4893 cordibus
1548 4836 1762 4890 nostris
1783 4836 1957 4907 (Rom.
1982 4854 2034 4905 v,
2078 4838 2155 4908 5),

518 4937 582 4989 ut
613 4932 755 4987 ﬁdes
788 4948 889 5003 per
918 4929 1287 4985 dilectionem
1318 4930 1588 4999 operetur
1619 4925 1835 4995 (Calai.
1868 4942 1920 4992 ν,
1970 4927 2047 4997 6),
2099 4926 2157 4980 in

514 5025 746 5078 tantum
771 5020 991 5074 inimici
1026 5022 1182 5087 sunt,
1219 5022 1279 5072 ut
1309 5016 1434 5072 sine
1483 5015 1589 5069 hac
1638 5030 1807 5084 posse
1858 5013 2157 5069 hominem

516 5112 755 5167 credant
786 5110 971 5165 facere
997 5107 1191 5163 omnia
1213 5106 1406 5161 divina
1439 5103 1755 5158 mandata:
1791 5118 1924 5158 cum
1955 5103 2004 5157 si
2049 5103 2157 5158 hoc

514 5216 717 5256 verum
751 5202 924 5266 esset,
975 5199 1193 5253 frustra
1242 5194 1526 5251 Dominus
1577 5192 1797 5247 dixisse
1845 5191 2154 5247 videretur.

519 5290 650 5346 Sine
680 5306 764 5346 me
791 5289 936 5345 nihil
962 5288 1181 5361 potestis
1207 5287 1396 5361 facere
1428 5285 1443 5318 ¹
1480 5284 1654 5353 (Joan.
1680 5297 1771 5349 xv,
1795 5280 1872 5352 5).
1897 5280 2157 5354 Denique

581 5471 758 5520 'Hinc
807 5482 1018 5519 rursum
1066 5465 1383 5516 auctoritate
1444 5462 1568 5530 Mss.
1619 5459 2155 5530 removimus,___quod

511 5535 688 5585 excusi
718 5533 836 5582 libri
868 5530 1157 5589 addebant,
1198 5530 1389 5576 statum
1416 5526 1583 5573 autem
1628 5521 1813 5571 animae
1858 5521 2042 5571 credit‘
2060 5541 2156 5588 per

509 5598 773 5648 traducem
800 5595 1098 5659 propaget?-

572 5664 587 5696 ι
620 5663 675 5710 In
708 5655 850 5717 Mss.,
882 5655 1145 5707 Abeloitas.

2260 552 2525 625 Pelagius
2545 574 2578 611 a
2602 558 2879 613 fratribus
2900 558 3257 630 increpatus,
3276 560 3431 630 quod
3459 558 3605 615 nihil
3630 558 3910 615 tribueret

2261 644 2550 714 adjutorio
2580 647 2777 717 gratiae
2808 646 2909 702 Dei
2935 648 3007 703 ad
3038 648 3165 718 ejus
3191 649 3469 704 mandata
3491 647 3759 705 facienda
3781 665 3907 704 cor-

2261 734 2509 804 reptioni
2541 750 2743 791 eorum
2775 736 3061 793 hactenus
3097 736 3293 802 cessit,
3326 742 3391 792 ut
3420 754 3534 794 non
3565 754 3694 793 eam
3725 737 3905 794 libero

2260 822 2500 879 arbitrio
2524 830 2902 897 praeponeret,
2924 827 3023 882 sed
3041 825 3263 881 inﬁdeli
3285 825 3601 883 calliditate
3622 843 3912 900 suppone-

2260 916 2367 983 ret,
2400 914 2621 980 dicens,
2647 915 2717 969 ad
2750 914 2857 969 hoc
2898 931 3028 970 eam
3079 915 3204 971 dari
3253 914 3611 986 hominibus,
3664 920 3729 972 ut
3779 932 3908 989 quae

2263 1001 2449 1057 facere
2477 1019 2580 1073 per
2601 1002 2851 1059 liberum
2866 1004 3152 1075 jubentur
3164 1004 3492 1074 arbitrium,
3517 1005 3750 1061 facilius
3773 1022 3906 1077 pos-

2262 1090 2381 1145 sint
2401 1090 2643 1163 implere
2659 1108 2762 1164 per
2781 1092 3048 1165 gratiam.
3078 1092 3327 1149 Dicendo
3342 1093 3561 1166 utique.
3582 1094 3655 1151 Ut
3674 1094 3907 1151 facilius

2263 1180 2510 1252 possint,
2532 1180 2717 1237 voluit
2736 1182 3095 1253 credi,etiam
3118 1182 3167 1239 si
3190 1182 3490 1239 difﬁcilius
3512 1188 3712 1241 tamen
3734 1201 3907 1257 posse

2262 1268 2530 1325 homines
2551 1270 2678 1326 sine
2699 1270 2887 1343 gratia
2907 1271 3103 1327 divina
3122 1272 3307 1327 facere
3319 1272 3493 1343 jussa
3512 1272 3906 1330 divina.Illam

2263 1373 2394 1414 vero
2414 1358 2663 1430 gratiam
2679 1358 2799 1427 Dei,
2820 1360 2946 1416 sine
2964 1376 3078 1431 qua
3099 1359 3243 1415 nihil
3264 1360 3402 1416 boni
3418 1378 3738 1433 possumus
3753 1362 3906 1419 face-

2264 1462 2467 1513 re,non
2491 1462 2616 1503 esse
2639 1449 2841 1504 dicunt
2864 1449 2977 1505 nisi
2993 1450 3053 1505 in
3074 1448 3255 1505 libero
3278 1450 3704 1523 arbitrio,quod
3724 1450 3908 1507 nullis

2264 1536 2389 1593 suis
2411 1538 2868 1608 praecedentibus
2888 1538 3112 1595 meritis
3133 1538 3326 1595 abillo
3346 1541 3572 1612 accepit
3588 1546 3787 1598 nostra
3810 1558 3915 1597 na-

2264 1628 2414 1693 tura,
2439 1626 2509 1681 ad
2536 1627 2643 1681 hoc
2661 1631 2889 1682 tantum
2917 1626 3044 1699 ipso
3066 1628 3379 1698 adjuvante
3403 1645 3506 1701 per
3524 1647 3694 1687 suam
3717 1630 3911 1704 legem

2264 1718 2436 1785 atque
2466 1715 2812 1781 doctrinam,
2846 1721 2909 1771 ut
2938 1716 3234 1773 discamus
3266 1734 3392 1789 quas
3426 1719 3629 1791 facere,
3677 1723 3734 1775 et
3783 1736 3914 1792 quae

2263 1820 2497 1875 sperare
2528 1804 2865 1870 debeamus,
2899 1822 3012 1860 non
3037 1810 3231 1861 autem
3257 1807 3325 1861 ad
3347 1806 3454 1862 hoc
3478 1812 3542 1862 ut
3558 1824 3661 1880 per
3683 1810 3909 1865 donum

2264 1892 2517 1963 Spiritus
2538 1894 2630 1948 sui
2658 1896 2833 1964 κείρατε
2856 1893 3231 1950 didicerimus
3252 1912 3379 1950 esse
3396 1896 3720 1965 facienda”,
3740 1899 3918 1955 facia-

2265 1983 2502 2037 mus.Ac
2522 1997 2623 2053 per
2640 1982 2746 2037 hoc
2766 1983 3045 2038 divinitus
3069 1984 3237 2039 nobis
3260 1984 3384 2039 dari
3407 1986 3712 2042 scientiam
3737 1988 3922 2043 conﬁ-

2262 2071 2943 2143 tentur,quaignorantia
2956 2071 3760 2143 pellitur,charitatemautem
3780 2078 3916 2133 dari

2265 2166 2623 2231 negant,qua
2644 2160 2736 2232 pie
2757 2161 3057 2216 viviturzut
3072 2161 3294 2217 scilicet
3314 2180 3449 2218 cum
3472 2164 3548 2220 sit
3568 2165 3666 2221 Dei
3687 2167 3916 2223 donum

2266 2249 2509 2305 scientia
2531 2266 2658 2321 quae
2682 2251 2807 2305 sine
2833 2250 3118 2307 charitate
3140 2251 3445 2320 inﬂat,non
3466 2254 3543 2310 sit
3564 2254 3668 2311 Dei
3685 2256 3914 2313 donum

2264 2338 2393 2409 ipsa
2418 2339 2691 2409 charitas,
2725 2356 2856 2410 quae
2886 2343 2951 2395 ut
2976 2340 3220 2397 scientia
3272 2358 3382 2397 non
3429 2343 3607 2411 inflet,
3660 2346 3921 2402 aediﬁcat

2265 2432 2308 2495 (Ι
2334 2428 2453 2483 Cor.
2474 2445 2595 2498 vm,
2618 2428 2670 2500 1)
2714 2433 3033 2484 Destruunt
3052 2430 3227 2485 etiam
3253 2431 3566 2503 orationes,
3598 2450 3747 2505 quas
3771 2435 3919 2491 facit

2267 2516 2539 2585 Ecclesia,
2573 2518 2693 2572 sive
2726 2534 2827 2587 pro
2858 2517 3195 2574 inﬁdelibus
3224 2524 3279 2575 et
3311 2521 3582 2576 doctrinae
3620 2524 3715 2578 Dei
3768 2523 3918 2580 resi—
3988 2554 3991 2557 -

2264 2606 2576 2675 stantibus,
2603 2610 2667 2661 ut
2687 2611 3099 2663 convertantur
3118 2609 3189 2663 ad
3210 2608 3389 2665 Deum
3412 2626 3426 2678 ;
3453 2611 3572 2667 sive
3594 2629 3698 2684 pro
3725 2612 3925 2669 ﬁdeli-

2263 2696 2395 2762 bus,
2430 2699 2494 2751 ut
2524 2700 2807 2767 augeatur
2836 2697 2893 2751 in
2929 2696 3012 2753 eis
3044 2698 3208 2768 ﬁdes,
3244 2703 3300 2754 et
3328 2706 3703 2770 perseverent
3734 2703 3793 2757 in
3820 2718 3916 2759 ea.

2264 2785 2395 2841 Hec
2422 2785 2637 2856 quippe
2662 2801 2775 2840 non
2808 2785 2879 2841 ab
2901 2785 3029 2857 ipso
3049 2788 3326 2859 accipere,
3357 2790 3458 2844 sed
3483 2807 3517 2845 a
3537 2806 3598 2846 se
3633 2790 3780 2862 ipsis
3804 2791 3919 2846 ho—

2264 2874 2453 2929 mines
2474 2874 2685 2930 habere
2707 2877 3449 2947 contendunt,gratiamDei
3464 2879 3925 2950 qualiberamur

2264 2964 2336 3019 ab
2351 2964 2936 3034 impietate,dicentes
2958 2966 3283 3021 secundum
3308 2967 3516 3022 merita
3538 2973 3738 3024 nostra
3756 2970 3920 3025 dari.

2263 3053 2425 3118 Quod
2441 3052 2676 3124 quidem
2691 3052 2957 3125 Pelagius
2971 3054 3029 3108 in
3043 3053 3358 3127 episcopali
3364 3056 3918 3126 judicioPalaastino

2264 3142 2529 3197 damnari
2563 3147 2849 3208 metuens,
2878 3143 3156 3199 damnare
3188 3144 3530 3215 compulsus
3547 3150 3667 3215 est;
3713 3148 3819 3203 sed
3854 3149 3921 3204 in

2264 3232 2685 3303 posterioribus
2702 3233 2824 3287 suis
2843 3232 3075 3304 scriptis
3097 3233 3203 3289 hoc
3226 3234 3519 3289 invenitur
3533 3235 3835 3293 docere.In
3856 3238 3920 3293 id

2262 3322 2435 3377 etiam
2450 3322 3202 3394 progrediuntur,utdicant
3215 3323 3394 3378 vitam
3401 3324 3422 3394 j
3431 3328 3699 3381 ustorum
3720 3326 3778 3381 in
3802 3326 3923 3383 hoc

2264 3410 2475 3467 saaculo
2506 3411 2734 3466 nullum
2766 3411 3003 3467 omnino
3034 3412 3247 3468 habere
3273 3420 3598 3484 peccatum,
3628 3420 3685 3470 et
3713 3434 3781 3472 ex
3816 3418 3921 3473 his

2263 3500 2579 3556 Ecclesiam
2612 3500 2914 3557 Christi'in
2947 3501 3054 3557 hac
3086 3502 3436 3559 mortalitate
3466 3504 3685 3575 perﬁci,
3724 3509 3790 3560 ut
3838 3506 3928 3562 sit

2264 3591 2501 3645 omnino
2525 3590 2651 3645 sine
2672 3589 2903 3645 macula
2925 3594 2982 3645 et
3003 3606 3147 3662 ruga
3164 3591 3377 3663 (Ephes.
3404 3594 3574 3664 v,27);
3601 3595 3766 3665 quasi
3793 3612 3926 3652 non

2264 3678 2969 3751 sitChristiEcclesia,qua3
2992 3683 3112 3734 toto
3134 3684 3420 3735 terrarum
3446 3682 3583 3737 orbe
3603 3682 3825 3739 clamat
3850 3686 3931 3740 ad

2264 3774 2469 3834 Deum,
2497 3769 2727 3824 Dimitte
2752 3769 2911 3823 nobis
2961 3767 3148 3825 debita
3190 3778 3380 3825 nostra
3414 3770 3619 3841 (Matth.
3668 3789 3746 3841 v1,
3802 3775 3934 3845 12).

2266 3856 2537 3913 Parvulos
2566 3857 2742 3912 etiam
2774 3861 3010 3928 negant,
3037 3858 3358 3913 secundum
3385 3859 3568 3914 Adam
3599 3860 3936 3918 carnaliter

2265 3952 2455 4015 natos,
2486 3945 2819 4018 contagium
2852 3947 3060 4002 mortis
3090 3947 3345 4018 antiquae
3378 3949 3570 4020 prima
3602 3949 3928 4009 nativitate

2262 4035 2621 4092 contrahere.
2645 4036 2738 4089 Sic
2761 4034 2916 4090 enim
2940 4052 3037 4091 eos
3061 4035 3189 4092 sine
3210 4035 3330 4092 ullo
3349 4038 3569 4108 peccati
3603 4038 3932 4110 originalis

2260 4125 2494 4180 vinculo
2526 4130 2799 4180 asserunt
2828 4125 3011 4195 nasci,
3047 4129 3111 4179 ut
3140 4142 3379 4196 prorsus
3410 4144 3524 4182 non
3547 4127 3625 4183 sit
3654 4130 3812 4198 quod
3835 4132 3939 4188 eis

2263 4219 2525 4286 oporteat
2541 4214 2800 4269 secunda
2814 4213 3110 4268 nativitate
3128 4214 3472 4271 dimittizsed
3492 4233 3589 4272 eos
3606 4222 3941 4289 propterea

2261 4303 2564 4374 baptizari,
2599 4306 2663 4356 ut
2693 4303 3127 4373 regeneratione
3150 4303 3405 4375 adoptati
3429 4306 3824 4363 admittantur
3848 4311 3938 4365 ad

2261 4408 2506 4464 regnum
2538 4391 2660 4457 Dei,
2684 4392 2754 4445 de
2786 4391 2936 4446 bono
2970 4391 3027 4445 in
3060 4391 3275 4447 melius
3304 4394 3594 4461 translati,
3629 4412 3744 4451 non
3800 4397 3939 4453 ista

2260 4480 2629 4536 renovatione
2646 4481 2718 4535 ab
2731 4480 2926 4550 aliquo
2950 4479 3102 4535 malo
3118 4481 3488 4553 obligationis
3512 4484 3723 4540 veteris
3745 4485 3945 4543 abso-

2260 4569 2391 4625 luti.
2426 4570 2570 4624 Nam
2603 4568 2835 4624 etiamsi
2866 4586 2980 4625 non
3015 4569 3410 4641 baptizentur,
3442 4573 3797 4644 promittunt
3832 4577 3936 4633 eis

2261 4664 2420 4714 extra
2451 4674 2697 4730 regnum
2725 4656 2960 4728 quidem
2996 4658 3113 4727 Dei,
3148 4661 3248 4715 sed
3280 4663 3474 4717 tamen
3525 4667 3809 4719 aeternam
3876 4673 3944 4723 et

2260 4748 2491 4802 beatam
2511 4734 2829 4817 q‘uamdam
2849 4747 3027 4802 vitam
3051 4753 3451 4821 suam.Ipsum
3470 4767 3702 4823 quoque
3721 4754 3941 4811 Adam

2258 4836 2485 4901 dicunt,
2508 4836 2736 4890 etiamsi
2761 4852 2875 4890 non
2901 4842 3215 4908 peccasset,
3251 4838 3431 4895 fuisse
3469 4856 3707 4911 corpore
3734 4846 3942 4900 mori-

2260 4931 2481 4991 turum,
2527 4940 2714 4996 neque
2743 4924 2823 4980 ita
2876 4930 3176 4982 mortuum
3229 4928 3437 4984 merito
3487 4930 3738 5001 culpae“,
3816 4936 3943 4990 sed

2260 5014 2593 5070 conditione
2616 5018 2858 5069 natura.
2884 5014 3259 5086 Objiciuntur
3279 5018 3363 5073 eis
3388 5022 3445 5073 et
3466 5018 3578 5074 alia
3600 5022 3942 5096 nonnulla,

2260 5121 2323 5159 se
2353 5104 2465 5159 ista
2494 5108 2633 5160 sunt
2663 5104 2935 5174 maxime,
2966 5121 3035 5161 ex
3065 5106 3282 5177 quibus
3307 5107 3942 5181 intelligunturetiam

2261 5192 2361 5248 illa
2390 5197 2619 5258 cuncta,
2652 5192 2741 5248 vel
2772 5209 2918 5265 pene
2949 5199 3157 5251 cuncta
3186 5197 3457 5267 pendere.

2329 5284 2470 5339 Ecce
2487 5299 2663 5354 quam
2688 5282 2903 5339 multas
2916 5286 3507 5343 commemoravimus
3518 5286 3946 5362 haereses,neo

2258 5378 2454 5430 tamen
2477 5373 2718 5429 modum
2733 5378 2842 5429 tuae
2860 5374 3271 5446 postulationis
3293 5375 3785 5449 implevimus.Ex
3798 5399 3945 5456 quo

2320 5591 2335 5624 1
2370 5588 2456 5638 Sic
2483 5589 2605 5638 Mss.
2637 5586 2772 5636 Editi
2802 5600 2946 5646 vero,
2974 5586 3199 5650 Spiritus
3223 5591 3402 5639 sancti.

2313 5656 2335 5721 ξ
2364 5653 2448 5721 Sic
2482 5667 2542 5701 ex
2572 5652 2844 5721 Mss.”(non
2875 5654 3044 5699 autem
3073 5652 3148 5721 agi
3179 5651 3271 5721 (ioc
3290 5668 3391 5721 per
3436 5652 3628 5704 donum
3676 5655 3949 5721 Spiritus

563 5725 585 5758 ⁸
615 5726 671 5773 In
702 5712 973 5784 plerisque
992 5720 1112 5784 Mss.
1136 5714 1481 5784 d_eest,ciim'si
1499 5713 1784 5784 hocperuni
1808 5717 1933 5784 esset
1944 5715 2152 5784 frustra
2254 5716 2351 5784 sui,
2368 5720 2439 5784 _ut
2464 5730 2575 5779 quae
2608 5712 2939 5784 didicerimus
2966 5728 3072 5762 esse
3089 5712 3351 5784 facienda,
3384 5723 3505 5773 etc.)

500 5775 749 5836 Dominus
776 5775 969 5833 misisse
995 5780 1270 5839 videretur,
1299 5780 1408 5828 sine
1436 5792 1516 5827 me
1541 5775 1675 5827 nihil
1695 5778 1904 5839 potestis
1923 5775 2116 5841 facere.

2315 5780 2337 5816 ε
2365 5777 2512 5839 Lov'.,
2541 5788 2703 5840 neque
2730 5777 2990 5826 mortuum
3018 5778 3200 5830 merito
3228 5778 3407 5844 culpa,
3431 5780 3628 5831 omisso
3652 5780 3749 5833 ita.
