4012 6450
95 432 162 490 49
1558 434 1730 495 LIBE

1847 436 2068 497 UNUS.
3410 432 3488 491 50

93 563 237 618 enim
250 562 559 617 christiana.
574 564 784 633 religio,
797 568 856 618 ut
875 564 1067 620 verbis
1088 565 1205 620 tuis
1228 565 1727 631 utar,h.'erellilatis

97 654 373 724 promissa:
390 666 588 706 nomen
606 654 831 723 accepit,
857 669 987 724 quae
1003 653 1252 709 haereses
1275 660 1408 709 orta:
1427 656 1562 723 sint,
1586 672 1729 726 quo-

98 741 257 795 modo
285 756 745 795 commemorare
776 757 975 795 omnes
1002 742 1181 813 potui,
1207 742 1307 813 qui
1329 760 1533 798 omnes
1558 760 1728 799 nosse

96 846 199 885 non
234 828 443 901 potui?
472 830 634 894 Quod
672 830 800 885 ideo
824 830 1111 897 existimo,
1140 833 1279 902 quia
1302 832 1499 888 nullus
1523 850 1722 888 eorum

96 935 335 991 quorum
360 919 428 972 de
443 917 549 972 hac
571 935 629 973 re
654 919 866 991 scripta
886 918 1021 991 legi,
1049 937 1251 975 omnes
1275 922 1468 992 posuit
1495 938 1507 976 :
1535 939 1723 993 quan-

97 1007 401 1078 doquidem
435 1006 628 1061 inveni
662 1007 816 1079 apud
849 1006 1049 1075 alium,
1068 1025 1214 1078 quas
1236 1010 1387 1079 apud
1413 1008 1592 1064 alium
1615 1026 1727 1064 non

100 1095 280 1149 inveni
304 1112 317 1160 ;
351 1098 408 1149 et
446 1112 654 1149 rursus
677 1096 828 1167 apud
854 1094 1059 1165 istum,
1085 1112 1233 1168 quas
1258 1096 1351 1151 ille
1374 1115 1484 1152 non
1511 1098 1726 1169 posuit.

97 1185 203 1255 Ego
234 1187 427 1238 autem
460 1188 764 1255 propterea
790 1184 989 1255 plures
1020 1200 1192 1255 quam
1227 1184 1339 1257 ipsi
1372 1186 1559 1257 posui,
1593 1188 1730 1259 quia

103 1270 295 1343 collegi
326 1288 395 1326 ex
424 1272 725 1339 omnibus,
756 1289 901 1343 quas
924 1289 1125 1328 omnes
1147 1274 1300 1345 apud
1326 1275 1591 1345 singulos
1615 1292 1728 1331 non

108 1359 305 1429 inveni,
321 1360 544 1415 additis
574 1360 749 1416 etiam
778 1376 923 1432 quas
944 1362 1069 1433 ipse
1090 1361 1349 1417 recolens
1370 1363 1523 1434 apud
1544 1362 1728 1418 ullum

97 1448 317 1503 illorum
350 1448 611 1504 invenire
643 1466 757 1505 non
792 1449 974 1521 potui.
1008 1450 1171 1506 Unde
1202 1451 1409 1506 merito
1433 1452 1600 1508 credo
1624 1469 1727 1507 nec

97 1552 178 1592 me
206 1536 476 1608 posuisse
508 1553 711 1591 omnes
737 1554 750 1593 :
778 1536 917 1608 quia
950 1553 1053 1592 nec
1084 1554 1286 1593 omnes
1319 1538 1417 1609 qui
1442 1540 1511 1593 de
1537 1538 1645 1594 hac
1668 1556 1727 1594 re

96 1625 465 1698 scripserunt,
505 1624 693 1697 legere
739 1625 923 1697 potui,
977 1642 1164 1697 neque
1211 1627 1320 1681 hoc
1372 1644 1725 1699 quemquam

92 1730 280 1770 eorum
308 1713 476 1769 video
513 1712 718 1770 fecisse
765 1732 912 1786 quos
962 1713 1091 1785 legi.
1142 1719 1441 1771 Postremo
1496 1717 1724 1772 etiamsi

97 1819 285 1859 omnes
314 1802 563 1859 forsitan
588 1804 775 1874 posui,
805 1804 959 1875 quod
984 1821 1097 1859 non
1117 1810 1279 1875 puto,
1304 1810 1499 1859 utrum
1524 1822 1725 1861 omnes

94 1892 197 1947 sint
224 1893 425 1965 utique
457 1892 676 1947 nescio.
714 1894 780 1947 Et
808 1892 935 1947 ideo
968 1894 1122 1965 quod
1172 1893 1257 1948 vis
1308 1910 1399 1949 me
1448 1894 1722 1965 loquente

98 1981 254 2046 ﬁniri,
286 1998 400 2037 non
433 1982 645 2037 saltem
678 1985 868 2053 potest
898 1998 989 2036 me
1039 1988 1421 2055 cognoscente
1467 1999 1724 2055 compre-

96 2070 275 2125 hendi.
298 2070 515 2125 Audivi
538 2070 845 2142 scripsisse
868 2071 937 2127 de
959 2070 1279 2127 haeresibus
1298 2077 1567 2127 sanctum
1592 2072 1719 2129 Hie-

96 2176 406 2231 ronymum,
440 2160 545 2215 sed
575 2159 769 2231 ipsum
792 2162 919 2230 ejus
942 2160 1288 2231 opusculum
1313 2177 1416 2216 nec
1440 2161 1497 2215 in
1522 2167 1721 2217 nostra

91 2248 417 2304 bibliotheca
448 2247 715 2304 invenire
746 2248 1063 2321 potuimus,
1098 2266 1201 2304 nec
1235 2250 1389 2305 unde
1420 2252 1605 2322 possit
1627 2268 1719 2307 ac-

94 2337 187 2408 cipi
210 2338 485 2393 scimus‘.
523 2338 684 2403 Quod
719 2338 767 2391 si
799 2342 861 2392 tu
892 2338 1117 2405 scieris,
1150 2339 1379 2409 perveni
1429 2340 1500 2393 ad
1549 2339 1715 2407 illud,

98 2430 146 2481 et
163 2425 297 2481 forte
318 2426 570 2482 habebis
584 2425 796 2481 melius
810 2426 1029 2498 aliquid
1050 2428 1071 2461 ²
1093 2443 1266 2499 quam
1285 2427 1391 2482 hoc
1415 2432 1712 2484 nostrum:

98 2515 345 2587 quamvis
376 2532 487 2571 nec
522 2514 745 2588 ipsum,
777 2514 911 2570 licet
937 2514 1234 2571 hominem
1285 2516 1717 2586 doctissimum,

99 2620 280 2659 omnes
308 2603 566 2659 haereses
598 2604 845 2659 arbitrer
874 2604 1151 2677 indagare
1172 2604 1452 2676 potuisse.
1478 2605 1545 2659 Et
1565 2610 1717 2662 certe

96 2691 361 2748 Abeloitas
394 2697 612 2748 nostrae
640 2692 892 2765 regionis
923 2692 1244 2763 hazretioos,
1272 2698 1555 2764 quantum
1577 2696 1719 2751 exis-

95 2780 241 2848 timo,
271 2781 361 2837 ille
395 2780 685 2837 nescivit:
721 2780 803 2836 sic
835 2781 981 2838 forte
1012 2787 1067 2837 et
1098 2781 1235 2838 alibi
1259 2781 1403 2838 alios
1426 2783 1484 2837 in
1508 2783 1717 2839 obscu-

95 2869 322 2926 rissimis
350 2870 494 2926 locis
528 2869 882 2940 reconditos,
916 2871 1043 2942 ejus
1075 2870 1339 2925 notitiam
1390 2871 1520 2943 ipsa
1565 2871 1717 2929 loco-

104 2975 214 3013 rum
245 2976 481 3015 suorum
514 2958 875 3014 obscuritate
906 2958 1215 3031 fugientes.

160 3047 412 3103 Jamvero
444 3046 597 3102 illud
632 3048 785 3120 quod
819 3048 1034 3103 habent
1054 3052 1167 3102 tua)
1188 3046 1415 3117 litterae,
1441 3053 1505 3103 ut
1524 3050 1722 3106 omnia

107 3138 321 3193 omnino
352 3137 647 3207 dicamus,
680 3136 891 3207 quibus
914 3136 1165 3194 haeretici
1188 3154 1221 3193 a
1240 3138 1479 3193 veritate
1501 3138 1729 3194 dissen-

101 3223 253 3291 tiunt,
288 3225 521 3281 etiamsi
554 3225 751 3280 omnia
782 3224 1013 3297 scirem,
1060 3227 1245 3281 facere
1286 3243 1401 3282 non
1450 3244 1682 3299 possem
1713 3246 1727 3295 ;

106 3320 299 3383 quanto
324 3316 522 3369 minus
541 3314 919 3386 possum,qui
943 3314 1141 3370 omnia
1161 3316 1308 3371 scire
1327 3333 1439 3371 non
1461 3316 1731 3387 possum?

105 3400 234 3456 Sunt
253 3403 405 3458 enim
430 3402 711 3467 haeretici,
734 3404 886 3473 quod
904 3404 1202 3458 fatendum
1226 3403 1440 3475 est,qui
1462 3403 1729 3477 singulis,

106 3490 181 3544 vel
202 3508 311 3547 non
335 3491 522 3547 multo
542 3491 1202 3564 amplius,dogmatibus
1217 3498 1559 3565 oppugnant
1574 3510 1736 3565 regu-

110 3576 210 3634 lam
236 3580 487 3635 veritatis
514 3597 527 3635 :
557 3580 713 3636 sicut
735 3581 1131 3637 Macedoniani
1153 3581 1240 3637 vel
1264 3581 1613 3653 Photiniani,
1648 3587 1734 3637 at-

113 3682 208 3737 que
234 3667 325 3723 alii
357 3670 722 3742 quicumque
752 3670 831 3725 ita
861 3686 922 3725 se
954 3670 1190 3727 habent.
1227 3670 1312 3727 llli
1333 3677 1546 3738 autem,
1571 3676 1635 3726 ut
1656 3673 1735 3726 ita

112 3755 759 3828 dixerim,fabulones,id
782 3764 892 3827 est,
915 3759 1013 3832 qui
1030 3759 1253 3815 fabulas
1274 3778 1453 3815 vanas
1475 3762 1735 3817 easdem-

115 3845 417 3918 quelongas
442 3847 872 3920 perplexasque
885 3852 1341 3914 contexunt,tam
1358 3848 1560 3904 multis
1576 3848 1736 3905 falsis

112 3934 456 4008 dogmatibus
484 3936 645 4008 pleni
671 3942 902 4005 sunt,ut
924 3937 1033 4007 ipsi
1056 3954 1286 4009 quoque
1309 3938 1410 3992 illa
1430 3955 1735 3992 numerare

114 4038 209 4078 non
238 4026 478 4096 possint,
510 4030 619 4080 aut
648 4024 989 4079 difficillime
1022 4025 1263 4097 possint.
1286 4026 1397 4080 Nec
1418 4026 1516 4080 ulli
1550 4026 1737 4082 alieno

117 4110 221 4167 ulla
251 4113 478 4169 haeresis
509 4114 682 4169 facile
715 4114 796 4169 sic
828 4114 1158 4184 innotescit,
1183 4118 1246 4168 ut
1269 4114 1427 4169 suis:
1458 4116 1611 4170 unde
1637 4132 1739 4170 nec

116 4215 295 4256 earum
318 4219 461 4273 quas
480 4202 1159 4271 commemoravi,omnia
1173 4204 1445 4275 dogmata
1460 4220 1549 4258 me
1568 4203 1740 4259 dixis-

118 4305 171 4343 se
189 4290 268 4345 vel
291 4292 563 4348 didicisse
587 4291 1028 4365 proﬁteor.Quis
1046 4291 1325 4348 enimnon
1350 4292 1541 4348 videat
1562 4310 1742 4365 quan-

120 4380 221 4435 tam
236 4396 321 4435 res
342 4382 453 4437 ista
476 4386 802 4453 operam,et
825 4398 1000 4453 quam
1017 4382 1232 4437 multas
1250 4380 1473 4437 litteras
1488 4382 1742 4454 ﬂagitet?

128 4466 225 4522 Nec
246 4469 367 4525 ideo
398 4475 595 4526 tamen
628 4487 833 4542 parum
883 4471 1119 4542 prodest
1139 4471 1549 4537 erroresistos,
1596 4488 1741 4543 quos

124 4553 239 4611 huic
268 4559 419 4630 operi
450 4559 698 4629 intexui,
732 4558 911 4613 lectos
943 4560 1321 4631 cognitosque
1364 4559 1565 4614 vitare.
1595 4559 1740 4625 Quid

124 4646 257 4701 enim
286 4653 486 4704 contra
517 4649 633 4703 ista
665 4648 878 4703 sentiat
907 4647 1191 4703 catholica
1221 4647 1495 4719 Ecclesia,
1530 4650 1684 4719 quod
1711 4666 1744 4703 a

177 4823 190 4856 ¹
217 4823 313 4889 Hoc
339 4824 455 4874 loco
475 4825 724 4889 plerique
751 4825 872 4889 Mss.
905 4824 1005 4872 ista
1033 4824 1409 4889 interponunt:
1454 4825 1742 4889 «Certissi—

127 4898 149 4930 s
175 4898 280 4949 mus
300 4886 455 4936 homo
477 4886 765 4937 studiosus
794 4888 1047 4935 librorum
1080 4886 1197 4949 ejus
1227 4888 1485 4949 cognitor,
1528 4889 1592 4935 de
1641 4887 1743 4936 hoc

129 4964 149 4987 ιι
176 4948 531 5013 interrogatus,
566 4950 643 4999 ait
672 4950 851 4998 nescio
881 4963 1039 5059 quem
1070 4950 1159 5012 qui
1191 4948 1328 4998 hanc
1356 4949 1549 4997 famam
1574 4950 1740 4998 disse-

129 5027 149 5050 ι
176 5011 393 5059 minavit.
425 5014 664 5059 nescisse
706 5012 833 5059 quid
920 5012 1092 5059 ixerit.
1140 5012 1269 5059 Nam
1318 5012 1381 5059 de
1430 5012 1740 5059 hmresibus.

129 5027 149 5050 ι
176 5011 393 5075 minavit,
425 5014 664 5061 nescisse
706 5012 833 5075 quid
883 5011 1097 5061 dixerit.
1140 5012 1269 5059 Nam
1318 5012 1381 5060 de
1430 5012 1742 5071 hazresibus,

129 5089 147 5110 ιι
175 5072 344 5136 inquit,
377 5075 583 5123 nullum
607 5072 925 5136 opusculum
948 5078 1162 5121 sanctus
1186 5076 1541 5135 Hieronymus
1562 5075 1744 5122 condi-

128 5133 254 5209 g'dit'.
274 5156 293 5177 η
326 5135 386 5185 Et
405 5133 859 5209 prosequuntur,«
880 5136 1086 5209 Quodsi
1105 5140 1161 5184 tu
1188 5133 1418 5209 scierim},
1442 5142 1541 5209 etc.
1566 5137 1747 5209 Esstat

131 5195 373 5261 limosum
404 5195 674 5247 indiculus
706 5195 1014 5261 Hieronymi
1058 5200 1274 5247 nomine
1324 5212 1418 5259 per
1463 5200 1743 5247 Claudium

130 5257 409 5324 Monet-dum
441 5266 562 5324 post
595 5262 877 5323 Augustini
908 5257 1051 5324 opus
1081 5257 1442 5324 imperfectum
1468 5262 1741 5323 vulgatus;

131 5320 551 5386 sederuditorum
585 5320 849 5372 sententia
877 5320 976 5384 ipsi
1009 5320 1362 5386 abjudicatur.

182 5384 613 5449 ’SicEretprope
627 5399 815 5435 omnes
835 5387 956 5435 Mss.
972 5385 1038 5434 At
1058 5384 1205 5449 Lov.,
1226 5386 1451 5449 perueni,
1475 5386 1522 5433 et
1549 5400 1639 5449 ego
1655 5399 1749 5449 per

128 5445 168 5491 te
193 5446 254 5494 ad
277 5447 409 5497 illud
430 5445 760 5513 perdentem,
791 5452 839 5497 et
857 5449 1082 5513 forsitan
1102 5445 1311 5497 habebis
1330 5448 1510 5498 melius
1530 5445 1745 5512 aliquid.

1839 583 1930 621 me
1953 566 2262 621 dicendum
2288 565 2830 636 putasti,supcrfluo
2855 563 3166 635 quaeritur:
3193 579 3323 617 cum
3350 580 3483 633 pro-

1837 661 1964 727 pter
1992 655 2097 710 hoc
2125 656 2270 710 scire
2302 656 2554 710 sufﬁciat
2584 671 2711 709 eam
2745 658 2943 709 contra
2979 653 3091 707 ista
3119 653 3350 722 sentire,
3377 669 3480 708 nec

1839 744 2057 815 aliquid
2080 744 2285 798 horum
2309 745 2367 797 in
2384 745 2556 798 {idem
2577 747 2589 777 ¹
2609 759 2967 813 quemquam
2982 742 3188 796 debere
3202 742 3474 812 recipere.

1839 833 2136 898 Quomodo
2168 837 2361 886 autem
2394 850 2517 902 qua:
2541 838 2740 885 contra
2772 832 2891 885 haec
2923 830 3130 884 veritas
3165 830 3354 896 habet,
3385 848 3475 885 as-

1839 921 2083 975 serenda
2114 938 2179 975 ac
2207 921 2567 975 defendenda
2600 920 2735 986 sint,
2761 918 3060 973 modulum
3086 919 3275 989 operis
3300 919 3478 989 hujus

1838 1010 2080 1064 excedit.
2111 1010 2220 1063 Sed
2254 1008 2503 1063 multum
2538 1008 2773 1077 adjuvat
2805 1024 2902 1061 cor
2939 1005 3122 1076 fidele,
3143 1023 3312 1060 nosse
3337 1008 3477 1077 quid

1841 1098 2191 1153 credendum
2222 1113 2334 1150 non
2369 1097 2467 1161 sit,
2502 1095 2735 1151 etiamsi
2758 1094 3096 1167 disputandi
3120 1094 3389 1151 facultate
3421 1096 3476 1150 id

1840 1188 2088 1242 refutare
2113 1203 2225 1240 non
2251 1186 2452 1256 possit.
2479 1184 2681 1240 Omnis
2699 1184 2892 1255 itaque
2914 1184 3266 1239 christianus
3290 1185 3481 1239 catho-

1840 1276 1988 1331 licus
2021 1275 2132 1330 ista
2155 1292 2266 1329 non
2293 1275 2462 1329 debet
2483 1274 2747 1329 credere:
2775 1274 2872 1327 sed
2898 1288 3013 1326 non
3036 1272 3227 1328 omnis
3251 1273 3349 1343 qui
3370 1274 3482 1329 ista

1837 1381 1953 1419 non
1977 1363 2177 1429 credit,
2202 1367 2626 1433 consequenter
2646 1362 2816 1416 debet
2852 1377 2912 1415 se
2951 1360 3337 1416 christianum
3379 1379 3479 1417 ca-

1835 1452 2116 1508 tholicum
2148 1453 2274 1523 jam
2308 1455 2509 1522 putare
2538 1450 2626 1505 vel
2660 1451 2867 1505 dicere.
2922 1449 3171 1505 Possunt
3217 1450 3371 1504 enim
3422 1454 3479 1506 et

1837 1541 2087 1597 haareses
2120 1539 2264 1607 aliae,
2299 1556 2423 1610 quae
2456 1541 2515 1593 in
2546 1538 2654 1594 hoc
2684 1555 2855 1609 opere
2885 1542 3081 1593 nostro
3125 1554 3475 1593 commemo-

1836 1636 1971 1687 ratae
2004 1647 2119 1685 non
2151 1634 2307 1695 sunt,
2340 1628 2427 1683 vel
2460 1644 2588 1683 esse
2617 1627 2703 1682 vel
2738 1627 2881 1692 fieri,
2914 1643 3164 1697 quarum
3215 1626 3471 1696 aliquam

1836 1718 2105 1791 quisquis
2138 1718 2409 1783 tenuerit,
2442 1716 2796 1771 christianus
2830 1716 3147 1771 catholicus
3182 1732 3293 1770 non
3340 1716 3468 1770 erit.

1836 1808 1981 1874 Quid
2014 1824 2148 1879 ergo
2180 1806 2351 1861 faciat
2377 1805 2729 1875 hazreticum,
2750 1805 3021 1875 deinceps
3055 1804 3471 1874 requirendum

1834 1900 1962 1952 est:
1997 1900 2080 1961 ut,
2115 1912 2244 1949 cum
2277 1895 2385 1949 hoc
2420 1894 2660 1949 Domino
2695 1894 3003 1963 adjuvante
3033 1893 3305 1962 vitamus,
3354 1910 3469 1947 non

1834 1985 2025 2041 solum
2058 2001 2124 2039 ea
2151 2000 2277 2055 quae
2309 1984 2550 2052 scimus,
2582 1999 2781 2037 verum
2804 1982 2977 2037 etiam
3003 1998 3129 2052 quae
3153 1981 3471 2049 nescimus,

1832 2074 1949 2130 sive
1981 2090 2105 2145 quae
2125 2074 2249 2143 jam
2281 2077 2409 2126 orta
2440 2075 2601 2139 sunt,
2633 2071 2751 2125 sive
2782 2088 2906 2143 quae
2940 2069 3127 2125 adhuc
3150 2069 3285 2124 oriri
3310 2073 3470 2139 pote-

1830 2167 1987 2231 runt,
2024 2162 2291 2216 haeretica
2334 2177 2555 2216 venena
2601 2160 2871 2215 vitemus.
2914 2158 3101 2229 Hujus
3150 2161 3343 2213 autem
3396 2158 3472 2214 sit

1821 2254 1947 2324 jam
1980 2250 2293 2305 voluminis
2327 2248 2480 2320 ﬁnis,
2514 2249 2668 2320 quod
2711 2253 3013 2320 propterea
3067 2247 3252 2316 vobis,
3304 2252 3465 2303 ante-

1828 2358 2004 2414 quam
2037 2344 2223 2394 totum
2255 2338 2363 2393 hoc
2396 2354 2542 2408 opus
2574 2336 2931 2407 perﬁcerem,
2953 2335 3313 2391 credidiessn
3336 2336 3467 2390 mit-

1826 2430 2090 2493 tendum,
2123 2431 2187 2482 ut
2210 2426 2356 2481 illud
2389 2426 2744 2498 quicumque
2775 2425 3049 2498 legeritis,
3090 2424 3161 2479 ad
3202 2424 3259 2479 id
3308 2424 3463 2495 quod

1826 2523 2005 2576 restat
2034 2516 2419 2589 implendum,
2444 2515 2598 2587 quod
2617 2519 2737 2569 tam
2760 2529 3037 2585 magnum
3054 2528 3181 2569 esse
3201 2513 3458 2582 cernitis,

1827 2625 1919 2664 me
1948 2605 2309 2663 orationibus
2339 2603 2679 2675 adjuvetis’.

1894 2776 1909 2809 ί
1946 2772 2123 2822 Plures
2152 2772 2293 2828 Mss,
2325 2770 2377 2818 in
2404 2770 2527 2833 ﬁde.

1892 2837 1912 2871 ³
1938 2836 2032 2884 llic
2052 2838 2191 2883 certe
2210 2834 2391 2882 ﬁnitur
2405 2831 2685 2895 Augustini
2706 2831 2840 2895 liber
2862 2846 2874 2880 :
2895 2833 3102 2882 tametsi
3124 2831 3176 2880 in
3192 2832 3472 2882 codicibus

1829 2897 2205 2958 manuscriptis
2226 2894 2779 2959 plerisque’addantur
2799 2894 3159 2959 Nestorianiet
3181 2896 3463 2959 Eutychia-

1830 2964 1883 3011 ni
1917 2961 2167 3023 (haereses
2198 2959 2379 3023 utique
2405 2958 2510 3006 non
2541 2958 3199 3023 anteAugustinigobitum
3222 2958 3468 3023 nomina-

1831 3019 1938 3084 tas),
1972 3027 2025 3071 et
2052 3023 2107 3069 in
2138 3019 2454 3083 quibusdam
2487 3021 2639 3068 etiam
2660 3019 2997 3084 ,Timotheani
3026 3020 3127 3084 hoc
3156 3022 3373 3084 ordine:

1901 3082 1927 3133 ὰ
1943 3082 2245 3133 ΤηιοτηιξΑιιι
2262 3084 2445 3131 dicunt
2458 3083 2643 3131 Filium
2657 3083 2746 3131 Dei
2769 3096 2952 3130 verum
2967 3082 3181 3145 quidem
3194 3082 3471 3131 hominem

1842 3168 1865 3192 α
1888 3162 1947 3197 ex
1968 3147 2173 3207 virgine
2196 3146 2359 3194 Maria
2381 3150 2583 3205 natum,
2610 3145 2699 3193 sed
2733 3158 2857 3207 non
2876 3146 2947 3193 ita
2985 3158 3144 3192 unam
3174 3145 3469 3194 reddidisse

1843 3230 1866 3256 α
1901 3206 2200 3265 personam,
2220 3212 2277 3256 ut
2300 3221 2407 3255 non
2430 3209 2484 3255 in
2507 3221 2666 3255 unam
2688 3207 2755 3255 sit
2773 3206 3021 3255 redactus
3041 3212 3313 3265 naturam;
3346 3220 3473 3255 con-

1844 3230 1866 3256 α
1938 3225 2200 3265 ΒΓΒΟΙΠΠΙΙ,
2221 3225 2277 3256 Ill.
2300 3225 2407 3255 [1011
2430 3225 2484 3255 ιιι
2508 3225 2666 3255 1]ηᾶ111
2688 3225 2755 3255 Βιι
2774 3225 3021 3255 Γευᾶοιυε
3041 3225 3313 3265 naturam;
3346 3225 3473 3255 COD-

1844 3293 1867 3317 ‹‹
1897 3225 2166 3321 Satorium
2189 3270 2458 3332 quoddam
2482 3270 2722 3318 volentes
2758 3269 2919 3317 fuisse
2950 3270 3201 3332 interiora
3230 3270 3473 3331 virginis,

1842 3352 1869 3384 α
1889 3350 1983 3397 per
2008 3334 2148 3396 quod
2170 3334 2288 3381 duze
2311 3338 2531 3389 naturae,
2553 3332 2715 3389 idest,
2738 3331 3127 3397 Deusegthomo,
3150 3333 3378 3397 inrunam
3393 3346 3474 3397 re-

1845 3417 1869 3441 (ι
1890 3394 2081 3445 solutae
2100 3400 2152 3443 et
2171 3400 2453 3457 compactae
2472 3408 2715 3449 massam,
2729 3407 2889 3457 unam
2906 3394 2989 3441 Dei
3013 3398 3064 3442 et
3079 3394 3310 3442 hominis
3329 3394 3474 3443 exhi-

1846 3480 1870 3504 (ι
1900 3460 2116 3507 buerint
2127 3456 2649 3505 formamzimmntata
2662 3456 2906 3519 videlicet
2918 3460 3229 3505 naturarum
3242 3457 3475 3519 proprie-

1846 3542 1869 3566 (ι
1900 3526 2004 3570 tate
2016 3520 2357 3570 efﬁcientium
2372 3520 2673 3567 coitionem.
2689 3520 2751 3566 Et
2763 3518 2829 3566 ad
2847 3518 3265 3567 conﬁrmandam
3289 3518 3475 3581 hujus-

1846 3603 1870 3629 ‹‹
1892 3583 2037 3632 modi
2049 3583 2684 3645 impietatem,quzeDeum
2698 3581 2881 3629 asserit
2893 3594 2922 3645 a
2934 3595 3029 3645 sua
3041 3594 3251 3630 versum
3266 3585 3474 3639 natura,

1846 3666 1869 3691 ‹‹
1902 3651 2100 3707 cogunt
2120 3644 2457 3705 evangelista;
2501 3644 2865 3707 testimonium
2892 3644 3135 3692 dicentis.
3164 3645 3224 3692 Et
3255 3645 3478 3691 verbum

1844 3726 1871 3755 «
1900 3706 2020 3757 caro
2038 3709 2232 3756 factum
2256 3711 2358 3755 est:
2380 3707 2521 3767 quod
2541 3707 2614 3753 ita
2632 3706 3064 3766 interpretantur.
3088 3707 3274 3753 Divina
3289 3712 3480 3754 natura

1845 3787 1872 3818 ‹‹
1903 3770 2258 3818 inhumanam
2280 3783 2435 3816 versa
2454 3772 2549 3817 est.
2567 3769 2605 3817 Ο
2624 3767 3062 3824 abolitionem,illi
3082 3768 3479 3816 inviolabiliim-

1846 3850 1872 3880 α
1902 3834 2208 3895 pingentem
2244 3831 2554 3895 substantiae
2580 3832 2590 3877 l
2636 3829 2803 3895 Hujus
2833 3831 3131 3895 impietatis,
3152 3831 3478 3888 Timotheus,

1848 3915 1872 3939 ι
1906 3893 2049 3957 apud
2073 3895 2245 3942 Bizam
2281 3893 2543 3957 Bithyniae
2566 3893 2723 3957 modo
2763 3894 3011 3957 exsulans
3039 3894 3319 3957 civitatem,
3357 3906 3481 3941 con-

1849 3977 1871 4003 u
1903 3955 2121 4007 tinentis
2148 3960 2201 4005 et
2230 3956 2471 4017 religiose
2502 3956 2620 4003 vita).
2651 3956 2877 4015 imagine
2907 3956 3087 4003 multis
3114 3955 3303 4003 illudit.

1913 4040 1934 4088 ς
1958 4022 2248 4088 Νεετφιιλκι
2274 4033 2306 4088 a_
2324 4016 2556 4065 Nestorio
2578 4018 2827 4088 episcopo
2851 4018 2937 4088 qui
2955 4022 3152 4088 contra,
3171 4016 3481 4088 catholicam

1848 4102 1871 4125 ‹‹
1904 4082 2060 4131 ﬁdem
2080 4081 2432 4139 dogmatizare
2447 4094 2608 4127 ausus
2630 4080 3015 4133 est.Dominum
3040 4085 3281 4127 nostrum
3303 4080 3481 4127 Jesum

1852 4164 1875 4189 ιι
1891 4145 2157 4195 Christum
2174 4144 2442 4191 hominem
2458 4142 2961 4205 tantumn(plerique
2978 4143 3481 4205 Mss..«dogmﬁatiza-

1850 4226 1874 4251 ‹‹
1910 4222 1961 4255 re
1982 4220 2142 4255 ausus
2163 4210 2256 4257 est.
2272 4205 2530 4252 Chrislum
2548 4204 2827 4252 Dominum
2854 4208 3091 4252 nostrum
3110 4205 3274 4252 Deum
3309 4204 3479 4251 homi-

1852 4288 1875 4313 (ι
1907 4283 2029 4337 nem
2048 4273 2257 4337 tantum
2272 4267 2555 4337 n),anecid
2574 4266 3085 4337 quod‘mediatot'Dei
3118 4270 3169 4337 et
3190 4266 3482 4337 hominum

1851 4348 1877 4378 α
1909 4332 2127 4381 effectus
2140 4330 2293 4400 est,in
2312 4328 2693 4400 uteronvirgin‘is
2705 4329 2772 4399 de
2783 4329 2978 4400 Spiritu
2992 4333 3172 4377 sancto
3183 4328 3347 4400 fuisse
3360 4342 3486 4376 con-

1854 4412 1877 4435 «
1910 4392 2241 4454 ceptum,sed
2256 4396 2439 4453 postea
2454 4392 2617 4439 Deum
2634 4391 2833 4439 homini
2848 4392 3009 4439 fuisse
3028 4392 3345 4452 permixtum
3364 4403 3484 4439 :nec

1856 4474 1880 4499 α
1913 4457 2075 4524 Deum
2091 4455 2358 4524 hominem
2371 4467 2584 4524 passum
2606 4454 2975 4524 sepultumque
3004 4454 3484 4524 dicebam-vacuare

1856 4536 1880 4561 α
1912 4518 2243 4567 contendens
2265 4530 2423 4565 omne
2455 4515 3371 4578 nostrnmremedium,quoverbum
3392 4515 3485 4563 Dei

1857 4599 1879 4623 «ι
1913 4580 2266 4628 sichominem
2281 4578 2546 4639 suscipere
2560 4578 2807 4637 dignatus
2822 4578 2962 4626 estin
2988 4582 3137 4625 utero
3158 4578 3396 4639 virginis,
3428 4580 3489 4626 ut

1859 4662 1881 4684 ‹‹
1914 4641 2591 4703 unapersonaﬁeretDeiet
2612 4640 2857 4689 hominis.
2880 4644 3159 4701 propterea
3199 4642 3273 4687 sic
3307 4640 3489 4695 singu-

1860 4723 1883 4749 «
1916 4702 2097 4754 lariter
2117 4708 2168 4752 et
2184 4702 2490 4751 mirabiliter
2513 4706 2686 4759 natus,
2710 4708 2949 4751 mortuus
2970 4704 3125 4750 etiam
3156 4716 3251 4764 pro
3294 4702 3489 4750 nostris

1856 4785 1879 4809 «
1913 4768 2165 4835 peccatis,
2191 4779 2308 4813 cum
2330 4778 2394 4835 ea
2411 4778 2530 4826 quas
2554 4778 2661 4812 non
2684 4770 2934 4835 rapuerat
2969 4765 3311 4835 persolveret,
3348 4766 3489 4813 Deus

1855 4845 1881 4875 «
1913 4827 2071 4877 homo
2096 4844 2127 4877 a
2148 4828 2369 4877 mortuis
2391 4841 2673 4887 resurgens
2704 4827 2941 4875 ascendit
2971 4827 3023 4874 in
3053 4827 3269 4875 coelum.

1915 4909 1939 4937 α
1957 4891 2336 4939 Eurrcuumab
2361 4889 2594 4951 Eutyche
2624 4890 2851 4951 quodam
2884 4887 3489 4951 Constantinopolitanae

1915 4909 1939 4937 α
1960 4903 2336 4939 [ειυτῑεηιληιθῡ
2362 4903 2594 4951 nnrycne
2662 4903 2851 4938 nouam
2884 4903 3487 4950 uouetantmopoutanm

1856 4971 1878 4994 ‹‹
1908 4954 2152 5024 Ecclesia:
2169 4953 2475 5024 presbytero
2500 4974 2520 4995 ν
2538 4903 2928 5024 (ᾳιξὲἰιᾳυίᾱωῃ
2942 4952 3158 5024 (ξοάεξῑα
3175 4950 3487 5024 monacho?)

1860 5034 1881 5056 ‹‹
1911 5012 2231 5071 exortisunt,
2251 5012 2342 5071 qui
2378 5028 2495 5061 cum
2537 5012 2807 5062 videretur
2835 5015 3067 5062 refutare
3093 5014 3412 5068 Nestorium,
3434 5012 3490 5059 in

1856 5096 1879 5119 ‹‹
1911 5074 3489 5138 ApollinaremManichmumquetransivit,ethuumnitatisin

1856 5158 1879 5181 «
1914 5138 2120 5189 Christo
2148 5139 2419 5199 denegans
2452 5140 2744 5193 veritatem.
2768 5139 3026 5201 quidquid
3045 5152 3075 5185 a
3106 5138 3272 5201 Verbo
3294 5139 3491 5201 nostrae

1858 5220 1881 5243 ‹‹
1915 5203 2256 5265 proprietatis
2271 5198 2537 5261 receptum
2555 5206 2632 5249 est
2652 5198 2847 5265 diVlDEB
2879 5198 3245 5265 tantummodo
3282 5198 3497 5265 ascribit

1858 5283 1879 5304 «
1914 5262 2186 5323 essentne;
2211 5268 2668 5311 utsacramentum
2702 5264 2889 5311 salutis
2922 5263 3186 5319 humanm,
3214 5262 3355 5323 quod
3387 5274 3495 5309 non

1858 5343 1880 5368 «
1915 5328 2015 5375 nisi
2040 5328 2092 5374 in
2114 5331 2335 5388 utraque
2350 5326 2641 5373 substantia
2656 5330 2999 5381 est,nostram
3032 5325 3082 5371 in
3106 5324 3311 5372 Christo
3349 5328 3500 5372 natu-

1860 5406 1883 5430 «
1916 5404 2028 5438 ram
2053 5388 2818 5450 negando,dissolveret,stulta
2841 5388 3107 5450 impietate
3133 5401 3237 5434 non
3263 5388 3501 5436 sentiens

1860 5465 1885 5496 α
1916 5452 2169 5501 universo
2200 5451 2407 5514 corpori
2436 5449 2652 5510 auferri,
2683 5450 2824 5513 quod
2858 5449 3018 5513 capiti
3054 5450 3323 5499 defuisset.

1480 5669 2106 5709 ——--o°o--—---
