4012 6440
444 346 3843 403 Μ

1174 505 1293 607 ε.
1383 506 2087 608 AUBBLII
2182 506 3127 608 AUGUSTI!!!

1730 693 2196 753 HIPPONENSIS
2249 693 2569 750 EPISCOPI

1898 847 2424 913 TRACTATUS

856 1004 3465 1279 ADVERSUELJUDAEOS‘.

532 1377 763 1434 CAPUT
794 1379 1103 1436 PRIMUM.
1131 1411 1197 1420 —
1220 1381 1272 1433 1.
1297 1379 1615 1435 Severitatis
1658 1379 1764 1433 Dei
1797 1378 2110 1449 exemptum

460 1468 523 1522 in
533 1469 1152 1531 excisioneludeeorum;
1175 1469 1431 1525 bonitatis
1443 1484 1589 1535 vero,
1623 1470 1686 1524 in
1699 1469 1960 1523 insitione
1976 1466 2110 1522 Gen-

462 1558 602 1611 tium
628 1557 952 1613 Judaeorum
982 1560 1202 1613 caecitas
1231 1574 1301 1613 ex
1327 1559 1619 1629 scripturis
1676 1557 1875 1612 Veteris
1927 1557 2108 1612 Testa-

458 1646 635 1700 menti
655 1646 1041 1702 convincenda.
1078 1648 1290 1702 Beatus
1313 1645 1612 1719 apostolus
1636 1645 1874 1710 Paulus,
1906 1646 2110 1700 doctor

460 1734 733 1789 Gentium
766 1735 825 1790 in
859 1736 972 1791 ﬁde
1002 1740 1059 1791 et
1085 1736 1345 1803 veritate,
1379 1736 1692 1792 exhortans
1714 1753 1819 1791 nos
1842 1739 1906 1790 ut
1930 1733 1988 1788 in
2013 1750 2109 1789 ea-

462 1824 594 1879 dem
610 1824 921 1893 ﬁde,cujus
937 1825 1183 1881 idoneus
1205 1825 1475 1881 minister
1494 1826 1733 1881 effectus
1754 1823 2111 1895 est,stabiles

464 1912 738 1984 ﬁrmique
753 1918 1407 1986 maneamus,praacepto
1428 1915 2110 1980 admonet,terretexem-

467 1999 585 2073 plo.
606 2002 779 2067 Vides,
796 2002 1009 2073 inquit,
1048 2003 1341 2058 bonitatem
1358 2007 1413 2059 et
1432 2004 1790 2059 severitatem
1806 2005 1931 2058 Dei:
1951 2006 2010 2058 in
2027 2019 2114 2058 eos

467 2090 688 2160 quidem
708 2092 804 2162 qui
814 2091 1527 2161 ceciderunt,severitatem;
1544 2094 1602 2147 in
1624 2101 1678 2147 te
1696 2102 1880 2147 autem
1902 2093 2106 2147 bonita-

469 2184 631 2246 tem‘,
663 2182 1095 2252 sipermanseris
1117 2183 1174 2235 in
1210 2183 1476 2238 bonitate.
1505 2182 1622 2237 Hoc
1653 2182 1798 2236 dixit
1818 2182 2022 2254 utique
2044 2182 2114 2236 de

468 2269 817 2342 Judaeis,qui
840 2274 1121 2342 tanquam
1145 2270 1288 2326 rami
1307 2287 1374 2326 ex
1393 2270 1494 2326 illa
1514 2270 1658 2341 olea,
1676 2271 1874 2342 quasin
1898 2271 2115 2326 sanctis

468 2358 827 2414 Patriarchis
848 2363 1131 2429 tanquam
1154 2360 1215 2414 in
1237 2359 1430 2415 radice
1455 2359 2012 2431 fructifera,propter
2032 2360 2115 2414 in-

468 2447 810 2503 fidelitatem
845 2448 1009 2503 fracti
1041 2453 1216 2515 sunt;
1274 2455 1338 2503 ut
1368 2448 1639 2504 Gentium
1676 2453 1910 2520 propter
1938 2448 2113 2504 fidem

467 2535 824 2592 insereretur
855 2536 1103 2593 oleaster
1133 2542 1190 2593 et
1222 2537 1381 2592 fieret
1411 2537 1701 2609 particeps
1738 2537 2114 2610 pinguedinis

467 2623 605 2680 olea:
638 2625 818 2680 ramis
840 2625 1210 2681 naturalibus
1233 2625 1572 2699 amputatis.
1604 2625 1713 2682 Sed
1738 2627 1875 2697 noli,
1900 2620 2113 2698 inquit,

466 2712 709 2783 gloriari
728 2714 1020 2771 adversum
1040 2732 1225 2771 ramos
1244 2732 1264 2770 ,ο
1285 2733 1419 2770 nam
1438 2717 1490 2771 si
1506 2714 1797 2787 gloriaris,
1820 2724 2002 2771 nontu
2018 2732 2113 2771 ra-

466 2803 639 2859 dicem
659 2812 868 2875 portas,
900 2805 996 2859 sed
1012 2805 1180 2860 radix
1200 2813 1265 2861 te.
1294 2806 1363 2860 Et
1384 2806 1661 2876 quoniam
1686 2804 1990 2860 salvantur
2010 2804 2117 2860 ali-

468 2893 567 2965 qui
590 2910 658 2949 ex
684 2892 823 2961 illis,
851 2893 1127 2949 continuo
1153 2893 1485 2965 subjunxit:
1511 2894 1772 2965 Alioquin
1801 2901 1853 2949 et
1867 2902 1925 2948 tu
1963 2896 2112 2950 exci-

467 2981 637 3037 deris.
659 2982 766 3038 Sed
790 2985 840 3038 et
870 2983 967 3037 illi
993 2984 1044 3038 si
1072 2998 1179 3038 non
1229 2984 1638 3054 permanserint
1672 2984 1728 3037 in
1772 2982 2114 3053 inﬁdelitate,

469 3073 817 3127 inserentur:
835 3079 1027 3142 potens
1046 3080 1122 3127 est
1149 3074 1300 3127 enim
1328 3073 1467 3127 Deus
1495 3073 1701 3127 iterum
1737 3074 1982 3128 inserere
2028 3088 2117 3127 eos

471 3161 645 3232 (Rom.
677 3160 985 3232 x1,18-23).
1010 3160 1096 3215 Illi
1121 3166 1317 3216 autem
1341 3162 1440 3233 qui
1464 3166 1804 3232 permanent
1824 3161 1881 3216 in
1906 3161 2116 3217 inﬁde-

469 3249 653 3320 litate,
689 3250 759 3304 ad
793 3249 950 3305 illam
987 3250 1335 3305 sententiam
1379 3250 1611 3305 Domini
1652 3250 1964 3321 pertinent,
2015 3250 2114 3305 ubi

471 3338 553 3395 ait
576 3355 589 3394 :
622 3340 756 3394 Filii
776 3344 961 3395 autem
982 3340 1143 3409 regni
1162 3341 1327 3411 hujus
1350 3340 1506 3395 ibunt
1529 3342 1588 3395 in
1608 3339 1859 3396 tenebras
1869 3341 2114 3396 exterio-

467 3444 558 3483 res
579 3446 591 3496 ;
610 3428 688 3484 ibi
715 3429 819 3483 erit
847 3430 1006 3498 ﬂetus
1033 3438 1088 3484 et
1118 3428 1328 3484 stridor
1354 3428 1621 3484 dentium.
1665 3430 1876 3484 Gentes
1916 3432 2111 3484 autem

468 3522 876 3590 permanentes
898 3521 957 3572 in
982 3519 1095 3574 bon
1110 3518 1345 3584 itate,ad
1371 3516 1516 3571 illud
1542 3517 1695 3588 quod
1711 3516 1982 3588 superius
1998 3516 2109 3572 ait:

468 3607 633 3662 Multi
661 3607 729 3661 ab
747 3609 955 3663 oriente
974 3610 1025 3663 et
1046 3606 1317 3663 occidente
1330 3608 1570 3673 venient,
1592 3614 1643 3662 et
1660 3605 1970 3661 recumbent
1988 3622 2115 3660 cum

468 3694 745 3750 Abraham
766 3700 815 3750 et
836 3697 996 3751 Isaac
1008 3704 1058 3751 et
1078 3696 1237 3751 Jacob
1257 3697 1316 3750 in
1330 3710 1495 3766 regno
1506 3695 1765 3750 caelorum
1778 3694 2112 3767 (Matthmu,

470 3783 558 3845 12,
593 3784 699 3854 11).
730 3784 929 3855 Itaque
950 3783 1067 3838 illis
1097 3783 1449 3839 Patriarchis
1468 3784 1525 3837 in
1551 3782 1743 3838 radice
1764 3783 2111 3854 viventibus,

470 3876 527 3927 et
549 3871 802 3928 inﬁdelis
826 3872 1101 3943 superbia
1128 3871 1487 3928 naturalium
1511 3873 1986 3944 ramorumjusta
2012 3871 2112 3927 Dei

472 3961 779 4017 severitate
805 3960 1216 4034 confringitur,
1249 3966 1306 4016 et
1335 3960 1525 4017 ﬁdelis
1556 3960 1858 4016 humilitas
1880 3960 2114 4016 oleastri

469 4051 659 4123 gratia
688 4050 895 4105 divinae
927 4050 1205 4106 bonitatis
1235 4049 1534 4106 inseritur.

538 4140 593 4195 2.
626 4140 736 4195 Sed
761 4140 996 4211 quando
1026 4139 1245 4195 Judasis
1278 4139 1391 4195 ista
1411 4139 1709 4200 dicuntur,
1732 4137 2113 4212 Evangelium

466 4228 1409 4301 Apostolumquecontemnunt,et
1430 4229 1583 4300 quod
1608 4229 1857 4284 dicimus
1880 4246 1994 4284 non
2017 4246 2116 4284 au-

467 4317 674 4384 diunt;
709 4317 986 4388 quoniam
1020 4317 1174 4387 quod
1199 4316 1422 4389 legunt,
1447 4333 1561 4373 non
1586 4315 1943 4390 intelligunt.
1966 4317 2112 4372 Nam

468 4406 669 4477 utique
702 4406 750 4461 si
781 4405 1175 4477 intelligerent
1204 4406 1275 4459 de
1306 4422 1422 4477 quo
1455 4406 1787 4477 praedixerit
1807 4405 2115 4478 propheta,

468 4510 641 4566 quem
668 4494 1032 4566 legunt,Dedi
1061 4504 1109 4549 te
1138 4496 1199 4549 in
1222 4494 1398 4551 lucem
1412 4496 1679 4564 gentium,
1704 4497 1784 4549 ita
1797 4499 1859 4549 ut
1883 4496 2116 4550 sissalus

466 4600 588 4639 mea
618 4600 788 4657 usque
816 4583 877 4638 in
908 4583 1042 4654 ﬁnes
1072 4592 1241 4641 terra?
1267 4585 1396 4640 Isai.
1427 4600 1580 4650 XLIX,
1600 4584 1686 4656 6);
1712 4600 1827 4640 non
1865 4585 1949 4639 sic
1980 4584 2115 4639 oeci

2220 1380 2437 1444 essent,
2464 1392 2578 1432 non
2602 1376 2684 1433 sic
2709 1377 2931 1449 aegroti,
2958 1381 3022 1433 ut
3042 1377 3101 1432 in
3123 1378 3364 1434 Domino
3387 1378 3618 1435 Christo
3643 1395 3747 1434 nec
3777 1378 3865 1434 lu-

2217 1481 2341 1520 cem
2367 1470 2772 1537 agnoscerent,
2800 1483 2901 1521 nec
2926 1467 3349 1523 salutemJtem
3375 1467 3423 1523 si
3450 1467 3863 1540 intelligerent,

2217 1554 2373 1624 quod
2407 1553 2769 1610 infructuose
2801 1558 2973 1627 atque
3004 1556 3255 1611 inaniter
3278 1561 3536 1621 cantant,
3561 1557 3630 1612 de
3649 1557 3863 1629 quibus

2218 1643 2297 1697 sit
2310 1660 2463 1715 praan
2474 1644 2699 1698 untiatu
2710 1661 2765 1699 m
2775 1648 2857 1699 .In
2872 1660 3085 1701 omnem
3097 1650 3308 1701 terram
3317 1648 3490 1702 erivit
3501 1661 3594 1701 son
3602 1663 3665 1701 us
3676 1662 3863 1701 eorum

2216 1740 2269 1788 et
2300 1734 2359 1787 in
2393 1733 2531 1803 ﬁnes
2560 1733 2705 1789 orbis
2725 1738 2890 1789 terrm
2910 1735 3071 1790 verba
3091 1751 3282 1791 eorum
3304 1736 3473 1807 (Psal.
3497 1752 3657 1805 xvm,
3679 1736 3767 1804 5);
3792 1736 3861 1790 ad

2220 1838 2431 1877 sonum
2454 1822 2861 1893 Apostolorum
2884 1823 3242 1896 evigilarent,
3274 1828 3330 1880 et
3351 1824 3525 1880 verba
3547 1841 3750 1880 eorum
3775 1824 3859 1879 di-

2220 1910 2354 1965 vina
2374 1927 2501 1966 esse
2524 1912 2828 1967 sentirent.
2862 1913 2941 1968 De
2966 1913 3186 1969 sanctis
3207 1930 3342 1985 ergo
3365 1913 3702 1986 Scripturis,
3728 1931 3867 1985 qua-

2222 2015 2351 2053 rum
2385 2004 2441 2055 et
2470 2000 2624 2072 apud
2658 2001 2815 2072 ipsos
2848 2018 3062 2074 magna
3105 2001 3353 2058 habetur
3383 2002 3719 2070 auctoritas,
3766 2020 3868 2058 su-

2223 2089 2436 2143 menda
2467 2094 2604 2144 sunt
2634 2091 2989 2157 testimonia,
3024 2107 3272 2162 quorum
3308 2096 3363 2146 et
3395 2092 3442 2146 si
3468 2091 3655 2147 nolint
3677 2091 3873 2147 oblata

2223 2177 2472 2233 utilitate
2503 2178 2719 2240 sanari,
2753 2184 2952 2250 aperta
2980 2181 3203 2252 psssint
3231 2181 3472 2237 veritate
3502 2181 3788 2236 convinci.

2294 2266 2525 2323 CAPUT
2559 2268 2629 2321 ῐῐ.
2665 2300 2730 2308 -
2761 2270 2813 2324 3.
2840 2269 3211 2325 lnstrumenti
3246 2272 3443 2326 Veteris
3475 2271 3643 2325 libros
3672 2271 3743 2325 ad
3772 2286 3867 2327 nos

2218 2359 2520 2429 pertinere,
2553 2374 2850 2430 eorumque
2871 2340 3147 2431 pracept‘a
3174 2376 3274 2432 per
3292 2377 3389 2415 nos
3409 2358 3615 2416 melius
3630 2361 3871 2431 impleri.

2225 2445 2337 2501 Sed
2371 2447 2560 2518 primo
2590 2464 2791 2503 eorum
2822 2446 2917 2503 ille
2950 2449 3390 2522 redarguendus
3422 2453 3509 2505 est
3539 2466 3720 2517 error,
3758 2467 3871 2522 quo

2226 2539 2434 2608 putant
2456 2536 2526 2591 ad
2551 2536 2797 2592 nosideo
2812 2554 2924 2592 non
2943 2538 3622 2609 pertinerelnstrumenti
3648 2539 3871 2595 Veteris

2224 2623 2426 2690 libros,
2460 2624 2598 2696 quia
2620 2626 2746 2695 jam
2780 2642 2895 2681 non
2928 2631 3142 2694 vetera,
3174 2627 3273 2683 sed
3309 2645 3455 2682 nova
3504 2632 3873 2683 sacramenta

2225 2729 2548 2768 servamus.
2581 2713 2793 2768 Dicunt
2822 2714 2977 2769 enim
3011 2716 3202 2771 nobis.
3235 2716 3383 2782 Quid
3418 2718 3570 2789 apud
3602 2734 3704 2773 vos
3738 2717 3873 2772 facit

2224 2800 2394 2856 lectio
2417 2802 2585 2873 Legis
2612 2806 2668 2857 et
2689 2802 3313 2876 Prophetarum,cujus
3337 2810 3625 2878 praecepta
3646 2823 3873 2863 servare

2227 2908 2338 2946 non
2363 2890 2539 2947 vultis
2558 2891 2586 2946 ‘I
2611 2908 2676 2947 eo
2694 2893 2845 2964 quod
2873 2910 3107 2948 carnem
3136 2895 3401 2967 praeputii
3430 2912 3545 2950 non
3567 2895 3871 2951 circumci-

2226 2980 2425 3036 dimus
2442 2980 2827 3037 masculinam
2848 2985 2888 3049 ί,
2911 2986 2966 3037 et
2984 2984 3277 3038 vescimur
3298 2984 3574 3040 carnibus
3594 3001 3745 3056 quas
3767 2990 3876 3041 Lex

2227 3070 2741 3139 dicitimmundas,
2757 3088 2859 3126 nec
2877 3072 3121 3127 sabbata
3135 3076 3190 3127 et
3207 3074 3751 3130 neomeniasctdies
3768 3075 3873 3130 fes-

2226 3164 2314 3215 tos
2328 3174 2527 3214 eorum
2544 3159 2854 3215 carnaliter
2868 3161 3270 3229 observamus,
3301 3179 3405 3217 nec
3427 3161 3682 3218 victimis
3708 3180 3875 3235 peco-

2225 3265 2352 3304 rum
2373 3248 2773 3304 sacril‘icamus
2796 3248 2932 3315 Deo,
2956 3266 3060 3305 nec
3082 3250 3303 3305 Pascha
3318 3251 3373 3305 in
3391 3267 3491 3306 ove
3505 3256 3560 3305 et
3572 3252 3795 3324 azymis
3810 3252 3880 3309 si-

2226 3337 2444 3393 militer
2463 3337 2827 3394 celebramus
2842 3343 2921 3394 :et
2952 3338 3000 3393 si
3023 3355 3139 3411 qua
3159 3339 3272 3395 alia
3292 3345 3483 3396 vetera
3513 3346 3879 3397 sacramenta

2224 3427 2478 3500 generali
2500 3428 2781 3483 vocabulo
2813 3429 3054 3485 umbras
3086 3431 3416 3485 futurorum
3441 3429 3695 3503 appellat
3731 3434 3877 3504 Apo-

2225 3514 2411 3571 stolus
2432 3515 2655 3588 (Coloss.
2682 3532 2742 3584 ιι,
2776 3518 2883 3589 17),
2908 3516 3047 3589 quia
3066 3535 3133 3573 ea
3152 3518 3564 3591 signiﬁcabant
3587 3536 3692 3575 suo
3714 3524 3866 3576 tem-

2224 3620 2362 3677 pore
2395 3605 2881 3678 revelanda,quae
2913 3623 3021 3662 nos
3064 3607 3313 3663 revelata
3363 3609 3754 3681 suscepimus.
3808 3613 3871 3664 ut

2225 3696 2447 3749 remota
2464 3695 2675 3749 umbra
2695 3697 2855 3751 nuda
2879 3712 3079 3751 eorum
3103 3694 3232 3752 luce
3253 3696 3636 3753 frueremur’.
3656 3698 3739 3753 De
3755 3698 3876 3769 qui-

2223 3783 2335 3838 bus
2359 3782 2702 3855 singillatim
2730 3784 3161 3856 nimislongum
3181 3786 3581 3857 estdisputare
3601 3789 3872 3859 quemad-

2225 3871 2465 3927 modum
2495 3873 2757 3928 exuendo
2788 3878 3034 3929 veterem
3053 3874 3349 3930 hominem
3375 3876 3871 3943 circumcidimur,

2229 3977 2343 4015 non
2372 3960 2429 4015 in
2461 3961 2876 4033 exspoliatione
2903 3964 3161 4035 corporis
3186 3964 3407 4032 carnis;
3448 3970 3503 4019 et
3537 3981 3684 4035 quos
3716 3964 3874 4020 cibos

2223 4049 2408 4105 vitant
2435 4049 2494 4104 in
2518 4051 2849 4122 pecoribus,
2871 4052 3125 4107 vitamus
3146 4052 3203 4108 in
3235 4054 3500 4108 moribus
3525 4078 3539 4121 ;
3563 4058 3618 4108 et
3638 4054 3875 4110 exhibe-

2224 4155 2358 4193 mus
2392 4155 2635 4211 corpora
2662 4146 2861 4196 nostra
2890 4140 3142 4197 hostiam
3175 4142 3386 4213 vivam,
3421 4148 3707 4211 sanctam,
3766 4149 3875 4198 Deo

2225 4226 2671 4299 placentem,cui
2686 4233 2743 4284 et
2759 4229 2983 4285 animas
3003 4230 3306 4286 nostrasin
3331 4231 3636 4286 desideriis
3655 4232 3875 4288 sanctis

2225 4333 2328 4389 pro
2344 4317 2627 4389 sanguine
2643 4317 3701 4391 intelligentereffundimus,etChristi
3720 4320 3878 4376 velut

2225 4406 2360 4477 agni
2374 4406 2735 4462 immaculati
2753 4407 3038 4480 sanguine
3051 4409 3121 4464 ab
3136 4408 3294 4464 omni
3308 4408 3617 4481 iniquitate
3634 4411 3878 4466 munda-

2227 4512 2377 4551 mur.
2399 4496 2504 4562 Qui
2524 4502 2761 4569 propter
2773 4496 3218 4553 similitudinem
3242 4500 3435 4554 carnis
3458 4499 3675 4571 peccati
3698 4500 3872 4555 etiam

2227 4585 2463 4658 caprino
2476 4602 2681 4658 pecore
2692 4592 2714 4626 θ
2727 4586 2785 4642 in
2798 4587 3091 4643 veteribus
3108 4586 3411 4644 sacrificiis
3424 4588 3740 4661 ﬁguratur:
3770 4604 3876 4645 nec

1697 4725 2013 4764 ADMONITIO
2043 4725 2133 4765 PP.
2165 4725 2632 4768 BENEDICTOBUM.

528 4818 803 4866 Tractatus
826 4817 1088 4881 adversus
1114 4816 1342 4881 Judaaos_
1355 4814 1672 4881 emendatus
1701 4819 1781 4866 est
1806 4815 1873 4865 ad
1902 4816 2027 4866 Mss.
2087 4817 2409 4881 exemplaria
2462 4818 2718 4869 Vaticana
2774 4818 2894 4877 tria,
2956 4818 3323 4871 Cisterciensia
3376 4820 3501 4880 duo,
3549 4819 3873 4872 Victorinum

468 4893 656 4940 unum,
694 4883 746 4929 et
775 4878 841 4928 ad
872 4879 1132 4929 editiones
1158 4880 1274 4929 Am.
1306 4879 1390 4928 Er.
1424 4892 1486 4927 ac
1515 4879 1640 4928 Lov.

551 4978 1042 5060 Comparavimus
1066 4987 1353 5058 praeterea
1406 4996 1503 5039 eas
1558 4996 1747 5038 omnes
1795 4976 2078 5040 editiones
2137 4978 2308 5040 initio
2368 4983 2539 5042 Retr.
2572 4990 2627 5041 et
2669 4982 2974 5055 Contess.,
3038 4990 3174 5042 tom.
3240 4985 3297 5054 1,
3359 4990 3731 5043 memoratas.
3787 4981 3874 5043 Μ.

530 5110 553 5135 ⁹
580 5112 639 5159 In
666 5110 838 5168 editis,
864 5108 1039 5158 Oratio
1055 5109 1295 5174 adversus
1314 5109 1530 5174 Judaeos.
1556 5111 1614 5158 In
1638 5109 1971 5174 Cistercienci
1992 5111 2085 5174 Ms.
2110 5110 2431 5172 inscribitur,
2471 5112 2647 5161 Sermo
2677 5112 2729 5161 S.
2756 5111 3033 5174 Augustini
3065 5114 3244 5160 contra
3272 5111 3487 5160 Judzos.
3520 5113 3579 5160 ln
3608 5113 3710 5162 alio
3745 5113 3872 5164 Mss.

468 5173 800 5222 Cisterciensi
832 5178 883 5221 et
910 5174 965 5220 in
997 5186 1106 5221 uno
1131 5186 1159 5220 e
1190 5173 1473 5231 Vaticanis,
1506 5174 1683 5221 Sermo
1713 5173 1765 5221 S.
1803 5173 1935 5235 Aug.
1965 5172 2027 5221 de
2049 5175 2403 5224 incarnatione
2432 5176 2660 5235 Domini,
2690 5172 2867 5223 contra
2894 5174 3116 5223 Iudaeos.
3138 5176 3199 5223 In
3231 5175 3496 5224 Vaticanis
3517 5175 3631 5224 aliis
3645 5176 3876 5226 duobus.

467 5235 616 5282 Liber
645 5236 699 5284 Β.
734 5237 847 5297 Aug

853 5271 866 5300 ς
896 5238 959 5300 (te
986 5235 1343 5284 incarnatione
1377 5235 1607 5300 Domini,
1634 5236 2055 5300 contra_Judcos.
2088 5237 2301 5287 Librum
2332 5238 2589 5287 adversus
2616 5238 2833 5287 Iudaeos
2863 5238 3095 5300 appellat
3129 5237 3290 5286 etiam
3341 5238 3481 5285 Beda
3526 5238 3635 5287 sive
3686 5238 3876 5288 Florus

468 5298 521 5345 in
555 5297 768 5363 Paulum
800 5297 866 5346 ad
896 5298 1046 5363 Rom.
1078 5301 1105 5347 9
1137 5302 1189 5363 et
1220 5301 1292 5354 11,
1326 5297 1393 5346 ad
1413 5298 1595 5363 _Galat.
1628 5301 1675 5356 6,
1706 5298 1773 5347 ad
1802 5297 1993 5361 Ephes.
2024 5301 2071 5358 2,
2108 5300 2174 5349 ad
2205 5299 2403 5350 Coloss.
2424 5303 2468 5359 2,
2494 5304 2545 5350 et
2574 5300 2639 5349 ad
2672 5301 2833 5350 Hebr.
2864 5297 2912 5349 Ἰζ
2934 5297 2993 5349 In
3022 5300 3244 5350 Possidii
3274 5300 3527 5360 indiculo,
3560 5314 3676 5363 cap.
3708 5304 3756 5350 1.
3778 5316 3873 5352 no-

469 5363 652 5408 tantur
677 5361 951 5409 Tractatus
975 5362 1082 5408 duo
1113 5361 1369 5409 adversus
1401 5361 1634 5409 Judaeos.

532 5475 548 5507 ¹
585 5474 642 5521 In
674 5472 847 5532 editis,
896 5474 1171 5524 bonitatem
1227 5475 1335 5523 Dei.
1390 5476 1569 5537 Abest,
1616 5475 1726 5537 Dei,
1759 5490 1788 5525 a
1820 5476 1945 5525 Mss.
1996 5481 2048 5526 et
2082 5491 2113 5526 a

467 5549 641 5599 graeco
672 5539 819 5585 textu
853 5538 1113 5599 Apostoli.

2290 5480 2306 5512 ¹
2341 5479 2541 5541 Omnes
2568 5479 2678 5527 fere
2709 5477 2859 5541 Mss.,
2883 5490 3035 5525 carne
3059 5478 3301 5541 μνεραίἰί
3328 5492 3429 5527 ηοη
3461 5478 3872 5541 circumcidimus

2224 5540 2558 5590 masculinam
2578 5556 2596 5589 :
2626 5553 2746 5589 cum
2776 5540 2978 5604 quibus
3005 5540 3295 5604 concordat
3327 5540 3776 5604 Bedagvulgatus.

2286 5607 2306 5637 ²
2344 5605 2414 5652 Ita
2443 5617 2601 5653 omne
2630 5604 2753 5652 Mss.
2792 5601 2845 5651 et
2874 5601 3019 5651 Beda
3047 5616 3141 5653 seu
3163 5603 3348 5652 Florus
3378 5604 3445 5653 ad
3474 5601 3674 5653 Coloée.
3706 5606 3756 5653 2.
3799 5604 3865 5654 At

2226 5665 2378 5733 editi,
2402 5670 2456 5733 ut
2484 5669 2679 5733 remota
2700 5663 2882 5733 umbra
2909 5664 3218 5733 turrigerum,
3251 5664 3358 5716 luce
3381 5667 3708 5733 Vrueremur.

2288 5729 2309 5764 ³
2338 5728 2576 5780 Vaticani
2606 5728 2715 5778 duo
2743 5726 2789 5776 Μ
2798 5740 2888 5787 ss.,
2917 5727 3117 5778 hircino
3140 5742 3337 5792 pecore.
