4012 6468
160 413 229 471 53
712 410 779 472 S.
824 409 1257 474 AUGUSTINI
1306 410 1657 473 EPISCOPI
1701 409 2163 472 TRACTATUS
2207 410 2620 473 ADVERSUS
2662 412 3007 474 JUDJEOS.
3485 412 3563 471 54

160 561 285 600 eum
320 547 499 616 negat
529 541 589 599 in
618 545 812 600 crucis
854 544 1126 601 cornibus
1174 549 1434 609 taurum,
1467 545 1565 616 qui
1616 544 1674 599 in
1706 542 1806 600 illo

160 631 421 703 agnoscit
450 629 766 687 maximam
793 630 1114 688 victimam.
1150 633 1214 688 In
1244 632 1343 687 illo
1377 634 1635 704 requiem
1670 649 1803 687 cum

161 719 510 786 invenimus,
543 736 675 775 vere
703 719 1141 776 sabbatizamus
1174 737 1187 775 :
1223 726 1279 777 et
1326 721 1476 776 luna;
1510 738 1668 776 novae
1698 722 1802 776 ob-

161 808 424 876 servatio,
457 808 587 863 vita
618 826 776 863 novae
799 814 887 864 est
916 810 1322 865 sanctificatio.
1352 813 1416 865 Et
1448 811 1668 866 Pascha
1698 826 1802 865 no-

162 902 341 952 strum
377 900 394 933 ¹
430 896 700 953 Christus
730 901 854 967 est;
888 901 945 953 et
968 915 1170 971 azyma
1199 904 1466 955 nostrum
1498 898 1800 955 sinceritas

163 985 434 1054 veritatis,
469 986 821 1042 fermentum
864 1003 976 1042 non
1013 988 1233 1043 habens
1280 988 1588 1046 vetustatis
1621 1005 1634 1043 :
1668 992 1725 1043 et
1753 987 1802 1043 si

161 1091 268 1147 qua
295 1073 410 1130 alia
442 1079 602 1141 sunt,
632 1074 694 1131 in
728 1075 943 1147 quibus
973 1092 1127 1132 nunc
1180 1077 1479 1133 immorari
1510 1094 1658 1149 opus
1688 1093 1802 1131 non

162 1169 259 1235 est,
293 1180 423 1235 quas
455 1162 573 1220 illis
602 1164 899 1220 veteribus
948 1165 1296 1222 adumbrata
1324 1170 1463 1222 sunt
1509 1165 1718 1239 signis,
1744 1165 1805 1220 in

159 1252 248 1308 illo
278 1252 499 1309 habent
530 1252 729 1318 tinem,
757 1254 925 1323 cujus
961 1254 1122 1327 regni
1150 1272 1265 1310 non
1297 1256 1403 1310 erit
1436 1254 1588 1310 finis.
1616 1256 1674 1310 In
1708 1253 1805 1309 illo

160 1342 362 1415 quippe
392 1341 593 1397 omnia
644 1342 948 1413 oportebat
978 1343 1231 1415 impleri,
1276 1344 1371 1416 qui
1402 1344 1559 1399 venit
1594 1344 1805 1415 Legem

160 1436 210 1486 et
234 1429 567 1503 Prophetas
612 1447 729 1486 non
781 1431 1024 1498 solvere,
1061 1433 1163 1487 sed
1210 1431 1457 1505 implere
1501 1432 1705 1505 (Matth.
1746 1449 1803 1499 v,

159 1520 262 1591 17).

224 1606 446 1664 CAPUT
476 1607 576 1664 IlI.
609 1637 679 1650 —
708 1608 761 1664 4.
818 1608 1074 1665 Christus
1122 1610 1323 1681 Legem
1368 1626 1477 1665 non
1524 1611 1808 1665 evacuavit

162 1696 443 1769 arguendo,
476 1698 581 1754 sed
612 1698 886 1770 implendo
917 1700 1170 1754 mutavit.
1193 1699 1415 1755 Mutatio
1446 1704 1686 1755 veterum
1713 1715 1803 1755 sa-

161 1794 553 1843 cramentorum
563 1787 837 1859 praedicta
857 1788 916 1843 in
933 1787 1193 1844 Psalmis.
1212 1787 1456 1844 Proinde
1486 1787 1588 1843 illa
1608 1792 1805 1844 vetera

163 1876 319 1950 signa
346 1892 547 1932 rerum
574 1893 688 1932 non
716 1877 1013 1933 evacuavit
1044 1879 1363 1950 arguendo,
1385 1878 1482 1934 sed
1510 1877 1803 1950 implendo

163 1964 429 2021 mutavit:
449 1967 520 2021 ut
550 1965 666 2021 alia
696 1970 891 2022 essent
910 1983 1036 2039 quae
1059 1968 1397 2023 nuntiarent
1424 1966 1653 2022 venisse
1675 1966 1801 2039 jam

160 2053 463 2123 Christum,
511 2070 689 2126 quam
743 2054 971 2110 fuerant
1020 2054 1119 2109 illa
1150 2072 1276 2127 quae
1330 2054 1804 2127 praenuntiabant

161 2158 275 2199 esse
317 2147 654 2199 venturum.
707 2143 853 2208 Quid
907 2142 1018 2199 sibi
1070 2148 1268 2199 autem
1319 2144 1463 2215 vult,
1514 2144 1667 2216 quod
1719 2144 1803 2199 sic

160 2236 550 2305 pramotantur
580 2232 823 2305 quidam
855 2231 1089 2305 psalmi,
1120 2249 1265 2305 quos
1296 2236 1353 2288 et
1383 2233 1496 2305 ipsi
1526 2232 1729 2305 legunt
1747 2237 1805 2289 et

159 2321 364 2377 habent
393 2321 452 2375 in
490 2320 845 2376 Litterarum
877 2323 1224 2377 auctoritate
1257 2326 1615 2389 sanctarum,
1645 2314 1712 2376 ut
1741 2321 1799 2376 in

160 2425 345 2465 eorum
376 2408 571 2465 titulis
597 2408 881 2481 scriptum
915 2409 1013 2479 sit,
1040 2413 1149 2466 Pro
1176 2411 1247 2465 iis
1278 2426 1397 2481 qua
1429 2410 1801 2465 immutabun-

160 2502 242 2553 tur
263 2496 329 2552 "t
359 2500 558 2554 textus
589 2514 720 2553 vero
753 2498 1095 2554 eorumdem
1128 2497 1493 2571 psalmorum
1526 2498 1802 2570 praedicat

163 2585 439 2641 Christum
472 2602 487 2641 :
527 2586 642 2642 nisi
670 2585 804 2660 quia
836 2603 1036 2643 eorum
1092 2586 1338 2643 mutatio
1371 2604 1475 2660 per
1505 2586 1671 2643 illum
1705 2588 1799 2643 fu-

164 2676 282 2730 tura
312 2674 590 2747 praadicta
637 2679 744 2743 est,
794 2692 897 2748 per
925 2691 1099 2747 quem
1152 2679 1396 2748 apparet
1440 2676 1703 2749 impleta,
1735 2679 1801 2732 ut

166 2765 392 2838 populus
443 2764 569 2832 Dei,
632 2764 733 2837 qui
782 2781 936 2821 nunc
987 2768 1075 2821 est
1122 2764 1374 2838 populus
1421 2764 1798 2833 christianus,

159 2853 268 2925 jam
300 2870 411 2909 non
458 2856 705 2926 cogatur
753 2854 1060 2910 observare
1092 2870 1218 2925 quae
1268 2853 1623 2926 propheticis
1652 2859 1795 2909 tem-

164 2943 387 3013 poribus
436 2943 952 2999 observabantur:
995 2959 1110 2998 non
1161 2942 1301 3014 quia
1347 2943 1648 3009 damnata,
1698 2943 1796 2998 sed

171 3032 294 3103 quia
324 3035 552 3087 mutata
583 3036 723 3086 sunt
750 3049 763 3099 ;
796 3047 913 3087 non
945 3034 1007 3086 ut
1039 3048 1131 3086 res
1162 3031 1301 3102 ipsae
1334 3047 1458 3102 quae
1504 3030 1798 3104 signiﬁca-

170 3120 366 3175 bantur
393 3116 674 3193 perirent,
710 3120 807 3175 sed
851 3124 916 3175 ut
946 3135 1143 3175 rerum
1192 3119 1362 3192 signa
1393 3119 1513 3175 suis
1562 3136 1801 3192 quasque

170 3208 516 3281 temporibus
548 3208 945 3265 convenirent.

230 3297 449 3355 CAPUT
483 3297 579 3354 IV.
608 3328 676 3339 —
695 3298 749 3352 5.
785 3298 1032 3353 Christus
1053 3298 1115 3352 in
1141 3296 1366 3353 Psalmo
1387 3297 1801 3370 quadragesimo

166 3394 342 3459 quarto
369 3388 797 3459 prwnuntiatus.
837 3386 1100 3458 Denique
1130 3386 1188 3441 in
1221 3385 1447 3459 psalmo
1479 3388 1800 3460 quadrage-

172 3475 307 3531 simo
332 3479 539 3548 quarto
559 3476 715 3547 (nam
747 3475 873 3548 ipse
895 3475 1120 3548 primus
1139 3479 1229 3530 est
1257 3491 1456 3530 eorum
1476 3476 1575 3546 qui
1595 3476 1801 3548 hujus-

174 3564 313 3619 modi
347 3565 586 3621 titulum
610 3564 946 3637 praferunt,
965 3566 1071 3619 Pro
1100 3565 1171 3619 iis
1188 3580 1306 3636 qua
1320 3566 1764 3621 immutabuntur
1784 3583 1803 3622 :

174 3652 264 3708 ubi
290 3652 460 3708 etiam
492 3652 728 3726 legitur,
761 3654 1045 3709 Canticum
1060 3669 1162 3725 pro
1191 3652 1405 3725 dilecto)
1436 3654 1805 3725 apertissime

174 3740 423 3797 Christus
454 3742 787 3797 ostenditur
818 3758 832 3798 :
867 3741 1152 3814 Speciosus
1182 3744 1362 3813 forma
1384 3759 1501 3814 prae
1531 3744 1668 3814 ﬁliis
1699 3744 1804 3798 ho-

179 3831 400 3886 minum.
436 3831 544 3901 Qui
588 3847 713 3886 cum
744 3832 805 3885 in
852 3834 1030 3903 forma
1058 3831 1156 3887 Dei
1200 3835 1353 3899 esset,
1386 3847 1496 3886 non
1542 3835 1807 3905 rapinam

178 3919 469 3976 arbitratus
488 3928 591 3987 est,
613 3935 727 3975 esse
750 3920 982 3991 zquaiis
1012 3921 1136 3976 Deo.
1163 3919 1249 3975 Ibi
1276 3920 1325 3975 ei
1360 3920 1593 3993 dicitur,
1619 3922 1807 3977 Accin-

179 4024 291 4078 gere
308 4008 548 4079 gladium
572 4017 733 4063 tuum
751 4008 919 4080 juxta
945 4012 1166 4081 femur:
1189 4009 1338 4080 quod
1370 4009 1428 4064 in
1461 4027 1633 4067 carne
1655 4018 1809 4069 esset

181 4093 499 4152 hominibus
520 4095 959 4153 locuturus.Per
978 4095 1237 4169 gladium
1253 4096 1468 4169 quippe
1488 4114 1809 4172 sermo,per

183 4182 356 4239 femur
375 4202 504 4241 caro
527 4184 921 4258 signiﬁcatur:
947 4184 1084 4257 quia
1104 4187 1455 4257 semetipsum
1475 4188 1806 4252 exinanivit,

183 4273 398 4343 formam
417 4276 563 4330 servi
583 4275 887 4345 accipiens;
910 4278 974 4329 ut
994 4274 1091 4329 ille
1102 4291 1205 4347 per
1225 4274 1585 4330 divinitatem
1610 4279 1809 4347 specio-

185 4377 263 4417 sus
287 4365 460 4434 forma
485 4378 611 4435 prae
637 4364 773 4434 ﬁliis
804 4363 1109 4432 hominum,
1142 4362 1316 4418 etiam
1339 4363 1483 4419 illud
1517 4364 1677 4420 ﬁeret
1708 4382 1810 4438 per

187 4448 591 4519 inﬁrmitatem,
622 4453 777 4524 quod
808 4452 879 4508 de
907 4451 1006 4507 illo
1036 4452 1187 4507 alius
1230 4452 1528 4524 propheta,
1568 4455 1809 4510 Vidimus

186 4550 366 4610 eum,et
386 4557 493 4598 non
520 4541 756 4597 habebat
779 4543 1032 4614 speciem,
1045 4557 1217 4613 neque
1234 4540 1511 4604 decorem;
1523 4542 1615 4597 sed
1626 4545 1809 4599 vultus

187 4628 290 4699 eius
308 4629 622 4699 abiectus,et
642 4629 904 4702 deformis
918 4632 1119 4702 positio
1135 4633 1253 4702 eius
1274 4631 1550 4702 (Isai.uu,
1574 4632 1804 4703 2).Nam

186 4714 240 4770 in
260 4720 445 4775 eodem
474 4718 885 4792 psalmo,quod
907 4735 1023 4775 non
1048 4723 1277 4775 tantum
1300 4718 1603 4788 homo,sed
1627 4722 1806 4777 etiam

191 4808 322 4862 Deus
338 4807 409 4863 sit
420 4807 1081 4881 Christus,apertissime
1097 4807 1584 4879 ostenditur,cum
1608 4810 1807 4865 subdi-

188 4896 297 4951 tur:
314 4896 547 4953 Thronus
562 4898 940 4964 tuus,Deus,in
960 4898 1223 4953 sazculum
1237 4898 1613 4969 sweuli,virga
1631 4901 1804 4972 aequi-

191 4985 335 5039 tatis'
351 4987 505 5056 virga
524 4986 684 5056 regni
702 4988 806 5041 tui.
838 4986 1097 5041 Dilexisti
1123 4988 1403 5057 justitiam
1425 4991 1475 5042 et
1504 4987 1668 5043 odisti
1696 4989 1803 5044 ini-

190 5074 751 5147 quitatem;propterea
768 5076 932 5131 unxit
951 5075 1325 5143 te,Deus,Deus
1347 5078 1471 5130 tuus
1490 5076 1602 5131 oleo
1621 5077 1805 5133 exsul-

193 5164 396 5219 tationis
406 5179 527 5235 prae
530 5166 902 5236 participibus
921 5164 1142 5219 tuis.Ab
1155 5165 1426 5220 unctione
1438 5166 1805 5237 quippe,qum

194 5266 355 5322 gratae
382 5250 591 5329 χρίσμα
622 5253 853 5322 dicitur,
887 5252 1152 5310 Christus
1176 5257 1266 5309 est
1294 5253 1621 5325 appellatus
1645 5271 1657 5309 :
1684 5256 1808 5328 ipse

194 5344 272 5395 est
290 5340 439 5398 Deus
458 5347 666 5399 unctus
692 5359 727 5398 a
749 5343 882 5411 Deo,
906 5342 1007 5414 qui
1030 5346 1086 5397 et
1105 5342 1291 5413 ipsam
1314 5358 1445 5397 cum
1470 5344 1691 5399 caeteris
1712 5361 1806 5400 sa-

250 5473 287 5538 ‘_
300 5473 389 5538 Hic
416 5474 541 5524 editi
564 5473 771 5538 addunt
800 5474 1040 5533 verbum,
1089 5473 1403 5534 immolatus,
1434 5475 1576 5538 quod
1606 5490 1638 5525 a
1683 5478 1809 5527 Mss.

198 5537 241 5583 et
253 5534 392 5600 _Bgda
417 5538 577 5600 vulgo
609 5537 777 5600 abest.

249 5598 269 5633 ³
294 5598 421 5649 Editi
448 5598 533 5649 hic
561 5603 613 5650 et
632 5599 791 5658 intra,
816 5600 905 5658 qui
932 5598 1359 5648 immutabuntur.
1384 5598 1451 5648 At
1470 5600 1591 5649 Mss.
1623 5615 1811 5650 omnes

201 5661 732 5726 et_Beda,coustanter
759 5660 979 5726 habent,
1012 5676 1121 5726 qua
1154 5660 1579 5726 immutabunmr.

254 5723 363 5788 'ln
388 5724 592 5788 duobus
638 5726 759 5774 Mss.
809 5730 860 5788 et
889 5725 957 5773 ad
1001 5723 1147 5773 oram
1195 5725 1443 5773 editionis
1491 5726 1634 5785 Lov.,
1666 5728 1810 5788 virga

204 5780 472 5853 girectiom's
523 5802 563 5853 :_
602 5799 791 5853 quam_
818 5787 1131 5853 lectionem,
1161 5788 1401 5853 sequitur
1458 5780 1810 5853 Augustinus,

201 5844 523 5906 lustratione
549 5844 888 5907 ln'enmdem
917 5848 1050 5927 post.
1080 5850 1161 5903 tt.

1918 543 2233 598 crementis
2267 542 2556 599 carnalem
2589 544 2647 598 in
2672 544 3032 616 spiritualem
3057 543 3304 600 mutavit
3334 544 3560 601 unctio-

1916 647 2070 686 nem.
2100 632 2181 686 Ibi
2206 632 2256 686 ei
2283 633 2353 687 de
2377 631 2628 688 Ecclesia
2641 633 3086 689 diciturzAstitit
3109 634 3558 705 reginaadextris

1913 722 2023 774 tuis
2044 722 2103 774 in
2134 723 2332 775 vestitu
2363 721 2644 786 deaurato,
2677 724 3088 778 circumamicta
3129 725 3413 778 varietate.
3449 722 3558 778 Ubi

1913 807 2276 879 signiﬁcatur
2291 809 2625 882 linguarum
2640 812 2889 865 varietas
2902 810 2959 866 in
2980 813 3248 866 omnibus
3262 811 3557 883 gentibus:

1909 912 2155 967 quarum
2177 903 2372 953 tamen
2406 916 2523 954 una
2543 904 2599 955 et
2617 900 2863 971 simplex
2882 900 3024 955 fides
3045 905 3132 955 est
3154 900 3311 955 intus
3334 916 3346 953 :
3371 898 3562 955 Omnis

1912 985 2066 1040 enim
2086 986 2449 1058 pulchritudo
2476 989 2610 1059 ﬁliae
2634 990 2782 1059 regis
2813 990 3158 1044 intrinsecus.
3184 991 3367 1055 Quam
3399 987 3560 1043 Psal-

1915 1090 2047 1130 mus
2081 1074 2400 1148 alloquitur
2429 1076 2649 1145 dicens,
2673 1078 3057 1147 Audi,ﬁlia,et
3088 1077 3210 1133 vide
3229 1096 3247 1131 :
3270 1077 3405 1132 audi
3426 1094 3559 1149 pro-

1914 1163 2188 1232 missum,
2229 1164 2359 1220 vide
2411 1166 2793 1238 completum.
2842 1168 2907 1222 Et
2945 1167 3254 1223 obliviscere
3290 1167 3561 1237 populum

1913 1259 2067 1308 tuum
2094 1261 2145 1309 et
2174 1253 2397 1309 domum
2425 1257 2605 1326 patris
2636 1256 2734 1310 tui.
2785 1253 2876 1311 Sic
2907 1272 3055 1311 nova
3106 1254 3440 1327 implentur,
3475 1254 3559 1311 sic

1910 1346 2104 1397 vetera
2122 1344 2863 1413 commutantur.Quoniam
2878 1346 3190 1415 concupivit
3211 1360 3310 1399 rex
3328 1344 3559 1415 speciem

1912 1431 2347 1502 tuam.Speciem
2379 1449 2552 1504 quam
2585 1433 2719 1489 fecit
2750 1433 2874 1505 ipse
2894 1450 2996 1505 per
3026 1447 3234 1502 se,non
3256 1432 3476 1488 invenit
3495 1432 3557 1487 in

1911 1520 1988 1573 te.
2014 1519 2308 1584 Quomodo
2330 1519 2484 1574 enim
2509 1520 2772 1591 speciosa
2793 1536 2950 1577 esses
2967 1521 3094 1590 ejus
3111 1517 3559 1590 oculis,quando

1911 1622 2041 1662 eras
2066 1607 2184 1663 tuis
2208 1607 2422 1663 fmdata
2444 1609 2695 1680 peccatis
2716 1608 2743 1663 7
2763 1608 2844 1664 Ne
2874 1613 3070 1664 tamen
3098 1625 3259 1681 spem
3284 1613 3446 1662 tuam
3476 1623 3561 1662 ar-

1912 1695 2149 1752 bitreris
2180 1697 2509 1768 ponendam
2532 1697 2589 1753 in
2613 1697 2870 1764 homine,
2888 1697 3155 1769 sequitur
3172 1702 3229 1752 et
3253 1696 3411 1767 dicit,
3428 1697 3563 1765 Quo-

1909 1786 2063 1839 niam
2093 1787 2210 1856 ipse
2229 1788 2305 1841 est
2326 1787 2596 1842 Dominus
2622 1788 2661 1851 ¹,
2699 1789 2835 1842 Deus
2854 1789 3001 1841 tuus.
3026 1786 3108 1841 Ne
3139 1787 3385 1841 formam
3408 1785 3560 1840 servi

1910 1890 2175 1946 spernas,
2194 1890 2266 1929 ne
2282 1874 2534 1946 potentis
2550 1875 2953 1931 infirmitatem
2977 1872 3561 1946 excelsiquehumili-

1847 1950 1873 1965 ’
1908 1966 2086 2017 tatem
2119 1963 2403 2031 derideas,
2434 1965 2547 2035 ipse
2563 1970 2645 2019 est
2666 1965 2808 2019 Deus
2826 1972 2968 2020 tuus.
2997 1966 3059 2019 In
3082 1978 3147 2019 eo
3170 1964 3322 2035 quod
3346 1979 3558 2034 parvus

1910 2056 2167 2123 apparet,
2194 2067 2442 2124 magnus
2462 2053 2603 2108 latet
2620 2069 2633 2121 ;
2650 2053 2710 2107 in
2735 2055 2944 2109 umbra
2967 2052 3171 2109 mortis
3195 2051 3556 2123 soljustitiaa,

1908 2138 1968 2195 in
1996 2140 2352 2195 contumelia
2373 2141 2562 2197 crucis
2596 2142 2877 2197 Dominus
2899 2141 3095 2213 gloria
3122 2141 3396 2206 Quamvis
3418 2157 3553 2197 eum

1909 2232 2307 2300 persecutores
2360 2234 2588 2298 necent,
2620 2229 2886 2286 infideles
2918 2235 3148 2303 negent,
3182 2232 3298 2303 ipse
3338 2234 3418 2285 est
3445 2234 3559 2285 Do-

1906 2318 2092 2372 minus
2130 2322 2277 2372 Deus
2317 2324 2441 2373 tuus
2470 2336 2489 2373 :
2521 2334 2625 2389 per
2672 2319 2839 2389 cujus
2884 2335 3095 2391 corpus
3144 2318 3553 2390 immutantur,

1907 2421 2033 2478 que
2065 2408 2239 2462 antea
2272 2421 2371 2478 per
2401 2406 2641 2462 umbras
2673 2407 3101 2479 iigurabantur.

1978 2493 2207 2550 CAPUT
2234 2492 2377 2549 V.—
2400 2494 2454 2549 6.
2474 2494 2643 2550 Titulo
2672 2496 2885 2550 Psalmi
2904 2496 3236 2565 sexagesimi
3264 2495 3443 2551 octavi
3460 2496 3558 2568 qui

1906 2583 1973 2639 de
2003 2581 2209 2638 Christi
2237 2585 2491 2653 passione
2536 2586 2775 2656 scriptus
2803 2587 2900 2651 est,
2933 2586 3100 2639 etiam
3147 2585 3379 2639 mutatio
3404 2598 3554 2655 prae-

1905 2671 2417 2728 dicitur.Psalmus
2449 2689 2682 2744 quoque
2704 2673 3102 2745 sexagesimus
3133 2672 3555 2730 octavushabet

1906 2761 1966 2816 in
1996 2760 2166 2817 titulo
2202 2777 2215 2817 :
2248 2762 2354 2816 Pro
2384 2762 2455 2817 iis
2492 2777 2609 2833 qum
2637 2763 3139 2818 commutabuntur.
3174 2765 3241 2815 Et
3280 2766 3553 2817 cantatur

1870 2868 1875 2872 ’
1906 2848 1984 2904 ibi
2010 2851 2202 2921 passio
2223 2850 2453 2906 Domini
2475 2850 2805 2905 nostriJesu
2829 2850 3548 2921 Christi,transﬁgurantie

1908 2937 1968 2992 in
2001 2953 2062 2992 se
2094 2937 2379 3009 quasdam
2424 2938 2600 2994 etiam
2633 2954 2799 2994 voces
2852 2939 3271 3005 membrorum,
3306 2938 3413 2993 hoc
3460 2942 3551 2994 est

1908 3026 2169 3082 fidelium
2194 3043 2455 3083 suorum.
2479 3027 2604 3083 Non
2629 3029 2783 3083 enim
2806 3028 2932 3099 ipse
2953 3026 3073 3082 ulla
3095 3026 3304 3082 delicta
3320 3026 3545 3098 habuit,

1908 3116 2007 3171 sed
2042 3119 2237 3170 nostra
2270 3114 2517 3187 portavit
2549 3132 2562 3170 :
2596 3116 2750 3171 unde
2776 3116 2939 3184 dicit,
2970 3117 3035 3171 Et
3063 3115 3265 3171 delicta
3292 3132 3412 3171 mea
3440 3134 3476 3172 a
3496 3125 3552 3172 te

1907 3219 2014 3259 non
2047 3212 2173 3259 sunt
2201 3204 2537 3261 abscondita.
2568 3205 2650 3260 Ibi
2681 3206 2965 3276 scriptum
2991 3210 3080 3261 est
3107 3208 3164 3260 et
3192 3206 3554 3276 praenuntia-

1907 3298 2057 3359 tum,
2101 3294 2255 3364 quod
2304 3293 2364 3347 in
2414 3293 2720 3366 Evangelia
2769 3293 3019 3365 legimus
3066 3293 3284 3349 factum
3328 3294 3552 3365 (Matth.

1906 3399 2082 3453 xxvu,
2114 3382 2203 3449 34,
2230 3382 2318 3453 48)
2344 3400 2356 3438 :
2383 3382 2654 3439 Dederunt
2672 3384 2732 3438 in
2760 3398 2934 3439 escam
2960 3398 3138 3437 meam
3155 3383 3255 3455 fel,
3288 3390 3341 3438 et
3368 3384 3424 3438 in
3455 3383 3561 3439 siti

1908 3487 2029 3527 mea
2056 3476 2380 3544 potaverunt
2410 3488 2498 3526 me
2533 3474 2699 3527 aceto.
2736 3476 2842 3526 Per
2872 3472 3028 3526 hunc
3076 3486 3212 3542 ergo
3243 3471 3558 3528 immutata

1911 3564 2052 3615 sunt
2069 3564 2283 3629 vetera,
2318 3575 2445 3630 quae
2477 3559 2686 3615 titulus
2716 3558 2933 3615 Psalmi
2966 3560 3307 3631 praedixerat
3335 3559 3557 3614 immu-

1910 3648 2106 3704 tanda.
2135 3647 2295 3711 Quod
2316 3647 2502 3703 Judaei
2524 3647 2782 3719 legentes
2803 3652 2859 3703 et
2880 3663 2994 3703 non
3011 3646 3420 3720 intelligentes,
3446 3646 3557 3703 ali-

1913 3738 2054 3810 quid
2088 3754 2150 3793 se
2180 3737 2371 3793 dicere
2418 3736 2773 3807 existimant,
2807 3753 2940 3792 cum
2973 3737 3280 3808 requirunt
3324 3754 3357 3793 a
3386 3736 3558 3793 nobis

1912 3827 2204 3898 quomodo
2235 3826 2593 3898 accipiamus
2612 3826 3014 3882 auctoritatem
3040 3825 3206 3897 Legis
3223 3829 3280 3881 et
3299 3824 3555 3897 PrOphe-

1909 3920 2126 3983 tarum,
2161 3932 2292 3970 cum
2339 3920 2703 3970 sacramenta
2733 3930 2847 3969 non
2891 3915 3266 3970 observemus
3296 3930 3424 3985 qum
3470 3913 3553 3969 ibi

1913 4009 2201 4078 pracepta
2230 4008 2388 4059 sunt.
2412 4003 2537 4059 Non
2560 4002 3110 4075 observamus,quia
3140 4006 3362 4058 mutata
3382 4006 3551 4071 sunt;

1916 4097 2141 4148 mutata
2159 4098 2297 4149 sunt
2318 4097 2535 4163 autem,
2559 4093 2657 4163 qui
2678 4093 2959 4147 mutanda
2980 4093 3365 4163 praenuntiata
3378 4096 3550 4159 sunt;

1915 4187 1973 4238 et
2000 4181 2059 4237 in
2094 4198 2225 4237 eum
2250 4182 2565 4247 credimus,
2586 4183 2754 4252 cujus
2770 4180 3118 4236 revelatione
3139 4185 3367 4236 mutata
3387 4186 3550 4236 sunt.

1913 4271 2039 4327 Non
2064 4287 2199 4343 ergo
2226 4270 2606 4325 observamus
2626 4273 2994 4325 sacramenta
3015 4286 3139 4339 quae
3170 4268 3247 4323 ibi
3267 4274 3554 4341 praecepta

1914 4367 2070 4429 sunt,
2102 4358 2238 4431 quia
2276 4357 2661 4430 intelligimus
2711 4374 2837 4429 quae
2868 4357 2947 4412 ibi
2981 4356 3256 4427 praedicta
3303 4360 3462 4427 sunt,
3495 4360 3554 4411 et

1913 4452 2182 4504 tenemus
2214 4462 2334 4518 quae
2358 4446 2435 4500 ibi
2460 4445 2749 4516 promissa
2780 4449 2936 4502 sunt.
2962 4445 3061 4501 Isti
3084 4450 3277 4500 autem
3310 4444 3408 4516 qui
3432 4445 3555 4500 haec

1914 4536 2081 4593 nobis
2103 4535 2605 4606 objiciunt,adhuc
2618 4534 2799 4590 amari
2817 4538 2955 4589 sunt
2967 4550 3035 4589 ex
3048 4534 3388 4606 parentibus
3406 4533 3552 4601 suis,

1913 4625 2013 4698 qui
2047 4625 2334 4680 dederunt
2354 4624 2413 4678 in
2446 4640 2638 4679 escam
2670 4622 3101 4689 Dominofel,et
3123 4622 3311 4678 adhuc
3333 4627 3555 4680 veteres

1912 4730 1980 4771 ex
2008 4719 2167 4769 aceto
2199 4713 2352 4784 quod
2378 4712 2428 4767 ei
2458 4713 2775 4784 potandum
2798 4711 3174 4768 obtulerunt:
3197 4715 3254 4767 et
3282 4712 3408 4767 ideo
3436 4728 3554 4767 non

1913 4802 2268 4874 intelligunt,
2302 4801 2439 4872 quia
2469 4800 2527 4855 in
2553 4803 2637 4856 eis
2667 4799 2947 4872 impletur
2962 4800 3115 4871 quod
3140 4800 3423 4871 sequitur,
3438 4801 3561 4856 Fiat

1911 4907 2109 4946 mensa
2137 4906 2325 4947 eorum
2340 4905 2523 4945 coram
2541 4891 2677 4961 ipsis
2694 4894 2753 4944 in
2770 4890 3161 4960 muscipulam,
3175 4892 3225 4944 et
3250 4888 3562 4944 retributio-

1911 4996 2038 5035 nem
2065 4978 2481 5048 etjscandalum.
2503 4978 2616 5050 Ipsi
2645 4977 2800 5032 enim
2820 4976 2968 5033 fellei
2993 4982 3049 5032 et
3069 4977 3213 5033 acidi
3240 4976 3373 5032 facti
3395 4981 3555 5048 sunt,

1913 5069 2113 5125 felleas
2143 5072 2199 5123 et
2229 5067 2424 5124 acidas
2443 5083 2605 5123 escas
2624 5066 2760 5137 pani
2781 5066 2909 5122 vivo
2940 5066 3326 5122 ministrando
3342 5066 3382 5121 ³.
3407 5067 3563 5132 Quo-

1915 5158 2086 5213 modo
2117 5157 2272 5212 enim
2305 5156 2426 5211 haec
2457 5156 2711 5224 videant,
2743 5156 2814 5210 de
2845 5155 3058 5226 quibus
3087 5154 3166 5209 ibi
3208 5153 3551 5226 praedictum

1913 5252 2024 5313 est,
2038 5246 2388 5302 Excaecentur
2406 5245 2427 5279 ³
2447 5245 2592 5300 oculi
2609 5259 2816 5311 eorum,
2830 5259 2898 5299 ne
2913 5242 3175 5298 videant?
3189 5247 3245 5297 et
3265 5243 3557 5313 quomodo

1915 5335 2034 5391 sint
2062 5333 2224 5404 recti,
2256 5339 2319 5388 ut
2349 5350 2586 5388 sursum
2610 5348 2708 5389 cor
2736 5332 3095 5400 habeant,de
3113 5330 3328 5401 quibus
3360 5330 3561 5403 praedi-

1916 5440 2046 5478 cum
2080 5427 2187 5488 est,
2222 5423 2284 5477 Et
2315 5421 2536 5477 dorsum
2579 5437 2769 5477 eorum
2795 5436 3010 5491 semper
3042 5421 3318 5475 incurva?
3344 5419 3457 5477 Nec
3489 5420 3559 5475 de

1979 5542 1996 5575 ¹
2036 5539 2164 5596 Vox,
2196 5538 2465 5593 Dominus,
2492 5550 2599 5585 non
2635 5538 2689 5585 in
2714 5536 2961 5600 omnibus
2981 5536 3255 5586 codicibus
3279 5537 3557 5600 reperitur.

1916 5603 2006 5652 Est
2036 5601 2174 5663 apud
2212 5602 2365 5658 LXX;
2398 5600 2488 5647 sed
2522 5601 2587 5647 ab
2619 5600 2680 5648 iis
2707 5600 2872 5663 abest,
2913 5599 3064 5648 Deus.

1979 5667 1999 5700 ²
2032 5661 2114 5711 Sic
2143 5665 2263 5712 Mss.
2297 5663 2433 5711 Editi
2472 5677 2615 5718 vero,
2645 5662 2719 5723 fel
2744 5664 2793 5709 et
2820 5666 3016 5710 acetum
3046 5663 3178 5723 facti
3216 5671 3348 5718 siuet,
3379 5661 3560 5722 fol/eas

1919 5735 1967 5775 et
1994 5726 2168 5773 acidas
2196 5726 2321 5789 puni
2350 5740 2459 5771 vivo
2486 5732 2659 5784 epulas
2694 5725 3049 5789 ministrando.
3082 5778 3087 5785 ο

1980 5791 2001 5825 ³
2023 5786 2548 5849 Εᾱίιὶ,ξοόεσιινετιιω·
2576 5802 2595 5837 :
2622 5787 2714 5849 qui
2736 5794 2913 5849 tamen
2942 5788 3097 5842 intra.
3131 5800 3246 5847 cap.
3278 5790 3322 5844 6,
3342 5786 3398 5834 in
3428 5799 3557 5837 con-

1919 5851 2151 5903 cordiam
2185 5850 2472 5901 redeuntes
2501 5862 2624 5901 cum
2644 5848 2773 5901 Mss.
2805 5848 3023 5911 habent,
3054 5849 3400 5899 Excoecentur.
