4012 6452
382 356 463 418 55
1618 352 1687 417 S.
1730 349 2160 417 AUGUSTINI
2204 348 2559 417 EPISGOPI
3710 352 3792 414 56

386 487 663 545 omnibus
692 488 814 545 hac
845 487 1000 545 dicta
1031 492 1172 546 sunt
1197 504 1213 545 :
1245 487 1364 545 imo
1392 503 1525 545 vero
1563 488 1633 545 de
1663 487 1937 544 omnibus
1968 486 2041 543 ad

390 594 537 649 quos
569 578 864 650 pertinent
884 595 1011 650 quae
1042 578 1318 651 praedicta
1342 582 1495 633 sunt.
1527 578 1603 633 Ad
1636 594 1736 633 eos
1757 577 1915 632 enim
1941 575 2040 646 qui

393 666 481 723 vel
514 672 652 723 tunc
676 684 743 723 ex
766 667 883 723 illis
915 668 1289 724 crediderunt
1318 668 1377 722 in
1411 666 1731 733 Christum,
1764 664 1853 723 vel
1888 681 2043 721 nunc

397 773 584 829 usque
615 758 878 825 credunt,
913 757 999 812 vel
1032 757 1306 829 deinceps
1334 774 1517 827 usque
1548 756 1606 811 in
1639 757 1813 811 ﬁnem
1846 753 2041 811 saeculi

395 845 668 901 credituri
702 849 857 915 sunt,
879 846 994 901 ista
1026 862 1138 902 non
1173 846 1487 917 pertinent,
1509 846 1580 900 ad
1604 860 1802 900 verum
1827 843 2039 899 lsrael1

395 934 637 1001 scilicet,
660 936 759 1005 qui
787 934 1004 989 videbit
1024 933 1335 990 Dominum
1360 932 1503 989 facie
1524 934 1595 988 ad
1624 932 1849 989 faciem.
1866 934 2046 1003 Neque

391 1025 541 1079 enim
560 1038 742 1078 omnes
763 1025 859 1093 qui
878 1040 951 1077 ex
970 1023 1140 1078 Israel
1153 1023 1369 1091 sunt,hi
1388 1023 1559 1078 Israel
1580 1032 1739 1077 sunt:
1752 1038 1924 1092 neque
1949 1023 2044 1093 qui

391 1120 519 1167 sunt
539 1128 721 1167 semen
744 1112 1038 1183 Abraham,
1055 1128 1237 1167 omnes
1256 1112 1369 1183 ﬁlii
1383 1120 1510 1167 sunt
1518 1130 1540 1177 ;
1555 1113 1653 1168 sed
1675 1114 1735 1167 in
1750 1113 1922 1179 Isaac,
1948 1112 2042 1165 in-

393 1200 537 1271 quit,
572 1201 847 1256 vocabitur
890 1202 992 1256 tibi
1019 1217 1205 1256 semen
1240 1218 1252 1256 :
1287 1200 1384 1255 hoc
1413 1209 1512 1267 est,
1562 1218 1673 1255 non
1725 1201 1768 1255 ii
1812 1202 1908 1271 qui
1934 1198 2047 1270 ﬁlii

392 1291 603 1356 carnis,
628 1290 693 1345 hi
722 1291 832 1360 ﬁlii
862 1291 979 1358 Dei,
1010 1290 1101 1346 sed
1129 1290 1239 1360 ﬁlii
1278 1290 1657 1361 promissionis
1707 1292 2049 1361 deputantur

396 1379 459 1434 in
486 1395 673 1434 semen
700 1379 875 1451 (Rom.
908 1396 985 1450 ix,
1012 1380 1154 1449 6-8).
1191 1379 1302 1434 Sed
1351 1378 1409 1433 hi
1444 1377 1737 1450 pertinent
1766 1380 1837 1434 ad
1870 1379 2048 1451 spiri-

402 1467 621 1523 tualem
652 1467 786 1523 Sion
837 1472 894 1522 et
925 1467 1188 1523 civitates
1208 1468 1229 1501 ²
1257 1466 1448 1533 Judaa,
1481 1466 1536 1521 id
1568 1472 1676 1535 est,
1712 1466 1996 1523 Ecclesiae
2031 1484 2045 1523 :

398 1557 470 1613 de
501 1557 715 1627 quibus
741 1556 1057 1628 Apostolus
1086 1555 1430 1623 dicit,Eram
1450 1564 1638 1612 autem
1668 1558 1883 1627 ignotus
1910 1558 2051 1628 facie

399 1643 665 1703 Ecclesiis
694 1644 926 1710 Iudaee,
956 1659 1082 1716 quae
1116 1649 1245 1699 sunt
1275 1646 1334 1700 in
1363 1643 1581 1701 Christo
1613 1646 1810 1716 (Colat.
1847 1663 1887 1712 1,
1933 1646 2047 1717 22).

401 1734 707 1801 Quoniam,
741 1734 892 1789 sicut
923 1734 982 1788 in
1015 1734 1217 1789 eodem
1250 1732 1477 1805 psalmo
1520 1734 1693 1805 paulo
1724 1739 1855 1807 post
1885 1735 2050 1807 poni-

399 1827 517 1889 tur,
546 1824 685 1879 Deus
712 1824 924 1878 salvam
951 1825 1117 1893 faciet
1146 1822 1297 1891 Sion,
1324 1827 1377 1879 et
1396 1823 1830 1894 aediﬁcabantur
1850 1826 2049 1880 civita-

402 1916 482 1970 tes
510 1912 691 1969 Iudae.
724 1913 787 1967 Et
816 1912 1204 1968 inhabitabant
1233 1929 1378 1977 eam,
1408 1917 1461 1968 et
1503 1912 1834 1970 haereditate
1861 1916 2051 1986 acqui-

402 2005 523 2058 rent
558 2016 695 2056 eam.
729 2001 795 2055 Et
830 2016 1011 2056 semen
1055 2016 1335 2056 servorum
1364 2004 1484 2073 ejus
1528 2002 1878 2072 possidebunt
1904 2020 2047 2073 eam,

397 2098 449 2147 et
481 2091 576 2163 qui
603 2089 845 2159 diligunt
869 2106 1069 2146 nomen
1111 2092 1251 2162 ejus,
1286 2090 1678 2147 inhabitabant
1726 2093 1786 2146 in
1818 2107 1903 2147 ea.
1938 2092 2049 2148 Sed

401 2195 536 2236 cum
579 2179 703 2236 haec
751 2180 998 2236 audiunt
1050 2179 1261 2249 Judaei,
1297 2179 1605 2235 carnaliter
1652 2180 1963 2253 accipiunt,
1996 2186 2053 2237 et

400 2273 688 2326 terrenam
718 2268 1035 2325 Jerusalem
1072 2269 1354 2340 cogitant,
1380 2285 1505 2340 ρυεθ
1539 2269 1716 2325 servit
1746 2286 1878 2326 cum
1913 2270 2052 2327 ﬁliis

405 2357 531 2415 suis
565 2374 578 2413 :
612 2374 727 2412 non
761 2363 1004 2413 matrem
1057 2362 1318 2413 nostram
1349 2362 1626 2412 aeternam
1659 2358 1717 2414 in
1749 2358 1910 2415 cmlis
1951 2360 2050 2431 (Id.

408 2463 484 2515 IV,
519 2447 609 2517 25,
639 2447 754 2517 26).

479 2534 712 2592 CAPUT
742 2533 812 2589 Vl
842 2564 911 2575 —-
937 2534 993 2590 7.
1027 2534 1235 2590 Titulus
1263 2550 1476 2606 quoque
1502 2535 1720 2592 Psalmi
1764 2540 2053 2608 septuage-

410 2625 546 2681 simi
594 2626 731 2679 noni
771 2625 1118 2696 praenuntiat
1167 2626 1549 2680 mutationem.
1599 2626 1923 2681 Mutationis
1960 2626 2052 2700 fa-

409 2714 620 2772 ciendae
672 2714 985 2770 testimonia
1039 2716 1232 2769 contra
1276 2714 1496 2771 Iudaeos
1551 2717 1848 2786 apertiora.
1909 2717 2052 2772 Item

409 2802 671 2875 psalmus
699 2802 1170 2874 septuagesimus
1201 2807 1390 2857 nonus
1414 2802 1593 2858 simili
1628 2803 1795 2859 titulo
1825 2821 2049 2877 praeno-

403 2893 596 2948 tatur:
629 2893 736 2947 Pro
764 2894 833 2947 iis
868 2908 986 2963 quae
1030 2892 1496 2948 immutabunt-ur.
1540 2893 1602 2947 In
1657 2909 1771 2964 quo
1824 2894 2051 2964 psalmo

402 2980 553 3036 inter
591 2986 796 3036 caetera
825 2981 1109 3054 scriptum
1142 2985 1252 3046 est,
1284 2982 1501 3052 Respice
1549 2980 1614 3036 de
1642 2983 1794 3049 caelo,
1827 2986 1878 3038 et
1909 2983 2047 3051 vide,

399 3078 451 3126 et
478 3071 644 3125 visita
674 3072 892 3125 vineam
924 3073 1083 3125 istam
1112 3087 1130 3125 :
1162 3078 1217 3125 et
1241 3070 1443 3141 perﬁce
1472 3086 1595 3125 eam
1635 3087 1801 3142 quam
1828 3073 2048 3141 planta-

398 3160 477 3214 vit
506 3158 730 3215 dextera
757 3162 892 3227 tua;
923 3162 973 3213 et
1004 3174 1168 3230 super
1199 3160 1409 3215 Filium
1441 3160 1701 3230 hominis,
1734 3177 1895 3231 quem
1924 3178 2049 3217 con-

395 3248 635 3319 ﬁrmasti
666 3248 786 3303 tibi.
840 3250 971 3320 Ipsa
1000 3253 1090 3304 est
1119 3248 1275 3302 enim
1323 3248 1490 3303 vinea
1520 3250 1590 3304 de
1638 3266 1753 3321 qua
1784 3250 2000 3306 dicitur
2032 3269 2046 3308 :

400 3338 622 3393 Vineam
649 3354 719 3393 ea:
747 3340 986 3408 (Egypto
1025 3338 1383 3393 transtulisti.
1434 3338 1560 3393 Non
1593 3339 1748 3393 enim
1782 3339 2048 3396 Christus

392 3425 567 3481 aliam
600 3425 918 3498 plantavit;
979 3427 1078 3481 sed
1130 3426 1341 3497 ipsam,
1390 3425 1694 3494 veniendo,
1728 3426 1786 3481 in
1837 3427 2048 3486 melius

394 3515 797 3570 commutavit.
847 3514 940 3570 Sic
994 3519 1050 3570 et
1101 3515 1160 3571 in
1210 3514 1519 3587 Evangelio
1569 3515 1782 3587 legitur
1824 3532 1838 3572 :
1880 3518 2046 3575 Malos

392 3604 536 3659 male
562 3604 771 3675 perdet,
802 3606 852 3659 et
882 3606 1099 3660 vineam
1144 3622 1302 3660 suam
1354 3604 1560 3660 locabit
1606 3606 1737 3660 aliis
1787 3609 2047 3675 agricolis

393 3692 604 3760 (Matth.
632 3710 750 3759 xxi,
788 3694 898 3762 41).
932 3694 1056 3748 Non
1108 3693 1263 3748 enim
1295 3692 1395 3759 ait,
1446 3694 1800 3763 Eredicabit,
1834 3696 2041 3752 aliam-

393 3797 508 3853 que
538 3779 862 3852 plantabit;
897 3782 1019 3851 sed,
1045 3782 1247 3836 eadem
1272 3781 1461 3851 ipsam
1490 3782 1706 3838 locabit
1727 3783 1857 3839 aliis
1888 3786 2041 3857 agri-

391 3868 555 3925 colis.
592 3870 805 3925 Eadem
838 3888 1091 3942 namque
1114 3876 1202 3925 est
1228 3875 1570 3926 sanctorum
1600 3872 1875 3929 societate
1907 3874 2043 3930 civi-

387 3962 480 4014 tas
512 3959 610 4015 Dei
644 3964 699 4015 et
730 3960 1102 4032 congregatio
1133 3958 1395 4015 ﬁliorum
1426 3961 1853 4031 promissionis,
1889 3981 2043 4020 mor-

385 4046 590 4103 talium
621 4049 959 4104 decessione
990 4066 1058 4104 ac
1078 4048 1455 4105 successione
1481 4049 1848 4121 complenda,
1869 4057 2042 4124 atque

385 4134 445 4191 in
476 4136 590 4192 ﬁne
623 4138 821 4192 seaculi
854 4138 914 4192 in
946 4137 1221 4193 omnibus
1250 4138 1757 4195 immortalitatem
1785 4142 2041 4199 debitam

385 4230 690 4297 receptura
722 4242 734 4280 :
770 4243 897 4297 quin
934 4226 1047 4281 alio
1092 4226 1262 4282 modo
1292 4226 1352 4282 in
1401 4227 1515 4283 alio
1547 4228 1773 4301 psalmo
1805 4248 1907 4302 per
1936 4232 2041 4287 oli-

383 4328 513 4367 vam
543 4313 905 4369 fructiferam
960 4314 1351 4386 signiﬁcatur,
1386 4318 1443 4369 et
1492 4314 1655 4383 dicit,
1708 4318 1818 4385 Ego
1860 4323 2043 4375 autem

383 4402 521 4457 sicut
549 4401 694 4457 oliva
720 4404 1017 4473 fructifera
1047 4404 1104 4457 in
1136 4402 1291 4457 domo
1330 4403 1447 4473 Dei,
1488 4404 1707 4471 speravi
1735 4406 1794 4459 in
1826 4408 2041 4464 miseri-

384 4490 575 4545 cordia
603 4491 707 4545 Dei
737 4493 795 4545 in
821 4497 1109 4558 aeternum,
1140 4493 1207 4546 Et
1240 4492 1298 4545 in
1345 4492 1611 4548 saeculum
1647 4496 1838 4550 saeculi
1868 4497 2034 4567 (Psal.

388 4595 460 4644 ω,
495 4580 604 4649 10).
641 4580 837 4652 Neque
866 4581 1003 4652 quia
1033 4580 1196 4635 fracti
1233 4584 1374 4635 sunt
1403 4580 1669 4637 inﬁdeles
1691 4588 1747 4639 et
1778 4586 2034 4657 superbi,

388 4684 452 4723 ac
484 4685 586 4739 per
619 4669 724 4724 hoc
766 4669 1114 4725 infructuosi
1148 4669 1316 4735 rami,
1352 4674 1417 4725 ut
1466 4669 1822 4728 insereretur
1851 4674 2035 4733 oleas-

387 4760 475 4812 ter
503 4756 798 4825 Gentium,
834 4758 962 4813 ideo
994 4757 1180 4829 perire
1232 4759 1421 4829 potuit
1453 4759 1616 4814 radix
1664 4762 2035 4820 Patriarcha-

388 4861 518 4900 rum
552 4850 606 4900 et
636 4847 1076 4918 Prophetarum.
1103 4848 1253 4919 Quia
1284 4847 1388 4904 etsi
1413 4848 2031 4922 fuerit,inquitlsaias,

383 4950 647 4989 numerus
674 4936 917 5004 ﬁliorum
946 4936 1115 4991 Israel
1145 4938 1284 4992 sicut
1326 4952 1500 4992 arena
1545 4941 1750 5005 maris,
1782 4942 2036 5013 reliquiae

381 5022 549 5080 salvae
578 5024 711 5094 ﬁent
740 5026 895 5091 (Isai.
930 5041 986 5094 κ,
1033 5026 1125 5097 22)
1160 5041 1173 5079 :
1208 5025 1307 5081 sed
1343 5041 1445 5097 per
1469 5042 1602 5081 eum
1634 5028 1704 5083 de
1744 5045 1860 5100 quo
1892 5031 2035 5087 dici-

382 5114 500 5179 tur,
530 5121 581 5168 et
610 5129 775 5184 super
802 5114 1009 5169 Filium
1042 5115 1304 5181 hominis,
1339 5131 1497 5187 quem
1526 5118 1871 5189 conﬁrmasti
1897 5121 2031 5184 tibi;

380 5204 438 5255 et
469 5202 537 5255 de
570 5218 682 5271 quo
732 5203 1032 5274 repetitur,
1065 5205 1184 5259 Fiat
1234 5220 1431 5260 manus
1478 5213 1586 5261 tua
1633 5223 1797 5277 super
1843 5212 2032 5266 virum

377 5288 619 5345 dexterae
650 5298 776 5353 tuae,
808 5296 863 5346 et
902 5307 1069 5362 super
1097 5294 1302 5348 Filium
1334 5293 1595 5361 hominis,
1641 5312 1799 5367 quem
1828 5300 2027 5369 conﬁr-

376 5380 542 5433 masti
565 5379 685 5434 tibi.
738 5382 802 5434 Et
836 5396 942 5435 non
976 5382 1304 5437 discedimus
1333 5399 1367 5437 a
1397 5386 1466 5437 te.
1503 5388 1603 5440 Per
1648 5384 1801 5441 hunc
1838 5385 2028 5445 ﬁlium

380 5466 659 5535 hominis,
695 5469 749 5523 id
797 5475 884 5525 est
916 5470 1211 5525 Christum
1262 5475 1486 5538 Jesum,
1519 5478 1577 5527 et
1626 5474 1697 5528 de
1728 5475 1848 5531 suis
1900 5476 2028 5531 reli-

383 5556 538 5628 quis,
572 5556 682 5612 hoc
714 5562 800 5613 est
829 5560 1140 5631 Apostolis,
1172 5565 1229 5616 et
1278 5559 1410 5617 aliis
1442 5560 1664 5633 multis,
1697 5563 1794 5633 qui
1843 5580 1911 5620 ex
1941 5565 2024 5623 Is-

445 5666 463 5697 ί
496 5662 648 5733 Editi,
680 5664 949 5733 aduersum
978 5666 1139 5715 Israel
1162 5666 1549 5731 Corrigendum
1579 5669 1919 5733 arbitramur,
1951 5671 2026 5721 ad

379 5737 555 5773 verum
584 5725 758 5777 Israel.

442 5788 465 5823 ³
491 5787 646 5851 Editi,
676 5793 725 5839 et
750 5790 1023 5844 civitatem.
1052 5792 1240 5843 Melius
1267 5792 1411 5854 Mem,
1443 5794 1493 5843 et
1519 5792 1767 5848 civitates.

2154 485 2377 543 raelitis
2406 485 2466 541 in
2498 484 2797 541 Christum
2820 489 3001 541 Deum
3025 482 3042 519 ¹
3075 483 3469 555 crediderunt,
3495 484 3804 542 accedente

2156 574 2517 646 plenitudine
2568 574 2865 642 Gentium,
2899 574 3066 629 vinea
3113 576 3317 629 sancta
3364 570 3666 646 perﬁcitur
3699 591 3712 629 :
3746 579 3802 630 et

2152 662 2213 718 in
2241 663 2561 718 remotione
2590 666 2871 732 veterum,
2903 667 3078 734 atque
3123 661 3488 717 institutione
3518 680 3798 719 novorum

2152 756 2653 809 sacramentorum
2707 750 2915 806 titulus
2945 752 3073 823 ejus
3124 750 3356 822 psalmi,
3391 753 3496 808 Pro
3544 752 3629 808 his
3679 768 3806 826 qua

2156 841 2659 911 commutabantur,
2691 840 2986 912 impletur.

2224 930 2278 982 8.
2313 928 2715 1000 Apertioribus
2745 928 2941 999 itaque
2972 928 3324 984 testimoniis
3354 945 3489 984 cum
3518 930 3602 985 eis
3636 947 3809 1003 agen-

2154 1018 2293 1072 dum
2328 1024 2437 1084 est,
2463 1033 2589 1089 quae
2621 1018 2742 1073 sive
2764 1019 3153 1089 consentiant,
3178 1020 3295 1073 sive
3326 1018 3697 1089 dissentiant,
3719 1026 3807 1076 ta-

2156 1124 2290 1162 men
2342 1108 2617 1178 sentiant,
2646 1109 2780 1162 Ecce
2825 1108 2940 1162 dies
2984 1110 3229 1174 veniunt,
3262 1108 3392 1163 dicit
3440 1109 3722 1175 Dominus,
3752 1114 3809 1165 et

2154 1195 2488 1268 conﬁrmabo
2518 1213 2680 1268 super
2707 1196 2925 1251 domum
2952 1198 3113 1253 Iacob
3147 1201 3533 1252 testamentum
3579 1215 3808 1270 novum,

2154 1302 2264 1341 non
2295 1285 2590 1340 secundum
2636 1290 3021 1341 testamentum
3068 1288 3219 1359 quod
3265 1288 3526 1343 constitui
3553 1290 3809 1358 patribus

2157 1390 2373 1441 eorum,
2406 1374 2495 1431 die
2525 1391 2632 1446 qua
2652 1374 2987 1446 apprehendi
3010 1392 3241 1430 manum
3270 1392 3488 1444 earum,
3516 1380 3575 1431 ut
3606 1377 3805 1434 educe-

2156 1480 2272 1520 rem
2300 1480 2393 1519 eos
2422 1462 2488 1519 de
2514 1470 2678 1519 terra
2706 1464 2931 1535 ngypti
2958 1466 3177 1535 (Jerem.
3227 1481 3379 1531 xxxi,
3412 1466 3502 1531 31,
3532 1466 3645 1537 32).
3687 1468 3811 1524 Ista

2158 1556 2310 1608 certe
2342 1552 2617 1624 praedicta
2638 1554 2910 1620 mutatio,
2938 1570 3051 1609 non
3084 1570 3187 1625 per
3206 1553 3577 1611 Psalmorum
3610 1556 3812 1612 titulos

2158 1640 2631 1713 intelligentibus
2681 1641 2885 1714 paucis
2933 1642 3319 1714 signiﬁcatur,
3353 1644 3452 1699 sed
3499 1644 3813 1701 manifesto

2160 1730 2447 1802 praeconio
2475 1730 2827 1802 prophetica:
2853 1730 3014 1786 vocis
3045 1731 3410 1803 exprimitur.
3444 1734 3650 1804 Aperte
3675 1751 3812 1806 pro-

2160 1819 2408 1874 missum
2443 1826 2533 1875 est
2579 1823 2996 1875 testamentum
3048 1836 3286 1891 novum,
3319 1837 3434 1876 non
3484 1816 3811 1881 secundum

2157 1911 2575 1962 testamentum
2608 1908 2762 1979 quod
2782 1908 2999 1963 factum
3032 1913 3121 1965 est
3143 1910 3213 1964 ad
3240 1909 3545 1981 populum,
3570 1914 3805 1985 quando

2158 1996 2405 2051 eductus
2437 2002 2526 2051 est
2545 1997 2614 2051 de
2644 1997 2906 2069 (Egypto.
2933 1998 3077 2053 Cum
3096 2015 3225 2069 ergo
3260 1998 3318 2053 in
3352 1998 3450 2054 illo
3480 2000 3655 2055 veteri
3677 2006 3792 2058 tes-

2159 2088 2417 2140 tamento
2442 2091 2726 2157 praecepta
2742 2086 2863 2142 sint
2894 2087 3161 2159 ista,qua
3185 2104 3291 2143 nos
3322 2088 3390 2143 ad
3426 2105 3637 2144 novum
3662 2107 3801 2162 per-

2159 2174 2412 2230 tinentes
2442 2174 2748 2231 observare
2780 2192 2892 2231 non
2924 2176 3208 2248 cogimur,
3242 2192 3347 2231 cur
3377 2194 3494 2233 non
3524 2178 3711 2235 Judaei
3737 2198 3801 2237 se

2162 2261 2355 2334 potius
2370 2263 2429 2317 in
2444 2268 2729 2320 vetustate
2744 2281 3174 2337 supervacanea
3189 2267 3545 2323 remansisse
3562 2285 3810 2340 cognos-

2161 2356 2503 2423 cunt,quam
2522 2353 2687 2408 nobis
2704 2370 2849 2409 nova
2867 2354 3157 2426 promissa
3175 2356 3695 2429 tenentibus,quod
3712 2376 3811 2414 ve-

2160 2442 2411 2495 teranon
2444 2440 3464 2513 observemus,objiciunt?Quoniam
3489 2447 3814 2518 ergo,sicut

2162 2528 2447 2600 scriptum
2478 2534 2567 2585 est
2597 2531 2657 2584 in
2689 2532 2926 2586 Cantico
2958 2532 3339 2599 canticorum,
3363 2534 3639 2606 Aspiravit
3671 2537 3813 2605 dies,

2162 2627 2547 2674 removeantur
2578 2620 2791 2676 umbrae
2820 2619 3002 2691 (Cant.
3031 2637 3092 2689 ιι,
3117 2622 3205 2693 l7)
3231 2639 3244 2689 ;
3279 2622 3603 2693 spiritualis
3630 2624 3815 2697 signi-

2162 2706 2356 2762 ﬁcatio
2380 2708 2506 2778 jam
2539 2706 2818 2777 lucescat,
2843 2709 3094 2765 carnalis
3125 2709 3437 2767 celebratio
3454 2712 3577 2781 jam
3611 2714 3811 2785 quies-

2160 2798 2272 2849 cat.
2325 2795 2465 2850 Deus
2506 2794 2731 2851 deorum
2777 2798 3042 2853 Dominus
3095 2799 3305 2853 locutus
3352 2803 3451 2867 est,
3500 2804 3549 2856 et
3601 2804 3812 2858 vocavit

2159 2887 2366 2941 terram
2395 2904 2427 2939 a
2458 2886 2590 2941 solis
2634 2890 2758 2942 ortu
2788 2904 2958 2959 usque
2983 2888 3061 2943 ad
3100 2904 3350 2944 occasum
3380 2907 3399 2945 :
3432 2890 3633 2962 utique
3677 2909 3813 2948 om-

2163 2990 2296 3029 nem
2326 2979 2541 3031 terram
2573 2975 2643 3029 ad
2669 2980 3087 3032 testamentum
3122 2995 3353 3046 novum,
3381 2978 3471 3034 cui
3506 2979 3720 3035 dicitur
3747 2981 3811 3036 in

2159 3062 2274 3118 alio
2302 3062 2553 3135 psalmo,
2588 3065 2811 3121 Cantate
2836 3066 3063 3121 Domino
3091 3070 3371 3122 canticum
3400 3085 3600 3123 novum
3620 3086 3642 3131 ,°
3672 3086 3810 3125 can—

2156 3155 2273 3207 tate
2303 3153 2530 3208 Domino
2577 3155 2754 3209 omnis
2784 3160 2960 3210 terra.
2994 3155 3118 3211 Non
3168 3172 3304 3229 ergo
3335 3157 3488 3212 sicut
3539 3163 3710 3214 antea
3740 3176 3813 3216 ex

2160 3246 2356 3296 monte
2388 3242 2529 3297 Sina
2559 3242 2791 3299 locutus
2842 3249 2931 3299 est
2961 3244 3062 3299 uni
3093 3246 3332 3317 populo,
3365 3261 3540 3317 quem
3584 3249 3812 3305 vocavit

2158 3347 2226 3385 ex
2253 3331 2495 3404 [Egypto
2527 3336 2678 3388 Deus
2728 3334 3011 3402 deorum;
3064 3335 3164 3390 sed
3216 3334 3299 3390 sic
3328 3334 3556 3391 locutus
3603 3341 3710 3408 est,
3745 3343 3813 3393 ut

2157 3426 2389 3477 vocaret
2434 3425 2651 3476 terram
2702 3440 2736 3478 a
2783 3423 2925 3478 solis
2969 3429 3100 3479 ortu
3152 3441 3341 3497 usque
3386 3426 3457 3480 ad
3510 3443 3807 3485 occasum.

2157 3510 2340 3574 Quam
2375 3510 2423 3564 si
2463 3510 2703 3566 Judaeus
2736 3511 2908 3568 vellet
2937 3511 3263 3584 intelligere
3294 3512 3670 3586 locutionem,
3703 3533 3809 3571 au-

2155 3597 2307 3653 diret
2337 3597 2488 3654 hanc
2538 3601 2921 3666 vocationem,
2953 3606 3009 3657 et
3052 3602 3110 3657 in
3159 3602 3243 3657 eis
3276 3608 3433 3659 esset
3482 3605 3699 3675 quibus
3747 3606 3806 3662 in

2153 3688 2356 3743 eodem
2389 3688 2616 3759 psalmo
2648 3690 2884 3758 dicitur,
2906 3690 3068 3756 Audi,
3092 3692 3321 3763 populus
3348 3709 3521 3759 meus,
3543 3703 3594 3749 et
3614 3696 3810 3767 loquar

2153 3775 2278 3845 tibi,
2310 3777 2500 3847 Israel,
2533 3782 2583 3832 et
2627 3778 2959 3849 testiﬁcabor
2987 3779 3095 3835 tibi
3125 3796 3138 3835 :
3170 3782 3331 3849 Deus,
3366 3781 3506 3838 Deus
3553 3786 3679 3839 tuus
3708 3801 3805 3854 ego

2150 3881 2294 3920 sum.
2328 3866 2444 3920 Non
2473 3883 2641 3935 super
2662 3868 2935 3939 sacriﬁcia
2963 3877 3058 3924 tua
3088 3886 3323 3941 arguam
3353 3878 3443 3938 te;
3492 3873 3806 3930 holocausta

2151 3958 2334 4008 autem
2363 3964 2460 4010 tua
2490 3958 2551 4010 in
2579 3966 2863 4027 conspectu
2889 3974 3006 4013 meo
3035 3974 3264 4029 semper.
3297 3960 3413 4015 Non
3438 3963 3711 4033 accipiam
3740 3962 3807 4020 de

2151 4042 2309 4098 domo
2339 4053 2434 4099 tua
2464 4046 2685 4117 vitulos,
2713 4063 2883 4117 neque
2905 4046 2969 4102 de
2997 4048 3250 4119 gregibus
3270 4050 3380 4103 tuis
3410 4050 3587 4105 hircos
3616 4070 3634 4107 :
3666 4068 3807 4122 quo-

2150 4134 2305 4187 niam
2332 4149 2474 4190 mea?
2501 4143 2629 4190 sunt
2657 4151 2843 4191 omnes
2890 4125 3075 4191 bestiae
3103 4138 3280 4205 silvae,
3305 4154 3506 4209 pecora
3556 4140 3616 4194 in
3646 4157 3807 4195 mon-

2150 4221 2297 4276 tibus
2326 4225 2379 4277 et
2411 4222 2601 4286 boves;
2632 4225 2856 4293 cognovi
2884 4227 3072 4280 omnia
3120 4226 3379 4283 volatilia
3409 4228 3551 4294 caeli,
3584 4237 3634 4284 et
3681 4245 3804 4301 spe-

2147 4312 2254 4366 cies
2283 4314 2411 4383 agri
2452 4328 2664 4368 mecum
2711 4317 2807 4369 est.
2862 4313 2923 4369 Si
2965 4317 3233 4382 esuriero,
3282 4333 3391 4371 non.
3421 4317 3600 4372 dicam
3646 4318 3751 4373 tibi
3783 4338 3804 4377 :

2146 4415 2300 4456 meus
2334 4408 2412 4457 est
2438 4403 2587 4457 enim
2615 4402 2760 4458 orbis
2783 4412 2939 4459 terrae
2959 4412 3010 4459 et
3037 4405 3320 4475 plenitudo
3352 4407 3492 4477 ejus.
3526 4408 3807 4479 Numquid

2146 4490 2488 4546 manducabo
2519 4508 2709 4547 carnes
2753 4497 3065 4559 taurorum,
3098 4498 3195 4549 aut
3244 4497 3571 4564 sanguinem
3619 4496 3805 4554 hirco-

2145 4595 2273 4633 rum
2298 4581 2503 4650 potabo
2526 4584 2551 4633 .’
2578 4582 2806 4637 Immola
2834 4583 2933 4638 Deo
2963 4584 3300 4654 sacriﬁcium
3322 4583 3524 4651 laudis,
3547 4593 3600 4641 et
3629 4586 3804 4647 redde

2146 4668 2425 4723 Altissimo
2450 4686 2633 4741 preces
2663 4676 2789 4725 tuas
2810 4671 2851 4726 ³.
2900 4673 2967 4726 Et
2999 4673 3191 4727 invoca
3219 4690 3307 4729 me
3335 4675 3396 4729 in
3437 4675 3529 4729 die
3558 4676 3801 4733 tribula-

2143 4758 2330 4826 tionis,
2360 4768 2411 4813 et
2452 4774 2652 4814 eruam
2680 4768 2753 4827 te,
2787 4768 2837 4815 et
2883 4761 3219 4831 gloriﬁcabis
3247 4780 3349 4818 me.
3407 4763 3571 4819 Certe
3617 4770 3673 4821 et
3704 4765 3802 4823 hic

2142 4846 2566 4902 sacriﬁciorum
2632 4854 2894 4904 veterum
2958 4856 3158 4921 aperta
3218 4852 3464 4907 mutatio
3522 4861 3628 4909 est.
3690 4854 3803 4913 Illa

2142 4936 2299 4991 enim
2330 4936 2486 4992 Deus
2520 4942 2895 5009 accepturum
2939 4956 3000 4995 se
3034 4956 3148 4994 non
3181 4940 3301 4996 fore
3352 4942 3637 5013 praedixit,
3671 4943 3799 4999 cul-

2140 5024 2368 5079 toribus
2399 5025 2524 5080 suis
2560 5026 2913 5083 sacrificium
2946 5026 3137 5084 laudis
3168 5029 3379 5084 indixit
3410 5049 3429 5085 :
3458 5030 3646 5087 ethoc
3679 5049 3799 5089 non

2141 5116 2295 5184 quod
2338 5131 2371 5169 a
2402 5114 2569 5170 nobis
2619 5120 2901 5188 tanquam
2936 5116 3204 5189 indigens
3256 5123 3485 5191 expetat
3534 5119 3798 5195 laudem,

2141 5203 2242 5258 sed
2300 5209 2363 5257 ut
2413 5204 2469 5257 in
2531 5220 2598 5259 ea
2655 5206 2824 5261 nobis
2877 5206 3145 5262 consulat
3199 5209 3269 5263 ad
3323 5208 3594 5265 salutem.
3644 5209 3797 5267 Nam

2139 5292 2409 5347 eumdem
2488 5291 2783 5364 psalmum
2864 5295 2946 5350 ita
3018 5296 3311 5352 conclusit
3372 5313 3384 5353 :
3448 5297 3801 5371 Sacriﬁcium

2204 5424 2403 5483 ‘Editi,
2432 5424 2485 5473 in
2529 5424 2786 5475 Christum
2836 5426 3131 5486 Dominum,
3186 5433 3339 5479 vetus
3388 5431 3553 5480 codex
3602 5431 3795 5481 Cister—

2136 5487 2342 5557 ciensis,
2407 5490 2467 5557 in
2518 5487 2778 5538 Christum
2837 5489 3063 5539 Domini.
3104 5491 3207 5541 Alii
3259 5493 3500 5557 plerique
3544 5494 3689 5554 Mss.,
3739 5496 3795 5546 in

2138 5549 2395 5597 Christum
2425 5550 2610 5598 Deum.

2196 5615 2215 5647 ³
2247 5613 2521 5662 Habebunt
2549 5613 2695 5670 editi,
2720 5614 2835 5661 vota
2865 5615 2973 5663 tua.
2997 5612 3099 5664 Sed
3127 5620 3335 5666 veteres
3366 5618 3578 5668 codices
3598 5631 3790 5670 omnes

2130 5673 2345 5741 habent,
2373 5690 2548 5741 preces
2576 5678 2691 5723 tuas
2718 5690 2737 5723 :
2765 5676 2920 5741 etisic
2966 5677 3296 5741 Augustinus
3332 5682 3459 5741 ipse,
3505 5682 3692 5731 Enarr.
3726 5682 3785 5733 in

2125 5739 2371 5850 fgtfldem
2404 5739 2663 5801 psalmum
2694 5741 2773 5789 49.
2802 5740 2981 5791 Graece
3011 5739 3091 5793 est
3129 5744 3272 5807 apud
3318 5739 3458 5809 LXX,
3489 5746 3570 5799 tas
3592 5744 3785 5797 euchas
