4012 6466
185 400 258 461 6!
1228 396 1382 457 TRA
1392 395 1697 458 CTATUS
1739 391 2157 458 ADVERSUS
2201 395 2553 459 JUDIEOS.
3511 392 3592 453 62

188 534 461 601 dimissa,
476 534 541 587 ut
555 529 720 587 nulla
736 530 892 587 facta
903 528 1265 602 separatione
1279 545 1493 586 mensae
1510 528 1844 596 Dominicis,

189 625 256 681 ad
271 622 487 679 Christi
504 621 859 677 sacriﬁcium
876 619 1259 693 pertinente‘,
1282 620 1390 674 sub
1404 619 1623 674 eisdem
1638 617 1843 673 veteri-

189 714 299 769 bus
334 710 724 767 sacramentis
754 713 950 767 essent
980 708 1231 779 utrique,
1263 711 1320 764 et
1359 706 1399 762 ii
1422 707 1641 763 scilicet
1664 706 1764 779 qui
1785 706 1844 761 in

191 803 315 857 luce
347 798 582 855 Domini
605 799 975 855 ambulantes
991 798 1119 869 ejus
1138 800 1425 869 praecepta
1445 800 1769 866 servarunt,
1792 799 1847 851 et

193 891 232 945 ii
255 890 352 962 qui
381 889 686 959 justitiam
708 891 1053 960 respuentes
1078 886 1151 941 ab
1182 901 1248 941 eo
1270 886 1455 941 deseri
1478 888 1843 940 meruerunt:

196 980 242 1035 si
274 980 394 1034 haec
427 993 565 1049 ergo
597 976 681 1032 sic
711 976 1034 1049 intelligere
1061 974 1255 1041 vultis,
1280 974 1416 1043 quid
1449 973 1843 1041 dicturiestis,

193 1073 247 1123 et
273 1066 570 1139 quomodo
601 1064 777 1120 alium
801 1065 1143 1137 prophetam
1173 1062 1661 1134 intellecturi,qui
1681 1061 1844 1118 vobis

193 1155 428 1212 omnino
466 1154 618 1209 hanc
650 1157 915 1226 amputat
942 1169 1161 1219 vocem,
1184 1156 1348 1208 tanta
1376 1150 1845 1208 manifestatione

192 1245 565 1308 clamantem,
588 1244 709 1299 Non
730 1250 808 1298 est
824 1242 965 1297 mihi
984 1242 1233 1298 voluntas
1244 1243 1302 1296 in
1326 1256 1388 1296 vo
1398 1243 1499 1310 bis,
1513 1240 1647 1295 dicit
1667 1241 1845 1296 Domi-

188 1350 286 1389 nus
303 1342 674 1404 omnipotens,
699 1336 751 1388 et
759 1331 1097 1401 sacriﬁcium
1107 1347 1216 1386 non
1226 1332 1497 1402 accipiam
1510 1330 1575 1385 de
1587 1330 1843 1385 manibus

194 1424 405 1479 vestris.
440 1425 592 1495 Quia
609 1421 677 1476 ab
699 1423 909 1477 oriente
928 1422 1039 1476 sole
1052 1436 1220 1491 usque
1241 1421 1299 1475 in
1311 1419 1841 1475 occidentemnomen

190 1528 369 1566 meum
384 1512 609 1566 clarum
624 1513 832 1581 factum
848 1514 929 1566 est
945 1512 1002 1564 in
1014 1510 1291 1581 gentibus;
1303 1513 1352 1564 et
1371 1511 1433 1564 in
1454 1509 1604 1565 omni
1622 1509 1732 1563 loco
1749 1524 1841 1563 sa-

194 1601 460 1670 criﬁcium
493 1599 735 1674 offertur
770 1601 983 1655 nomini
1011 1615 1147 1667 meo,
1172 1599 1510 1669 sacriﬁcium
1537 1597 1840 1654 mundum:

198 1689 453 1760 quoniam
471 1705 744 1758 magnum
755 1704 946 1743 nomen
969 1704 1152 1743 meum
1167 1689 1226 1742 in
1237 1687 1503 1758 gentibus,
1518 1686 1835 1741 dicitDomi-

196 1794 294 1832 nus
324 1778 670 1849 omnipotens
700 1776 960 1847 (Malach.
984 1794 1022 1840 1,
1049 1778 1134 1842 10,
1157 1776 1265 1848 ll.)
1288 1777 1412 1842 Qua
1440 1775 1673 1831 tandem
1705 1790 1840 1831 voce

198 1870 367 1921 tanta
386 1882 587 1921 rerum
604 1866 899 1921 evidentiae
917 1864 1288 1921 reclamatis?
1301 1865 1447 1931 Quid
1468 1881 1569 1920 vos
1584 1863 1839 1936 amplius

196 1954 363 2010 nimis
377 1954 757 2026 impudenter
768 1953 1137 2021 extollitis,ut
1149 1954 1408 2026 graviore
1422 1953 1590 2009 ruina
1603 1953 1839 2009 misera-

195 2042 365 2098 bilius
398 2044 654 2114 pereatis
672 2043 699 2097 ?
721 2045 837 2098 Non
856 2048 935 2099 est
964 2043 1110 2098 mihi
1130 2045 1379 2099 voluntas
1404 2044 1465 2097 in
1488 2044 1657 2107 vobis,
1679 2042 1836 2107 dicit,

194 2149 303 2187 non
335 2131 713 2203 quicumque,
739 2133 837 2187 sed
869 2134 1129 2188 Dominus
1150 2134 1507 2204 omnipotens.
1541 2132 1687 2195 Quid
1710 2136 1835 2187 tan-

193 2224 308 2276 tum
339 2221 408 2275 de
440 2220 687 2276 Abrahae
723 2222 940 2276 semine
972 2220 1326 2294 gloriamini,
1356 2222 1455 2293 qui
1480 2220 1835 2293 ubicumque

200 2308 603 2365 auditisJacob
618 2315 717 2364 aut
731 2310 1285 2378 Israel,autdomum
1300 2310 1478 2364 Jacob
1492 2309 1578 2365 vel
1595 2310 1833 2365 domum

197 2397 387 2465 Israel,
404 2415 539 2453 cum
564 2398 761 2470 aliqua
776 2398 943 2453 laude
960 2398 1093 2464 dici,
1117 2399 1466 2454 contenditis
1488 2398 1595 2453 hoc
1613 2414 1725 2453 non
1740 2415 1837 2470 po-

199 2487 373 2542 tuisse
397 2488 537 2557 dici,
564 2488 679 2542 nisi
700 2489 771 2543 de
791 2488 1139 2543 vobisPcum
1163 2487 1447 2543 Dominus
1460 2488 1835 2560 omnipotens

202 2576 365 2642 dicat,
382 2581 503 2633 Non
516 2580 598 2632 est
617 2578 759 2631 mihi
778 2579 1028 2632 voluntas
1042 2579 1102 2631 in
1118 2579 1285 2644 vobis,
1311 2580 1363 2632 et
1381 2578 1836 2646 sacriﬁciumnon

199 2668 460 2736 accipiam
479 2665 548 2719 de
567 2666 823 2720 manibus
833 2666 1039 2721 vestris.
1067 2664 1230 2721 Certe
1252 2664 1346 2720 bic
1366 2681 1578 2738 negare
1600 2682 1713 2720 non
1742 2683 1837 2737 po-

202 2755 377 2825 testis,
403 2771 521 2809 non
548 2753 739 2810 solum
759 2753 925 2809 illum
947 2771 1062 2809 non
1091 2754 1352 2827 accipere
1374 2754 1726 2810 sacriﬁcium
1762 2756 1834 2811 de

204 2842 467 2897 manibus
497 2843 841 2913 vestris,sed
866 2860 971 2898 nec
993 2859 1094 2898 vos
1114 2842 1197 2897 illi
1220 2842 1424 2898 otl‘erre
1446 2842 1718 2898 manibus
1740 2859 1832 2898 ve-

199 2931 315 2987 tris.
331 2933 519 2988 Locus
530 2934 689 2987 enim
704 2949 857 2987 unus
870 2931 1091 3004 estlege
1105 2932 1334 2987 Domini
1348 2931 1718 2999 constitutus,
1734 2932 1833 2988 ubi

205 3021 469 3076 manibus
500 3020 710 3076 vestris
732 3020 1015 3076 sacriﬁcia
1026 3021 1649 3093 jussitoﬁ‘erri,praeter
1660 3038 1833 3092 quem

200 3108 381 3164 locum
404 3110 646 3165 omnino
669 3109 988 3181 prohibuit.
1005 3110 1168 3164 Hunc
1190 3126 1325 3182 ergo
1345 3108 1535 3165 locum
1556 3111 1834 3182 quoniam

200 3215 297 3269 pro
317 3198 525 3254 vestris
543 3199 769 3254 meritis
784 3198 1089 3266 amisistis,
1105 3198 1277 3253 etiam
1298 3199 1648 3255 sacrificium
1684 3200 1837 3270 quod

203 3286 276 3342 ibi
298 3292 524 3342 tantum
572 3286 786 3342 licebat
814 3287 1028 3353 offerri,
1064 3288 1124 3342 in
1167 3286 1309 3343 locis
1330 3288 1532 3343 offerre
1552 3288 1683 3344 aliis
1722 3305 1838 3344 non

204 3376 445 3431 audetis.
464 3377 609 3432 Ecce
622 3376 857 3431 omnino
873 3375 1179 3447 impletum
1194 3377 1447 3447 estquod
1463 3376 1543 3432 ait
1556 3377 1841 3448 Propheta

211 3469 269 3520 Et
287 3466 622 3534 sacriﬁcium
640 3480 745 3519 non
765 3466 1039 3537 accipiam
1057 3464 1121 3521 de
1140 3465 1397 3521 manibus
1416 3466 1776 3522 vestris.Nam
1791 3466 1840 3521 si

208 3553 261 3607 in
291 3557 520 3609 terrena
556 3552 885 3609 Jerusalem
914 3558 1174 3609 maneret
1193 3554 1355 3609 vobis
1376 3554 1658 3627 templum
1682 3558 1738 3610 et
1758 3553 1841 3610 al-

210 3646 344 3709 tare,
368 3642 622 3715 possetis
636 3642 826 3697 dicere
846 3642 907 3697 in
926 3643 1008 3699 eis
1032 3643 1139 3699 hoc
1161 3659 1290 3699 esse
1311 3642 1839 3717 completum,quo-

210 3747 331 3785 rum
347 3731 682 3803 iniquorum
696 3730 846 3787 inter
856 3748 957 3787 vos
970 3732 1416 3787 constitutorum
1433 3732 1719 3789 sacriﬁcia
1737 3735 1841 3789 Do-

210 3819 398 3875 minus
429 3837 544 3875 non
575 3825 864 3892 acceptat;
888 3820 1135 3876 aliorum
1153 3837 1285 3875 vero
1308 3838 1375 3877 ex
1400 3822 1563 3877 vobis
1584 3824 1761 3893 atque
1784 3822 1842 3878 in

208 3908 359 3963 vobis
383 3912 684 3980 acceptare
706 3909 1011 3980 sacriﬁcia,
1048 3909 1145 3979 qui
1172 3909 1266 3965 Dei
1318 3914 1603 3982 praecepta
1652 3916 1843 3967 custo-

209 3996 300 4050 diu
313 4002 387 4051 at.
421 3996 538 4052 Hoc
563 4014 676 4052 non
700 4002 790 4053 est
811 4014 914 4053 cur
936 3998 1369 4071 possitdici,ubi
1390 3998 1586 4054 nullus
1607 3999 1844 4056 omnino

212 4090 459 4141 vestrum
494 4091 606 4153 est,
645 4087 745 4158 qui
778 4088 1098 4142 secundum
1139 4088 1370 4159 Legem,
1397 4105 1524 4160 quis
1547 4089 1617 4144 de
1650 4094 1846 4145 monte

209 4172 338 4228 Sina
355 4175 938 4245 processit,manibus
962 4176 1085 4231 suis
1108 4176 1457 4232 sacriﬁcium
1477 4177 1662 4249 possit
1683 4177 1845 4233 oﬂ‘er-

212 4278 285 4316 re.
306 4263 498 4334 Neque
517 4262 722 4320 hocita
742 4265 1081 4336 praedictum
1104 4270 1161 4319 et
1184 4264 1492 4337 impletum
1525 4271 1631 4334 est,
1658 4271 1720 4321 ut
1743 4283 1845 4323 vos

213 4350 540 4422 prophetica
584 4353 874 4408 sententia
921 4355 1269 4424 respondere
1320 4355 1641 4426 permittat,
1700 4355 1845 4420 Quia

215 4440 477 4496 manibus
519 4457 635 4496 non
671 4442 970 4498 offerimus
1023 4460 1275 4514 carnem,
1311 4444 1411 4499 sed
1453 4444 1624 4499 corde
1662 4448 1718 4500 et
1748 4461 1844 4501 ore

213 4528 497 4585 offerimus
524 4529 782 4602 laudem,
816 4533 1141 4587 secundum
1167 4531 1312 4587 illud
1343 4532 1401 4586 in
1428 4532 1697 4588 Psalmo:
1734 4534 1840 4588 Im-

211 4618 347 4673 mola
374 4619 477 4674 Deo
506 4620 841 4689 sacriﬁcium
876 4619 1062 4676 laudis
1105 4622 1276 4693 (Psal.
1303 4637 1450 4691 χιιι,
1485 4621 1594 4680 14).
1654 4620 1841 4677 Etiam

213 4704 336 4760 hinc
366 4707 714 4764 contradicit
737 4708 922 4777 vobis,
946 4709 1045 4782 qui
1064 4710 1224 4782 dicit,
1247 4711 1365 4766 Non
1392 4719 1467 4767 est
1496 4710 1638 4766 mihi
1655 4712 1842 4766 volun-

212 4800 285 4849 tas
312 4795 367 4850 in
396 4796 564 4853 vobis.

276 4884 354 4938 13.
379 4885 597 4942 Deinde
626 4901 697 4942 ne
720 4886 1087 4959 existimetis,
1116 4904 1231 4943 non
1258 4887 1634 4945 offerentibus
1654 4889 1837 4957 vobis,

212 4987 307 5027 nec
335 4972 431 5029 illo
463 4974 779 5047 accipiente
809 4976 878 5032 de
910 4975 1181 5032 manibus
1204 4978 1430 5045 vestris,
1464 4982 1577 5034 Deo
1616 4977 1837 5034 sacriﬁ-

214 5060 354 5117 cium
388 5080 496 5118 non
521 5063 748 5133 offerri;
772 5082 888 5137 quo
910 5066 1147 5137 quidem
1172 5066 1270 5122 ille
1300 5084 1413 5123 non
1436 5072 1582 5140 eget,
1618 5068 1718 5140 qui
1736 5068 1838 5124 bo-

215 5166 407 5207 norum
428 5158 763 5209 nostrorum
795 5154 1015 5211 nullius
1040 5154 1261 5228 indiget
1283 5172 1296 5211 :
1321 5160 1517 5212 tamen
1553 5156 1692 5229 quia
1713 5157 1837 5212 sine

213 5240 480 5296 sacriﬁcio
510 5258 625 5297 non
656 5248 762 5311 est,
796 5246 949 5317 quod
976 5261 1088 5300 non
1113 5243 1218 5313 illi,
1242 5246 1343 5301 sed
1366 5245 1534 5301 nobis
1566 5243 1708 5301 utile
1728 5246 1834 5317 est,

214 5329 463 5402 adjungit
482 5330 712 5396 etdicit,
729 5332 876 5401 Quia
888 5334 955 5389 ab
986 5334 1319 5391 orientesole
1330 5352 1493 5406 usque
1504 5337 1563 5389 in
1584 5334 1835 5392 occiden-

213 5420 311 5471 tem
336 5434 529 5473 nomen
558 5435 743 5475 meum
762 5423 974 5478 clarum
1000 5425 1299 5494 estfactum
1329 5426 1387 5479 in
1405 5426 1662 5496 gentibus
1678 5432 1761 5485 ;et
1776 5425 1837 5479 in

214 5509 348 5561 omni
377 5508 485 5562 loco
514 5511 848 5581 sacriﬁcium
864 5514 1095 5585 oﬂertur
1112 5514 1329 5568 nomini
1346 5528 1484 5582 meo,
1502 5512 1837 5582 sacriﬁcium

271 5669 285 5702 ι
313 5669 391 5737 Sic
419 5672 542 5737 Mss.
571 5670 708 5737 Editi
728 5684 855 5737 vero
880 5670 1201 5737 pertinentis.
1223 5672 1375 5722 Forte
1396 5672 1702 5737 legendum,
1719 5686 1832 5737 per-

219 5728 414 5781 tinentes
438 5730 532 5786 sub
558 5734 748 5783 eisdem
776 5728 1045 5794 veteribus,
1080 5738 1180 5784 etc.

1951 528 2251 587 mundum:
2271 544 2412 602 quon
2420 531 2533 585 iam
2543 544 2806 597 magnum
2820 542 3022 584 nomen
3039 542 3222 582 meum
3235 525 3296 581 in
3317 524 3588 598 gentibus,

1953 617 2087 673 dicit
2120 620 2386 674 Dominus
2412 618 2763 689 omnipotens.
2785 617 2931 683 Quid
2954 617 3025 671 ad
3047 616 3167 671 haec
3189 615 3592 687 respondetis‘l

1954 708 2179 779 Aperite
2202 707 2398 763 oculos
2419 708 2658 763 tandem
2684 704 3386 777 aliquando,etvidete,ab
3408 702 3593 759 orien-

1953 799 2011 851 te
2032 798 2155 853 sole
2177 797 2432 869 usquein
2459 796 2838 861 occidentem,
2864 812 2980 849 non
3011 794 3069 849 in
3095 811 3233 861 uno,
3255 792 3408 849 sicut
3427 791 3592 848 vobis

1953 885 2143 942 fuerat
2173 885 2585 953 constitutum,
2616 885 2716 941 sed
2740 884 2799 939 in
2820 883 2978 939 omni
3005 882 3130 938 loco
3154 882 3343 937 offerri
3373 882 3593 937 sacriﬁ-

1956 974 2111 1029 cium
2151 974 2613 1031 Cbristianorum
2642 992 2656 1039 ;
2688 989 2803 1029 non
2836 971 3071 1027 cuilibet
3098 972 3224 1037 deo,
3256 971 3355 1026 sed
3389 970 3441 1025 ei
3490 970 3592 1042 qui

1954 1061 2069 1118 ista
2099 1064 2511 1135 praedixit,Deo
2544 1061 2741 1118 Israel.
2776 1061 2937 1117 Unde
2977 1059 3116 1115 alibi
3158 1059 3297 1115 dicit
3324 1059 3590 1115 Ecclesiae

1952 1168 2071 1208 suis
2096 1168 2108 1206 :
2143 1153 2209 1207 Et
2237 1154 2334 1224 qui
2353 1153 2499 1208 eruit
2524 1155 2593 1207 te.
2628 1153 2745 1219 ipse
2763 1151 2900 1205 Deus
2927 1150 3113 1217 Israel,
3137 1150 3407 1204 universae
3426 1153 3593 1204 terra

1953 1241 2392 1313 vocabitur(lsai.
2410 1258 2520 1312 LIV,
2543 1242 2618 1311 5).
2639 1238 2992 1296 Scrutamini
3015 1239 3368 1309 Scripturas,
3392 1236 3450 1291 in
3467 1237 3592 1308 qui-

1950 1329 2064 1384 bus
2089 1329 2309 1401 putatis
2337 1347 2438 1385 vos
2470 1330 2684 1385 habere
2710 1328 2889 1383 vitam
2911 1330 3186 1383 aeternam
3217 1326 3394 1398 (Ioan.
3417 1325 3588 1397 v,59).

1951 1418 2019 1474 Et
2046 1418 2300 1490 profecto
2332 1418 2643 1488 haberetis,
2663 1418 2712 1473 si
2733 1416 3025 1472 Christum
3050 1416 3107 1470 in
3126 1416 3209 1471 eis
3237 1414 3589 1487 intelligere-

1949 1508 2047 1579 tis,
2081 1512 2137 1564 et
2166 1508 2457 1563 teneretis.
2482 1508 2591 1564 Sed
2624 1504 3070 1579 perscrutamini
3092 1520 3227 1561 eas:
3260 1504 3399 1577 ipsa:
3432 1503 3591 1560 testi-

1950 1598 2213 1653 monium
2236 1596 2544 1668 perhibent
2574 1597 2644 1652 de
2682 1596 2791 1652 hoc
2832 1594 3117 1651 sacriﬁcio
3146 1594 3390 1659 mundo,
3432 1594 3587 1665 quod

1948 1687 2186 1742 offertur
2216 1691 2325 1742 Deo
2350 1684 2554 1753 Israel;
2579 1702 2695 1741 non
2728 1685 2800 1740 ab
2821 1701 2938 1739 una
2966 1686 3134 1755 gente
3162 1687 3373 1748 vestra,
3405 1682 3477 1737 de
3496 1698 3588 1738 cu-

1939 1775 2041 1846 jus
2070 1774 2343 1830 manibus
2376 1789 2490 1828 non
2522 1789 2583 1829 se
2612 1776 2986 1844 accepturum
3026 1770 3326 1842 praedixit;
3376 1770 3476 1824 sed
3514 1770 3586 1826 ab

1946 1863 2221 1921 omnibus
2241 1861 2673 1933 gentibusque;
2688 1860 2909 1925 dicunt,
2928 1857 3497 1925 Venite,ascendamus
3527 1861 3589 1913 in

1944 1955 2185 2009 montem
2205 1952 2423 2007 Domini
2448 1949 2869 2023 (Isai.11,3).Nec
2883 1950 2941 2004 in
2967 1964 3081 2003 uno
3103 1947 3405 2018 loco,sicut
3422 1948 3586 2003 vobis

1946 2044 2298 2114 praeceptum
2331 2044 2454 2095 erat
2479 2040 2537 2094 in
2569 2045 2798 2095 terrena
2820 2035 3178 2094 Jerusalem:
3203 2036 3303 2092 sed
3334 2036 3394 2091 in
3425 2036 3586 2091 omni

1945 2130 2095 2196 loco,
2126 2146 2312 2201 usque
2343 2129 2401 2184 in
2423 2129 2611 2201 ipsam
2649 2127 2972 2184 Jerusalem
2999 2130 3037 2180 ί.
3099 2126 3212 2181 Nec
3259 2125 3584 2180 secundum

1945 2219 2211 2276 ordinem
2240 2226 2451 2288 Aaron,
2486 2218 2584 2275 sed
2627 2217 2947 2273 secundum
2978 2215 3242 2270 ordinem
3274 2212 3584 2269 Melchise-

1945 2309 2069 2365 dec.
2103 2308 2333 2364 Christo
2358 2307 2513 2363 enim
2554 2307 2778 2362 dictum
2819 2309 2929 2375 est,
2963 2308 3021 2360 et
3050 2305 3120 2359 de
3146 2303 3373 2359 Christo
3420 2306 3586 2358 tanto

1944 2402 2079 2453 ante
2109 2398 2449 2468 praedictum
2481 2399 2587 2465 est,
2620 2397 2832 2452 Iuravit
2852 2395 3133 2459 Dominus,
3157 2396 3333 2447 etnon
3348 2394 3583 2462 paenite-

1946 2487 2021 2542 bit
2036 2503 2187 2557 eum,
2219 2487 2294 2541 Tu
2312 2502 2365 2541 es
2383 2485 2630 2541 sacerdos
2655 2486 2719 2540 in
2739 2493 3007 2539 aeternum
3018 2481 3314 2537 secundum
3337 2480 3584 2536 ordinem

1941 2575 2288 2631 Melchisedec
2320 2574 2490 2646 (Psal.
2511 2590 2621 2639 cxx,
2646 2572 2886 2645 4.)Quid
2910 2576 2999 2627 est
3039 2571 3253 2628 Iuravit
3286 2571 3580 2638 Dominus;

1946 2665 2079 2732 nisi,
2090 2706 2104 2731 ,
2132 2665 2481 2719 inconcussa
2495 2662 2733 2717 veritate
2745 2659 3034 2717 ﬁrmavit?
3052 2664 3108 2715 et
3121 2660 3219 2731 qui
3232 2669 3452 2725 est,non
3474 2674 3584 2727 pae-

1939 2754 2139 2810 nitebit
2165 2769 2311 2818 eum,
2337 2751 2596 2819 nisi,hoc
2631 2750 3019 2807 sacerdotium
3044 2747 3204 2804 nulla
3219 2748 3457 2803 omnino
3493 2765 3584 2803 ra-

1940 2844 2130 2899 tiosne
2152 2840 2445 2896 mutabit?
2465 2856 2652 2912 neque
2672 2839 2827 2895 enim
2849 2838 3331 2906 sicuthominem,
3350 2836 3588 2909 paenitet

1942 2931 2129 2988 Deum
2145 2948 2159 2986 :
2175 2932 2271 2986 sed
2288 2930 2387 2985 Dei
2404 2929 2616 2985 dicitur
2627 2926 3257 3001 pcnnitentia,quamvis
3270 2927 3341 2981 ab
3356 2925 3454 2981 illo
3468 2926 3587 2982 ins-

1941 3021 2150 3091 titutas,
2175 3020 2256 3075 rei
2293 3020 2580 3090 cujusque
2616 3017 2884 3085 mutatio,
2926 3033 3053 3088 quae
3086 3016 3429 3071 credebatur
3457 3032 3585 3071 esse

1947 3126 2246 3166 mansura.
2277 3108 2514 3163 Proinde
2534 3124 2664 3162 cum
2691 3106 2848 3173 dicit,
2883 3107 2998 3162 Non
3035 3106 3317 3177 paenitebit
3356 3122 3500 3172 eum,
3522 3106 3594 3160 Tu

1944 3215 2002 3255 es
2014 3197 2260 3254 sacerdos
2277 3199 2333 3252 in
2347 3200 2615 3252 mternum
2625 3197 2926 3251 secundum
2944 3194 3190 3250 ordinem
3203 3193 3564 3251 Melchisedec
3577 3236 3591 3264 ,

1947 3287 2093 3342 satis
2124 3286 2379 3341 ostendit
2401 3300 2533 3340 eum
2559 3284 2921 3356 paenituisse,
2953 3283 3062 3339 hoc
3092 3288 3341 3353 est,eum
3369 3287 3594 3339 mutare

1946 3375 2199 3431 voluisse
2229 3375 2621 3430 sacerdotium
2645 3376 2795 3446 quod
2841 3372 3221 3429 constituerat
3269 3373 3593 3428 secundum

1950 3465 2214 3521 ordinem
2228 3466 2417 3519 Aaron
2436 3482 2449 3531 ;
2465 3462 2700 3518 sicutde
2714 3466 2960 3534 utroque
2980 3461 3248 3517 videmus
3262 3460 3591 3532 impletum.

1950 3553 2094 3610 Nam
2119 3557 2176 3609 et
2194 3555 2384 3609 Aaron
2411 3570 2423 3608 :
2448 3551 2839 3608 sacerdotium
2864 3551 2991 3623 jam
3019 3550 3246 3605 nullum
3277 3554 3364 3605 est
3394 3549 3450 3604 in
3485 3549 3591 3605 ali-

1954 3659 2069 3714 quo
2098 3641 2339 3714 templo,
2364 3645 2421 3696 et
2440 3640 2655 3697 Christi
2674 3640 3061 3696 sacerdotium
3086 3638 3144 3694 in
3164 3644 3447 3694 aeternum
3470 3656 3594 3711 per-

1954 3735 2180 3787 severat
2210 3731 2267 3785 in
2300 3729 2462 3786 cmlo.

2027 3821 2111 3875 14.
2135 3821 2219 3874 Ad
2238 3819 2392 3875 hanc
2413 3835 2548 3891 ergo
2571 3817 2759 3874 lucem
2788 3816 3012 3873 Domini
3035 3820 3198 3872 vocat
3221 3831 3319 3872 vos
3342 3817 3594 3889 Prophe-

1952 3913 2031 3975 ta,
2065 3926 2198 3964 cum
2223 3909 2365 3964 dicit
2393 3910 2456 3963 Et
2478 3892 2621 3963 nunc
2650 3916 2728 3977 tu,
2762 3907 2955 3963 domus
2990 3909 3151 3963 Iacob
3171 3908 3351 3962 venite
3399 3906 3596 3962 ambu-

1954 3998 2126 4054 lemus
2149 4001 2204 4053 in
2231 3999 2349 4053 luce
2370 3998 2607 4053 Domini.
2634 3997 2723 4064 Tu,
2745 3996 2938 4052 domus
2954 3997 3137 4063 Iacob,
3166 4012 3341 4067 quam
3376 3996 3600 4052 vocavit

1953 4092 2012 4143 et
2032 4086 2367 4160 elegitgnon
2392 4087 2484 4157 Tu,
2508 4102 2683 4157 quam
2704 4085 2953 4151 dimisit,
2970 4086 3354 4140 Dimisitenim
3382 4083 3598 4155 plebem

1950 4176 2361 4243 suam,domum
2382 4176 2568 4231 Israel.
2595 4176 2834 4247 (Isai,n,
2860 4174 3013 4247 5,6).
3060 4173 3423 4245 Quicumque
3463 4173 3599 4229 inde

1950 4266 2147 4320 venire
2176 4264 2375 4332 vultis,
2417 4265 2489 4320 ad
2531 4264 2681 4319 hanc
2702 4263 3090 4335 pertinebitis,
3122 4279 3299 4334 quam
3331 4262 3594 4332 vocavit;

1952 4353 2055 4409 illa
2080 4353 2372 4423 carebitns,
2398 4369 2574 4425 quam
2600 4352 2842 4407 dimisit.
2872 4357 2989 4406 Lux
3015 4353 3229 4423 quippe
3260 4351 3512 4417 Domini,
3536 4350 3597 4406 in

1953 4460 2070 4516 qua
2099 4442 2403 4498 ambulant
2424 4445 2645 4514 gentes,
2669 4440 2770 4496 illa
2795 4445 2882 4496 est
2907 4441 2976 4495 de
3000 4458 3116 4513 qua
3137 4441 3290 4495 idem
3314 4440 3598 4513 prepbeta

1952 4532 2110 4599 dicit,
2139 4530 2275 4587 Dedi
2292 4534 2346 4587 te
2363 4533 2422 4587 in
2454 4532 2628 4587 lucem
2654 4531 2926 4602 gentium,
2947 4535 3009 4585 ut
3029 4532 3106 4586 sis
3118 4530 3268 4585 salus
3285 4546 3404 4586 mea
3433 4546 3601 4601 usque

1950 4624 2012 4677 in
2042 4621 2177 4691 ﬁnes
2210 4623 2381 4677 terrae
2401 4620 2499 4691 (Id.
2529 4637 2677 4685 XLIX,
2701 4619 2777 4691 6).
2814 4620 2915 4675 Cui
2964 4619 3074 4675 hoc
3107 4618 3328 4674 dictum
3350 4622 3437 4674 est
3482 4618 3598 4674 nisi

1949 4708 2179 4765 Christo
2202 4709 2230 4764 ‘l
2253 4710 2324 4764 de
2347 4726 2460 4780 quo
2482 4708 2791 4780 impletum
2816 4713 2923 4774 est,
2949 4707 3062 4763 nisi
3088 4708 3157 4764 de
3178 4707 3405 4763 Christo
3427 4706 3455 4761 ‘t
3473 4708 3601 4763 Non

1949 4803 2038 4854 est
2056 4797 2350 4855 istaluxin
2368 4798 2554 4864 vobis,
2573 4798 2642 4853 de
2656 4798 2872 4869 quibus
2891 4797 3208 4853 identidem
3223 4797 3442 4852 dictum
3466 4799 3557 4852 est
3585 4812 3600 4853 :

1949 4886 2105 4942 Dedit
2124 4885 2247 4942 illis
2266 4892 2417 4942 Deus
2432 4887 2689 4957 spiritum
2709 4888 3151 4956 compunctionis
3167 4902 3189 4949 ;
3210 4884 3603 4950 oculos,utn0n

1945 4975 2202 5037 videant;
2231 4980 2281 5031 et
2311 4990 2489 5045 aures,
2510 4983 2570 5030 ut
2597 4990 2703 5030 non
2726 4974 3147 5047 audiant,usque
3196 4976 3253 5029 in
3277 4973 3605 5029 hodiernum

1945 5063 2091 5120 diem
2112 5066 2287 5131 (Rom.
2310 5081 2387 5133 x1,
2412 5065 2487 5136 8).
2514 5064 2639 5119 Non
2663 5069 2772 5131 est,
2800 5063 3061 5135 inquam,
3086 5064 3143 5118 in
3168 5062 3332 5118 vobis
3356 5061 3596 5117 bmclux.

1946 5154 2075 5210 ideo
2100 5153 2281 5208 nimia
2294 5152 2809 5225 caecitatelapidem
2826 5152 3274 5224 reprobatis,qui
3302 5152 3489 5207 factus
3512 5155 3604 5208 est

1946 5245 2006 5301 in
2027 5247 2201 5313 caput
2223 5242 2442 5315 anguli.
2465 5242 2881 5315 Ergo,Accedite
2899 5241 2969 5297 ad
2987 5258 3129 5309 eum,
3152 5249 3202 5298 et
3212 5239 3588 5297 illuminami-

1943 5334 2005 5389 ni
2033 5332 2203 5406 (Psal.
2226 5332 2421 5401 xxxxii,
2443 5332 2519 5403 6).
2553 5331 2696 5395 Quid
2731 5336 2840 5398 est,
2880 5330 3154 5396 Accedite;
3184 5329 3294 5386 nisi
3325 5330 3538 5386 credite
3558 5330 3589 5386 ?

1945 5423 2068 5487 Quo
2086 5420 2240 5476 enim
2263 5421 2431 5485 eatis,
2455 5424 2518 5474 ut
2537 5419 2607 5475 ad
2629 5436 2763 5475 eum
2787 5420 3107 5486 accedatis;
3130 5435 3263 5475 cum
3286 5418 3382 5475 ille
3403 5418 3481 5475 sit
3500 5419 3585 5476 la-

1945 5510 2037 5583 pis
2048 5510 2119 5566 de
2132 5525 2247 5581 quo
2268 5508 2467 5565 Daniel
2490 5508 2771 5582 propheta
2786 5508 2948 5579 dicit,
2965 5509 3118 5580 quod
3136 5508 3448 5565 crescendo
3462 5513 3584 5565 tam

2007 5671 2021 5707 ι
2052 5669 2445 5735 Αριιᾶᾲϐθάᾳω,
2476 5668 2541 5717 ad
2573 5669 2729 5735 Bebr.
2765 5673 2834 5735 _7,
2890 5684 3049 5735 usque
3078 5672 3131 5735 in
3161 5673 3271 5735 ipsa
3290 5670 3579 5723 Ierusalem

1944 5733 2000 5784 id
2028 5731 2125 5795 est,
2156 5733 2316 5782 etiam
2348 5733 2403 5781 in
2432 5733 2548 5795 ipsa
2573 5731 2888 5794 Jerusalem,
2916 5731 2975 5783 iii
3004 5734 3158 5785 cmlo.
