4012 6454
324 387 403 448 63
1194 395 1632 460 ΑΒΜΟΝΙΤΙΟ
1676 400 1756 460 ΙΝ
1801 400 1974 462 OPU!

2086 399 2282 464 JLUM
2326 398 2862 472 SUBSEQUENS.
3655 403 3734 462 64

328 535 580 593 magnus
612 539 780 578 mons
814 525 999 581 factus
1019 526 1116 592 sit,
1137 531 1202 582 ut
1221 529 1502 601 empleret
1532 531 1863 587 universam
1889 533 1972 588 fa-

328 611 476 666 ciem
509 617 672 665 terrm
695 615 852 684 (Dan,
886 633 945 669 II.
981 617 1108 687 35)?
1141 619 1222 672 sic
1245 620 1396 673 enim
1422 627 1476 675 et
1510 628 1711 691 gentes
1744 639 1866 692 qum
1893 624 1975 677 di-

332 702 704 764 cunt.Venite,
729 704 1077 760 ascendamus
1097 708 1154 760 in
1179 713 1411 764 montem
1433 711 1973 784 Domini,nusquam

332 793 615 844 terrarum
640 807 876 861 pergere
898 799 955 847 et
978 797 1271 864 pervenire
1295 800 1676 854 contendunt.
1694 800 1972 867 Ubisunt,

333 877 412 932 ibi
430 880 773 934 ascendunt:
803 881 941 952 quia
964 883 1022 936 in
1047 887 1202 937 omni
1228 884 1352 940 loco
1376 888 1723 942 sacrificium
1741 890 1979 944 offertur

331 969 654 1022 secundum
708 970 971 1024 ordinem
1055 972 1452 1029 Melchisedec.
1509 977 1573 1030 Et
1620 978 1770 1032 sicut
1827 978 1976 1033 alius

328 1056 614 1126 propheta
636 1058 1153 1125 dicit,Exterminat
1181 1063 1320 1117 Deus
1349 1080 1532 1120 omnes
1584 1066 1704 1121 deos
1733 1069 1976 1134 gentium

325 1149 510 1212 terrae,
543 1154 593 1201 et
630 1147 864 1203 adorant
896 1166 1024 1204 eum
1055 1155 1431 1223 unusquisque
1463 1155 1529 1209 de
1558 1156 1673 1210 loco
1703 1172 1798 1211 suo
1848 1158 1973 1227 (So-

321 1236 466 1306 phon
502 1253 560 1301 II,
590 1238 700 1307 11).
735 1237 877 1292 Cum
936 1256 1072 1311 ergo
1126 1242 1288 1296 vobis
1320 1243 1548 1312 dicitur,
1609 1245 1853 1301 Accedite
1908 1245 1977 1300 ad

325 1340 452 1378 eum
482 1342 494 1379 :
531 1342 641 1380 non
674 1327 836 1382 vobis
870 1328 1102 1395 dicitur,
1129 1329 1311 1386 Naves
1334 1336 1431 1386 aut
1452 1333 1722 1402 jumenta
1755 1352 1976 1406 praepa-

327 1417 472 1480 rate,
509 1419 564 1468 et
592 1416 802 1469 vestris
835 1416 1089 1472 victimis
1119 1423 1374 1486 onerate,
1408 1425 1465 1475 et
1493 1422 1563 1476 de
1594 1427 1712 1476 tam
1748 1421 1977 1495 longin-

329 1519 444 1573 quo
477 1503 696 1574 pergite
721 1505 789 1557 ad
813 1504 1004 1559 locum
1029 1506 1128 1560 ubi
1163 1512 1309 1562 Deus
1333 1510 1622 1565 sacrificia
1645 1516 1843 1566 vestra:
1876 1513 1973 1567 de-

327 1591 577 1645 votionis
610 1596 899 1663 acceptet;
935 1595 1058 1661 sed,
1078 1596 1344 1652 Accedite
1367 1599 1438 1652 ad
1468 1615 1603 1653 eum
1634 1601 1734 1671 qui
1763 1601 1822 1655 in
1855 1617 1980 1657 ves-

326 1681 434 1734 tris
464 1679 705 1734 auribus
732 1682 1100 1752 praedicatur,
1136 1687 1390 1741 accedite
1439 1688 1507 1742 ad
1542 1704 1676 1743 eum
1712 1690 1808 1760 qui
1844 1695 1976 1746 ante

326 1767 524 1823 oculos
547 1774 768 1824 vestros
794 1770 1170 1841 gloriﬁcatur.
1201 1775 1569 1832 Ambulando
1603 1794 1715 1832 non
1749 1778 1974 1835 labora-

326 1858 468 1912 bitis
501 1875 513 1912 :
550 1858 628 1912 ibi
660 1859 812 1912 enim
847 1861 1143 1932 acceditis,
1178 1864 1276 1918 ubi
1299 1866 1554 1920 creditis.

395 1946 627 2001 CAPUT
664 1951 730 2000 X.
763 1978 831 1988 —-
871 1950 946 2002 15.
976 1951 1090 2018 Qua
1130 1951 1401 2008 charitate
1452 1956 1731 2011 invitandi
1787 1958 1970 2014 ,Ιαίίίεὶ

334 2035 405 2090 ad
429 2035 616 2106 ﬁdem.
644 2037 792 2106 Haec,
824 2037 1158 2094 charissimi
1186 2045 1227 2109 ¹,
1251 2043 1370 2098 sive
1399 2049 1717 2115 gratanter,
1743 2047 1861 2102 sive
1883 2049 1976 2103 in-

395 2233 412 2267 ι
441 2230 558 2302 Edit
585 2233 778 2302 fratres
816 2233 1121 2302 charissimi.
1171 2237 1332 2286 Abest
1377 2239 1588 2302 fratres,
1643 2255 1675 2290 a
1704 2242 1826 2290 Mss.
1878 2255 1980 2292 nec

336 2295 477 2356 apud
507 2296 857 2358 Augustinum
882 2297 1030 2346 facile
1060 2305 1347 2349 occurrunt
1369 2295 1559 2363 iunctas
1577 2295 1736 2352 simul
1755 2304 1838 2354 his
1859 2305 1981 2355 duae

333 2407 1076 2440 τῖε-...ἶ

2084 534 2395 605 dignanter
2425 532 2888 600 audiantJudaei,
2921 551 3026 589 nos
3051 538 3246 588 tamen
3271 534 3367 588 ubi
3393 551 3736 606 possumus,

2085 640 2218 677 cum
2242 639 2442 678 eorum
2466 623 2772 678 dilectione
2795 624 3315 694 praedicemus.Nec
3341 626 3588 696 superbe
3609 625 3732 697 glo-

2087 714 2308 766 ricmur
2366 712 2642 767 adversus
2692 729 2885 767 ramos
2917 713 3168 768 fractos:
3211 714 3310 768 sed
3345 714 3539 785 potius
3573 714 3729 787 cogi-

2086 805 2278 856 temus
2312 803 2480 871 cujus
2511 800 2722 872 gratia,
2753 806 2808 856 et
2840 807 3063 874 quanta
3112 803 3530 870 misericordia,
3555 809 3610 858 et
3672 805 3731 858 in

2088 907 2204 963 qua
2243 891 2436 945 radice
2469 891 2669 946 inserti
2701 907 2947 957 sumus;
2982 897 3046 945 ut
3105 908 3219 945 non
3271 892 3386 946 alta
3416 892 3734 964 sapientes,

2087 980 2186 1035 sed
2220 978 2545 1034 humilibus
2591 979 3018 1034 consentientes
3049 980 3215 1051 (Beda
3267 997 3359 1035 seu
3414 982 3623 1047 Florus,
3665 982 3737 1036 ad

2087 1069 2342 1132 Bonuxi,
2367 1085 2480 1124 non
2505 1067 2588 1124 eis
2610 1085 2741 1123 cum
2769 1069 3222 1140 praesumptione
3253 1069 3608 1138 insultando,
3634 1072 3735 1126 sed

2087 1175 2218 1213 cum
2235 1162 2482 1213 tremore
2501 1157 2866 1224 exsultando,
2887 1159 3411 1230 dicamus(Psal.1l,
3433 1160 3541 1231 11),
3556 1161 3741 1215 Venite

2086 1247 2430 1302 ambulemus
2452 1248 2509 1302 in
2537 1248 2654 1302 luce
2686 1249 2926 1315 Domini,
2955 1251 3216 1319 quoniam
3237 1266 3498 1320 magnum
3535 1264 3738 1304 nomen

2087 1339 2214 1408 ejus
2247 1338 2306 1392 in
2343 1336 2681 1406 gentibus.Si
2732 1337 2884 1391 enim
2929 1336 3220 1392 audierint
3250 1343 3306 1392 et
3345 1337 3734 1408 obaudierint,

2086 1431 2256 1482 erunt
2286 1427 2438 1481 inter
2460 1442 2558 1481 eos
2577 1425 2792 1496 quibus
2817 1425 3041 1481 dictum
3069 1430 3160 1481 est
3185 1444 3198 1482 :
3229 1427 3476 1482 Accedite
3495 1427 3568 1482 ad
3587 1443 3735 1498 eum,

2087 1523 2138 1570 et
2159 1516 2564 1570 illuminamini
2585 1516 2758 1586 (Rom.
2784 1515 2863 1585 x1)
2883 1519 2962 1581 ;et
2983 1516 3164 1570 vultus
3189 1517 3354 1570 vestri
3373 1531 3484 1571 non
3513 1515 3736 1571 erubes-

2085 1612 2226 1659 cent.
2260 1604 2319 1659 Si
2344 1607 2538 1659 autem
2554 1603 2803 1658 audiunt
2825 1609 2879 1659 et
2910 1621 3024 1659 non
3049 1604 3396 1671 obaudiunt,
3434 1604 3634 1660 vident
3681 1607 3740 1660 et

2087 1693 2367 1760 invident,
2401 1693 2552 1748 inter
2575 1709 2673 1748 eos
2705 1696 2846 1748 sunt
2875 1694 2945 1748 de
2967 1693 3181 1764 quibus
3207 1693 3430 1748 dictum
3458 1701 3548 1749 est
3572 1711 3584 1749 :
3604 1699 3736 1748 Pec-

2085 1789 2236 1836 cator
2261 1781 2481 1848 videbit,
2503 1786 2552 1836 et
2573 1783 2884 1836 irascetur:
2915 1781 3170 1836 dentibus
3189 1784 3302 1837 suis
3331 1781 3566 1852 frendet,
3581 1791 3633 1838 et
3649 1791 3737 1838 ta-

2089 1871 2258 1926 bescet
2277 1871 2570 1942 (Paulam,
2593 1872 2704 1939 10.)
2720 1872 2826 1941 Ego
2847 1871 3200 1936 autem,dicit
3216 1870 3470 1926 Ecclesia
3485 1871 3736 1938 Christo,

2086 1960 2232 2014 velut
2249 1961 2392 2015 oliva
2416 1961 2711 2030 fructifera
2739 1962 2796 2014 in
2815 1960 2968 2015 domo
2993 1961 3242 2027 Domini,
3265 1962 3490 2032 speravi
3504 1961 3563 2015 in
3576 1963 3740 2016 mise-

2088 2051 2332 2104 ricordia
2347 2050 2442 2104 Dei
2458 2050 2515 2104 in
2531 2055 2819 2120 aeternum,
2849 2053 2898 2104 et
2914 2049 2970 2104 in
2981 2049 3242 2105 saeculum
3267 2049 3458 2104 seculi
3476 2050 3626 2120 (Psal
3646 2067 3740 2117 .LI,

2093 2139 2204 2208 10).

2090 2259 2248 2294 voces
2305 2247 2500 2357 [Scires
2559 2243 2848 2294 charissimi
2888 2249 3083 2309 praeter
3113 2258 3272 2308 quam
3303 2245 3359 2294 in
3391 2245 3746 2309 supposititiis

2092 2321 2327 2357 sermoni
2372 2323 2451 2357 us.

2092 2321 2451 2357 sermonibus.

1774 2519 2307 2594 SEQUUNTUR

1035 2650 1448 2750 OPERA
1506 2655 2163 2750 ADVERSUS
2233 2656 3039 2775 MANICH/EOS,

815 2819 948 2872 ΘΟΕ
991 2820 1371 2868 AUGUSTINUS
1400 2824 1677 2869 TEIPORB
1722 2825 2111 2870 PRESBYTER“
2155 2827 2231 2869 AC
2279 2825 2678 2872 BPISCOPAI‘UI
2719 2829 2816 2874 SUI
2860 2829 3255 2874 CONSCBIPSIT.

337 2915 430 2964 His
458 2917 618 2968 etiam
647 2919 928 2993 subjicitur
955 2922 1115 2993 index
1144 2925 1386 2980 aliorum.
1409 2926 1816 2993 Opusculorum,
1842 2923 2052 2993 quibus
2078 2925 2132 2972 in
2165 2924 2381 2993 eosdem
2421 2925 2700 2978 haereticos
2728 2932 2851 2978 ante
2876 2943 3031 2979 suum
3062 2930 3491 2993 presbyteratum
3529 2941 3593 2977 ex
3621 2940 3722 2990 pro

766 2986 882 3032 csso
919 2986 1043 3048 egit,
1077 3001 1174 3036 nec
1203 3002 1310 3038 non
1346 2986 1730 3040 castérorumin
1763 2987 1960 3050 quibus
1979 2987 2124 3050 ipsos
2144 2987 2318 3038 obiter
2339 3003 2678 3054 quocumque
2707 2995 2947 3056 tempore
2977 2986 3338 3056 reprehendit.

1817 3115 2225 3130 _

1558 3212 2545 3315 ADMONITIO

1456 3375 1533 3434 IN
1579 3376 2050 3438 OPUSCULUM
2113 3376 2639 3449 SUBSEQUENS.

422 3583 657 3642 Librum
673 3586 743 3642 de
762 3585 1017 3644 Utilitate
1047 3589 1319 3644 credendi
1338 3594 1598 3646 recenset
1627 3590 1991 3663 Augustinus
2018 3591 2277 3664 primum
2300 3606 2503 3647 eorum
2536 3606 2682 3661 quos
2703 3588 2884 3646 edidit
2901 3593 3161 3661 tempore
3183 3587 3274 3644 sui
3297 3589 3753 3662 presbyteratus.

346 3672 505 3728 Hanc
537 3691 669 3729 vero
696 3676 1039 3748 dignitatem
1066 3678 1326 3750 Hippone
1357 3679 1612 3751 suscepit
1641 3680 1750 3734 sub
1778 3680 2008 3735 initium
2041 3681 2176 3735 anni
2200 3681 2335 3748 391;
2365 3680 2519 3752 quod
2545 3680 2672 3751 jam
2698 3678 2843 3735 alias
2865 3677 3396 3734 demonstravimus
3422 3677 3480 3734 in
3512 3676 3752 3733 secundi

350 3762 493 3816 tomi
527 3764 882 3833 prastatione,
917 3767 988 3820 ad
1023 3768 1335 3839 Augustini
1370 3768 1646 3840 epistolas
1670 3771 1722 3838 8,
1757 3769 1811 3834 9,
1842 3774 1950 3824 etc.

421 3851 582 3923 Opus
602 3853 874 3909 Honorati
901 3872 1078 3911 causa
1108 3857 1359 3929 scripsit,
1394 3863 1508 3913 uta
1536 3857 1986 3914 Manichaeorum
2000 3873 2192 3914 errore
2224 3857 2479 3913 amicum
2506 3861 2818 3925 revocaret,
2845 3873 3019 3929 quem
3039 3855 3177 3912 olim
3200 3855 3258 3911 in
3290 3872 3492 3911 eorum
3515 3855 3759 3927 laqueos

348 3941 475 4014 ipse
505 3943 852 4012 conjecerat,
876 3945 1046 3999 sicuti
1072 3945 1326 4000 sublibri
1350 3948 1651 4002 exordium
1667 3949 1991 4002 conﬁtetur.
2017 3947 2845 4019 Deceptusfueratllonoratus
2876 3945 3288 4018 speciosisillis
3310 3944 3759 4001 Manichaeorum

351 4029 888 4102 pollicitationibus,
926 4033 1141 4106 quibus
1172 4053 1233 4089 se
1265 4036 1407 4090 nihil
1443 4036 1552 4091 nisi
1584 4038 1734 4107 quod
1754 4037 2225 4092 rationeevidens
2248 4042 2303 4092 et
2335 4041 2600 4109 apertum
2628 4037 2807 4105 ﬁeret,
2843 4037 3115 4091 docturos
3134 4035 3589 4108 promittebant:
3628 4034 3761 4089 irri-

354 4121 639 4192 debatque
672 4121 765 4177 ille
797 4123 852 4176 in
887 4123 1178 4179 catholicas
1213 4125 1475 4181 Ecclesia:
1504 4126 1830 4197 disciplina,
1866 4127 2018 4198 quod
2055 4127 2197 4181 ﬁdes
2230 4126 2568 4181 hominibus
2600 4127 3004 4197 imperaretur,
3040 4142 3143 4181 nec
3173 4141 3372 4180 verum
3407 4123 3491 4178 eis
3541 4123 3766 4178 ratione

355 4210 874 4266 demonstraretur.
903 4216 1043 4267 Cum
1076 4213 1256 4285 igitur
1280 4214 1423 4269 falsa
1453 4215 1710 4270 veritatis
1735 4215 1925 4287 specie
1957 4216 2189 4286 illusus,
2228 4233 2342 4270 non
2366 4213 2706 4286 temporalis
2737 4214 3029 4270 commodi
3061 4213 3249 4286 gratia
3271 4213 3548 4268 inductus
3577 4211 3770 4267 adhae-

355 4304 503 4354 reret
535 4300 734 4368 errori,
771 4301 967 4373 sicque
999 4303 1186 4375 magis
1218 4305 1493 4375 deceptus
1525 4305 1595 4358 ab
1628 4305 2129 4376 hmreticis,quam
2154 4304 2461 4359 haereticus
2487 4304 2945 4376 esset;speravit
2968 4303 3320 4374 Augustinus
3352 4302 3472 4357 fore
3503 4307 3568 4356 ut
3595 4300 3768 4357 illum

357 4389 427 4442 ad
468 4406 660 4444 veram
694 4390 1034 4462 religionem
1068 4394 1400 4460 adduceret,
1435 4394 1482 4448 si
1519 4395 1688 4449 modo
1720 4398 2075 4459 ostenderet,
2109 4394 2456 4449 Manicheos
2471 4392 2829 4465 sacrilegeac
2850 4399 3068 4448 temere
3101 4393 3161 4447 in
3176 4409 3274 4448 eos
3297 4391 3513 4461 invehi,
3539 4389 3640 4462 qui
3671 4407 3767 4445 ca-

357 4476 584 4533 tholica:
618 4479 746 4533 fidei
782 4480 1182 4535 auctoritatem
1216 4487 1544 4552 sequentes,
1580 4482 2054 4553 antequamillud
2071 4499 2294 4552 verum,
2318 4483 2471 4553 quod
2507 4499 2652 4554 pura
2681 4487 2873 4537 mente
2904 4479 3500 4551 conspicitur,intueri
3522 4482 3766 4550 queant,

359 4567 643 4622 credendo
675 4570 1164 4639 praemuniuntur,
1196 4575 1252 4625 et
1283 4571 1683 4627 illuminaturo
1710 4577 2110 4643 praeparantur
2127 4572 2263 4627 Deo.
2299 4572 2358 4626 Id
2393 4576 2588 4627 autem
2620 4572 2703 4627 sic
2735 4576 2965 4643 praestat
2997 4570 3105 4624 hoc
3131 4570 3186 4624 in
3231 4585 3423 4640 opere,
3459 4573 3523 4623 ut
3542 4567 3769 4624 Veteris

365 4671 592 4728 quoque
621 4658 995 4726 Testamenti,
1025 4660 1196 4729 cujus
1228 4658 1308 4713 illi
1342 4660 1590 4715 maxime
1625 4660 2073 4731 reprehensione
2095 4661 2539 4715 commovebant
2570 4660 2894 4730 imperitos,
2920 4659 3311 4730 patrocinium
3357 4657 3663 4729 suscipiat.

431 4745 740 4817 Augustini
773 4747 956 4801 labori
985 4748 1292 4819 studioque
1324 4754 1554 4820 optatus
1579 4766 1715 4821 erga
1751 4751 2104 4804 Honoratum
2139 4749 2440 4821 respondit
2471 4753 2744 4812 eventus;
2778 4749 2826 4804 si
2858 4755 3055 4803 tamen
3085 4749 3134 4803 is
3165 4752 3272 4815 est,
3303 4751 3367 4801 ut
3391 4745 3589 4801 Rivius
3615 4745 3769 4801 arbi-

361 4839 569 4901 tratur,
604 4835 701 4907 qui
737 4836 809 4890 ab
843 4837 984 4891 urbe
1015 4837 1357 4910 Carthagine
1387 4839 1679 4894 scribebat
1705 4839 1775 4893 ad
1810 4841 2203 4911 Augustinum
2237 4839 2390 4894 circa
2420 4855 2642 4893 annum
2664 4838 2788 4904 412,
2822 4843 2878 4893 et
2905 4838 3093 4894 varias
3123 4837 3207 4893 illi
3235 4835 3586 4910 quaestiones
3634 4852 3774 4892 eno-

365 4925 588 4979 dandas
622 4925 996 4996 proponebat.
1033 4926 1304 4990 Quamvis
1336 4928 1488 4982 enim
1523 4931 1848 4982 Honoratus
1885 4931 1992 4983 iste
2025 4927 2643 4998 necdumBaptismum
2678 4927 3052 5000 percepisset,
3085 4925 3194 4982 illa
3220 4931 3417 4980 tamen
3442 4942 3569 4996 qua:
3601 4925 3671 4980 ab
3705 4941 3773 4980 eo

363 5019 776 5085 proponuntur
807 5016 1156 5085 quaestiones
1188 5017 1429 5072 minime
1461 5017 1721 5072 redolent
1753 5018 2164 5084 manichaeum,
2188 5032 2290 5072 nec
2314 5017 2383 5070 de
2417 5016 2750 5071 Manichaiis
2783 5017 2893 5072 nisi
2927 5033 2996 5072 ex
3027 5016 3330 5072 occasione
3357 5015 3620 5086 loquitur
3650 5013 3769 5086 ipsi

361 5103 728 5175 Augustinus
759 5108 814 5157 et
844 5109 1122 5175 tanquam
1156 5105 1314 5160 deiis
1348 5105 2240 5177 quosipsecenserethzereticos.
2264 5109 2445 5159 Istum
2470 5104 2664 5176 ipsum
2683 5106 3058 5170 Honoratum,
3093 5103 3181 5158 cui
3217 5103 3586 5174 Augustinus
3613 5102 3770 5174 epis-

363 5193 542 5247 tolam
570 5193 670 5245 140
700 5192 921 5260 scribit,
946 5195 1348 5266 presbyterum
1379 5195 1758 5250 Cassiodorus
1793 5199 2120 5265 nuncupat:
2157 5194 2254 5266 qui
2279 5194 2421 5249 forte
2454 5195 2522 5248 ad
2537 5194 3002 5267 presbyteratum
3024 5201 3327 5265 provectus
3347 5196 3548 5263 postea
3574 5191 3772 5247 fuerit.

364 5281 646 5353 Loquitur
675 5283 1037 5353 Augustinus
1062 5283 1118 5337 in
1151 5284 1396 5355 epistola
1417 5286 1505 5354 83,
1535 5285 1605 5338 de
1635 5289 1817 5339 morte
1846 5282 2083 5337 alterius
2115 5283 2422 5354 cujusdam
2467 5283 2741 5340 Honorati
2799 5282 3143 5356 presbyteri.
3185 5282 3304 5336 Sub
3336 5284 3510 5337 tinem
3545 5297 3780 5353 quoque

370 5372 497 5425 vita:
532 5388 647 5425 sua:
683 5372 917 5444 scripsit
947 5373 1252 5444 epistolam
1285 5375 1389 5427 228
1411 5373 1480 5427 ad
1515 5372 2001 5426 Thabennensem
2027 5370 2366 5442 episcopum
2399 5372 2661 5442 ejusdem
2694 5372 2968 5428 nominis.

450 5496 540 5558 De
599 5496 744 5557 libro
798 5497 1172 5578 subsequente
1226 5497 1358 5559 vide
1415 5496 1510 5556 lib.
1577 5499 1632 5567 1,
1695 5513 1824 5575 cap.
1889 5496 1981 5556 14.
2044 5497 2606 5574 Retractationum,
2671 5506 2810 5560 tam.
2853 5499 2912 5573 1,
2946 5495 3054 5558 col.
3118 5497 3259 5570 605,
3290 5515 3352 5557 η.
3390 5498 3448 5570 1,
3509 5513 3546 5556 a
3591 5493 3782 5555 verbis

372 5594 511 5656 Jam
544 5613 710 5670 vero,
745 5616 925 5678 usque
953 5597 1036 5658 ad
1061 5596 1154 5656 col
1178 5596 1320 5668 608,
1353 5615 1414 5654 η.
1448 5599 1511 5668 6,
1543 5591 1755 5668 verbis,
1783 5593 1949 5652 Idem
1980 5592 2297 5655 videretur
2325 5613 2479 5656 esse.
3289 5596 3369 5656 M.

1669 5768 2474 5818 μαψ-
