4012 6522
236 459 3637 490 m

976 601 1099 703 S.
1187 600 1888 702 Δυιιειιι

2058 595 2910 700 ιΠΕ-ὀετιηι

1523 776 1992 836 HIPPONENSIS
2049 777 2364 834 EPISCOPI

351 924 668 1091 DE
796 921 2164 1091 UTILITATE
2285 916 3537 1088 CBEDENDI

1384 1166 1544 1256 AD
1630 1162 2520 1254 HONORA'I‘UM

1596 1316 1883 1390 LIBER
1934 1315 2181 1389 UNUS
2209 1315 2320 1386 (α).

337 1539 535 1589 Contra
564 1538 887 1587 Manichaeos
908 1537 1477 1601 disputat,7probatque
1496 1539 1636 1601 ipsos
1655 1538 1907 1601 sacrilege
1929 1552 1991 1587 ac
2014 1542 2213 1586 temere
2236 1537 2291 1584 in
2313 1550 2402 1585 eos
2424 1536 2619 1601 invehi,
2643 1537 2732 1597 qui
2750 1535 3022 1601 catholicae
3045 1536 3163 1586 ﬁdei
3187 1541 3553 1601 auctoritatem
3576 1556 3655 1591 se-

256 1607 510 1666 quentes,
543 1601 610 1649 ad
640 1598 1014 1666 mysteriorum
1046 1598 1448 1666 intelligentiam
1481 1598 1603 1666 sese
1629 1601 1768 1649 illius
1800 1598 2038 1649 subsidio
2068 1599 2544 1666 comparant,_du_m
2576 1612 2638 1666 ea
2669 1598 2891 1666 credunt
2924 1613 3040 1660 qua;
3067 1600 3309 1666 nondum
3339 1603 3518 1652 valent
3538 1605 3653 1653 anl-

255 1660 350 1716 mo
379 1666 668 1728 percipere.
699 1660 807 1714 Sed
839 1663 1099 1726 imprimis
1128 1660 1360 1713 osténdit
1385 1667 1538 1713 vetus
1567 1665 1966 1713 Testamentum
1997 1660 2273 1725 perperam
2306 1662 2372 1711 ab
2402 1660 2590 1710 iisdem
2621 1661 2879 1709 hiereticis
2909 1662 3243 1723 reprehendi.

340 1860 570 1920 CAPUT
601 1858 908 1915 PRIMUM.
938 1889 1008 1899 --
1033 1860 1074 1914 Ι.
1101 1859 1212 1926 Quo
1232 1860 1458 1915 consilio
1480 1861 1591 1914 haec
1640 1862 1913 1915 Honorato

261 1951 493 2007 scribat.
527 1951 836 2006 Haereticus
878 1951 930 2003 et
980 1949 1254 2004 haereticis
1300 1949 1540 2013 credens,
1591 1965 1701 2004 non
1749 1950 1911 2003 idem.

265 2049 467 2120 Operi:
498 2055 906 2118 argumentum.
940 2046 1214 2116 Quomodo
1232 2061 1332 2116 per
1354 2047 1689 2103 Manichaeos
1711 2048 1918 2114 Augus-

268 2139 425 2194 tinus
451 2137 700 2208 deceptus
728 2137 979 2191 evaserit.
1015 2134 1433 2191 Manichworum
1463 2134 1672 2190 dictum
1701 2137 1762 2189 in
1801 2149 1920 2190 sua?

268 2236 437 2283 sectae
456 2225 769 2282 desertores.
793 2225 854 2280 Si
875 2223 1041 2293 mihi,
1056 2223 1558 2293 Honorate,unum
1573 2229 1748 2295 atque
1765 2222 1918 2277 idem

270 2325 578 2380 videretur
596 2339 742 2390 esse,
775 2321 1103 2390 haereticus,
1137 2324 1194 2376 et
1240 2321 1479 2378 credens
1510 2321 1793 2376 haereticis
1817 2321 1920 2375 ho-

276 2431 400 2480 mo,
431 2417 552 2467 tam
583 2411 785 2483 lingua
816 2428 991 2482 quam
1024 2409 1158 2465 stilo
1189 2409 1248 2464 in
1275 2409 1385 2464 hac
1417 2426 1593 2466 causa
1615 2410 1922 2482 conquies-

274 2504 531 2559 cendum
564 2501 706 2556 mihi
739 2517 866 2556 esse
889 2500 1248 2555 arbitratrer.
1280 2498 1442 2553 Nunc
1456 2515 1590 2555 vero
1616 2516 1752 2554 cum
1776 2497 1925 2552 inter

274 2602 403 2656 haec
434 2601 549 2655 duo
589 2598 911 2670 plurimum
945 2597 1174 2653 intersit
1203 2614 1216 2664 ;
1243 2597 1718 2668 quandoquidem
1741 2596 1923 2650 haere-

275 2691 434 2745 ticus
467 2693 574 2753 est,
610 2692 674 2742 ut
703 2704 831 2743 mea
862 2688 969 2742 fert
998 2685 1216 2758 opinio,
1251 2683 1351 2756 qui
1403 2684 1654 2756 alicujus
1700 2690 1925 2755 tempo-

277 2778 421 2834 ralis
454 2776 765 2844 commodi,
800 2781 856 2831 et
909 2775 1158 2831 maxime
1205 2771 1399 2845 gloriae
1450 2775 1928 2846 principatusque

280 2868 379 2923 sui
411 2866 615 2938 gratia,
677 2865 854 2920 falsas
915 2882 980 2920 ac
1030 2882 1209 2922 novas
1262 2865 1566 2935 opiniones
1614 2862 1701 2918 vel
1745 2860 1931 2933 gignit

285 2964 379 3020 vel
435 2962 740 3034 sequitur;
817 2960 913 3016 ille
973 2967 1168 3018 autem
1233 2963 1332 3035 qui
1410 2959 1751 3031 hujusmodi
1830 2957 1934 3011 ho-

289 3052 560 3108 minibus
606 3050 804 3118 credit,
856 3050 1030 3106 homo
1083 3057 1172 3106 est
1217 3050 1634 3122 imaginatione
1684 3046 1937 3119 quadam

291 3140 561 3197 veritatis
620 3157 684 3195 ac
735 3139 966 3212 pietatis
1013 3139 1260 3196 illusus:
1314 3157 1446 3195 cum
1495 3139 1615 3193 hac
1668 3153 1803 3208 ergo
1861 3135 1943 3188 ita

297 3231 444 3296 sint,
481 3246 592 3284 non
625 3228 822 3301 putavi
855 3230 1008 3300 apud
1043 3233 1096 3284 te
1127 3230 1421 3285 silendum
1453 3244 1600 3294 esse,
1635 3226 1772 3297 quid
1800 3222 1944 3279 mihi

298 3320 378 3374 de
411 3317 756 3372 invenienda
775 3334 837 3373 ac
858 3319 1162 3373 retinenda
1182 3317 1425 3373 veritate
1444 3317 1746 3372 videatur:
1777 3314 1946 3384 cujus

296 3421 369 3471 ut
402 3415 537 3481 scis,
567 3415 636 3470 ab
666 3416 902 3471 ineunte
933 3416 1323 3471 adolescentia
1351 3431 1560 3487 magno
1607 3429 1801 3469 amore
1847 3413 1946 3465 lla-

295 3505 624 3578 gravimus.
662 3503 773 3558 Sed
807 3520 899 3559 res
930 3510 1018 3560 est
1050 3506 1219 3576 longe
1250 3507 1474 3559 remota
1495 3519 1825 3558 avanorum
1845 3501 1947 3555 ho-

300 3592 536 3648 minum
571 3592 890 3659 mentibus,
923 3592 1020 3664 qui
1055 3591 1232 3648 nimis
1257 3593 1314 3647 in
1339 3593 1459 3647 haec
1481 3590 1801 3662 corporalia
1824 3606 1954 3661 pro-

298 3682 494 3754 gressi
509 3686 682 3751 atque
697 3679 865 3751 lapsi,
883 3681 1001 3735 nihi
1023 3681 1179 3736 aliud
1195 3685 1406 3753 putant
1426 3697 1572 3746 esse,
1600 3696 1775 3752 quam
1796 3677 1949 3750 quod

302 3771 442 3827 istis
477 3771 735 3842 quinque
766 3769 1094 3826 notissimis
1126 3769 1349 3824 nuntiis
1379 3768 1639 3840 corporis
1661 3768 1950 3833 sentiunt;

303 3866 369 3917 et
399 3875 547 3931 quas
578 3859 648 3913 ab
681 3857 773 3913 his
802 3857 1001 3930 plagas
1034 3863 1208 3930 atque
1246 3857 1532 3930 imagines
1580 3859 1951 3928 acceperunt,

305 3974 412 4013 eas
443 3971 640 4011 secum
672 3953 927 4025 volvunt,
960 3954 1134 4011 etiam
1168 3971 1302 4010 cum
1334 3959 1621 4010 conantur
1641 3958 1958 4010 recederea

308 4045 630 4111 sensibus;
674 4047 730 4098 et
759 4060 828 4099 ex
877 4060 1079 4098 earum
1129 4043 1430 4099 mortifera
1478 4048 1535 4098 et
1581 4043 1960 4098 fallacissima

310 4133 524 4206 regula
555 4132 869 4188 ineffabilia
902 4132 1221 4204 penetralia
1252 4132 1509 4187 veritatis
1543 4131 1869 4187 rectissime
1901 4147 1962 4186 se

315 4222 512 4279 metiri
535 4226 757 4293 putant.
775 4219 1032 4276 Nihilest
1053 4219 1387 4290 facilius,mi
1411 4220 1962 4292 charissime,quam

317 4337 438 4376 non
474 4319 663 4374 solum
698 4335 760 4374 se
789 4319 998 4386 dicere,
1033 4319 1131 4373 sed
1163 4319 1337 4374 etiam
1369 4317 1593 4390 opinari
1633 4334 1834 4372 verum
1878 4319 1966 4372 in-

317 4410 572 4465 venisse:
590 4408 691 4463 sed
715 4424 889 4477 quam
917 4407 1106 4478 reipsa
1123 4407 1536 4462 difficillimum
1561 4407 1965 4478 sit,agnosces,

322 4511 392 4562 ut
423 4505 672 4570 confido,
699 4503 788 4559 his
811 4504 1019 4559 litteris
1045 4505 1208 4559 meis.
1234 4504 1370 4568 Quae
1394 4507 1455 4558 ut
1476 4503 1579 4557 tibi
1603 4503 1849 4574 prosint,
1871 4508 1971 4558 aut

322 4601 484 4651 certe
515 4592 660 4648 nihil
690 4593 905 4661 obsint,
938 4593 1330 4663 omnibusque
1361 4590 1597 4646 omnino
1630 4609 1879 4662 quorum
1912 4593 1971 4647 in

325 4701 546 4741 manus
579 4684 721 4738 forte
749 4682 1103 4753 devenerint,
1133 4685 1189 4736 et
1227 4680 1422 4752 rogavi
1456 4685 1656 4748 Deum,
1690 4685 1747 4735 et
1795 4697 1972 4753 rogo;

326 4787 389 4839 et
419 4796 590 4850 spero
620 4779 700 4834 ita
730 4781 870 4845 fore,
904 4779 954 4835 si
985 4781 1131 4835 bene
1154 4778 1299 4834 mihi
1331 4777 1600 4834 conscius
1633 4795 1788 4844 sum,
1821 4779 1977 4849 quod

329 4880 409 4937 ad
442 4879 598 4933 hunc
629 4876 832 4933 stilum
864 4878 958 4949 pio
988 4881 1047 4933 et
1069 4877 1327 4932 ofﬁcioso
1351 4875 1547 4930 animo
1571 4875 1700 4930 vani
1724 4875 1980 4932 nominis

333 4966 695 5041 appetitione
725 4983 792 5021 ac
823 4967 1131 5039 negatoriae
1161 4963 1567 5022 ostentationis
1589 4965 1827 5020 accessi.

2093 1863 2149 1916 2.
2183 1859 2280 1913 Est
2309 1857 2486 1930 igitur
2519 1855 2658 1910 mihi
2693 1856 3072 1927 propositum,
3107 1862 3172 1910 ut
3201 1858 3437 1928 probem
3463 1859 3587 1927 tibi,
3612 1860 3663 1915 si

2029 1948 2269 2020 possim,
2302 1946 2456 2016 quod
2489 1945 2788 1999 Manichaei
2824 1945 3098 2016 sacrilege
3133 1963 3199 2001 ac
3249 1952 3463 2002 temere
3515 1948 3667 2004 inve-

2027 2035 2326 2091 hanturin
2360 2050 2458 2088 eos
2492 2034 2592 2104 qui
2624 2033 2915 2088 catholicae
2949 2033 3080 2088 ﬁdei
3113 2036 3519 2091 auctoritatem
3573 2052 3668 2092 se-

2029 2129 2294 2196 quentes,
2329 2129 2641 2192 antequam
2678 2121 2823 2176 illud
2853 2138 3076 2190 verum,
3111 2124 3262 2194 quod
3299 2143 3445 2196 pura
3474 2130 3671 2180 mente

2029 2212 2409 2284 conspicitur,
2452 2212 2663 2265 intueri
2697 2215 2930 2282 queant,
2967 2213 3251 2267 credendo
3275 2215 3672 2284 praemuniun-

2030 2307 2146 2369 tur,
2171 2307 2228 2356 et
2255 2300 2658 2354 illuminaturo
2701 2305 3099 2370 praeparantur
3133 2305 3262 2355 Deo.
3296 2303 3457 2358 Nosti
3492 2304 3667 2374 enim,

2032 2395 2341 2459 Honorate,
2375 2406 2488 2444 non
2522 2389 2695 2443 aliam
2729 2389 2800 2442 ob
2833 2404 3068 2443 causam
3105 2407 3207 2445 nos
3239 2391 3295 2444 in
3320 2392 3465 2447 tales
3489 2393 3674 2448 homi-

2033 2496 2135 2534 nes
2167 2479 2463 2542 incidisse,
2499 2477 2780 2548 nisiquod
2803 2494 2862 2531 se
2894 2478 3180 2545 dicebant,
3207 2481 3447 2534 terribili
3473 2486 3673 2537 aucto-

2033 2569 2204 2623 ritate
2235 2568 2729 2638 separata,mera‘
2765 2571 2820 2619 et
2851 2565 3102 2636 simplici
3133 2568 3354 2624 ratione
3369 2586 3466 2625 eos
3497 2570 3676 2642 quise

2035 2656 2235 2711 audire
2261 2655 2475 2710 vellent
2493 2655 2928 2709 introducturos
2946 2656 3288 2721 adDeum,et
3305 2676 3496 2714 errore
3519 2660 3677 2714 omni

2036 2743 2562 2807 liberaturos.Quid
2593 2743 2747 2798 enim
2783 2760 2910 2797 mea
2934 2743 3053 2798 liud
3071 2747 3331 2816 cogebat,
3359 2765 3541 2803 annos
3564 2749 3681 2804 fere

2040 2849 2269 2898 novem,
2294 2836 2489 2904 spreta
2519 2830 2798 2902 religione
2827 2846 2951 2900 quae
2975 2831 3114 2884 mihi
3146 2834 3384 2902 puerulo
3417 2853 3448 2890 a
3471 2853 3682 2907 paren-

2045 2923 2199 2977 tibus
2221 2921 2397 2976 insita
2426 2925 2569 2984 erat,
2604 2919 2871 2973 homines
2904 2919 3034 2974 illos
3074 2923 3237 2992 sequi
3281 2939 3346 2976 ac
3374 2924 3685 2996 diligenter

2049 3011 2249 3066 audire
2287 3010 2400 3080 (b);
2453 3008 2564 3063 nisi
2614 3009 2767 3078 quod
2800 3024 2901 3063 nos
2935 3010 3350 3079 superstitione
3396 3017 3598 3068 terreri
3630 3018 3688 3070 et

2053 3101 2226 3155 fidem
2260 3098 2430 3153 nobis
2461 3102 2592 3153 ante
2644 3098 2923 3152 rationem
2974 3099 3245 3169 imperari
3296 3099 3573 3173 dicerent,
3622 3118 3686 3158 se

2054 3192 2249 3243 autem
2285 3186 2513 3241 nullum
2551 3201 2808 3258 premere
2840 3188 2909 3241 ad
2954 3188 3147 3254 fidem,
3202 3189 3312 3243 nisi
3359 3192 3521 3261 prius
3570 3192 3694 3246 dis-

2056 3293 2230 3332 cussa
2259 3281 2314 3331 et
2343 3276 2589 3331 enodata
2626 3275 2913 3330 veritate?
2951 3276 3091 3338 Quis
3121 3293 3235 3332 non
3267 3277 3358 3333 his
3408 3279 3697 3350 pollicita-

2057 3365 2312 3420 tionibus
2370 3364 2706 3429 illiceretur,
2761 3365 3083 3436 priesertim
3129 3366 3514 3423 adolescentis
3573 3369 3697 3424 ani-

2060 3471 2191 3511 mus
2223 3454 2471 3525 cupidus
2505 3453 2641 3523 veri,
2694 3453 2868 3508 etiam
2917 3453 3328 3510 nonnullorum
3380 3457 3437 3510 in
3499 3458 3698 3514 schola

2060 3545 2361 3600 doctorum
2407 3543 2711 3598 hominum
2756 3542 3250 3614 disputationibus
3301 3547 3587 3616 superbus
3637 3551 3695 3602 et

2061 3633 2341 3706 garulus:
2376 3630 2606 3703 qualem
2635 3647 2726 3686 me
2756 3639 2893 3686 tunc
2924 3632 3005 3685 illi
3026 3632 3388 3700 invenerunt,
3415 3652 3695 3705 spernen-

2064 3727 2180 3777 tem
2213 3720 2433 3776 scilicet
2454 3721 2607 3792 quod
2641 3720 2822 3775 aniles
2853 3721 3100 3792 fabulas,
3134 3725 3189 3776 et
3219 3722 3289 3776 ab
3329 3723 3411 3778 eis
3446 3724 3697 3794 promis-

2067 3828 2220 3879 sum,
2254 3814 2520 3882 apertum
2578 3814 2634 3864 et
2692 3810 2983 3864 sincerum
3027 3826 3222 3865 verum
3291 3816 3483 3867 tenere
3529 3817 3699 3883 atque

2069 3899 2302 3956 haurire
2332 3897 2699 3970 cupientem?
2729 3899 2840 3954 Sed
2883 3916 3009 3970 quae
3063 3916 3296 3954 rursum
3355 3903 3500 3956 ratio
3550 3919 3706 3957 revo-

2071 3990 2260 4057 cabat,
2303 4004 2374 4043 ne
2405 3988 2557 4058 apud
2589 4004 2685 4043 eos
2721 3988 2950 4059 penitus
2983 3987 3278 4053 haererem,
3313 3995 3375 4043 ut
3407 4007 3497 4064 me
3524 3991 3583 4045 in
3611 3991 3706 4046 illo

2072 4078 2253 4149 gradu
2287 4092 2457 4146 quem
2484 4082 2690 4130 vocant
2723 4076 3068 4130 Auditorum
3099 4081 3379 4148 tenerem,
3424 4085 3486 4134 ut
3534 4079 3712 4148 hujus

2075 4167 2276 4222 mundi
2309 4181 2470 4235 spem
2506 4169 2678 4235 atque
2712 4165 2937 4236 negotia
2990 4182 3104 4219 non
3156 4166 3550 4237 dimitterem;
3599 4168 3711 4223 nisi

2078 4256 2229 4327 quod
2263 4255 2414 4325 ipsos
2449 4270 2678 4325 quoque
2711 4253 3244 4309 animadvertebam
3281 4255 3411 4326 plus
3444 4256 3502 4310 in
3551 4256 3716 4312 refel-

2078 4343 2266 4399 lendis
2297 4342 2424 4398 aliis
2456 4342 2702 4396 disertos
2734 4346 2789 4396 et
2819 4343 3084 4414 cupiosos
3116 4360 3264 4409 esse,
3297 4361 3472 4416 quam
3506 4345 3563 4399 in
3590 4345 3715 4400 suis

2079 4432 2395 4505 prohandis
2430 4431 2627 4484 firmos
2674 4435 2730 4483 et
2776 4437 2963 4485 certos
3013 4432 3292 4486 manere?
3345 4433 3454 4487 Sed
3505 4434 3574 4488 de
3623 4448 3719 4487 me

2082 4522 2216 4592 quid
2250 4521 2461 4588 dicam,
2495 4519 2595 4589 qui
2619 4520 2741 4589 jam
2772 4519 3091 4574 catholicus
3123 4519 3479 4576 christianus
3515 4539 3673 4577 eram
3696 4521 3725 4575 ?

2084 4627 2208 4680 quae
2239 4625 2394 4663 nunc
2442 4608 2622 4662 ubera
2645 4608 2692 4674 ³,
2749 4611 2880 4677 post
2919 4607 3320 4677 longissimam
3373 4611 3531 4665 sitim
3583 4626 3728 4682 pene

2086 4699 2404 4754 exhaustus
2436 4701 2609 4766 atque
2656 4695 2918 4764 aridus“,
2974 4702 3095 4751 tota
3144 4696 3417 4753 aviditate
3466 4698 3726 4770 repetivi,

2087 4805 2268 4858 eaque
2300 4786 2474 4840 altius
2505 4788 2649 4839 flens
2681 4790 2738 4839 et
2769 4801 3007 4856 gemens
3041 4788 3307 4842 concussi
3342 4794 3398 4842 et
3446 4787 3726 4860 expressi,

2089 4883 2155 4932 ut
2189 4878 2242 4930 id
2279 4880 2539 4930 manaret
2569 4874 2723 4944 quod
2761 4874 2902 4928 mihi
2935 4875 3017 4929 sic
3057 4875 3259 4931 affecto
3308 4877 3377 4931 ad
3429 4875 3730 4931 recreatio-

2090 4981 2224 5021 nem
2256 4964 2398 5019 satis
2429 4979 2556 5018 esse
2590 4967 2803 5034 posset,
2834 4967 2890 5018 et
2912 4964 2980 5018 ad
3007 4980 3167 5034 spem
3194 4966 3578 5020 reducendam
3602 4965 3730 5020 vitae

1546 5087 1854 5128 ADMONITIO
1884 5090 1974 5129 PP.
2032 5087 2528 5127 BENEDIC’I‘INORUM

403 5162 480 5213 Ad
514 5161 910 5212 emendandum
941 5161 1137 5210 librum
1172 5160 1237 5209 de
1266 5160 1499 5224 Utilitate
1533 5159 1782 5224 credendi
1814 5163 1895 5210 usi
1926 5176 2109 5211 sumus
2144 5160 2414 5210 codicibus
2444 5159 2868 5224 Mss._Vaticanis
2899 5161 3155 5223 quinque,
3203 5161 3483 5210 Gallicanis
3513 5165 3736 5224 septem,

335 5227 632 5284 Victorino,
664 5224 1006 5274 Germanensi
1034 5224 1336 5280 Corbeensi,
1370 5221 1704 5280 Michaelino,
1735 5224 2084 5283 Cisterciensi,
2118 5224 2450 5273 Laudunensi
2483 5221 2697 5283 majoris
2719 5221 2978 5285 Ecclesiae.
3013 5221 3064 5272 et
3089 5224 3372 5285 exemplari
3426 5221 3626 5273 domini
3675 5226 3740 5274 de

337 5290 530 5339 Maran
558 5288 836 5346 Tolosatis,
868 5288 1029 5338 variis
1059 5288 1215 5336 etiam
1247 5285 1568 5336 lectionibus
1604 5286 1765 5335 trium
1796 5287 2124 5350 Belgicorum
2154 5301 2249 5350 per
2278 5285 2638 5334 Lovanienses
2666 5284 2910 5347 vulgatis,
2944 5299 3004 5334 ac
3037 5284 3252 5334 tandem
3282 5286 3609 5337 editionibus
3651 5301 3746 5336 an-

336 5353 511 5417 tiquis
540 5365 603 5400 ac
637 5351 932 5413 praecipuis.

561 5432 1052 5510 Comparavimus
1078 5441 1369 5512 praeterea
1396 5449 1491 5490 eas
1521 5447 1714 5490 omnes
1740 5427 2016 5491 editiones
2047 5418 2214 5490 ίηίέίο
2246 5432 2413 5489 Retr.
2449 5435 2506 5486 et
2553 5426 2828 5486 Confess.
2882 5435 2921 5487 t.
2962 5429 3014 5486 1.
3052 5439 3424 5492 memoratas.
3464 5433 3543 5492 M.

414 5535 428 5565 ¹
469 5529 627 5586 Editi,
658 5529 792 5578 mira
822 5530 1004 5580 Melius
1031 5531 1232 5593 aliquot
1261 5529 1408 5593 Msa,
1437 5541 1598 5593 mera.

409 5598 432 5631 ί
463 5595 524 5642 In
556 5593 779 5656 excusis,
809 5593 898 5656 qui
925 5608 1057 5642 nunc
1086 5585 1242 5641 ubera
1271 5590 1516 5656 Eccgesis.
1553 5591 1620 5641 At
1648 5590 1703 5638 in
1729 5590 1874 5650 Mss.,
1907 5604 2017 5653 qua
2042 5604 2179 5641 nunc
2209 5587 2364 5637 ubera
2397 5600 2410 5648 ;
2447 5585 2642 5636 omissa
2670 5598 2816 5645 voce,
2857 5585 3106 5636 Ecclesia.

411 5659 435 5694 ³
465 5656 626 5713 Editi,
654 5652 854 5703 avidus.
891 5656 1258 5705 Emendantnr
1283 5668 1314 5703 a
1341 5652 1463 5702 Mss.

436 5722 494 5782 a)
525 5719 766 5782 Scriptus
795 5718 1002 5768 circiter
1030 5731 1232 5768 annum
1262 5719 1370 5767 391.

436 5723 494 5782 a)
525 5723 766 5781 Scriptus
795 5723 1002 5768 circiter
1030 5731 1232 5768 annum
1262 5723 1370 5767 391.

414 5723 489 5848 ib)
523 5781 643 5833 Vid.
673 5781 766 5832 lib.
804 5784 827 5831 1
857 5782 1097 5835 Confess.
1127 5795 1244 5847 cap.
1276 5783 1356 5844 11,
1383 5780 1435 5830 et
1460 5775 1551 5829 lib.
1582 5779 1628 5839 5,
1659 5789 1779 5841 cap.
1813 5778 1889 5830 14.
