4012 6454
419 441 499 502 67
1318 434 1421 495 DE
1462 429 1890 495 UTILITATE
1931 427 2348 501 CREDENDI,
2398 430 2465 490 S.
2512 426 2966 491 AUGUSTINI.
3748 427 3830 488 68

421 588 488 628 ac
519 571 746 626 salutis.
780 571 925 634 Quid
958 585 1090 640 ergo
1125 570 1194 623 de
1226 584 1318 622 me
1348 567 1475 637 ipso
1506 565 1693 621 dicam
1717 564 1744 618 ?
1772 563 1856 617 Tu
1908 577 2058 616 non-

422 662 563 716 dum
612 659 987 724 christianus,
1021 657 1121 730 qui
1152 658 1387 714 hortatu
1414 672 1564 720 meo,
1587 671 1721 710 cum
1755 670 1854 709 eos
1883 649 2058 706 vehe-

422 753 647 804 menter
666 748 1072 816 exsecrareris,
1111 748 1201 801 vix
1245 747 1533 801 adductus
1579 761 1639 799 es
1682 747 1745 798 ut
1783 737 2058 796 audiendi

421 837 524 893 tibi
547 843 719 909 atque
737 836 1073 909 explorandi
1099 836 1452 901 viderentur,
1479 852 1615 906 qua,
1640 848 1835 904 quieso
1863 830 1976 885 alia
2000 843 2058 882 re

418 925 737 982 delectatus
754 943 836 993 es,
861 925 1425 995 recordare,obsecro
1448 928 1524 989 te,
1545 921 1655 976 nisi
1678 936 1892 992 magna
1909 935 2054 988 qua-

411 1016 546 1070 dam
580 1014 1036 1087 praeumptione
1058 1030 1122 1068 ac
1143 1013 1559 1085 pollicitatione
1581 1007 1914 1065 rationum?
1937 1006 2048 1061 Sed

411 1104 551 1174 quia
570 1103 670 1158 diu
689 1101 1057 1173 multumque
1079 1103 1149 1157 de
1171 1100 1574 1172 imperitorum
1589 1096 2055 1154 erroribuslatis-

408 1192 556 1247 sime
569 1209 634 1247 ac
647 1191 1153 1247 vehementissime
1167 1188 1722 1262 disputabant,quod
1738 1185 1922 1241 cuivis
1938 1201 2051 1239 me-

405 1280 680 1336 diocriter
691 1280 915 1335 erudito
933 1297 1060 1336 esse
1084 1279 1451 1343 facillimum,
1469 1294 1595 1332 sero
1611 1275 1815 1330 didici:
1840 1274 1888 1330 si
1911 1273 2051 1343 quid

403 1369 580 1425 etiam
603 1387 844 1425 suorum
869 1369 1035 1424 nobis
1053 1368 1404 1434 inserebant,
1431 1364 1774 1421 necessitate
1797 1363 2048 1419 retinen-

405 1449 567 1526 dum,
594 1475 724 1513 cum
750 1456 862 1512 alia
887 1473 998 1512 non
1021 1459 1360 1512 occurerent
1387 1455 1444 1508 in
1471 1453 1691 1525 quibus
1715 1451 2045 1522 acquiesce-

404 1563 622 1613 remus,
658 1546 1108 1601 arbitrabamur.
1141 1549 1340 1616 Itaque
1365 1543 1534 1598 nobis
1572 1541 1863 1597 faciebant
1890 1538 2046 1610 quod

405 1634 672 1690 insidiosi
697 1651 954 1706 aucupes
980 1632 1167 1689 solent
1192 1633 1292 1704 qui
1315 1632 1568 1688 viscatos
1592 1629 1857 1685 surculos
1873 1644 2046 1700 prop-

403 1727 490 1778 ter
520 1740 730 1794 aquam
753 1724 1083 1794 defigunt‘,
1127 1730 1190 1776 ut
1232 1722 1496 1776 sitientes
1554 1737 1688 1775 aves
1731 1717 2040 1789 decipiant.

403 1808 672 1865 Obruunt
689 1810 1177 1880 enim,etquoquo
1201 1809 1372 1864 modo
1391 1807 1729 1878 cooperiunt
1751 1806 1894 1862 alias
1916 1821 2044 1876 qua)

396 1899 553 1954 circa
583 1904 722 1954 sunt
754 1916 956 1969 aquas,
987 1897 1071 1954 vel
1109 1897 1243 1953 inde
1275 1898 1452 1952 etiam
1485 1894 1884 1952 formidolosis
1916 1911 2040 1950 mo-

394 1985 700 2043 litionibus
729 1989 1038 2056 deterrent,
1072 1992 1137 2042 ut
1169 1987 1226 2042 in
1259 2003 1460 2042 eorum
1493 1985 1680 2054 dolos,
1731 2002 1846 2040 non
1890 1984 2044 2040 elec-

397 2077 574 2147 tione,
609 2078 709 2132 sed
744 2077 941 2148 inopia
964 2077 1256 2132 decidant.

466 2166 518 2220 3.
552 2167 660 2221 Sed
686 2183 789 2220 cur
819 2183 931 2221 non
964 2166 1089 2238 ipse
1121 2166 1266 2220 mihi
1322 2164 1667 2236 respondeo,
1711 2163 1863 2236 quod
1917 2164 2040 2219 ista;

395 2253 567 2309 lautae
583 2272 646 2310 ac
659 2255 864 2326 lepida
878 2255 1293 2310 similitudines
1309 2258 1481 2324 atque
1495 2252 1836 2323 hujusmodi
1854 2268 2044 2324 repre-

397 2342 732 2410 hensiones,
767 2344 824 2398 in
859 2359 1060 2398 omnes
1092 2342 1189 2414 qui
1238 2341 1458 2413 aliquid
1509 2341 1738 2410 docent,
1771 2357 1805 2395 a
1835 2339 2041 2412 quovis

396 2431 724 2486 adversario
752 2431 967 2486 eﬂ'undi
1002 2431 1394 2486 urbanissime
1425 2447 1490 2486 ac
1523 2430 1891 2487 dicacissime
1908 2446 2040 2500 pos-

393 2520 575 2576 sunt?
594 2521 703 2575 Sed
727 2522 798 2576 ob
821 2520 929 2576 hoc
958 2521 1150 2591 putavi
1177 2520 1394 2592 aliquid
1422 2521 1925 2578 taleinserendum
1945 2519 2038 2574 lit-

391 2609 530 2664 teris
545 2610 711 2680 meis,
739 2615 912 2665 uteos
935 2610 1303 2675 admoneam,
1323 2611 1824 2666 desinanttalibus
1838 2623 2035 2681 agere:

391 2702 456 2754 ut
480 2700 976 2768 quemadmodum
1002 2698 1100 2753 ille
1132 2699 1232 2770 ait,
1265 2701 1549 2771 separatis
1583 2699 2036 2771 nugislocorum

389 2788 816 2854 communium,
834 2805 925 2843 res
939 2804 1071 2842 cum
1095 2805 1173 2855 re,
1195 2805 1519 2844 causacum
1539 2788 1888 2858 causa,ratio
1903 2804 2037 2843 cum

392 2876 614 2932 ratione
628 2877 1353 2949 conﬂigat(Cicero).Quare
1374 2878 1645 2932 desinant
1659 2878 1848 2932 dicere
1867 2876 2035 2942 illud,

392 2966 550 3036 quod
581 2965 639 3020 in
672 2982 768 3020 ore
799 2966 1016 3020 habent
1061 2966 1231 3036 quasi
1285 2966 1707 3034 necessarium,
1756 2982 1888 3020 cum
1938 2983 2037 3021 eos

395 3054 647 3125 quisque
678 3054 999 3109 deseruerit
1022 3055 1119 3124 qui
1145 3055 1366 3110 diutius
1390 3055 1670 3116 audisset,
1702 3055 1910 3110 Lumen
1936 3071 2039 3125 per

391 3145 553 3198 illum
584 3146 881 3198 transitum
907 3145 1062 3214 fecit.
1099 3142 1270 3199 Vides
1301 3145 1455 3199 enim
1487 3149 1573 3209 tu,
1608 3161 1738 3199 mea
1781 3144 2037 3199 maxima

390 3249 531 3288 cura
555 3232 716 3304 (nam
740 3235 809 3287 de
827 3232 1070 3287 illisnon
1097 3231 1274 3287 nimis
1298 3238 1521 3304 aestuo),
1547 3250 1720 3304 quam
1745 3232 2036 3288 hocinane

389 3325 445 3376 et
457 3320 802 3375 facillimum
821 3321 890 3376 ad
908 3321 1451 3392 reprehendendum
1469 3323 1654 3377 cuivis
1677 3339 1803 3377 esse
1828 3322 2033 3394 possit.

386 3413 589 3480 Itaque
601 3409 709 3464 hoc
733 3409 1164 3465 discutiendum
1188 3410 1420 3465 dimitto
1437 3412 1753 3482 prudentiae
1768 3411 2033 3466 tuae.Non

389 3497 544 3553 enim
565 3514 765 3554 vereor
787 3516 859 3553 ne
891 3516 983 3554 me
1014 3499 1312 3554 arbitreris
1343 3499 1735 3555 inhabitatum
1790 3499 2032 3569 lumine,

391 3603 525 3642 cum
543 3587 669 3642 vitae
692 3587 869 3658 hujus
889 3588 1092 3642 mundi
1110 3603 1268 3643 eram
1291 3588 1642 3660 implicatus,
1659 3590 2034 3644 tenebrosam

393 3693 558 3748 spem
587 3692 814 3748 gerens,
843 3677 912 3732 de
931 3676 1364 3747 pulchritudine
1388 3679 1603 3748 uxoris,
1632 3679 1701 3734 de
1724 3695 1937 3750 pompa
1951 3677 2033 3732 di-

387 3764 685 3835 vitiarum,
710 3765 779 3820 de
801 3765 1079 3821 inanitate
1104 3766 1391 3822 honorum
1416 3769 1753 3839 ceterisque
1778 3767 1960 3822 noxiis
1975 3771 2032 3822 et

388 3852 732 3926 perniciosis
759 3853 1180 3925 voluptatibus.
1217 3856 1345 3910 Hac
1374 3857 1529 3911 enim
1554 3857 1772 3926 omnia,
1799 3857 1949 3928 quod
1974 3862 2030 3912 te

384 3958 498 3997 non
522 3941 684 4009 latet,
711 3959 841 3997 cum
861 3943 1267 4000 studioseillos
1289 3945 1575 4014 audirem,
1590 3963 1798 4017 cupere
1819 3951 1876 4001 et
1893 3963 2027 4017 spe-

382 4047 509 4086 rare
542 4048 656 4085 non
689 4030 1066 4088 desistebam.
1101 4033 1294 4104 Neque
1341 4034 1449 4089 hoc
1497 4052 1697 4089 eorum
1751 4036 2028 4091 doctrinze

380 4119 576 4175 tribuo
605 4137 616 4175 :
653 4121 832 4175 fateor
862 4121 1019 4176 enim
1046 4127 1101 4177 et
1141 4121 1270 4178 illos
1306 4122 1509 4179 sedulo
1536 4140 1789 4192 monere,
1824 4130 1885 4178 ut
1914 4125 2026 4180 ista

383 4210 832 4265 caveantur.Sed
850 4211 1019 4266 modo
1036 4211 1319 4267 medicere
1333 4213 1625 4268 desertum
1641 4213 2023 4283 lumine,cum

387 4298 459 4353 ab
479 4298 570 4353 his
594 4299 867 4354 omnibus
884 4300 1109 4354 umbris
1123 4317 1316 4355 rerum
1336 4318 1426 4355 me
1450 4302 2024 4374 averterim,soloque

381 4387 537 4443 victu
570 4388 639 4442 ad
673 4388 1069 4443 valetudinem
1089 4390 1348 4460 corporis
1369 4391 1693 4447 necessario
1716 4397 2025 4447 contentus

383 4492 510 4532 esse
523 4476 1268 4543 decreverim,illustratum
1292 4483 1488 4534 autem
1509 4484 1681 4550 atque
1705 4480 2020 4552 fulgentem

380 4565 583 4632 fuisse,
609 4583 741 4620 cum
777 4566 890 4621 ista
921 4566 1220 4638 diligerem
1255 4572 1310 4622 et
1330 4568 1423 4623 his
1447 4568 1742 4625 involutus
1772 4575 2019 4637 tenerer,

378 4653 637 4709 hominis
657 4658 763 4722 est,
789 4659 853 4708 ut
880 4655 1190 4711 mitissime
1213 4657 1429 4724 dicam,
1454 4658 1650 4713 minus
1672 4664 1838 4714 acute
1879 4676 2023 4714 con—

379 4741 692 4799 siderantis
724 4759 836 4809 res,
870 4744 941 4798 de
973 4745 1188 4815 quibus
1218 4745 1372 4816 loqui
1406 4746 1656 4802 multum
1685 4751 1863 4802 amat.
1910 4749 2020 4804 Sed

379 4830 686 4887 veniamus
714 4832 784 4885 ad
819 4848 1079 4901 causam,
1113 4835 1160 4888 si
1194 4835 1402 4907 placet.

452 4919 684 4976 CAPUT
717 4920 784 4975 ΙΙ,
820 4951 886 4960 —-
913 4921 963 4974 4.
989 4920 1281 4979 Manis/iaci
1317 4926 1471 4978 Vetus
1504 4925 1896 4980 Testamentum
1924 4944 2018 4982 re-

375 5009 725 5082 prehendunt
754 5009 901 5079 apud
924 5011 1222 5080 imperitos.
1247 5013 1391 5067 Nam
1415 5013 1560 5067 bene
1584 5015 1734 5068 nosti
1762 5017 1912 5086 quod
1939 5034 2023 5072 re-

379 5098 806 5170 prehendentes
821 5097 1116 5153 Manichei
1136 5100 1480 5157 catholicam
1498 5103 1755 5169 ﬁdem,et
1769 5105 2018 5161 maxime

373 5186 995 5243 VetusTestamentum
1016 5188 1408 5263 discerpentes
1422 5197 1478 5246 et
1492 5191 2020 5258 diladiantes,com-

388 5284 622 5332 movent
650 5275 990 5346 imperitos:
1027 5278 1124 5350 qui
1159 5280 1410 5351 profecto
1435 5283 1702 5336 nesciunt
1726 5288 2018 5353 quatenus

380 5364 1039 5436 sintaccipiendailla,et
1060 5370 1556 5438 quemadmodum
1575 5370 1787 5426 hausta
1803 5373 2021 5428 utiliter

375 5455 436 5509 in
458 5470 636 5510 venas
659 5453 824 5525 quasi
849 5455 1200 5527 vagientium
1227 5458 1416 5514 adhuc
1441 5459 1770 5515 animarum
1794 5463 2018 5516 medul-

375 5543 582 5615 lasque
613 5543 982 5599 descendant.
1015 5547 1084 5600 Et
1115 5548 1253 5618 quia
1282 5553 1421 5602 sunt
1461 5548 1539 5602 ibi
1572 5550 1837 5619 quaedam
1888 5567 2019 5623 quae

376 5703 646 5819 Im‘mI‘EAditi,
671 5719 832 5768 prope
860 5719 1068 5768 aquam.
1098 5707 1162 5758 At
1184 5709 1327 5770 Mss.,
1346 5711 1556 5773 propter
1573 5723 1759 5772 aquam
1779 5722 1799 5760 :
1830 5711 2018 5764 eodem

2186 561 2594 616 suboﬁ‘endant
2616 560 2842 615 animos
2866 560 3096 628 ignaros
3119 561 3173 612 ct
3197 557 3554 630 negligentes
3578 558 3824 628 sui,quze

2182 649 2435 705 maxima
2455 650 2627 705 turba
2648 653 2753 719 est,
2779 646 3135 719 populariter
3147 647 3693 718 accusaripossunt:
3721 648 3824 702 de-

2181 738 2336 793 fendi
2369 746 2561 793 autem
2594 737 2972 810 populariter,
3007 741 3239 807 propter
3271 737 3545 807 mysteria
3577 752 3705 806 qua
3729 736 3826 791 his

2180 827 2572 895 continentur,
2609 845 2725 882 non
2758 845 2790 882 a
2823 826 3024 881 multis
3060 826 3378 880 admodum
3412 831 3678 895 possunt.
3715 825 3824 889 Qui

2177 932 2312 971 vero
2345 917 2510 988 pauci
2545 917 2652 972 hoc
2685 917 2869 970 facere
2901 919 3202 982 noverunt,
3239 930 3352 968 non
3383 918 3584 968 amant
3612 930 3824 985 propa-

2179 1005 2365 1060 tulaet
2381 1005 3002 1078 famigerulaqueedam
3018 1005 3074 1058 in
3092 1001 3487 1075 disputatione
3502 1003 3826 1058 certamina

2176 1097 2232 1148 et
2247 1095 2318 1149 ob
2344 1094 2449 1149 hoc
2469 1094 2708 1150 minime
2737 1095 2856 1149 noti
2881 1098 3039 1158 sunt,
3072 1093 3182 1147 nisi
3214 1093 3306 1147 his
3337 1092 3436 1162 qui
3463 1109 3560 1146 eos
3596 1092 3826 1146 instan-

2174 1182 2402 1239 tissime
2428 1184 2839 1255 requirunt.De
2860 1183 2967 1238 hac
2988 1182 3165 1253 igitur
3182 1181 3624 1236 Manichmorum
3644 1185 3824 1236 teme-

2176 1271 2366 1338 ritate,
2398 1289 2515 1344 qua
2537 1273 2714 1328 Vetus
2741 1273 3178 1328 Testamentum
3206 1270 3618 1326 etcatholicam
3644 1271 3820 1326 ﬁdem

2173 1362 2631 1432 reprehendunt,
2658 1362 2872 1433 accipe,
2902 1363 3161 1430 obsecro,
3207 1377 3332 1430 quae
3389 1377 3480 1414 me
3525 1364 3815 1415 moveant.

2171 1451 2316 1522 Opto
2339 1456 2533 1507 autem
2565 1467 2631 1508 ac
2663 1468 2828 1522 spero
2859 1454 2913 1507 te
2935 1451 3044 1505 hoc
3061 1451 3258 1505 animo
3286 1454 3816 1521 accepturum,quo

2171 1557 2205 1596 a
2231 1557 2322 1596 me
2344 1540 2637 1596 dicuntur.
2661 1541 2780 1596 Scit
2799 1543 2994 1595 autem
3009 1539 3282 1609 Deus,cui
3300 1543 3434 1594 nota
3449 1542 3816 1593 suntarcana

2169 1629 2535 1684 conscientiae
2557 1645 2719 1696 mea},
2744 1627 2887 1683 nihil
2913 1644 3004 1682 me
3027 1628 3083 1681 in
3103 1627 3209 1682 hoc
3229 1643 3498 1682 sermone
3522 1627 3815 1683 malitiose

2167 1735 2337 1790 agere
2362 1736 2373 1773 :
2401 1718 2502 1773 sed
2528 1722 2592 1772 ut
2609 1718 2876 1774 existimo
2909 1716 3310 1788 accipiendum
3347 1732 3496 1780 esse,
3519 1715 3635 1771 veri
3673 1732 3815 1786 pro-

2166 1807 2343 1862 bandi
2375 1825 2553 1862 causa
2578 1825 2590 1862 :
2618 1808 2709 1862 cui
2744 1806 2844 1862 uni
2877 1807 2957 1862 rei
2987 1807 3314 1875 viverejam
3343 1806 3440 1860 diu
3468 1805 3812 1871 statuimus,

2165 1900 2222 1951 et
2242 1895 3005 1963 incredibilisollicitudine;
3033 1912 3102 1950 ne
3126 1895 3268 1950 mihi
3297 1910 3490 1950 errare
3511 1895 3811 1950 vobiscum

2166 1984 2512 2041 facillimum
2531 1985 2840 2055 fuerit,iter
2851 1989 3043 2040 autem
3061 1990 3282 2040 rectum
3297 1989 3492 2039 tenere
3507 1984 3809 2039 vobiscum

2166 2075 2263 2140 sit,
2297 2091 2369 2129 ne
2400 2074 2606 2130 durius
2635 2074 2843 2146 loquar
2868 2073 3304 2129 difficillimum.
3353 2075 3463 2129 Sed
3519 2091 3809 2145 praesumo

2165 2165 2319 2235 quod
2353 2169 2410 2218 et
2433 2164 2492 2218 in
2525 2164 2632 2218 hac
2663 2181 2784 2235 spe,
2820 2180 2935 2234 qua
2964 2180 3131 2234 spero
3164 2180 3264 2218 vos
3296 2163 3451 2216 viam
3505 2163 3808 2233 sapientiae

2166 2269 2393 2308 mecum
2428 2253 2789 2318 obtenturos,
2823 2270 2936 2308 non
2970 2269 3062 2307 me
3093 2253 3320 2307 deseret
3352 2252 3446 2306 ille
3479 2253 3571 2306 cui
3615 2269 3813 2307 sacra-

2167 2348 2261 2397 tus
2284 2359 2622 2414 sum:quem
2641 2342 2764 2398 dies
2787 2346 2983 2397 noctes
3001 2359 3109 2410 que
3133 2341 3341 2396 intueri
3367 2358 3564 2408 conor;
3585 2347 3639 2395 et
3663 2358 3811 2412 quo-

2166 2432 2324 2486 niam
2363 2436 2596 2504 propter
2631 2438 2867 2502 peccata
2891 2446 3017 2485 mea
3037 2434 3386 2501 propterque
3439 2431 3816 2486 consuetudi-

2165 2537 2296 2575 nem
2318 2520 2503 2592 plagis
2519 2525 2954 2576 veternosarum
2980 2519 3319 2590 opinionum
3338 2520 3662 2574 sauciatum
3687 2537 3824 2574 ocu-

2167 2611 2286 2664 lum
2310 2611 2518 2665 animie
2541 2627 2770 2683 gerens,
2798 2608 3121 2663 invalidum
3150 2625 3239 2663 me
3259 2625 3384 2663 esse
3399 2625 3816 2680 cognosco,sze-

2164 2717 2233 2771 pe
2256 2715 2394 2771 rogo
2422 2716 2553 2754 cum
2581 2699 2875 2770 lacrymis.
2901 2699 2969 2752 Et
2993 2698 3491 2769 quemadmodum
3516 2702 3646 2769 post
3690 2697 3814 2752 lon-

2163 2805 2297 2859 gam
2321 2789 2637 2843 caecitatem
2661 2804 2726 2842 ac
2752 2788 3020 2842 tenebras
3045 2786 3368 2842 luminibus
3395 2787 3486 2841 vix
3507 2787 3810 2858 apertis,et

2163 2877 2353 2932 adhuc
2385 2876 2569 2932 lucem
2594 2876 2930 2948 palpitando
2950 2882 3123 2948 atque
3146 2879 3484 2942 aversando,
3511 2893 3685 2946 quam
3723 2881 3811 2931 ta-

2162 2982 2295 3021 men
2309 2965 3429 3036 desiderant,recusantibus,praesertim
3448 2968 3494 3019 si
3511 2965 3593 3020 eis
3617 2965 3805 3020 solem

2161 3055 2340 3110 istum
2360 3055 2653 3127 quispiam
2686 3061 2926 3110 conetur
2965 3055 3296 3109 ostendere:
3341 3055 3419 3109 ita
3463 3054 3605 3108 mihi
3645 3071 3802 3109 nunc

2160 3144 2366 3216 evenit,
2401 3162 2513 3199 non
2549 3145 2780 3216 neganti
2805 3161 2931 3200 esse
2955 3143 3245 3198 ineffabile
3269 3144 3548 3215 quiddam
3593 3148 3649 3198 et
3681 3142 3804 3198 sin-

2159 3233 2359 3307 gulare
2383 3233 2592 3288 animis
2614 3234 2832 3294 bonum
2860 3233 3013 3304 quod
3044 3237 3235 3287 mente
3257 3231 3557 3298 videatur;
3603 3237 3658 3286 et
3707 3247 3803 3287 me

2159 3324 2230 3378 ad
2245 3322 2757 3394 contemplandum
2777 3323 3037 3376 nondum
3061 3321 3475 3376 esseidoneum
3499 3338 3629 3375 cum
3655 3322 3798 3375 fletu

2158 3416 2215 3466 et
2247 3412 2465 3483 gemitu
2498 3411 2817 3466 confitenti.
2852 3411 2976 3464 Non
3011 3426 3101 3464 me
3124 3427 3257 3482 ergo
3291 3411 3534 3476 deseret,
3573 3411 3620 3464 si
3650 3409 3800 3464 nihil

2159 3500 2334 3571 ﬁngo,
2369 3501 2416 3554 si
2449 3499 2637 3554 ofﬁcio
2679 3500 2878 3563 ducor,
2913 3498 2960 3553 si
2995 3498 3295 3553 veritatem
3328 3515 3480 3563 amo,
3514 3497 3559 3552 si
3596 3497 3798 3551 amici-

2157 3589 2300 3643 tiam
2331 3588 2530 3660 diligo,
2562 3589 2610 3642 si
2645 3586 2896 3642 multum
2930 3592 3124 3642 metuo
3157 3603 3226 3642 ne
3261 3585 3507 3641 fallaris.

2225 3713 2455 3769 CAPUT
2487 3713 2582 3768 ΙΙΙ.
2610 3745 2672 3753 -
2702 3715 2753 3767 5.
2777 3713 3131 3781 Quadruplex
3149 3715 3452 3782 scripturas
3481 3713 3672 3768 Veteris
3701 3713 3792 3766 Te-

2152 3805 2411 3858 stamenti
2428 3802 2710 3858 tractandi
2733 3804 2904 3857 ratio.
2940 3803 3178 3857 Historia
3208 3808 3263 3857 et
3277 3803 3551 3872 aetiologia
3569 3803 3622 3856 in
3646 3802 3794 3856 Scri-

2147 3893 2645 3964 pturis.Analogia.
2670 3893 2969 3963 Allegoria.
3006 3892 3113 3946 Leo:
3137 3908 3247 3946 non
3268 3893 3572 3946 necessaria
3591 3892 3704 3944 nisi
3724 3892 3795 3945 iis

2148 3983 2343 4053 quibus
2375 3983 2524 4036 utilis
2553 3989 2629 4036 est
2657 3982 2890 4036 servitus
2920 3997 2983 4035 ac
3014 3982 3198 4036 timor.
3233 3982 3490 4050 Mysteria
3520 3981 3578 4033 in
3622 3981 3794 4034 veteri

2151 4072 2283 4141 Lege
2306 4072 2496 4126 velata.
2532 4071 2736 4125 ()mnis
2765 4070 2942 4140 igitur
2961 4070 3280 4142 Scriptura,
3305 4087 3429 4140 quae
3446 4070 3789 4124 Testamen-

2145 4169 2271 4216 tum
2294 4161 2470 4216 V'etus
2488 4158 3057 4230 vocatur,diligenter
3079 4176 3204 4214 eam
3231 4175 3400 4214 nosse
3417 4158 3788 4230 cupientibus

2148 4248 3124 4322 quadrifariatraditur;secundum
3141 4247 3781 4313 historiam,secundun

2146 4338 2514 4410 aetiologiam,
2532 4338 2854 4392 secundum
2874 4337 3550 4408 analogiam,secundum
3575 4335 3791 4406 allego-

2148 4429 2404 4483 riam.Ne
2419 4444 2507 4482 me
2531 4427 2793 4498 ineptum
2814 4431 3000 4496 putes,
3028 4427 3231 4497 graecis
3256 4427 3593 4480 nominibus
3618 4430 3785 4478 uten-

2146 4521 2286 4572 tem.
2319 4517 2577 4571 Primum
2613 4514 2750 4586 quia
2781 4515 2863 4570 sic
2914 4514 3125 4586 accepi,
3178 4532 3282 4569 nec
3332 4515 3434 4569 tibi
3481 4515 3587 4568 hoc
3619 4513 3787 4568 aliter

2147 4607 2328 4661 audeo
2353 4606 2622 4660 intimare
2647 4621 2824 4674 quam
2847 4604 3062 4675 accepi.
3089 4603 3306 4659 Deinde
3328 4608 3390 4658 tu
3417 4620 3644 4674 quoque
3669 4602 3787 4657 ani-

2146 4695 2481 4760 madvertis,
2516 4710 2627 4747 non
2653 4708 2780 4747 esse
2804 4691 3013 4746 harum
3039 4709 3231 4747 rerum
3260 4693 3410 4763 apud
3441 4709 3545 4746 nos
3571 4691 3790 4746 usitata

2147 4784 2421 4840 nomina:
2453 4800 2578 4855 quae
2610 4781 2659 4837 si
2695 4781 3068 4836 fabricassem
3101 4782 3558 4852 interpretando,
3596 4797 3787 4836 essem

2144 4871 2766 4948 profectoineptior;si
2817 4876 3011 4926 autem
3050 4871 3562 4943 circumloquerer,
3589 4870 3788 4925 minus

2144 4979 2331 5019 essem
2357 4963 2413 5015 in
2435 4961 2772 5016 disserendo
2791 4960 3179 5031 expeditus.ld
3198 4965 3427 5015 tantum
3449 4977 3546 5014 oro
3560 4960 3786 5027 credas,

2141 5067 2372 5124 quoquo
2396 5051 2565 5105 modo
2596 5066 2805 5117 errem,
2838 5048 2980 5103 nihil
3013 5066 3046 5104 a
3089 5066 3182 5104 me
3232 5049 3431 5104 inﬂato
3466 5065 3530 5103 ac
3560 5047 3789 5104 tumido

2146 5141 2623 5197 ﬁeri.Secundum
2642 5138 2943 5193 historiam
2962 5155 3096 5209 ergo
3109 5139 3380 5205 traditur,
3396 5155 3528 5192 cum
3545 5140 3788 5192 docetur

2144 5231 2282 5303 quid
2298 5231 2604 5301 scriptum,
2621 5233 2721 5282 aut
2736 5228 2875 5298 quid
2890 5233 3053 5299 gestu
3066 5245 3116 5282 m
3139 5228 3379 5298 sit;quid
3403 5245 3516 5281 non
3533 5231 3787 5298 gestum,

2144 5322 2241 5377 sed
2274 5317 2680 5375 tantummodo
2698 5317 2982 5388 scriptum
3007 5319 3172 5387 quasi
3195 5322 3424 5388 gestum
3451 5316 3547 5370 sit.
3577 5322 3790 5371 Secun-

2143 5411 2286 5464 dum
2316 5405 2680 5477 zetiologiam,
2707 5422 2838 5459 cum
2863 5406 3190 5460 ostenditur
3213 5406 3350 5476 quid
3377 5422 3492 5477 qua
3515 5405 3584 5458 de
3606 5420 3786 5460 causa

2143 5500 2231 5553 vel
2261 5499 2474 5552 factum
2494 5494 2814 5549 veldictum
2838 5494 3270 5548 sit.Secundum
3290 5494 3782 5565 analogiam,cum

2144 5588 2580 5643 demonstratur
2605 5598 2719 5636 non
2750 5581 2860 5637 sibi
2891 5583 3182 5638 adversari
3216 5584 3328 5638 duo
3387 5584 3786 5650 Testamenta,

2145 5680 2326 5733 Vetus
2348 5679 2403 5730 et
2422 5674 2578 5728 Novu
2591 5672 3010 5728 m.Secundum
3029 5671 3526 5745 allegoriam.cum
3542 5674 3787 5727 docetur

2145 5782 2261 5825 non
2283 5765 2354 5824 ad
2376 5763 2633 5823 litteram
2654 5777 2781 5820 esse
2801 5760 3408 5836 accipiendaquaedam
3424 5778 3549 5835 quae
3563 5761 3786 5834 scripta
