  <div class='ocr_page' id='page_1' title='image "/cluster/home/n/w/nwhite01/storage/ocr_20150623/42/umn.31951d02850084t/040.png"; bbox 0 0 4012 6460; ppageno 0'>
   <div class='ocr_carea' id='block_1_1' title="bbox 196 409 1880 517">
    <p class='ocr_par' dir='ltr' id='par_1_1' title="bbox 196 445 1875 510">
     <span class='ocr_line' id='line_1_1' title="bbox 196 445 1875 510; baseline -0.001 -1"><span class='ocrx_word' id='word_1_1' title='bbox 196 448 275 510; x_wconf 88' lang='grc'><strong>69</strong></span> <span class='ocrx_word' id='word_1_2' title='bbox 1550 484 1561 495; x_wconf 74' lang='grc' dir='ltr'><strong><em>σ</em></strong></span> <span class='ocrx_word' id='word_1_3' title='bbox 1641 445 1875 509; x_wconf 79' lang='lat' dir='ltr'><strong>LIBER</strong></span> 
     </span>
    </p>
   </div>
   <div class='ocr_carea' id='block_1_2' title="bbox 1984 409 3612 517">
    <p class='ocr_par' dir='ltr' id='par_1_2' title="bbox 1986 447 3612 517">
     <span class='ocr_line' id='line_1_2' title="bbox 1986 447 3612 517; baseline 0.004 -8"><span class='ocrx_word' id='word_1_4' title='bbox 1986 447 2169 511; x_wconf 82' lang='lat' dir='ltr'><strong>NUS.</strong></span> <span class='ocrx_word' id='word_1_5' title='bbox 3530 456 3612 517; x_wconf 78' lang='lat'><strong>70</strong></span> 
     </span>
    </p>
   </div>
   <div class='ocr_carea' id='block_1_3' title="bbox 198 582 1213 656">
    <p class='ocr_par' dir='ltr' id='par_1_3' title="bbox 198 582 1213 656">
     <span class='ocr_line' id='line_1_3' title="bbox 198 582 1213 656; baseline 0.004 -19"><span class='ocrx_word' id='word_1_6' title='bbox 198 584 363 649; x_wconf 87' lang='lat' dir='ltr'><strong>sunt,</strong></span> <span class='ocrx_word' id='word_1_7' title='bbox 395 582 499 637; x_wconf 91' lang='lat' dir='ltr'><strong>sed</strong></span> <span class='ocrx_word' id='word_1_8' title='bbox 536 584 785 655; x_wconf 77' lang='lat' dir='ltr'><strong>figurate</strong></span> <span class='ocrx_word' id='word_1_9' title='bbox 814 583 1213 656; x_wconf 87' lang='lat' dir='ltr'><strong>intelligenda.</strong></span> 
     </span>
    </p>
   </div>
   <div class='ocr_carea' id='block_1_4' title="bbox 270 669 1855 730">
    <p class='ocr_par' dir='ltr' id='par_1_4' title="bbox 270 669 1855 730">
     <span class='ocr_line' id='line_1_4' title="bbox 270 669 1855 730; baseline 0 -5"><span class='ocrx_word' id='word_1_10' title='bbox 270 672 330 726; x_wconf 85' lang='lat'><strong>6.</strong></span> <span class='ocrx_word' id='word_1_11' title='bbox 354 671 459 728; x_wconf 86' lang='lat' dir='ltr'><strong>His</strong></span> <span class='ocrx_word' id='word_1_12' title='bbox 480 673 757 729; x_wconf 89' lang='lat' dir='ltr'><strong>omnibus</strong></span> <span class='ocrx_word' id='word_1_13' title='bbox 780 673 967 730; x_wconf 92' lang='lat' dir='ltr'><strong>modis</strong></span> <span class='ocrx_word' id='word_1_14' title='bbox 990 674 1271 730; x_wconf 82' lang='lat' dir='ltr'><strong>Dominus</strong></span> <span class='ocrx_word' id='word_1_15' title='bbox 1292 676 1491 730; x_wconf 81' lang='lat' dir='ltr'><strong>noster</strong></span> <span class='ocrx_word' id='word_1_16' title='bbox 1505 673 1679 730; x_wconf 87' lang='lat' dir='ltr'><strong>Jesus</strong></span> <span class='ocrx_word' id='word_1_17' title='bbox 1695 669 1855 727; x_wconf 84' lang='lat' dir='ltr'><strong>Chri-</strong></span> 
     </span>
    </p>
   </div>
   <div class='ocr_carea' id='block_1_5' title="bbox 201 762 1855 834">
    <p class='ocr_par' dir='ltr' id='par_1_5' title="bbox 201 762 1855 834">
     <span class='ocr_line' id='line_1_5' title="bbox 201 762 1855 834; baseline -0.001 -18"><span class='ocrx_word' id='word_1_18' title='bbox 201 765 339 816; x_wconf 87' lang='lat' dir='ltr'><strong>stus</strong></span> <span class='ocrx_word' id='word_1_19' title='bbox 356 766 413 817; x_wconf 90' lang='lat' dir='ltr'><strong>et</strong></span> <span class='ocrx_word' id='word_1_20' title='bbox 431 762 693 834; x_wconf 86' lang='lat' dir='ltr'><strong>Apostoli</strong></span> <span class='ocrx_word' id='word_1_21' title='bbox 717 764 805 819; x_wconf 90' lang='lat' dir='ltr'><strong>usi</strong></span> <span class='ocrx_word' id='word_1_22' title='bbox 829 768 986 819; x_wconf 91' lang='lat' dir='ltr'><strong>sunt.</strong></span> <span class='ocrx_word' id='word_1_23' title='bbox 1010 764 1157 820; x_wconf 90' lang='lat' dir='ltr'><strong>Nam</strong></span> <span class='ocrx_word' id='word_1_24' title='bbox 1180 765 1251 821; x_wconf 93' lang='lat' dir='ltr'><strong>de</strong></span> <span class='ocrx_word' id='word_1_25' title='bbox 1267 763 1512 821; x_wconf 74' lang='lat' dir='ltr'><strong>historia</strong></span> <span class='ocrx_word' id='word_1_26' title='bbox 1528 762 1673 817; x_wconf 90' lang='lat' dir='ltr'><strong>illud</strong></span> <span class='ocrx_word' id='word_1_27' title='bbox 1696 776 1855 818; x_wconf 83' lang='lat' dir='ltr'><strong>sum—</strong></span> 
     </span>
    </p>
   </div>
   <div class='ocr_carea' id='block_1_6' title="bbox 202 846 1855 924">
    <p class='ocr_par' dir='ltr' id='par_1_6' title="bbox 202 846 1855 924">
     <span class='ocr_line' id='line_1_6' title="bbox 202 846 1855 924; baseline -0.001 -21"><span class='ocrx_word' id='word_1_28' title='bbox 202 852 378 919; x_wconf 87' lang='lat' dir='ltr'><strong>ptum</strong></span> <span class='ocrx_word' id='word_1_29' title='bbox 412 854 519 915; x_wconf 88' lang='lat' dir='ltr'><strong>est,</strong></span> <span class='ocrx_word' id='word_1_30' title='bbox 572 865 707 904; x_wconf 90' lang='lat' dir='ltr'><strong>cum</strong></span> <span class='ocrx_word' id='word_1_31' title='bbox 758 850 1054 921; x_wconf 88' lang='lat' dir='ltr'><strong>objectum</strong></span> <span class='ocrx_word' id='word_1_32' title='bbox 1104 856 1278 922; x_wconf 85' lang='lat' dir='ltr'><strong>esset,</strong></span> <span class='ocrx_word' id='word_1_33' title='bbox 1321 852 1475 924; x_wconf 90' lang='lat' dir='ltr'><strong>quod</strong></span> <span class='ocrx_word' id='word_1_34' title='bbox 1506 850 1599 907; x_wconf 89' lang='lat' dir='ltr'><strong>die</strong></span> <span class='ocrx_word' id='word_1_35' title='bbox 1628 846 1855 907; x_wconf 80' lang='lat' dir='ltr'><strong>sabbati</strong></span> 
     </span>
    </p>
   </div>
   <div class='ocr_carea' id='block_1_7' title="bbox 208 935 1858 1013">
    <p class='ocr_par' dir='ltr' id='par_1_7' title="bbox 208 935 1858 1013">
     <span class='ocr_line' id='line_1_7' title="bbox 208 935 1858 1013; baseline 0.001 -22"><span class='ocrx_word' id='word_1_36' title='bbox 208 935 488 1009; x_wconf 82' lang='lat' dir='ltr'><strong>discipuli</strong></span> <span class='ocrx_word' id='word_1_37' title='bbox 508 938 640 1010; x_wconf 90' lang='lat' dir='ltr'><strong>ejus</strong></span> <span class='ocrx_word' id='word_1_38' title='bbox 656 939 849 1011; x_wconf 89' lang='lat' dir='ltr'><strong>spicas</strong></span> <span class='ocrx_word' id='word_1_39' title='bbox 864 940 1215 997; x_wconf 88' lang='lat' dir='ltr'><strong>evulsissent</strong></span> <span class='ocrx_word' id='word_1_40' title='bbox 1229 956 1243 996; x_wconf 87' lang='lat'>:</span> <span class='ocrx_word' id='word_1_41' title='bbox 1257 942 1373 997; x_wconf 87' lang='lat' dir='ltr'><strong>Non</strong></span> <span class='ocrx_word' id='word_1_42' title='bbox 1390 941 1620 1013; x_wconf 87' lang='lat' dir='ltr'><strong>legistis,</strong></span> <span class='ocrx_word' id='word_1_43' title='bbox 1642 939 1858 1010; x_wconf 83' lang='lat' dir='ltr'><strong>inquit,</strong></span> 
     </span>
    </p>
   </div>
   <div class='ocr_carea' id='block_1_8' title="bbox 208 1026 1859 1102">
    <p class='ocr_par' dir='ltr' id='par_1_8' title="bbox 208 1026 1859 1102">
     <span class='ocr_line' id='line_1_8' title="bbox 208 1026 1859 1102; baseline 0.001 -21"><span class='ocrx_word' id='word_1_44' title='bbox 208 1027 367 1097; x_wconf 84' lang='lat' dir='ltr'><strong>quod</strong></span> <span class='ocrx_word' id='word_1_45' title='bbox 393 1027 525 1097; x_wconf 84' lang='lat' dir='ltr'><strong>fecit</strong></span> <span class='ocrx_word' id='word_1_46' title='bbox 558 1026 748 1094; x_wconf 89' lang='lat' dir='ltr'><strong>David,</strong></span> <span class='ocrx_word' id='word_1_47' title='bbox 778 1043 903 1083; x_wconf 87' lang='lat' dir='ltr'><strong>cum</strong></span> <span class='ocrx_word' id='word_1_48' title='bbox 930 1029 1179 1101; x_wconf 85' lang='lat' dir='ltr'><strong>esuriret,</strong></span> <span class='ocrx_word' id='word_1_49' title='bbox 1210 1033 1263 1085; x_wconf 88' lang='lat' dir='ltr'><strong>et</strong></span> <span class='ocrx_word' id='word_1_50' title='bbox 1289 1031 1390 1102; x_wconf 97' lang='lat' dir='ltr'><strong>qui</strong></span> <span class='ocrx_word' id='word_1_51' title='bbox 1417 1046 1542 1086; x_wconf 88' lang='lat' dir='ltr'><strong>cum</strong></span> <span class='ocrx_word' id='word_1_52' title='bbox 1572 1044 1633 1085; x_wconf 88' lang='lat' dir='ltr'><strong>eo</strong></span> <span class='ocrx_word' id='word_1_53' title='bbox 1659 1034 1859 1095; x_wconf 84' lang='lat' dir='ltr'><strong>erant;</strong></span> 
     </span>
    </p>
   </div>
   <div class='ocr_carea' id='block_1_9' title="bbox 213 1114 1861 1190">
    <p class='ocr_par' dir='ltr' id='par_1_9' title="bbox 213 1114 1861 1190">
     <span class='ocr_line' id='line_1_9' title="bbox 213 1114 1861 1190; baseline 0.001 -21"><span class='ocrx_word' id='word_1_54' title='bbox 213 1114 486 1185; x_wconf 86' lang='lat' dir='ltr'><strong>quomodo</strong></span> <span class='ocrx_word' id='word_1_55' title='bbox 507 1116 744 1171; x_wconf 77' lang='lat' dir='ltr'><strong>intravit</strong></span> <span class='ocrx_word' id='word_1_56' title='bbox 762 1115 823 1172; x_wconf 89' lang='lat' dir='ltr'><strong>in</strong></span> <span class='ocrx_word' id='word_1_57' title='bbox 842 1114 1066 1172; x_wconf 87' lang='lat' dir='ltr'><strong>domum</strong></span> <span class='ocrx_word' id='word_1_58' title='bbox 1084 1117 1204 1188; x_wconf 89' lang='lat' dir='ltr'><strong>Dei,</strong></span> <span class='ocrx_word' id='word_1_59' title='bbox 1228 1125 1281 1173; x_wconf 88' lang='lat' dir='ltr'><strong>et</strong></span> <span class='ocrx_word' id='word_1_60' title='bbox 1288 1133 1459 1190; x_wconf 84' lang='lat' dir='ltr'><strong>panes</strong></span> <span class='ocrx_word' id='word_1_61' title='bbox 1473 1117 1861 1190; x_wconf 76' lang='lat' dir='ltr'><strong>propositionis</strong></span> 
     </span>
    </p>
   </div>
   <div class='ocr_carea' id='block_1_10' title="bbox 210 1203 1861 1277">
    <p class='ocr_par' dir='ltr' id='par_1_10' title="bbox 210 1203 1861 1277">
     <span class='ocr_line' id='line_1_10' title="bbox 210 1203 1861 1277; baseline 0.001 -17"><span class='ocrx_word' id='word_1_62' title='bbox 210 1204 590 1275; x_wconf 80' lang='lat' dir='ltr'><strong>manducavit,</strong></span> <span class='ocrx_word' id='word_1_63' title='bbox 614 1220 747 1277; x_wconf 89' lang='lat' dir='ltr'><strong>quos</strong></span> <span class='ocrx_word' id='word_1_64' title='bbox 765 1220 878 1261; x_wconf 87' lang='lat' dir='ltr'><strong>non</strong></span> <span class='ocrx_word' id='word_1_65' title='bbox 902 1203 1101 1262; x_wconf 91' lang='lat' dir='ltr'><strong>licebat</strong></span> <span class='ocrx_word' id='word_1_66' title='bbox 1126 1207 1181 1262; x_wconf 90' lang='lat' dir='ltr'><strong>ei</strong></span> <span class='ocrx_word' id='word_1_67' title='bbox 1209 1208 1560 1276; x_wconf 82' lang='lat' dir='ltr'><strong>manducare,</strong></span> <span class='ocrx_word' id='word_1_68' title='bbox 1590 1221 1763 1277; x_wconf 88' lang='lat' dir='ltr'><strong>neque</strong></span> <span class='ocrx_word' id='word_1_69' title='bbox 1782 1206 1861 1261; x_wconf 87' lang='lat' dir='ltr'><strong>eis</strong></span> 
     </span>
    </p>
   </div>
   <div class='ocr_carea' id='block_1_11' title="bbox 211 1294 1859 1369">
    <p class='ocr_par' dir='ltr' id='par_1_11' title="bbox 211 1294 1859 1369">
     <span class='ocr_line' id='line_1_11' title="bbox 211 1294 1859 1369; baseline 0.001 -21"><span class='ocrx_word' id='word_1_70' title='bbox 211 1294 321 1365; x_wconf 86' lang='lat' dir='ltr'><strong>qui</strong></span> <span class='ocrx_word' id='word_1_71' title='bbox 349 1309 476 1349; x_wconf 87' lang='lat' dir='ltr'><strong>cum</strong></span> <span class='ocrx_word' id='word_1_72' title='bbox 503 1309 564 1349; x_wconf 88' lang='lat' dir='ltr'><strong>eo</strong></span> <span class='ocrx_word' id='word_1_73' title='bbox 602 1298 780 1359; x_wconf 86' lang='lat' dir='ltr'><strong>erant,</strong></span> <span class='ocrx_word' id='word_1_74' title='bbox 812 1295 926 1350; x_wconf 88' lang='lat' dir='ltr'><strong>nisi</strong></span> <span class='ocrx_word' id='word_1_75' title='bbox 953 1295 1086 1351; x_wconf 87' lang='lat' dir='ltr'><strong>solis</strong></span> <span class='ocrx_word' id='word_1_76' title='bbox 1112 1295 1475 1353; x_wconf 72' lang='lat' dir='ltr'><strong>sacerdotibus</strong></span> <span class='ocrx_word' id='word_1_77' title='bbox 1504 1297 1724 1369; x_wconf 83' lang='lat' dir='ltr'><strong>(Matth.</strong></span> <span class='ocrx_word' id='word_1_78' title='bbox 1758 1310 1859 1366; x_wconf 82' lang='lat' dir='ltr'><strong>xu,</strong></span> 
     </span>
    </p>
   </div>
   <div class='ocr_carea' id='block_1_12' title="bbox 211 1381 1861 1458">
    <p class='ocr_par' dir='ltr' id='par_1_12' title="bbox 211 1381 1861 1458">
     <span class='ocr_line' id='line_1_12' title="bbox 211 1381 1861 1458; baseline 0.002 -22"><span class='ocrx_word' id='word_1_79' title='bbox 211 1382 269 1450; x_wconf 88' lang='lat'><strong>3,</strong></span> <span class='ocrx_word' id='word_1_80' title='bbox 296 1381 392 1454; x_wconf 66' lang='lat'><strong>4)?</strong></span> <span class='ocrx_word' id='word_1_81' title='bbox 417 1382 500 1437; x_wconf 83' lang='lat' dir='ltr'><strong>Ad</strong></span> <span class='ocrx_word' id='word_1_82' title='bbox 522 1382 873 1455; x_wconf 66' lang='lat' dir='ltr'><strong>aztiologiam</strong></span> <span class='ocrx_word' id='word_1_83' title='bbox 892 1400 1027 1440; x_wconf 90' lang='lat' dir='ltr'><strong>vero</strong></span> <span class='ocrx_word' id='word_1_84' title='bbox 1055 1383 1199 1440; x_wconf 91' lang='lat' dir='ltr'><strong>illud</strong></span> <span class='ocrx_word' id='word_1_85' title='bbox 1239 1385 1507 1458; x_wconf 83' lang='lat' dir='ltr'><strong>pertinet,</strong></span> <span class='ocrx_word' id='word_1_86' title='bbox 1540 1385 1696 1458; x_wconf 91' lang='lat' dir='ltr'><strong>quod</strong></span> <span class='ocrx_word' id='word_1_87' title='bbox 1727 1400 1861 1440; x_wconf 89' lang='lat' dir='ltr'><strong>cum</strong></span> 
     </span>
    </p>
   </div>
   <div class='ocr_carea' id='block_1_13' title="bbox 213 1470 1863 1546">
    <p class='ocr_par' dir='ltr' id='par_1_13' title="bbox 213 1470 1863 1546">
     <span class='ocr_line' id='line_1_13' title="bbox 213 1470 1863 1546; baseline 0.001 -19"><span class='ocrx_word' id='word_1_88' title='bbox 213 1470 490 1527; x_wconf 83' lang='lat' dir='ltr'><strong>Christus</strong></span> <span class='ocrx_word' id='word_1_89' title='bbox 512 1471 912 1545; x_wconf 85' lang='lat' dir='ltr'><strong>prohibuisset</strong></span> <span class='ocrx_word' id='word_1_90' title='bbox 930 1490 1167 1530; x_wconf 86' lang='lat' dir='ltr'><strong>uxorem</strong></span> <span class='ocrx_word' id='word_1_91' title='bbox 1189 1475 1382 1546; x_wconf 87' lang='lat' dir='ltr'><strong>abjici,</strong></span> <span class='ocrx_word' id='word_1_92' title='bbox 1400 1475 1514 1531; x_wconf 76' lang='lat' dir='ltr'><strong>nisi</strong></span> <span class='ocrx_word' id='word_1_93' title='bbox 1530 1474 1863 1530; x_wconf 84' lang='lat' dir='ltr'><strong>fornicatio-</strong></span> 
     </span>
    </p>
   </div>
   <div class='ocr_carea' id='block_1_14' title="bbox 218 1560 1863 1637">
    <p class='ocr_par' dir='ltr' id='par_1_14' title="bbox 218 1560 1863 1637">
     <span class='ocr_line' id='line_1_14' title="bbox 218 1560 1863 1637; baseline 0.002 -21"><span class='ocrx_word' id='word_1_94' title='bbox 218 1560 316 1616; x_wconf 91' lang='lat' dir='ltr'><strong>nis</strong></span> <span class='ocrx_word' id='word_1_95' title='bbox 339 1577 537 1625; x_wconf 89' lang='lat' dir='ltr'><strong>causa,</strong></span> <span class='ocrx_word' id='word_1_96' title='bbox 560 1562 926 1633; x_wconf 83' lang='lat' dir='ltr'><strong>relatumque</strong></span> <span class='ocrx_word' id='word_1_97' title='bbox 942 1568 1098 1619; x_wconf 87' lang='lat' dir='ltr'><strong>esset</strong></span> <span class='ocrx_word' id='word_1_98' title='bbox 1113 1563 1186 1620; x_wconf 91' lang='lat' dir='ltr'><strong>ab</strong></span> <span class='ocrx_word' id='word_1_99' title='bbox 1203 1563 1719 1637; x_wconf 82' lang='lat' dir='ltr'><strong>interrogantibus,</strong></span> <span class='ocrx_word' id='word_1_100' title='bbox 1744 1562 1863 1619; x_wconf 87' lang='lat' dir='ltr'><strong>Mo-</strong></span> 
     </span>
    </p>
   </div>
   <div class='ocr_carea' id='block_1_15' title="bbox 216 1648 1865 1724">
    <p class='ocr_par' dir='ltr' id='par_1_15' title="bbox 216 1648 1865 1724">
     <span class='ocr_line' id='line_1_15' title="bbox 216 1648 1865 1724; baseline 0.001 -19"><span class='ocrx_word' id='word_1_101' title='bbox 216 1666 365 1723; x_wconf 80' lang='lat' dir='ltr'><strong>ysen</strong></span> <span class='ocrx_word' id='word_1_102' title='bbox 388 1648 586 1705; x_wconf 91' lang='lat' dir='ltr'><strong>libello</strong></span> <span class='ocrx_word' id='word_1_103' title='bbox 607 1650 744 1706; x_wconf 89' lang='lat' dir='ltr'><strong>dato</strong></span> <span class='ocrx_word' id='word_1_104' title='bbox 769 1651 994 1723; x_wconf 89' lang='lat' dir='ltr'><strong>repudii</strong></span> <span class='ocrx_word' id='word_1_105' title='bbox 1018 1652 1355 1724; x_wconf 86' lang='lat' dir='ltr'><strong>permisisse</strong></span> <span class='ocrx_word' id='word_1_106' title='bbox 1374 1652 1700 1709; x_wconf 84' lang='lat' dir='ltr'><strong>licentiam:</strong></span> <span class='ocrx_word' id='word_1_107' title='bbox 1725 1652 1865 1721; x_wconf 88' lang='lat' dir='ltr'><strong>Hoc,</strong></span> 
     </span>
    </p>
   </div>
   <div class='ocr_carea' id='block_1_16' title="bbox 221 1738 1871 1813">
    <p class='ocr_par' dir='ltr' id='par_1_16' title="bbox 221 1738 1871 1813">
     <span class='ocr_line' id='line_1_16' title="bbox 221 1738 1871 1813; baseline 0.002 -20"><span class='ocrx_word' id='word_1_108' title='bbox 221 1738 437 1810; x_wconf 88' lang='lat' dir='ltr'><strong>inquit,</strong></span> <span class='ocrx_word' id='word_1_109' title='bbox 490 1738 694 1812; x_wconf 78' lang='lat' dir='ltr'><strong>Moyses</strong></span> <span class='ocrx_word' id='word_1_110' title='bbox 734 1742 865 1812; x_wconf 81' lang='lat' dir='ltr'><strong>fecit</strong></span> <span class='ocrx_word' id='word_1_111' title='bbox 908 1744 1128 1813; x_wconf 83' lang='lat' dir='ltr'><strong>propter</strong></span> <span class='ocrx_word' id='word_1_112' title='bbox 1173 1741 1434 1798; x_wconf 87' lang='lat' dir='ltr'><strong>dusitiam</strong></span> <span class='ocrx_word' id='word_1_113' title='bbox 1484 1742 1659 1799; x_wconf 82' lang='lat' dir='ltr'><strong>cordis</strong></span> <span class='ocrx_word' id='word_1_114' title='bbox 1695 1742 1871 1797; x_wconf 88' lang='lat' dir='ltr'><strong>vestri</strong></span> 
     </span>
    </p>
   </div>
   <div class='ocr_carea' id='block_1_17' title="bbox 220 1828 1866 1899">
    <p class='ocr_par' dir='ltr' id='par_1_17' title="bbox 220 1828 1866 1899">
     <span class='ocr_line' id='line_1_17' title="bbox 220 1828 1866 1899; baseline 0 -15"><span class='ocrx_word' id='word_1_115' title='bbox 220 1828 327 1899; x_wconf 83' lang='lat' dir='ltr'><strong>(Id.</strong></span> <span class='ocrx_word' id='word_1_116' title='bbox 354 1843 474 1899; x_wconf 77' lang='lat' dir='ltr'><strong>x1x,</strong></span> <span class='ocrx_word' id='word_1_117' title='bbox 506 1828 586 1897; x_wconf 90' lang='lat'><strong>8).</strong></span> <span class='ocrx_word' id='word_1_118' title='bbox 636 1828 740 1884; x_wconf 89' lang='lat' dir='ltr'><strong>Hic</strong></span> <span class='ocrx_word' id='word_1_119' title='bbox 787 1828 943 1885; x_wconf 90' lang='lat' dir='ltr'><strong>enim</strong></span> <span class='ocrx_word' id='word_1_120' title='bbox 989 1845 1169 1887; x_wconf 85' lang='lat' dir='ltr'><strong>causa</strong></span> <span class='ocrx_word' id='word_1_121' title='bbox 1216 1832 1442 1888; x_wconf 88' lang='lat' dir='ltr'><strong>reddita</strong></span> <span class='ocrx_word' id='word_1_122' title='bbox 1470 1836 1560 1888; x_wconf 90' lang='lat' dir='ltr'><strong>est</strong></span> <span class='ocrx_word' id='word_1_123' title='bbox 1591 1848 1694 1886; x_wconf 90' lang='lat' dir='ltr'><strong>cur</strong></span> <span class='ocrx_word' id='word_1_124' title='bbox 1721 1830 1866 1885; x_wconf 90' lang='lat' dir='ltr'><strong>illud</strong></span> 
     </span>
    </p>
   </div>
   <div class='ocr_carea' id='block_1_18' title="bbox 220 1918 1868 1992">
    <p class='ocr_par' dir='ltr' id='par_1_18' title="bbox 220 1918 1868 1992">
     <span class='ocr_line' id='line_1_18' title="bbox 220 1918 1868 1992; baseline -0.001 -19"><span class='ocrx_word' id='word_1_125' title='bbox 220 1934 256 1973; x_wconf 90' lang='lat' dir='ltr'><strong>a</strong></span> <span class='ocrx_word' id='word_1_126' title='bbox 292 1918 488 1989; x_wconf 79' lang='lat' dir='ltr'><strong>Moyse</strong></span> <span class='ocrx_word' id='word_1_127' title='bbox 518 1933 621 1989; x_wconf 92' lang='lat' dir='ltr'><strong>pro</strong></span> <span class='ocrx_word' id='word_1_128' title='bbox 652 1922 910 1989; x_wconf 90' lang='lat' dir='ltr'><strong>tempore</strong></span> <span class='ocrx_word' id='word_1_129' title='bbox 940 1919 1085 1975; x_wconf 90' lang='lat' dir='ltr'><strong>bene</strong></span> <span class='ocrx_word' id='word_1_130' title='bbox 1134 1920 1486 1992; x_wconf 86' lang='lat' dir='ltr'><strong>permissum</strong></span> <span class='ocrx_word' id='word_1_131' title='bbox 1519 1920 1595 1977; x_wconf 89' lang='lat' dir='ltr'><strong>sit</strong></span> <span class='ocrx_word' id='word_1_132' title='bbox 1621 1938 1634 1988; x_wconf 90' lang='lat'><strong>;</strong></span> <span class='ocrx_word' id='word_1_133' title='bbox 1669 1923 1733 1975; x_wconf 89' lang='lat' dir='ltr'><strong>ut</strong></span> <span class='ocrx_word' id='word_1_134' title='bbox 1760 1918 1868 1973; x_wconf 91' lang='lat' dir='ltr'><strong>hoc</strong></span> 
     </span>
    </p>
   </div>
   <div class='ocr_carea' id='block_1_19' title="bbox 223 2005 1870 2082">
    <p class='ocr_par' dir='ltr' id='par_1_19' title="bbox 223 2005 1870 2082">
     <span class='ocr_line' id='line_1_19' title="bbox 223 2005 1870 2082; baseline 0 -20"><span class='ocrx_word' id='word_1_135' title='bbox 223 2006 384 2079; x_wconf 90' lang='lat' dir='ltr'><strong>quod</strong></span> <span class='ocrx_word' id='word_1_136' title='bbox 410 2005 675 2062; x_wconf 89' lang='lat' dir='ltr'><strong>Christus</strong></span> <span class='ocrx_word' id='word_1_137' title='bbox 694 2006 1083 2079; x_wconf 71' lang='lat' dir='ltr'><strong>praacipiebat,</strong></span> <span class='ocrx_word' id='word_1_138' title='bbox 1099 2007 1343 2081; x_wconf 89' lang='lat' dir='ltr'><strong>aliajam</strong></span> <span class='ocrx_word' id='word_1_139' title='bbox 1357 2014 1625 2082; x_wconf 91' lang='lat' dir='ltr'><strong>tempora</strong></span> <span class='ocrx_word' id='word_1_140' title='bbox 1638 2010 1870 2064; x_wconf 89' lang='lat' dir='ltr'><strong>demon-</strong></span> 
     </span>
    </p>
   </div>
   <div class='ocr_carea' id='block_1_20' title="bbox 223 2094 1870 2170">
    <p class='ocr_par' dir='ltr' id='par_1_20' title="bbox 223 2094 1870 2170">
     <span class='ocr_line' id='line_1_20' title="bbox 223 2094 1870 2170; baseline 0.002 -22"><span class='ocrx_word' id='word_1_141' title='bbox 223 2099 415 2149; x_wconf 90' lang='lat' dir='ltr'><strong>strare</strong></span> <span class='ocrx_word' id='word_1_142' title='bbox 444 2094 756 2151; x_wconf 89' lang='lat' dir='ltr'><strong>videretur.</strong></span> <span class='ocrx_word' id='word_1_143' title='bbox 807 2099 1027 2152; x_wconf 88' lang='lat' dir='ltr'><strong>Horum</strong></span> <span class='ocrx_word' id='word_1_144' title='bbox 1081 2102 1275 2154; x_wconf 86' lang='lat' dir='ltr'><strong>autem</strong></span> <span class='ocrx_word' id='word_1_145' title='bbox 1321 2102 1650 2170; x_wconf 86' lang='lat' dir='ltr'><strong>temporum</strong></span> <span class='ocrx_word' id='word_1_146' title='bbox 1695 2097 1870 2166; x_wconf 89' lang='lat' dir='ltr'><strong>vices,</strong></span> 
     </span>
    </p>
   </div>
   <div class='ocr_carea' id='block_1_21' title="bbox 223 2182 1872 2259">
    <p class='ocr_par' dir='ltr' id='par_1_21' title="bbox 223 2182 1872 2259">
     <span class='ocr_line' id='line_1_21' title="bbox 223 2182 1872 2259; baseline 0.001 -22"><span class='ocrx_word' id='word_1_147' title='bbox 223 2186 412 2254; x_wconf 86' lang='lat' dir='ltr'><strong>atque</strong></span> <span class='ocrx_word' id='word_1_148' title='bbox 456 2182 721 2239; x_wconf 89' lang='lat' dir='ltr'><strong>ordinem</strong></span> <span class='ocrx_word' id='word_1_149' title='bbox 772 2184 923 2240; x_wconf 89' lang='lat' dir='ltr'><strong>mira</strong></span> <span class='ocrx_word' id='word_1_150' title='bbox 967 2186 1219 2255; x_wconf 91' lang='lat' dir='ltr'><strong>quadam</strong></span> <span class='ocrx_word' id='word_1_151' title='bbox 1269 2186 1472 2242; x_wconf 69' lang='lat' dir='ltr'><strong>divinae</strong></span> <span class='ocrx_word' id='word_1_152' title='bbox 1502 2184 1872 2259; x_wconf 62' lang='lat' dir='ltr'><strong>providentia;</strong></span> 
     </span>
    </p>
   </div>
   <div class='ocr_carea' id='block_1_22' title="bbox 227 2269 1873 2348">
    <p class='ocr_par' dir='ltr' id='par_1_22' title="bbox 227 2269 1873 2348">
     <span class='ocr_line' id='line_1_22' title="bbox 227 2269 1873 2348; baseline 0.001 -23"><span class='ocrx_word' id='word_1_153' title='bbox 227 2269 616 2342; x_wconf 86' lang='lat' dir='ltr'><strong>dispositione</strong></span> <span class='ocrx_word' id='word_1_154' title='bbox 646 2271 938 2344; x_wconf 86' lang='lat' dir='ltr'><strong>digestum</strong></span> <span class='ocrx_word' id='word_1_155' title='bbox 972 2278 1145 2347; x_wconf 90' lang='lat' dir='ltr'><strong>atque</strong></span> <span class='ocrx_word' id='word_1_156' title='bbox 1184 2276 1599 2348; x_wconf 90' lang='lat' dir='ltr'><strong>compositum,</strong></span> <span class='ocrx_word' id='word_1_157' title='bbox 1630 2274 1873 2346; x_wconf 88' lang='lat' dir='ltr'><strong>longum</strong></span> 
     </span>
    </p>
   </div>
   <div class='ocr_carea' id='block_1_23' title="bbox 227 2359 684 2430">
    <p class='ocr_par' dir='ltr' id='par_1_23' title="bbox 227 2359 684 2430">
     <span class='ocr_line' id='line_1_23' title="bbox 227 2359 684 2430; baseline -0.002 -14"><span class='ocrx_word' id='word_1_158' title='bbox 227 2365 324 2416; x_wconf 87' lang='lat' dir='ltr'><strong>est</strong></span> <span class='ocrx_word' id='word_1_159' title='bbox 353 2359 684 2430; x_wconf 84' lang='lat' dir='ltr'><strong>explanare.</strong></span> 
     </span>
    </p>
   </div>
   <div class='ocr_carea' id='block_1_24' title="bbox 302 2448 1873 2526">
    <p class='ocr_par' dir='ltr' id='par_1_24' title="bbox 302 2448 1873 2526">
     <span class='ocr_line' id='line_1_24' title="bbox 302 2448 1873 2526; baseline 0.005 -24"><span class='ocrx_word' id='word_1_160' title='bbox 302 2448 361 2503; x_wconf 89' lang='lat'><strong>7.</strong></span> <span class='ocrx_word' id='word_1_161' title='bbox 394 2448 525 2504; x_wconf 87' lang='lat' dir='ltr'><strong>Jam</strong></span> <span class='ocrx_word' id='word_1_162' title='bbox 556 2465 727 2520; x_wconf 92' lang='lat' dir='ltr'><strong>porro</strong></span> <span class='ocrx_word' id='word_1_163' title='bbox 759 2449 1142 2523; x_wconf 72' lang='lat' dir='ltr'><strong>analogiam‘,</strong></span> <span class='ocrx_word' id='word_1_164' title='bbox 1187 2467 1304 2524; x_wconf 90' lang='lat' dir='ltr'><strong>qua</strong></span> <span class='ocrx_word' id='word_1_165' title='bbox 1336 2452 1641 2526; x_wconf 90' lang='lat' dir='ltr'><strong>utriusque</strong></span> <span class='ocrx_word' id='word_1_166' title='bbox 1672 2455 1873 2509; x_wconf 87' lang='lat' dir='ltr'><strong>Testa-</strong></span> 
     </span>
    </p>
   </div>
   <div class='ocr_carea' id='block_1_25' title="bbox 232 2538 1877 2615">
    <p class='ocr_par' dir='ltr' id='par_1_25' title="bbox 232 2538 1877 2615">
     <span class='ocr_line' id='line_1_25' title="bbox 232 2538 1877 2615; baseline 0.003 -23"><span class='ocrx_word' id='word_1_167' title='bbox 232 2538 421 2593; x_wconf 90' lang='lat' dir='ltr'><strong>menti</strong></span> <span class='ocrx_word' id='word_1_168' title='bbox 441 2538 823 2610; x_wconf 87' lang='lat' dir='ltr'><strong>congruentia</strong></span> <span class='ocrx_word' id='word_1_169' title='bbox 843 2540 1214 2612; x_wconf 86' lang='lat' dir='ltr'><strong>perspicitur,</strong></span> <span class='ocrx_word' id='word_1_170' title='bbox 1236 2542 1374 2613; x_wconf 91' lang='lat' dir='ltr'><strong>quid</strong></span> <span class='ocrx_word' id='word_1_171' title='bbox 1404 2559 1510 2615; x_wconf 90' lang='lat' dir='ltr'><strong>ego</strong></span> <span class='ocrx_word' id='word_1_172' title='bbox 1526 2540 1877 2599; x_wconf 59' lang='lat' dir='ltr'><strong>dicam&#39;usos</strong></span> 
     </span>
    </p>
   </div>
   <div class='ocr_carea' id='block_1_26' title="bbox 233 2626 1877 2699">
    <p class='ocr_par' dir='ltr' id='par_1_26' title="bbox 233 2626 1877 2699">
     <span class='ocr_line' id='line_1_26' title="bbox 233 2626 1877 2699; baseline 0.003 -18"><span class='ocrx_word' id='word_1_173' title='bbox 233 2626 422 2682; x_wconf 82' lang='lat' dir='ltr'><strong>fuisse</strong></span> <span class='ocrx_word' id='word_1_174' title='bbox 452 2643 659 2683; x_wconf 90' lang='lat' dir='ltr'><strong>omnes</strong></span> <span class='ocrx_word' id='word_1_175' title='bbox 690 2644 940 2699; x_wconf 92' lang='lat' dir='ltr'><strong>quorum</strong></span> <span class='ocrx_word' id='word_1_176' title='bbox 973 2630 1305 2686; x_wconf 88' lang='lat' dir='ltr'><strong>auctoritati</strong></span> <span class='ocrx_word' id='word_1_177' title='bbox 1344 2630 1426 2686; x_wconf 91' lang='lat' dir='ltr'><strong>illi</strong></span> <span class='ocrx_word' id='word_1_178' title='bbox 1459 2632 1709 2698; x_wconf 86' lang='lat' dir='ltr'><strong>cedunt;</strong></span> <span class='ocrx_word' id='word_1_179' title='bbox 1743 2647 1877 2687; x_wconf 89' lang='lat' dir='ltr'><strong>cum</strong></span> 
     </span>
    </p>
   </div>
   <div class='ocr_carea' id='block_1_27' title="bbox 235 2716 1882 2791">
    <p class='ocr_par' dir='ltr' id='par_1_27' title="bbox 235 2716 1882 2791">
     <span class='ocr_line' id='line_1_27' title="bbox 235 2716 1882 2791; baseline 0.002 -20"><span class='ocrx_word' id='word_1_180' title='bbox 235 2732 437 2771; x_wconf 88' lang='lat' dir='ltr'><strong>secum</strong></span> <span class='ocrx_word' id='word_1_181' title='bbox 455 2716 568 2788; x_wconf 85' lang='lat' dir='ltr'><strong>ipsi</strong></span> <span class='ocrx_word' id='word_1_182' title='bbox 591 2717 958 2773; x_wconf 88' lang='lat' dir='ltr'><strong>considerare</strong></span> <span class='ocrx_word' id='word_1_183' title='bbox 980 2718 1225 2791; x_wconf 87' lang='lat' dir='ltr'><strong>possint,</strong></span> <span class='ocrx_word' id='word_1_184' title='bbox 1251 2736 1429 2791; x_wconf 92' lang='lat' dir='ltr'><strong>quam</strong></span> <span class='ocrx_word' id='word_1_185' title='bbox 1452 2721 1638 2776; x_wconf 89' lang='lat' dir='ltr'><strong>multa</strong></span> <span class='ocrx_word' id='word_1_186' title='bbox 1654 2719 1882 2776; x_wconf 86' lang='lat' dir='ltr'><strong>soleant</strong></span> 
     </span>
    </p>
   </div>
   <div class='ocr_carea' id='block_1_28' title="bbox 237 2804 1882 2881">
    <p class='ocr_par' dir='ltr' id='par_1_28' title="bbox 237 2804 1882 2881">
     <span class='ocr_line' id='line_1_28' title="bbox 237 2804 1882 2881; baseline 0.002 -22"><span class='ocrx_word' id='word_1_187' title='bbox 237 2804 429 2859; x_wconf 88' lang='lat' dir='ltr'><strong>dicere</strong></span> <span class='ocrx_word' id='word_1_188' title='bbox 455 2804 725 2860; x_wconf 89' lang='lat' dir='ltr'><strong>immissa</strong></span> <span class='ocrx_word' id='word_1_189' title='bbox 746 2821 873 2862; x_wconf 88' lang='lat' dir='ltr'><strong>esse</strong></span> <span class='ocrx_word' id='word_1_190' title='bbox 896 2806 1213 2879; x_wconf 90' lang='lat' dir='ltr'><strong>Scripturis</strong></span> <span class='ocrx_word' id='word_1_191' title='bbox 1251 2808 1463 2865; x_wconf 87' lang='lat' dir='ltr'><strong>divinis</strong></span> <span class='ocrx_word' id='word_1_192' title='bbox 1487 2826 1521 2864; x_wconf 91' lang='lat' dir='ltr'><strong>a</strong></span> <span class='ocrx_word' id='word_1_193' title='bbox 1538 2808 1732 2865; x_wconf 91' lang='lat' dir='ltr'><strong>nescio</strong></span> <span class='ocrx_word' id='word_1_194' title='bbox 1755 2808 1882 2881; x_wconf 86' lang='lat' dir='ltr'><strong>qui-</strong></span> 
     </span>
    </p>
   </div>
   <div class='ocr_carea' id='block_1_29' title="bbox 233 2893 1885 2971">
    <p class='ocr_par' dir='ltr' id='par_1_29' title="bbox 233 2893 1885 2971">
     <span class='ocr_line' id='line_1_29' title="bbox 233 2893 1885 2971; baseline 0.002 -22"><span class='ocrx_word' id='word_1_195' title='bbox 233 2894 351 2949; x_wconf 90' lang='lat' dir='ltr'><strong>bus</strong></span> <span class='ocrx_word' id='word_1_196' title='bbox 382 2893 826 2966; x_wconf 86' lang='lat' dir='ltr'><strong>corruptoribus</strong></span> <span class='ocrx_word' id='word_1_197' title='bbox 856 2895 1111 2951; x_wconf 81' lang='lat' dir='ltr'><strong>veritatis</strong></span> <span class='ocrx_word' id='word_1_198' title='bbox 1130 2896 1158 2950; x_wconf 85' lang='lat'><strong>?</strong></span> <span class='ocrx_word' id='word_1_199' title='bbox 1187 2897 1321 2962; x_wconf 61' lang='lat' dir='ltr'><strong>Quis</strong></span> <span class='ocrx_word' id='word_1_200' title='bbox 1348 2914 1457 2954; x_wconf 89' lang='lat' dir='ltr'><strong>vox</strong></span> <span class='ocrx_word' id='word_1_201' title='bbox 1487 2898 1630 2953; x_wconf 90' lang='lat' dir='ltr'><strong>mihi</strong></span> <span class='ocrx_word' id='word_1_202' title='bbox 1653 2914 1885 2971; x_wconf 89' lang='lat' dir='ltr'><strong>semper</strong></span> 
     </span>
    </p>
   </div>
   <div class='ocr_carea' id='block_1_30' title="bbox 234 2982 1886 3055">
    <p class='ocr_par' dir='ltr' id='par_1_30' title="bbox 234 2982 1886 3055">
     <span class='ocr_line' id='line_1_30' title="bbox 234 2982 1886 3055; baseline 0.004 -19"><span class='ocrx_word' id='word_1_203' title='bbox 234 2982 502 3054; x_wconf 89' lang='lat' dir='ltr'><strong>quidem,</strong></span> <span class='ocrx_word' id='word_1_204' title='bbox 526 2983 701 3038; x_wconf 91' lang='lat' dir='ltr'><strong>etiam</strong></span> <span class='ocrx_word' id='word_1_205' title='bbox 724 2998 857 3039; x_wconf 90' lang='lat' dir='ltr'><strong>cum</strong></span> <span class='ocrx_word' id='word_1_206' title='bbox 882 3000 980 3040; x_wconf 91' lang='lat' dir='ltr'><strong>eos</strong></span> <span class='ocrx_word' id='word_1_207' title='bbox 1004 2985 1293 3055; x_wconf 87' lang='lat' dir='ltr'><strong>audirem,</strong></span> <span class='ocrx_word' id='word_1_208' title='bbox 1313 2985 1737 3043; x_wconf 90' lang='lat' dir='ltr'><strong>invalidissima</strong></span> <span class='ocrx_word' id='word_1_209' title='bbox 1758 2987 1886 3043; x_wconf 89' lang='lat' dir='ltr'><strong>visa</strong></span> 
     </span>
    </p>
   </div>
   <div class='ocr_carea' id='block_1_31' title="bbox 234 3071 1884 3148">
    <p class='ocr_par' dir='ltr' id='par_1_31' title="bbox 234 3071 1884 3148">
     <span class='ocr_line' id='line_1_31' title="bbox 234 3071 1884 3148; baseline 0.002 -21"><span class='ocrx_word' id='word_1_210' title='bbox 234 3075 331 3127; x_wconf 90' lang='lat' dir='ltr'><strong>est</strong></span> <span class='ocrx_word' id='word_1_211' title='bbox 350 3088 364 3127; x_wconf 88' lang='lat'>:</span> <span class='ocrx_word' id='word_1_212' title='bbox 390 3088 496 3127; x_wconf 89' lang='lat' dir='ltr'><strong>nec</strong></span> <span class='ocrx_word' id='word_1_213' title='bbox 517 3071 661 3127; x_wconf 90' lang='lat' dir='ltr'><strong>mihi</strong></span> <span class='ocrx_word' id='word_1_214' title='bbox 680 3072 810 3142; x_wconf 92' lang='lat' dir='ltr'><strong>soli,</strong></span> <span class='ocrx_word' id='word_1_215' title='bbox 833 3074 933 3129; x_wconf 89' lang='lat' dir='ltr'><strong>sed</strong></span> <span class='ocrx_word' id='word_1_216' title='bbox 954 3073 1130 3130; x_wconf 88' lang='lat' dir='ltr'><strong>etiam</strong></span> <span class='ocrx_word' id='word_1_217' title='bbox 1147 3074 1252 3130; x_wconf 87' lang='lat' dir='ltr'><strong>tibi</strong></span> <span class='ocrx_word' id='word_1_218' title='bbox 1273 3075 1429 3147; x_wconf 79' lang='lat' dir='ltr'><strong>(nam</strong></span> <span class='ocrx_word' id='word_1_219' title='bbox 1448 3075 1597 3133; x_wconf 89' lang='lat' dir='ltr'><strong>bene</strong></span> <span class='ocrx_word' id='word_1_220' title='bbox 1619 3075 1884 3148; x_wconf 88' lang='lat' dir='ltr'><strong>memini)</strong></span> 
     </span>
    </p>
   </div>
   <div class='ocr_carea' id='block_1_32' title="bbox 235 3160 1884 3239">
    <p class='ocr_par' dir='ltr' id='par_1_32' title="bbox 235 3160 1884 3239">
     <span class='ocr_line' id='line_1_32' title="bbox 235 3160 1884 3239; baseline 0.002 -23"><span class='ocrx_word' id='word_1_221' title='bbox 235 3166 297 3216; x_wconf 87' lang='lat' dir='ltr'><strong>et</strong></span> <span class='ocrx_word' id='word_1_222' title='bbox 322 3160 492 3215; x_wconf 89' lang='lat' dir='ltr'><strong>nobis</strong></span> <span class='ocrx_word' id='word_1_223' title='bbox 513 3162 811 3229; x_wconf 90' lang='lat' dir='ltr'><strong>omnibus,</strong></span> <span class='ocrx_word' id='word_1_224' title='bbox 837 3162 936 3235; x_wconf 89' lang='lat' dir='ltr'><strong>qui</strong></span> <span class='ocrx_word' id='word_1_225' title='bbox 957 3162 1129 3235; x_wconf 90' lang='lat' dir='ltr'><strong>paulo</strong></span> <span class='ocrx_word' id='word_1_226' title='bbox 1149 3164 1428 3235; x_wconf 87' lang='lat' dir='ltr'><strong>majorem</strong></span> <span class='ocrx_word' id='word_1_227' title='bbox 1448 3165 1810 3239; x_wconf 86' lang='lat' dir='ltr'><strong>diligentiam</strong></span> <span class='ocrx_word' id='word_1_228' title='bbox 1826 3164 1884 3219; x_wconf 92' lang='lat' dir='ltr'><strong>in</strong></span> 
     </span>
    </p>
   </div>
   <div class='ocr_carea' id='block_1_33' title="bbox 230 3248 1888 3326">
    <p class='ocr_par' dir='ltr' id='par_1_33' title="bbox 230 3248 1888 3326">
     <span class='ocr_line' id='line_1_33' title="bbox 230 3248 1888 3326; baseline 0.002 -22"><span class='ocrx_word' id='word_1_229' title='bbox 230 3249 561 3322; x_wconf 86' lang='lat' dir='ltr'><strong>judicando</strong></span> <span class='ocrx_word' id='word_1_230' title='bbox 590 3248 803 3306; x_wconf 90' lang='lat' dir='ltr'><strong>habere</strong></span> <span class='ocrx_word' id='word_1_231' title='bbox 833 3252 1212 3318; x_wconf 86' lang='lat' dir='ltr'><strong>conabamur,</strong></span> <span class='ocrx_word' id='word_1_232' title='bbox 1244 3270 1421 3326; x_wconf 88' lang='lat' dir='ltr'><strong>quam</strong></span> <span class='ocrx_word' id='word_1_233' title='bbox 1452 3254 1625 3309; x_wconf 91' lang='lat' dir='ltr'><strong>turba</strong></span> <span class='ocrx_word' id='word_1_234' title='bbox 1655 3254 1888 3311; x_wconf 89' lang='lat' dir='ltr'><strong>creden-</strong></span> 
     </span>
    </p>
   </div>
   <div class='ocr_carea' id='block_1_34' title="bbox 238 3337 1888 3415">
    <p class='ocr_par' dir='ltr' id='par_1_34' title="bbox 238 3337 1888 3415">
     <span class='ocr_line' id='line_1_34' title="bbox 238 3337 1888 3415; baseline 0.003 -24"><span class='ocrx_word' id='word_1_235' title='bbox 238 3337 420 3392; x_wconf 88' lang='lat' dir='ltr'><strong>tium.</strong></span> <span class='ocrx_word' id='word_1_236' title='bbox 452 3337 616 3393; x_wconf 89' lang='lat' dir='ltr'><strong>Nunc</strong></span> <span class='ocrx_word' id='word_1_237' title='bbox 638 3354 769 3394; x_wconf 89' lang='lat' dir='ltr'><strong>vero</strong></span> <span class='ocrx_word' id='word_1_238' title='bbox 792 3344 1174 3412; x_wconf 87' lang='lat' dir='ltr'><strong>posteaquam</strong></span> <span class='ocrx_word' id='word_1_239' title='bbox 1198 3341 1341 3396; x_wconf 90' lang='lat' dir='ltr'><strong>mihi</strong></span> <span class='ocrx_word' id='word_1_240' title='bbox 1364 3345 1503 3398; x_wconf 89' lang='lat' dir='ltr'><strong>sunt</strong></span> <span class='ocrx_word' id='word_1_241' title='bbox 1522 3343 1781 3415; x_wconf 89' lang='lat' dir='ltr'><strong>exposita</strong></span> <span class='ocrx_word' id='word_1_242' title='bbox 1802 3348 1888 3396; x_wconf 88' lang='lat' dir='ltr'><strong>at-</strong></span> 
     </span>
    </p>
   </div>
   <div class='ocr_carea' id='block_1_35' title="bbox 241 3428 1890 3500">
    <p class='ocr_par' dir='ltr' id='par_1_35' title="bbox 241 3428 1890 3500">
     <span class='ocr_line' id='line_1_35' title="bbox 241 3428 1890 3500; baseline 0.004 -19"><span class='ocrx_word' id='word_1_243' title='bbox 241 3443 363 3499; x_wconf 90' lang='lat' dir='ltr'><strong>que</strong></span> <span class='ocrx_word' id='word_1_244' title='bbox 393 3428 639 3483; x_wconf 89' lang='lat' dir='ltr'><strong>enodata</strong></span> <span class='ocrx_word' id='word_1_245' title='bbox 670 3428 874 3499; x_wconf 88' lang='lat' dir='ltr'><strong>multa,</strong></span> <span class='ocrx_word' id='word_1_246' title='bbox 908 3445 1036 3500; x_wconf 62' lang='lat' dir='ltr'><strong>quin</strong></span> <span class='ocrx_word' id='word_1_247' title='bbox 1067 3445 1161 3485; x_wconf 91' lang='lat' dir='ltr'><strong>me</strong></span> <span class='ocrx_word' id='word_1_248' title='bbox 1191 3431 1442 3487; x_wconf 83' lang='lat' dir='ltr'><strong>maxime</strong></span> <span class='ocrx_word' id='word_1_249' title='bbox 1472 3433 1798 3499; x_wconf 87' lang='lat' dir='ltr'><strong>movebant,</strong></span> <span class='ocrx_word' id='word_1_250' title='bbox 1821 3448 1890 3488; x_wconf 86' lang='lat' dir='ltr'><strong>ea</strong></span> 
     </span>
    </p>
   </div>
   <div class='ocr_carea' id='block_1_36' title="bbox 241 3514 1889 3593">
    <p class='ocr_par' dir='ltr' id='par_1_36' title="bbox 241 3514 1889 3593">
     <span class='ocr_line' id='line_1_36' title="bbox 241 3514 1889 3593; baseline 0.004 -23"><span class='ocrx_word' id='word_1_251' title='bbox 241 3514 476 3570; x_wconf 89' lang='lat' dir='ltr'><strong>scilicet</strong></span> <span class='ocrx_word' id='word_1_252' title='bbox 495 3516 554 3570; x_wconf 90' lang='lat' dir='ltr'><strong>in</strong></span> <span class='ocrx_word' id='word_1_253' title='bbox 578 3516 796 3587; x_wconf 90' lang='lat' dir='ltr'><strong>quibus</strong></span> <span class='ocrx_word' id='word_1_254' title='bbox 809 3516 1041 3573; x_wconf 91' lang='lat' dir='ltr'><strong>illorum</strong></span> <span class='ocrx_word' id='word_1_255' title='bbox 1056 3518 1399 3591; x_wconf 89' lang='lat' dir='ltr'><strong>plerumque</strong></span> <span class='ocrx_word' id='word_1_256' title='bbox 1415 3521 1681 3591; x_wconf 87' lang='lat' dir='ltr'><strong>sejactat,</strong></span> <span class='ocrx_word' id='word_1_257' title='bbox 1701 3528 1757 3575; x_wconf 89' lang='lat' dir='ltr'><strong>et</strong></span> <span class='ocrx_word' id='word_1_258' title='bbox 1774 3537 1889 3593; x_wconf 90' lang='lat' dir='ltr'><strong>quo</strong></span> 
     </span>
    </p>
   </div>
   <div class='ocr_carea' id='block_1_37' title="bbox 241 3604 1886 3677">
    <p class='ocr_par' dir='ltr' id='par_1_37' title="bbox 241 3604 1886 3677">
     <span class='ocr_line' id='line_1_37' title="bbox 241 3604 1886 3677; baseline 0.002 -17"><span class='ocrx_word' id='word_1_259' title='bbox 241 3604 514 3660; x_wconf 90' lang='lat' dir='ltr'><strong>securius</strong></span> <span class='ocrx_word' id='word_1_260' title='bbox 539 3606 665 3661; x_wconf 89' lang='lat' dir='ltr'><strong>sine</strong></span> <span class='ocrx_word' id='word_1_261' title='bbox 687 3606 1037 3677; x_wconf 88' lang='lat' dir='ltr'><strong>adversario,</strong></span> <span class='ocrx_word' id='word_1_262' title='bbox 1061 3624 1126 3663; x_wconf 92' lang='lat' dir='ltr'><strong>eo</strong></span> <span class='ocrx_word' id='word_1_263' title='bbox 1144 3607 1386 3664; x_wconf 73' lang='lat' dir='ltr'><strong>effusius</strong></span> <span class='ocrx_word' id='word_1_264' title='bbox 1406 3608 1654 3665; x_wconf 84' lang='lat' dir='ltr'><strong>exsultat</strong></span> <span class='ocrx_word' id='word_1_265' title='bbox 1669 3608 1886 3677; x_wconf 86' lang='lat' dir='ltr'><strong>oratio;</strong></span> 
     </span>
    </p>
   </div>
   <div class='ocr_carea' id='block_1_38' title="bbox 241 3692 1888 3769">
    <p class='ocr_par' dir='ltr' id='par_1_38' title="bbox 241 3692 1888 3769">
     <span class='ocr_line' id='line_1_38' title="bbox 241 3692 1888 3769; baseline 0.002 -21"><span class='ocrx_word' id='word_1_266' title='bbox 241 3692 396 3749; x_wconf 90' lang='lat' dir='ltr'><strong>nihil</strong></span> <span class='ocrx_word' id='word_1_267' title='bbox 412 3693 797 3751; x_wconf 89' lang='lat' dir='ltr'><strong>mihividetur</strong></span> <span class='ocrx_word' id='word_1_268' title='bbox 816 3695 887 3751; x_wconf 90' lang='lat' dir='ltr'><strong>ab</strong></span> <span class='ocrx_word' id='word_1_269' title='bbox 901 3696 985 3752; x_wconf 91' lang='lat' dir='ltr'><strong>eis</strong></span> <span class='ocrx_word' id='word_1_270' title='bbox 1000 3696 1401 3769; x_wconf 90' lang='lat' dir='ltr'><strong>impudentius</strong></span> <span class='ocrx_word' id='word_1_271' title='bbox 1421 3697 1557 3764; x_wconf 90' lang='lat' dir='ltr'><strong>dici,</strong></span> <span class='ocrx_word' id='word_1_272' title='bbox 1578 3696 1665 3753; x_wconf 89' lang='lat' dir='ltr'><strong>vel</strong></span> <span class='ocrx_word' id='word_1_273' title='bbox 1690 3702 1754 3752; x_wconf 90' lang='lat' dir='ltr'><strong>ut</strong></span> <span class='ocrx_word' id='word_1_274' title='bbox 1778 3697 1888 3752; x_wconf 87' lang='lat' dir='ltr'><strong>mi-</strong></span> 
     </span>
    </p>
   </div>
   <div class='ocr_carea' id='block_1_39' title="bbox 238 3783 1887 3858">
    <p class='ocr_par' dir='ltr' id='par_1_39' title="bbox 238 3783 1887 3858">
     <span class='ocr_line' id='line_1_39' title="bbox 238 3783 1887 3858; baseline 0.001 -20"><span class='ocrx_word' id='word_1_275' title='bbox 238 3783 369 3838; x_wconf 89' lang='lat' dir='ltr'><strong>tius</strong></span> <span class='ocrx_word' id='word_1_276' title='bbox 394 3783 619 3856; x_wconf 87' lang='lat' dir='ltr'><strong>loquar,</strong></span> <span class='ocrx_word' id='word_1_277' title='bbox 643 3783 995 3840; x_wconf 85' lang='lat' dir='ltr'><strong>incuriosius</strong></span> <span class='ocrx_word' id='word_1_278' title='bbox 1020 3790 1079 3840; x_wconf 88' lang='lat' dir='ltr'><strong>et</strong></span> <span class='ocrx_word' id='word_1_279' title='bbox 1097 3785 1471 3852; x_wconf 90' lang='lat' dir='ltr'><strong>imbecillius,</strong></span> <span class='ocrx_word' id='word_1_280' title='bbox 1496 3802 1671 3858; x_wconf 92' lang='lat' dir='ltr'><strong>quam</strong></span> <span class='ocrx_word' id='word_1_281' title='bbox 1693 3785 1887 3858; x_wconf 88' lang='lat' dir='ltr'><strong>Scrip-</strong></span> 
     </span>
    </p>
   </div>
   <div class='ocr_carea' id='block_1_40' title="bbox 240 3871 1887 3944">
    <p class='ocr_par' dir='ltr' id='par_1_40' title="bbox 240 3871 1887 3944">
     <span class='ocr_line' id='line_1_40' title="bbox 240 3871 1887 3944; baseline 0.002 -17"><span class='ocrx_word' id='word_1_282' title='bbox 240 3878 414 3927; x_wconf 87' lang='lat' dir='ltr'><strong>turas</strong></span> <span class='ocrx_word' id='word_1_283' title='bbox 435 3871 662 3927; x_wconf 89' lang='lat' dir='ltr'><strong>divinas</strong></span> <span class='ocrx_word' id='word_1_284' title='bbox 691 3888 820 3928; x_wconf 89' lang='lat' dir='ltr'><strong>esse</strong></span> <span class='ocrx_word' id='word_1_285' title='bbox 848 3878 1151 3944; x_wconf 91' lang='lat' dir='ltr'><strong>corruptas</strong></span> <span class='ocrx_word' id='word_1_286' title='bbox 1175 3890 1188 3928; x_wconf 90' lang='lat'>:</span> <span class='ocrx_word' id='word_1_287' title='bbox 1222 3890 1355 3929; x_wconf 91' lang='lat' dir='ltr'><strong>cum</strong></span> <span class='ocrx_word' id='word_1_288' title='bbox 1388 3875 1445 3929; x_wconf 92' lang='lat' dir='ltr'><strong>id</strong></span> <span class='ocrx_word' id='word_1_289' title='bbox 1476 3873 1654 3930; x_wconf 91' lang='lat' dir='ltr'><strong>nullis</strong></span> <span class='ocrx_word' id='word_1_290' title='bbox 1684 3874 1742 3930; x_wconf 91' lang='lat' dir='ltr'><strong>in</strong></span> <span class='ocrx_word' id='word_1_291' title='bbox 1766 3878 1887 3931; x_wconf 87' lang='lat' dir='ltr'><strong>tam</strong></span> 
     </span>
    </p>
   </div>
   <div class='ocr_carea' id='block_1_41' title="bbox 242 3960 1890 4036">
    <p class='ocr_par' dir='ltr' id='par_1_41' title="bbox 242 3960 1890 4036">
     <span class='ocr_line' id='line_1_41' title="bbox 242 3960 1890 4036; baseline 0.001 -19"><span class='ocrx_word' id='word_1_292' title='bbox 242 3960 465 4017; x_wconf 82' lang='lat' dir='ltr'><strong>recenti</strong></span> <span class='ocrx_word' id='word_1_293' title='bbox 500 3960 779 4017; x_wconf 89' lang='lat' dir='ltr'><strong>memoria</strong></span> <span class='ocrx_word' id='word_1_294' title='bbox 812 3961 1175 4018; x_wconf 87' lang='lat' dir='ltr'><strong>exstantibus</strong></span> <span class='ocrx_word' id='word_1_295' title='bbox 1203 3962 1631 4036; x_wconf 90' lang='lat' dir='ltr'><strong>exemplaribus</strong></span> <span class='ocrx_word' id='word_1_296' title='bbox 1662 3962 1890 4036; x_wconf 84' lang='lat' dir='ltr'><strong>possint</strong></span> 
     </span>
    </p>
   </div>
   <div class='ocr_carea' id='block_1_42' title="bbox 243 4048 1888 4123">
    <p class='ocr_par' dir='ltr' id='par_1_42' title="bbox 243 4048 1888 4123">
     <span class='ocr_line' id='line_1_42' title="bbox 243 4048 1888 4123; baseline 0.002 -19"><span class='ocrx_word' id='word_1_297' title='bbox 243 4048 607 4105; x_wconf 87' lang='lat' dir='ltr'><strong>convincere.</strong></span> <span class='ocrx_word' id='word_1_298' title='bbox 643 4049 703 4105; x_wconf 92' lang='lat' dir='ltr'><strong>Si</strong></span> <span class='ocrx_word' id='word_1_299' title='bbox 732 4050 886 4106; x_wconf 90' lang='lat' dir='ltr'><strong>enim</strong></span> <span class='ocrx_word' id='word_1_300' title='bbox 917 4051 1176 4107; x_wconf 87' lang='lat' dir='ltr'><strong>dicerent</strong></span> <span class='ocrx_word' id='word_1_301' title='bbox 1206 4067 1305 4107; x_wconf 87' lang='lat' dir='ltr'><strong>eas</strong></span> <span class='ocrx_word' id='word_1_302' title='bbox 1335 4051 1447 4107; x_wconf 90' lang='lat' dir='ltr'><strong>sibi</strong></span> <span class='ocrx_word' id='word_1_303' title='bbox 1478 4051 1707 4123; x_wconf 89' lang='lat' dir='ltr'><strong>penitus</strong></span> <span class='ocrx_word' id='word_1_304' title='bbox 1738 4051 1888 4107; x_wconf 86' lang='lat' dir='ltr'><strong>acci-</strong></span> 
     </span>
    </p>
   </div>
   <div class='ocr_carea' id='block_1_43' title="bbox 244 4138 1885 4213">
    <p class='ocr_par' dir='ltr' id='par_1_43' title="bbox 244 4138 1885 4213">
     <span class='ocr_line' id='line_1_43' title="bbox 244 4138 1885 4213; baseline 0.002 -21"><span class='ocrx_word' id='word_1_305' title='bbox 244 4138 495 4211; x_wconf 87' lang='lat' dir='ltr'><strong>piendas</strong></span> <span class='ocrx_word' id='word_1_306' title='bbox 517 4155 629 4193; x_wconf 93' lang='lat' dir='ltr'><strong>non</strong></span> <span class='ocrx_word' id='word_1_307' title='bbox 658 4144 915 4210; x_wconf 89' lang='lat' dir='ltr'><strong>putasse,</strong></span> <span class='ocrx_word' id='word_1_308' title='bbox 940 4140 1094 4210; x_wconf 90' lang='lat' dir='ltr'><strong>quod</strong></span> <span class='ocrx_word' id='word_1_309' title='bbox 1113 4139 1184 4195; x_wconf 88' lang='lat' dir='ltr'><strong>ab</strong></span> <span class='ocrx_word' id='word_1_310' title='bbox 1203 4138 1294 4195; x_wconf 92' lang='lat' dir='ltr'><strong>bis</strong></span> <span class='ocrx_word' id='word_1_311' title='bbox 1310 4145 1507 4196; x_wconf 87' lang='lat' dir='ltr'><strong>essent</strong></span> <span class='ocrx_word' id='word_1_312' title='bbox 1521 4141 1885 4213; x_wconf 61' lang='lat' dir='ltr'><strong>conscriptis,</strong></span> 
     </span>
    </p>
   </div>
   <div class='ocr_carea' id='block_1_44' title="bbox 244 4227 1889 4300">
    <p class='ocr_par' dir='ltr' id='par_1_44' title="bbox 244 4227 1889 4300">
     <span class='ocr_line' id='line_1_44' title="bbox 244 4227 1889 4300; baseline 0.003 -19"><span class='ocrx_word' id='word_1_313' title='bbox 244 4243 400 4300; x_wconf 90' lang='lat' dir='ltr'><strong>quos</strong></span> <span class='ocrx_word' id='word_1_314' title='bbox 420 4243 620 4282; x_wconf 91' lang='lat' dir='ltr'><strong>verum</strong></span> <span class='ocrx_word' id='word_1_315' title='bbox 634 4227 908 4299; x_wconf 90' lang='lat' dir='ltr'><strong>scripisse</strong></span> <span class='ocrx_word' id='word_1_316' title='bbox 919 4245 1035 4284; x_wconf 93' lang='lat' dir='ltr'><strong>non</strong></span> <span class='ocrx_word' id='word_1_317' title='bbox 1050 4227 1499 4296; x_wconf 88' lang='lat' dir='ltr'><strong>arbitrarentur;</strong></span> <span class='ocrx_word' id='word_1_318' title='bbox 1519 4234 1671 4285; x_wconf 88' lang='lat' dir='ltr'><strong>esset</strong></span> <span class='ocrx_word' id='word_1_319' title='bbox 1682 4238 1818 4285; x_wconf 85' lang='lat' dir='ltr'><strong>utcu</strong></span> <span class='ocrx_word' id='word_1_320' title='bbox 1827 4247 1889 4286; x_wconf 91' lang='lat' dir='ltr'><strong>n-</strong></span> 
     </span>
    </p>
   </div>
   <div class='ocr_carea' id='block_1_45' title="bbox 247 4317 1886 4388">
    <p class='ocr_par' dir='ltr' id='par_1_45' title="bbox 247 4317 1886 4388">
     <span class='ocr_line' id='line_1_45' title="bbox 247 4317 1886 4388; baseline 0.005 -19"><span class='ocrx_word' id='word_1_321' title='bbox 247 4332 366 4387; x_wconf 89' lang='lat' dir='ltr'><strong>que</strong></span> <span class='ocrx_word' id='word_1_322' title='bbox 387 4317 783 4387; x_wconf 89' lang='lat' dir='ltr'><strong>tergiversatio</strong></span> <span class='ocrx_word' id='word_1_323' title='bbox 800 4334 1000 4373; x_wconf 88' lang='lat' dir='ltr'><strong>eorum</strong></span> <span class='ocrx_word' id='word_1_324' title='bbox 1024 4320 1251 4388; x_wconf 91' lang='lat' dir='ltr'><strong>rectior,</strong></span> <span class='ocrx_word' id='word_1_325' title='bbox 1274 4318 1361 4373; x_wconf 93' lang='lat' dir='ltr'><strong>vel</strong></span> <span class='ocrx_word' id='word_1_326' title='bbox 1379 4334 1539 4373; x_wconf 90' lang='lat' dir='ltr'><strong>error</strong></span> <span class='ocrx_word' id='word_1_327' title='bbox 1553 4317 1886 4378; x_wconf 89' lang='lat' dir='ltr'><strong>humanior.</strong></span> 
     </span>
    </p>
   </div>
   <div class='ocr_carea' id='block_1_46' title="bbox 245 4404 1889 4480">
    <p class='ocr_par' dir='ltr' id='par_1_46' title="bbox 245 4404 1889 4480">
     <span class='ocr_line' id='line_1_46' title="bbox 245 4404 1889 4480; baseline 0.003 -20"><span class='ocrx_word' id='word_1_328' title='bbox 245 4404 369 4460; x_wconf 88' lang='lat' dir='ltr'><strong>Hoc</strong></span> <span class='ocrx_word' id='word_1_329' title='bbox 392 4405 544 4459; x_wconf 91' lang='lat' dir='ltr'><strong>enim</strong></span> <span class='ocrx_word' id='word_1_330' title='bbox 568 4405 639 4460; x_wconf 90' lang='lat' dir='ltr'><strong>de</strong></span> <span class='ocrx_word' id='word_1_331' title='bbox 662 4404 760 4461; x_wconf 91' lang='lat' dir='ltr'><strong>illo</strong></span> <span class='ocrx_word' id='word_1_332' title='bbox 785 4405 933 4462; x_wconf 92' lang='lat' dir='ltr'><strong>libro</strong></span> <span class='ocrx_word' id='word_1_333' title='bbox 955 4406 1233 4474; x_wconf 86' lang='lat' dir='ltr'><strong>fecerunt,</strong></span> <span class='ocrx_word' id='word_1_334' title='bbox 1261 4407 1361 4479; x_wconf 90' lang='lat' dir='ltr'><strong>qui</strong></span> <span class='ocrx_word' id='word_1_335' title='bbox 1383 4411 1563 4462; x_wconf 87' lang='lat' dir='ltr'><strong>Actus</strong></span> <span class='ocrx_word' id='word_1_336' title='bbox 1584 4409 1889 4480; x_wconf 80' lang='lat' dir='ltr'><strong>Apostolo-</strong></span> 
     </span>
    </p>
   </div>
   <div class='ocr_carea' id='block_1_47' title="bbox 243 4493 1888 4560">
    <p class='ocr_par' dir='ltr' id='par_1_47' title="bbox 243 4493 1888 4560">
     <span class='ocr_line' id='line_1_47' title="bbox 243 4493 1888 4560; baseline 0.004 -12"><span class='ocrx_word' id='word_1_337' title='bbox 243 4509 383 4549; x_wconf 91' lang='lat' dir='ltr'><strong>rum</strong></span> <span class='ocrx_word' id='word_1_338' title='bbox 400 4493 926 4558; x_wconf 89' lang='lat' dir='ltr'><strong>inscribitur.Quod</strong></span> <span class='ocrx_word' id='word_1_339' title='bbox 941 4511 1141 4551; x_wconf 89' lang='lat' dir='ltr'><strong>eorum</strong></span> <span class='ocrx_word' id='word_1_340' title='bbox 1156 4494 1489 4560; x_wconf 89' lang='lat' dir='ltr'><strong>consilium,</strong></span> <span class='ocrx_word' id='word_1_341' title='bbox 1509 4512 1640 4552; x_wconf 91' lang='lat' dir='ltr'><strong>cum</strong></span> <span class='ocrx_word' id='word_1_342' title='bbox 1658 4513 1888 4555; x_wconf 90' lang='lat' dir='ltr'><strong>mecum</strong></span> 
     </span>
    </p>
   </div>
   <div class='ocr_carea' id='block_1_48' title="bbox 241 4582 1893 4658">
    <p class='ocr_par' dir='ltr' id='par_1_48' title="bbox 241 4582 1893 4658">
     <span class='ocr_line' id='line_1_48' title="bbox 241 4582 1893 4658; baseline 0.003 -21"><span class='ocrx_word' id='word_1_343' title='bbox 241 4582 375 4654; x_wconf 90' lang='lat' dir='ltr'><strong>ipse</strong></span> <span class='ocrx_word' id='word_1_344' title='bbox 397 4587 704 4654; x_wconf 90' lang='lat' dir='ltr'><strong>pertracto,</strong></span> <span class='ocrx_word' id='word_1_345' title='bbox 721 4599 945 4654; x_wconf 90' lang='lat' dir='ltr'><strong>nequeo</strong></span> <span class='ocrx_word' id='word_1_346' title='bbox 967 4584 1110 4640; x_wconf 85' lang='lat' dir='ltr'><strong>satis</strong></span> <span class='ocrx_word' id='word_1_347' title='bbox 1123 4583 1342 4640; x_wconf 89' lang='lat' dir='ltr'><strong>mirari.</strong></span> <span class='ocrx_word' id='word_1_348' title='bbox 1358 4584 1481 4641; x_wconf 91' lang='lat' dir='ltr'><strong>Non</strong></span> <span class='ocrx_word' id='word_1_349' title='bbox 1497 4585 1650 4640; x_wconf 91' lang='lat' dir='ltr'><strong>enim</strong></span> <span class='ocrx_word' id='word_1_350' title='bbox 1665 4586 1893 4658; x_wconf 82' lang='lat' dir='ltr'><strong>sapien-</strong></span> 
     </span>
    </p>
   </div>
   <div class='ocr_carea' id='block_1_49' title="bbox 239 4669 1886 4739">
    <p class='ocr_par' dir='ltr' id='par_1_49' title="bbox 239 4669 1886 4739">
     <span class='ocr_line' id='line_1_49' title="bbox 239 4669 1886 4739; baseline 0.003 -14"><span class='ocrx_word' id='word_1_351' title='bbox 239 4670 390 4725; x_wconf 89' lang='lat' dir='ltr'><strong>tiam</strong></span> <span class='ocrx_word' id='word_1_352' title='bbox 413 4669 720 4726; x_wconf 92' lang='lat' dir='ltr'><strong>hominum</strong></span> <span class='ocrx_word' id='word_1_353' title='bbox 744 4671 801 4726; x_wconf 90' lang='lat' dir='ltr'><strong>in</strong></span> <span class='ocrx_word' id='word_1_354' title='bbox 823 4671 931 4727; x_wconf 90' lang='lat' dir='ltr'><strong>hac</strong></span> <span class='ocrx_word' id='word_1_355' title='bbox 953 4688 1036 4739; x_wconf 87' lang='lat' dir='ltr'><strong>re,</strong></span> <span class='ocrx_word' id='word_1_356' title='bbox 1055 4673 1157 4728; x_wconf 91' lang='lat' dir='ltr'><strong>sed</strong></span> <span class='ocrx_word' id='word_1_357' title='bbox 1180 4688 1279 4727; x_wconf 91' lang='lat' dir='ltr'><strong>cor</strong></span> <span class='ocrx_word' id='word_1_358' title='bbox 1294 4672 1584 4729; x_wconf 91' lang='lat' dir='ltr'><strong>mediocre</strong></span> <span class='ocrx_word' id='word_1_359' title='bbox 1602 4673 1886 4731; x_wconf 89' lang='lat' dir='ltr'><strong>desidero.</strong></span> 
     </span>
    </p>
   </div>
   <div class='ocr_carea' id='block_1_50' title="bbox 241 4759 1888 4836">
    <p class='ocr_par' dir='ltr' id='par_1_50' title="bbox 241 4759 1888 4836">
     <span class='ocr_line' id='line_1_50' title="bbox 241 4759 1888 4836; baseline 0.002 -21"><span class='ocrx_word' id='word_1_360' title='bbox 241 4760 434 4815; x_wconf 87' lang='lat' dir='ltr'><strong>Tanta</strong></span> <span class='ocrx_word' id='word_1_361' title='bbox 453 4759 609 4815; x_wconf 90' lang='lat' dir='ltr'><strong>enim</strong></span> <span class='ocrx_word' id='word_1_362' title='bbox 630 4759 778 4816; x_wconf 91' lang='lat' dir='ltr'><strong>liber</strong></span> <span class='ocrx_word' id='word_1_363' title='bbox 792 4760 901 4816; x_wconf 91' lang='lat' dir='ltr'><strong>iste</strong></span> <span class='ocrx_word' id='word_1_364' title='bbox 926 4760 1122 4828; x_wconf 90' lang='lat' dir='ltr'><strong>habet,</strong></span> <span class='ocrx_word' id='word_1_365' title='bbox 1138 4778 1265 4833; x_wconf 67' lang='lat' dir='ltr'><strong>quas</strong></span> <span class='ocrx_word' id='word_1_366' title='bbox 1286 4760 1501 4818; x_wconf 89' lang='lat' dir='ltr'><strong>similia</strong></span> <span class='ocrx_word' id='word_1_367' title='bbox 1520 4762 1638 4817; x_wconf 90' lang='lat' dir='ltr'><strong>sint</strong></span> <span class='ocrx_word' id='word_1_368' title='bbox 1653 4762 1743 4818; x_wconf 81' lang='lat' dir='ltr'><strong>his</strong></span> <span class='ocrx_word' id='word_1_369' title='bbox 1762 4780 1888 4836; x_wconf 66' lang='lat' dir='ltr'><strong>qua</strong></span> 
     </span>
    </p>
   </div>
   <div class='ocr_carea' id='block_1_51' title="bbox 243 4847 1892 4922">
    <p class='ocr_par' dir='ltr' id='par_1_51' title="bbox 243 4847 1892 4922">
     <span class='ocr_line' id='line_1_51' title="bbox 243 4847 1892 4922; baseline 0.003 -18"><span class='ocrx_word' id='word_1_370' title='bbox 243 4847 564 4921; x_wconf 84' lang='lat' dir='ltr'><strong>accipiunt,</strong></span> <span class='ocrx_word' id='word_1_371' title='bbox 599 4855 663 4904; x_wconf 90' lang='lat' dir='ltr'><strong>ut</strong></span> <span class='ocrx_word' id='word_1_372' title='bbox 693 4865 917 4922; x_wconf 77' lang='lat' dir='ltr'><strong>magnas</strong></span> <span class='ocrx_word' id='word_1_373' title='bbox 938 4849 1199 4905; x_wconf 59' lang='lat' dir='ltr'><strong>stultitiae</strong></span> <span class='ocrx_word' id='word_1_374' title='bbox 1222 4849 1367 4905; x_wconf 90' lang='lat' dir='ltr'><strong>mihi</strong></span> <span class='ocrx_word' id='word_1_375' title='bbox 1388 4849 1670 4919; x_wconf 86' lang='lat' dir='ltr'><strong>videatur,</strong></span> <span class='ocrx_word' id='word_1_376' title='bbox 1696 4869 1811 4908; x_wconf 91' lang='lat' dir='ltr'><strong>non</strong></span> <span class='ocrx_word' id='word_1_377' title='bbox 1833 4857 1892 4909; x_wconf 91' lang='lat' dir='ltr'><strong>et</strong></span> 
     </span>
    </p>
   </div>
   <div class='ocr_carea' id='block_1_52' title="bbox 242 4937 1891 5010">
    <p class='ocr_par' dir='ltr' id='par_1_52' title="bbox 242 4937 1891 5010">
     <span class='ocr_line' id='line_1_52' title="bbox 242 4937 1891 5010; baseline 0.002 -17"><span class='ocrx_word' id='word_1_378' title='bbox 242 4938 408 4993; x_wconf 91' lang='lat' dir='ltr'><strong>hunc</strong></span> <span class='ocrx_word' id='word_1_379' title='bbox 432 4937 711 5009; x_wconf 87' lang='lat' dir='ltr'><strong>accipere,</strong></span> <span class='ocrx_word' id='word_1_380' title='bbox 737 4942 796 4993; x_wconf 89' lang='lat' dir='ltr'><strong>et</strong></span> <span class='ocrx_word' id='word_1_381' title='bbox 816 4938 864 4993; x_wconf 89' lang='lat' dir='ltr'><strong>si</strong></span> <span class='ocrx_word' id='word_1_382' title='bbox 891 4938 1031 5010; x_wconf 92' lang='lat' dir='ltr'><strong>quid</strong></span> <span class='ocrx_word' id='word_1_383' title='bbox 1056 4938 1138 4993; x_wconf 92' lang='lat' dir='ltr'><strong>ibi</strong></span> <span class='ocrx_word' id='word_1_384' title='bbox 1161 4954 1258 4995; x_wconf 90' lang='lat' dir='ltr'><strong>eos</strong></span> <span class='ocrx_word' id='word_1_385' title='bbox 1279 4939 1539 5010; x_wconf 76' lang='lat' dir='ltr'><strong>offendit,</strong></span> <span class='ocrx_word' id='word_1_386' title='bbox 1564 4939 1779 4996; x_wconf 86' lang='lat' dir='ltr'><strong>falsum</strong></span> <span class='ocrx_word' id='word_1_387' title='bbox 1803 4944 1891 4996; x_wconf 88' lang='lat' dir='ltr'><strong>at-</strong></span> 
     </span>
    </p>
   </div>
   <div class='ocr_carea' id='block_1_53' title="bbox 242 5026 1891 5101">
    <p class='ocr_par' dir='ltr' id='par_1_53' title="bbox 242 5026 1891 5101">
     <span class='ocr_line' id='line_1_53' title="bbox 242 5026 1891 5101; baseline 0.004 -20"><span class='ocrx_word' id='word_1_388' title='bbox 242 5042 362 5099; x_wconf 90' lang='lat' dir='ltr'><strong>que</strong></span> <span class='ocrx_word' id='word_1_389' title='bbox 395 5026 732 5083; x_wconf 90' lang='lat' dir='ltr'><strong>immissum</strong></span> <span class='ocrx_word' id='word_1_390' title='bbox 764 5027 974 5083; x_wconf 91' lang='lat' dir='ltr'><strong>dicere.</strong></span> <span class='ocrx_word' id='word_1_391' title='bbox 1007 5032 1125 5083; x_wconf 84' lang='lat' dir='ltr'><strong>Aut</strong></span> <span class='ocrx_word' id='word_1_392' title='bbox 1146 5029 1195 5083; x_wconf 88' lang='lat' dir='ltr'><strong>si</strong></span> <span class='ocrx_word' id='word_1_393' title='bbox 1218 5027 1353 5083; x_wconf 88' lang='lat' dir='ltr'><strong>talis</strong></span> <span class='ocrx_word' id='word_1_394' title='bbox 1374 5029 1559 5085; x_wconf 89' lang='lat' dir='ltr'><strong>oratio</strong></span> <span class='ocrx_word' id='word_1_395' title='bbox 1580 5028 1891 5101; x_wconf 87' lang='lat' dir='ltr'><strong>impudens</strong></span> 
     </span>
    </p>
   </div>
   <div class='ocr_carea' id='block_1_54' title="bbox 242 5107 1893 5190">
    <p class='ocr_par' dir='ltr' id='par_1_54' title="bbox 242 5107 1893 5190">
     <span class='ocr_line' id='line_1_54' title="bbox 242 5107 1893 5190; baseline 0.002 -17"><span class='ocrx_word' id='word_1_396' title='bbox 242 5120 358 5182; x_wconf 89' lang='lat' dir='ltr'><strong>est,</strong></span> <span class='ocrx_word' id='word_1_397' title='bbox 386 5115 557 5172; x_wconf 85' lang='lat' dir='ltr'><strong>sicuti</strong></span> <span class='ocrx_word' id='word_1_398' title='bbox 580 5120 689 5182; x_wconf 91' lang='lat' dir='ltr'><strong>est,</strong></span> <span class='ocrx_word' id='word_1_399' title='bbox 714 5107 818 5173; x_wconf 83' lang='lat' dir='ltr'><strong>cur</strong></span> <span class='ocrx_word' id='word_1_400' title='bbox 836 5115 896 5172; x_wconf 91' lang='lat' dir='ltr'><strong>in</strong></span> <span class='ocrx_word' id='word_1_401' title='bbox 922 5116 1085 5172; x_wconf 90' lang='lat' dir='ltr'><strong>Pauli</strong></span> <span class='ocrx_word' id='word_1_402' title='bbox 1108 5116 1403 5189; x_wconf 89' lang='lat' dir='ltr'><strong>Epistolis,</strong></span> <span class='ocrx_word' id='word_1_403' title='bbox 1431 5134 1535 5173; x_wconf 91' lang='lat' dir='ltr'><strong>cur</strong></span> <span class='ocrx_word' id='word_1_404' title='bbox 1555 5119 1615 5174; x_wconf 92' lang='lat' dir='ltr'><strong>in</strong></span> <span class='ocrx_word' id='word_1_405' title='bbox 1642 5124 1893 5190; x_wconf 88' lang='lat' dir='ltr'><strong>quatuor</strong></span> 
     </span>
    </p>
   </div>
   <div class='ocr_carea' id='block_1_55' title="bbox 243 5205 1894 5282">
    <p class='ocr_par' dir='ltr' id='par_1_55' title="bbox 243 5205 1894 5282">
     <span class='ocr_line' id='line_1_55' title="bbox 243 5205 1894 5282; baseline 0.002 -20"><span class='ocrx_word' id='word_1_406' title='bbox 243 5205 545 5278; x_wconf 88' lang='lat' dir='ltr'><strong>Evangelii</strong></span> <span class='ocrx_word' id='word_1_407' title='bbox 571 5205 734 5262; x_wconf 89' lang='lat' dir='ltr'><strong>libris</strong></span> <span class='ocrx_word' id='word_1_408' title='bbox 761 5222 829 5262; x_wconf 90' lang='lat' dir='ltr'><strong>ea</strong></span> <span class='ocrx_word' id='word_1_409' title='bbox 856 5205 1046 5262; x_wconf 89' lang='lat' dir='ltr'><strong>valere</strong></span> <span class='ocrx_word' id='word_1_410' title='bbox 1076 5206 1296 5279; x_wconf 90' lang='lat' dir='ltr'><strong>aliquid</strong></span> <span class='ocrx_word' id='word_1_411' title='bbox 1326 5211 1553 5278; x_wconf 88' lang='lat' dir='ltr'><strong>putant,</strong></span> <span class='ocrx_word' id='word_1_412' title='bbox 1586 5208 1645 5263; x_wconf 91' lang='lat' dir='ltr'><strong>in</strong></span> <span class='ocrx_word' id='word_1_413' title='bbox 1678 5208 1894 5282; x_wconf 89' lang='lat' dir='ltr'><strong>quibus</strong></span> 
     </span>
    </p>
   </div>
   <div class='ocr_carea' id='block_1_56' title="bbox 241 5294 1891 5371">
    <p class='ocr_par' dir='ltr' id='par_1_56' title="bbox 241 5294 1891 5371">
     <span class='ocr_line' id='line_1_56' title="bbox 241 5294 1891 5371; baseline 0.003 -21"><span class='ocrx_word' id='word_1_414' title='bbox 241 5294 401 5350; x_wconf 92' lang='lat' dir='ltr'><strong>haud</strong></span> <span class='ocrx_word' id='word_1_415' title='bbox 427 5294 549 5351; x_wconf 85' lang='lat' dir='ltr'><strong>scio</strong></span> <span class='ocrx_word' id='word_1_416' title='bbox 572 5311 644 5350; x_wconf 88' lang='lat' dir='ltr'><strong>an</strong></span> <span class='ocrx_word' id='word_1_417' title='bbox 672 5294 858 5352; x_wconf 91' lang='lat' dir='ltr'><strong>multo</strong></span> <span class='ocrx_word' id='word_1_418' title='bbox 882 5295 1052 5369; x_wconf 89' lang='lat' dir='ltr'><strong>plura</strong></span> <span class='ocrx_word' id='word_1_419' title='bbox 1074 5295 1192 5352; x_wconf 87' lang='lat' dir='ltr'><strong>sint</strong></span> <span class='ocrx_word' id='word_1_420' title='bbox 1213 5299 1603 5368; x_wconf 88' lang='lat' dir='ltr'><strong>pr0portione,</strong></span> <span class='ocrx_word' id='word_1_421' title='bbox 1634 5314 1807 5371; x_wconf 91' lang='lat' dir='ltr'><strong>quam</strong></span> <span class='ocrx_word' id='word_1_422' title='bbox 1832 5297 1891 5355; x_wconf 91' lang='lat' dir='ltr'><strong>in</strong></span> 
     </span>
    </p>
   </div>
   <div class='ocr_carea' id='block_1_57' title="bbox 239 5383 1896 5457">
    <p class='ocr_par' dir='ltr' id='par_1_57' title="bbox 239 5383 1896 5457">
     <span class='ocr_line' id='line_1_57' title="bbox 239 5383 1896 5457; baseline 0.003 -19"><span class='ocrx_word' id='word_1_423' title='bbox 239 5383 344 5439; x_wconf 92' lang='lat' dir='ltr'><strong>illo</strong></span> <span class='ocrx_word' id='word_1_424' title='bbox 366 5383 516 5439; x_wconf 91' lang='lat' dir='ltr'><strong>libro</strong></span> <span class='ocrx_word' id='word_1_425' title='bbox 544 5400 674 5441; x_wconf 88' lang='lat' dir='ltr'><strong>esse</strong></span> <span class='ocrx_word' id='word_1_426' title='bbox 696 5388 1032 5456; x_wconf 89' lang='lat' dir='ltr'><strong>potuerunt,</strong></span> <span class='ocrx_word' id='word_1_427' title='bbox 1056 5402 1182 5457; x_wconf 76' lang='lat' dir='ltr'><strong>quaa</strong></span> <span class='ocrx_word' id='word_1_428' title='bbox 1204 5402 1238 5441; x_wconf 88' lang='lat' dir='ltr'><strong>a</strong></span> <span class='ocrx_word' id='word_1_429' title='bbox 1260 5385 1695 5457; x_wconf 82' lang='lat' dir='ltr'><strong>corruptoribus</strong></span> <span class='ocrx_word' id='word_1_430' title='bbox 1722 5387 1896 5443; x_wconf 90' lang='lat' dir='ltr'><strong>inter-</strong></span> 
     </span>
    </p>
   </div>
   <div class='ocr_carea' id='block_1_58' title="bbox 230 5472 1894 5547">
    <p class='ocr_par' dir='ltr' id='par_1_58' title="bbox 230 5472 1894 5547">
     <span class='ocr_line' id='line_1_58' title="bbox 230 5472 1894 5547; baseline 0.001 -18"><span class='ocrx_word' id='word_1_431' title='bbox 230 5474 391 5545; x_wconf 88' lang='lat' dir='ltr'><strong>jecta</strong></span> <span class='ocrx_word' id='word_1_432' title='bbox 413 5472 826 5530; x_wconf 85' lang='lat' dir='ltr'><strong>credivolunt?</strong></span> <span class='ocrx_word' id='word_1_433' title='bbox 849 5473 960 5530; x_wconf 89' lang='lat' dir='ltr'><strong>Sed</strong></span> <span class='ocrx_word' id='word_1_434' title='bbox 986 5474 1266 5530; x_wconf 89' lang='lat' dir='ltr'><strong>nimirum</strong></span> <span class='ocrx_word' id='word_1_435' title='bbox 1287 5473 1432 5529; x_wconf 92' lang='lat' dir='ltr'><strong>illud</strong></span> <span class='ocrx_word' id='word_1_436' title='bbox 1456 5478 1545 5530; x_wconf 91' lang='lat' dir='ltr'><strong>est</strong></span> <span class='ocrx_word' id='word_1_437' title='bbox 1573 5477 1724 5547; x_wconf 86' lang='lat' dir='ltr'><strong>quod</strong></span> <span class='ocrx_word' id='word_1_438' title='bbox 1747 5475 1894 5532; x_wconf 85' lang='lat' dir='ltr'><strong>mihi</strong></span> 
     </span>
    </p>
   </div>
   <div class='ocr_carea' id='block_1_59' title="bbox 236 5562 1896 5636">
    <p class='ocr_par' dir='ltr' id='par_1_59' title="bbox 236 5562 1896 5636">
     <span class='ocr_line' id='line_1_59' title="bbox 236 5562 1896 5636; baseline 0.002 -17"><span class='ocrx_word' id='word_1_439' title='bbox 236 5564 427 5619; x_wconf 89' lang='lat' dir='ltr'><strong>videtu</strong></span> <span class='ocrx_word' id='word_1_440' title='bbox 438 5564 647 5633; x_wconf 90' lang='lat' dir='ltr'><strong>r,quod</strong></span> <span class='ocrx_word' id='word_1_441' title='bbox 666 5568 795 5634; x_wconf 90' lang='lat' dir='ltr'><strong>peto</strong></span> <span class='ocrx_word' id='word_1_442' title='bbox 808 5562 1209 5634; x_wconf 90' lang='lat' dir='ltr'><strong>placidissimo</strong></span> <span class='ocrx_word' id='word_1_443' title='bbox 1222 5568 1277 5619; x_wconf 87' lang='lat' dir='ltr'><strong>et</strong></span> <span class='ocrx_word' id='word_1_444' title='bbox 1291 5563 1693 5636; x_wconf 84' lang='lat' dir='ltr'><strong>serenissimoj</strong></span> <span class='ocrx_word' id='word_1_445' title='bbox 1706 5565 1896 5623; x_wconf 91' lang='lat' dir='ltr'><strong>udicio</strong></span> 
     </span>
    </p>
   </div>
   <div class='ocr_carea' id='block_1_60' title="bbox 302 5668 1898 5733">
    <p class='ocr_par' dir='ltr' id='par_1_60' title="bbox 302 5668 1898 5733">
     <span class='ocr_line' id='line_1_60' title="bbox 302 5668 1898 5733; baseline 0.001 -12"><span class='ocrx_word' id='word_1_446' title='bbox 302 5678 314 5709; x_wconf 76' lang='grc' dir='ltr'><strong>ι</strong></span> <span class='ocrx_word' id='word_1_447' title='bbox 340 5673 398 5722; x_wconf 87' lang='lat' dir='ltr'><strong>lu</strong></span> <span class='ocrx_word' id='word_1_448' title='bbox 421 5670 633 5721; x_wconf 86' lang='lat' dir='ltr'><strong>excusis</strong></span> <span class='ocrx_word' id='word_1_449' title='bbox 654 5668 917 5733; x_wconf 76' lang='lat' dir='ltr'><strong>analogia.</strong></span> <span class='ocrx_word' id='word_1_450' title='bbox 945 5671 1004 5719; x_wconf 84' lang='lat' dir='ltr'><strong>In</strong></span> <span class='ocrx_word' id='word_1_451' title='bbox 1030 5671 1153 5719; x_wconf 83' lang='lat' dir='ltr'><strong>Mss.</strong></span> <span class='ocrx_word' id='word_1_452' title='bbox 1175 5668 1898 5733; x_wconf 72' lang='lat' dir='ltr'><strong>vero,analogiam.llefertur</strong></span> 
     </span>
    </p>
   </div>
   <div class='ocr_carea' id='block_1_61' title="bbox 232 5733 1892 5809">
    <p class='ocr_par' dir='ltr' id='par_1_61' title="bbox 232 5733 1892 5809">
     <span class='ocr_line' id='line_1_61' title="bbox 232 5733 1892 5809; baseline 0 -25"><span class='ocrx_word' id='word_1_453' title='bbox 232 5734 298 5809; x_wconf 78' lang='lat' dir='ltr'><strong>ad</strong></span> <span class='ocrx_word' id='word_1_454' title='bbox 319 5735 709 5809; x_wconf 60' lang='lat' dir='ltr'><strong>verbummsps,</strong></span> <span class='ocrx_word' id='word_1_455' title='bbox 724 5733 867 5809; x_wconf 76' lang='lat' dir='ltr'><strong>qupd</strong></span> <span class='ocrx_word' id='word_1_456' title='bbox 889 5747 1009 5783; x_wconf 92' lang='lat' dir='ltr'><strong>cum</strong></span> <span class='ocrx_word' id='word_1_457' title='bbox 1032 5733 1318 5809; x_wconf 66' lang='lat' dir='ltr'><strong>accusandi</strong></span> <span class='ocrx_word' id='word_1_458' title='bbox 1340 5746 1464 5809; x_wconf 52' lang='lat' dir='ltr'><strong>essu</strong></span> <span class='ocrx_word' id='word_1_459' title='bbox 1484 5747 1599 5784; x_wconf 91' lang='lat' dir='ltr'><strong>non</strong></span> <span class='ocrx_word' id='word_1_460' title='bbox 1614 5734 1892 5809; x_wconf 63' lang='lat' dir='ltr'><strong>inelegan-</strong></span> 
     </span>
    </p>
   </div>
   <div class='ocr_carea' id='block_1_62' title="bbox 234 5794 1896 5865">
    <p class='ocr_par' dir='ltr' id='par_1_62' title="bbox 234 5794 1896 5865">
     <span class='ocr_line' id='line_1_62' title="bbox 234 5794 1896 5865; baseline 0 -14"><span class='ocrx_word' id='word_1_461' title='bbox 234 5802 317 5851; x_wconf 88' lang='lat' dir='ltr'><strong>ter</strong></span> <span class='ocrx_word' id='word_1_462' title='bbox 329 5797 608 5865; x_wconf 70' lang='lat' dir='ltr'><strong>jungitur.</strong></span> <span class='ocrx_word' id='word_1_463' title='bbox 623 5794 710 5848; x_wconf 77' lang='lat' dir='ltr'><strong>81c</strong></span> <span class='ocrx_word' id='word_1_464' title='bbox 729 5794 888 5859; x_wconf 79' lang='lat' dir='ltr'><strong>intra,</strong></span> <span class='ocrx_word' id='word_1_465' title='bbox 900 5810 1019 5862; x_wconf 76' lang='lat' dir='ltr'><strong>cap.</strong></span> <span class='ocrx_word' id='word_1_466' title='bbox 1030 5797 1083 5860; x_wconf 83' lang='lat'><strong>8,</strong></span> <span class='ocrx_word' id='word_1_467' title='bbox 1099 5795 1389 5863; x_wconf 81' lang='lat' dir='ltr'><strong>cuiusmodi</strong></span> <span class='ocrx_word' id='word_1_468' title='bbox 1399 5796 1538 5849; x_wconf 87' lang='lat' dir='ltr'><strong>viam</strong></span> <span class='ocrx_word' id='word_1_469' title='bbox 1550 5810 1670 5849; x_wconf 83' lang='lat' dir='ltr'><strong>usus</strong></span> <span class='ocrx_word' id='word_1_470' title='bbox 1678 5794 1896 5864; x_wconf 72' lang='lat' dir='ltr'><strong>fue&#39;rim.</strong></span> 
     </span>
    </p>
   </div>
   <div class='ocr_carea' id='block_1_63' title="bbox 1966 579 3608 656">
    <p class='ocr_par' dir='ltr' id='par_1_63' title="bbox 1966 579 3608 656">
     <span class='ocr_line' id='line_1_63' title="bbox 1966 579 3608 656; baseline 0.005 -21"><span class='ocrx_word' id='word_1_471' title='bbox 1966 595 2197 635; x_wconf 89' lang='lat' dir='ltr'><strong>mecum</strong></span> <span class='ocrx_word' id='word_1_472' title='bbox 2231 579 2584 637; x_wconf 89' lang='lat' dir='ltr'><strong>consideres.</strong></span> <span class='ocrx_word' id='word_1_473' title='bbox 2618 581 2782 638; x_wconf 88' lang='lat' dir='ltr'><strong>Nosti</strong></span> <span class='ocrx_word' id='word_1_474' title='bbox 2814 582 2967 639; x_wconf 89' lang='lat' dir='ltr'><strong>enim</strong></span> <span class='ocrx_word' id='word_1_475' title='bbox 3002 585 3154 656; x_wconf 91' lang='lat' dir='ltr'><strong>quod</strong></span> <span class='ocrx_word' id='word_1_476' title='bbox 3200 587 3452 643; x_wconf 86' lang='lat' dir='ltr'><strong>auctoris</strong></span> <span class='ocrx_word' id='word_1_477' title='bbox 3484 588 3608 644; x_wconf 88' lang='lat' dir='ltr'><strong>suis</strong></span> 
     </span>
    </p>
   </div>
   <div class='ocr_carea' id='block_1_64' title="bbox 1966 668 3609 743">
    <p class='ocr_par' dir='ltr' id='par_1_64' title="bbox 1966 668 3609 743">
     <span class='ocr_line' id='line_1_64' title="bbox 1966 668 3609 743; baseline 0.004 -18"><span class='ocrx_word' id='word_1_478' title='bbox 1966 668 2270 725; x_wconf 65' lang='lat' dir='ltr'><strong>Manichai</strong></span> <span class='ocrx_word' id='word_1_479' title='bbox 2282 686 2590 742; x_wconf 90' lang='lat' dir='ltr'><strong>personam</strong></span> <span class='ocrx_word' id='word_1_480' title='bbox 2609 670 2667 725; x_wconf 91' lang='lat' dir='ltr'><strong>in</strong></span> <span class='ocrx_word' id='word_1_481' title='bbox 2685 671 3093 743; x_wconf 76' lang='lat' dir='ltr'><strong>Apostolorum</strong></span> <span class='ocrx_word' id='word_1_482' title='bbox 3109 691 3419 730; x_wconf 82' lang='lat' dir='ltr'><strong>numerum</strong></span> <span class='ocrx_word' id='word_1_483' title='bbox 3433 676 3609 732; x_wconf 91' lang='lat' dir='ltr'><strong>indu-</strong></span> 
     </span>
    </p>
   </div>
   <div class='ocr_carea' id='block_1_65' title="bbox 1967 757 3607 836">
    <p class='ocr_par' dir='ltr' id='par_1_65' title="bbox 1967 757 3607 836">
     <span class='ocr_line' id='line_1_65' title="bbox 1967 757 3607 836; baseline 0.005 -24"><span class='ocrx_word' id='word_1_484' title='bbox 1967 773 2096 814; x_wconf 90' lang='lat' dir='ltr'><strong>cere</strong></span> <span class='ocrx_word' id='word_1_485' title='bbox 2119 757 2446 824; x_wconf 83' lang='lat' dir='ltr'><strong>molientes,</strong></span> <span class='ocrx_word' id='word_1_486' title='bbox 2471 759 2672 815; x_wconf 89' lang='lat' dir='ltr'><strong>dicunt</strong></span> <span class='ocrx_word' id='word_1_487' title='bbox 2687 760 2969 832; x_wconf 89' lang='lat' dir='ltr'><strong>Spiritum</strong></span> <span class='ocrx_word' id='word_1_488' title='bbox 2993 768 3283 834; x_wconf 88' lang='lat' dir='ltr'><strong>sanctum,</strong></span> <span class='ocrx_word' id='word_1_489' title='bbox 3303 780 3478 836; x_wconf 90' lang='lat' dir='ltr'><strong>quem</strong></span> <span class='ocrx_word' id='word_1_490' title='bbox 3501 767 3607 821; x_wconf 84' lang='lat' dir='ltr'><strong>Do-</strong></span> 
     </span>
    </p>
   </div>
   <div class='ocr_carea' id='block_1_66' title="bbox 1968 845 3613 928">
    <p class='ocr_par' dir='ltr' id='par_1_66' title="bbox 1968 845 3613 928">
     <span class='ocr_line' id='line_1_66' title="bbox 1968 845 3613 928; baseline 0.006 -27"><span class='ocrx_word' id='word_1_491' title='bbox 1968 845 2169 902; x_wconf 90' lang='lat' dir='ltr'><strong>minus</strong></span> <span class='ocrx_word' id='word_1_492' title='bbox 2198 846 2504 918; x_wconf 88' lang='lat' dir='ltr'><strong>discipulis</strong></span> <span class='ocrx_word' id='word_1_493' title='bbox 2554 863 2616 903; x_wconf 90' lang='lat' dir='ltr'><strong>se</strong></span> <span class='ocrx_word' id='word_1_494' title='bbox 2666 849 2984 906; x_wconf 89' lang='lat' dir='ltr'><strong>missurum</strong></span> <span class='ocrx_word' id='word_1_495' title='bbox 3032 867 3161 908; x_wconf 89' lang='lat' dir='ltr'><strong>esse</strong></span> <span class='ocrx_word' id='word_1_496' title='bbox 3184 854 3473 926; x_wconf 89' lang='lat' dir='ltr'><strong>promisit,</strong></span> <span class='ocrx_word' id='word_1_497' title='bbox 3506 872 3613 928; x_wconf 93' lang='lat' dir='ltr'><strong>per</strong></span> 
     </span>
    </p>
   </div>
   <div class='ocr_carea' id='block_1_67' title="bbox 1968 934 3615 1015">
    <p class='ocr_par' dir='ltr' id='par_1_67' title="bbox 1968 934 3615 1015">
     <span class='ocr_line' id='line_1_67' title="bbox 1968 934 3615 1015; baseline 0.006 -25"><span class='ocrx_word' id='word_1_498' title='bbox 1968 934 2166 1007; x_wconf 88' lang='lat' dir='ltr'><strong>ipsum</strong></span> <span class='ocrx_word' id='word_1_499' title='bbox 2188 935 2260 991; x_wconf 89' lang='lat' dir='ltr'><strong>ad</strong></span> <span class='ocrx_word' id='word_1_500' title='bbox 2284 953 2391 993; x_wconf 90' lang='lat' dir='ltr'><strong>nos</strong></span> <span class='ocrx_word' id='word_1_501' title='bbox 2408 937 2659 994; x_wconf 85' lang='lat' dir='ltr'><strong>venisse.</strong></span> <span class='ocrx_word' id='word_1_502' title='bbox 2689 938 2889 1010; x_wconf 85' lang='lat' dir='ltr'><strong>Itaque</strong></span> <span class='ocrx_word' id='word_1_503' title='bbox 2912 940 2961 995; x_wconf 89' lang='lat' dir='ltr'><strong>si</strong></span> <span class='ocrx_word' id='word_1_504' title='bbox 2979 939 3111 997; x_wconf 89' lang='lat' dir='ltr'><strong>illos</strong></span> <span class='ocrx_word' id='word_1_505' title='bbox 3123 943 3302 999; x_wconf 86' lang='lat' dir='ltr'><strong>Actus</strong></span> <span class='ocrx_word' id='word_1_506' title='bbox 3320 944 3615 1015; x_wconf 81' lang='lat' dir='ltr'><strong>Apostolo-</strong></span> 
     </span>
    </p>
   </div>
   <div class='ocr_carea' id='block_1_68' title="bbox 1968 1024 3610 1099">
    <p class='ocr_par' dir='ltr' id='par_1_68' title="bbox 1968 1024 3610 1099">
     <span class='ocr_line' id='line_1_68' title="bbox 1968 1024 3610 1099; baseline 0.006 -20"><span class='ocrx_word' id='word_1_507' title='bbox 1968 1040 2098 1080; x_wconf 90' lang='lat' dir='ltr'><strong>rum</strong></span> <span class='ocrx_word' id='word_1_508' title='bbox 2122 1024 2469 1098; x_wconf 88' lang='lat' dir='ltr'><strong>acciperent,</strong></span> <span class='ocrx_word' id='word_1_509' title='bbox 2489 1026 2548 1082; x_wconf 91' lang='lat' dir='ltr'><strong>in</strong></span> <span class='ocrx_word' id='word_1_510' title='bbox 2569 1026 2785 1099; x_wconf 91' lang='lat' dir='ltr'><strong>quibus</strong></span> <span class='ocrx_word' id='word_1_511' title='bbox 2799 1028 3097 1087; x_wconf 89' lang='lat' dir='ltr'><strong>evidenter</strong></span> <span class='ocrx_word' id='word_1_512' title='bbox 3110 1031 3393 1088; x_wconf 89' lang='lat' dir='ltr'><strong>adventus</strong></span> <span class='ocrx_word' id='word_1_513' title='bbox 3423 1033 3610 1091; x_wconf 87' lang='lat' dir='ltr'><strong>sancti</strong></span> 
     </span>
    </p>
   </div>
   <div class='ocr_carea' id='block_1_69' title="bbox 1969 1112 3612 1193">
    <p class='ocr_par' dir='ltr' id='par_1_69' title="bbox 1969 1112 3612 1193">
     <span class='ocr_line' id='line_1_69' title="bbox 1969 1112 3612 1193; baseline 0.005 -25"><span class='ocrx_word' id='word_1_514' title='bbox 1969 1112 2223 1186; x_wconf 90' lang='lat' dir='ltr'><strong>Spiritus</strong></span> <span class='ocrx_word' id='word_1_515' title='bbox 2240 1113 2587 1187; x_wconf 67' lang='lat' dir='ltr'><strong>praedicatur</strong></span> <span class='ocrx_word' id='word_1_516' title='bbox 2607 1116 2738 1188; x_wconf 89' lang='lat' dir='ltr'><strong>(Act.</strong></span> <span class='ocrx_word' id='word_1_517' title='bbox 2760 1134 2821 1188; x_wconf 80' lang='grc' dir='ltr'><strong>ιι,</strong></span> <span class='ocrx_word' id='word_1_518' title='bbox 2841 1119 2981 1189; x_wconf 86' lang='grc'>2-4),</span> <span class='ocrx_word' id='word_1_519' title='bbox 3002 1135 3115 1175; x_wconf 92' lang='lat' dir='ltr'><strong>non</strong></span> <span class='ocrx_word' id='word_1_520' title='bbox 3134 1120 3457 1177; x_wconf 87' lang='lat' dir='ltr'><strong>invenirent</strong></span> <span class='ocrx_word' id='word_1_521' title='bbox 3469 1137 3612 1193; x_wconf 88' lang='lat' dir='ltr'><strong>quo-</strong></span> 
     </span>
    </p>
   </div>
   <div class='ocr_carea' id='block_1_70' title="bbox 1969 1202 3611 1267">
    <p class='ocr_par' dir='ltr' id='par_1_70' title="bbox 1969 1202 3611 1267">
     <span class='ocr_line' id='line_1_70' title="bbox 1969 1202 3611 1267; baseline 0.006 -10"><span class='ocrx_word' id='word_1_522' title='bbox 1969 1202 2143 1258; x_wconf 90' lang='lat' dir='ltr'><strong>modo</strong></span> <span class='ocrx_word' id='word_1_523' title='bbox 2156 1202 2213 1257; x_wconf 90' lang='lat' dir='ltr'><strong>id</strong></span> <span class='ocrx_word' id='word_1_524' title='bbox 2234 1202 2570 1259; x_wconf 90' lang='lat' dir='ltr'><strong>immissum</strong></span> <span class='ocrx_word' id='word_1_525' title='bbox 2584 1220 2712 1261; x_wconf 91' lang='lat' dir='ltr'><strong>esse</strong></span> <span class='ocrx_word' id='word_1_526' title='bbox 2725 1206 3001 1262; x_wconf 87' lang='lat' dir='ltr'><strong>dicerent.</strong></span> <span class='ocrx_word' id='word_1_527' title='bbox 3016 1207 3399 1265; x_wconf 90' lang='lat' dir='ltr'><strong>Voluntenim</strong></span> <span class='ocrx_word' id='word_1_528' title='bbox 3415 1210 3611 1267; x_wconf 91' lang='lat' dir='ltr'><strong>nescio</strong></span> 
     </span>
    </p>
   </div>
   <div class='ocr_carea' id='block_1_71' title="bbox 1970 1293 3613 1371">
    <p class='ocr_par' dir='ltr' id='par_1_71' title="bbox 1970 1293 3613 1371">
     <span class='ocr_line' id='line_1_71' title="bbox 1970 1293 3613 1371; baseline 0.007 -26"><span class='ocrx_word' id='word_1_529' title='bbox 1970 1307 2118 1363; x_wconf 90' lang='lat' dir='ltr'><strong>quos</strong></span> <span class='ocrx_word' id='word_1_530' title='bbox 2139 1296 2510 1363; x_wconf 89' lang='lat' dir='ltr'><strong>corruptores</strong></span> <span class='ocrx_word' id='word_1_531' title='bbox 2531 1293 2861 1350; x_wconf 88' lang='lat' dir='ltr'><strong>divinorum</strong></span> <span class='ocrx_word' id='word_1_532' title='bbox 2909 1295 3209 1353; x_wconf 90' lang='lat' dir='ltr'><strong>Librorum</strong></span> <span class='ocrx_word' id='word_1_533' title='bbox 3255 1304 3389 1356; x_wconf 89' lang='lat' dir='ltr'><strong>ante</strong></span> <span class='ocrx_word' id='word_1_534' title='bbox 3425 1300 3613 1371; x_wconf 89' lang='lat' dir='ltr'><strong>ipsius</strong></span> 
     </span>
    </p>
   </div>
   <div class='ocr_carea' id='block_1_72' title="bbox 1970 1379 3613 1459">
    <p class='ocr_par' dir='ltr' id='par_1_72' title="bbox 1970 1379 3613 1459">
     <span class='ocr_line' id='line_1_72' title="bbox 1970 1379 3613 1459; baseline 0.005 -24"><span class='ocrx_word' id='word_1_535' title='bbox 1970 1379 2272 1435; x_wconf 72' lang='lat' dir='ltr'><strong>Manichaei</strong></span> <span class='ocrx_word' id='word_1_536' title='bbox 2292 1384 2557 1454; x_wconf 88' lang='lat' dir='ltr'><strong>tempora</strong></span> <span class='ocrx_word' id='word_1_537' title='bbox 2574 1382 2787 1451; x_wconf 82' lang='lat' dir='ltr'><strong>fuisse;</strong></span> <span class='ocrx_word' id='word_1_538' title='bbox 2810 1386 3138 1457; x_wconf 88' lang='lat' dir='ltr'><strong>corrupisse</strong></span> <span class='ocrx_word' id='word_1_539' title='bbox 3154 1390 3348 1443; x_wconf 90' lang='lat' dir='ltr'><strong>autem</strong></span> <span class='ocrx_word' id='word_1_540' title='bbox 3368 1389 3499 1444; x_wconf 91' lang='lat' dir='ltr'><strong>illos</strong></span> <span class='ocrx_word' id='word_1_541' title='bbox 3512 1388 3613 1459; x_wconf 89' lang='lat' dir='ltr'><strong>qui</strong></span> 
     </span>
    </p>
   </div>
   <div class='ocr_carea' id='block_1_73' title="bbox 1969 1469 3614 1547">
    <p class='ocr_par' dir='ltr' id='par_1_73' title="bbox 1969 1469 3614 1547">
     <span class='ocr_line' id='line_1_73' title="bbox 1969 1469 3614 1547; baseline 0.006 -24"><span class='ocrx_word' id='word_1_542' title='bbox 1969 1469 2299 1524; x_wconf 70' lang='lat' dir='ltr'><strong>Judtsorum</strong></span> <span class='ocrx_word' id='word_1_543' title='bbox 2322 1469 2507 1542; x_wconf 88' lang='lat' dir='ltr'><strong>legem</strong></span> <span class='ocrx_word' id='word_1_544' title='bbox 2533 1472 2839 1544; x_wconf 87' lang='lat' dir='ltr'><strong>Evangelio</strong></span> <span class='ocrx_word' id='word_1_545' title='bbox 2864 1475 3108 1529; x_wconf 91' lang='lat' dir='ltr'><strong>miscere</strong></span> <span class='ocrx_word' id='word_1_546' title='bbox 3140 1476 3472 1547; x_wconf 88' lang='lat' dir='ltr'><strong>cupiebant.</strong></span> <span class='ocrx_word' id='word_1_547' title='bbox 3496 1478 3614 1533; x_wconf 92' lang='lat' dir='ltr'><strong>Hoc</strong></span> 
     </span>
    </p>
   </div>
   <div class='ocr_carea' id='block_1_74' title="bbox 1973 1557 3613 1634">
    <p class='ocr_par' dir='ltr' id='par_1_74' title="bbox 1973 1557 3613 1634">
     <span class='ocr_line' id='line_1_74' title="bbox 1973 1557 3613 1634; baseline 0.007 -22"><span class='ocrx_word' id='word_1_548' title='bbox 1973 1562 2166 1613; x_wconf 87' lang='lat' dir='ltr'><strong>autem</strong></span> <span class='ocrx_word' id='word_1_549' title='bbox 2204 1557 2273 1612; x_wconf 91' lang='lat' dir='ltr'><strong>de</strong></span> <span class='ocrx_word' id='word_1_550' title='bbox 2306 1559 2524 1629; x_wconf 87' lang='lat' dir='ltr'><strong>Spiritu</strong></span> <span class='ocrx_word' id='word_1_551' title='bbox 2549 1565 2748 1615; x_wconf 90' lang='lat' dir='ltr'><strong>sancto</strong></span> <span class='ocrx_word' id='word_1_552' title='bbox 2772 1561 2961 1616; x_wconf 89' lang='lat' dir='ltr'><strong>dicere</strong></span> <span class='ocrx_word' id='word_1_553' title='bbox 2983 1571 3300 1634; x_wconf 87' lang='lat' dir='ltr'><strong>nequeunt,</strong></span> <span class='ocrx_word' id='word_1_554' title='bbox 3326 1565 3439 1621; x_wconf 91' lang='lat' dir='ltr'><strong>nisi</strong></span> <span class='ocrx_word' id='word_1_555' title='bbox 3466 1566 3613 1624; x_wconf 82' lang='lat' dir='ltr'><strong>forte</strong></span> 
     </span>
    </p>
   </div>
   <div class='ocr_carea' id='block_1_75' title="bbox 1974 1645 3613 1721">
    <p class='ocr_par' dir='ltr' id='par_1_75' title="bbox 1974 1645 3613 1721">
     <span class='ocr_line' id='line_1_75' title="bbox 1974 1645 3613 1721; baseline 0.007 -21"><span class='ocrx_word' id='word_1_556' title='bbox 1974 1646 2266 1702; x_wconf 88' lang='lat' dir='ltr'><strong>divinasse</strong></span> <span class='ocrx_word' id='word_1_557' title='bbox 2296 1645 2429 1702; x_wconf 91' lang='lat' dir='ltr'><strong>illos</strong></span> <span class='ocrx_word' id='word_1_558' title='bbox 2480 1652 2766 1715; x_wconf 88' lang='lat' dir='ltr'><strong>asserant,</strong></span> <span class='ocrx_word' id='word_1_559' title='bbox 2798 1654 2855 1704; x_wconf 90' lang='lat' dir='ltr'><strong>et</strong></span> <span class='ocrx_word' id='word_1_560' title='bbox 2886 1652 3153 1721; x_wconf 89' lang='lat' dir='ltr'><strong>posuisse</strong></span> <span class='ocrx_word' id='word_1_561' title='bbox 3200 1652 3257 1707; x_wconf 92' lang='lat' dir='ltr'><strong>in</strong></span> <span class='ocrx_word' id='word_1_562' title='bbox 3291 1654 3415 1710; x_wconf 88' lang='lat' dir='ltr'><strong>suis</strong></span> <span class='ocrx_word' id='word_1_563' title='bbox 3446 1653 3613 1712; x_wconf 88' lang='lat' dir='ltr'><strong>libris</strong></span> 
     </span>
    </p>
   </div>
   <div class='ocr_carea' id='block_1_76' title="bbox 1970 1736 3615 1816">
    <p class='ocr_par' dir='ltr' id='par_1_76' title="bbox 1970 1736 3615 1816">
     <span class='ocr_line' id='line_1_76' title="bbox 1970 1736 3615 1816; baseline 0.006 -26"><span class='ocrx_word' id='word_1_564' title='bbox 1970 1736 2127 1807; x_wconf 90' lang='lat' dir='ltr'><strong>quod</strong></span> <span class='ocrx_word' id='word_1_565' title='bbox 2145 1739 2345 1791; x_wconf 90' lang='lat' dir='ltr'><strong>contra</strong></span> <span class='ocrx_word' id='word_1_566' title='bbox 2358 1736 2622 1792; x_wconf 88' lang='lat' dir='ltr'><strong>futurum</strong></span> <span class='ocrx_word' id='word_1_567' title='bbox 2637 1737 2952 1809; x_wconf 90' lang='lat' dir='ltr'><strong>aliquando</strong></span> <span class='ocrx_word' id='word_1_568' title='bbox 2965 1741 3473 1815; x_wconf 69' lang='lat' dir='ltr'><strong>Manichaeum,qui</strong></span> <span class='ocrx_word' id='word_1_569' title='bbox 3491 1744 3615 1816; x_wconf 88' lang='lat' dir='ltr'><strong>Spi-</strong></span> 
     </span>
    </p>
   </div>
   <div class='ocr_carea' id='block_1_77' title="bbox 1975 1824 3616 1903">
    <p class='ocr_par' dir='ltr' id='par_1_77' title="bbox 1975 1824 3616 1903">
     <span class='ocr_line' id='line_1_77' title="bbox 1975 1824 3616 1903; baseline 0.005 -24"><span class='ocrx_word' id='word_1_570' title='bbox 1975 1824 2155 1879; x_wconf 90' lang='lat' dir='ltr'><strong>ritum</strong></span> <span class='ocrx_word' id='word_1_571' title='bbox 2179 1828 2446 1879; x_wconf 89' lang='lat' dir='ltr'><strong>sanctum</strong></span> <span class='ocrx_word' id='word_1_572' title='bbox 2470 1842 2573 1897; x_wconf 87' lang='lat' dir='ltr'><strong>per</strong></span> <span class='ocrx_word' id='word_1_573' title='bbox 2584 1842 2645 1881; x_wconf 86' lang='lat' dir='ltr'><strong>se</strong></span> <span class='ocrx_word' id='word_1_574' title='bbox 2663 1824 2910 1881; x_wconf 88' lang='lat' dir='ltr'><strong>missum</strong></span> <span class='ocrx_word' id='word_1_575' title='bbox 2927 1844 3056 1883; x_wconf 89' lang='lat' dir='ltr'><strong>esse</strong></span> <span class='ocrx_word' id='word_1_576' title='bbox 3076 1828 3313 1901; x_wconf 89' lang='lat' dir='ltr'><strong>diceret,</strong></span> <span class='ocrx_word' id='word_1_577' title='bbox 3331 1834 3616 1903; x_wconf 79' lang='lat' dir='ltr'><strong>proferre-</strong></span> 
     </span>
    </p>
   </div>
   <div class='ocr_carea' id='block_1_78' title="bbox 1975 1914 3617 1993">
    <p class='ocr_par' dir='ltr' id='par_1_78' title="bbox 1975 1914 3617 1993">
     <span class='ocr_line' id='line_1_78' title="bbox 1975 1914 3617 1993; baseline 0.005 -26"><span class='ocrx_word' id='word_1_578' title='bbox 1975 1917 2092 1968; x_wconf 93' lang='lat' dir='ltr'><strong>tur.</strong></span> <span class='ocrx_word' id='word_1_579' title='bbox 2127 1916 2340 1969; x_wconf 87' lang='lat' dir='ltr'><strong>Verum</strong></span> <span class='ocrx_word' id='word_1_580' title='bbox 2374 1914 2445 1969; x_wconf 91' lang='lat' dir='ltr'><strong>de</strong></span> <span class='ocrx_word' id='word_1_581' title='bbox 2474 1914 2692 1985; x_wconf 89' lang='lat' dir='ltr'><strong>Spiritu</strong></span> <span class='ocrx_word' id='word_1_582' title='bbox 2726 1921 2927 1971; x_wconf 88' lang='lat' dir='ltr'><strong>sancto</strong></span> <span class='ocrx_word' id='word_1_583' title='bbox 2969 1916 3114 1973; x_wconf 89' lang='lat' dir='ltr'><strong>alias</strong></span> <span class='ocrx_word' id='word_1_584' title='bbox 3143 1919 3373 1988; x_wconf 89' lang='lat' dir='ltr'><strong>planius</strong></span> <span class='ocrx_word' id='word_1_585' title='bbox 3395 1920 3617 1993; x_wconf 90' lang='lat' dir='ltr'><strong>aliquid</strong></span> 
     </span>
    </p>
   </div>
   <div class='ocr_carea' id='block_1_79' title="bbox 1976 2000 3617 2075">
    <p class='ocr_par' dir='ltr' id='par_1_79' title="bbox 1976 2000 3617 2075">
     <span class='ocr_line' id='line_1_79' title="bbox 1976 2000 3617 2075; baseline 0.005 -18"><span class='ocrx_word' id='word_1_586' title='bbox 1976 2000 2338 2073; x_wconf 80' lang='lat' dir='ltr'><strong>eloquamur.</strong></span> <span class='ocrx_word' id='word_1_587' title='bbox 2354 2006 2518 2058; x_wconf 88' lang='lat' dir='ltr'><strong>Nunc</strong></span> <span class='ocrx_word' id='word_1_588' title='bbox 2531 2004 2600 2057; x_wconf 91' lang='lat' dir='ltr'><strong>ad</strong></span> <span class='ocrx_word' id='word_1_589' title='bbox 2618 2003 2727 2059; x_wconf 93' lang='lat' dir='ltr'><strong>hoc</strong></span> <span class='ocrx_word' id='word_1_590' title='bbox 2741 2006 2893 2075; x_wconf 91' lang='lat' dir='ltr'><strong>quod</strong></span> <span class='ocrx_word' id='word_1_591' title='bbox 2910 2004 3269 2063; x_wconf 88' lang='lat' dir='ltr'><strong>intenderam</strong></span> <span class='ocrx_word' id='word_1_592' title='bbox 3286 2010 3617 2066; x_wconf 89' lang='lat' dir='ltr'><strong>redeamus.</strong></span> 
     </span>
    </p>
   </div>
   <div class='ocr_carea' id='block_1_80' title="bbox 1960 2088 3622 2165">
    <p class='ocr_par' dir='ltr' id='par_1_80' title="bbox 1960 2088 3622 2165">
     <span class='ocr_line' id='line_1_80' title="bbox 1960 2088 3622 2165; baseline 0.007 -22"><span class='ocrx_word' id='word_1_593' title='bbox 1960 2126 1977 2137; x_wconf 87' lang='grc'><strong><em>-</em></strong></span> <span class='ocrx_word' id='word_1_594' title='bbox 2047 2091 2101 2146; x_wconf 91' lang='grc'><strong>8.</strong></span> <span class='ocrx_word' id='word_1_595' title='bbox 2136 2090 2283 2148; x_wconf 90' lang='lat' dir='ltr'><strong>Nam</strong></span> <span class='ocrx_word' id='word_1_596' title='bbox 2315 2095 2372 2147; x_wconf 92' lang='lat' dir='ltr'><strong>et</strong></span> <span class='ocrx_word' id='word_1_597' title='bbox 2401 2088 2706 2147; x_wconf 89' lang='lat' dir='ltr'><strong>historiam</strong></span> <span class='ocrx_word' id='word_1_598' title='bbox 2738 2092 2963 2149; x_wconf 86' lang='lat' dir='ltr'><strong>Veteris</strong></span> <span class='ocrx_word' id='word_1_599' title='bbox 2986 2094 3367 2165; x_wconf 88' lang='lat' dir='ltr'><strong>&#39;l‘estamenti,</strong></span> <span class='ocrx_word' id='word_1_600' title='bbox 3391 2102 3447 2154; x_wconf 89' lang='lat' dir='ltr'><strong>et</strong></span> <span class='ocrx_word' id='word_1_601' title='bbox 3469 2099 3622 2155; x_wconf 70' lang='lat' dir='ltr'><strong>aetio-</strong></span> 
     </span>
    </p>
   </div>
   <div class='ocr_carea' id='block_1_81' title="bbox 1977 2179 3618 2259">
    <p class='ocr_par' dir='ltr' id='par_1_81' title="bbox 1977 2179 3618 2259">
     <span class='ocr_line' id='line_1_81' title="bbox 1977 2179 3618 2259; baseline 0.005 -24"><span class='ocrx_word' id='word_1_602' title='bbox 1977 2179 2215 2253; x_wconf 87' lang='lat' dir='ltr'><strong>logiam,</strong></span> <span class='ocrx_word' id='word_1_603' title='bbox 2248 2184 2305 2236; x_wconf 88' lang='lat' dir='ltr'><strong>et</strong></span> <span class='ocrx_word' id='word_1_604' title='bbox 2333 2179 2661 2252; x_wconf 87' lang='lat' dir='ltr'><strong>analogiam</strong></span> <span class='ocrx_word' id='word_1_605' title='bbox 2691 2181 2748 2236; x_wconf 91' lang='lat' dir='ltr'><strong>in</strong></span> <span class='ocrx_word' id='word_1_606' title='bbox 2779 2186 2935 2237; x_wconf 89' lang='lat' dir='ltr'><strong>Novo</strong></span> <span class='ocrx_word' id='word_1_607' title='bbox 2958 2183 3328 2241; x_wconf 87' lang='lat' dir='ltr'><strong>Testamento</strong></span> <span class='ocrx_word' id='word_1_608' title='bbox 3351 2187 3618 2259; x_wconf 90' lang='lat' dir='ltr'><strong>inveniri,</strong></span> 
     </span>
    </p>
   </div>
   <div class='ocr_carea' id='block_1_82' title="bbox 1980 2268 3625 2346">
    <p class='ocr_par' dir='ltr' id='par_1_82' title="bbox 1980 2268 3625 2346">
     <span class='ocr_line' id='line_1_82' title="bbox 1980 2268 3625 2346; baseline 0.004 -20"><span class='ocrx_word' id='word_1_609' title='bbox 1980 2268 2143 2338; x_wconf 88' lang='lat' dir='ltr'><strong>satis,</strong></span> <span class='ocrx_word' id='word_1_610' title='bbox 2168 2274 2233 2324; x_wconf 89' lang='lat' dir='ltr'><strong>ut</strong></span> <span class='ocrx_word' id='word_1_611' title='bbox 2255 2273 2416 2341; x_wconf 90' lang='lat' dir='ltr'><strong>puto,</strong></span> <span class='ocrx_word' id='word_1_612' title='bbox 2437 2273 2526 2325; x_wconf 88' lang='lat' dir='ltr'><strong>est</strong></span> <span class='ocrx_word' id='word_1_613' title='bbox 2546 2270 3012 2326; x_wconf 91' lang='lat' dir='ltr'><strong>demonstratum</strong></span> <span class='ocrx_word' id='word_1_614' title='bbox 3032 2273 3132 2327; x_wconf 90' lang='lat' dir='ltr'><strong>:de</strong></span> <span class='ocrx_word' id='word_1_615' title='bbox 3151 2272 3422 2346; x_wconf 88' lang='lat' dir='ltr'><strong>allegoria</strong></span> <span class='ocrx_word' id='word_1_616' title='bbox 3443 2280 3625 2333; x_wconf 89' lang='lat' dir='ltr'><strong>restat</strong></span> 
     </span>
    </p>
   </div>
   <div class='ocr_carea' id='block_1_83' title="bbox 1981 2357 3619 2435">
    <p class='ocr_par' dir='ltr' id='par_1_83' title="bbox 1981 2357 3619 2435">
     <span class='ocr_line' id='line_1_83' title="bbox 1981 2357 3619 2435; baseline 0.004 -21"><span class='ocrx_word' id='word_1_617' title='bbox 1981 2358 2307 2414; x_wconf 91' lang='lat' dir='ltr'><strong>ostendere.</strong></span> <span class='ocrx_word' id='word_1_618' title='bbox 2333 2361 2464 2429; x_wconf 90' lang='lat' dir='ltr'><strong>Ipse</strong></span> <span class='ocrx_word' id='word_1_619' title='bbox 2508 2357 2804 2414; x_wconf 89' lang='lat' dir='ltr'><strong>Liberator</strong></span> <span class='ocrx_word' id='word_1_620' title='bbox 2842 2364 3040 2415; x_wconf 89' lang='lat' dir='ltr'><strong>noster</strong></span> <span class='ocrx_word' id='word_1_621' title='bbox 3058 2360 3117 2415; x_wconf 90' lang='lat' dir='ltr'><strong>in</strong></span> <span class='ocrx_word' id='word_1_622' title='bbox 3140 2362 3446 2435; x_wconf 86' lang='lat' dir='ltr'><strong>Evangelio</strong></span> <span class='ocrx_word' id='word_1_623' title='bbox 3478 2365 3619 2422; x_wconf 91' lang='lat' dir='ltr'><strong>alle-</strong></span> 
     </span>
    </p>
   </div>
   <div class='ocr_carea' id='block_1_84' title="bbox 1982 2445 3619 2525">
    <p class='ocr_par' dir='ltr' id='par_1_84' title="bbox 1982 2445 3619 2525">
     <span class='ocr_line' id='line_1_84' title="bbox 1982 2445 3619 2525; baseline 0.005 -24"><span class='ocrx_word' id='word_1_624' title='bbox 1982 2446 2144 2519; x_wconf 88' lang='lat' dir='ltr'><strong>goria</strong></span> <span class='ocrx_word' id='word_1_625' title='bbox 2166 2446 2348 2501; x_wconf 89' lang='lat' dir='ltr'><strong>utitur</strong></span> <span class='ocrx_word' id='word_1_626' title='bbox 2368 2462 2436 2500; x_wconf 85' lang='lat' dir='ltr'><strong>ex</strong></span> <span class='ocrx_word' id='word_1_627' title='bbox 2456 2445 2655 2501; x_wconf 88' lang='lat' dir='ltr'><strong>Vetere</strong></span> <span class='ocrx_word' id='word_1_628' title='bbox 2675 2448 3074 2504; x_wconf 89' lang='lat' dir='ltr'><strong>Testamento:</strong></span> <span class='ocrx_word' id='word_1_629' title='bbox 3094 2450 3394 2518; x_wconf 86' lang='lat' dir='ltr'><strong>Generatio,</strong></span> <span class='ocrx_word' id='word_1_630' title='bbox 3410 2454 3619 2525; x_wconf 89' lang='lat' dir='ltr'><strong>inquit,</strong></span> 
     </span>
    </p>
   </div>
   <div class='ocr_carea' id='block_1_85' title="bbox 1942 2534 3624 2612">
    <p class='ocr_par' dir='ltr' id='par_1_85' title="bbox 1942 2534 3624 2612">
     <span class='ocr_line' id='line_1_85' title="bbox 1942 2534 3624 2612; baseline 0.006 -21"><span class='ocrx_word' id='word_1_631' title='bbox 1942 2534 1955 2549; x_wconf 78' lang='grc'><strong><em>⁸</em></strong></span> <span class='ocrx_word' id='word_1_632' title='bbox 1983 2535 2101 2592; x_wconf 64' lang='lat' dir='ltr'><strong>haec</strong></span> <span class='ocrx_word' id='word_1_633' title='bbox 2117 2537 2339 2605; x_wconf 89' lang='lat' dir='ltr'><strong>signum</strong></span> <span class='ocrx_word' id='word_1_634' title='bbox 2361 2536 2602 2606; x_wconf 71' lang='lat' dir='ltr'><strong>quaerit;</strong></span> <span class='ocrx_word' id='word_1_635' title='bbox 2635 2551 2745 2591; x_wconf 80' lang='lat' dir='ltr'><strong>non</strong></span> <span class='ocrx_word' id='word_1_636' title='bbox 2765 2536 2987 2592; x_wconf 81' lang='lat' dir='ltr'><strong>dabitur</strong></span> <span class='ocrx_word' id='word_1_637' title='bbox 3005 2540 3061 2594; x_wconf 88' lang='lat' dir='ltr'><strong>ei</strong></span> <span class='ocrx_word' id='word_1_638' title='bbox 3094 2540 3211 2594; x_wconf 84' lang='lat' dir='ltr'><strong>nisi</strong></span> <span class='ocrx_word' id='word_1_639' title='bbox 3227 2542 3445 2612; x_wconf 87' lang='lat' dir='ltr'><strong>signum</strong></span> <span class='ocrx_word' id='word_1_640' title='bbox 3467 2544 3624 2601; x_wconf 74' lang='lat' dir='ltr'><strong>lanae</strong></span> 
     </span>
    </p>
   </div>
   <div class='ocr_carea' id='block_1_86' title="bbox 1980 2622 3624 2695">
    <p class='ocr_par' dir='ltr' id='par_1_86' title="bbox 1980 2622 3624 2695">
     <span class='ocr_line' id='line_1_86' title="bbox 1980 2622 3624 2695; baseline 0.007 -18"><span class='ocrx_word' id='word_1_641' title='bbox 1980 2623 2276 2695; x_wconf 60' lang='lat' dir='ltr'><strong>prophetae.</strong></span> <span class='ocrx_word' id='word_1_642' title='bbox 2301 2622 2453 2678; x_wconf 85' lang='lat' dir='ltr'><strong>Sicut</strong></span> <span class='ocrx_word' id='word_1_643' title='bbox 2470 2625 2619 2678; x_wconf 91' lang='lat' dir='ltr'><strong>enim</strong></span> <span class='ocrx_word' id='word_1_644' title='bbox 2636 2628 2807 2681; x_wconf 83' lang='lat' dir='ltr'><strong>Jonas</strong></span> <span class='ocrx_word' id='word_1_645' title='bbox 2829 2626 2884 2680; x_wconf 87' lang='lat' dir='ltr'><strong>in</strong></span> <span class='ocrx_word' id='word_1_646' title='bbox 2908 2634 3092 2682; x_wconf 81' lang='lat' dir='ltr'><strong>ventre</strong></span> <span class='ocrx_word' id='word_1_647' title='bbox 3111 2631 3217 2683; x_wconf 85' lang='lat' dir='ltr'><strong>ceti</strong></span> <span class='ocrx_word' id='word_1_648' title='bbox 3238 2630 3414 2685; x_wconf 84' lang='lat' dir='ltr'><strong>tribus</strong></span> <span class='ocrx_word' id='word_1_649' title='bbox 3434 2631 3624 2689; x_wconf 85' lang='lat' dir='ltr'><strong>diebus</strong></span> 
     </span>
    </p>
   </div>
   <div class='ocr_carea' id='block_1_87' title="bbox 1985 2712 3621 2784">
    <p class='ocr_par' dir='ltr' id='par_1_87' title="bbox 1985 2712 3621 2784">
     <span class='ocr_line' id='line_1_87' title="bbox 1985 2712 3621 2784; baseline 0.006 -16"><span class='ocrx_word' id='word_1_650' title='bbox 1985 2717 2037 2768; x_wconf 87' lang='lat' dir='ltr'><strong>et</strong></span> <span class='ocrx_word' id='word_1_651' title='bbox 2061 2712 2234 2768; x_wconf 85' lang='lat' dir='ltr'><strong>tribus</strong></span> <span class='ocrx_word' id='word_1_652' title='bbox 2260 2712 2507 2768; x_wconf 88' lang='lat' dir='ltr'><strong>noctibus</strong></span> <span class='ocrx_word' id='word_1_653' title='bbox 2532 2714 2667 2784; x_wconf 84' lang='lat' dir='ltr'><strong>fuit,</strong></span> <span class='ocrx_word' id='word_1_654' title='bbox 2689 2715 2767 2769; x_wconf 89' lang='lat' dir='ltr'><strong>sic</strong></span> <span class='ocrx_word' id='word_1_655' title='bbox 2784 2720 2839 2769; x_wconf 90' lang='lat' dir='ltr'><strong>et</strong></span> <span class='ocrx_word' id='word_1_656' title='bbox 2860 2716 3034 2770; x_wconf 75' lang='lat' dir='ltr'><strong>Filius</strong></span> <span class='ocrx_word' id='word_1_657' title='bbox 3053 2717 3292 2773; x_wconf 84' lang='lat' dir='ltr'><strong>hominis</strong></span> <span class='ocrx_word' id='word_1_658' title='bbox 3311 2720 3487 2776; x_wconf 87' lang='lat' dir='ltr'><strong>tribus</strong></span> <span class='ocrx_word' id='word_1_659' title='bbox 3506 2722 3621 2778; x_wconf 90' lang='lat' dir='ltr'><strong>die-</strong></span> 
     </span>
    </p>
   </div>
   <div class='ocr_carea' id='block_1_88' title="bbox 1988 2801 3619 2878">
    <p class='ocr_par' dir='ltr' id='par_1_88' title="bbox 1988 2801 3619 2878">
     <span class='ocr_line' id='line_1_88' title="bbox 1988 2801 3619 2878; baseline 0.005 -21"><span class='ocrx_word' id='word_1_660' title='bbox 1988 2801 2083 2857; x_wconf 85' lang='lat' dir='ltr'><strong>bus</strong></span> <span class='ocrx_word' id='word_1_661' title='bbox 2112 2804 2163 2857; x_wconf 84' lang='lat' dir='ltr'><strong>et</strong></span> <span class='ocrx_word' id='word_1_662' title='bbox 2192 2802 2369 2857; x_wconf 89' lang='lat' dir='ltr'><strong>tribus</strong></span> <span class='ocrx_word' id='word_1_663' title='bbox 2401 2802 2646 2857; x_wconf 83' lang='lat' dir='ltr'><strong>noctibus</strong></span> <span class='ocrx_word' id='word_1_664' title='bbox 2675 2804 2781 2859; x_wconf 87' lang='lat' dir='ltr'><strong>erit</strong></span> <span class='ocrx_word' id='word_1_665' title='bbox 2810 2805 2865 2858; x_wconf 91' lang='lat' dir='ltr'><strong>in</strong></span> <span class='ocrx_word' id='word_1_666' title='bbox 2897 2804 3056 2859; x_wconf 84' lang='lat' dir='ltr'><strong>corde</strong></span> <span class='ocrx_word' id='word_1_667' title='bbox 3081 2809 3249 2863; x_wconf 59' lang='lat' dir='ltr'><strong>terrsL’</strong></span> <span class='ocrx_word' id='word_1_668' title='bbox 3278 2808 3485 2878; x_wconf 83' lang='lat' dir='ltr'><strong>(Matth.</strong></span> <span class='ocrx_word' id='word_1_669' title='bbox 3518 2827 3619 2878; x_wconf 82' lang='lat' dir='ltr'><strong>xu,</strong></span> 
     </span>
    </p>
   </div>
   <div class='ocr_carea' id='block_1_89' title="bbox 1986 2891 3623 2970">
    <p class='ocr_par' dir='ltr' id='par_1_89' title="bbox 1986 2891 3623 2970">
     <span class='ocr_line' id='line_1_89' title="bbox 1986 2891 3623 2970; baseline 0.004 -23"><span class='ocrx_word' id='word_1_670' title='bbox 1986 2892 2075 2961; x_wconf 85' lang='lat'><strong>39,</strong></span> <span class='ocrx_word' id='word_1_671' title='bbox 2099 2891 2208 2962; x_wconf 90' lang='grc'><strong>40).</strong></span> <span class='ocrx_word' id='word_1_672' title='bbox 2235 2891 2379 2949; x_wconf 87' lang='lat' dir='ltr'><strong>Nam</strong></span> <span class='ocrx_word' id='word_1_673' title='bbox 2402 2891 2543 2962; x_wconf 91' lang='lat' dir='ltr'><strong>quid</strong></span> <span class='ocrx_word' id='word_1_674' title='bbox 2569 2907 2674 2963; x_wconf 89' lang='lat' dir='ltr'><strong>ego</strong></span> <span class='ocrx_word' id='word_1_675' title='bbox 2700 2892 2770 2947; x_wconf 92' lang='lat' dir='ltr'><strong>de</strong></span> <span class='ocrx_word' id='word_1_676' title='bbox 2793 2892 3050 2964; x_wconf 90' lang='lat' dir='ltr'><strong>apostolo</strong></span> <span class='ocrx_word' id='word_1_677' title='bbox 3084 2895 3263 2950; x_wconf 91' lang='lat' dir='ltr'><strong>Paulo</strong></span> <span class='ocrx_word' id='word_1_678' title='bbox 3286 2896 3496 2966; x_wconf 90' lang='lat' dir='ltr'><strong>dicam,</strong></span> <span class='ocrx_word' id='word_1_679' title='bbox 3523 2897 3623 2970; x_wconf 86' lang='lat' dir='ltr'><strong>qui</strong></span> 
     </span>
    </p>
   </div>
   <div class='ocr_carea' id='block_1_90' title="bbox 1989 2979 3625 3058">
    <p class='ocr_par' dir='ltr' id='par_1_90' title="bbox 1989 2979 3625 3058">
     <span class='ocr_line' id='line_1_90' title="bbox 1989 2979 3625 3058; baseline 0.004 -22"><span class='ocrx_word' id='word_1_680' title='bbox 1989 2980 2163 3036; x_wconf 90' lang='lat' dir='ltr'><strong>etiam</strong></span> <span class='ocrx_word' id='word_1_681' title='bbox 2177 2980 2550 3051; x_wconf 85' lang='lat' dir='ltr'><strong>ipsamExodi</strong></span> <span class='ocrx_word' id='word_1_682' title='bbox 2565 2979 2867 3037; x_wconf 87' lang='lat' dir='ltr'><strong>historiam</strong></span> <span class='ocrx_word' id='word_1_683' title='bbox 2886 2983 3011 3036; x_wconf 85' lang='lat' dir='ltr'><strong>futu</strong></span> <span class='ocrx_word' id='word_1_684' title='bbox 3020 2983 3167 3038; x_wconf 73' lang='lat' dir='ltr'><strong>rascb</strong></span> <span class='ocrx_word' id='word_1_685' title='bbox 3176 2984 3430 3041; x_wconf 71' lang='lat' dir='ltr'><strong>ristianas</strong></span> <span class='ocrx_word' id='word_1_686' title='bbox 3436 2986 3588 3058; x_wconf 90' lang='lat' dir='ltr'><strong>plebi</strong></span> <span class='ocrx_word' id='word_1_687' title='bbox 3596 3004 3625 3043; x_wconf 93' lang='lat' dir='ltr'><strong>s</strong></span> 
     </span>
    </p>
   </div>
   <div class='ocr_carea' id='block_1_91' title="bbox 1988 3067 3628 3147">
    <p class='ocr_par' dir='ltr' id='par_1_91' title="bbox 1988 3067 3628 3147">
     <span class='ocr_line' id='line_1_91' title="bbox 1988 3067 3628 3147; baseline 0.005 -23"><span class='ocrx_word' id='word_1_688' title='bbox 1988 3067 2324 3141; x_wconf 85' lang='lat' dir='ltr'><strong>allegoriam</strong></span> <span class='ocrx_word' id='word_1_689' title='bbox 2357 3069 2540 3124; x_wconf 86' lang='lat' dir='ltr'><strong>fuisse</strong></span> <span class='ocrx_word' id='word_1_690' title='bbox 2572 3068 2863 3141; x_wconf 82' lang='lat' dir='ltr'><strong>signiﬁcat</strong></span> <span class='ocrx_word' id='word_1_691' title='bbox 2890 3072 2961 3125; x_wconf 91' lang='lat' dir='ltr'><strong>ad</strong></span> <span class='ocrx_word' id='word_1_692' title='bbox 3014 3072 3341 3129; x_wconf 86' lang='lat' dir='ltr'><strong>Corinthios</strong></span> <span class='ocrx_word' id='word_1_693' title='bbox 3370 3075 3628 3147; x_wconf 87' lang='lat' dir='ltr'><strong>Epistola</strong></span> 
     </span>
    </p>
   </div>
   <div class='ocr_carea' id='block_1_92' title="bbox 1990 3159 3631 3234">
    <p class='ocr_par' dir='ltr' id='par_1_92' title="bbox 1990 3159 3631 3234">
     <span class='ocr_line' id='line_1_92' title="bbox 1990 3159 3631 3234; baseline 0.005 -22"><span class='ocrx_word' id='word_1_694' title='bbox 1990 3159 2182 3230; x_wconf 89' lang='lat' dir='ltr'><strong>prima</strong></span> <span class='ocrx_word' id='word_1_695' title='bbox 2204 3160 2229 3214; x_wconf 68' lang='grc' dir='ltr'>ἲ</span> <span class='ocrx_word' id='word_1_696' title='bbox 2257 3159 2387 3214; x_wconf 84' lang='lat' dir='ltr'><strong>Nolo</strong></span> <span class='ocrx_word' id='word_1_697' title='bbox 2418 3163 2604 3213; x_wconf 88' lang='lat' dir='ltr'><strong>autem</strong></span> <span class='ocrx_word' id='word_1_698' title='bbox 2630 3175 2719 3215; x_wconf 85' lang='lat' dir='ltr'><strong>vos</strong></span> <span class='ocrx_word' id='word_1_699' title='bbox 2749 3160 3026 3227; x_wconf 84' lang='lat' dir='ltr'><strong>ignorare,</strong></span> <span class='ocrx_word' id='word_1_700' title='bbox 3048 3162 3274 3231; x_wconf 80' lang='lat' dir='ltr'><strong>fratres,</strong></span> <span class='ocrx_word' id='word_1_701' title='bbox 3300 3167 3429 3234; x_wconf 86' lang='lat' dir='ltr'><strong>quia</strong></span> <span class='ocrx_word' id='word_1_702' title='bbox 3448 3170 3631 3234; x_wconf 82' lang='lat' dir='ltr'><strong>patres</strong></span> 
     </span>
    </p>
   </div>
   <div class='ocr_carea' id='block_1_93' title="bbox 1989 3247 3631 3320">
    <p class='ocr_par' dir='ltr' id='par_1_93' title="bbox 1989 3247 3631 3320">
     <span class='ocr_line' id='line_1_93' title="bbox 1989 3247 3631 3320; baseline 0.004 -18"><span class='ocrx_word' id='word_1_703' title='bbox 1989 3249 2172 3303; x_wconf 83' lang='lat' dir='ltr'><strong>nostri</strong></span> <span class='ocrx_word' id='word_1_704' title='bbox 2181 3263 2302 3303; x_wconf 87' lang='lat' dir='ltr'><strong>omn</strong></span> <span class='ocrx_word' id='word_1_705' title='bbox 2311 3263 2365 3303; x_wconf 88' lang='lat' dir='ltr'><strong>es</strong></span> <span class='ocrx_word' id='word_1_706' title='bbox 2380 3247 2480 3302; x_wconf 89' lang='lat' dir='ltr'><strong>sub</strong></span> <span class='ocrx_word' id='word_1_707' title='bbox 2494 3248 2637 3303; x_wconf 87' lang='lat' dir='ltr'><strong>nube</strong></span> <span class='ocrx_word' id='word_1_708' title='bbox 2651 3248 2901 3320; x_wconf 84' lang='lat' dir='ltr'><strong>fuerunt,</strong></span> <span class='ocrx_word' id='word_1_709' title='bbox 2920 3257 2973 3304; x_wconf 87' lang='lat' dir='ltr'><strong>et</strong></span> <span class='ocrx_word' id='word_1_710' title='bbox 2982 3264 3163 3306; x_wconf 89' lang='lat' dir='ltr'><strong>omnes</strong></span> <span class='ocrx_word' id='word_1_711' title='bbox 3178 3266 3277 3319; x_wconf 88' lang='lat' dir='ltr'><strong>per</strong></span> <span class='ocrx_word' id='word_1_712' title='bbox 3290 3268 3443 3308; x_wconf 88' lang='lat' dir='ltr'><strong>mare</strong></span> <span class='ocrx_word' id='word_1_713' title='bbox 3458 3258 3631 3309; x_wconf 86' lang='lat' dir='ltr'><strong>trans-</strong></span> 
     </span>
    </p>
   </div>
   <div class='ocr_carea' id='block_1_94' title="bbox 1992 3336 3634 3409">
    <p class='ocr_par' dir='ltr' id='par_1_94' title="bbox 1992 3336 3634 3409">
     <span class='ocr_line' id='line_1_94' title="bbox 1992 3336 3634 3409; baseline 0.005 -18"><span class='ocrx_word' id='word_1_714' title='bbox 1992 3338 2194 3405; x_wconf 90' lang='lat' dir='ltr'><strong>ierunt,</strong></span> <span class='ocrx_word' id='word_1_715' title='bbox 2226 3338 2281 3391; x_wconf 85' lang='lat' dir='ltr'><strong>et</strong></span> <span class='ocrx_word' id='word_1_716' title='bbox 2304 3351 2487 3392; x_wconf 89' lang='lat' dir='ltr'><strong>omnes</strong></span> <span class='ocrx_word' id='word_1_717' title='bbox 2513 3338 2571 3391; x_wconf 93' lang='lat' dir='ltr'><strong>in</strong></span> <span class='ocrx_word' id='word_1_718' title='bbox 2602 3336 2855 3408; x_wconf 69' lang='lat' dir='ltr'><strong>Moysen‘</strong></span> <span class='ocrx_word' id='word_1_719' title='bbox 2909 3338 3176 3409; x_wconf 68' lang='lat' dir='ltr'><strong>baptizati</strong></span> <span class='ocrx_word' id='word_1_720' title='bbox 3219 3344 3367 3407; x_wconf 88' lang='lat' dir='ltr'><strong>sunt,</strong></span> <span class='ocrx_word' id='word_1_721' title='bbox 3399 3343 3456 3396; x_wconf 84' lang='lat' dir='ltr'><strong>in</strong></span> <span class='ocrx_word' id='word_1_722' title='bbox 3488 3343 3634 3400; x_wconf 83' lang='lat' dir='ltr'><strong>nube</strong></span> 
     </span>
    </p>
   </div>
   <div class='ocr_carea' id='block_1_95' title="bbox 1991 3425 3633 3499">
    <p class='ocr_par' dir='ltr' id='par_1_95' title="bbox 1991 3425 3633 3499">
     <span class='ocr_line' id='line_1_95' title="bbox 1991 3425 3633 3499; baseline 0.003 -18"><span class='ocrx_word' id='word_1_723' title='bbox 1991 3433 2045 3481; x_wconf 90' lang='lat' dir='ltr'><strong>et</strong></span> <span class='ocrx_word' id='word_1_724' title='bbox 2070 3426 2131 3480; x_wconf 89' lang='lat' dir='ltr'><strong>in</strong></span> <span class='ocrx_word' id='word_1_725' title='bbox 2149 3425 2333 3480; x_wconf 89' lang='lat' dir='ltr'><strong>mari:</strong></span> <span class='ocrx_word' id='word_1_726' title='bbox 2351 3428 2407 3481; x_wconf 91' lang='lat' dir='ltr'><strong>et</strong></span> <span class='ocrx_word' id='word_1_727' title='bbox 2425 3440 2613 3481; x_wconf 88' lang='lat' dir='ltr'><strong>omnes</strong></span> <span class='ocrx_word' id='word_1_728' title='bbox 2632 3426 2880 3481; x_wconf 86' lang='lat' dir='ltr'><strong>eumdem</strong></span> <span class='ocrx_word' id='word_1_729' title='bbox 2904 3426 3088 3482; x_wconf 84' lang='lat' dir='ltr'><strong>cibum</strong></span> <span class='ocrx_word' id='word_1_730' title='bbox 3107 3430 3454 3499; x_wconf 83' lang='lat' dir='ltr'><strong>spiritualem</strong></span> <span class='ocrx_word' id='word_1_731' title='bbox 3474 3447 3633 3486; x_wconf 87' lang='lat' dir='ltr'><strong>man-</strong></span> 
     </span>
    </p>
   </div>
   <div class='ocr_carea' id='block_1_96' title="bbox 1991 3513 3634 3585">
    <p class='ocr_par' dir='ltr' id='par_1_96' title="bbox 1991 3513 3634 3585">
     <span class='ocr_line' id='line_1_96' title="bbox 1991 3513 3634 3585; baseline 0.004 -16"><span class='ocrx_word' id='word_1_732' title='bbox 1991 3513 2341 3579; x_wconf 85' lang='lat' dir='ltr'><strong>ducaverunt,</strong></span> <span class='ocrx_word' id='word_1_733' title='bbox 2367 3518 2420 3569; x_wconf 90' lang='lat' dir='ltr'><strong>et</strong></span> <span class='ocrx_word' id='word_1_734' title='bbox 2437 3529 2624 3570; x_wconf 87' lang='lat' dir='ltr'><strong>omnes</strong></span> <span class='ocrx_word' id='word_1_735' title='bbox 2637 3513 2887 3570; x_wconf 87' lang='lat' dir='ltr'><strong>eumdem</strong></span> <span class='ocrx_word' id='word_1_736' title='bbox 2908 3520 3094 3585; x_wconf 89' lang='lat' dir='ltr'><strong>potum</strong></span> <span class='ocrx_word' id='word_1_737' title='bbox 3114 3519 3462 3585; x_wconf 84' lang='lat' dir='ltr'><strong>spiritualem</strong></span> <span class='ocrx_word' id='word_1_738' title='bbox 3488 3519 3634 3576; x_wconf 87' lang='lat' dir='ltr'><strong>bibe-</strong></span> 
     </span>
    </p>
   </div>
   <div class='ocr_carea' id='block_1_97' title="bbox 1991 3601 3634 3679">
    <p class='ocr_par' dir='ltr' id='par_1_97' title="bbox 1991 3601 3634 3679">
     <span class='ocr_line' id='line_1_97' title="bbox 1991 3601 3634 3679; baseline 0.004 -22"><span class='ocrx_word' id='word_1_739' title='bbox 1991 3602 2410 3657; x_wconf 86' lang='lat' dir='ltr'><strong>runt.Bibebant</strong></span> <span class='ocrx_word' id='word_1_740' title='bbox 2425 3604 2571 3657; x_wconf 86' lang='lat' dir='ltr'><strong>enim</strong></span> <span class='ocrx_word' id='word_1_741' title='bbox 2582 3601 2646 3657; x_wconf 89' lang='lat' dir='ltr'><strong>de</strong></span> <span class='ocrx_word' id='word_1_742' title='bbox 2672 3602 2958 3672; x_wconf 82' lang='lat' dir='ltr'><strong>spirituali</strong></span> <span class='ocrx_word' id='word_1_743' title='bbox 2967 3609 3320 3676; x_wconf 83' lang='lat' dir='ltr'><strong>consequente</strong></span> <span class='ocrx_word' id='word_1_744' title='bbox 3336 3622 3423 3662; x_wconf 90' lang='lat' dir='ltr'><strong>eos</strong></span> <span class='ocrx_word' id='word_1_745' title='bbox 3432 3611 3590 3679; x_wconf 84' lang='lat' dir='ltr'><strong>petra</strong></span> <span class='ocrx_word' id='word_1_746' title='bbox 3612 3608 3634 3643; x_wconf 77' lang='grc'>⁸</span> 
     </span>
    </p>
   </div>
   <div class='ocr_carea' id='block_1_98' title="bbox 1986 3690 3639 3765">
    <p class='ocr_par' dir='ltr' id='par_1_98' title="bbox 1986 3690 3639 3765">
     <span class='ocr_line' id='line_1_98' title="bbox 1986 3690 3639 3765; baseline 0.004 -19"><span class='ocrx_word' id='word_1_747' title='bbox 1986 3700 2144 3762; x_wconf 86' lang='lat' dir='ltr'><strong>petra</strong></span> <span class='ocrx_word' id='word_1_748' title='bbox 2167 3699 2351 3746; x_wconf 86' lang='lat' dir='ltr'><strong>autem</strong></span> <span class='ocrx_word' id='word_1_749' title='bbox 2370 3699 2491 3747; x_wconf 88' lang='lat' dir='ltr'><strong>erat</strong></span> <span class='ocrx_word' id='word_1_750' title='bbox 2514 3690 2785 3746; x_wconf 84' lang='lat' dir='ltr'><strong>Christus.</strong></span> <span class='ocrx_word' id='word_1_751' title='bbox 2821 3691 2924 3747; x_wconf 89' lang='lat' dir='ltr'><strong>Sed</strong></span> <span class='ocrx_word' id='word_1_752' title='bbox 2949 3709 3060 3748; x_wconf 87' lang='lat' dir='ltr'><strong>non</strong></span> <span class='ocrx_word' id='word_1_753' title='bbox 3091 3695 3149 3748; x_wconf 88' lang='lat' dir='ltr'><strong>in</strong></span> <span class='ocrx_word' id='word_1_754' title='bbox 3175 3695 3418 3765; x_wconf 86' lang='lat' dir='ltr'><strong>pleribus</strong></span> <span class='ocrx_word' id='word_1_755' title='bbox 3444 3712 3639 3753; x_wconf 82' lang='lat' dir='ltr'><strong>eorum</strong></span> 
     </span>
    </p>
   </div>
   <div class='ocr_carea' id='block_1_99' title="bbox 1991 3780 3638 3852">
    <p class='ocr_par' dir='ltr' id='par_1_99' title="bbox 1991 3780 3638 3852">
     <span class='ocr_line' id='line_1_99' title="bbox 1991 3780 3638 3852; baseline 0.003 -16"><span class='ocrx_word' id='word_1_756' title='bbox 1991 3780 2317 3852; x_wconf 84' lang='lat' dir='ltr'><strong>complacuit</strong></span> <span class='ocrx_word' id='word_1_757' title='bbox 2338 3781 2444 3836; x_wconf 91' lang='lat' dir='ltr'><strong>Deo</strong></span> <span class='ocrx_word' id='word_1_758' title='bbox 2463 3780 2487 3816; x_wconf 80' lang='grc'>⁸</span> <span class='ocrx_word' id='word_1_759' title='bbox 2506 3798 2525 3834; x_wconf 91' lang='lat'><strong><em>:</em></strong></span> <span class='ocrx_word' id='word_1_760' title='bbox 2546 3781 2814 3851; x_wconf 85' lang='lat' dir='ltr'><strong>prostrati</strong></span> <span class='ocrx_word' id='word_1_761' title='bbox 2845 3782 2998 3837; x_wconf 86' lang='lat' dir='ltr'><strong>enim</strong></span> <span class='ocrx_word' id='word_1_762' title='bbox 3024 3786 3153 3837; x_wconf 88' lang='lat' dir='ltr'><strong>sunt</strong></span> <span class='ocrx_word' id='word_1_763' title='bbox 3175 3784 3237 3838; x_wconf 91' lang='lat' dir='ltr'><strong>in</strong></span> <span class='ocrx_word' id='word_1_764' title='bbox 3258 3783 3483 3841; x_wconf 89' lang='lat' dir='ltr'><strong>deserto.</strong></span> <span class='ocrx_word' id='word_1_765' title='bbox 3507 3786 3638 3843; x_wconf 50' lang='lat' dir='ltr'><strong>Hac</strong></span> 
     </span>
    </p>
   </div>
   <div class='ocr_carea' id='block_1_100' title="bbox 1992 3869 3638 3942">
    <p class='ocr_par' dir='ltr' id='par_1_100' title="bbox 1992 3869 3638 3942">
     <span class='ocr_line' id='line_1_100' title="bbox 1992 3869 3638 3942; baseline 0.003 -17"><span class='ocrx_word' id='word_1_766' title='bbox 1992 3877 2172 3926; x_wconf 87' lang='lat' dir='ltr'><strong>autem</strong></span> <span class='ocrx_word' id='word_1_767' title='bbox 2191 3869 2389 3942; x_wconf 72' lang='lat' dir='ltr'><strong>ﬁgura:</strong></span> <span class='ocrx_word' id='word_1_768' title='bbox 2408 3877 2615 3926; x_wconf 69' lang='lat' dir='ltr'><strong>nostra:</strong></span> <span class='ocrx_word' id='word_1_769' title='bbox 2633 3872 2881 3941; x_wconf 83' lang='lat' dir='ltr'><strong>fuerunt,</strong></span> <span class='ocrx_word' id='word_1_770' title='bbox 2905 3879 2965 3925; x_wconf 90' lang='lat' dir='ltr'><strong>ut</strong></span> <span class='ocrx_word' id='word_1_771' title='bbox 2984 3887 3093 3927; x_wconf 86' lang='lat' dir='ltr'><strong>non</strong></span> <span class='ocrx_word' id='word_1_772' title='bbox 3114 3873 3289 3928; x_wconf 88' lang='lat' dir='ltr'><strong>simus</strong></span> <span class='ocrx_word' id='word_1_773' title='bbox 3307 3874 3498 3941; x_wconf 85' lang='lat' dir='ltr'><strong>cupidi</strong></span> <span class='ocrx_word' id='word_1_774' title='bbox 3515 3892 3638 3930; x_wconf 87' lang='lat' dir='ltr'><strong>ma-</strong></span> 
     </span>
    </p>
   </div>
   <div class='ocr_carea' id='block_1_101' title="bbox 1992 3959 3634 4032">
    <p class='ocr_par' dir='ltr' id='par_1_101' title="bbox 1992 3959 3634 4032">
     <span class='ocr_line' id='line_1_101' title="bbox 1992 3959 3634 4032; baseline 0.004 -18"><span class='ocrx_word' id='word_1_775' title='bbox 1992 3959 2189 4026; x_wconf 90' lang='lat' dir='ltr'><strong>lorum,</strong></span> <span class='ocrx_word' id='word_1_776' title='bbox 2220 3959 2362 4014; x_wconf 80' lang='lat' dir='ltr'><strong>sicut</strong></span> <span class='ocrx_word' id='word_1_777' title='bbox 2380 3962 2433 4014; x_wconf 87' lang='lat' dir='ltr'><strong>et</strong></span> <span class='ocrx_word' id='word_1_778' title='bbox 2452 3959 2544 4014; x_wconf 91' lang='lat' dir='ltr'><strong>illi</strong></span> <span class='ocrx_word' id='word_1_779' title='bbox 2561 3960 2973 4030; x_wconf 84' lang='lat' dir='ltr'><strong>concupierunt.</strong></span> <span class='ocrx_word' id='word_1_780' title='bbox 2998 3965 3179 4032; x_wconf 84' lang='lat' dir='ltr'><strong>Neque</strong></span> <span class='ocrx_word' id='word_1_781' title='bbox 3199 3961 3345 4017; x_wconf 89' lang='lat' dir='ltr'><strong>idola</strong></span> <span class='ocrx_word' id='word_1_782' title='bbox 3366 3964 3634 4020; x_wconf 88' lang='lat' dir='ltr'><strong>colamus.</strong></span> 
     </span>
    </p>
   </div>
   <div class='ocr_carea' id='block_1_102' title="bbox 1990 4046 3637 4125">
    <p class='ocr_par' dir='ltr' id='par_1_102' title="bbox 1990 4046 3637 4125">
     <span class='ocr_line' id='line_1_102' title="bbox 1990 4046 3637 4125; baseline 0.004 -22"><span class='ocrx_word' id='word_1_783' title='bbox 1990 4050 2132 4104; x_wconf 87' lang='lat' dir='ltr'><strong>sicut</strong></span> <span class='ocrx_word' id='word_1_784' title='bbox 2151 4046 2382 4119; x_wconf 86' lang='lat' dir='ltr'><strong>quidam</strong></span> <span class='ocrx_word' id='word_1_785' title='bbox 2398 4063 2468 4103; x_wconf 75' lang='lat' dir='ltr'><strong>ea:</strong></span> <span class='ocrx_word' id='word_1_786' title='bbox 2490 4046 2630 4117; x_wconf 87' lang='lat' dir='ltr'><strong>illis,</strong></span> <span class='ocrx_word' id='word_1_787' title='bbox 2650 4050 2791 4103; x_wconf 84' lang='lat' dir='ltr'><strong>sicut</strong></span> <span class='ocrx_word' id='word_1_788' title='bbox 2808 4052 3078 4119; x_wconf 83' lang='lat' dir='ltr'><strong>scriptum</strong></span> <span class='ocrx_word' id='word_1_789' title='bbox 3100 4055 3177 4105; x_wconf 89' lang='lat' dir='ltr'><strong>est</strong></span> <span class='ocrx_word' id='word_1_790' title='bbox 3193 4068 3212 4106; x_wconf 89' lang='lat'><strong><em>:</em></strong></span> <span class='ocrx_word' id='word_1_791' title='bbox 3233 4050 3385 4106; x_wconf 84' lang='lat' dir='ltr'><strong>Sedit</strong></span> <span class='ocrx_word' id='word_1_792' title='bbox 3400 4053 3637 4125; x_wconf 79' lang='lat' dir='ltr'><strong>papulas</strong></span> 
     </span>
    </p>
   </div>
   <div class='ocr_carea' id='block_1_103' title="bbox 1988 4136 3639 4213">
    <p class='ocr_par' dir='ltr' id='par_1_103' title="bbox 1988 4136 3639 4213">
     <span class='ocr_line' id='line_1_103' title="bbox 1988 4136 3639 4213; baseline 0.005 -22"><span class='ocrx_word' id='word_1_793' title='bbox 1988 4137 2328 4191; x_wconf 84' lang='lat' dir='ltr'><strong>manducare</strong></span> <span class='ocrx_word' id='word_1_794' title='bbox 2355 4144 2409 4192; x_wconf 89' lang='lat' dir='ltr'><strong>et</strong></span> <span class='ocrx_word' id='word_1_795' title='bbox 2439 4136 2646 4202; x_wconf 85' lang='lat' dir='ltr'><strong>bibere,</strong></span> <span class='ocrx_word' id='word_1_796' title='bbox 2697 4139 2751 4191; x_wconf 88' lang='lat' dir='ltr'><strong>et</strong></span> <span class='ocrx_word' id='word_1_797' title='bbox 2810 4148 3172 4194; x_wconf 70' lang='lat' dir='ltr'><strong>surrexerunt</strong></span> <span class='ocrx_word' id='word_1_798' title='bbox 3213 4140 3417 4196; x_wconf 87' lang='lat' dir='ltr'><strong>ludere.</strong></span> <span class='ocrx_word' id='word_1_799' title='bbox 3452 4144 3639 4213; x_wconf 85' lang='lat' dir='ltr'><strong>Neque</strong></span> 
     </span>
    </p>
   </div>
   <div class='ocr_carea' id='block_1_104' title="bbox 1988 4224 3631 4299">
    <p class='ocr_par' dir='ltr' id='par_1_104' title="bbox 1988 4224 3631 4299">
     <span class='ocr_line' id='line_1_104' title="bbox 1988 4224 3631 4299; baseline 0.003 -17"><span class='ocrx_word' id='word_1_800' title='bbox 1988 4227 2348 4297; x_wconf 86' lang='lat' dir='ltr'><strong>fornicemur,</strong></span> <span class='ocrx_word' id='word_1_801' title='bbox 2377 4227 2513 4281; x_wconf 87' lang='lat' dir='ltr'><strong>sicut</strong></span> <span class='ocrx_word' id='word_1_802' title='bbox 2535 4224 2759 4298; x_wconf 88' lang='lat' dir='ltr'><strong>quidam</strong></span> <span class='ocrx_word' id='word_1_803' title='bbox 2786 4240 2858 4281; x_wconf 79' lang='lat' dir='ltr'><strong>ea:</strong></span> <span class='ocrx_word' id='word_1_804' title='bbox 2884 4226 3000 4282; x_wconf 87' lang='lat' dir='ltr'><strong>illis</strong></span> <span class='ocrx_word' id='word_1_805' title='bbox 3026 4229 3289 4298; x_wconf 84' lang='lat' dir='ltr'><strong>fornicati</strong></span> <span class='ocrx_word' id='word_1_806' title='bbox 3305 4233 3453 4299; x_wconf 89' lang='lat' dir='ltr'><strong>sunt,</strong></span> <span class='ocrx_word' id='word_1_807' title='bbox 3476 4238 3526 4285; x_wconf 91' lang='lat' dir='ltr'><strong>et</strong></span> <span class='ocrx_word' id='word_1_808' title='bbox 3543 4246 3631 4287; x_wconf 84' lang='lat' dir='ltr'><strong>ce-</strong></span> 
     </span>
    </p>
   </div>
   <div class='ocr_carea' id='block_1_105' title="bbox 1988 4313 3626 4391">
    <p class='ocr_par' dir='ltr' id='par_1_105' title="bbox 1988 4313 3626 4391">
     <span class='ocr_line' id='line_1_105' title="bbox 1988 4313 3626 4391; baseline 0.003 -21"><span class='ocrx_word' id='word_1_809' title='bbox 1988 4313 2238 4370; x_wconf 87' lang='lat' dir='ltr'><strong>ciderunt</strong></span> <span class='ocrx_word' id='word_1_810' title='bbox 2268 4330 2379 4369; x_wconf 87' lang='lat' dir='ltr'><strong>una</strong></span> <span class='ocrx_word' id='word_1_811' title='bbox 2408 4313 2498 4368; x_wconf 90' lang='lat' dir='ltr'><strong>die</strong></span> <span class='ocrx_word' id='word_1_812' title='bbox 2525 4316 2722 4385; x_wconf 89' lang='lat' dir='ltr'><strong>viginti</strong></span> <span class='ocrx_word' id='word_1_813' title='bbox 2747 4316 2857 4371; x_wconf 88' lang='lat' dir='ltr'><strong>tria</strong></span> <span class='ocrx_word' id='word_1_814' title='bbox 2886 4316 3069 4372; x_wconf 87' lang='lat' dir='ltr'><strong>millia</strong></span> <span class='ocrx_word' id='word_1_815' title='bbox 3112 4316 3414 4373; x_wconf 84' lang='lat' dir='ltr'><strong>hominum.</strong></span> <span class='ocrx_word' id='word_1_816' title='bbox 3446 4319 3626 4391; x_wconf 84' lang='lat' dir='ltr'><strong>Neque</strong></span> 
     </span>
    </p>
   </div>
   <div class='ocr_carea' id='block_1_106' title="bbox 1990 4402 3623 4477">
    <p class='ocr_par' dir='ltr' id='par_1_106' title="bbox 1990 4402 3623 4477">
     <span class='ocr_line' id='line_1_106' title="bbox 1990 4402 3623 4477; baseline 0.002 -18"><span class='ocrx_word' id='word_1_817' title='bbox 1990 4411 2255 4459; x_wconf 86' lang='lat' dir='ltr'><strong>tentemus</strong></span> <span class='ocrx_word' id='word_1_818' title='bbox 2286 4402 2586 4469; x_wconf 82' lang='lat' dir='ltr'><strong>Christum,</strong></span> <span class='ocrx_word' id='word_1_819' title='bbox 2615 4405 2756 4459; x_wconf 87' lang='lat' dir='ltr'><strong>sicut</strong></span> <span class='ocrx_word' id='word_1_820' title='bbox 2783 4405 3013 4476; x_wconf 83' lang='lat' dir='ltr'><strong>quidam</strong></span> <span class='ocrx_word' id='word_1_821' title='bbox 3041 4422 3229 4461; x_wconf 87' lang='lat' dir='ltr'><strong>eorum</strong></span> <span class='ocrx_word' id='word_1_822' title='bbox 3258 4409 3623 4477; x_wconf 84' lang='lat' dir='ltr'><strong>tentaverunt,</strong></span> 
     </span>
    </p>
   </div>
   <div class='ocr_carea' id='block_1_107' title="bbox 1989 4492 3628 4566">
    <p class='ocr_par' dir='ltr' id='par_1_107' title="bbox 1989 4492 3628 4566">
     <span class='ocr_line' id='line_1_107' title="bbox 1989 4492 3628 4566; baseline 0.002 -17"><span class='ocrx_word' id='word_1_823' title='bbox 1989 4496 2042 4549; x_wconf 87' lang='lat' dir='ltr'><strong>et</strong></span> <span class='ocrx_word' id='word_1_824' title='bbox 2061 4509 2095 4548; x_wconf 91' lang='lat' dir='ltr'><strong>a</strong></span> <span class='ocrx_word' id='word_1_825' title='bbox 2111 4492 2448 4564; x_wconf 86' lang='lat' dir='ltr'><strong>serpentibus</strong></span> <span class='ocrx_word' id='word_1_826' title='bbox 2466 4493 2811 4547; x_wconf 86' lang='lat' dir='ltr'><strong>interierunt.</strong></span> <span class='ocrx_word' id='word_1_827' title='bbox 2838 4495 3017 4566; x_wconf 86' lang='lat' dir='ltr'><strong>Neque</strong></span> <span class='ocrx_word' id='word_1_828' title='bbox 3036 4511 3466 4564; x_wconf 86' lang='lat' dir='ltr'><strong>murmuremus,</strong></span> <span class='ocrx_word' id='word_1_829' title='bbox 3487 4499 3628 4553; x_wconf 87' lang='lat' dir='ltr'><strong>sicut</strong></span> 
     </span>
    </p>
   </div>
   <div class='ocr_carea' id='block_1_108' title="bbox 1990 4579 3628 4655">
    <p class='ocr_par' dir='ltr' id='par_1_108' title="bbox 1990 4579 3628 4655">
     <span class='ocr_line' id='line_1_108' title="bbox 1990 4579 3628 4655; baseline 0.004 -20"><span class='ocrx_word' id='word_1_830' title='bbox 1990 4580 2214 4652; x_wconf 87' lang='lat' dir='ltr'><strong>quidam</strong></span> <span class='ocrx_word' id='word_1_831' title='bbox 2237 4597 2305 4636; x_wconf 73' lang='lat' dir='ltr'><strong>ex</strong></span> <span class='ocrx_word' id='word_1_832' title='bbox 2324 4579 2447 4636; x_wconf 83' lang='lat' dir='ltr'><strong>illis</strong></span> <span class='ocrx_word' id='word_1_833' title='bbox 2465 4592 2970 4648; x_wconf 84' lang='lat' dir='ltr'><strong>murmuraverunt,</strong></span> <span class='ocrx_word' id='word_1_834' title='bbox 2994 4591 3045 4638; x_wconf 89' lang='lat' dir='ltr'><strong>et</strong></span> <span class='ocrx_word' id='word_1_835' title='bbox 3058 4585 3347 4655; x_wconf 85' lang='lat' dir='ltr'><strong>perierunt</strong></span> <span class='ocrx_word' id='word_1_836' title='bbox 3366 4587 3434 4640; x_wconf 90' lang='lat' dir='ltr'><strong>ab</strong></span> <span class='ocrx_word' id='word_1_837' title='bbox 3454 4594 3628 4643; x_wconf 77' lang='lat' dir='ltr'><strong>exter-</strong></span> 
     </span>
    </p>
   </div>
   <div class='ocr_carea' id='block_1_109' title="bbox 1993 4669 3626 4743">
    <p class='ocr_par' dir='ltr' id='par_1_109' title="bbox 1993 4669 3626 4743">
     <span class='ocr_line' id='line_1_109' title="bbox 1993 4669 3626 4743; baseline 0.005 -20"><span class='ocrx_word' id='word_1_838' title='bbox 1993 4669 2495 4726; x_wconf 73' lang='lat' dir='ltr'><strong>minatore.0mniu</strong></span> <span class='ocrx_word' id='word_1_839' title='bbox 2508 4677 2693 4725; x_wconf 88' lang='lat' dir='ltr'><strong>autem</strong></span> <span class='ocrx_word' id='word_1_840' title='bbox 2704 4672 2811 4726; x_wconf 87' lang='lat' dir='ltr'><strong>ista</strong></span> <span class='ocrx_word' id='word_1_841' title='bbox 2824 4671 2880 4725; x_wconf 85' lang='lat' dir='ltr'><strong>in</strong></span> <span class='ocrx_word' id='word_1_842' title='bbox 2895 4672 3077 4742; x_wconf 78' lang='lat' dir='ltr'><strong>ﬁgura</strong></span> <span class='ocrx_word' id='word_1_843' title='bbox 3095 4674 3478 4743; x_wconf 80' lang='lat' dir='ltr'><strong>contingebant</strong></span> <span class='ocrx_word' id='word_1_844' title='bbox 3492 4676 3626 4732; x_wconf 84' lang='lat' dir='ltr'><strong>illis.</strong></span> 
     </span>
    </p>
   </div>
   <div class='ocr_carea' id='block_1_110' title="bbox 1990 4758 3630 4836">
    <p class='ocr_par' dir='ltr' id='par_1_110' title="bbox 1990 4758 3630 4836">
     <span class='ocr_line' id='line_1_110' title="bbox 1990 4758 3630 4836; baseline 0.004 -22"><span class='ocrx_word' id='word_1_845' title='bbox 1990 4758 2205 4830; x_wconf 85' lang='lat' dir='ltr'><strong>Scripta</strong></span> <span class='ocrx_word' id='word_1_846' title='bbox 2232 4762 2415 4814; x_wconf 87' lang='lat' dir='ltr'><strong>autem</strong></span> <span class='ocrx_word' id='word_1_847' title='bbox 2441 4766 2568 4813; x_wconf 75' lang='lat' dir='ltr'><strong>sunt</strong></span> <span class='ocrx_word' id='word_1_848' title='bbox 2596 4758 2673 4815; x_wconf 88' lang='lat' dir='ltr'><strong>ad</strong></span> <span class='ocrx_word' id='word_1_849' title='bbox 2699 4762 3096 4831; x_wconf 86' lang='lat' dir='ltr'><strong>correptionem</strong></span> <span class='ocrx_word' id='word_1_850' title='bbox 3122 4767 3393 4829; x_wconf 88' lang='lat' dir='ltr'><strong>nostram,</strong></span> <span class='ocrx_word' id='word_1_851' title='bbox 3417 4766 3476 4818; x_wconf 91' lang='lat' dir='ltr'><strong>in</strong></span> <span class='ocrx_word' id='word_1_852' title='bbox 3498 4778 3630 4836; x_wconf 88' lang='lat' dir='ltr'><strong>quos</strong></span> 
     </span>
    </p>
   </div>
   <div class='ocr_carea' id='block_1_111' title="bbox 1990 4846 3628 4924">
    <p class='ocr_par' dir='ltr' id='par_1_111' title="bbox 1990 4846 3628 4924">
     <span class='ocr_line' id='line_1_111' title="bbox 1990 4846 3628 4924; baseline 0.004 -23"><span class='ocrx_word' id='word_1_853' title='bbox 1990 4848 2126 4919; x_wconf 77' lang='lat' dir='ltr'><strong>ﬁnes</strong></span> <span class='ocrx_word' id='word_1_854' title='bbox 2143 4846 2477 4904; x_wconf 70' lang='lat' dir='ltr'><strong>saeculorum</strong></span> <span class='ocrx_word' id='word_1_855' title='bbox 2519 4847 2847 4904; x_wconf 79' lang='lat' dir='ltr'><strong>devenerunt</strong></span> <span class='ocrx_word' id='word_1_856' title='bbox 2870 4850 2912 4922; x_wconf 95' lang='grc' dir='ltr'><strong>(Ι</strong></span> <span class='ocrx_word' id='word_1_857' title='bbox 2954 4849 3135 4919; x_wconf 86' lang='lat' dir='ltr'><strong>Cor.x,</strong></span> <span class='ocrx_word' id='word_1_858' title='bbox 3168 4851 3342 4924; x_wconf 89' lang='grc'><strong>1-11).</strong></span> <span class='ocrx_word' id='word_1_859' title='bbox 3371 4852 3467 4908; x_wconf 84' lang='lat' dir='ltr'><strong>Est</strong></span> <span class='ocrx_word' id='word_1_860' title='bbox 3487 4853 3628 4908; x_wconf 90' lang='lat' dir='ltr'><strong>item</strong></span> 
     </span>
    </p>
   </div>
   <div class='ocr_carea' id='block_1_112' title="bbox 1992 4935 3628 5009">
    <p class='ocr_par' dir='ltr' id='par_1_112' title="bbox 1992 4935 3628 5009">
     <span class='ocr_line' id='line_1_112' title="bbox 1992 4935 3628 5009; baseline 0.002 -17"><span class='ocrx_word' id='word_1_861' title='bbox 1992 4938 2147 5009; x_wconf 91' lang='lat' dir='ltr'><strong>apud</strong></span> <span class='ocrx_word' id='word_1_862' title='bbox 2171 4935 2513 5009; x_wconf 88' lang='lat' dir='ltr'><strong>Apostolum</strong></span> <span class='ocrx_word' id='word_1_863' title='bbox 2536 4936 2813 5009; x_wconf 86' lang='lat' dir='ltr'><strong>allegoria</strong></span> <span class='ocrx_word' id='word_1_864' title='bbox 2830 4938 3116 5009; x_wconf 71' lang='lat' dir='ltr'><strong>quazdam,</strong></span> <span class='ocrx_word' id='word_1_865' title='bbox 3141 4956 3281 4995; x_wconf 90' lang='lat' dir='ltr'><strong>sane</strong></span> <span class='ocrx_word' id='word_1_866' title='bbox 3299 4942 3367 4995; x_wconf 90' lang='lat' dir='ltr'><strong>ad</strong></span> <span class='ocrx_word' id='word_1_867' title='bbox 3386 4958 3628 4997; x_wconf 88' lang='lat' dir='ltr'><strong>causam</strong></span> 
     </span>
    </p>
   </div>
   <div class='ocr_carea' id='block_1_113' title="bbox 1994 5025 3629 5101">
    <p class='ocr_par' dir='ltr' id='par_1_113' title="bbox 1994 5025 3629 5101">
     <span class='ocr_line' id='line_1_113' title="bbox 1994 5025 3629 5101; baseline 0.002 -20"><span class='ocrx_word' id='word_1_868' title='bbox 1994 5026 2243 5081; x_wconf 88' lang='lat' dir='ltr'><strong>maxime</strong></span> <span class='ocrx_word' id='word_1_869' title='bbox 2267 5025 2590 5096; x_wconf 88' lang='lat' dir='ltr'><strong>pertinens,</strong></span> <span class='ocrx_word' id='word_1_870' title='bbox 2612 5025 2741 5080; x_wconf 90' lang='lat' dir='ltr'><strong>ideo</strong></span> <span class='ocrx_word' id='word_1_871' title='bbox 2758 5028 2911 5097; x_wconf 90' lang='lat' dir='ltr'><strong>quod</strong></span> <span class='ocrx_word' id='word_1_872' title='bbox 2932 5027 3044 5098; x_wconf 90' lang='lat' dir='ltr'><strong>ipsi</strong></span> <span class='ocrx_word' id='word_1_873' title='bbox 3061 5045 3187 5083; x_wconf 89' lang='lat' dir='ltr'><strong>eam</strong></span> <span class='ocrx_word' id='word_1_874' title='bbox 3202 5028 3260 5083; x_wconf 92' lang='lat' dir='ltr'><strong>in</strong></span> <span class='ocrx_word' id='word_1_875' title='bbox 3276 5030 3629 5101; x_wconf 89' lang='lat' dir='ltr'><strong>disputando</strong></span> 
     </span>
    </p>
   </div>
   <div class='ocr_carea' id='block_1_114' title="bbox 1994 5115 3637 5187">
    <p class='ocr_par' dir='ltr' id='par_1_114' title="bbox 1994 5115 3637 5187">
     <span class='ocr_line' id='line_1_114' title="bbox 1994 5115 3637 5187; baseline 0.003 -17"><span class='ocrx_word' id='word_1_876' title='bbox 1994 5115 2250 5187; x_wconf 88' lang='lat' dir='ltr'><strong>proferre</strong></span> <span class='ocrx_word' id='word_1_877' title='bbox 2264 5119 2440 5185; x_wconf 86' lang='lat' dir='ltr'><strong>atque</strong></span> <span class='ocrx_word' id='word_1_878' title='bbox 2453 5116 2744 5170; x_wconf 90' lang='lat' dir='ltr'><strong>ostentare</strong></span> <span class='ocrx_word' id='word_1_879' title='bbox 2759 5122 3134 5171; x_wconf 89' lang='lat' dir='ltr'><strong>consuerunt.</strong></span> <span class='ocrx_word' id='word_1_880' title='bbox 3154 5118 3307 5172; x_wconf 90' lang='lat' dir='ltr'><strong>Idem</strong></span> <span class='ocrx_word' id='word_1_881' title='bbox 3322 5118 3477 5174; x_wconf 91' lang='lat' dir='ltr'><strong>enim</strong></span> <span class='ocrx_word' id='word_1_882' title='bbox 3492 5122 3637 5175; x_wconf 88' lang='lat' dir='ltr'><strong>Pau-</strong></span> 
     </span>
    </p>
   </div>
   <div class='ocr_carea' id='block_1_115' title="bbox 1992 5202 3636 5278">
    <p class='ocr_par' dir='ltr' id='par_1_115' title="bbox 1992 5202 3636 5278">
     <span class='ocr_line' id='line_1_115' title="bbox 1992 5202 3636 5278; baseline 0.003 -19"><span class='ocrx_word' id='word_1_883' title='bbox 1992 5202 2086 5259; x_wconf 89' lang='lat' dir='ltr'><strong>lus</strong></span> <span class='ocrx_word' id='word_1_884' title='bbox 2117 5203 2256 5259; x_wconf 91' lang='lat' dir='ltr'><strong>dicit</strong></span> <span class='ocrx_word' id='word_1_885' title='bbox 2286 5203 2357 5258; x_wconf 86' lang='lat' dir='ltr'><strong>ad</strong></span> <span class='ocrx_word' id='word_1_886' title='bbox 2387 5202 2621 5259; x_wconf 88' lang='lat' dir='ltr'><strong>Galatas</strong></span> <span class='ocrx_word' id='word_1_887' title='bbox 2646 5220 2659 5259; x_wconf 90' lang='lat'><strong>:</strong></span> <span class='ocrx_word' id='word_1_888' title='bbox 2702 5204 2976 5277; x_wconf 88' lang='lat' dir='ltr'><strong>Scriptum</strong></span> <span class='ocrx_word' id='word_1_889' title='bbox 3004 5215 3082 5262; x_wconf 89' lang='lat' dir='ltr'><strong>est</strong></span> <span class='ocrx_word' id='word_1_890' title='bbox 3109 5208 3262 5262; x_wconf 86' lang='lat' dir='ltr'><strong>enim</strong></span> <span class='ocrx_word' id='word_1_891' title='bbox 3290 5206 3429 5278; x_wconf 89' lang='lat' dir='ltr'><strong>quod</strong></span> <span class='ocrx_word' id='word_1_892' title='bbox 3458 5208 3636 5264; x_wconf 88' lang='lat' dir='ltr'><strong>Abra-</strong></span> 
     </span>
    </p>
   </div>
   <div class='ocr_carea' id='block_1_116' title="bbox 1996 5292 3639 5365">
    <p class='ocr_par' dir='ltr' id='par_1_116' title="bbox 1996 5292 3639 5365">
     <span class='ocr_line' id='line_1_116' title="bbox 1996 5292 3639 5365; baseline 0.004 -16"><span class='ocrx_word' id='word_1_893' title='bbox 1996 5293 2127 5349; x_wconf 90' lang='lat' dir='ltr'><strong>ham</strong></span> <span class='ocrx_word' id='word_1_894' title='bbox 2156 5292 2295 5348; x_wconf 90' lang='lat' dir='ltr'><strong>duos</strong></span> <span class='ocrx_word' id='word_1_895' title='bbox 2324 5292 2467 5363; x_wconf 82' lang='lat' dir='ltr'><strong>ﬁlios</strong></span> <span class='ocrx_word' id='word_1_896' title='bbox 2498 5292 2729 5356; x_wconf 87' lang='lat' dir='ltr'><strong>habuit;</strong></span> <span class='ocrx_word' id='word_1_897' title='bbox 2762 5311 2931 5350; x_wconf 88' lang='lat' dir='ltr'><strong>unum</strong></span> <span class='ocrx_word' id='word_1_898' title='bbox 2962 5296 3029 5350; x_wconf 88' lang='lat' dir='ltr'><strong>de</strong></span> <span class='ocrx_word' id='word_1_899' title='bbox 3053 5295 3280 5365; x_wconf 86' lang='lat' dir='ltr'><strong>ancilla,</strong></span> <span class='ocrx_word' id='word_1_900' title='bbox 3304 5304 3357 5351; x_wconf 91' lang='lat' dir='ltr'><strong>et</strong></span> <span class='ocrx_word' id='word_1_901' title='bbox 3378 5312 3554 5353; x_wconf 90' lang='lat' dir='ltr'><strong>unum</strong></span> <span class='ocrx_word' id='word_1_902' title='bbox 3573 5298 3639 5356; x_wconf 86' lang='lat' dir='ltr'><strong>de</strong></span> 
     </span>
    </p>
   </div>
   <div class='ocr_carea' id='block_1_117' title="bbox 1997 5381 3637 5456">
    <p class='ocr_par' dir='ltr' id='par_1_117' title="bbox 1997 5381 3637 5456">
     <span class='ocr_line' id='line_1_117' title="bbox 1997 5381 3637 5456; baseline 0.002 -17"><span class='ocrx_word' id='word_1_903' title='bbox 1997 5383 2173 5439; x_wconf 86' lang='lat' dir='ltr'><strong>libera</strong></span> <span class='ocrx_word' id='word_1_904' title='bbox 2196 5400 2214 5437; x_wconf 92' lang='lat'><strong><em>:</em></strong></span> <span class='ocrx_word' id='word_1_905' title='bbox 2235 5381 2326 5439; x_wconf 86' lang='lat' dir='ltr'><strong>sed</strong></span> <span class='ocrx_word' id='word_1_906' title='bbox 2347 5384 2393 5437; x_wconf 86' lang='lat' dir='ltr'><strong>is</strong></span> <span class='ocrx_word' id='word_1_907' title='bbox 2414 5382 2632 5456; x_wconf 88' lang='lat' dir='ltr'><strong>quidem</strong></span> <span class='ocrx_word' id='word_1_908' title='bbox 2655 5384 2751 5455; x_wconf 89' lang='lat' dir='ltr'><strong>qui</strong></span> <span class='ocrx_word' id='word_1_909' title='bbox 2768 5384 2832 5440; x_wconf 89' lang='lat' dir='ltr'><strong>de</strong></span> <span class='ocrx_word' id='word_1_910' title='bbox 2852 5385 3078 5453; x_wconf 87' lang='lat' dir='ltr'><strong>ancilla,</strong></span> <span class='ocrx_word' id='word_1_911' title='bbox 3098 5391 3398 5442; x_wconf 87' lang='lat' dir='ltr'><strong>secundum</strong></span> <span class='ocrx_word' id='word_1_912' title='bbox 3414 5402 3637 5445; x_wconf 87' lang='lat' dir='ltr'><strong>carnem</strong></span> 
     </span>
    </p>
   </div>
   <div class='ocr_carea' id='block_1_118' title="bbox 2062 5543 3637 5609">
    <p class='ocr_par' dir='ltr' id='par_1_118' title="bbox 2062 5543 3637 5609">
     <span class='ocr_line' id='line_1_118' title="bbox 2062 5543 3637 5609; baseline 0.004 -18"><span class='ocrx_word' id='word_1_913' title='bbox 2062 5546 2077 5579; x_wconf 74' lang='grc' dir='ltr'>ί</span> <span class='ocrx_word' id='word_1_914' title='bbox 2110 5543 2247 5609; x_wconf 84' lang='lat' dir='ltr'><strong>_Ed_iti</strong></span> <span class='ocrx_word' id='word_1_915' title='bbox 2275 5543 2328 5591; x_wconf 89' lang='lat' dir='ltr'><strong>in</strong></span> <span class='ocrx_word' id='word_1_916' title='bbox 2352 5543 2540 5609; x_wconf 77' lang='lat' dir='ltr'><strong>Moyse.</strong></span> <span class='ocrx_word' id='word_1_917' title='bbox 2574 5544 2639 5593; x_wconf 78' lang='lat' dir='ltr'><strong>At</strong></span> <span class='ocrx_word' id='word_1_918' title='bbox 2681 5544 2803 5592; x_wconf 83' lang='lat' dir='ltr'><strong>Mss.</strong></span> <span class='ocrx_word' id='word_1_919' title='bbox 2838 5545 3015 5609; x_wconf 14' lang='lat' dir='ltr'><strong>,jnxta</strong></span> <span class='ocrx_word' id='word_1_920' title='bbox 3047 5560 3297 5609; x_wconf 70' lang='lat' dir='ltr'><strong>grmcum,</strong></span> <span class='ocrx_word' id='word_1_921' title='bbox 3329 5546 3383 5595; x_wconf 87' lang='lat' dir='ltr'><strong>in</strong></span> <span class='ocrx_word' id='word_1_922' title='bbox 3414 5547 3637 5609; x_wconf 78' lang='lat' dir='ltr'><strong>Moysen.</strong></span> 
     </span>
    </p>
   </div>
   <div class='ocr_carea' id='block_1_119' title="bbox 1997 5606 3634 5672">
    <p class='ocr_par' dir='ltr' id='par_1_119' title="bbox 1997 5606 3634 5672">
     <span class='ocr_line' id='line_1_119' title="bbox 1997 5606 3634 5672; baseline 0.003 -17"><span class='ocrx_word' id='word_1_923' title='bbox 1997 5606 2082 5672; x_wconf 82' lang='lat' dir='ltr'><strong>Sic</strong></span> <span class='ocrx_word' id='word_1_924' title='bbox 2111 5606 2248 5672; x_wconf 80' lang='lat' dir='ltr'><strong>intra</strong></span> <span class='ocrx_word' id='word_1_925' title='bbox 2277 5606 3079 5672; x_wconf 63' lang='lat' dir='ltr'><strong>consentientesgrmciveteres</strong></span> <span class='ocrx_word' id='word_1_926' title='bbox 3107 5609 3227 5659; x_wconf 80' lang='lat' dir='ltr'><strong>libri</strong></span> <span class='ocrx_word' id='word_1_927' title='bbox 3249 5610 3466 5672; x_wconf 90' lang='lat' dir='ltr'><strong>habent,</strong></span> <span class='ocrx_word' id='word_1_928' title='bbox 3488 5606 3634 5660; x_wconf 85' lang='lat' dir='ltr'><strong>Bibe-</strong></span> 
     </span>
    </p>
   </div>
   <div class='ocr_carea' id='block_1_120' title="bbox 1998 5668 3127 5728">
    <p class='ocr_par' dir='ltr' id='par_1_120' title="bbox 1998 5668 3127 5728">
     <span class='ocr_line' id='line_1_120' title="bbox 1998 5668 3127 5728; baseline 0.003 -10"><span class='ocrx_word' id='word_1_929' title='bbox 1998 5668 2125 5718; x_wconf 87' lang='lat' dir='ltr'><strong>bant</strong></span> <span class='ocrx_word' id='word_1_930' title='bbox 2157 5669 2289 5717; x_wconf 84' lang='lat' dir='ltr'><strong>enim</strong></span> <span class='ocrx_word' id='word_1_931' title='bbox 2316 5704 2328 5728; x_wconf 93' lang='lat'><strong>,</strong></span> <span class='ocrx_word' id='word_1_932' title='bbox 2360 5668 2450 5716; x_wconf 92' lang='lat' dir='ltr'><strong>ubi</strong></span> <span class='ocrx_word' id='word_1_933' title='bbox 2482 5668 2628 5725; x_wconf 89' lang='lat' dir='ltr'><strong>editi,</strong></span> <span class='ocrx_word' id='word_1_934' title='bbox 2661 5668 2906 5720; x_wconf 84' lang='lat' dir='ltr'><strong>Bibebant</strong></span> <span class='ocrx_word' id='word_1_935' title='bbox 2936 5674 3127 5721; x_wconf 87' lang='lat' dir='ltr'><strong>autem.</strong></span> 
     </span>
    </p>
   </div>
   <div class='ocr_carea' id='block_1_121' title="bbox 2060 5732 3014 5798">
    <p class='ocr_par' dir='ltr' id='par_1_121' title="bbox 2060 5732 3014 5798">
     <span class='ocr_line' id='line_1_121' title="bbox 2060 5732 3014 5798; baseline 0.009 -23"><span class='ocrx_word' id='word_1_936' title='bbox 2060 5732 2082 5798; x_wconf 65' lang='grc' dir='ltr'><strong>ξ</strong></span> <span class='ocrx_word' id='word_1_937' title='bbox 2109 5732 2350 5798; x_wconf 43' lang='lat' dir='ltr'><strong>inutiles”</strong></span> <span class='ocrx_word' id='word_1_938' title='bbox 2376 5733 2707 5798; x_wconf 65' lang='lat' dir='ltr'><strong>prosequente</strong></span> <span class='ocrx_word' id='word_1_939' title='bbox 2738 5746 2827 5798; x_wconf 76' lang='lat' dir='ltr'><strong>eos</strong></span> <span class='ocrx_word' id='word_1_940' title='bbox 2846 5741 3014 5798; x_wconf 73' lang='lat' dir='ltr'><strong>petra.</strong></span> 
     </span>
    </p>
   </div>
   <div class='ocr_carea' id='block_1_122' title="bbox 2062 5790 3392 5862">
    <p class='ocr_par' dir='ltr' id='par_1_122' title="bbox 2062 5790 3392 5862">
     <span class='ocr_line' id='line_1_122' title="bbox 2062 5790 3392 5862; baseline 0.003 -18"><span class='ocrx_word' id='word_1_941' title='bbox 2062 5795 2084 5833; x_wconf 78' lang='grc'>³</span> <span class='ocrx_word' id='word_1_942' title='bbox 2108 5792 2267 5857; x_wconf 86' lang='lat' dir='ltr'><strong>Editt,</strong></span> <span class='ocrx_word' id='word_1_943' title='bbox 2302 5790 2619 5857; x_wconf 68' lang='lat' dir='ltr'><strong>beneplac&#39;uit</strong></span> <span class='ocrx_word' id='word_1_944' title='bbox 2644 5793 2770 5847; x_wconf 84' lang='lat' dir='ltr'><strong>Deo.</strong></span> <span class='ocrx_word' id='word_1_945' title='bbox 2801 5790 2869 5851; x_wconf 74' lang='lat' dir='ltr'><strong>At</strong></span> <span class='ocrx_word' id='word_1_946' title='bbox 2894 5796 3038 5860; x_wconf 56' lang='lat' dir='ltr'><strong>Msa,</strong></span> <span class='ocrx_word' id='word_1_947' title='bbox 3068 5793 3392 5862; x_wconf 71' lang='lat' dir='ltr'><strong>complacuit.</strong></span> 
     </span>
    </p>
   </div>
  </div>
