4012 6486
461 441 534 498 71
1339 439 1440 498 DE
1483 433 1908 500 UTlLlTATE
1951 430 2370 503 CREDENDI,
2417 431 2483 492 S.
2527 430 2983 493 AUGUSTINI.
3787 434 3865 492 72

458 580 622 628 natus
641 580 719 628 est
735 589 756 635 ;
777 574 875 643 qui
891 578 1076 628 autem
1091 575 1160 628 de
1182 574 1374 638 libera,
1399 590 1494 644 per
1510 573 1959 644 promissionem:
1981 582 2105 640 quae
2218 571 2357 639 gent
2387 568 2574 638 fateri,
2608 568 2709 640 qui
2737 568 2858 624 haec
2877 569 3079 625 volunt
3101 576 3233 626 ante
3255 572 3661 641 condemnare,
3685 587 3864 643 quam

461 667 592 718 sunt
616 679 719 733 per
745 663 1073 730 allegoriam
1100 663 1268 718 dicta.
1318 664 1458 718 Nam
1486 664 1604 719 hac
1632 670 1758 716 sunt
1788 661 1894 716 duo
1925 660 2101 714 Testa-

457 753 674 805 menta:
699 766 874 804 unum
893 752 1116 822 quidem
1137 751 1205 806 de
1224 760 1404 806 monte
1425 752 1562 806 Sina
1592 754 1652 805 in
1676 751 1991 805 servitutem
2011 763 2101 818 ge-

456 855 675 904 nerans,
707 841 846 909 quod
878 848 954 895 est
981 842 1152 908 Agar.
1186 841 1321 896 Sina
1350 843 1494 895 enim
1519 857 1676 895 mons
1699 841 1856 894 estin
1879 838 2099 901 Arabia,

458 930 554 999 qui
582 928 815 997 conﬁnis
847 932 900 984 ei
927 944 1051 1002 quae
1080 946 1228 984 nunc
1255 935 1332 984 est
1359 931 1679 996 Jerusalem,
1708 938 1760 984 et
1788 929 1952 982 servit
1975 943 2099 980 cum

456 1019 592 1087 ﬁliis
608 1019 743 1073 suis.
767 1024 912 1091 Qua
931 1023 1115 1074 autem
1134 1036 1349 1074 sursum
1369 1030 1450 1075 est
1467 1020 1785 1085 Jerusalem,
1807 1019 1982 1072 libera
1998 1019 2095 1079 est,

453 1121 575 1178 qua
603 1111 683 1162 est
708 1112 888 1162 mater
917 1111 1162 1163 omnium
1189 1114 1437 1164 nostrum
1466 1108 1672 1177 (Galat.
1705 1125 1783 1172 ιν,
1806 1107 2022 1177 22-26).

524 1196 578 1249 9.
603 1194 705 1250 Hic
725 1195 907 1267 igitur
927 1196 1009 1250 illi
1051 1197 1318 1253 homines
1341 1198 1592 1252 nimium
1619 1196 1779 1265 mali,
1807 1196 1947 1250 dum
1970 1197 2096 1249 fru-

452 1287 640 1340 strare
656 1285 866 1356 Legem
878 1291 1292 1354 conantur,eas
1304 1286 1633 1357 Scripturas
1645 1286 1968 1357 approbare
1989 1300 2095 1339 nos

447 1377 684 1444 cogunt.
707 1376 1031 1429 Attendunt
1043 1375 1200 1430 enim
1215 1376 1368 1446 quod
1389 1375 1606 1430 dictum
1623 1374 1795 1440 est,in
1815 1372 2094 1428 servitute

445 1477 574 1517 esse
595 1479 693 1518 eos
716 1464 814 1534 qui
856 1465 964 1519 sub
1003 1464 1147 1535 Lege
1189 1469 1346 1531 sunt,
1379 1469 1434 1519 et
1455 1464 1510 1518 id
1537 1464 1816 1518 ultimum
1838 1480 1954 1534 pra:
1986 1478 2091 1516 οω-

444 1551 585 1604 teris
616 1551 900 1606 ventilant
928 1569 940 1605 :
973 1554 1240 1608 Evacuali
1272 1556 1401 1609 estis
1429 1570 1464 1608 a
1494 1554 1725 1620 Christo,
1758 1553 1854 1624 qui
1885 1553 1943 1606 in
1979 1549 2092 1621 lege

434 1639 827 1710 justiﬁeamini
846 1657 867 1703 ,‘
898 1658 932 1696 a
956 1645 1141 1712 gratia
1171 1643 1452 1698 exridislis
1481 1643 1578 1714 (Id.
1614 1660 1668 1707 v,
1702 1642 1776 1712 4).
1823 1641 1938 1696 Nos
1969 1641 2090 1694 haec

444 1727 642 1782 omnia
661 1746 796 1784 vera
816 1747 944 1785 esse
965 1732 1367 1796 concedimus,
1392 1748 1497 1786 nec
1512 1731 1674 1786 illam
1695 1731 1881 1802 legem
1898 1745 2091 1785 neces-

445 1816 660 1872 sariam
687 1834 814 1872 esse
840 1819 1113 1884 dicimus,
1133 1820 1246 1874 nisi
1271 1821 1356 1874 eis
1379 1821 1593 1892 quibus
1609 1827 1698 1875 est
1718 1820 1907 1874 adhuc
1931 1817 2089 1873 utilis

445 1906 695 1961 servitus
720 1925 733 1963 :
759 1907 1004 1978 ideoque
1027 1908 1246 1962 utiliter
1269 1926 1398 1964 esse
1420 1909 1620 1974 latam,
1643 1910 1794 1980 quod
1819 1907 2086 1962 homines

444 1993 543 2064 qui
568 1995 822 2050 revocari
845 2014 878 2051 a
901 1997 1154 2067 peccatis
1179 1998 1401 2054 ratione
1417 2016 1530 2053 non
1546 2003 1830 2069 poterant,
1846 1997 1949 2051 tali
1963 1996 2087 2067 lege

443 2085 744 2139 coercendi
768 2090 953 2153 erant,
986 2103 1288 2156 poenarum
1313 2087 1535 2143 scilicet
1574 2087 1820 2142 istarum
1845 2102 1970 2157 quae
2001 2085 2086 2138 vi-

443 2172 566 2226 deri
590 2173 662 2228 ab
681 2175 877 2229 stultis
900 2180 1164 2246 possunt,
1195 2176 1372 2231 minis
1395 2181 1567 2247 atque
1581 2173 2086 2245 terroribusaqui-

442 2261 556 2316 bus
578 2262 762 2333 gratia
785 2264 995 2318 Christi
1021 2280 1154 2318 eum
1181 2264 1409 2330 liberat,
1437 2281 1551 2320 non
1577 2264 1760 2336 legem
1785 2263 1958 2318 allam
1983 2264 2083 2318 da-

442 2355 626 2421 mnat,
643 2352 742 2406 sed
765 2351 1078 2423 aliquando
1100 2369 1206 2408 nos
1228 2355 1627 2424 obtemperare
1650 2370 1766 2407 suas
1791 2351 2080 2416 charitati,

441 2455 556 2494 non
581 2440 792 2495 servire
809 2441 1005 2495 timori
1033 2442 1213 2513 Legis,
1261 2442 1487 2497 invitat.
1526 2444 1656 2514 Ipsa
1676 2449 1763 2497 est
1783 2441 1990 2512 gratia,
2022 2441 2080 2495 id

437 2533 544 2592 est,
572 2529 920 2583 beneficium
947 2531 1098 2599 quod
1125 2547 1237 2584 non
1261 2530 1597 2602 intelligunt
1617 2531 1726 2585 sibi
1752 2530 1980 2585 venisse
2002 2528 2083 2584 di-

435 2616 675 2686 vinitus,
701 2618 801 2688 qui
824 2618 1014 2672 adhuc
1051 2635 1178 2673 esse
1217 2620 1463 2690 cupiunt
1484 2620 1592 2675 sub
1618 2618 1865 2674 vinculis
1889 2617 2078 2689 Legis.

437 2706 591 2771 Quos
614 2707 818 2761 merito
843 2706 1054 2762 Paulus
1067 2707 1927 2780 objurgattanquaminfideles,
1945 2707 2082 2778 quia

441 2810 475 2848 a
497 2795 792 2864 servitute,
817 2795 908 2850 cui
931 2801 1085 2850 certo
1103 2801 1216 2850 tem
1228 2797 1704 2868 porejustissima
1719 2796 1814 2850 Dei
1829 2795 2078 2867 dieposi-

438 2883 596 2938 tione
618 2885 868 2955 subjecti
892 2885 1217 2955 erant,jam
1242 2902 1344 2957 per
1368 2887 1675 2940 Dominum
1701 2890 1964 2940 nostrum
1984 2885 2076 2940 Je-

442 2988 575 3027 sum
605 2989 666 3028 se
697 2972 974 3029 liberatos
1022 2989 1152 3029 esse
1183 2991 1298 3030 non
1349 2976 1610 3030 credunt.
1641 2975 1785 3029 Hinc
1817 2979 1904 3029 est
1934 2974 2074 3028 illud

437 3063 704 3131 ejusdem
737 3063 980 3133 apostoli
1003 3081 1015 3118 :
1037 3069 1143 3119 Lex
1163 3065 1310 3120 enim
1331 3065 1654 3135 paedagogus
1675 3074 1858 3120 noster
1877 3069 1994 3118 erat
2017 3065 2078 3118 in

437 3151 651 3207 Christo
684 3151 882 3222 (Id.111,
913 3152 1024 3222 24).
1058 3152 1157 3207 Ille
1187 3153 1366 3224 igitur
1390 3155 1768 3225 paedagogum
1787 3153 1946 3207 dedit
1968 3153 2076 3208 ho-

435 3239 696 3295 minibus
710 3257 881 3310 quem
899 3241 1190 3306 timerent,
1206 3242 1303 3311 qui
1321 3243 1667 3314 magistrum
1689 3247 2073 3313 posteaquem

431 3327 760 3400 diligerent.
809 3330 870 3382 In
903 3330 1116 3398 quibus
1148 3336 1341 3386 tamen
1377 3332 1540 3404 Legis
1571 3331 1870 3403 praeceptis
1898 3335 2074 3401 atque

427 3418 748 3487 mandatis,
784 3417 998 3488 quibus
1033 3435 1186 3475 nunc
1217 3419 1579 3476 Christianos
1601 3420 1685 3476 uti
1711 3422 1796 3475 fas
1822 3437 1935 3474 non
1964 3424 2072 3485 est,

432 3505 603 3575 quale
619 3507 701 3561 vel
723 3507 1031 3562 sabbatum
1051 3509 1252 3573 est,vel
1267 3509 1749 3575 circumcisio,vel
1765 3509 2069 3578 sacrificia,

433 3599 491 3649 et
513 3595 559 3648 si
583 3596 722 3665 quid
738 3595 1078 3665 hujusmodi
1091 3601 1197 3664 est,
1212 3604 1377 3653 tanta
1390 3599 1666 3670 mysteria
1678 3598 2070 3663 continentur,

434 3686 500 3738 ut
520 3685 710 3739 omnis
729 3685 861 3756 pius
876 3685 1159 3758 intelligat
1175 3687 1317 3741 nihil
1332 3704 1459 3742 esse
1472 3688 1875 3759 perniciosius,
1893 3703 2069 3758 quam

433 3772 718 3844 quidquid
741 3775 820 3828 ibi
842 3780 929 3829 est
951 3776 1129 3847 accipi
1148 3778 1217 3831 ad
1234 3777 1509 3846 litteram,
1526 3779 1581 3832 id
1598 3782 1703 3842 est,
1720 3778 1788 3831 ad
1806 3777 2067 3843 verbum;

426 3862 574 3917 nihil
589 3869 786 3918 autem
800 3865 1299 3936 salubrius,quam
1315 3867 1523 3935 Spiritu
1542 3866 1799 3922 revelari.
1813 3867 1947 3920 Inde
1959 3869 2066 3920 est:

426 3953 638 4007 Littera
666 3953 876 4024 occidit,
906 3956 1142 4024 spiritus
1173 3960 1358 4012 autem
1390 3957 1631 4026 viviﬁeat
1662 3956 1737 4025 (a)
1774 3956 1908 4010 Inde
1939 3959 2063 4009 est:

424 4042 676 4112 Idipsum
703 4043 956 4098 velamen
987 4047 1045 4098 in
1068 4045 1299 4101 lectione
1322 4047 1520 4101 Veteris
1546 4047 1869 4101 Testamenti
1886 4046 2068 4098 manet

426 4131 566 4201 quod
591 4147 699 4186 non
722 4133 1276 4204 revelatur,quoniam
1299 4135 1582 4190 inChrislo
1598 4134 2066 4189 evacuaturEva-

428 4228 634 4274 cuatur
655 4237 908 4291 namque
930 4222 986 4276 in
1006 4222 1375 4291 Cbrislo,non
1400 4227 1577 4278 Vetus
1601 4224 2065 4284 Testamentum,

425 4309 529 4362 sed
560 4301 819 4364 velamen
855 4312 982 4381 ejus
1009 4331 1022 4380 ς
1059 4315 1119 4366 ut
1152 4329 1252 4382 per
1281 4312 1576 4366 Christum
1611 4310 1987 4382 intelligatur,
2013 4315 2071 4366 et

427 4397 595 4467 quasi
617 4398 1127 4471 denudetur,quod
1155 4401 1278 4455 sine
1303 4401 1533 4455 Christo
1555 4401 1871 4456 obscurum
1895 4406 2068 4471 atque

425 4487 766 4558 adapertum
784 4489 1104 4544 est.Statim
1122 4490 1338 4561 quippe
1353 4490 1504 4544 idem
1520 4488 1818 4560 apostolus
1833 4489 2069 4560 subjicit

425 4577 568 4631 Cum
588 4581 769 4631 autem
790 4580 1079 4633 transieris
1095 4579 1163 4633 ad
1187 4578 1492 4643 Christum,
1514 4583 1797 4649 auferelur
1815 4579 2068 4633 velamen

424 4664 497 4734 (ll
531 4664 651 4721 Cor.
681 4683 766 4732 III,
789 4667 843 4736 6,
870 4669 956 4737 14,
988 4668 1096 4737 16).
1121 4668 1243 4722 Non
1268 4667 1423 4722 enim
1450 4667 1550 4735 ait,
1589 4667 1890 4721 Auferetur
1916 4667 2065 4734 Lex;

424 4759 527 4809 aut
547 4754 988 4812 Testamentum
1013 4756 1346 4811 Vetus.Non
1376 4757 1552 4828 igitur
1573 4756 1913 4827 perDomini
1937 4771 2067 4827 gra-

423 4842 592 4910 tiam,
615 4847 898 4916 tanquam
932 4845 1164 4900 inutilia
1185 4846 1264 4900 ibi
1289 4850 1643 4917 tegerentur,
1677 4845 1870 4900 ablata
1892 4849 2066 4913 sunt;

425 4933 526 4987 sed
553 4937 748 4988 tamen
795 4935 1007 5005 potius,
1033 4951 1146 5004 quo
1171 4934 1332 4988 utilia
1359 4935 1724 5005 tegebantur.
1750 4934 1866 4988 Hoc
1898 4935 2068 4988 modo

426 5020 620 5092 agitur
644 5038 777 5076 cum
802 5023 1001 5093 iis,qui
1027 5023 1288 5076 studiose
1311 5037 1376 5075 ac
1399 5021 1633 5092 pie,non
1657 5021 2071 5091 turbideatque

426 5109 717 5181 improbe,
741 5111 1174 5181 Scripturarum
1215 5110 1447 5166 illarum
1483 5125 1719 5165 sensum
1744 5111 2067 5180 requirunt,

428 5199 979 5270 demonstreturque
1029 5200 1231 5255 sedulo
1280 5205 1336 5254 et
1367 5200 1505 5253 ordo
1538 5215 1751 5264 rerum,
1787 5204 1842 5252 et
1880 5214 2068 5254 causae

426 5287 714 5344 factorum
740 5294 912 5359 atque
934 5289 1244 5358 dictorum,
1279 5293 1334 5344 et
1371 5287 1591 5342 Veteris
1616 5287 1972 5342 Testamenti
1996 5288 2068 5343 ad

427 5377 651 5433 Novum
683 5382 848 5432 tanta
881 5378 1278 5448 congruentia.
1316 5383 1378 5431 ut
1408 5393 1551 5447 apex
1582 5375 1798 5439 nullus,
1831 5376 1930 5446 qui
1954 5392 2069 5431 non

428 5475 728 5536 consonet,
753 5465 1116 5537 relinquatur
1133 5483 1145 5532 ;
1162 5471 1219 5520 et
1242 5466 1560 5538 figurarum
1577 5470 1737 5520 tanta
1751 5470 1991 5532 secreta,
2009 5468 2072 5520 ut

430 5555 628 5612 omnia
649 5570 776 5627 quas
800 5555 1238 5626 interpretando
1253 5561 1561 5627 eruuntur,
1579 5555 1821 5611 miseros
1834 5571 1960 5611 esse
1973 5571 2070 5611 co-

495 5777 567 5840 (α)
596 5778 618 5829 Ι
645 5776 794 5832 Retr.
822 5790 940 5844 cap.
969 5779 1046 5844 14,
1077 5793 1133 5832 n.
1167 5782 1214 5833 l.

2216 656 2457 712 discere.

2287 746 2520 803 CAPUT
2552 747 2645 804 IV.
2678 778 2748 788 —
2779 751 2862 804 10.
2899 750 3117 820 Triplex
3145 765 3299 804 error
3319 749 3636 816 legentium.
3659 750 3768 804 Sed
3795 755 3865 804 ut

2212 836 2432 892 omissa
2454 837 2684 892 interim
2708 838 3015 893 altitudine
3038 838 3312 906 scientiae,
3341 839 3614 910 sicagam
3638 844 3854 903 tecum,

2213 927 2506 995 quomodo
2538 928 2826 998 agendum
2861 927 3111 982 arbitror
3140 944 3273 982 cum
3304 926 3576 982 familiari
3607 944 3770 989 meo;
3795 927 3852 980 id

2210 1019 2319 1080 est,
2353 1014 2505 1070 sicut
2537 1032 2641 1087 ego
2675 1033 2936 1087 possum,
2970 1033 3084 1071 non
3119 1015 3271 1070 sicut
3299 1016 3670 1071 doctissimos
3699 1016 3855 1072 viros

2210 1120 2381 1174 posse
2405 1104 2654 1160 miratus
2675 1122 2836 1160 sum:
2859 1105 2974 1160 tria
2992 1122 3204 1177 genera
3224 1111 3364 1160 sunt
3385 1106 3617 1172 erroris,
3635 1106 3854 1176 quibus

2207 1191 2476 1248 homines
2496 1198 2711 1264 errant,
2735 1211 2869 1250 cum
2893 1193 3114 1266 aliquid
3139 1193 3361 1265 legunt.
3387 1194 3466 1250 Dc
3489 1194 3737 1266 singulis
3760 1195 3850 1250 di-

2206 1297 2356 1336 cam.
2384 1282 2642 1338 Primum
2665 1299 2851 1354 genus
2872 1288 2980 1350 est,
3024 1284 3082 1337 in
3106 1300 3220 1354 quo
3245 1283 3302 1337 id
3346 1284 3500 1355 quod
3525 1282 3737 1339 falsum
3762 1288 3855 1340 est

2204 1387 2404 1426 verum
2427 1376 2683 1442 putatur,
2708 1389 2840 1427 cum
2864 1372 3022 1427 aliud
3047 1373 3146 1444 qui
3171 1372 3408 1444 scripsit
3430 1374 3733 1445 putaverit.
3757 1372 3855 1428 Al-

2202 1463 2390 1516 terum
2415 1465 2520 1529 est,
2546 1463 2815 1532 quamvis
2840 1479 2955 1518 non
2979 1466 3098 1516 tam
3122 1462 3239 1517 late
3261 1469 3486 1534 patens,
3511 1479 3626 1517 non
3651 1466 3848 1518 tamen

2202 1549 2400 1605 minus
2423 1550 2680 1617 noxium,
2705 1567 2837 1606 cum
2861 1551 2916 1606 id
2941 1552 3091 1622 quod
3119 1551 3331 1606 falsum
3355 1557 3444 1607 est
3465 1568 3663 1606 verum
3683 1557 3850 1622 puta-

2200 1641 2314 1706 tur,
2329 1637 2384 1692 id
2400 1643 2593 1694 tamen
2619 1644 2860 1710 putatur
2883 1641 3037 1711 quod
3061 1641 3235 1696 etiam
3261 1640 3354 1696 ille
3373 1640 3472 1711 qui
3491 1641 3727 1712 scripsit
3745 1658 3850 1712 pu-

2201 1726 2360 1780 tavit.
2385 1728 2646 1783 Tertium
2672 1734 2780 1793 est,
2805 1745 2936 1783 cum
2959 1744 3029 1783 ex
3046 1729 3234 1784 alieno
3254 1732 3478 1800 scripto
3496 1728 3849 1801 intelligitur

2199 1815 2414 1885 aliquid
2439 1815 2576 1886 veri,
2592 1833 2726 1871 cum
2744 1817 2851 1872 hoc
2868 1817 2963 1872 ille
2976 1818 3075 1888 qui
3091 1818 3326 1888 scripsit
3341 1834 3454 1872 non
3475 1818 3844 1874 intellexerit.

2200 1904 2260 1957 In
2285 1920 2396 1973 quo
2421 1920 2630 1975 genere
2651 1922 2764 1960 non
2793 1923 2996 1976 parum
3030 1911 3119 1961 est
3151 1905 3440 1974 utilitatis,
3474 1907 3590 1961 imo
3624 1908 3670 1962 si
3705 1907 3844 1962 dili-

2195 1993 2428 2063 gentius
2451 1994 2801 2060 consideres,
2833 2000 2988 2049 totus
3015 1995 3238 2067 legendi
3257 1996 3479 2050 fructus
3499 1997 3845 2066 estinteger.

2195 2080 2372 2136 Primi
2405 2083 2636 2153 generis
2666 2083 2999 2153 exemplum
3031 2089 3137 2148 est,
3165 2088 3228 2138 ut
3251 2084 3296 2138 si
3323 2084 3658 2155 quisquam,
3683 2086 3844 2141 verbi

2196 2171 2403 2241 gratia,
2421 2171 2576 2226 dicat
2598 2177 2657 2227 et
2681 2174 2873 2226 credat
2895 2173 3408 2227 Rhadamanthum
3435 2175 3588 2245 apud
3622 2175 3840 2232 inferos

2194 2259 2394 2314 audire
2427 2277 2491 2315 ac
2523 2260 2848 2329 dijudicare
2899 2278 3108 2316 causas
3166 2266 3554 2328 mortuorum,
3586 2281 3650 2318 eo
3684 2266 3838 2335 quod

2193 2348 2448 2404 Maronis
2482 2351 2537 2403 in
2570 2351 2826 2405 carmine
2858 2351 2914 2404 id
2965 2350 3169 2420 legerit
3201 2352 3435 2420 (Alneid.
3480 2351 3580 2407 lib.
3613 2355 3666 2418 6,
3701 2371 3836 2409 vers.

2189 2438 2478 2509 566-569).
2496 2438 2597 2493 Hic
2620 2439 2778 2494 enim
2803 2445 2954 2494 errat
2981 2440 3210 2494 duobus
3229 2441 3419 2495 modis
3441 2459 3454 2507 ;
3473 2443 3623 2512 quod
3644 2448 3698 2497 et
3712 2461 3836 2498 rem

2189 2543 2303 2581 non
2330 2528 2679 2582 credendam
2699 2529 2899 2594 credit,
2927 2534 3114 2600 neque
3137 2531 3191 2584 id
3221 2533 3515 2601 putandus
3541 2537 3629 2586 est
3652 2533 3838 2588 credi-

2189 2615 2344 2670 disse
2368 2615 2463 2670 ille
2489 2633 2660 2687 quem
2684 2616 2839 2687 legit.
2861 2618 3122 2672 Alterum
3143 2635 3327 2689 genus
3347 2619 3728 2675 animadverti
3746 2623 3834 2677 sic

2189 2708 2375 2774 potest
2393 2723 2404 2759 :
2422 2705 2468 2759 si
2486 2705 2641 2775 quis,
2659 2705 3109 2776 quiaLucretius
3125 2708 3382 2762 animam
3399 2726 3462 2763 ex
3478 2711 3687 2766 atomis
3701 2727 3834 2766 esse

2187 2792 2407 2861 scribit,
2431 2810 2676 2864 eamque
2692 2800 2822 2864 post
2837 2799 3082 2849 mortem
3101 2795 3159 2849 in
3178 2798 3408 2851 easdem
3435 2803 3660 2854 atomos
3683 2801 3831 2855 solvi

2186 2886 2360 2952 atque
2382 2881 2636 2949 interire,
2663 2883 2718 2937 id
2760 2899 2956 2938 verum
2985 2901 3050 2938 ac
3074 2885 3183 2939 sibi
3207 2888 3558 2942 credendum
3585 2889 3829 2945 arbitre-

2184 2972 2297 3024 tur.
2322 2970 2466 3024 Nam
2489 2976 2547 3026 et
2568 2971 2661 3024 hic
2689 2988 2802 3026 non
2837 2973 3033 3028 minus
3065 2974 3244 3029 miser
3272 2981 3378 3044 est,
3412 2977 3459 3030 si
3492 2978 3560 3031 de
3581 2994 3642 3032 re
3665 2983 3831 3033 tanta

2185 3059 2240 3113 id
2255 3061 2406 3129 quod
2426 3060 2634 3114 falsum
2650 3067 2738 3115 est
2753 3079 2854 3132 pro
2868 3066 3021 3117 certo
3037 3064 3146 3117 sibi
3168 3065 3828 3137 persuasit;quanquam

2182 3147 2238 3202 id
2265 3148 2588 3213 Lucretius,
2615 3151 2783 3219 cujus
2806 3149 2972 3205 libris
2993 3152 3269 3222 deceptus
3293 3158 3398 3218 est,
3429 3155 3700 3224 opinatus
3724 3156 3825 3211 sit.

2182 3236 2326 3302 Quid
2356 3237 2509 3292 enim
2527 3238 2663 3292 huic
2685 3240 2921 3309 prodest
2941 3241 3012 3294 de
3025 3241 3279 3297 auctoris
3293 3243 3581 3297 sententia
3599 3251 3827 3300 certum

2180 3342 2309 3381 esse
2336 3327 2570 3396 quando
2592 3327 2700 3381 sibi
2727 3344 2856 3382 eum
2887 3346 2999 3383 non
3025 3346 3308 3400 perquem
3326 3333 3827 3397 nonerraret‘,sed

2180 3432 2312 3470 cum
2339 3433 2452 3487 quo
2473 3421 2710 3480 erraret,
2735 3417 3004 3485 elegerit?
3023 3419 3214 3474 Tertio
3239 3421 3432 3489 generi
3458 3426 3546 3475 est
3567 3420 3710 3475 illud
3727 3439 3833 3477 ac-

2179 3505 2611 3560 commodatum
2635 3505 2713 3560 :si
2737 3506 2870 3577 quis
2897 3507 3232 3578 Epicurum,
3259 3507 3404 3564 lecto
3427 3511 3554 3578 ejus
3577 3509 3635 3564 in
3665 3510 3835 3567 libris

2178 3593 2369 3664 aliquo
2393 3594 2513 3649 loco
2539 3595 2634 3649 ubi
2661 3596 3083 3650 continentiam
3106 3597 3328 3668 laudat,
3346 3599 3402 3652 in
3421 3599 3636 3654 virtute
3659 3599 3830 3656 illum

2179 3700 2480 3738 summum
2505 3687 2722 3739 bonum
2744 3688 3011 3755 posuisse
3031 3693 3334 3752 asseveret,
3350 3693 3406 3741 et
3425 3689 3550 3741 ideo
3572 3705 3682 3743 non
3698 3706 3832 3745 esse

2177 3773 2560 3843 culpandum.
2587 3774 2731 3828 Huic
2754 3774 2926 3829 etiam
2951 3775 3086 3845 quid
3117 3777 3281 3831 obest
3304 3793 3464 3831 error
3485 3778 3738 3848 Epicuri,
3772 3780 3825 3834 si

2176 3879 2475 3918 summurn
2509 3863 2726 3918 bonum
2759 3863 3015 3918 hominis
3053 3864 3407 3936 voluptatem
3434 3865 3528 3920 ille
3561 3866 3824 3937 corporis

2174 3951 2387 4017 credit;
2422 3968 2553 4006 cum
2576 3952 2685 4007 iste
2707 3969 2821 4007 non
2846 3970 2906 4007 se
2928 3954 3150 4008 dederit
3186 3960 3300 4008 tam
3323 3955 3478 4025 turpi
3520 3956 3822 4026 noxiaaque

2173 4042 2610 4111 sententias,neq
2621 4057 2688 4096 ue
2703 4042 2774 4096 ob
2788 4040 2961 4096 aliam
2977 4059 3213 4097 causam
3228 4043 3794 4114 eiplaceatEpicurus
3807 4086 3822 4111 ,

2173 4130 2289 4184 nisi
2318 4130 2471 4200 quod
2498 4146 2630 4183 eum
2661 4130 2916 4184 sensisse
2952 4147 3064 4185 non
3090 4137 3272 4202 putat,
3304 4134 3456 4202 quod
3482 4133 3682 4188 sentiri
3706 4150 3826 4190 non

2172 4218 2470 4290 oporteat?
2489 4219 2584 4272 llic
2600 4235 2760 4272 error
2773 4235 2886 4274 non
2904 4221 3074 4275 modo
3100 4220 3398 4275 humanus
3421 4227 3529 4288 est,
3555 4223 3654 4277 sed
3672 4239 3827 4294 saepe

2172 4308 2350 4362 etiam
2378 4306 2609 4362 homine
2628 4307 3032 4379 dignissimus.
3051 4309 3196 4375 Quid
3215 4310 3367 4364 enim
3382 4355 3393 4375 ,
3410 4311 3458 4364 si
3476 4310 3619 4364 mihi
3635 4311 3704 4366 de
3718 4311 3825 4366 ali-

2173 4415 2286 4468 quo
2305 4413 2474 4466 quem
2496 4396 2799 4467 diligerem
2821 4399 3353 4469 nuntiareturquod
3372 4399 3502 4465 sibi,
3522 4417 3652 4454 cum
3669 4406 3828 4456 esset

2173 4485 2470 4551 barbatus,
2500 4485 2808 4552 pueritiam
2832 4491 3005 4554 atque
3020 4487 3330 4542 infantiam
3348 4488 3425 4542 ita
3438 4488 3662 4559 placere
3677 4491 3829 4544 mul-

2171 4574 2248 4628 tis
2265 4573 2643 4628 audientibus
2663 4573 2890 4640 dixerit,
2914 4581 2978 4630 ut
2995 4576 3535 4645 etiamjuraveritse
3549 4578 3825 4634 similiter

2170 4663 2316 4718 velle
2329 4664 2537 4728 vivere,
2554 4663 2729 4733 idque
2746 4664 2823 4718 ita
2839 4664 2979 4718 mihi
2999 4666 3358 4735 probaretur,
3377 4671 3440 4721 ut
3457 4667 3831 4738 impudenter

2174 4753 2642 4823 negarem?num
2670 4752 3186 4824 reprehendendus
3213 4755 3456 4824 viderer,
3475 4756 3523 4811 si
3545 4773 3678 4812 eum
3704 4758 3825 4811 exi-

2173 4841 2500 4908 stimarem,
2523 4858 2655 4895 cum
2679 4841 2789 4897 hoc
2806 4843 3041 4909 diceret,
3067 4844 3400 4915 signiﬁcare
3419 4845 3691 4912 voluisse,
3708 4847 3827 4902 sibi

2173 4930 2398 5001 placere
2425 4930 2842 4996 innocentiam,
2875 4937 2932 4986 et
2956 4933 3026 4987 ab
3051 4932 3134 4988 eis
3157 4934 3370 5004 quibus
3393 4934 3699 4990 hominum
3724 4953 3826 5008 ge-

2173 5036 2284 5074 nus
2307 5018 2695 5074 involveretur
2717 5021 3140 5091 cupiditatibus
3161 5022 3422 5077 animum
3451 5023 3731 5090 alienum,
3767 5029 3828 5081 et

2173 5125 2239 5163 ex
2260 5124 2324 5163 eo
2352 5107 2520 5163 illum
2545 5110 2732 5180 magis
2756 5110 3064 5182 magisque
3085 5111 3409 5183 diligerem,
3446 5130 3618 5184 quam
3653 5121 3830 5171 antea

2174 5195 2484 5268 diligebam
2504 5215 2516 5264 ;
2534 5197 2763 5254 etiamsi
2781 5200 3026 5254 fortasse
3041 5199 3138 5254 ille
3155 5201 3207 5254 in
3226 5219 3470 5271 pueroru
3483 5220 3537 5256 m
3554 5205 3828 5260 aetatibus

2174 5284 2500 5341 libertatem
2520 5289 2836 5357 quamdam
2855 5289 2912 5342 in
2930 5288 3183 5344 ludendo
3198 5296 3253 5344 et
3277 5291 3523 5347 cibando
3556 5295 3831 5366 atqueig-

2173 5392 2386 5430 navum
2403 5375 2586 5430 otium
2605 5376 2822 5432 stultus
2839 5378 3211 5433 adamasset?
3224 5380 3335 5435 Fac
3357 5381 3511 5436 enim
3536 5399 3668 5437 eum
3696 5399 3828 5440 esse

2174 5465 2513 5520 defunctum
2529 5471 2842 5536 postquam
2858 5467 2964 5521 hoc
2982 5467 3126 5522 mihi
3141 5470 3473 5525 nuntiatum
3488 5477 3598 5537 est,
3614 5489 3718 5526 nec
3735 5474 3826 5529 in-

2173 5554 2454 5625 terrogari
2471 5572 2503 5609 a
2517 5572 2609 5611 me
2625 5555 2886 5626 potuisse
2902 5555 3486 5631 quidquam,utaperi
3497 5566 3581 5615 ret
3595 5567 3829 5618 senten-

2237 5781 2257 5821 ί
2286 5778 2403 5844 Hic,
2430 5777 2487 5833 in
2508 5783 2629 5834 ante
2661 5778 2817 5835 editis
2846 5779 3041 5837 omissa
3072 5785 3186 5837 erat
3212 5784 3479 5851 particula
3506 5799 3729 5852 negans.
