4012 6510
162 527 222 585 73

160 661 275 715 tiam
297 670 484 721 suam;
511 660 742 710 essetne
783 655 1097 726 quisquam
1142 660 1261 710 tam
1315 656 1616 726 improbus
1649 657 1748 727 qui

161 747 277 804 mihi
305 749 678 813 succenseret,
712 761 844 799 cum
891 745 1145 799 hominis
1196 742 1492 800 laudarem
1541 762 1746 817 propo-

155 838 304 894 situm
332 837 381 889 et
408 832 764 888 voluntatem
798 851 899 904 per
929 833 1028 888 illa
1057 833 1185 904 ipsa
1215 834 1389 889 verba
1419 851 1546 904 quas
1587 850 1743 889 acce-

155 924 364 999 peram?
393 922 557 987 Quid,
584 923 736 994 quod
763 922 934 977 etiam
956 924 1155 993 justus
1178 939 1370 977 rerum
1389 921 1748 978 existimator

154 1032 248 1070 non
276 1012 553 1067 dubitaret
582 1013 825 1067 fortasse
853 1011 1090 1066 laudare
1111 1011 1441 1082 opinionem
1467 1028 1531 1066 ac
1550 1011 1749 1066 volun-

155 1109 302 1160 tatem
334 1118 535 1165 meam,
565 1117 700 1155 cum
732 1105 788 1155 et
815 1100 1146 1155 innocentia
1177 1100 1319 1154 mihi
1373 1099 1644 1170 placeret,
1691 1103 1748 1154 et

151 1193 296 1248 homo
324 1193 386 1246 de
415 1190 650 1245 homine
682 1190 741 1244 in
787 1206 845 1244 re
896 1189 1073 1244 dubia
1123 1189 1265 1244 bene
1316 1190 1510 1261 potius
1553 1187 1748 1243 existi-

147 1297 355 1346 marem,
387 1296 517 1334 cum
552 1278 724 1333 etiam
759 1277 908 1333 male
939 1277 1218 1332 liceret“?

203 1368 402 1426 CAPUT
437 1368 504 1422 V.
537 1397 604 1408 --
649 1368 730 1422 11.
785 1368 906 1422 Tres
952 1368 1356 1437 scripturarum
1407 1383 1749 1438 quarumque

145 1459 449 1530 diﬂerentix.
475 1457 728 1511 Ecclesia
743 1457 1014 1512 catholica
1034 1458 1236 1512 erroris
1251 1457 1544 1511 secundum
1565 1455 1750 1511 ullum

148 1549 336 1602 modum
360 1564 425 1602 ex
446 1547 731 1616 praedictis
761 1545 1015 1616 redargui
1043 1561 1149 1600 non
1168 1554 1339 1616 potest
1359 1548 1416 1599 in
1446 1547 1642 1601 Veteris
1663 1547 1749 1600 Te-

143 1636 773 1700 stamentilectione.Qua3
794 1650 923 1689 cum
942 1635 1024 1688 ita
1039 1635 1314 1699 sint,audi
1333 1635 1503 1689 etiam
1521 1651 1748 1689 earum-

145 1727 255 1780 dem
271 1724 680 1797 scripturarum
697 1724 934 1777 totidem
951 1722 1309 1777 conditiones
1325 1726 1380 1777 et
1393 1721 1746 1776 differentias

139 1814 260 1870 Nam
288 1830 512 1869 necesse
535 1812 876 1868 esttotidem
894 1811 1508 1866 occurrant.Autenim
1529 1811 1748 1865 utiliter

140 1903 342 1974 scripsit
361 1903 675 1973 quispiam,
697 1905 750 1955 et
780 1919 890 1955 non
917 1901 1135 1955 utiliter
1155 1901 1226 1954 ab
1250 1899 1444 1971 aliquo
1470 1899 1743 1970 intelligi-

138 1998 238 2047 tur:
263 1996 354 2046 aut
377 1996 685 2062 utramque
708 1989 994 2043 inutiliter
1017 1990 1078 2042 fit
1097 1995 1217 2043 :aut
1240 1989 1460 2043 utiliter
1477 1987 1746 2060 intelligit

133 2081 303 2146 lector,
327 2098 454 2135 cum
476 2079 575 2135 ille
597 2085 817 2144 contra,
834 2078 932 2148 qui
959 2077 1741 2148 legitur,scripserit.Horum

132 2171 280 2225 trium
298 2170 547 2241 primum
569 2185 683 2223 non
703 2167 1271 2238 improbo,ultimum
1297 2184 1410 2221 non
1432 2166 1741 2221 curo.Nam

130 2276 292 2330 neque
314 2275 550 2330 possum
579 2257 1001 2328 reprehendere
1023 2255 1319 2311 hominem
1346 2255 1442 2326 qui
1463 2255 1619 2310 nulla
1637 2273 1744 2311 sua

129 2347 277 2416 culpa
294 2345 438 2400 male
454 2345 784 2400 intellectus
798 2349 914 2410 est;
940 2359 1042 2398 nec
1057 2343 1299 2398 moleste
1313 2343 1523 2398 habere
1547 2359 1745 2415 quem-

129 2453 280 2506 quam
313 2435 440 2507 legi,
473 2433 576 2506 qui
607 2451 804 2489 verum
840 2449 953 2488 non
985 2431 1214 2496 viderit,
1244 2450 1373 2486 cum
1418 2433 1622 2487 obesse
1665 2432 1741 2487 le-

126 2524 374 2595 gentibus
404 2522 553 2577 nihil
583 2522 828 2578 videam.
863 2520 1053 2576 Unum
1086 2520 1266 2591 igitur
1288 2537 1472 2592 genus
1502 2526 1590 2575 est
1614 2537 1743 2592 pro-

126 2613 502 2677 batissimum,
537 2617 593 2665 et
623 2611 790 2681 quasi
825 2609 1330 2681 purgatissimum,
1363 2626 1494 2664 cum
1519 2615 1573 2664 et
1595 2610 1747 2664 bona

127 2702 320 2772 scripta
339 2701 630 2765 sunt,etin
651 2701 860 2753 bonam
883 2703 1103 2770 partem
1120 2698 1486 2768 accipiuntur
1501 2715 1533 2752 a
1550 2697 1744 2769 legen-

123 2790 280 2845 tibus.
306 2792 363 2844 ld
387 2805 621 2860 quoque
642 2793 836 2841 tamen
871 2787 1060 2841 adhuc
1084 2787 1143 2840 in
1166 2787 1280 2841 duo
1299 2787 1606 2853 dividitur;
1630 2803 1743 2841 non

124 2878 259 2933 enim
284 2878 513 2950 penitus
538 2876 794 2932 excludit
815 2892 1091 2931 errorem.
1116 2876 1260 2930 Nam
1282 2876 1473 2930 evenit
1499 2875 1741 2946 plerum-

118 2985 235 3039 que,
263 2974 324 3022 ut
345 2985 479 3022 cum
506 2968 654 3021 bene
669 2966 1190 3035 senseritscriptor,
1219 2964 1748 3019 beneetiamlector

117 3057 337 3123 sentiat;
365 3057 463 3111 sed
493 3055 651 3110 aliud
676 3053 979 3126 quamille,
1005 3059 1061 3108 et
1082 3071 1234 3125 sepe
1256 3054 1744 3124 melius,sa=:pein-

111 3145 526 3209 ferius,utiliter
539 3147 890 3198 tamen.Cum
904 3146 1091 3197 autem
1106 3147 1161 3197 et
1180 3143 1286 3197 hoc
1302 3143 1584 3198 sentimus
1599 3145 1750 3215 quod

117 3233 199 3288 ille
221 3251 391 3306 quem
413 3234 690 3305 legimus,
712 3233 834 3287 etid
850 3231 1074 3287 estvitaa
1097 3233 1241 3287 bene
1258 3233 1495 3302 agendas
1519 3250 1746 3288 accom-

116 3323 679 3386 modatissimum,cu
691 3321 1077 3376 mulatissime
1088 3337 1215 3376 sese
1229 3321 1403 3376 habet
1418 3322 1632 3377 veritas
1645 3339 1748 3377 nec

108 3411 326 3467 aliunde
350 3413 618 3483 aperitur
636 3411 907 3465 falsitatis
928 3409 1110 3464 locus.
1138 3411 1298 3476 Quod
1327 3426 1510 3481 genus
1527 3427 1657 3465 cum
1680 3411 1749 3465 de

106 3503 266 3556 rebus
299 3499 747 3557 obscurissimis
779 3499 946 3554 lectio
978 3503 1086 3565 est,
1121 3499 1487 3554 rarissimum
1511 3500 1747 3555 omnino

104 3595 180 3643 est
203 3609 216 3656 ;
241 3607 432 3661 neque
455 3590 538 3658 id,
570 3605 695 3644 mea
718 3587 1025 3651 sententia,
1049 3586 1271 3656 liquido
1296 3587 1453 3654 sciri,
1483 3589 1583 3643 sed
1621 3593 1747 3643 tan-

109 3681 400 3734 tummodo
425 3678 588 3734 credi
617 3683 823 3748 potest.
844 3676 1066 3740 Quibus
1089 3675 1244 3730 enim
1267 3678 1630 3746 argumentis
1653 3679 1749 3733 ab-

104 3769 274 3823 sentis
298 3768 384 3823 vel
403 3764 896 3823 mortuibominis
909 3763 1264 3819 voluntatem
1287 3764 1366 3819 ita
1388 3764 1751 3837 colligam,ut

105 3855 497 3927 deillajurare
521 3855 773 3927 possim;
799 3869 930 3908 cum
958 3852 1132 3908 etiam
1152 3852 1199 3908 si
1227 3871 1480 3924 praesens
1503 3854 1747 3911 interro-

101 3945 556 4016 garetur,multa
579 3960 706 3999 esse
729 3947 1143 4014 possent,quas,
1167 3942 1213 3997 si
1231 3941 1421 3998 malus
1446 3960 1556 3998 non
1574 3950 1746 4012 esset,

104 4034 531 4090 ofﬁciosissime
556 4030 1123 4088 absconderet‘IIllud
1149 4035 1343 4085 autem
1372 4032 1514 4086 nihil
1535 4033 1601 4088 ad
1629 4050 1748 4088 rem

102 4125 571 4195 cognoscendam
597 4121 784 4177 valere
808 4121 1076 4186 arbitror,
1113 4120 1304 4191 qualis
1337 4121 1508 4174 fuerit
1530 4122 1626 4176 ille
1650 4122 1750 4194 qui

103 4213 356 4283 scripsit:
393 4210 822 4267 honestissime
851 4220 1043 4264 tamen
1077 4210 1264 4264 bonus
1287 4211 1560 4278 creditur,
1581 4212 1751 4282 cujus

100 4301 306 4357 litteris
329 4301 538 4374 generi
556 4301 591 4354 h
604 4315 818 4353 umano
835 4298 1278 4370 posteritatique
1293 4299 1624 4354 consultum
1643 4305 1751 4356 est.

171 4393 254 4446 12.
280 4391 686 4454 Quamobrem
714 4386 916 4441 vellem
942 4387 1085 4440 mihi
1109 4386 1204 4441 isti
1228 4387 1504 4454 dicerent,
1536 4388 1594 4442 in
1639 4405 1754 4459 quo

105 4496 304 4551 genere
329 4483 564 4552 ponant
583 4475 846 4531 Ecclesiae
872 4474 1192 4541 catholica,
1220 4492 1390 4546 quem
1419 4481 1644 4547 putant,
1667 4494 1755 4532 er-

107 4586 310 4625 rorem.
337 4569 401 4624 Si
426 4570 488 4623 in
527 4567 741 4639 primo,
762 4580 932 4636 grave
957 4563 1194 4619 omnino
1217 4564 1435 4620 crimen
1463 4583 1474 4620 :
1519 4567 1617 4622 sed
1659 4567 1759 4622 de-

106 4658 427 4715 fensionem
463 4657 850 4727 longinquam
885 4671 998 4708 non
1034 4653 1273 4721 requirit
1297 4672 1309 4721 ;
1335 4655 1478 4710 satis
1500 4661 1585 4710 est
1604 4655 1759 4711 enim

104 4765 310 4819 negare
343 4749 429 4802 ita
458 4762 575 4800 nos
607 4742 954 4815 intelligere,
988 4747 1052 4797 ut
1083 4742 1190 4806 illi,
1224 4760 1354 4797 cum
1382 4743 1758 4813 invehuntur,

103 4837 469 4893 existimant.
497 4836 557 4888 Si
582 4835 639 4887 in
658 4833 938 4895 secundo,
963 4848 1076 4886 non
1091 4830 1288 4886 minus
1313 4848 1482 4904 grave
1503 4838 1592 4888 est
1615 4851 1627 4889 :
1663 4835 1761 4889 sed

106 4928 301 4981 eadem
329 4943 473 4981 voce
501 4922 870 4979 refellentur.
893 4921 948 4974 Si
976 4921 1034 4974 in
1060 4920 1248 4985 tertio,
1290 4921 1515 4976 nullum
1547 4924 1766 4977 crimen

107 5020 207 5071 est.
231 5019 375 5088 Age,
404 5032 475 5069 ac
504 5013 720 5068 deinde
743 5010 1077 5080 Scripturas
1099 5009 1251 5079 ipsas
1273 5011 1594 5066 considera.
1623 5011 1769 5077 Quid

111 5106 262 5159 enim
284 5105 466 5160 libris
492 5098 1200 5171 objiciuntVeteris,quod
1223 5099 1772 5156 diciturTestamen-

107 5194 145 5248 ti
159 5193 377 5265 ?Nnmq
389 5193 494 5248 uid
508 5205 650 5245 nam
669 5188 817 5259 quod
843 5186 978 5242 boni
992 5187 1258 5254 sunt,sed
1275 5186 1423 5243 male
1439 5187 1774 5261 intelligun-

110 5290 201 5339 tur
225 5302 257 5338 a
280 5281 510 5339 nobis?
539 5283 615 5332 At
637 5294 734 5333 eos
757 5276 867 5348 ipsi
893 5293 1006 5331 non
1042 5276 1355 5348 accipiunt.
1380 5285 1466 5332 An
1507 5278 1644 5348 quia
1673 5295 1777 5334 nec

112 5374 243 5430 boni
267 5378 436 5434 sunt,
466 5385 585 5425 nec
601 5368 743 5421 bene
766 5364 1172 5438 accipiuntur?
1192 5369 1256 5420 At
1278 5366 1381 5421 hoc
1406 5368 1778 5438 superiorde-

111 5464 293 5519 fensio
316 5461 473 5517 satis
502 5459 830 5526 expugnat.
856 5456 935 5509 An
954 5453 1095 5508 illud
1112 5454 1305 5509 dicent
1321 5473 1332 5510 :
1350 5455 1624 5518 Quamvis
1638 5456 1782 5511 bene

114 5569 145 5606 a
164 5551 327 5606 vobis
351 5547 551 5619 accipi
567 5549 761 5608 antur,
789 5542 925 5598 mali
951 5547 1091 5598 sunt
1107 5547 1299 5598 tamen
1317 5545 1343 5598 ‘I
1365 5544 1510 5608 Quid
1527 5544 1782 5600 estaliud

108 5642 285 5710 vivos,
302 5656 448 5697 cum
467 5634 700 5709 quibus
717 5649 808 5688 res
829 5633 1045 5706 agitur,
1070 5633 1432 5690 adversarios
1468 5634 1783 5691 absolvere.

176 5823 190 5856 ί
227 5821 381 5878 μοι,
414 5809 792 5878 malediceret.
823 5809 1012 5860 Melius
1031 5809 1125 5860 Ἐν.
1156 5814 1208 5862 et
1235 5812 1380 5873 Msa,
1410 5810 1543 5862 male
1590 5812 1789 5865 liceret:

119 5883 324 5948 supple,
358 5877 684 5930 existimare
695 5908 710 5922 .

450 5995 733 6059 Panos.
779 5989 956 6053 XLII.

1567 524 1799 584 LIBER
1845 528 2079 590 UNUS.

3435 543 3512 599 74

1851 662 2026 730 atque
2050 661 2189 718 olim
2206 681 2298 719 mo
2314 670 2501 735 rtuos,
2520 683 2652 720 cum
2669 667 2881 737 quibus
2903 666 3064 723 nulla
3086 671 3376 724 contentio
3400 675 3508 738 est,

1853 763 2126 804 accusare
2140 752 2166 805 ‘I
2179 753 2295 824 Ego
2310 756 2404 825 qui
2417 755 2547 809 dem
2562 755 2693 810 illos
2706 756 2858 811 viros
2878 757 3141 812 etomnia
3160 757 3378 814 utiliter
3395 775 3511 814 me-

1851 837 2048 891 moriae
2068 842 2399 908 mandasse,
2417 848 2472 897 et
2490 860 2732 916 magnos
2747 863 2810 900 ac
2826 847 3051 901 divinos
3067 847 3331 916 fuisse,et
3347 847 3506 904 illam

1852 928 2041 996 legem
2075 929 2170 983 Dei
2197 931 2372 1000 jussu
2405 949 2467 987 ac
2498 933 2790 988 voluntate
2827 934 3254 1006 promulgatam
3286 952 3411 992 esse
3452 941 3509 992 et

1853 1017 2145 1072 contliiam
2169 1022 2376 1075 credo:
2405 1026 2461 1075 et
2485 1022 2562 1084 id,
2590 1040 2929 1096 quanquam
2957 1041 3243 1096 perpauca
3261 1026 3388 1096 ejus
3411 1041 3505 1098 ge-

1856 1105 2009 1160 neris
2032 1106 2313 1162 librorum
2343 1110 2546 1176 sciam,
2575 1114 2923 1181 persuadere
2951 1117 3143 1168 tamen
3178 1113 3346 1169 facile
3369 1131 3502 1185 pos-

1853 1211 2006 1265 sum,
2041 1196 2087 1251 si
2114 1197 2256 1252 mihi
2282 1215 2486 1262 aequus
2512 1204 2568 1254 et
2587 1200 2826 1255 minime
2855 1203 3119 1272 pertinax
3146 1202 3380 1258 animus
3404 1203 3502 1258 ad-

1851 1282 2150 1352 hibeatur;
2171 1292 2342 1357 atque
2367 1288 2421 1342 id
2449 1288 2818 1358 faciam,cum
2839 1290 3002 1362 copia
3017 1290 3184 1346 nobis
3207 1293 3343 1346 data
3369 1293 3492 1347 fue-

1851 1372 1926 1426 rit
1947 1374 2353 1431 benevolarum
2371 1377 2602 1432 aurium
2627 1395 2692 1432 ac
2707 1381 2919 1434 mentis
2943 1385 3054 1434 tuas
3080 1397 3091 1434 :
3115 1381 3213 1435 sed
3233 1381 3340 1435 hoc
3361 1397 3496 1436 cum

1851 1466 2049 1532 potero
2077 1481 2090 1531 ;
2129 1481 2283 1519 nunc
2315 1471 2511 1521 autem
2547 1484 2736 1522 nonne
2767 1468 2911 1522 mihi
2945 1468 3088 1523 satis
3119 1473 3228 1535 est,
3260 1485 3496 1541 quoquo

1851 1550 2022 1605 modo
2053 1568 2114 1606 se
2145 1552 2256 1609 ista
2286 1570 2378 1608 res
2408 1555 2636 1624 habeat,
2671 1556 2978 1627 deceptum
3012 1574 3126 1612 non
3159 1557 3337 1613 fuisse
3358 1559 3391 1614 ἲ

1924 1693 2160 1749 CAPUT
2212 1695 2297 1751 VI.
2331 1728 2400 1736 —
2431 1697 2514 1752 13.
2549 1698 2623 1752 De
2660 1698 2957 1769 Scrz'pturz's
3000 1716 3109 1755 non
3165 1701 3495 1758 credendum

1849 1784 2246 1852 expositoribus
2276 1801 2466 1840 earum
2488 1788 2754 1841 inimicis.
2778 1788 2997 1854 Testor,
3025 1791 3329 1854 Honorate,
3355 1806 3490 1844 con-

1850 1870 2154 1926 scientiam
2207 1890 2420 1937 meam,
2474 1878 2530 1929 et
2592 1876 2753 1946 puris
2802 1876 3015 1932 animis
3067 1878 3492 1933 inbabitantem

1849 1959 2052 2025 Deum,
2075 1961 2671 2018 nihilmeexistimare
2696 1965 3062 2035 prudentius,
3089 1967 3330 2033 castius,
3357 1967 3491 2021 reli-

1847 2048 2228 2121 giosius,quaa
2261 2058 2401 2106 sunt
2433 2052 2541 2106 illae
2573 2053 2882 2124 Scriptura
2906 2071 3262 2126 omnes,quae
3287 2057 3489 2112 Testa-

1847 2139 2025 2192 menti
2048 2142 2268 2195 Veteris
2294 2142 2526 2197 nomine
2547 2141 2832 2198 catholica
2851 2144 3109 2201 Ecclesia
3131 2145 3355 2201 retinet.
3383 2146 3486 2201 Mi-

1846 2228 2304 2292 raris,novi.Non
2318 2231 2472 2286 enim
2489 2232 2860 2288 dissimulare
2873 2234 3308 2308 possum,longe
3323 2234 3491 2290 aliter

1848 2317 2015 2371 nobis
2038 2317 2217 2373 fuisse
2242 2336 2606 2389 persuasum.
2629 2321 2738 2376 Sed
2763 2321 2905 2376 nihil
2927 2327 3012 2377 est
3035 2325 3284 2394 profecto
3306 2329 3486 2380 teme-

1849 2405 2036 2459 ritatis
2060 2405 2288 2476 plenius
2316 2426 2439 2478 quas
2475 2408 2641 2463 nobis
2674 2414 2810 2464 tunc
2834 2411 3029 2480 pueris
3051 2411 3280 2482 inerat),
3309 2430 3485 2483 quam

1850 2511 2216 2565 quorumque
2239 2495 2520 2551 librorum
2555 2499 2909 2568 expositores
2942 2500 3224 2569 deserere,
3259 2501 3356 2572 qui
3387 2518 3486 2557 eos

1852 2599 1912 2636 se
1944 2587 2139 2637 tenere
2163 2601 2227 2638 ac
2261 2585 2568 2655 discipulis
2598 2589 2824 2641 tradere
2857 2604 3024 2656 posse
3057 2589 3488 2658 profitentur,et

1848 2686 2048 2723 eorum
2074 2671 2418 2725 sententiam
2439 2672 2731 2741 requirere
2753 2673 2824 2726 ab
2846 2673 2934 2727 his
2961 2674 3059 2744 qui
3083 2676 3488 2731 conditoribus

1847 2757 2078 2812 illorum
2107 2766 2280 2829 atque
2313 2762 2647 2815 auctoribus
2669 2761 3338 2828 acerbissimum,nescio
3370 2781 3488 2835 qua

1849 2852 2087 2918 cogente
2128 2865 2324 2915 cauea,
2361 2848 2578 2902 bellum
2615 2850 2966 2905 indixerunt.
3002 2852 3140 2917 Quis
3187 2852 3341 2906 enim
3375 2853 3486 2908 sibi

1851 2953 2108 3006 unquam
2133 2935 2313 2990 libros
2338 2934 2663 2991 Aristotelis
2688 2938 3015 2993 reconditos
3038 2943 3092 2993 et
3116 2941 3397 2996 obscuros
3415 2942 3486 2996 ab

1850 3025 1976 3094 ejus
2002 3024 2238 3079 inimico
2271 3026 2646 3095 exponendas
2680 3027 2900 3093 putavit
2928 3044 2940 3094 ;
2977 3033 3038 3080 ut
3064 3028 3132 3082 de
3162 3028 3254 3082 his
3287 3028 3490 3100 loquar

1849 3113 2197 3183 disciplinis,
2233 3113 2287 3167 in
2313 3115 2526 3185 quibus
2549 3113 2728 3168 lector
2759 3116 3001 3170 fortasse
3025 3117 3152 3171 sine
3186 3118 3487 3190 sacrilegio

1853 3205 1963 3258 labi
1997 3208 2186 3273 potest
2206 3204 2231 3256 ‘I
2265 3204 2402 3266 Quis
2435 3204 2684 3273 denique
2723 3204 3097 3274 geometricas
3129 3206 3352 3262 litteras
3383 3210 3488 3262 Ar-

1852 3292 2135 3347 chimedis
2167 3291 2376 3361 legere,
2411 3291 2688 3362 magistro
2722 3293 2988 3362 Epicuro,
3017 3300 3116 3347 aut
3148 3295 3368 3350 discere
3399 3313 3491 3352 vo-

1850 3380 1956 3435 luit
1983 3399 1995 3448 ;
2031 3386 2231 3434 contra
2255 3397 2401 3449 quas
2421 3379 2514 3434 ille
2539 3379 2788 3434 multum
2815 3381 3201 3451 pertinaciter,
3226 3383 3369 3438 nihil
3393 3401 3490 3439 ea-

1853 3486 2003 3534 rum,
2031 3473 2314 3539 quantum
2347 3468 2614 3532 arbitror,
2633 3467 2984 3540 intelligens,
3017 3471 3342 3526 disserebat
3363 3472 3489 3527 ?An

1852 3558 1974 3613 istae
2007 3557 2312 3627 Scriptura;
2344 3555 2512 3627 Legis
2541 3556 2898 3627 planissimae
2935 3562 3092 3624 sunt,
3126 3560 3184 3613 in
3216 3577 3361 3631 quas
3393 3561 3490 3616 isti

1853 3646 2020 3719 quasi
2035 3646 2204 3717 vulgo
2219 3645 2509 3716 expositas
2531 3645 2810 3716 impetum
2832 3645 3052 3702 faciunt
3069 3648 3282 3703 frustra
3298 3654 3354 3703 et
3372 3649 3493 3704 ina-

1851 3736 2141 3800 niter?Qni
2160 3734 2301 3788 mihi
2316 3733 2537 3789 similes
2551 3734 2915 3788 videnturilli
2935 3735 3492 3809 mulierculaa,quam

1851 3825 2024 3880 iidem
2050 3823 2160 3894 ipsi
2183 3821 2372 3878 solent
2393 3822 2676 3888 deridere,
2705 3838 2831 3893 quae
2855 3823 3002 3878 irata
3023 3825 3176 3895 quod
3202 3826 3252 3879 ei
3278 3825 3360 3880 sol
3385 3826 3494 3882 iste

1851 3913 2208 3977 laudaretur,
2233 3915 2288 3965 et
2305 3927 2338 3965 a
2359 3909 2679 3966 manichaea
2699 3912 2953 3982 quadam
2973 3912 3191 3967 femina
3211 3915 3492 3970 colendus

1853 4001 2378 4069 commendaretur,
2413 4005 2476 4053 ut
2505 4004 2628 4053 erat
2657 3999 2923 4069 religiose
2963 4001 3230 4071 simplex,
3263 4003 3491 4059 concita

1853 4090 2120 4154 exsilivit,
2146 4093 2202 4144 et
2226 4105 2357 4142 eum
2383 4088 2575 4142 locum
2598 4103 2770 4158 quem
2794 4090 2878 4144 sol
2903 4106 3004 4160 per
3019 4091 3330 4146 fenestram
3353 4091 3487 4147 illu-

1855 4185 2155 4243 straverat,
2175 4177 2377 4232 crebro
2400 4177 2542 4247 pede
2568 4176 3063 4244 percutiens,Ecce
3083 4178 3264 4234 solem
3287 4182 3490 4235 deum-

1856 4285 1964 4340 que
1986 4273 2153 4321 tuum
2172 4266 2346 4332 calco,
2371 4265 2622 4320 clamare
2636 4267 2804 4337 coepit
2829 4284 2841 4322 :
2862 4267 3037 4321 stulte
3060 4268 3298 4322 omnino
3321 4275 3494 4340 atque

1858 4355 2254 4421 muliebriter;
2283 4354 2415 4424 quis
2438 4353 2641 4424 negat?
2666 4354 2775 4408 Sed
2801 4356 3107 4410 nonnetibi
3131 4355 3275 4411 tales
3297 4357 3498 4412 viden-

1858 4445 2086 4502 turisti.
2104 4444 2201 4514 qui
2217 4459 2417 4512 eaquae
2434 4459 2546 4496 non
2561 4442 2918 4513 intelligunt,
2933 4450 3034 4499 aut
3051 4461 3170 4510 cur,
3187 4451 3288 4501 aut
3307 4447 3498 4501 omni-

1862 4551 1934 4589 no
1959 4534 2153 4605 qualia
2176 4537 2333 4600 sunt,
2361 4532 2626 4602 quamvis
2648 4533 2979 4601 jacentibus
3003 4534 3239 4602 similia,
3263 4535 3504 4591 subtilia

1863 4629 2060 4678 tamen
2093 4619 2551 4692 intelligentihus
2582 4624 2757 4690 atque
2791 4622 3006 4690 divina,
3041 4640 3254 4695 magno
3281 4629 3505 4696 impetu

1866 4710 2147 4768 orationis
2170 4708 2606 4778 maledictisque
2630 4707 2968 4780 lacerantes,
2990 4711 3127 4782 quia
3156 4711 3238 4766 eis
3270 4713 3508 4783 imperi-

1867 4801 1910 4855 ti
1945 4799 2249 4871 plaudunt,
2285 4797 2502 4867 aliquid
2536 4814 2597 4853 se
2624 4800 2902 4868 proficere
2924 4800 3308 4855 existimant?
3330 4799 3507 4865 Quid-

1871 4889 2010 4961 quid
2040 4893 2147 4956 est,
2179 4886 2320 4941 mihi
2343 4887 2530 4952 crede,
2560 4886 2616 4940 in
2633 4887 3102 4958 Scripturisillis,
3124 4889 3307 4944 altum
3339 4893 3396 4944 et
3423 4888 3512 4943 di-

1871 4979 2070 5034 vinum
2100 4982 2224 5030 est:
2261 4975 2413 5030 inest
2440 4974 2677 5030 omnino
2709 4976 2941 5047 veritas,
2972 4982 3029 5032 et
3065 4977 3392 5034 reﬁciendis
3423 4976 3515 5031 in-

1875 5065 2329 5134 staurandisqne
2352 5064 2562 5119 animis
2595 5067 3140 5122 accomodatissima
3166 5065 3514 5137 disciplina;

1877 5162 1934 5213 et
1964 5154 2132 5226 plane
2165 5154 2245 5207 ita
2275 5153 2629 5222 modiﬁcata,
2665 5159 2729 5208 ut
2760 5171 2929 5210 nemo
2963 5156 3096 5210 inde
3140 5155 3371 5210 haurire
3404 5171 3520 5209 non

1881 5244 2066 5318 possit
2097 5243 2250 5314 quod
2284 5242 2392 5296 sibi
2427 5242 2571 5297 satis
2594 5247 2700 5309 est,
2737 5243 2783 5298 si
2819 5245 2989 5298 modo
3029 5245 3097 5298 ad
3131 5243 3521 5299 hauriendum

1884 5335 2083 5389 devote
2115 5348 2178 5386 ac
2208 5332 2318 5401 pie,
2352 5335 2415 5384 ut
2443 5347 2578 5386 vera
2609 5331 2806 5404 religio
2831 5333 3033 5403 poscit,
3069 5333 3322 5387 accedat.
3360 5331 3524 5395 Quod

1885 5427 1951 5477 ut
1979 5421 2082 5477 tibi
2116 5421 2373 5492 probem,
2408 5419 2610 5474 multis
2649 5422 2974 5476 rationibus
3004 5425 3060 5475 et
3107 5420 3366 5493 longiore
3396 5438 3529 5477 ora-

1887 5512 2043 5567 tione
2074 5526 2220 5580 opus
2250 5513 2356 5563 est.
2389 5509 2691 5579 Agendum
2725 5509 2879 5563 enim
2914 5514 3104 5564 tecum
3129 5511 3292 5581 prius
3323 5516 3433 5577 est,
3466 5512 3532 5565 ut

1891 5603 2155 5656 auctores
2187 5598 2344 5668 ipsos
2376 5614 2489 5651 non
2522 5597 2733 5665 oderis,
2772 5597 2980 5652 deinde
3012 5603 3075 5653 ut
3106 5615 3303 5655 ames:
3336 5604 3393 5654 et
3421 5598 3532 5655 hoc

1893 5689 2185 5760 agendum
2219 5685 2422 5758 quovis
2443 5685 2554 5741 alio
2586 5686 2757 5741 modo
2780 5686 2996 5758 potius,
3028 5705 3206 5759 quam
3239 5703 3537 5760 exponen-

1897 5777 1989 5833 dis
2019 5793 2219 5832 eorum
2252 5774 2559 5831 sententiis
2603 5779 2659 5830 et
2698 5775 2928 5842 litteris,
2980 5784 3287 5849 propterea
3318 5777 3457 5848 quia
3487 5776 3540 5832 si

1899 5865 2208 5938 Virgilium
2241 5865 2592 5934 odissemus,
2625 5863 2744 5921 imo
2775 5864 2822 5921 si
2855 5881 2969 5922 non
3004 5883 3164 5937 eum,
3193 5867 3543 5938 priusquam

3189 5993 3227 6066 3
