4012 6472
508 511 585 569 75

506 641 836 698 intellectus
848 644 1018 708 esset,
1035 641 1321 713 majorum
1340 645 1672 696 nostrorum
1693 641 2148 696 commendatio-

505 749 577 787 ne
607 732 1005 803 diligeremus,
1040 748 1342 801 nunquam
1376 731 1544 785 nobis
1573 731 1716 784 satis
1750 731 1910 785 fieret
1939 731 2009 785 de
2031 730 2146 786 illis

503 822 630 892 ejus
663 821 1085 892 quastionibus
1119 819 1666 888 innumerabilibus,
1701 819 1918 890 quibus
1950 835 2144 890 gram-

503 910 698 965 matici
722 910 927 982 agitari
943 913 998 964 et
1012 909 1332 980 perturbari
1358 907 1578 976 solent;
1608 924 1710 961 nec
1730 907 2068 962 audiremus
2083 906 2146 960 li-

498 999 720 1066 benter,
742 1001 839 1070 qui
859 1015 992 1053 cum
1015 999 1140 1068 ejus
1160 997 1330 1052 laude
1350 996 1478 1052 illas
1498 996 1792 1068 expediret
1808 1012 1828 1056 ,·
1847 997 1945 1050 sed
1967 996 2017 1050 ei
2059 996 2142 1050 fa-

497 1105 787 1158 veremus,
808 1089 907 1160 qui
928 1104 1030 1158 per
1045 1103 1141 1142 eas
1162 1086 1325 1140 illum
1345 1103 1570 1141 errasse
1590 1103 1655 1140 ac
1673 1084 1951 1140 delirasse
1969 1101 2144 1140 cona-

497 1182 661 1232 retur
681 1178 1003 1233 ostendere.
1028 1177 1194 1230 Nunc
1215 1190 1345 1230 vero
1368 1191 1499 1230 eum
1549 1191 1644 1229 eas
1687 1173 1855 1228 multi
1896 1189 1959 1226 ac
1989 1173 2145 1228 varie

499 1282 602 1337 pro
636 1282 741 1320 suo
773 1265 1022 1337 quisque
1054 1270 1227 1334 captu
1262 1262 1484 1334 aperire
1515 1267 1819 1326 conentur,
1854 1261 1947 1316 his
1970 1261 2146 1332 potis-

499 1355 718 1410 simum
749 1354 1067 1426 plauditur,
1102 1369 1204 1424 per
1229 1367 1474 1422 quorum
1497 1350 1914 1422 expositionem
1939 1349 2146 1406 melior

499 1444 793 1498 invenitur
822 1448 1008 1515 poeta,
1044 1442 1142 1513 qui
1173 1457 1286 1495 non
1319 1440 1509 1495 solum
1540 1440 1686 1494 nihil
1720 1456 2011 1512 peccasse,
2042 1440 2142 1494 sed

500 1532 647 1587 nihil
680 1549 792 1587 non
824 1530 1193 1586 laudabiliter
1221 1528 1525 1596 cecinisse,
1559 1529 1630 1583 ab
1653 1528 1736 1583 eis
1754 1529 1928 1583 etiam
1956 1528 2054 1598 qui
2075 1527 2142 1581 il-

500 1621 620 1675 lum
650 1620 1133 1692 nonintelligunt,
1157 1618 1432 1673 creditur.
1454 1616 1729 1687 Itaquein
1761 1616 2145 1686 quazstincula

499 1710 780 1782 magistro
804 1708 1117 1774 deﬁcienti,
1138 1708 1355 1777 etquid
1371 1707 1718 1777 respondeat
1742 1723 1855 1760 non
1880 1704 2141 1774 habenti,

498 1815 914 1854 succensemus
937 1799 1148 1868 potius,
1173 1793 1529 1867 quamillum
1556 1799 1784 1848 mutum
1810 1794 1946 1847 vitio
1962 1794 2142 1848 Maro-

498 1888 590 1943 nis
613 1891 908 1959 putamus.
931 1887 1058 1942 Jam
1075 1886 1121 1940 si
1138 1885 1205 1940 ad
1232 1884 1628 1938 defensionem
1646 1900 1811 1937 suam
1836 1886 2136 1953 peccatum

499 1977 643 2032 tanti
668 1976 921 2032 auctoris
948 1991 1205 2031 asserere
1229 1972 1495 2034 voluerit.
1518 1972 1613 2027 vix
1634 1972 1782 2041 apud
1805 1987 1938 2025 eum
1961 1971 2138 2026 disci-

497 2067 639 2137 puli,
671 2066 761 2120 vel
794 2065 946 2119 datis
977 2063 1362 2129 mercedibus,
1397 2061 1802 2116 remanebunt.
1842 2060 2136 2122 Quantum

493 2159 615 2210 erat
638 2159 701 2209 ut
723 2153 975 2209 similem
999 2149 1460 2206 benevolentiam
1488 2149 1879 2220 prazberemus
1898 2148 2003 2214 eis,
2036 2164 2138 2219 per

494 2261 640 2315 quos
670 2243 929 2298 locutum
965 2257 1092 2296 esse
1113 2240 1392 2311 Spiritum
1416 2243 1686 2292 sanctum
1717 2243 1832 2291 tam
1859 2237 2136 2290 diuturna

491 2338 776 2388 vetustate
799 2333 1093 2386 firmatum
1117 2333 1205 2384 est
1220 2328 1362 2383 ‘lSed
1378 2325 2132 2397 scilicetintelligentissimi

491 2422 908 2489 adolescentes,
955 2425 1010 2475 et
1049 2418 1178 2473 miri
1224 2417 1514 2472 rationum
1562 2415 1969 2486 exploratores,
2017 2431 2131 2469 non

490 2510 736 2566 evolutis
753 2509 961 2566 saltem
984 2506 1100 2562 illis
1121 2507 1372 2572 Litteris,
1390 2523 1504 2560 non
1528 2504 1790 2576 quzesitis
1809 2503 2128 2574 magistris,

489 2617 606 2656 non
629 2600 991 2670 aliquantum
1017 2602 1217 2652 nostra
1233 2595 1504 2651 tarditate
1528 2598 1818 2659 accusata,
1845 2610 1958 2648 non
1974 2591 2131 2647 deni-

488 2706 601 2761 que
631 2689 716 2744 vel
751 2686 1025 2743 mediocri
1057 2685 1227 2741 corde
1258 2699 1532 2740 concesso
1564 2683 1646 2737 eis
1687 2683 1786 2752 qui
1835 2681 2125 2752 ejusmodi

486 2780 726 2833 Litteras
758 2794 858 2849 per
885 2780 1072 2831 totum
1102 2775 1300 2829 orbem
1331 2777 1453 2827 tam
1485 2773 1656 2843 longo
1687 2777 1946 2842 tempore
1990 2770 2125 2842 legi,

483 2867 785 2934 custodiri,
820 2863 1172 2935 tractarique
1200 2862 1544 2928 voluerunt;
1599 2859 1744 2914 nihil
1791 2861 1944 2929 apud
1993 2858 2126 2914 illos

485 2955 837 3010 credendum
860 2953 1218 3025 putavimus,
1237 2966 1437 3006 eorum
1457 2949 1556 3020 qui
1583 2949 1710 3003 istis
1735 2949 1956 3002 inimici
1980 2948 2124 3002 infe-

484 3044 677 3116 stique
699 3048 837 3098 sunt
857 3057 991 3096 voce
1015 3039 1471 3110 commoti,apud
1498 3054 1645 3110 quos
1669 3037 1814 3092 falsa
1835 3037 2124 3108 pollicita-

481 3132 638 3187 tione
668 3131 910 3187 rationis
941 3129 1204 3184 inaudita
1237 3127 1421 3182 millia
1449 3125 1781 3181 fabularum
1815 3126 2046 3182 credere
2070 3130 2127 3180 et

484 3220 671 3278 colere
704 3235 1065 3293 cogeremur.

554 3364 786 3421 CAPUT
827 3363 947 3418 VII.
981 3393 1050 3403 —-
1081 3363 1167 3416 14.
1203 3360 1516 3428 Quaerenda
1546 3375 1671 3415 vera
1695 3359 1913 3428 religio.
1955 3360 2018 3414 In
2048 3361 2126 3415 eis

482 3454 778 3527 quwremla
801 3454 894 3524 qui
913 3452 1188 3508 excellunt
1209 3454 1380 3521 famae
1399 3448 1712 3504 celebritate
1723 3451 1773 3502 et
1787 3450 2033 3503 omnium
2046 3464 2125 3503 oc-

481 3544 771 3614 cupatione
796 3541 1144 3612 populorum.
1179 3538 1451 3609 Objectari
1478 3540 1712 3607 frustra,
1746 3536 1891 3605 apud
1924 3552 2126 3607 paucos

482 3647 596 3687 esse
615 3632 922 3697 veritatem,
946 3627 1413 3700 necquwrendam
1435 3627 1496 3680 in
1517 3625 1871 3680 multitudine
1895 3625 2129 3680 Catholi-

480 3720 907 3775 corum.Temere
927 3719 1105 3771 visum
1127 3719 1427 3782 Honorulo,
1451 3714 1686 3769 absurda
1707 3715 1963 3785 quaedam
1981 3714 2130 3769 tradi

481 3811 541 3862 in
564 3808 842 3864 catholica
869 3807 1158 3876 religione.
1192 3804 1516 3874 Areligione
1531 3803 1823 3873 quaerenda
1853 3803 1998 3873 apud
2031 3804 2127 3858 Ca-

477 3899 702 3953 tholicos
721 3896 866 3952 nihil
886 3894 1224 3967 prohibebat.
1252 3895 1382 3948 Cum
1411 3894 1717 3962 inquiritur
1743 3909 1870 3946 vera
1902 3893 2122 3962 religio,

475 3987 801 4042 sumendum
820 3985 1108 4040 exordium
1143 4001 1176 4036 a
1204 3981 1469 4036 catholica
1510 3980 1765 4035 Ecclesia.
1813 3981 1919 4035 Sed
1969 3997 2122 4036 nunc

475 4075 628 4145 quod
645 4073 871 4129 institui
892 4071 1240 4144 peragam,si
1256 4073 1579 4140 possum,et
1596 4069 1677 4122 sic
1691 4070 1844 4139 apud
1861 4074 1913 4122 te
1927 4085 2092 4140 agam
2107 4113 2120 4134 ,

474 4169 539 4217 ut
571 4164 744 4218 tidem
775 4161 1122 4217 catholicam
1156 4176 1267 4214 non
1302 4158 1541 4212 interim
1576 4158 1856 4228 aperiam,
1890 4159 1990 4212 sed
2043 4161 2113 4213 ad

474 4253 791 4307 scrutanda
807 4252 934 4323 ejus
961 4266 1173 4321 magna
1195 4246 1487 4319 mysteria,
1528 4247 1611 4301 eis
1637 4263 1885 4317 quorum
1906 4249 2113 4302 animae

472 4341 583 4396 sibi
603 4358 752 4396 curae
771 4345 927 4405 sunt,
943 4355 1104 4411 spem
1125 4337 1304 4392 divini
1327 4337 1549 4390 fructus
1567 4340 1622 4390 et
1642 4335 1995 4391 inveniendae
2015 4353 2113 4392 ve-

472 4431 660 4485 ritatis
682 4430 1008 4486 ostendam.
1042 4428 1220 4482 Nemo
1239 4425 1468 4479 dubitat
1489 4441 1622 4479 eum
1646 4426 1745 4495 qui
1762 4442 1956 4480 veram
1978 4426 2112 4481 reli-

469 4519 701 4590 gionem
726 4518 991 4590 requirit,
1022 4516 1264 4585 autjam
1307 4514 1540 4568 credere
1563 4512 1952 4569 immortalem
1985 4533 2112 4572 esse

469 4608 729 4663 animam
752 4607 844 4662 cui
869 4607 1052 4678 prosit
1072 4604 1174 4659 illa
1190 4601 1411 4673 religio,
1444 4606 1544 4656 aut
1566 4602 1742 4657 etiam
1770 4603 2026 4674 idipsum
2051 4605 2108 4659 in

467 4698 669 4752 eadem
694 4695 970 4768 religione
999 4693 1146 4750 velle
1178 4692 1455 4746 invenire.
1487 4691 1903 4762 Animaeigitur
1932 4709 2109 4748 causa

465 4785 656 4841 omnis
679 4785 909 4857 religio:
929 4801 1063 4839 nam
1087 4781 1346 4852 corporis
1373 4785 1579 4834 natura
1602 4797 1832 4851 quoque
1851 4782 2023 4836 modo
2045 4799 2107 4838 se

465 4874 691 4940 habeat,
725 4875 948 4930 nullam
980 4888 1182 4928 curam
1214 4886 1279 4924 ac
1323 4867 1782 4924 sollicitudinem
1820 4869 2000 4924 iucuti
2028 4871 2101 4939 ei,

459 4965 782 5035 praesertim
814 4968 945 5036 post
976 4965 1246 5026 mortem,
1280 4959 1449 5028 cujus
1478 4959 1674 5012 anima
1704 4959 1958 5014 tenuerit
1988 4977 2101 5031 quo

459 5053 629 5108 beata
653 5055 750 5108 sit.
782 5053 1002 5107 Animae
1035 5049 1213 5121 igitur
1233 5064 1412 5102 causa
1435 5046 1521 5101 vel
1545 5045 1725 5101 solius
1748 5046 1832 5101 vel
1853 5048 2101 5104 maxime

459 5158 610 5209 vera,
631 5144 681 5198 si
707 5159 823 5214 qua
851 5147 960 5210 est,
994 5138 1195 5194 relinio
1223 5136 1542 5192 constituta
1571 5140 1678 5190 est.
1724 5135 1850 5191 Haec
1899 5143 2094 5193 autem

458 5232 676 5298 anima,
707 5232 903 5286 videro
935 5245 1109 5301 quam
1145 5227 1215 5282 ob
1247 5242 1507 5289 causam,
1533 5230 1587 5279 et
1609 5225 2094 5281 obscurissimum

455 5337 585 5374 esse
607 5321 902 5386 confiteor,
928 5322 1082 5373 errat
1103 5321 1294 5371 tamen
1319 5330 1382 5368 ac
1401 5313 1584 5368 stulta
1600 5318 1782 5383 est,ut
1805 5314 2091 5383 videmus,

454 5410 636 5464 donec
649 5410 1008 5481 adipiscatur
1026 5405 1414 5480 percipiatque
1432 5403 1864 5474 sapientiam,et
1890 5405 2093 5459 fortas-

453 5498 768 5570 seipsaest
799 5515 930 5554 vera
965 5497 1184 5568 religio.
1223 5498 1373 5547 Num
1411 5497 1462 5546 te
1499 5493 1570 5546 ad
1609 5492 1834 5547 fabulas
1871 5494 2038 5548 mitto
2064 5493 2091 5548 ?

447 5601 588 5642 num
614 5588 836 5659 aliquid
859 5603 1000 5658 cogo
1029 5591 1084 5640 te
1113 5591 1327 5639 temere
1359 5582 1590 5636 credere
1611 5581 1637 5635 ‘2
1668 5582 1938 5636 Animam
1984 5599 2086 5638 no-

442 5681 626 5731 stram
651 5678 778 5732 dico
800 5694 991 5732 errore
1011 5693 1076 5731 ac
1100 5671 1344 5730 stultitia
1363 5670 1645 5725 irretitam
1667 5672 2083 5736 etdemersam,

439 5765 612 5832 viam,
638 5765 686 5820 si
711 5784 826 5838 qua
845 5773 953 5832 est,
979 5779 1237 5838 quaerere
1265 5759 1544 5816 veritatis.
1569 5759 1626 5813 Si
1648 5759 1755 5814 hoc
1781 5759 1836 5813 in
1863 5765 1918 5815 te
1966 5777 2082 5815 non

437 5857 544 5928 est,
569 5855 642 5912 da
661 5857 911 5931 veniam,
926 5861 983 5912 et
1000 5854 1347 5928 participare
1370 5865 1620 5920 mecum,
1641 5865 1836 5919 quaeso
1851 5849 2079 5921 sapien-

1403 509 1506 568 DE
1551 509 1973 570 UTlLI'I‘A'l‘E
2019 508 2437 584 CltEDENDl,
2486 509 2549 569 S.
2597 508 3027 570 AUGUSTlNI

3829 511 3911 571 76

2254 643 2394 697 tiam
2427 647 2586 696 tuam
2617 658 2628 695 :
2664 642 2752 697 sin
2788 642 2843 696 id
2877 642 3029 712 quod
3065 639 3193 696 dico
3217 640 3558 712 agnoscisin
3591 644 3668 708 te,
3703 641 3908 709 simul,

2254 732 2512 798 obsecro,
2547 749 2878 802 Qumramus
2914 748 3135 785 verum.

2325 822 2409 874 15.
2447 821 2589 874 Puta
2621 838 2725 875 nos
2757 821 2948 875 adhuc
2980 819 3273 874 neminem
3307 821 3543 876 audisse
3565 823 3901 894 cujuspiam

2253 909 2547 979 religionis
2576 909 3016 964 insinuatorem.
3053 911 3192 964 Ecce
3227 926 3316 964 res
3348 927 3494 965 nova
3531 917 3619 965 est
3649 929 3682 966 a
3728 912 3902 968 nobis

2254 1000 2670 1070 negotiumque
2690 1004 3052 1071 susceptum.
3073 999 3374 1061 Quaerendi
3399 1004 3554 1065 sunt,
3577 1001 3770 1069 credo,
3797 1002 3902 1056 hu-

2243 1088 2344 1158 jus
2363 1088 2464 1155 rei,
2499 1088 2546 1144 si
2585 1088 2700 1142 ulla
2736 1091 2881 1154 est‘,
2916 1089 3293 1159 professores.
3335 1093 3440 1144 Fac
3469 1105 3576 1144 nos
3609 1090 3901 1160 reperisse

2252 1175 2397 1232 alios
2413 1178 2568 1231 aliud
2591 1178 2917 1248 opinantes.
2941 1181 2998 1231 et
3025 1177 3353 1231 diversitate
3379 1177 3720 1248 Opinionum
3742 1179 3812 1233 ad
3837 1195 3900 1235 se

2251 1283 2541 1338 quemque
2563 1266 2793 1322 trahere
2814 1266 3146 1337 cupientes;
3177 1266 3275 1320 sed
3308 1265 3458 1320 inter
3493 1266 3595 1321 hos
3617 1267 3900 1323 excellere

2251 1356 2417 1410 famae
2450 1356 2681 1410 interim
2713 1354 3039 1411 celebritate
3072 1355 3378 1426 quosdam,
3411 1359 3584 1426 atque
3629 1357 3899 1412 omnium

2251 1461 2397 1516 pene
2424 1445 2799 1516 occupatione
2823 1444 3193 1516 populorum.
3228 1443 3432 1498 Utrum
3462 1445 3557 1498 isti
3582 1461 3783 1500 verum
3809 1451 3900 1501 te-

2252 1539 2447 1601 neant,
2474 1551 2685 1605 magna
2706 1534 2950 1604 questio
2974 1538 3092 1588 est:
3119 1534 3219 1588 sed
3246 1550 3436 1588 nonne
3457 1534 3618 1603 prius
3637 1540 3776 1589 sunt
3798 1551 3899 1590 ex-

2252 1623 2539 1694 plorandi,
2574 1628 2638 1677 ut
2668 1622 2948 1694 quamdiu
2981 1637 3267 1688 erramus,
3290 1622 3334 1675 si
3363 1622 3600 1692 quidem
3626 1623 3897 1680 homines

2251 1728 2478 1775 sumus,
2504 1727 2634 1765 cum
2661 1711 2786 1782 ipso
2808 1726 3012 1781 genere
3038 1709 3294 1764 humano
3313 1726 3503 1765 errare
3543 1710 3894 1766 videamur?

2322 1801 2406 1854 16.
2431 1803 2502 1854 At
2518 1800 2673 1854 enim
2697 1801 2849 1872 apud
2877 1816 3089 1871 paucos
3111 1799 3393 1870 quosdam
3418 1804 3507 1854 est
3525 1800 3893 1856 veritas.Scis

2249 1905 2384 1960 ergo
2402 1890 2524 1959 jam
2547 1907 2673 1960 quas
2695 1891 2790 1956 sit,
2813 1889 2860 1943 si
2883 1889 2996 1943 scis
3017 1889 3190 1957 apud,
3212 1904 3358 1959 quos
3377 1888 3472 1943 sit.
3494 1889 3697 1944 Nonne
3727 1891 3893 1945 dixe-

2248 1995 2370 2032 ram
2397 1978 2568 2050 paulo
2593 1984 2743 2044 ante,
2767 1983 2830 2032 ut
2851 1977 3018 2049 quasi
3042 1978 3214 2032 rudes
3238 1993 3635 2048 quaereremus
3657 1981 3678 2032 Ρ
3701 1979 3812 2034 Sed
3839 1980 3890 2034 si

2247 2083 2314 2120 ex
2346 2068 2473 2137 ipsa
2500 2067 2554 2121 vi
2592 2067 2851 2121 veritatis
2895 2082 3112 2137 paucos
3158 2082 3286 2120 eam
3330 2071 3527 2121 tenere
3571 2068 3889 2137 conjectas,

2246 2157 2344 2226 qui
2368 2172 2499 2210 vero
2523 2156 2658 2222 sint,
2689 2157 2913 2219 nescis;
2941 2155 3077 2225 quid
3102 2155 3149 2210 si
3174 2155 3255 2209 ita
3279 2156 3447 2226 pauci
3481 2161 3618 2210 sunt
3655 2158 3751 2228 qui
3788 2174 3892 2213 ve-

2245 2263 2372 2299 rum
2391 2245 3031 2310 sciunt,utauctoritate
3044 2260 3149 2299 sua
3169 2244 3606 2299 multitudinem
3624 2250 3888 2314 teneant,

2244 2335 2397 2389 unde
2415 2335 2544 2389 sein
2561 2334 2658 2389 illa
2680 2338 2900 2388 secreta
2918 2333 3185 2404 expedire
3208 2339 3263 2388 et
3282 2333 3450 2404 quasi
3471 2333 3729 2405 eliquare
3748 2352 3893 2406 pau~

2243 2424 2385 2478 citas
2419 2422 2645 2494 possit?
2677 2423 2878 2477 Nonne
2909 2423 3170 2476 videmus
3201 2439 3377 2492 quam
3405 2424 3888 2492 paucisummam

2240 2511 2628 2583 eloquentiam
2641 2528 2744 2568 con
2755 2516 3227 2582 sequantur,cum
3245 2513 3540 2581 pertotum
3553 2512 3750 2565 orbem
3765 2512 3891 2566 rhea

2239 2607 2432 2656 torum
2453 2601 2662 2657 schola;
2689 2600 3144 2656 adolescentium
3177 2600 3451 2670 gregibus
3482 2601 3891 2671 perstrepant?

2239 2692 2676 2761 Numquidnam
2710 2689 3110 2760 imperitorum
3139 2688 3429 2758 perterriti
3483 2689 3884 2760 multitudine,

2237 2781 2592 2850 quicumque
2607 2779 2739 2834 boni
2768 2784 3023 2833 oratores
3055 2778 3293 2831 evadere
3319 2778 3539 2841 volunt,
3574 2777 3883 2834 Czeciliisi-

2236 2870 2294 2922 bi
2315 2869 2532 2939 potius,
2553 2873 2652 2922 aut
2666 2867 2853 2922 Erucii
2871 2867 3251 2930 orationibus,
3283 2883 3459 2937 quam
3473 2866 3755 2922 Tullianis
3775 2885 3882 2923 na-

2238 2957 2487 3012 vandam
2515 2973 2749 3028 operam
2780 2955 3153 3010 existimant?
3183 2959 3314 3008 Haec
3341 2960 3624 3025 appetunt
3652 2973 3880 3024 omnes,

2235 3063 2360 3116 ῳιω
2376 3049 2663 3116 majorum
2679 3045 3016 3100 auctoritate
3032 3045 3260 3098 firmata
3274 3050 3430 3098 sunt.
3449 3045 3660 3099 Eadem
3687 3045 3878 3117 impe-

2233 3135 2477 3190 ritorum
2498 3136 2677 3190 turba:
2692 3136 2914 3190 discere
2934 3134 3406 3204 moliuntur,quae
3419 3151 3452 3188 a
3467 3134 3668 3204 paucis
3687 3135 3880 3191 doctis

2233 3224 2512 3280 discenda
2525 3229 2751 3296 recepta
2769 3227 2908 3278 sunt
2928 3228 3345 3294 :assequuntur
3361 3227 3556 3279 autem
3576 3224 3878 3295 perpauci,

2232 3319 2415 3386 agunt
2442 3314 2763 3384 pauciores,
2785 3313 3114 3368 clarescunt
3134 3311 3674 3383 paucissimi.Quid,
3694 3312 3742 3366 si
3763 3312 3882 3368 tale

2232 3402 2507 3473 quiddam
2537 3408 2623 3458 est
2642 3419 2774 3457 vera
2797 3401 3042 3474 religio?
3065 3401 3237 3468 Quid,
3256 3401 3304 3454 si
3350 3400 3664 3456 multitudo
3692 3401 3882 3472 impe-

2233 3494 2477 3548 ritorum
2497 3493 2829 3564 frequentat
2845 3491 3141 3557 ecclesias,
3164 3492 3264 3545 sed
3301 3490 3527 3545 nullum
3561 3508 3881 3563 argumen-

2234 3587 2358 3636 tum
2373 3582 2613 3646 est,ideo
2628 3582 2918 3636 neminem
2941 3579 3056 3634 illis
3070 3579 3733 3651 mysteriisfactumesse
3747 3596 3883 3650 per-

2234 3671 2774 3726 fectum?Ettamen
2795 3670 2842 3726 si
2859 3677 2976 3725 tam
2994 3669 3162 3741 pauci
3178 3669 3484 3723 studerent
3514 3667 3884 3739 eloquentiae,

2234 3778 2408 3827 quam
2435 3762 2602 3832 pauci
2627 3760 3139 3830 sunteloqueutes,
3157 3773 3458 3827 nunquam
3479 3774 3584 3812 nos
3607 3763 3886 3828 parentes

2231 3850 2414 3905 nostri
2449 3850 2747 3921 magistris
2777 3847 2992 3902 talibus
3024 3846 3520 3901 commendandos
3572 3852 3878 3915 putarent.

2230 3939 2373 3994 Cum
2397 3939 2577 4010 igitur
2605 3940 2675 3992 ad
2701 3938 2820 3993 haec
2841 3937 3034 3992 studia
3057 3953 3159 3990 nos
3179 3934 3495 3989 multitudo
3520 3933 3876 4004 invitaverit,

2229 4045 2358 4099 quae
2379 4028 2780 4098 imperitorum
2811 4031 2971 4096 parte
2994 4024 3225 4095 cepiosa
3243 4029 3350 4092 est,
3372 4028 3436 4076 ut
3454 4023 3509 4076 id
3530 4023 3682 4094 quod
3703 4026 3879 4094 pauci

2228 4117 2468 4188 adipisci
2491 4121 2737 4187 possunt
2755 4115 3164 4169 adamaremus
3188 4131 3199 4179 ;
3225 4130 3329 4167 cur
3346 4111 3515 4166 nobis
3535 4127 3661 4166 esse
3705 4113 3877 4168 simi—

2225 4205 2337 4261 lem
2360 4206 2415 4259 in
2437 4204 2710 4275 religione
2729 4202 3004 4258 nolumus
3022 4218 3281 4267 causam,
3303 4217 3476 4271 quam
3503 4216 3634 4255 cum
3656 4217 3875 4273 magna

2226 4295 2433 4350 animae
2464 4293 2804 4348 discrimine
2838 4295 3079 4347 fortasse
3115 4289 3592 4346 contemnimus?
3622 4289 3676 4343 Si
3708 4292 3870 4346 enim

2223 4383 2562 4438 verissimus
2593 4388 2648 4437 et
2676 4381 3112 4437 sincerissimus
3139 4380 3232 4434 Uei
3257 4379 3475 4444 cultus,
3499 4379 3763 4449 quamvis
3791 4382 3874 4435 sit

2222 4474 2371 4542 apud
2390 4489 2626 4543 paucos,
2653 4473 2806 4541 apud
2828 4488 2924 4525 eos
2952 4477 3142 4524 tamen
3173 4473 3260 4523 est
3287 4468 3505 4539 quibus
3524 4467 3868 4537 multitudo,

2219 4577 2558 4632 quanquam
2573 4559 2992 4631 cupiditatibus
3016 4559 3277 4613 involuta
3296 4562 3352 4612 et
3374 4575 3406 4611 a
3433 4557 3684 4628 puritate
3701 4557 3872 4614 intel-

2219 4650 2467 4722 ligentia:
2501 4656 2739 4714 remota,
2769 4648 3092 4714 consentit;
3141 4648 3296 4717 quod
3344 4645 3468 4702 fieri
3516 4663 3686 4718 posse
3731 4649 3868 4718 quis

2216 4739 2490 4794 dubitet?
2522 4756 2734 4808 quaero,
2762 4738 2808 4793 si
2834 4739 2969 4809 quis
2993 4737 3386 4792 temeritatem
3414 4736 3867 4808 vecordiamque

2215 4833 2472 4882 nostram
2506 4832 2733 4898 arguat,
2754 4827 2906 4897 quod
2932 4843 3044 4881 non
3063 4826 3214 4897 apud
3238 4813 3368 4895 ejus
3399 4824 3713 4895 magistros
3732 4842 3863 4881 eam

2213 4916 3148 4988 diligenterinvestigamus,eujus
3165 4913 3526 4968 inveniendis
3547 4913 3717 4968 nobis
3736 4931 3860 4970 ma-

2209 5022 2325 5077 gna
2354 5022 2494 5060 cura
2524 5005 2692 5070 inest,
2728 5005 2864 5076 quid
2901 5004 3252 5076 respondere
3285 5003 3628 5073 possimus?
3663 5003 3859 5059 Deter-

2209 5094 2760 5150 ruitmemultitudo
2778 5094 2803 5147 δῖ
2822 5094 2935 5147 Cur
2953 5094 3023 5147 ab
3042 5091 3237 5147 studio
3257 5092 3473 5146 artium
3497 5090 3856 5159 liberalium,

2206 5184 2300 5237 vix
2321 5183 2456 5237 huic
2471 5182 2739 5254 praesenti
2757 5181 2882 5236 vitae
2901 5181 3120 5252 aliquid
3141 5180 3432 5236 commodi
3449 5180 3851 5249 aﬂ‘erentium;

2203 5289 2306 5327 cur
2319 5274 2389 5327 ab
2411 5271 2757 5342 inquirenda
2778 5271 3057 5342 pecunia;
3082 5287 3184 5325 cur
3201 5271 3271 5324 ab
3295 5270 3510 5324 honore
3524 5269 3851 5340 adipiscen-

2202 5363 2308 5428 do;
2343 5378 2447 5416 cur
2477 5363 2728 5432 denique
2762 5377 2794 5415 a
2824 5361 3218 5432 comparanda
3254 5363 3310 5413 et
3343 5357 3650 5413 retinenda
3700 5360 3849 5416 bona

2200 5451 2552 5517 valetudine,
2571 5455 2864 5521 postremo
2884 5466 2987 5504 cur
3019 5450 3089 5503 ab
3120 5448 3250 5519 ipsa
3278 5447 3456 5501 beatae
3481 5446 3607 5500 vitae
3631 5449 3850 5520 appeti-

2197 5542 2384 5606 tione;
2410 5556 2542 5593 cum
2575 5539 2669 5593 his
2701 5554 2902 5592 omnes
2931 5541 3307 5608 occupentur,
3344 5534 3513 5606 pauci
3537 5537 3842 5604 excellant,

2196 5628 2358 5684 nulla
2388 5628 2672 5683 deterruit
2711 5627 3026 5681 multitudo
3049 5627 3075 5679 ?

2256 5855 2270 5889 ι
2307 5852 2425 5903 Sola
2453 5849 2614 5901 editio
2643 5849 3077 5912 Lovaniensium,
3107 5849 3152 5899 si
3179 5848 3323 5906 nulla
3354 5849 3444 5899 est.
3477 5847 3758 5904 Mendose.
