4012 6514
155 624 216 680 77
1560 620 1793 680 LIBER
1837 617 2070 680 UNUS.

211 754 284 807 17.
314 753 379 806 At
407 749 660 806 absurda
691 749 771 806 ibi
805 750 917 806 dici
948 752 1312 808 videbantur.
1347 753 1570 819 Quibus
1600 770 1751 809 asse-

150 840 416 899 rentibus?
446 840 661 910 Nempe
694 839 968 910 inimicis,
990 842 1246 912 qualibet
1278 859 1472 908 causa,
1494 842 1754 914 qualibet

149 931 359 996 ratione,
393 946 500 984 non
534 929 691 984 enim
725 929 830 984 hoc
875 947 1030 985 nunc
1081 931 1384 1002 quaeritur,
1416 936 1610 987 tamen
1640 931 1750 986 ini-

147 1019 299 1074 micis.
343 1020 474 1073 Cum
528 1016 801 1089 legerem,
854 1035 956 1089 per
987 1035 1078 1074 me
1108 1019 1233 1091 ipse
1283 1020 1544 1091 cognovi.
1596 1023 1752 1075 Itane

146 1107 260 1164 est?
299 1106 460 1161 Nulla
509 1107 773 1161 imbutus
824 1107 1047 1178 poetica
1097 1107 1405 1179 disciplina
1449 1109 1751 1164 Terentia-

148 1213 263 1251 num
294 1197 549 1250 Maurum
602 1195 726 1251 sine
777 1198 1058 1267 magistro
1090 1198 1375 1268 attingere
1426 1215 1539 1252 non
1575 1198 1748 1252 aude-

144 1300 254 1349 res;
285 1287 473 1354 Asper,
525 1287 834 1350 Cornutus,
867 1285 1127 1340 Donatus
1176 1291 1233 1340 et
1263 1286 1359 1340 alii
1411 1286 1750 1342 innumera-

145 1373 266 1428 biles
295 1373 682 1443 requiruntur,
705 1377 769 1426 ut
801 1372 1047 1444 quilibet
1077 1378 1242 1444 poeta
1265 1374 1452 1446 possit
1480 1374 1747 1445 intelligi,

141 1462 283 1530 cujus
313 1460 565 1516 carmina
588 1465 644 1515 et
666 1461 874 1515 theatri
909 1460 1150 1532 plausus
1185 1462 1456 1518 videntur
1477 1470 1708 1534 captare
1733 1480 1746 1517 :

141 1557 189 1604 tu
216 1549 266 1603 in
294 1565 384 1605 eos
432 1549 659 1616 Libros,
695 1549 792 1620 qui
849 1567 1086 1622 quoquo
1141 1551 1311 1607 modo
1361 1569 1422 1607 se
1475 1552 1747 1622 habeant,

136 1638 294 1694 sancti
324 1642 510 1692 tamen
539 1639 989 1710 divinarumque
1022 1657 1215 1694 rerum
1251 1639 1426 1710 pleni,
1454 1658 1629 1712 prope
1660 1646 1745 1696 to-

138 1728 237 1781 tius
263 1727 478 1796 generis
509 1726 753 1781 humani
786 1727 1151 1782 confessione
1185 1729 1586 1796 dilfamantur,
1623 1730 1748 1784 sine

134 1816 255 1870 duce
284 1815 468 1880 irruis,
503 1820 559 1869 et
592 1816 661 1868 de
693 1815 784 1870 his
814 1816 939 1870 sine
981 1821 1324 1886 prazceptore
1385 1819 1569 1873 audes
1602 1819 1748 1874 ferre

133 1903 448 1958 sententiam
477 1922 490 1970 ;
530 1919 632 1958 nec
665 1903 711 1958 si
737 1903 837 1958 tibi
871 1904 1066 1974 aliqua
1097 1910 1411 1960 occurrunt
1441 1924 1568 1977 qum
1596 1907 1748 1961 vide-

131 1997 284 2045 antur
331 1993 604 2056 absurda,
655 1993 986 2047 tarditatem
1035 1997 1197 2048 tuam
1255 1999 1310 2049 et
1355 1997 1744 2065 putrefactum

129 2080 226 2134 tale
253 2080 420 2151 hujus
453 2081 658 2135 mundi
691 2082 975 2148 animum,
1011 2083 1200 2152 qualis
1240 2083 1503 2138 omnium
1535 2083 1743 2139 stulto-

130 2185 240 2223 rum
272 2173 373 2235 est,
408 2186 651 2224 accusas
701 2171 913 2240 potius,
947 2188 1121 2238 quam
1154 2189 1251 2226 eos
1283 2173 1382 2242 qui
1436 2174 1680 2228 fortasse
1712 2191 1746 2228 a

125 2257 318 2313 talibus
349 2259 594 2330 intelligi
620 2258 948 2330 nequeunt!
984 2263 1274 2323 Quaereres
1295 2260 1547 2332 aliquem
1582 2263 1742 2333 pium

125 2346 280 2400 simul
312 2355 366 2400 et
389 2348 650 2413 doctum,
684 2347 769 2402 vel
800 2349 898 2418 qui
926 2348 1057 2403 talis
1089 2365 1216 2403 esse
1265 2349 1467 2404 multis
1498 2367 1744 2406 consen-

121 2434 378 2490 tientibus
425 2436 742 2504 diceretur,
777 2437 947 2506 cujus
996 2440 1054 2491 et
1085 2438 1389 2508 praeceptis
1443 2439 1647 2494 melior
1684 2443 1741 2495 et

120 2523 357 2578 doctrina
403 2525 648 2596 peritior
692 2526 878 2579 ﬁeres.
914 2525 1036 2580 Non
1089 2526 1251 2580 facile
1303 2527 1744 2598 reperiebatur?

116 2613 239 2666 Cum
273 2613 949 2685 laboreinvestigaretur.
971 2619 1175 2669 Deerat
1206 2615 1263 2669 in
1298 2631 1364 2670 ea
1385 2619 1536 2670 terra
1562 2633 1740 2687 quam

115 2700 385 2756 incolebas
407 2703 434 2756 ‘I
466 2703 606 2765 Quae
637 2719 812 2756 causa
843 2702 1045 2757 utilius
1079 2709 1306 2773 cogeret
1338 2705 1742 2775 peregrinari?

109 2787 163 2843 In
193 2790 503 2846 continenti
541 2808 782 2862 prorsus
814 2790 1049 2861 latebat,
1085 2797 1186 2846 aut
1218 2810 1331 2846 non
1365 2799 1485 2848 erat
1511 2793 1537 2846 ?
1571 2795 1738 2848 Navi-

108 2883 340 2946 garetur.
377 2880 433 2934 Si
468 2881 530 2934 in
580 2880 903 2950 propinquo
936 2884 1096 2934 trans
1148 2897 1304 2936 mare
1337 2899 1448 2936 non
1483 2881 1737 2937 invenie-

105 2966 277 3032 batur,
310 2970 749 3040 progredereris
781 2985 965 3039 usque
1010 2970 1080 3024 ad
1116 2969 1244 3025 illas
1278 2975 1482 3040 terras,
1517 2970 1573 3024 in
1608 2972 1737 3042 qui-

103 3055 201 3110 bus
229 3073 292 3112 ea
322 3074 452 3129 quae
487 3058 603 3112 illis
649 3057 838 3113 Libris
869 3058 1259 3125 continentur,
1294 3065 1456 3130 gesta
1487 3076 1614 3115 esse
1646 3060 1738 3114 di-

103 3150 318 3199 cuntur.
373 3146 524 3212 Quid
583 3146 696 3200 tale
747 3146 1013 3212 fecimus,
1047 3146 1389 3202 llonorate?
1421 3149 1488 3202 Et
1543 3153 1736 3203 tamen

103 3231 427 3303 religionem
495 3236 742 3290 fortasse
812 3236 1244 3292 sanctissimam
1315 3236 1527 3306 (adhuc
1581 3238 1736 3292 enim

104 3323 255 3392 quasi
291 3324 688 3378 dubitandum
723 3324 798 3379 sit
830 3325 1076 3396 loquor),
1112 3326 1276 3395 cujus
1327 3325 1520 3396 opinio
1549 3331 1735 3381 totum

96 3412 206 3480 jam
251 3418 544 3467 terrarum
600 3414 798 3468 orbem
847 3414 1168 3485 occupavit,
1212 3413 1521 3468 miserrimi
1575 3416 1737 3485 pueri

99 3514 190 3567 pro
221 3505 418 3554 nostro
466 3501 708 3556 arbitrio
732 3501 1072 3572 judicioque
1102 3501 1528 3556 damnavimus.
1563 3503 1732 3571 Quid,

95 3587 135 3640 si
169 3589 266 3642 illa
297 3607 426 3659 quas
459 3589 777 3644 nonnullos
806 3591 1106 3661 imperitos
1138 3590 1196 3644 in
1221 3591 1440 3645 eisdem
1473 3590 1735 3661 Scriptu-

93 3675 163 3730 ris
191 3677 468 3732 videntur
517 3679 829 3747 offendere,
862 3695 927 3733 eo
961 3684 1102 3733 sunt
1154 3679 1231 3733 ita
1262 3679 1469 3750 posita,
1505 3685 1568 3733 ut
1599 3696 1732 3734 cum

88 3779 168 3819 res
217 3766 612 3822 abhorrentes
664 3784 697 3820 a
746 3783 920 3822 sensu
972 3766 1493 3838 qualiumcumque
1543 3766 1731 3822 homi-

87 3868 234 3917 num,
268 3855 494 3910 nedum
553 3855 931 3925 prudentium
964 3863 1137 3927 atque
1185 3861 1541 3920 sanctorum,
1580 3854 1732 3926 lege-

83 3946 289 4008 rentur,
326 3949 620 3999 secretam
676 3942 1158 4013 significationem
1195 3942 1380 3997 multo
1411 3942 1734 3998 studiosius

85 4045 477 4099 quaereremus
499 4033 527 4085 ‘I
559 4032 758 4086 Nonne
789 4031 998 4096 cernis,
1028 4036 1090 4086 ut
1128 4030 1477 4086 Catamitum
1513 4031 1732 4086 Bucoli-

81 4133 272 4174 corum
305 4122 344 4188 ί,
383 4121 480 4176 cui
519 4125 720 4192 pastor
749 4121 931 4175 durus
963 4120 1206 4186 effluxit,
1234 4124 1516 4174 conentur
1545 4119 1731 4175 homi-

82 4221 176 4260 nes
207 4209 615 4280 interpretari,
648 4214 704 4262 et
737 4208 959 4263 Alexim
997 4224 1273 4279 puerum,
1305 4208 1360 4261 in
1394 4224 1567 4278 quem
1599 4207 1731 4262 Pla-

80 4297 133 4348 to
163 4296 336 4351 etiam
373 4313 620 4352 carmen
656 4297 1000 4351 amatorium
1035 4296 1238 4351 fecisse
1270 4297 1503 4364 dicitur,
1538 4297 1732 4352 nescio

81 4385 211 4452 quid
254 4402 547 4456 magnum
602 4384 948 4455 significare,
992 4384 1526 4455 sed-imperitorum
1571 4385 1731 4454 judi-

79 4470 224 4525 cium
280 4473 490 4546 fugere
537 4474 873 4540 afﬁrment;
927 4489 1056 4526 cum
1107 4472 1228 4528 sine
1260 4471 1374 4526 ullo
1429 4473 1730 4544 sacrilegio

78 4566 236 4627 poeta
267 4562 617 4617 uberrimus
648 4560 826 4617 videri
859 4561 1042 4633 possit
1089 4560 1432 4616 libidinosas
1463 4561 1732 4616 cantiun-

77 4646 230 4703 culas
259 4651 529 4706 edidisse
556 4651 583 4704 ?

144 4739 226 4791 18.
259 4740 373 4793 Sed
409 4755 616 4793 revera
648 4737 952 4792 revocabat
983 4753 1087 4791 nos
1118 4740 1290 4807 atque
1321 4736 1664 4808 prohibebat
1698 4753 1732 4792 a

74 4828 403 4895 quaerendo,
431 4832 543 4882 aut
573 4826 826 4896 alicujus
857 4825 1003 4896 legis
1027 4825 1268 4891 sanctio,
1295 4829 1395 4879 aut
1426 4826 1734 4879 adversan-

72 4915 212 4968 tium
248 4915 551 4986 potentia,
586 4920 687 4968 aut
717 4920 1076 4969 sacratorum
1108 4913 1127 4946 ²
1173 4929 1418 4983 persona
1449 4912 1600 4978 vilis,
1634 4916 1735 4966 aut

73 5002 220 5056 fama
256 5005 484 5074 turpis,
521 5007 623 5057 aut
655 5002 1045 5056 institutionis
1077 5001 1324 5065 novitas,
1357 5006 1458 5055 aut
1507 5001 1735 5055 occulta

71 5092 356 5160 professio
380 5092 409 5146 ‘I
443 5090 606 5146 Nihil
658 5090 867 5145 horum
900 5094 1006 5145 est.
1060 5089 1269 5144 Omnia
1298 5089 1491 5144 divina
1540 5094 1595 5143 et
1625 5089 1731 5143 hu-

73 5194 240 5235 mana
266 5184 415 5250 jura
450 5180 807 5251 permittunt
837 5195 1094 5250 querere
1142 5177 1486 5233 catholicam
1521 5178 1732 5245 ﬁdem;

71 5273 260 5325 tenere
293 5275 512 5326 autem
543 5273 599 5324 et
630 5267 835 5337 colere,
869 5285 969 5340 per
999 5267 1324 5322 humanum
1359 5271 1510 5322 certe
1534 5267 1635 5337 jus
1665 5265 1734 5320 1i-

73 5362 176 5423 cet,
211 5359 259 5412 si
293 5359 371 5413 de
406 5357 618 5412 divino
650 5357 929 5426 quamdiu
964 5371 1247 5423 erramus,
1282 5355 1564 5410 incertum
1600 5360 1688 5410 est
1721 5372 1734 5411 :

71 5461 236 5502 nemo
270 5444 756 5502 imbecillitatem
777 5448 1036 5499 nostram
1061 5442 1740 5513 terretinimicus(quan-

72 5549 245 5603 quam
277 5535 516 5589 veritas
551 5536 722 5602 atque
746 5533 952 5587 anima?
981 5531 1140 5586 salus
1174 5531 1222 5586 si
1252 5530 1561 5602 diligenter
1592 5547 1742 5601 quaa-

71 5623 201 5690 sita,
241 5625 344 5680 ubi
403 5623 718 5677 tutissime
769 5621 921 5687 licet,
955 5621 1188 5676 inventa
1218 5636 1331 5674 non
1382 5619 1574 5687 fuerit,
1607 5635 1741 5674 cum

70 5714 271 5781 quovis
305 5711 672 5768 discrimine
724 5711 902 5781 quaeri
935 5709 1200 5780 debeat);
1252 5708 1514 5763 omnium
1549 5707 1744 5780 digni-

75 5804 254 5857 tatum
290 5806 352 5857 et
386 5804 759 5874 potestatum
790 5799 1029 5869 gradus,
1054 5797 1188 5852 huic
1221 5797 1415 5852 divino
1445 5795 1630 5852 cultui
1653 5799 1746 5852 de-

135 5908 344 5964 tEditi,
406 5905 731 5954 Calamilum
783 5902 1085 5951 Bucolicum.
1119 5902 1184 5952 At
1231 5905 1373 5959 Mam,
1431 5902 1745 5952 Calamilum

80 5968 464 6018 Bucolicorum.
521 5967 809 6016 Catamitus
840 5966 940 6023 hic,
975 5980 1078 6028 quo
1119 5966 1333 6028 nomine
1377 5978 1510 6026 puer
1538 5968 1748 6016 merito-

75 6034 180 6081 rius
235 6037 500 6088 vocatur,
556 6028 934 6092 intelligendus

79 6095 333 6153 Virgilius
366 6097 428 6145 in
462 6090 748 6150 Bucolicis,
778 6090 956 6153 Eclog.

138 6153 346 6210 "Unus
384 6155 754 6209 Michaelinus
791 6153 974 6214 codex,
1004 6153 1326 6204 sectatorum.

978 6029 1092 6138 ipse
1124 6027 1303 6078 Alexis
1349 6041 1499 6091 puer,
1532 6029 1596 6079 de
1640 6042 1746 6092 quo

3431 627 3511 687 78

1861 752 2160 807 votissime
2181 753 2548 821 inserviunt;
2581 753 3069 810 honestissimum
3093 759 3182 811 est
3211 755 3513 829 religionis

1864 857 2098 908 nomen,
2132 847 2188 896 et
2219 842 2761 912 praeclarissimum.
2797 845 2943 908 Quid
3000 844 3246 914 impedit
3277 846 3512 900 tandem

1865 931 2216 998 perscrutari
2251 935 2426 1001 atque
2448 931 2737 986 discutere
2767 933 2861 1002 pia
2891 938 2946 987 et
2968 932 3170 987 sedula
3198 932 3511 1005 investiga-

1863 1015 2040 1084 tione,
2077 1022 2272 1072 utrum
2306 1019 2399 1073 hic
2431 1020 2504 1073 sit
2535 1019 2678 1074 illud
2716 1021 2867 1090 quod
2913 1021 3307 1076 sincerissime
3339 1039 3512 1078 nosse

1863 1109 1919 1159 et
1949 1107 2241 1162 custodire
2274 1124 2488 1179 paucos
2542 1125 2775 1164 necesse
2823 1113 2930 1177 est,
2963 1109 3194 1164 etiamsi
3241 1110 3506 1166 omnium

1862 1191 1920 1248 in
1955 1193 2008 1248 id
2044 1195 2306 1266 gentium
2336 1196 2600 1252 voluntas
2635 1197 2907 1269 favorque
2939 1197 3284 1269 conspiret?

1936 1282 2021 1337 19.
2056 1287 2188 1349 Qure
2221 1301 2352 1339 cum
2387 1285 2467 1340 ita
2500 1287 2639 1352 sint,
2675 1288 2761 1341 fac
2793 1302 2921 1351 nos,
2946 1291 3008 1341 ut
3041 1285 3354 1354 dixi,nunc
3386 1287 3503 1359 pri-

1862 1386 2025 1425 mum
2085 1389 2338 1442 quaarere
2389 1375 2621 1429 cuinam
2674 1375 2936 1446 religioni
2992 1375 3222 1430 animas
3271 1382 3499 1432 nostras

1861 1461 2195 1530 purgandae
2228 1462 2756 1534 instaurandasque
2786 1464 3088 1518 tradamus
3116 1480 3129 1517 :
3161 1463 3357 1535 procul
3390 1466 3498 1520 du-

1860 1547 1953 1602 bio
1985 1565 2018 1603 a
2047 1548 2326 1604 catholica
2356 1550 2611 1606 Ecclesia
2632 1552 2983 1606 sumendum
3015 1551 3338 1606 exordium.
3364 1552 3499 1607 Plu-

1861 1653 1951 1691 res
1995 1638 2149 1691 enim
2176 1638 2299 1707 jam
2334 1638 2649 1693 Christiani
2700 1644 2858 1709 sunt,
2894 1657 3081 1710 quam
3117 1639 3166 1695 si
3211 1640 3398 1695 Judaei
3429 1640 3513 1696 si-

1861 1724 2256 1781 mulacrorum
2307 1727 2632 1782 cultoribus
2693 1729 3106 1799 adjunganlur.
3154 1728 3507 1786 Eorumdem

1861 1818 2055 1868 autem
2099 1814 2583 1885 Christianorum,
2637 1832 2771 1870 cum
2823 1816 2941 1870 sint
2989 1816 3236 1871 haereses
3285 1816 3505 1888 plures,

1862 1906 2040 1972 atque
2072 1919 2276 1958 omnes
2310 1920 2371 1959 se
2419 1904 2735 1960 catholicos
2784 1904 2967 1959 velint
3012 1903 3211 1972 videri,
3245 1904 3508 1976 aliosque

1858 1995 2068 2060 praeter
2098 2007 2158 2045 se
2193 1992 2492 2048 haereticos
2524 1993 2850 2056 nominent,
2873 2010 2992 2048 una
3020 1997 3108 2048 est
3139 1993 3414 2062 Ecclesia,
3439 1998 3506 2049 ut

1856 2094 2059 2134 omnes
2091 2082 2455 2146 concedunt;
2488 2081 2535 2136 si
2569 2086 2753 2136 totum
2789 2081 2988 2136 orbem
3020 2081 3371 2152 consideres,
3407 2099 3500 2137 re-

1855 2166 2053 2222 fertior
2092 2168 2500 2236 multitudine;
2537 2175 2597 2224 ut
2629 2174 2824 2225 autem
2875 2170 2974 2241 qui
3008 2176 3290 2225 noverunt
3339 2170 3500 2226 afﬁr-

1853 2260 2033 2322 mant,
2087 2256 2261 2311 etiam
2309 2257 2549 2313 veritate
2598 2259 2879 2314 sincerior
2925 2259 3143 2314 caeteris
3196 2259 3491 2316 omnibus.

1848 2346 1957 2399 Sed
1989 2345 2060 2400 de
2090 2344 2329 2401 veritate
2359 2347 2474 2402 alia
2505 2347 2746 2418 quasstio
2768 2350 2857 2401 est
2891 2363 2902 2400 :
2936 2348 3089 2418 quod
3121 2354 3316 2403 autem
3340 2365 3493 2419 quae-

1850 2432 2113 2490 rentibus
2145 2434 2285 2489 satis
2329 2440 2436 2500 est,
2469 2453 2587 2490 una
2634 2440 2723 2491 est
2752 2435 3064 2504 Catholica,
3098 2437 3190 2491 cui
3239 2437 3489 2494 haereses

1849 2521 1972 2576 aliae
2003 2523 2232 2577 diversa
2264 2524 2500 2579 nomina
2541 2526 2872 2596 imponunt,
2905 2541 3037 2579 cum
3071 2525 3207 2595 ipsae
3239 2527 3489 2598 singulas

1847 2611 2096 2681 propriis
2146 2612 2460 2678 vocabulis,
2496 2630 2621 2684 qua:
2669 2630 2878 2685 negare
2919 2630 3029 2670 non
3085 2615 3356 2681 audeant,
3393 2632 3489 2688 ap-

1849 2699 2153 2768 pellentur.
2187 2701 2261 2754 Ex
2305 2718 2419 2771 quo
2452 2701 2693 2773 intelligi
2741 2703 2932 2771 datur,
2960 2702 3361 2770 judicantibus
3395 2722 3486 2759 ar-

1848 2787 2012 2843 bitris
2053 2805 2198 2858 quos
2231 2788 2391 2844 nulla
2440 2789 2682 2860 impedit
2710 2791 2915 2861 gratia,
2952 2791 3044 2844 cui
3077 2790 3192 2846 sit‘
3246 2792 3486 2848 catholi-

1845 2892 1979 2930 cum
2012 2894 2243 2946 nomen,
2270 2879 2339 2932 ad
2364 2879 2517 2948 quod
2550 2895 2752 2933 omnes
2775 2879 3061 2948 ambiunt,
3091 2879 3486 2936 tribuendum.

1844 2965 1952 3019 Sed
1985 2981 2054 3019 ne
2087 2965 2141 3018 id
2176 2965 2587 3036 loquacissime
2614 2971 2716 3020 aut
2746 2967 3038 3038 superfluo
3062 2967 3352 3038 quispiam
3377 2969 3493 3026 dis-

1846 3055 2156 3109 serendum
2213 3059 2394 3126 putet,
2429 3073 2547 3109 una
2577 3060 2663 3109 est
2713 3061 2884 3122 certe,
2919 3054 2976 3109 in
3010 3072 3124 3126 qua
3155 3055 3294 3126 ipsa:
3345 3075 3487 3130 quo-

1845 3142 1977 3195 dam
2013 3142 2183 3196 modo
2217 3142 2388 3197 etiam
2445 3142 2714 3197 humanae
2768 3142 2922 3213 leges
2953 3143 3279 3198 Christianae
3327 3151 3486 3202 sunt.

1843 3229 2080 3284 Nullum
2113 3247 2216 3301 ego
2249 3231 2383 3285 hinc
2419 3232 2820 3302 praajudicium
2856 3232 2977 3286 fieri
3011 3232 3160 3300 volo,
3197 3234 3296 3288 sed
3327 3250 3488 3289 exor-

1841 3320 2000 3373 dium
2035 3321 2325 3390 quaerendi
2352 3321 3146 3391 opportunissimumjudico.
3175 3322 3294 3377 Non
3327 3323 3484 3379 enim

1844 3408 2221 3462 metuendum
2253 3414 2339 3463 est
2385 3425 2454 3464 ne
2485 3425 2654 3463 verus
2688 3409 2785 3462 Dei
2819 3409 3012 3463 cultus
3045 3409 3201 3464 nullo
3252 3412 3483 3481 proprio

1842 3495 2043 3549 robore
2075 3496 2330 3560 innixus,
2356 3497 2426 3550 ab
2458 3497 2541 3551 eis
2575 3514 2719 3567 quos
2752 3496 2954 3551 tulcire
2977 3498 3199 3566 debeat,
3234 3497 3484 3555 fulcien-

1839 3583 1950 3637 dus
1997 3600 2123 3638 esse
2171 3584 2478 3639 videatur:
2531 3585 2630 3639 sed
2681 3591 2832 3638 certe
2876 3585 3138 3656 perfecta
3190 3584 3482 3642 felicitatis

1839 3675 1945 3737 est,
1982 3672 2029 3726 si
2062 3673 2312 3743 potuerit
2334 3673 2412 3726 ibi
2448 3689 2645 3727 verum
2671 3673 2936 3742 inveniri,
2969 3672 3064 3727 ubi
3096 3677 3151 3728 et
3178 3673 3482 3745 inquisitio

1838 3760 1965 3830 ejus
1996 3765 2052 3815 et
2075 3760 2313 3816 retentio
2365 3762 2771 3817 securrissima
2801 3765 2890 3816 est
2922 3778 2934 3815 :
2967 3762 3013 3816 si
3047 3778 3161 3817 non
3208 3763 3480 3835 potuerit,

1839 3853 1963 3904 tum
1997 3850 2232 3903 demum
2268 3849 2402 3916 alio,
2437 3866 2808 3921 quocumque
2837 3849 3116 3921 periculo,
3148 3851 3482 3908 adeundum

1837 3942 2003 4008 atque
2033 3938 2390 3992 rimandum.
3432 3975 3448 3990 χ

1908 4026 2136 4082 CAPUT
2167 4026 2316 4081 VIII.
2344 4057 2410 4067 --
2444 4027 2532 4080 20.
2566 4026 2682 4094 Qua
2701 4028 3038 4097 Augustinus
3060 4029 3150 4083 via
3178 4031 3382 4083 venerit
3411 4044 3442 4083 a

1834 4115 2161 4169 catholicam
2205 4115 2548 4183 religionem.
2584 4114 2684 4171 His
2731 4115 2911 4185 igitur
2941 4116 3298 4182 constitutis,
3330 4134 3479 4188 quea,

1836 4208 1902 4258 ut
1932 4203 2158 4274 opinor,
2183 4203 2262 4257 ita
2287 4204 2450 4272 justa
2476 4208 2633 4270 sunt,
2665 4209 2730 4258 ut
2750 4205 3008 4260 obtinere
3037 4205 3190 4275 apud
3222 4208 3276 4259 te
3307 4205 3480 4260 istam

1835 4308 2072 4346 causam
2105 4291 2311 4362 quovis
2353 4291 2685 4347 adversario
2740 4292 3005 4359 debeam,
3037 4293 3204 4347 edam
3255 4293 3382 4361 tibi,
3417 4297 3482 4348 ut

1836 4398 2096 4452 possum,
2123 4381 2451 4451 cujusmodi
2484 4381 2634 4435 viam
2664 4398 2806 4436 usus
2839 4380 3068 4448 merim,
3093 4397 3225 4435 cum
3257 4398 3322 4436 eo
3350 4381 3477 4436 ani-

1835 4487 1930 4524 mo
1962 4485 2277 4540 quaererem
2305 4485 2497 4523 veram
2530 4468 2888 4541 religionem,
2915 4485 3028 4540 quo
3050 4487 3204 4524 nunc
3234 4470 3477 4541 exposui

1834 4573 1963 4613 esse
1994 4559 2384 4629 quaerendam.
2431 4557 2503 4612 Ut
2532 4558 2687 4612 enim
2718 4575 2752 4612 a
2780 4558 2943 4613 vobis
2989 4562 3150 4613 trans
3183 4575 3342 4612 mare
3373 4560 3474 4614 ab-

1836 4648 2005 4712 cessi,
2030 4649 2154 4716 jam
2188 4646 2631 4701 cunctabundus
2663 4651 2836 4716 atque
2867 4646 3161 4715 haesitans,
3197 4647 3332 4718 quid
3369 4647 3508 4719 mig

1836 4735 1895 4790 hi
1933 4736 2270 4804 tenendum,
2305 4734 2444 4805 quid
2494 4735 2906 4790 dimittendum
2941 4740 3094 4790 esset
3123 4752 3135 4790 :
3166 4752 3291 4806 quae
3329 4735 3473 4790 mihi

1837 4825 2127 4879 cunctatio
2163 4825 2220 4878 in
2252 4824 2375 4878 dies
2415 4824 2602 4894 major
2634 4824 3019 4890 oboriebatur,
3051 4841 3119 4879 ex
3162 4841 3276 4894 quo
3307 4825 3472 4880 illum

1835 4913 2135 4968 hominem
2168 4912 2268 4982 (α),
2304 4912 2472 4981 cujus
2518 4911 2686 4966 nobis
2730 4913 3033 4978 adventus,
3085 4917 3149 4966 ut
3178 4912 3352 4979 nosti,
3401 4912 3474 4967 ad

1835 5000 2179 5073 explicanda
2226 5000 2422 5055 omnia
2477 5017 2602 5071 quaa
2657 5017 2761 5056 nos
2812 5001 3140 5068 movebant,
3194 5001 3359 5071 quasi
3410 5001 3479 5056 de

1837 5090 1977 5146 coelo
2009 5089 2479 5161 promittebatur,
2504 5090 2696 5144 audivi
2729 5115 2742 5156 ς
2773 5105 3046 5160 eumque,
3071 5095 3309 5159 excepta
3337 5106 3478 5160 qua-

1838 5180 1968 5234 dam
2003 5178 2352 5249 eloquentia,
2388 5177 2563 5232 talem
2609 5177 2810 5250 quales
2842 5183 3077 5233 czeteros
3121 5194 3248 5233 esse
3277 5194 3483 5248 cogno-

1838 5268 1889 5322 vi
1929 5286 1940 5322 :
1976 5267 2258 5321 rationem
2294 5266 2417 5337 ipse
2454 5282 2683 5320 mecum
2716 5266 2891 5320 habui
2926 5282 3318 5338 magnamque
3348 5265 3485 5321 deli-

1840 5354 2196 5410 berationem
2227 5354 2347 5424 jam
2401 5354 2459 5408 in
2494 5354 2659 5410 Italia
2714 5355 3089 5419 constitutus,
3125 5371 3238 5409 non
3287 5359 3485 5410 utrum

1841 5459 2134 5499 manerem
2165 5443 2223 5498 in
2265 5443 2363 5497 illa
2397 5447 2574 5508 secta,
2609 5443 2666 5496 in
2720 5459 2894 5512 quam
2937 5459 3029 5497 me
3059 5443 3338 5498 incidisse
3368 5461 3486 5515 pce-

1848 5533 2093 5599 nitebat,
2142 5532 2241 5587 sed
2294 5548 2549 5601 quonam
2600 5532 2770 5585 modo
2822 5548 3020 5586 verum
3077 5532 3489 5587 inveniendum

1844 5625 2015 5686 esset,
2047 5621 2106 5674 in
2138 5622 2306 5690 cujus
2346 5635 2603 5674 amorem
2636 5617 2890 5690 suspiria
2944 5635 3075 5674 mea
3107 5619 3250 5674 nulli
3283 5620 3493 5677 melius

1846 5726 2020 5781 quam
2071 5709 2172 5764 tibi
2231 5712 2367 5763 nota
2425 5713 2581 5762 sunt.
2615 5707 2774 5778 Smpe
2832 5708 2978 5762 mihi
3023 5709 3327 5764 videbatur
3375 5725 3491 5764 non

1848 5814 2019 5870 posse
2093 5797 2355 5863 inveniri,
2418 5796 2736 5867 magnique
2812 5795 3026 5852 ﬂuctus
3083 5798 3497 5869 cogitationem

1853 5903 2116 5943 mearum
2145 5886 2206 5941 in
2236 5884 2717 5942 Academicorum
2751 5885 3097 5958 suffragium
3139 5886 3494 5944 ferebantur.

1919 6092 1934 6162 ξ
1969 6089 2225 6162 Nonnulli
2253 6089 2400 6149 Mss,
2420 6089 2579 6162 _q_uoc_l
2598 6091 2647 6162 ei
2671 6090 2755 6162 sit:

1918 6153 1987 6218 (a)
2019 6154 2292 6218 Faustum,
2325 6166 2390 6204 ex
2420 6152 2518 6204 lib.
2550 6155 2577 6206 5
2606 6153 2864 6216 Confusa,
2895 6165 3008 6220 cap.
3038 6155 3088 6209 6.
