4012 6490
173 330 243 392 81
1618 322 1854 390 LIBER
1895 326 2132 391 UNUS.

239 461 472 519 CAPUT
497 460 910 534 X.—25.Turpe
929 477 1040 519 non
1060 478 1175 519 esse
1192 462 1410 519 credere
1434 463 1491 518 in
1514 461 1804 532 religione.

173 554 392 608 Raliom'
415 553 788 624 percipiendae
818 554 1006 608 idonei
1010 554 1386 625 perpaucimia
1399 554 1471 607 ad
1490 553 1806 620 religionem

169 645 338 698 tutior
367 652 416 698 et
450 643 682 699 tenenda
713 644 778 698 ab
809 645 1078 708 omnibus,
1128 643 1278 714 ﬁdes.
1314 643 1421 697 Sed
1474 657 1626 696 nunc
1659 640 1805 708 vide,

167 733 419 802 inquies,
453 737 650 787 utrum
683 733 743 787 in
776 731 1054 804 religione
1087 733 1318 787 credere
1349 730 1805 787 debeamus.Ne-

167 837 276 891 que
307 821 460 876 enim
510 822 560 877 si
602 822 975 877 concedimus
1016 821 1173 876 aliud
1203 837 1330 876 esse
1363 821 1611 887 credere,
1645 818 1801 873 aliud

167 909 468 965 credulum
499 911 914 982 esse,sequitur
938 916 1000 965 ut
1023 910 1181 965 nulla
1197 909 1367 981 culpa
1388 909 1464 965 sit
1487 910 1543 963 in
1579 907 1801 979 religio-

165 998 336 1054 nibus
366 999 771 1065 credere.Quid
790 1000 1025 1067 enim,si
1057 1004 1112 1053 et
1144 1001 1376 1054 credere
1405 1002 1462 1052 et
1493 994 1792 1051 credulum

159 1104 282 1143 esse
297 1088 573 1144 vitiosum
593 1088 1201 1160 est,quemadmodum
1217 1092 1274 1142 et
1295 1087 1518 1141 ebrium
1543 1090 1597 1140 et
1613 1084 1794 1139 ebrio-

157 1194 284 1232 sum
317 1177 476 1232 esse?
505 1177 658 1248 quod
693 1177 790 1247 qui
823 1183 1041 1232 certum
1078 1174 1625 1244 existimat,nullum
1650 1173 1793 1228 mihi

156 1264 364 1320 habere
395 1282 567 1336 posse
598 1265 853 1320 amicum
886 1265 1199 1321 videtur.Si
1223 1265 1377 1319 enim
1399 1268 1567 1334 turpe
1591 1268 1678 1317 est
1695 1261 1794 1317 ali-

154 1354 288 1425 quid
321 1355 575 1420 credere,
611 1360 712 1408 aut
740 1353 987 1424 turpiter
1029 1354 1166 1409 facit
1208 1353 1306 1424 qui
1340 1355 1525 1408 amico
1583 1351 1784 1420 credit,

152 1446 246 1496 aut
274 1441 421 1497 nihil
445 1444 630 1498 amico
644 1444 886 1498 credens
905 1443 1196 1514 quomodo
1210 1442 1461 1497 amicum
1486 1440 1570 1495 vel
1590 1441 1784 1511 ipsum

149 1530 230 1588 vel
261 1546 323 1586 se
355 1530 608 1604 appellet
638 1549 753 1587 non
785 1531 970 1587 video.
1000 1533 1098 1586 Hic
1121 1532 1365 1586 fortasse
1395 1529 1554 1585 dicas
1589 1545 1601 1584 ;
1636 1529 1782 1585 Con-

145 1621 277 1677 cedo
296 1620 517 1693 aliquid
542 1620 854 1692 aliquando
877 1637 1006 1676 esse
1028 1617 1779 1690 credendum;nuncexpedi

141 1709 424 1780 quomodo
455 1709 514 1764 in
548 1710 826 1782 religione
856 1715 1024 1781 turpe
1056 1727 1168 1765 non
1203 1709 1279 1765 sit
1332 1708 1584 1772 credere,
1617 1709 1776 1762 ante-

140 1814 309 1868 quam
360 1799 530 1854 scire.
589 1799 842 1866 Faciam,
903 1800 951 1853 si
1009 1803 1228 1870 potero.
1291 1797 1570 1864 Quocirca
1627 1811 1694 1850 ex
1720 1800 1773 1850 te

136 1903 323 1957 quare
350 1888 491 1959 quid
514 1888 809 1944 existimes
829 1888 886 1941 in
910 1887 1170 1959 graviore
1185 1886 1359 1958 culpa
1375 1901 1522 1952 esse,
1539 1883 1769 1955 religio-

135 1991 260 2030 nem
290 1977 522 2032 tradere
554 1976 814 2049 indigno,
850 1994 921 2032 an
953 1977 1010 2030 id
1040 1977 1192 2048 quod
1226 1976 1298 2030 ab
1347 1975 1432 2030 eis
1479 1974 1574 2044 Qui
1608 1973 1768 2028 illam

136 2065 374 2119 tradunt
400 2066 895 2135 dicitur,credere.
917 2065 975 2120 Si
1008 2081 1183 2136 quem
1215 2065 1402 2119 dicam
1438 2063 1765 2134 indignum,

135 2169 240 2208 non
275 2153 558 2225 intelligis
593 2179 606 2219 ;
638 2172 772 2209 eum
806 2154 1070 2224 dico,qui
1104 2154 1236 2208 ﬁcto
1270 2158 1494 2221 pectore
1525 2151 1764 2207 accedit.

134 2240 435 2310 Concedis,
460 2248 522 2297 ut
551 2245 819 2313 arbitror,
855 2243 1041 2315 magis
1086 2242 1441 2314 culpandum
1487 2257 1634 2307 esse,
1667 2239 1770 2296 tali

134 2331 346 2386 homini
384 2332 641 2403 pandere
671 2331 720 2386 si
754 2349 866 2403 qua
906 2336 1044 2387 sunt
1074 2335 1275 2386 sancta
1317 2333 1555 2398 secreta,
1589 2345 1766 2402 quam

131 2420 378 2492 religiosi
401 2420 541 2476 viris
560 2421 629 2476 de
654 2423 781 2492 ipsa
804 2420 1081 2492 religione
1099 2419 1318 2491 aliquid
1335 2420 1766 2475 afﬁrmantibus

133 2510 376 2565 credere.
415 2510 620 2581 Neque
651 2511 805 2564 enim
838 2515 893 2565 te
924 2509 1079 2563 aliud
1115 2509 1456 2580 respondere
1487 2508 1762 2563 decuerit.

135 2596 310 2660 Quare
345 2615 504 2654 nunc
529 2599 614 2654 fac
647 2603 814 2670 putes
844 2615 975 2653 eum
1011 2599 1233 2664 adesse,
1271 2597 1368 2669 qui
1401 2597 1502 2651 tibi
1537 2596 1764 2669 religio-

132 2703 250 2742 nem
279 2688 349 2742 sit
376 2688 988 2758 traditurus:quonam
1015 2687 1185 2742 modo
1207 2686 1287 2740 illi
1311 2687 1482 2740 ﬁdem
1510 2687 1766 2742 facturus

133 2791 208 2840 es,
238 2792 370 2830 vero
403 2776 603 2830 animo
637 2781 690 2830 te
720 2776 1012 2842 accedere,
1034 2792 1219 2846 neque
1242 2774 1563 2846 quidquam
1600 2776 1656 2829 in
1689 2780 1763 2841 te,

129 2865 273 2935 quod
307 2866 376 2919 ad
413 2864 570 2919 hanc
600 2881 721 2919 rem
754 2864 982 2930 attinet,
1014 2864 1126 2919 doli
1160 2869 1336 2935 atque
1368 2863 1764 2920 simulationis

130 2967 247 3009 esse
268 2953 295 3007 ?
326 2953 514 3020 Dices,
549 2954 701 3008 bona
730 2958 830 3007 tua
861 2954 1216 3009 conscientia
1248 2952 1390 3007 nihil
1440 2958 1494 3008 te
1528 2953 1764 3024 ﬁngere,

124 3041 350 3112 quantis
385 3042 605 3112 poteris
638 3042 894 3113 idipsum
925 3058 1193 3097 asserens
1214 3042 1533 3107 verbis,sed
1567 3047 1762 3098 tamen

125 3130 325 3186 verbis.
360 3131 488 3186 Non
524 3131 682 3185 enim
717 3131 897 3185 animi
929 3130 1014 3184 tui
1047 3130 1318 3197 latebras,
1362 3129 1444 3185 ita
1468 3135 1530 3185 ut
1561 3130 1765 3188 intime

126 3218 349 3285 sciaris,
384 3218 564 3274 homo
605 3219 828 3274 homini
854 3220 1077 3290 aperire
1107 3218 1298 3291 possis
1333 3220 1449 3274 ‘.At
1480 3219 1575 3274 ille
1603 3219 1651 3274 si
1677 3219 1761 3274 di-

123 3307 283 3378 xerit,
319 3308 463 3362 Ecce
506 3307 678 3362 credo
712 3307 813 3362 tibi
848 3309 980 3373 ;sed
1035 3324 1224 3363 nonne
1281 3312 1369 3362 est
1423 3307 1645 3378 aequius
1703 3311 1766 3363 ut

124 3394 290 3449 etiam
325 3400 387 3450 tu
422 3396 628 3450 credas
661 3395 826 3463 mihi,
862 3413 994 3450 cum
1042 3400 1104 3450 tu
1152 3395 1522 3462 beneﬁcium,
1574 3395 1624 3450 si
1658 3395 1762 3451 ali-

123 3484 254 3554 quid
287 3485 403 3540 veri
438 3489 628 3554 teneo,
662 3502 743 3539 sis
776 3485 1398 3556 accepturus,daturus
1430 3501 1534 3557 ego
1567 3489 1590 3540 Ρ
1619 3485 1758 3555 quid

125 3574 521 3644 respondebis,
559 3573 670 3628 nisi
702 3590 827 3629 esse
854 3575 1210 3629 credendum
1239 3574 1267 3627 ?

187 3662 274 3717 24.
324 3663 460 3729 Sed,
517 3663 736 3733 inquis,
785 3679 974 3718 nonne
1024 3666 1146 3717 erat
1205 3662 1437 3730 melius,
1474 3662 1757 3719 rationem

129 3749 259 3804 mihi
293 3752 571 3806 redderes
603 3753 645 3819 ³,
681 3757 744 3806 ut
801 3769 868 3806 ea
926 3767 1297 3824 quocumque
1355 3768 1446 3806 me
1505 3753 1759 3822 duceret,

126 3837 241 3893 sine
273 3838 391 3896 ulla
437 3857 716 3910 sequerer
767 3841 1088 3896 temeritate
1116 3841 1143 3894 ?
1175 3842 1308 3895 Erat
1339 3842 1582 3897 fortasse
1614 3859 1626 3896 :
1661 3842 1759 3896 sed

126 3944 249 3983 cum
282 3946 372 3985 res
390 3935 557 3985 tanta
581 3929 918 3995 sit,utDeus
943 3929 1050 3985 tibi
1076 3930 1296 3985 ratione
1320 3933 1761 4003 cognoscendus

125 4016 212 4081 sit,
242 4034 525 4073 omnesne
554 4023 725 4089 putas
753 4018 993 4074 idoneos
1023 4035 1150 4074 esse
1173 4019 1558 4090 percipiendis
1592 4021 1764 4076 ratio-

128 4106 539 4178 nibus,quibus
572 4109 642 4162 ad
664 4108 918 4163 divinam
942 4107 1384 4180 intelligentiam
1412 4125 1577 4164 mens
1598 4110 1760 4164 duci-

125 4198 212 4248 tur
243 4195 526 4265 humana,
561 4213 631 4251 an
666 4196 886 4269 plures,
935 4214 1006 4251 an
1061 4214 1278 4268 paucos
1303 4198 1329 4251 ?
1357 4202 1602 4265 Paucos,
1653 4200 1759 4265 ais,

125 4284 398 4340 existimo.
433 4290 736 4341 Horumne
766 4285 826 4340 in
859 4302 1102 4340 numero
1128 4303 1255 4341 esse
1279 4291 1336 4341 te
1366 4287 1553 4342 credis
1583 4289 1610 4343 ‘I
1637 4287 1761 4344 Non

129 4377 208 4426 est
238 4390 454 4443 meum,
481 4375 709 4446 inquis,
743 4375 849 4430 hoc
876 4375 1244 4446 respondere.
1280 4374 1439 4430 Illius
1484 4392 1619 4446 ergo
1654 4394 1760 4448 pu-

131 4464 231 4531 tas,
264 4463 437 4519 etiam
472 4464 585 4520 hoc
615 4464 723 4518 tibi
755 4465 986 4519 credere
1019 4481 1031 4518 :
1065 4464 1219 4534 quod
1243 4465 1478 4534 quidem
1503 4467 1761 4521 facit.Tu

132 4553 345 4608 tantum
363 4555 703 4624 mementoJ
714 4570 805 4608 am
830 4570 960 4608 eum
984 4552 1073 4607 bis
1089 4553 1406 4608 credidisse
1420 4554 1524 4608 tibi
1547 4555 1766 4611 incerta

133 4638 417 4708 dicenti;te
452 4642 536 4696 illi
565 4641 829 4714 religiose
853 4641 1184 4697 admonenti
1219 4659 1288 4697 ne
1318 4642 1496 4698 semel
1525 4645 1762 4714 quidem

135 4727 264 4784 velle
293 4732 555 4786 credere.
594 4734 806 4786 Verum
842 4733 927 4786 fac
958 4731 1037 4785 ita
1066 4747 1213 4793 esse,
1243 4735 1298 4786 et
1329 4747 1459 4786 vero
1485 4734 1680 4788 animo
1709 4740 1764 4790 te

135 4817 197 4872 ad
229 4819 635 4892 accipiendam
670 4819 1008 4891 religionem
1033 4821 1383 4888 accedere,et
1408 4837 1538 4876 vero
1571 4822 1764 4880 animo

132 4905 193 4960 ad
210 4907 606 4979 accipiendam
624 4907 958 4980 religionem
979 4910 1422 4976 accedere,etita
1444 4928 1762 4980 paucorum

130 4996 181 5048 te
206 5011 328 5052 esse
356 4996 766 5052 bominum.ut
797 4997 1051 5052 rationes
1083 4999 1298 5068 quibus
1331 5000 1400 5053 ad
1435 5004 1654 5054 certam
1678 5018 1767 5056 cc-

135 5082 445 5152 gnitionem
479 5085 567 5139 vis
611 5085 808 5140 divina
853 5085 1204 5156 perducitur,
1265 5103 1470 5156 capere
1524 5088 1762 5159 possis;

133 5171 283 5242 quid,
314 5174 544 5229 caeteris
576 5174 936 5240 hominibus,
971 5175 1069 5246 qui
1109 5179 1229 5230 tam
1274 5192 1478 5231 sereno
1533 5178 1763 5249 ingenio

133 5261 342 5329 praediti
377 5279 494 5317 non
530 5267 691 5329 sunt,
714 5263 1039 5334 negandain
1067 5262 1404 5334 religionem
1435 5271 1604 5335 putas
1635 5266 1764 5321 ?An

134 5362 220 5404 eos
249 5351 610 5422 pedetentim
631 5351 983 5422 quibusdam
1010 5351 1289 5423 gradibus
1313 5354 1381 5408 ad
1414 5353 1508 5408 illa
1533 5371 1767 5410 summa

139 5439 438 5506 penetralia
469 5455 601 5495 esse
622 5441 914 5495 ducendos
937 5439 1142 5496 ?Vides
1169 5441 1338 5512 plane
1361 5443 1497 5513 quid
1533 5445 1609 5499 sit
1639 5444 1769 5499 reli-

139 5523 362 5596 giosius.
401 5528 606 5600 Neque
637 5528 791 5584 enim
823 5530 930 5584 tibi
961 5529 1147 5600 quivis
1181 5530 1354 5586 homo
1393 5532 1451 5586 in
1483 5533 1564 5588 rei
1594 5538 1766 5590 tantae

201 5756 296 5822 {In
326 5759 391 5822 B,
408 5756 594 5822 possit.
629 5756 712 5822 Er.
747 5755 1070 5822 μαψ-νει).
1113 5760 1238 5822 Lo_v_.
1271 5761 1434 5809 secuti
1465 5775 1660 5812 sumus.
1698 5767 1765 5815 Μ.

199 5819 219 5855 ¹
245 5818 514 5884 ΑριιᾱἘι·.
550 5818 716 5882 Lugd.
745 5818 878 5872 Ven.
914 5820 1061 5881 Lov.,
1093 5819 1324 5873 reddere.
1355 5823 1426 5874 na.

3491 331 3571 395 82

1934 461 2250 532 cupiditate
2274 463 2390 521 ullo
2414 465 2583 522 modo
2605 466 2959 522 deserendus
2983 469 3083 523 aut
3106 465 3470 539 respuendus
3490 467 3571 524 vi-

1933 550 2052 604 deri
2088 557 2293 622 potest.
2328 555 2436 610 Sed
2472 572 2662 610 nonne
2694 557 3036 624 censes,nisi
3067 556 3253 629 primo
3284 558 3476 613 credat
3502 574 3564 612 se

1929 639 1996 692 ad
2033 639 2087 694 id
2117 644 2270 712 quod
2305 645 2994 717 instituitperventurum,
3018 650 3389 717 mentemque
3421 664 3557 718 sup-

1923 726 2130 798 plicem
2168 734 2182 766 ¹
2209 734 2544 803 przebeat,et
2564 735 2914 806 quibusdam
2938 736 3164 805 magnis
3189 735 3559 791 necessariis-

1923 833 2035 888 que
2066 823 2368 893 prreceptis
2419 824 2823 896 obtemperans
2856 826 3106 895 quadam
3155 825 3278 879 vitae
3331 827 3556 882 actione

1921 915 2234 980 perpurget
2266 911 2306 980 9,
2346 929 2458 966 non
2491 929 2622 967 cum
2655 929 2781 968 esse
2811 912 2979 968 aliter
3007 913 3107 967 illa
3129 930 3254 984 quae
3287 931 3425 984 pure
3455 931 3551 969 vo-

1918 1010 1981 1048 ra
2013 1002 2148 1051 sunt
2196 1000 2545 1070 adepturum
2577 1002 2603 1056 ?
2633 1004 2845 1057 Censes
2900 1003 3173 1074 profecto.
3237 1003 3382 1066 Quid
3416 1018 3550 1075 ergo

1916 1082 2064 1153 istis,
2102 1103 2349 1156 quorum
2392 1091 2458 1144 de
2489 1107 2698 1162 genere
2730 1096 2786 1146 te
2818 1093 3088 1162 essejam
3122 1094 3310 1159 credo,
3336 1091 3432 1163 qui
3469 1094 3546 1148 fa-

1913 1171 2127 1229 cillime
2157 1176 2347 1232 divina
2383 1185 2605 1234 secreta
2637 1180 2860 1234 ratione
2886 1185 3041 1235 certa
3072 1197 3273 1251 capere
3305 1186 3550 1252 possunt

1912 1260 1960 1315 si
2001 1262 2108 1316 hac
2138 1264 2228 1318 via
2259 1266 2514 1337 veniant,
2546 1285 2661 1339 qua
2691 1268 2774 1322 illi
2804 1269 2902 1340 qui
2953 1269 3226 1340 primitus
3284 1271 3544 1339 credunt,

1910 1353 2196 1422 numquid
2231 1356 2464 1410 tandem
2499 1359 2711 1414 oberit?
2741 1359 2862 1413 Non
2888 1359 3155 1414 arbitror.
3194 1359 3302 1414 Sed
3327 1364 3541 1427 tamen,

1906 1439 2013 1505 ais,
2047 1441 2185 1510 quid
2217 1459 2314 1498 eos
2347 1445 2557 1499 morari
2589 1463 2735 1516 opus
2766 1452 2855 1502 est
2882 1447 2908 1501 ‘I
2937 1447 3082 1510 Quia
3109 1447 3216 1502 etsi
3249 1448 3397 1502 facto
3429 1448 3541 1504 sibi

1905 1527 2048 1582 nihil
2081 1531 2391 1601 nocebunt,
2442 1534 2734 1589 nocebunt
2771 1540 2966 1590 tamen
2998 1534 3259 1606 exemplo
3291 1537 3534 1593 czeteris.

1901 1615 2006 1671 Vix
2045 1618 2200 1672 enim
2233 1625 2320 1675 est
2350 1621 2450 1692 qui
2480 1622 2550 1677 de
2600 1639 2660 1677 se
2707 1627 2937 1678 tantum
2985 1625 3216 1694 sentiat,
3250 1629 3534 1695 quantum

1898 1709 2090 1776 potest
2125 1723 2136 1761 :
2173 1708 2272 1762 sed
2305 1709 2406 1780 qui
2452 1710 2667 1781 minus,
2719 1713 3059 1768 excitandus
3107 1717 3195 1768 est
3229 1733 3243 1780 ς
3277 1713 3372 1784 qui
3407 1731 3532 1768 am-

1898 1795 2071 1864 plius,
2130 1798 2536 1867 reprimendus
2571 1818 2583 1866 ;
2617 1804 2678 1856 ut
2737 1816 2925 1872 neque
2980 1801 3076 1856 ille
3127 1802 3530 1872 desperatione

1895 1883 2216 1955 frangatur,
2249 1902 2436 1957 neque
2465 1886 2577 1942 iste
2627 1889 3016 1960 praecipitetur
3070 1891 3331 1945 audacia.
3365 1892 3523 1954 Quod

1891 1972 2058 2028 facile
2088 1974 2172 2040 ﬁt,
2206 1975 2254 2029 si
2282 1975 2459 2031 etiam
2492 1977 2530 2031 ii
2566 1978 2662 2048 qui
2697 1978 2890 2033 valent
2919 1977 3132 2049 volare,
3176 1995 3248 2034 ne
3280 1979 3372 2034 cui
3405 1980 3525 2034 sint

1889 2060 2214 2132 periculoso
2257 2062 2656 2131 invitamento,
2708 2066 3006 2138 paulisper
3055 2073 3336 2139 cogantur
3365 2069 3518 2124 ince-

1887 2150 2022 2204 dere
2051 2166 2167 2220 qua
2198 2152 2372 2206 etiam
2405 2155 2627 2210 caateris
2665 2160 2856 2209 tutum
2889 2159 2995 2209 est.
3031 2155 3160 2211 Haec
3208 2163 3296 2211 est
3335 2157 3522 2228 provi-

1887 2238 2084 2294 dentia
2124 2257 2264 2294 verae
2300 2241 2633 2313 religionis;
2668 2243 2776 2298 hoc
2800 2245 3039 2314 jussum
3079 2245 3382 2313 divinitus,
3415 2247 3522 2301 hoc

1887 2343 1920 2381 a
1950 2326 2134 2383 beatis
2158 2329 2478 2399 majoribus
2505 2332 2810 2398 traditum,
2842 2332 2947 2389 hoc
2966 2334 3035 2387 ad
3061 2350 3164 2388 nos
3187 2351 3372 2405 usque
3402 2353 3523 2390 ser-

1884 2419 2083 2470 vatum
2121 2435 2132 2471 :
2170 2417 2277 2472 hoc
2301 2420 2637 2490 perturbare
2670 2420 2810 2476 velle
2835 2426 3007 2493 atque
3029 2424 3524 2494 pervertere,nihil

1886 2508 1975 2561 est
2005 2504 2159 2560 aliud
2204 2523 2376 2577 quam
2433 2509 2502 2564 ad
2551 2527 2744 2564 veram
2796 2510 3131 2582 religionem
3183 2513 3524 2586 sacrilegam

1885 2593 2037 2648 viam
2067 2611 2342 2665 quaerere.
2380 2599 2539 2662 Quod
2576 2598 2674 2669 qui
2710 2599 2948 2666 faciunt,
2984 2615 3087 2654 nec
3123 2600 3171 2655 si
3203 2601 3285 2655 eis
3319 2618 3522 2656 conce-

1886 2684 2061 2738 datur
2089 2686 2238 2754 quod
2272 2686 2496 2752 volunt,
2530 2693 2778 2758 possunt
2814 2705 2927 2758 quo
2977 2689 3292 2745 intendunt
3332 2707 3523 2762 perve-

1885 2773 2030 2826 nire.
2065 2773 2403 2842 Cujusmodi
2435 2776 2588 2829 enim
2622 2775 2762 2830 libet
2791 2777 3076 2832 excellant
3125 2780 3377 2849 ingenio,
3413 2779 3524 2834 nisi

1884 2860 2038 2916 Deus
2069 2862 2239 2927 adsit,
2274 2862 2441 2917 humi
2498 2869 2710 2935 repunt
2736 2865 2776 2920 ⁸.
2807 2867 2972 2920 Tunc
3017 2871 3212 2922 autem
3261 2869 3420 2933 ades,
3472 2870 3522 2924 si

1886 2950 2176 3005 societatis
2209 2950 2474 3006 humanm
2519 2953 2577 3006 in
2607 2957 2789 3008 Deum
2822 2956 3192 3012 tendentibus
3252 2974 3392 3011 cura
3421 2958 3518 3013 sit.

1885 3037 2006 3101 Quo
2037 3040 2221 3109 gradu
2256 3039 2398 3094 nihil
2431 3041 2662 3096 ﬁrmius
2695 3042 2751 3096 in
2779 3042 2990 3098 caelum
3037 3045 3274 3116 reperiri
3306 3051 3516 3117 potest.

1885 3125 2000 3197 Ego
2034 3126 2267 3197 quidem
2301 3127 2437 3182 huic
2488 3129 2694 3184 rationi
2750 3148 2863 3186 non
2914 3149 3153 3203 possum
3203 3133 3515 3204 resistere;

1885 3231 2020 3270 nam
2081 3214 2226 3269 nihil
2285 3215 2412 3270 sine
2455 3218 2783 3289 cognitione
2827 3236 2954 3275 esse
3002 3222 3379 3292 credendum,
3419 3224 3519 3295 qui

1883 3319 2125 3374 possum
2157 3304 2348 3359 dicere
2380 3308 2402 3359 Ρ
2431 3322 2560 3360 cum
2594 3311 2650 3361 et
2680 3308 2953 3374 amicitia,
2988 3310 3098 3364 nisi
3160 3311 3355 3383 aliqud
3393 3329 3520 3367 cre—

1884 3392 2057 3447 datur
2085 3394 2236 3464 quod
2265 3399 2420 3448 certa
2460 3396 2682 3452 ratione
2720 3398 3109 3453 demonstrari
3161 3417 3272 3455 non
3308 3407 3519 3473 potest,

1885 3481 2121 3536 omnino
2154 3481 2313 3536 nulla
2340 3483 2436 3551 sit,
2490 3488 2548 3538 et
2590 3502 2738 3555 saepe
2788 3486 3290 3557 dispensatoribus
3339 3491 3520 3546 servis

1886 3569 2010 3625 sine
2043 3570 2164 3624 ulla
2195 3570 2367 3641 culpa
2389 3573 2759 3628 dominorum
2793 3577 3081 3630 credatur.
3138 3578 3200 3631 In
3243 3578 3520 3649 religione

1883 3674 2014 3713 vero
2045 3659 2182 3727 quid
2215 3659 2476 3729 iniquius
2509 3661 2631 3715 ﬁeri
2665 3666 2872 3733 potest,
2906 3680 3081 3734 quam
3115 3671 3178 3720 ut
3208 3666 3306 3721 Dei
3339 3670 3521 3723 antis-

1884 3747 2018 3801 tites
2051 3746 2218 3802 nobis
2250 3765 2362 3802 non
2395 3749 2594 3803 ﬁctum
2630 3751 2892 3806 animum
2943 3752 3348 3824 pollicentibus
3397 3774 3517 3812 cre-

1883 3837 2043 3905 dant,
2081 3853 2186 3891 ncs
2219 3836 2300 3890 eis
2325 3837 2796 3909 praecipientibus
2820 3841 3074 3896 nolimus
3098 3845 3326 3900 credere
3357 3846 3383 3900 ‘I
3416 3847 3519 3901 Po.

1883 3929 2098 3980 stremo
2121 3941 2245 3995 qua:
2267 3929 2594 3996 potestesse
2615 3927 2706 3982 via
2727 3928 3218 4001 salubrior,quam
3245 3933 3517 3991 idoneum

1881 4013 2068 4085 primo
2085 4013 2204 4068 ﬁeri
2226 4015 2610 4086 percipienda:
2625 4017 3236 4085 veritatis,adhibendo
3250 4021 3320 4076 iis
3344 4023 3515 4079 ﬁdem

1883 4119 2008 4174 quae
2041 4103 2108 4156 ad
2144 4105 2570 4174 praecolendum
2605 4110 2661 4160 et
2692 4105 2759 4159 ad
2786 4110 3223 4178 praecurandum
3251 4112 3514 4167 animum

1881 4191 2311 4247 suntdivinitus
2328 4192 2672 4248 constituta?
2688 4199 2788 4248 aut
2806 4195 2853 4250 si
2867 4197 2992 4265 jam
3016 4214 3255 4267 prorsus
3274 4200 3519 4258 idoneus

1884 4279 1986 4345 sis,
2016 4279 2258 4334 circuire
2292 4280 2481 4350 potius
2513 4280 2879 4351 aliquantum
2912 4301 3028 4355 qua
3060 4288 3396 4342 tuissimum
3432 4296 3521 4345 est

1882 4367 2127 4439 ingredi,
2163 4385 2338 4439 quam
2392 4375 2448 4423 et
2479 4369 2583 4424 tibi
2641 4385 2769 4426 esse
2811 4378 3108 4428 auctorem
3166 4376 3429 4446 periculi,
3465 4383 3523 4434 et

1882 4458 2104 4513 caeteris
2134 4458 2480 4514 temeritatis
2510 4459 2836 4531 exemplum
2857 4461 2885 4515 ‘I

1952 4545 2182 4600 CAPUT
2211 4547 2768 4604 Xl.—25.Credentes
2807 4550 2874 4604 ab
2919 4554 3268 4622 opinantium
3299 4559 3520 4612 temeri-

1883 4642 1991 4690 tate
2042 4637 2313 4706 quomodo
2343 4638 2537 4693 alieni.
2601 4638 2937 4709 Intelligere,
2998 4641 3231 4706 credere,
3281 4647 3520 4715 cpinari.

1884 4723 2069 4786 Quare
2093 4725 2216 4793 jam
2250 4731 2516 4795 superest
2548 4731 2610 4780 ut
2641 4727 3096 4799 consideremus,
3131 4749 3242 4802 quo
3275 4739 3439 4804 pacto
3463 4735 3520 4789 hi

1884 4813 2160 4884 sequendi
2195 4830 2307 4869 non
2332 4815 2570 4885 sint,qui
2594 4832 2655 4870 se
2685 4815 3032 4887 pollicentur
3060 4820 3279 4876 ratione
3310 4823 3519 4878 ductu-

1883 4919 2000 4957 ros.
2034 4907 2179 4956 Nam
2215 4905 2508 4973 quomodo
2540 4904 2662 4958 sine
2695 4905 2866 4977 culpa
2897 4909 3192 4978 possimus
3225 4913 3386 4982 sequi
3421 4929 3518 4969 eos

1888 4992 1988 5062 qui
2019 4992 2251 5046 credere
2275 4992 2626 5062 jubent,jam
2659 4995 2880 5050 dictum
2912 5002 3000 5051 est
3034 5013 3048 5051 :
3081 4999 3148 5051 ad
3186 4999 3290 5055 hos
3320 5007 3519 5056 autem

1888 5096 2200 5152 sponsores
2245 5081 2508 5147 rationis,
2544 5099 2658 5136 non
2704 5084 2875 5138 modo
2909 5085 3034 5140 sine
3079 5086 3518 5160 vituperatione,

1885 5169 1984 5224 sed
1999 5169 2174 5224 etiam
2191 5186 2322 5223 cum
2339 5168 2534 5240 aliqua
2547 5170 2714 5226 laude
2728 5189 2789 5227 se
2803 5173 2992 5228 venire
3009 5175 3269 5229 nonnulli
3290 5183 3517 5248 putant:

1886 5258 1984 5313 sed
2019 5275 2132 5312 non
2155 5256 2234 5312 ita
2262 5263 2510 5312 est.Dure
2533 5260 2686 5315 enim
2712 5277 2971 5332 personae
3003 5262 3059 5317 in
3085 5263 3361 5337 religione
3384 5275 3525 5324 sunt

1885 5345 2212 5402 laudabiles
2247 5364 2258 5402 :
2293 5363 2411 5401 una
2441 5363 2640 5403 eorum
2681 5347 2779 5420 qui
2823 5350 2946 5420 jam
2981 5349 3345 5423 invenerunt,
3379 5371 3524 5425 quos

1887 5436 2060 5491 etiam
2096 5434 2747 5506 beatissimosjudicare
2775 5454 3010 5494 necesse
3040 5443 3144 5508 est;
3180 5440 3292 5498 alia
3322 5458 3523 5500 eorum

1953 5703 1970 5736 ί
2004 5705 2059 5750 In
2085 5707 2312 5764 quatuor
2339 5703 2479 5760 Mss,
2511 5701 2806 5764 simplicem.

1949 5767 1969 5831 ξ
1997 5764 2508 5831 ξᾱξιὶφεῳμνρειαν.
2546 5767 2610 5814 At
2639 5767 2782 5831 Mss._,
2808 5772 3073 5831 perpuget.

1876 5876 1883 5887 ,
1950 5829 1971 5862 ³
1999 5827 2216 5877 Veteres
2243 5827 2364 5878 libri
2394 5830 2718 5890 constanter,
2751 5827 3128 5894 hdmo‘repunt.
