4012 6478
168 358 245 420 89

166 495 252 548 est
280 491 497 546 veritas
521 506 535 558 ;
569 506 676 545 nec
696 487 813 544 ullo
846 490 1013 560 pacto
1036 486 1271 559 sapiens
1302 484 1617 558 quisquam
1642 482 1807 551 est,si

167 597 278 637 non
300 580 602 635 veritatem
630 581 822 634 mente
847 578 1147 649 contingat
1180 594 1191 630 :
1228 592 1438 644 nrgarc
1463 592 1573 627 non
1602 590 1803 644 possu-

167 686 298 724 mus
322 668 478 722 inter
506 667 814 723 stultitiam
848 666 1103 722 hominis
1131 670 1187 721 et
1219 664 1676 721 sincerissimam
1710 661 1811 717 Dei

166 758 468 814 veritatem
504 756 766 811 medium
800 755 1080 827 quiddam
1112 754 1516 825 interpositam
1549 768 1675 806 esse
1706 750 1809 805 ho-

172 846 344 902 minis
378 844 753 917 sapientiam.
786 844 1029 915 Sapiens
1062 843 1560 927 enimuquantum
1610 841 1808 894 datum

171 942 270 1001 est,
302 934 578 989 imitatur
610 939 828 998 Deum;
862 932 1081 987 homini
1117 938 1310 987 autem
1344 930 1544 994 stulto,
1576 928 1645 983 ad
1680 928 1811 983 imi-

173 1024 411 1079 tandum
446 1022 781 1087 salubriter,
817 1021 961 1076 nihil
992 1026 1082 1076 est
1125 1020 1359 1076 homine
1389 1019 1651 1089 sapiente
1680 1033 1811 1088 pro-

174 1112 444 1186 pinquius
479 1129 492 1166 :
528 1127 704 1183 quem
753 1110 1055 1181 quoniam,
1089 1114 1155 1164 ut
1184 1109 1405 1163 dictum
1454 1111 1561 1173 est,
1596 1105 1811 1161 intelli-

174 1218 297 1274 gere
324 1200 554 1255 ratione
591 1217 705 1255 non
732 1199 894 1254 facile
924 1204 1033 1264 est,
1065 1198 1365 1269 oportebat
1392 1196 1656 1268 quaedam
1704 1193 1810 1249 mi-

176 1290 363 1346 racula
396 1289 549 1360 ipsis
576 1287 760 1345 oculis
792 1286 1108 1355 admoveri,
1133 1287 1347 1358 quibus
1370 1290 1617 1339 utuntur
1646 1281 1813 1338 stulti

178 1379 351 1433 multo
383 1394 567 1448 quam
625 1381 817 1431 mente
864 1375 1249 1441 commodius,
1286 1378 1349 1428 ut
1390 1377 1812 1428 commotorum

177 1466 511 1523 auctoritate
531 1465 835 1520 hominum
858 1465 1019 1537 prius
1036 1464 1154 1519 vita
1172 1478 1475 1531 moresque
1498 1476 1812 1533 purgaren-

177 1560 284 1619 tur,
316 1559 372 1610 et
401 1554 486 1609 ita
520 1554 729 1609 rationi
775 1553 1121 1625 accipiendae
1153 1550 1377 1606 habiles
1419 1551 1638 1605 tierent.
1670 1552 1810 1603 Cum

177 1642 345 1716 igitur
373 1648 432 1698 et
464 1643 641 1698 homo
680 1646 834 1697 esset
862 1641 1206 1707 imitandus,
1238 1645 1295 1694 et
1342 1656 1456 1694 non
1489 1639 1547 1692 in
1580 1638 1815 1693 homine

180 1750 302 1804 spes
331 1735 643 1803 ponenda;
692 1731 829 1801 quid
866 1730 1054 1801 potuit
1083 1728 1485 1799 indulgentius
1519 1732 1575 1782 et
1605 1727 1813 1781 libera-

179 1820 282 1876 lius
311 1820 597 1876 divinitus
629 1820 773 1890 fieri,
799 1836 976 1891 quam
1010 1818 1219 1888 utipsa
1250 1817 1347 1872 Dei
1379 1817 1626 1880 sincera,
1650 1820 1812 1871 aster-

181 1926 266 1976 na,
307 1907 931 1979 incommutabilisque
972 1906 1285 1978 Sapientia,
1318 1905 1410 1960 cui
1460 1922 1566 1959 nos
1599 1904 1813 1959 haerere

179 2004 415 2069 oportet,
448 1996 751 2069 suscipere
799 1996 1094 2052 hominem
1127 1993 1510 2067 dignaretur?
1539 1992 1644 2057 Qui
1698 2009 1811 2048 non

181 2087 339 2142 modo
370 2085 472 2140 illa
504 2086 741 2152 faceret,
771 2085 986 2156 quibus
1015 2084 1086 2138 ad
1120 2083 1483 2155 sequendum
1509 2081 1688 2137 Deum
1723 2082 1810 2137 in-

179 2176 523 2242 vitaremur;
568 2175 667 2229 sed
700 2174 874 2229 etiam
923 2172 1024 2228 illa
1067 2176 1378 2244 pateretur,
1414 2171 1627 2242 quibus
1659 2189 1692 2226 a
1721 2186 1810 2227 se-

181 2264 397 2334 quendo
432 2268 549 2318 Deo
575 2263 1030 2318 deterrebamur.
1062 2261 1207 2315 Nam
1252 2277 1384 2315 cum
1413 2258 1656 2330 adipisci
1686 2276 1813 2315 cer-

180 2351 464 2407 tissimum
500 2369 567 2407 ac
598 2367 897 2406 summum
924 2350 1140 2405 bonum
1176 2365 1344 2404 nemo
1377 2349 1581 2420 possit,
1608 2348 1717 2403 nisi
1752 2349 1808 2403 id

180 2440 334 2509 plene
364 2441 735 2513 perfecteque
765 2440 1067 2507 dilexerit;
1113 2439 1267 2511 quod
1300 2438 1460 2493 nullo
1492 2443 1659 2509 pacto
1692 2439 1806 2505 fiet,

183 2531 452 2601 quamdiu
488 2529 643 2585 mala
664 2529 922 2601 corporis
941 2533 1113 2599 atque
1130 2529 1363 2583 fortuita
1386 2528 1808 2588 formidantur:

182 2616 269 2672 ille
316 2618 613 2674 nascendo
668 2617 1010 2673 mirabiliter
1040 2622 1097 2672 et
1141 2618 1432 2688 operando
1481 2615 1809 2671 conciliavit

182 2706 513 2763 charitatem
544 2726 558 2775 ;
593 2706 890 2763 moriendo
923 2711 1117 2761 autem
1146 2710 1201 2761 et
1231 2706 1584 2776 resurgendo
1615 2704 1807 2761 exclu-

181 2795 247 2850 sit
277 2796 567 2851 timorem.
598 2796 728 2852 Jam
781 2813 913 2851 vero
961 2794 1132 2850 talem
1185 2812 1244 2850 se
1276 2794 1333 2848 in
1384 2794 1605 2849 caeteris
1636 2795 1809 2850 rebus

181 2884 445 2939 omnibus
478 2885 748 2957 praebuit,
778 2901 923 2956 quas
955 2883 1224 2957 persequi
1256 2882 1497 2955 longum
1529 2887 1636 2949 est,
1662 2888 1727 2939 ut
1754 2886 1811 2939 et

180 2971 362 3027 divina
392 2972 699 3029 clementia
722 2991 835 3045 quo
867 2974 1103 3046 porrigi,
1128 2977 1183 3028 et
1212 2973 1470 3028 humana
1499 2972 1809 3029 infirmitas

182 3077 290 3132 quo
320 3063 500 3133 possit
530 3062 691 3117 evehi
722 3063 1095 3118 sentiremus.

247 3148 468 3206 CAPUT
496 3151 823 3208 ΧνΙ.--34.
856 3150 1163 3206 Auctoritas
1192 3152 1460 3206 divinitus
1487 3154 1806 3219 constituta,

182 3252 296 3308 quae
320 3241 525 3309 partim
544 3241 1063 3311 miraculis,partim
1078 3241 1417 3313 sequentium
1442 3240 1809 3296 multitudine

182 3337 343 3383 movet
364 3329 433 3383 ad
448 3329 630 3397 ﬁdem.
655 3328 782 3384 Haec
806 3334 916 3396 est,
938 3330 1130 3394 crede,
1158 3328 1545 3385 saluberrima
1563 3330 1810 3385 auctori-

182 3418 285 3483 tas,
300 3416 410 3471 haec
432 3416 595 3488 prius
620 3418 832 3473 mentis
852 3424 1061 3473 nostra
1084 3434 1117 3472 a
1137 3423 1365 3473 terrena
1386 3417 1808 3476 inhabitatione

182 3507 495 3577 suspensio,
512 3506 632 3561 htec
652 3505 710 3561 in
730 3509 906 3562 Deum
924 3523 1124 3561 verum
1144 3507 1215 3561 ab
1233 3506 1411 3578 hujus
1431 3508 1630 3562 mundi
1652 3525 1808 3564 amo-

182 3608 237 3647 re
283 3596 588 3651 conversio.
625 3593 760 3650 Sola
806 3600 895 3651 est
942 3596 1277 3663 auctoritas,
1311 3613 1435 3667 quae
1485 3601 1808 3653 commovet

184 3681 386 3738 stultos
417 3689 478 3739 ut
500 3685 569 3738 ad
602 3684 948 3757 sapientiam
975 3684 1249 3740 festinent
1272 3685 1309 3737 ¹.
1331 3685 1618 3750 Quamdiu
1644 3685 1807 3742 intel-

181 3769 346 3841 ligere
375 3772 596 3827 sincera
634 3790 747 3827 non
807 3790 1142 3845 possumus,
1176 3775 1516 3829 auctoritate
1564 3776 1801 3845 quidem

177 3858 349 3931 decipi
368 3861 643 3916 miserum
677 3865 792 3916 est:
811 3862 911 3917 sed
940 3866 1095 3918 certe
1124 3862 1393 3918 miserius
1416 3878 1528 3917 non
1563 3864 1798 3919 moveri.

176 3946 227 4001 Si
255 3948 402 4003 enim
435 3949 534 4004 Dei
558 3950 925 4021 providentia
949 3967 1062 4005 non
1092 3952 1360 4023 praesidet
1385 3952 1559 4007 rebus
1592 3952 1799 4008 huma-

178 4034 275 4102 nis,
308 4037 447 4092 nihil
478 4043 569 4093 est
597 4040 668 4093 de
700 4038 980 4111 religione
1012 4040 1420 4111 satagendum.
1447 4039 1546 4094 Sin
1579 4057 1710 4096 vero
1743 4046 1800 4098 et

177 4126 377 4194 species
425 4143 619 4181 rerum
671 4129 955 4197 omnium,
989 4145 1167 4199 quam
1203 4128 1455 4200 profecto
1502 4146 1570 4184 ex
1602 4129 1797 4201 aliquo

177 4214 467 4270 verissima:
500 4216 951 4288 pulchritudinis
984 4218 1138 4273 fonte
1176 4234 1410 4273 manare
1441 4220 1794 4275 credendum

177 4306 267 4369 est,
291 4303 598 4359 etinterior
629 4306 821 4361 nescio
854 4323 979 4377 quas
998 4306 1389 4362 conscientia2
1421 4307 1602 4362 Deum
1637 4326 1793 4380 quae-

177 4391 396 4447 rendum
420 4392 654 4465 Deoque
678 4394 1045 4450 serviendum
1082 4395 1348 4452 meliores
1373 4413 1635 4469 quosque
1667 4399 1792 4453 ani-

178 4493 286 4534 mos
316 4482 476 4552 quasi
510 4482 740 4554 publice
782 4484 1169 4555 privatimque
1201 4484 1503 4553 hortatur;
1555 4502 1670 4541 non
1702 4492 1791 4542 est

178 4566 579 4638 desperandum
613 4571 685 4624 ab
716 4572 915 4626 eodem
941 4571 1067 4644 ipso
1101 4577 1213 4627 Deo
1242 4574 1650 4629 auctoritatem
1683 4573 1789 4629 ali-

178 4670 329 4725 quam
362 4660 761 4727 constitutam,
794 4678 909 4731 quo
940 4660 1096 4716 velut
1128 4663 1315 4731 gradu
1349 4668 1502 4717 certo
1534 4662 1787 4719 inniten-

177 4745 266 4812 tes,
296 4748 627 4804 attollamur
656 4749 712 4802 in
744 4748 948 4804 Deum.
999 4754 1130 4804 Haec
1160 4756 1377 4816 autem,
1410 4752 1665 4823 seposita
1695 4770 1784 4808 ra-

178 4830 327 4899 tione,
351 4852 521 4906 quam
557 4836 843 4893 sinceram
877 4838 1219 4910 intelligere,
1243 4845 1305 4895 ut
1331 4857 1481 4912 saepe
1503 4840 1784 4911 diximus,

176 4918 555 4980 difﬁcillimum
589 4924 787 4980 stultis
808 4931 915 4993 est,
936 4926 1247 4998 dupliciter
1266 4945 1369 4983 nos
1396 4934 1585 4983 movet
1612 4954 1625 4996 ;
1658 4945 1786 5000 par-

176 5008 261 5064 tim
292 5012 596 5082 miraculis,
623 5016 836 5087 partim
860 5016 1232 5087 sequentium
1266 5016 1659 5073 multitudine.
1683 5018 1782 5073 Ni-

176 5093 242 5151 hil
268 5098 463 5158 horum
494 5108 583 5161 est
636 5105 1029 5159 necessarium
1063 5104 1307 5176 sapienti
1338 5124 1351 5173 ;
1400 5106 1533 5176 quis
1565 5105 1783 5179 negat?

176 5184 261 5240 Sed
292 5189 339 5243 id
385 5207 537 5247 nunc
583 5192 795 5262 agitur,
830 5197 895 5247 ut
941 5193 1234 5264 sapientes
1281 5210 1409 5249 esse
1458 5192 1777 5266 possimus,

175 5270 222 5327 id
247 5283 341 5348 est,
378 5279 655 5335 inhaerere
706 5282 929 5337 veritati
967 5301 983 5336 :
1016 5283 1169 5353 quod
1204 5283 1457 5354 profecto
1504 5284 1778 5340 sordidus

1635 348 1869 412 LIBER
1910 351 2143 416 UNUS.

3486 352 3568 412 90

1915 485 2129 543 Verum
2160 487 2338 561 igitur
2365 489 2557 545 videre
2587 488 2751 556 velle,
2784 491 2849 543 ut
2878 484 3137 543 animum
3177 500 3409 558 purges,
3424 501 3557 541 cum

1918 573 2045 631 ideo
2105 583 2384 648 purgetur
2432 584 2494 634 ut
2550 579 2769 648 videas,
2801 593 3134 650 perversum
3188 579 3340 629 certe
3387 578 3561 645 atque

1920 672 2337 738 prteposterum
2376 672 2487 724 est.
2520 666 2752 723 Homini
2783 683 2919 739 ergo
2951 683 3063 721 non
3112 664 3327 720 valenti
3358 679 3561 719 verum

1919 754 2155 825 intueri,
2188 760 2252 811 ut
2286 758 2355 811 ad
2388 758 2444 812 id
2478 757 2580 812 fiat
2611 757 2877 826 idoneus,
2911 754 3259 826 purgarique
3287 769 3348 807 se
3384 752 3556 819 sinat,

1918 844 2233 900 auctoritas
2278 850 2486 917 priesto
2536 850 2625 900 est
2658 863 2670 899 :
2705 861 2902 915 quam,
2938 848 3004 898 ut
3033 842 3204 915 paulo
3255 845 3386 897 ante
3417 841 3557 912 dixi,

1916 932 2129 1003 partim
2162 934 2485 997 miraculis,
2513 934 2728 1005 partim
2762 932 3140 988 multitudine
3170 930 3358 986 valere
3392 946 3562 985 nemo

1916 1021 2182 1093 ambigit.
2235 1022 2583 1078 Miraculum
2633 1039 2791 1091 voco,
2824 1020 3107 1091 quidquid
3159 1020 3407 1076 arduum
3457 1022 3559 1074 aut

1916 1109 2217 1166 insolitum
2252 1129 2429 1182 supra
2463 1129 2628 1183 spem
2659 1110 2745 1166 vel
2792 1109 3127 1165 facultatem
3158 1107 3427 1162 mirantis
3458 1124 3559 1179 ap-

1915 1204 2098 1271 paret.
2120 1200 2178 1255 In
2212 1217 2325 1271 quo
2356 1216 2565 1271 genere
2592 1198 2736 1253 nihil
2769 1202 2856 1253 est
2888 1197 3115 1269 populis
3139 1196 3331 1268 aptius
3354 1199 3411 1250 et
3441 1211 3560 1250 om-

1916 1287 2053 1343 nino
2084 1288 2280 1344 stultis
2304 1288 2670 1357 hominibus,
2696 1304 2869 1360 quam
2894 1287 2949 1342 id
2975 1286 3128 1358 quod
3164 1285 3433 1340 sensibus
3454 1284 3560 1339 ad-

1916 1382 2197 1433 movetur.
2232 1378 2341 1433 Sed
2376 1394 2581 1434 rursus
2616 1377 2737 1433 haac
2768 1377 2823 1431 in
2858 1376 2971 1431 duo
3002 1374 3376 1430 dividuntur:
3400 1389 3562 1444 quaa-

1916 1465 2050 1520 dam
2087 1466 2241 1521 enim
2275 1472 2413 1522 sunt
2438 1484 2563 1537 quas
2595 1467 2789 1521 solam
2826 1465 3047 1520 faciunt
3076 1462 3518 1519 admirationem
3545 1477 3560 1530 ;

1917 1555 2183 1625 quaedam
2224 1569 2357 1610 vero
2392 1571 2663 1627 magnam
2696 1554 2869 1610 etiam
2916 1553 3162 1625 gratiam
3216 1550 3557 1607 benevolen-

1915 1642 2179 1713 tiamque
2203 1643 2694 1699 conciliant.Nam
2719 1643 2765 1698 si
2791 1642 2924 1713 quis
2947 1642 3238 1697 volantem
3257 1638 3554 1695 hominem

1916 1736 2283 1796 cernat,cum
2317 1749 2383 1786 ea
2413 1749 2503 1787 res
2534 1732 2677 1786 nihil
2697 1730 3004 1803 spectatori
3029 1730 3232 1785 atterat
3260 1726 3555 1783 commodi

1916 1824 2120 1891 printer
2149 1820 2342 1892 ipsum
2391 1819 2811 1892 spectaculum,
2845 1820 3093 1874 miratur
3121 1817 3549 1873 tantummodo.

1915 1909 1976 1965 Si
2019 1908 2151 1980 quis
2182 1914 2376 1965 autem
2408 1910 2567 1982 gravi
2601 1914 2656 1964 et
2706 1910 3009 1980 desperato
3041 1907 3241 1963 morbo
3291 1906 3551 1974 affectus,

1917 2014 2047 2053 mox
2097 2001 2161 2053 ut
2181 1999 2420 2069 jussum
2474 1999 2646 2054 fuerit
2693 1997 3074 2063 convalescat,
3109 1994 3553 2051 admirationem

1915 2087 2182 2143 sanitatis
2214 2106 2355 2155 suas,
2387 2088 2650 2143 sanantis
2701 2088 2875 2142 etiam
2907 2086 3184 2142 charitate
3233 2084 3552 2157 superabit.

1914 2175 2077 2231 Talia
2107 2177 2255 2232 facta
2286 2181 2423 2233 sunt
2446 2176 2542 2232 illo
2574 2181 2834 2248 tempore
2865 2192 2979 2248 quo
3010 2176 3161 2231 Deus
3186 2174 3244 2229 in
3276 2190 3409 2230 vero
3441 2174 3553 2229 ho-

1914 2264 2087 2329 mine,
2114 2270 2396 2336 quantum
2430 2269 2521 2321 sat
2549 2270 2693 2332 erat,
2720 2264 3056 2320 hominibus
3086 2263 3421 2336 apparebat.
3452 2263 3561 2319 Sa-

1913 2353 2033 2408 nati
2067 2353 2347 2424 languidi,
2380 2354 2649 2409 mundati
2701 2352 2951 2424 leprosi;
3002 2353 3270 2407 incessus
3300 2350 3548 2420 claudis,

1913 2441 2081 2497 caecis
2120 2441 2304 2519 visus,
2335 2443 2531 2497 surdis
2562 2442 2794 2497 auditus
2822 2446 2910 2497 est
2956 2442 3240 2496 redditus.
3274 2440 3549 2498 Homines

1911 2528 2070 2585 illius
2099 2520 2376 2602 temporis
2395 2547 2608 2602 aquam
2632 2530 2690 2585 in
2710 2530 2911 2585 vinum
2934 2532 3551 2596 conversam,saturata

1912 2617 2172 2690 quinque
2217 2618 2398 2674 millia
2446 2618 2705 2690 quinque
2733 2619 3003 2690 panibus,
3035 2617 3283 2673 transita
3304 2617 3552 2689 pedibus

1914 2706 2115 2778 maria,
2139 2710 2401 2762 mortuos
2432 2712 2802 2778 resurgentes
2833 2706 3138 2762 viderunt:
3174 2706 3255 2762 ita
3284 2706 3551 2778 quaedam

1912 2795 2137 2866 corpori
2166 2795 2560 2851 manifestiora
2584 2795 2885 2861 beneficio,
2909 2796 3174 2867 quaedam
3206 2812 3339 2852 vero
3372 2796 3553 2852 menti

1892 2883 2222 2941 occultiore
2273 2884 2457 2955 signo,
2492 2889 2548 2939 et
2594 2884 2789 2940 omnia
2839 2884 3174 2940 hominibus
3225 2885 3552 2956 majestatis

1910 2973 2244 3029 testimonio
2291 2972 2675 3029 consulebant
2721 2990 2735 3029 ε
2790 2974 2875 3029 sic
2922 2973 2979 3027 in
3022 2990 3085 3028 se
3129 2978 3269 3028 tunc
3318 2973 3547 3030 animas

1914 3066 2174 3118 errantes
2196 3062 2527 3117 mortalium
2563 3063 2759 3117 divina
2780 3062 3182 3118 commovebat
3212 3063 3548 3119 auctoritas.

1909 3151 2042 3217 Cur,
2074 3151 2290 3222 inquis,
2324 3150 2437 3206 ista
2460 3152 2631 3206 modo
2664 3168 2779 3207 non
2812 3151 3009 3206 fiunt?
3038 3151 3183 3215 Quia
3213 3168 3326 3207 non
3360 3168 3551 3207 move-

1911 3243 2056 3307 rent,
2082 3238 2193 3294 nisi
2219 3240 2366 3295 mira
2391 3244 2590 3295 essent
2620 3255 2634 3295 :
2670 3244 2729 3296 at
2750 3241 2798 3295 si
2823 3239 2994 3296 solita
3022 3244 3238 3310 essent,
3264 3240 3413 3296 mira
3434 3257 3550 3297 non

1908 3332 2104 3383 essent
2128 3328 2233 3397 (a).
2267 3331 2414 3382 Nam
2445 3327 2560 3383 diei
2591 3332 2649 3383 et
2678 3328 2864 3383 noctis
2896 3328 3072 3396 vices,
3103 3332 3160 3384 et
3201 3330 3549 3387 constantis-

1908 3415 2125 3471 simum
2158 3416 2421 3471 ordinem
2470 3431 2667 3472 rerum
2715 3415 3061 3488 omlestium,
3094 3434 3383 3473 annorum
3411 3436 3549 3491 qua-

1910 3501 2208 3558 drifariam
2249 3503 2703 3567 conversionem,
2737 3503 3069 3559 decidentes
3118 3504 3544 3577 redeuntesque

1912 3591 2145 3646 frondes
2194 3591 2521 3659 arboribus,
2565 3592 2855 3647 infinitam
2906 3593 3022 3647 vim
3054 3592 3367 3660 seminum,
3414 3594 3544 3666 pul-

1909 3678 2299 3736 chritudinem
2333 3679 2500 3747 lucis,
2524 3679 2806 3746 colorum,
2839 3698 3135 3744 sonorum,
3159 3682 3425 3754 odorum,
3449 3700 3549 3740 sa-

1908 3787 2233 3842 porumque
2272 3772 2603 3836 varietates,
2635 3771 2709 3826 da
2741 3771 2839 3844 qui
2874 3772 3125 3843 primum
3155 3772 3347 3828 videat
3376 3777 3551 3846 atque

1906 3861 2141 3927 sentiat,
2174 3876 2309 3914 cum
2340 3875 2455 3931 quo
2488 3865 2684 3915 tamen
2728 3859 2889 3932 loqui
2922 3861 3253 3932 possimus;
3289 3861 3551 3919 hebescit

1904 3947 2287 4019 obruiturque
2328 3947 2627 4003 miraculis
2663 3966 2677 4005 :
2710 3965 2817 4004 nos
2867 3965 3000 4005 vero
3030 3949 3151 4005 haec
3182 3950 3398 4017 omnia,
3432 3968 3546 4008 non

1903 4035 2289 4108 cognoscendi
2339 4035 2653 4105 facilitate;
2713 4037 2854 4109 quid
2904 4039 3059 4093 enim
3110 4040 3302 4095 causis
3333 4039 3541 4097 horum

1901 4124 2211 4182 obscurius
2231 4124 2259 4179 ?
2288 4125 2388 4180 sed
2421 4130 2573 4180 certe
2602 4126 2887 4181 sentiendi
2912 4126 3255 4183 assiduitate
3283 4132 3540 4185 contem-

1900 4214 2118 4269 nimus.
2170 4213 2345 4269 Facta
2382 4219 2519 4269 sunt
2569 4214 2748 4287 igitur
2780 4213 2879 4269 illa
2928 4216 3446 4288 opportunissime,
3481 4222 3547 4274 ut

1898 4302 1991 4358 his
2024 4302 2398 4358 multitudine
2440 4303 2799 4359 credentium
2835 4309 3180 4377 congregata
3210 4310 3382 4378 atque
3413 4323 3544 4379 pro-

1898 4395 2131 4464 pagata,
2165 4392 2224 4445 in
2258 4390 2417 4463 ipsos
2452 4408 2642 4448 mores
2692 4392 2851 4448 utilis
2881 4399 3314 4451 converteretur
3344 4400 3545 4452 aucto-

1897 4479 2060 4535 ritas.

1967 4568 2197 4624 CAPUT
2229 4567 2398 4625 XVII.
2425 4601 2491 4611 —
2513 4571 2601 4625 35.
2628 4574 2810 4627 Mores
2833 4573 2959 4627 boni
2984 4575 3203 4643 populis
3235 4590 3399 4645 quam
3427 4575 3540 4630 uti-

1896 4656 2022 4711 liter
2050 4660 2379 4714 auctoritate
2401 4661 2671 4731 persuasi.
2704 4663 2969 4719 Ecclesia:
2987 4662 3269 4718 catholica
3297 4664 3536 4719 auctori-

1890 4747 1993 4799 tas.
2027 4746 2215 4802 Mores
2261 4752 2457 4803 autem
2508 4747 2754 4819 quilibet
2785 4755 3008 4805 tantum
3041 4750 3229 4806 valent
3277 4751 3346 4806 ad
3378 4750 3534 4807 obti-

1892 4834 2116 4888 nendas
2139 4834 2445 4890 hominum
2474 4841 2803 4902 mentes,ut
2836 4838 3009 4893 etiam
3043 4840 3245 4911 quaein
3278 4839 3371 4895 his
3406 4856 3535 4912 pra-

1891 4937 1959 4977 va
1990 4927 2146 4992 sunt,
2175 4923 2327 4995 quod
2365 4925 2479 4979 fere
2510 4926 2923 4997 superantibus
2954 4926 3294 4985 libidinibus
3325 4928 3537 4998 evenit,

1890 5008 2220 5081 improbare
2243 5011 2412 5067 citius
2430 5017 2486 5068 et
2503 5013 2973 5086 detestari,quam
3000 5016 3259 5073 deserere
3277 5021 3378 5073 aut
3407 5034 3537 5073 mu-

1889 5103 2013 5154 tare
2042 5100 2361 5170 possimus.
2390 5106 2677 5158 Parumne
2704 5105 3038 5160 consultum
3062 5106 3237 5161 rebus
3259 5106 3536 5164 humanis

1887 5187 2209 5252 arbitraris,
2243 5190 2397 5259 quod
2431 5190 2574 5245 nihil
2606 5195 2924 5261 terrenum,
2961 5194 3107 5248 nihil
3148 5195 3404 5267 igneum,
3440 5196 3529 5253 ni-

1885 5275 1966 5330 hil
1999 5277 2246 5348 denique
2276 5279 2428 5349 quod
2460 5281 2718 5351 corporis
2749 5298 2958 5337 sensus
2991 5283 3241 5356 attingit,
3274 5302 3379 5357 pro
3411 5285 3528 5344 Deo

178 5363 376 5422 animus
406 5385 515 5424 non
555 5374 763 5440 potest.
800 5371 949 5426 Sunt
997 5376 1191 5426 autem
1226 5372 1428 5427 sordes
1476 5371 1679 5438 animi,
1714 5378 1779 5428 ut
1884 5363 2190 5420 colendum
2241 5382 2389 5433 esse,
2423 5368 2493 5421 ad
2544 5383 2716 5437 quem
2748 5368 2869 5425 solo
2922 5370 3220 5427 intellectu
3263 5373 3527 5431 ambien-

175 5447 306 5507 brevi
333 5455 630 5527 explicem,
663 5475 827 5513 amor
873 5459 1271 5529 quarumlibet
1321 5476 1538 5530 rerum,
1570 5466 1779 5531 praeter

1908 5453 2024 5508 tum
2057 5457 2166 5524 est,
2202 5470 2315 5511 non
2351 5456 2516 5523 pauci
2552 5456 2872 5513 doctissimi
2926 5459 3250 5531 disputant,
3286 5464 3386 5519 sed
3420 5464 3532 5520 im-

178 5539 403 5599 animum
462 5550 518 5600 et
572 5545 753 5601 Deum

177 5632 391 5702 estquis
434 5635 749 5706 purgatior,
783 5640 943 5691 tanto
974 5652 1173 5691 verum
1226 5636 1453 5694 facilius
1492 5638 1770 5695 intuetur.

229 5769 242 5803 ¹
267 5770 384 5823 Pieri

225 5776 244 5867 ζ
266 5776 485 5886 ﬁlex-igne
508 5776 651 5839 Mam,
669 5777 967 5851 festinetur.
998 5777 1256 5852 Quidam,“
1271 5780 1599 5842 festinantur.

299 5847 342 5886 ιο
414 5851 481 5886 ss.
508 5840 573 5886 At
598 5838 743 5886 edm.
774 5840 822 5886 et
854 5841 1094 5886 interiori
1120 5855 1285 5886 nescia
1312 5856 1415 5886 σθαι
1441 5845 1599 5886 comet

414 5851 481 5889 ss.
508 5840 573 5891 At
598 5838 743 5901 editi,
774 5840 822 5890 et
854 5839 1094 5892 interiori
1120 5838 1285 5892 nescio
1312 5856 1415 5906 qua
1441 5842 1768 5896 conscientia.

808 5564 821 5602 :
874 5564 907 5601 ει
962 5547 1177 5619 quibus
1227 5548 1498 5604 sordibus
1557 5554 1776 5620 quanto
1879 5542 2131 5613 peritum
2180 5541 2353 5598 etiam
2388 5543 2594 5615 vulgus
2643 5546 2897 5600 marium
2953 5546 3424 5623 feminarumque
3473 5553 3532 5610 in

1878 5633 2001 5685 tam
2034 5629 2237 5687 multis
2281 5632 2642 5703 diversisque
2674 5634 2949 5703 gentibus
2977 5639 3033 5690 et
3090 5638 3273 5699 credit
3300 5644 3357 5703 et
3386 5658 3530 5719 pm.

1933 5846 2002 5909 (a)
2032 5844 2052 5893 ῐ
2080 5843 2329 5907 Retract.,
2360 5856 2479 5909 cap.
2509 5845 2588 5907 ιι,
2617 5856 2674 5897 n.
2704 5850 2759 5895 5.
