4012 6476
396 341 468 401 9ι
1036 344 1138 404 DE
1181 345 1604 407 UTILITATE
1647 344 2061 418 CItEDENDI,
2111 345 2177 407 S.
2225 344 2652 408 AUGUSTINI
2697 345 2932 406 LIBER
2975 343 3208 406 UNUS.
3722 343 3812 403 92

399 471 606 528 dicat?
639 474 789 544 qum]
813 475 1166 530 continentia
1187 493 1368 546 usque
1386 478 1451 531 ad
1487 477 1899 532 tenuissimum
1925 477 2038 530 vic-

399 564 525 616 tum
559 563 726 634 panis
757 568 811 617 et
861 580 1041 635 aquae,
1076 570 1131 620 ct
1163 583 1273 620 non
1325 566 1663 637 quotidiana
1697 565 1909 634 solum,
1944 566 2044 620 sed

399 651 572 706 etiam
606 669 706 722 per
727 657 1024 709 contextos
1048 653 1242 725 plures
1273 656 1396 709 dies
1422 655 2042 726 perpetuatajejunia;

399 741 550 811 quod
586 741 822 796 castitas
841 759 1025 813 usque
1048 745 1118 797 ad
1139 744 1390 814 conjugii
1418 743 1714 815 prolisque
1747 749 2042 814 contemp-

399 833 548 898 tum,
581 832 732 900 quod
769 832 1046 900 patientia
1100 850 1289 904 usque
1319 835 1389 888 ad
1425 849 1626 888 cruces
1659 834 2045 904 ﬂammasque

401 919 882 990 neglectas,quod
917 920 1234 976 liberalitas
1266 938 1452 992 usque
1476 924 1542 976 ad
1572 923 1922 992 patrimonia
1953 921 2044 975 di-

401 1007 652 1061 stributa
701 1010 1078 1080 pauperibus,
1131 1011 1286 1082 quod
1338 1011 1590 1081 denique
1640 1011 1817 1066 totius
1869 1010 2045 1080 huius

402 1095 607 1149 mundi
640 1098 967 1165 aspernatio
1003 1115 1188 1169 usque
1220 1100 1291 1153 ad
1322 1100 1676 1154 desiderium
1722 1098 1924 1154 mortis
1952 1099 2044 1151 in-

403 1186 712 1239 tenditur?
745 1185 914 1240 Pauci
944 1187 1064 1242 hzoc
1120 1188 1358 1253 faciunt,
1393 1189 1695 1259 pauciores
1727 1188 1871 1243 bene
1903 1204 2045 1258 pru-

406 1273 725 1346 denterque
761 1275 976 1330 faciunt
1009 1292 1020 1331 :
1055 1278 1156 1332 sed
1189 1277 1385 1348 populi
1420 1278 1685 1348 probant,
1711 1275 1909 1348 populi
1941 1293 2044 1330 au-

404 1360 593 1426 diunt,
647 1363 841 1434 populi
895 1365 1107 1431 favent,
1150 1365 1404 1437 diligunt
1455 1370 1748 1437 postremo
1797 1363 2044 1436 populi:

405 1451 601 1522 populi
629 1468 796 1506 suam
822 1453 1301 1519 imbecillitatem,
1321 1454 1474 1524 quod
1495 1453 1608 1508 ista
1640 1471 1753 1510 non
1776 1458 2044 1525 possunt,

404 1555 509 1595 nec
539 1539 662 1594 sine
692 1546 960 1611 provectu
988 1543 1198 1597 mentis
1225 1542 1282 1597 in
1307 1543 1512 1608 Deum,
1532 1559 1635 1598 nec
1659 1543 1784 1598 sine
1801 1543 2043 1612 quibus-

403 1627 535 1684 dam
588 1628 856 1684 scintillis
907 1631 1161 1701 virtutis,
1197 1637 1491 1686 accusant.
1526 1632 1642 1687 Hoc
1693 1632 1906 1686 factum
1957 1635 2046 1685 est

401 1715 598 1772 divina
629 1718 990 1788 providentia
1021 1735 1123 1790 per
1171 1721 1586 1791 prophetarum
1617 1720 1911 1789 vaticinia,
1947 1736 2047 1791 per

400 1805 827 1861 humanitatem
859 1808 1306 1880 doctrinamque
1335 1809 1568 1878 Christi,
1604 1825 1705 1880 per
1745 1808 2045 1877 Apostolo-

399 1910 533 1948 rum
586 1894 815 1964 itinera,
849 1913 951 1967 per
998 1902 1321 1968 martyrum
1367 1897 1772 1962 contumelias,
1822 1913 2041 1962 cruces,

401 1983 771 2054 sanguinem,
808 1989 1045 2048 mortes,
1082 2002 1181 2056 per
1224 1990 1560 2040 sanctorum
1616 1985 2044 2057 praedicabilem

399 2071 604 2136 vitam,
639 2076 812 2142 atque
862 2073 919 2128 in
953 2073 1044 2128 his
1095 2074 1382 2130 universis
1415 2075 1594 2146 digna
1643 2075 1817 2129 rebus
1868 2073 2045 2128 tantis

402 2165 575 2229 atque
607 2160 919 2217 virtutibus
953 2180 1054 2234 pro
1085 2169 1418 2235 temporum
1471 2164 1907 2235 opportunitate
1939 2162 2044 2216 mi-

402 2249 618 2305 racula.
650 2251 792 2306 Cum
845 2251 1022 2323 igitur
1068 2257 1298 2307 tantum
1330 2253 1611 2308 auxilium
1667 2252 1782 2318 Dei,
1815 2256 2044 2307 tantum

402 2339 724 2410 profectum
760 2341 1130 2412 fructumque
1159 2343 1480 2409 videamus,
1508 2342 1907 2396 dubitabimus
1941 2357 2046 2394 nos

402 2427 531 2497 ejus
563 2428 828 2483 Ecclesia:
869 2431 1115 2486 condere
1145 2432 1388 2502 gremio,
1434 2447 1564 2501 quae
1596 2447 1776 2500 usque
1807 2431 1875 2484 ad
1909 2446 2045 2485 con-

401 2515 717 2572 fessionem
748 2519 977 2590 generis
1027 2519 1270 2574 humani
1303 2521 1374 2575 ab
1425 2521 1744 2592 apostolica
1773 2520 1916 2573 Sede
1948 2535 2047 2590 per

402 2607 804 2664 successiones
853 2609 1283 2681 episcoporum,
1325 2612 1544 2666 frustra
1596 2609 1882 2664 haereticis
1930 2609 2043 2663 cir-

404 2694 917 2765 cumlatrantibus,
969 2704 1026 2754 et
1072 2700 1284 2770 partim
1336 2700 1520 2771 plebis
1570 2699 1755 2768 ipsius
1797 2697 2043 2769 judicio,

403 2787 619 2856 partim
652 2789 1032 2844 conciliorum
1063 2790 1360 2862 gravitate,
1396 2790 1606 2862 partim
1657 2788 1833 2843 etiam
1869 2788 2044 2841 mira-

401 2876 665 2932 culorum
703 2879 1004 2948 majestate
1044 2880 1359 2948 damnatis,
1394 2879 1626 2934 culmen
1679 2876 2045 2932 auctoritatis

404 2965 656 3020 obtinuit
685 2970 696 3001 ¹
728 2967 754 3021 ?
781 2967 883 3021 Cui
916 2968 1069 3023 nolle
1099 2969 1321 3040 primas
1353 2970 1508 3038 dare,
1527 2967 1612 3022 vel
1637 2984 1880 3022 summae
1915 2983 2045 3037 pro-

403 3053 551 3109 fecto
581 3055 901 3125 impietatis
923 3061 1030 3124 est,
1057 3056 1145 3111 vel
1171 3057 1480 3128 praecipitis
1511 3056 1872 3127 arrogantiae.
1899 3056 2042 3109 Nam

405 3141 454 3198 si
487 3142 650 3198 nulla
695 3149 851 3200 certa
899 3146 969 3199 ad
1018 3145 1367 3216 sapientiam
1420 3146 1785 3216 salutemque
1834 3143 2043 3199 animis

403 3230 497 3286 via
525 3236 632 3301 est,
667 3232 779 3288 nisi
811 3250 944 3288 cum
994 3251 1092 3289 eos
1124 3236 1332 3290 rationi
1382 3236 1637 3306 praecolit
1668 3236 1852 3301 ﬁdes;
1903 3232 2044 3303 quid

406 3325 495 3377 est
523 3322 681 3376 aliud
733 3321 1027 3394 ingratum
1059 3340 1186 3378 esse
1216 3325 1309 3395 opi
1360 3331 1534 3395 atque
1565 3324 1777 3379 auxilio
1826 3323 2043 3392 divino,

404 3427 582 3482 quam
613 3415 773 3467 tanto
817 3412 1012 3467 labore
1035 3414 1055 3446 ²
1085 3413 1369 3484 praedictas
1402 3413 1732 3468 auctoritati
1785 3413 1926 3468 velle
1957 3429 2044 3467 re-

404 3501 660 3555 sistere?
711 3502 774 3555 Et
825 3501 871 3556 si
924 3519 1288 3574 unaquaeque
1343 3502 1675 3574 disciplina,
1707 3518 2044 3573 quanquam

401 3589 536 3644 vilis
564 3595 620 3645 et
646 3591 853 3655 facilis,
888 3595 952 3645 ut
980 3593 1195 3664 percipi
1231 3593 1433 3663 possit,
1466 3593 1759 3648 doctorem
1794 3597 1893 3646 aut
1926 3608 2044 3646 ma-

405 3679 654 3750 gistrum
675 3680 956 3750 requirit;
989 3682 1125 3752 quid
1147 3682 1466 3737 temerariae
1486 3682 1770 3753 superbire
1794 3681 2044 3752 plenius,

406 3784 584 3840 quam
618 3769 944 3824 divinorum
995 3775 1494 3826 sacramentorum
1531 3771 1731 3842 libros,
1763 3775 1820 3826 et
1857 3772 1928 3825 ab
1959 3771 2048 3824 in-

404 3857 761 3928 terpretibus
816 3860 937 3913 suis
996 3859 1146 3914 nolle
1195 3849 1562 3931 cognoscere,
1615 3866 1670 3915 et
1718 3861 2048 3932 incognitos

403 3945 550 4002 velle
581 3948 860 4002 damnare
878 3948 906 4002 ‘?

477 4035 708 4092 CAPUT
737 4037 929 4092 XVIII.
952 4068 1020 4077 ——
1039 4037 1129 4092 36.
1161 4039 1447 4094 Conclusio
1476 4055 1572 4110 per
1598 4038 2046 4094 exhortationem.

405 4127 628 4182 Persica
664 4128 888 4194 fabella.
943 4129 1352 4194 Quamobrem,
1385 4128 1435 4182 si
1488 4128 1628 4198 quid
1660 4133 1714 4182 te
1761 4127 1846 4182 vel
1879 4128 2046 4194 ratio,

403 4215 496 4271 vel
527 4216 709 4271 oratio
743 4222 941 4271 nostra
984 4216 1314 4287 commovit,
1349 4222 1404 4272 et
1432 4217 1480 4271 si
1513 4234 1724 4282 veram,
1762 4221 1822 4271 ut
1854 4218 2046 4284 credo,

406 4321 604 4360 curam
636 4307 719 4360 tui
767 4306 958 4377 geris;
1011 4305 1180 4362 velim
1218 4323 1306 4362 me
1338 4306 1563 4375 audias,
1596 4311 1652 4362 et
1704 4306 1870 4360 bonis
1905 4323 2047 4377 prae-

406 4395 738 4466 ceptoribus
763 4395 1056 4451 catholica
1079 4395 1536 4450 Christianitatis
1566 4401 1619 4450 te
1642 4395 1735 4466 pia
1767 4396 1898 4463 fide,
1925 4395 2051 4450 ala-

405 4484 486 4540 cri
542 4501 666 4555 spe,
699 4484 951 4555 simplici
1001 4485 1284 4539 charitate
1333 4485 1668 4539 committas
1703 4500 1716 4539 :
1747 4484 2048 4556 Deumque

405 4573 622 4645 ipsum,
649 4575 816 4643 cujus
846 4573 1021 4628 unius
1049 4578 1104 4628 et
1133 4574 1390 4628 bonitate
1424 4573 1554 4628 facti
1590 4589 1814 4639 sumus,
1840 4579 1895 4628 et
1919 4576 2047 4641 jus-

404 4661 533 4716 titia
562 4680 759 4734 pcenas
808 4662 1048 4725 luimus,
1082 4669 1138 4717 et
1168 4663 1474 4718 clementia
1505 4662 1841 4730 liberamur,
1883 4679 2048 4718 orare

405 4768 520 4806 non
552 4769 764 4808 cesses.
802 4753 884 4807 Ita
930 4753 1033 4806 tibi
1068 4768 1251 4823 neque
1285 4756 1568 4823 praecepta
1611 4756 1668 4805 et
1698 4753 2043 4822 disputatio-

405 4857 509 4896 nes
527 4841 1002 4896 doctissimorum
1023 4840 1326 4896 hominum
1349 4845 1404 4895 et
1417 4856 1546 4895 vere
1565 4841 2044 4904 Christianorum,

404 4947 594 5002 neque
625 4930 777 4998 libri,
804 4946 989 5002 neque
1020 4947 1234 4985 serena:
1266 4930 1399 4998 ipsae
1432 4929 1814 5000 cogitationes
1849 4929 2046 4984 defue-

401 5019 522 5074 rint
543 5019 757 5091 quibus
789 5019 952 5075 facile
983 5021 1137 5091 quod
1172 5019 1383 5090 quaeris
1417 5017 1697 5073 invenias.
1725 5019 1870 5075 Nam
1906 5021 2046 5074 istos

401 5109 674 5164 verbosos
707 5114 763 5164 et
796 5108 1042 5164 miseros
1071 5109 1234 5179 (quid
1267 5108 1420 5162 enim
1465 5107 1622 5161 aliud
1654 5107 1856 5162 mitius
1887 5109 2045 5164 dixe-

403 5196 514 5251 rim
535 5197 584 5268 ?)
632 5198 864 5268 penitus
914 5197 1157 5252 desere:
1209 5196 1306 5267 qui
1356 5197 1496 5250 dum
1551 5195 1726 5250 nimis
1778 5201 2048 5268 quaerunt

403 5285 558 5340 unde
592 5286 669 5341 sit
719 5285 965 5352 malum,
1005 5285 1151 5341 nihil
1200 5284 1498 5357 reperiunt
1543 5284 1655 5340 nisi
1705 5284 1947 5340 malum.
1984 5291 2046 5342 In

472 5500 490 5534 ι
521 5497 693 5563 Editio
725 5499 810 5563 Er.
841 5512 960 5548 cum
982 5500 1184 5563 aliquot
1212 5499 1355 5558 Mss.,
1376 5497 1670 5546 damnantis
1697 5498 1926 5549 columen
1957 5513 2047 5546 au-

406 5561 658 5611 ctoritatis
683 5561 923 5611 obtinuit.

466 5625 488 5660 ³
516 5625 686 5682 Forte,
718 5622 915 5673 robore.

2153 494 2266 547 qua
2297 477 2615 547 quaestione
2649 493 2798 547 saepe
2845 475 3141 529 auditores
3171 475 3404 546 erigunt
3435 475 3505 529 ad
3539 490 3813 546 quaeren-

2151 567 2292 620 dum
2326 581 2339 620 :
2375 566 2474 620 sed
2505 582 2572 619 ea
2604 566 2813 620 docent
2835 563 3136 631 excitatos,
3163 569 3224 618 ut
3255 563 3337 619 vel
3373 564 3627 619 dormire
3651 581 3810 618 sem-

2151 671 2254 726 per
2285 653 2471 709 satius
2505 655 2601 722 sit,
2635 671 2808 725 quam
2845 653 2942 709 illo
2973 655 3143 708 modo
3167 652 3456 724 evigilare.
3483 653 3560 708 De
3588 653 3807 707 lethar-

2149 743 2293 812 gicis
2343 743 2494 798 enim
2551 744 2917 814 phreneticos
2962 743 3183 798 faciunt
3220 759 3231 797 :
3267 742 3419 796 inter
3449 759 3595 813 quos
3644 758 3800 796 mor-

2151 833 2420 895 bos,curn
2454 832 2532 886 sit
2563 837 2803 902 uterque
2827 831 3170 902 plerumque
3203 830 3687 897 mortiferus,hoc
3718 835 3803 886 ta-

2151 937 2280 976 men
2314 921 2579 987 interest,
2607 922 2754 992 quod
2790 921 3087 987 lethargici
3121 921 3246 976 sine
3279 919 3466 974 aliena
3497 921 3802 976 vexatione

2150 1010 2522 1074 moriuntur;
2548 1010 2924 1082 phreneticus
2947 1017 3143 1064 autem
3165 1008 3368 1063 multis
3386 1009 3544 1063 sanis
3568 1013 3608 1071 ί,
3633 1013 3691 1064 et
3710 1009 3798 1064 eis

2153 1099 2527 1171 potissimum
2559 1099 2654 1169 qui
2685 1098 2887 1154 volunt
2939 1099 3268 1161 subvenire,
3305 1099 3654 1153 metuendus
3684 1103 3797 1153 est.

2148 1191 2294 1242 Nam
2328 1204 2514 1260 neque
2537 1193 2688 1243 Deus
2719 1187 2853 1242 mali
2879 1193 3081 1242 auctor
3102 1193 3210 1254 est,
3237 1203 3342 1242 nec
3376 1203 3634 1258 unquam
3660 1203 3798 1242 eum

2151 1276 2475 1348 quidquam
2501 1276 2707 1332 fecisse
2731 1276 3021 1349 pcenituit,
3049 1292 3152 1330 nec
3183 1275 3361 1330 ullius
3385 1276 3802 1331 commotionis

2150 1365 2331 1420 animi
2363 1369 2709 1437 tempestate
2740 1366 3030 1430 turbatur,
3063 1380 3168 1419 nec
3195 1368 3359 1419 terrae
3392 1364 3676 1435 particula
3708 1380 3804 1419 re-

2151 1470 2331 1524 gnum
2366 1455 2493 1524 ejus
2523 1458 2634 1518 est,
2661 1452 2821 1508 nulla
2853 1453 3073 1524 ﬂagitia
3093 1451 3179 1507 vel
3213 1451 3435 1507 scelera
3461 1453 3668 1524 probat
3701 1456 3806 1507 aut

2151 1542 2421 1614 imperat,
2457 1559 2756 1613 nunquam
2792 1542 3092 1597 mentitur.
3131 1541 3256 1597 Ilaec
3302 1541 3459 1596 enim
3493 1546 3668 1611 atque
3696 1541 3809 1596 hu-

2143 1631 2407 1702 jusmodi
2441 1648 2546 1687 nos
2579 1632 2908 1701 movebant,
2943 1647 3075 1685 cum
3117 1646 3184 1685 ea
3215 1629 3447 1701 magnis
3469 1630 3488 1664 ²
3522 1629 3801 1685 invectio-

2150 1720 2325 1775 nibus
2357 1725 2682 1792 quaterent,
2714 1725 2771 1775 et
2812 1720 2962 1775 hanc
3012 1736 3138 1775 esse
3169 1718 3392 1774 Veteris
3436 1719 3800 1774 Testamenti

2150 1809 2524 1879 disciplinam
2575 1809 2994 1864 insimularent
3024 1824 3037 1862 :
3073 1808 3226 1880 quod
3276 1808 3517 1862 omnino
3553 1806 3803 1862 falsissi-

2150 1914 2314 1952 mum
2347 1904 2452 1953 est.
2491 1899 2691 1970 Itaque
2723 1897 2853 1952 illos
2898 1903 3048 1952 recte
3079 1895 3501 1968 reprehendere
3531 1897 3640 1950 ista
3668 1912 3805 1951 con-

2149 1987 2310 2042 cedo.
2346 1987 2490 2052 Quid
2525 2003 2656 2057 ergo
2689 1985 2916 2041 didici?
2947 1986 3096 2051 Quid
3147 1989 3340 2056 putas,
3375 1985 3487 2040 nisi
3520 2002 3651 2040 cum
3683 1983 3802 2040 ista

2151 2075 2672 2147 reprehenduntur,
2719 2073 3090 2146 disciplinam
3141 2072 3485 2129 catholicam
3534 2091 3649 2128 non
3699 2090 3798 2128 re-

2151 2165 2477 2236 prehendi?
2509 2165 2592 2219 Ita
2615 2165 2768 2235 quod
2801 2165 2954 2234 apud
2989 2180 3087 2217 eos
3108 2179 3308 2217 verum
3341 2161 3678 2229 didiceram,
3707 2166 3794 2217 te-

2151 2268 2259 2308 neo
2290 2270 2302 2308 :
2338 2254 2492 2325 quod
2527 2253 2739 2307 falsum
2775 2257 3132 2323 putaveram,
3167 2267 3398 2322 respuo.
3451 2250 3561 2306 Sed
3593 2254 3650 2305 et
3682 2250 3802 2305 alia

2153 2342 2334 2397 multa
2363 2359 2456 2397 me
2495 2341 2693 2396 docuit
2724 2341 2979 2396 Ecclesia
3024 2339 3332 2407 catholica,
3366 2340 3517 2411 quod
3572 2338 3653 2393 illi
3687 2339 3803 2393 ho-

2152 2430 2339 2485 mines
2373 2446 2696 2502 exsangues
2728 2430 3092 2502 corporibus,
3128 2430 3228 2484 sed
3264 2428 3446 2483 crassi
3477 2427 3802 2496 mentibus,

2151 2520 2407 2592 aspirare
2439 2537 2552 2574 non
2578 2525 2825 2591 possunt
2857 2536 2869 2573 :
2906 2519 3087 2573 Deum
3123 2517 3342 2573 scilicet
3374 2534 3486 2572 non
3511 2533 3639 2572 esse
3670 2533 3804 2572 cor-

2151 2625 2413 2679 poreum,
2437 2608 2656 2663 nullam
2689 2609 2818 2677 ejus
2851 2611 3073 2678 partem
3095 2606 3389 2678 corporeis
3419 2606 3602 2662 oculis
3630 2621 3807 2677 posse

2150 2698 2373 2767 sentiri,
2411 2697 2552 2752 nihil
2585 2697 2654 2751 de
2686 2697 3016 2751 substantia
3049 2697 3176 2766 ejus
3208 2700 3382 2766 atque
3431 2701 3638 2750 natura
3681 2693 3804 2750 ullo

2151 2788 2324 2842 modo
2355 2801 2484 2842 esse
2512 2785 2778 2840 violabile
2812 2790 2913 2839 aut
2958 2785 3395 2853 commutabile,
3431 2790 3530 2840 aut
3561 2800 3805 2855 compo-

2151 2876 2331 2932 situm
2354 2877 2394 2940 3,
2447 2879 2548 2930 aut
2579 2875 2824 2940 fictum;
2873 2891 3000 2945 quia
3042 2873 3090 2928 si
3143 2873 3287 2928 mihi
3337 2873 3605 2928 concedis
3653 2873 3800 2944 (non

2149 2965 2305 3020 enim
2340 2964 2508 3019 aliter
2537 2965 2608 3018 de
2631 2964 2744 3018 Deo
2776 2963 3144 3018 sentiendum
3167 2963 3299 3033 est),
3327 2962 3524 3018 omnia
3555 2963 3797 3018 illorum

2151 3053 2624 3108 machinamenta
2653 3053 2933 3107 subversa
2963 3057 3118 3106 sunt.
3154 3051 3301 3106 Illud
3334 3068 3466 3106 vero
3497 3052 3793 3122 quomodo

2152 3143 2248 3214 sit,
2283 3147 2346 3197 ut
2376 3158 2480 3197 nec
2525 3143 2678 3196 Deus
2711 3141 2930 3196 malum
2983 3140 3249 3212 genuerit
3279 3145 3380 3195 aut
3427 3141 3645 3209 fecerit,
3684 3157 3795 3195 nec

2152 3231 2271 3287 ulla
2303 3232 2376 3286 sit
2411 3231 2653 3286 fueritve
2685 3247 2946 3301 unquam
2994 3235 3203 3285 natura
3234 3235 3407 3301 atque
3437 3231 3796 3298 substantia,

2150 3336 2327 3390 quam
2361 3337 2473 3374 non
2513 3321 2660 3374 Deus
2687 3325 2788 3373 aut
2825 3319 3090 3391 genuerit
3120 3323 3221 3373 aut
3252 3319 3468 3386 fecerit,
3499 3324 3557 3374 et
3595 3323 3796 3374 tamen

2150 3425 2184 3463 a
2215 3408 2366 3464 malo
2399 3425 2503 3463 nos
2536 3408 2778 3474 liberet;
2810 3413 2929 3462 tam
2965 3407 3307 3462 necessariis
3340 3407 3662 3462 rationibus
3689 3423 3800 3478 ap-

2151 3499 2449 3569 probatur,
2486 3503 2550 3552 ut
2579 3497 2833 3552 dubitari
2867 3497 3104 3552 omnino
3137 3513 3249 3552 non
3284 3497 3471 3568 possit
3502 3513 3514 3551 :
3553 3512 3801 3567 praeser-

2150 3587 2256 3640 tim
2304 3587 2433 3656 tibi,
2477 3590 2650 3656 atque
2704 3585 2964 3653 talibus;
3017 3586 3061 3639 si
3116 3591 3309 3640 tamen
3365 3586 3516 3640 bono
3567 3585 3802 3656 ingenio

2152 3675 2338 3746 pietas
2371 3679 2425 3729 et
2453 3691 2564 3745 pax
2593 3675 2858 3746 quadam
2890 3675 3102 3729 mentis
3133 3675 3388 3738 accedat,
3423 3674 3549 3729 sine
3579 3690 3697 3745 qua
3731 3674 3806 3729 de

2149 3763 2328 3819 tantis
2362 3765 2536 3818 rebus
2568 3764 2712 3817 nihil
2762 3780 3002 3835 prorsus
3053 3763 3298 3835 intelligi
3348 3767 3557 3834 potest.
3594 3763 3660 3818 Et
3707 3762 3805 3819 hic

2151 3870 2267 3908 non
2297 3854 2450 3907 fama
2481 3853 2551 3907 de
2598 3854 2756 3908 fumo
2787 3858 2894 3921 est,
2927 3857 2983 3908 et
3033 3853 3225 3908 nescio
3257 3869 3374 3924 qua
3421 3852 3635 3909 fabella
3662 3857 3801 3908 Per-

2153 3943 2295 4008 sica,
2329 3942 2420 3996 cui
2452 3942 2596 3997 satis
2618 3947 2706 3997 est
2732 3958 2932 3996 aurem
2963 3943 3424 4008 accommodare,
3445 3947 3504 3997 et
3533 3943 3800 3998 animum

2151 4048 2266 4086 non
2299 4031 2721 4094 subtilem,sed
2754 4030 2922 4102 plane
2957 4031 3260 4101 puerilem.
3313 4032 3501 4102 Longe
3531 4031 3796 4102 omnino,

2154 4117 2322 4190 longe
2361 4136 2422 4173 se
2452 4118 2637 4184 aliter,
2665 4135 2778 4173 non
2811 4123 2875 4172 ut
2902 4118 3198 4174 Manichaei
3233 4119 3550 4189 desipiunt,
3585 4119 3800 4174 veritas

2153 4207 2345 4262 habet.
2383 4208 2493 4262 Sed
2525 4208 2801 4278 quoniam
2853 4209 2960 4262 iste
2992 4224 3184 4263 sermo
3218 4211 3416 4263 noster
3446 4206 3625 4263 multo
3675 4224 3805 4279 pro-

2151 4296 2328 4351 cessit
2359 4295 2591 4368 longius
2641 4313 2815 4367 quam
2850 4297 3149 4369 putabam,
3185 4297 3279 4352 hic
3331 4297 3505 4351 ﬁnem
3539 4296 3684 4351 libro
3718 4297 3803 4351 fa-

2152 4385 2379 4439 ciamus
2413 4402 2426 4439 :
2463 4385 2520 4438 in
2558 4402 2672 4456 quo
2706 4385 3042 4440 memineris
3075 4385 3223 4451 volo,
3261 4387 3521 4440 nondum
3555 4402 3648 4440 me
3679 4385 3804 4441 Ma-

2154 4472 2404 4528 nichazos
2445 4475 2690 4546 cmpisse
2739 4474 3020 4546 refellere,
3049 4479 3105 4529 et
3135 4473 3263 4529 illas
3297 4491 3484 4546 nugas
3538 4475 3803 4530 nondum

2151 4562 2435 4618 invasisse
2469 4578 2480 4617 :
2517 4580 2705 4634 neque
2754 4565 2825 4619 de
2855 4564 2982 4635 ipsa
3029 4563 3322 4618 Catholica
3362 4578 3642 4634 magnum
3700 4563 3804 4618 ali-

2153 4651 2290 4722 quid
2320 4653 2655 4724 aperuisse;
2691 4653 2790 4707 sed
2843 4652 3095 4707 voluisse
3145 4653 3554 4707 tantummodo
3603 4667 3804 4708 eruere

2151 4740 2279 4806 tibi,
2313 4741 2362 4794 si
2397 4757 2649 4811 possem,
2685 4741 2889 4796 falsam
2942 4741 3275 4811 opinionem
3320 4741 3392 4795 de
3422 4741 3573 4796 veris
3603 4740 3802 4796 Chris-

2152 4830 2327 4884 tianis
2363 4829 2651 4885 malitiose
2682 4836 2783 4885 aut
2817 4831 3086 4900 imperite
3130 4831 3298 4885 nobis
3330 4829 3710 4898 insinuatam,
3746 4835 3805 4886 et

2152 4917 2373 4989 erigere
2432 4919 2504 4973 ad
2567 4935 2780 4990 magna
2831 4919 3096 4990 quaadarn
3150 4923 3205 4973 et
3256 4919 3451 4974 divina
3501 4919 3801 4975 discenda.

2153 5009 2339 5074 Quare
2370 5007 2478 5063 hoc
2500 5007 2771 5062 volumen
2801 5008 2882 5062 ita
2912 5024 3039 5063 sese
3069 5007 3282 5063 habeat
3315 5025 3328 5062 :
3363 5007 3673 5079 placatiore
3703 5025 3806 5064 au-

2151 5101 2269 5152 tem
2304 5097 2497 5152 animo
2515 5102 2612 5153 tuo
2647 5098 2932 5165 facto,ero
2965 5098 3210 5152 fortasse
3240 5096 3297 5150 in
3331 5096 3808 5170 caaterispromp-

2149 5185 2264 5242 tior
2294 5187 2394 5258 (a).

2215 5376 2233 5408 ί
2270 5375 2413 5433 Lov.,
2447 5373 2627 5420 multis
2657 5374 2704 5421 et
2752 5373 2823 5420 eis
2850 5372 3192 5434 potissimum,
3243 5371 3461 5429 omisso,
3489 5371 3669 5433 sanis;
3709 5383 3809 5434 pro

2152 5449 2257 5500 quo
2272 5436 2401 5500 7Er_.,
2426 5437 2568 5483 satis.
2603 5435 2881 5500 Corrupto.

2216 5500 2238 5534 9
2270 5498 2425 5554 Editi,
2463 5499 2647 5559 magis.
2682 5499 2749 5547 At
2775 5496 2919 5553 Mss.,
2952 5496 3170 5559 magnis.

2216 5562 2237 5595 ³
2267 5562 2322 5608 In
2357 5562 2499 5624 Mss,
2532 5560 2953 5624 composititium.

2214 5623 2291 5685 (α)
2322 5624 2340 5672 1
2373 5623 2602 5672 Retract.
2645 5623 2774 5685 cap.
2810 5623 2883 5680 14,
2916 5634 2971 5671 n.
3004 5623 3048 5670 6.
