4012 6496
157 517 220 576 97
1591 516 1825 577 LIBER
1869 517 2105 578 UNUS.
3446 526 3526 586 98

157 662 495 717 consequens
524 661 654 701 esse
685 646 1063 701 manifestum
1094 649 1204 710 est,
1235 662 1369 702 cum
1400 646 1695 717 injustitia
1723 650 1780 702 et

157 734 581 809 intemperantia
597 739 918 807 ceteraque
941 735 1123 790 animi
1139 734 1281 790 vitia
1298 752 1408 791 non
1427 736 1776 801 sentiantur,

159 827 247 883 sed
272 823 695 896 intelligantur;
728 825 1020 897 quomodo
1053 825 1153 879 fiat
1183 827 1247 879 ut
1278 825 1455 884 etiam
1487 824 1621 891 ista,
1653 841 1779 896 quae

160 917 496 970 detestamur
512 918 569 969 et
587 914 923 969 damnanda
940 929 1266 980 censemus,
1281 918 1477 968 tamen
1500 930 1781 985 quoniam

159 1002 529 1075 intelligibilia
559 1007 717 1068 sunt,
753 1002 973 1057 anteire
1004 1002 1152 1058 hanc
1174 1001 1361 1058 lucem
1396 1008 1782 1074 queant,cum

160 1093 210 1148 in
238 1109 336 1147 suo
374 1107 583 1164 genere
627 1092 739 1146 ista
768 1089 1065 1146 laudanda
1109 1091 1207 1146 sit.
1255 1091 1598 1164 Suggeritur
1626 1092 1783 1146 enim

160 1180 334 1237 animo
356 1182 498 1236 bene
537 1195 665 1236 sese
695 1179 810 1236 Deo
857 1178 1213 1250 subjicienti,
1246 1178 1435 1253 primo
1465 1197 1579 1235 non
1613 1194 1784 1235 omne

163 1270 297 1342 quod
329 1268 659 1336 laudamus,
679 1269 837 1324 omni
861 1268 1017 1339 quod
1047 1268 1607 1340 vituperamus,esse
1630 1274 1787 1324 ante-

163 1358 495 1430 ponendum.
532 1357 730 1429 Neque
752 1357 907 1413 enim
942 1356 1081 1429 quia
1105 1355 1278 1412 laudo
1300 1357 1785 1430 purgatissimum

163 1447 470 1520 plumbum,
492 1446 567 1502 ob
581 1447 688 1502 hoc
704 1445 845 1501 illud
867 1445 1246 1517 vituperando
1270 1463 1410 1502 auro
1429 1446 1612 1519 pluris
1638 1447 1790 1502 aesti-

166 1553 265 1591 mo.
286 1537 343 1591 In
369 1552 474 1591 suo
492 1536 651 1590 enim
672 1551 879 1607 genere
898 1534 1151 1606 quidque
1172 1536 1660 1591 considerandum
1679 1540 1787 1591 est.

164 1626 415 1697 lmprobo
434 1622 927 1695 jurisconsultum
960 1623 1177 1680 multas
1206 1623 1361 1697 leges
1391 1624 1785 1697 ignorantem:

165 1714 251 1769 sed
281 1730 406 1768 eum
439 1718 637 1769 tamen
668 1711 1084 1784 probatissimo
1116 1713 1298 1768 sutori
1332 1714 1415 1768 sic
1444 1714 1706 1784 praefero,
1726 1715 1791 1767 ut

166 1820 227 1858 ne
255 1802 708 1874 comparandum
738 1801 973 1873 quidem
1005 1804 1225 1873 putem.
1251 1806 1325 1857 At
1352 1801 1530 1857 istum
1560 1800 1790 1869 laudo',

166 1893 302 1965 quod
326 1909 440 1947 sua
462 1890 607 1947 artis
629 1888 1023 1962 peritissimus
1056 1889 1164 1945 sit:
1198 1889 1364 1945 illum
1398 1895 1615 1956 autem,
1637 1890 1791 1962 quod

166 1998 315 2039 suam
332 1981 748 2052 professionem
763 1979 959 2035 minus
989 1978 1247 2052 impleat,
1264 1981 1399 2051 jure
1413 1980 1791 2052 reprehendo.

166 2070 234 2127 Ex
263 2086 372 2142 quo
394 2068 648 2142 reperire
678 2069 969 2132 deberem,
1002 2067 1189 2124 lucem
1218 2068 1580 2140 istam,quod
1611 2070 1669 2124 in
1700 2084 1795 2141 ge-

168 2174 289 2213 nere
321 2158 552 2230 proprio
598 2158 853 2229 perfecta
893 2161 1067 2225 esset,
1107 2158 1241 2227 jure
1284 2157 1550 2213 laudari:
1596 2162 1793 2212 tamen

170 2247 289 2317 quia
304 2246 675 2303 sensibilium
695 2262 889 2302 rerum
909 2262 1151 2302 numero
1169 2246 1505 2314 includitur,
1525 2246 1679 2318 quod
1697 2262 1797 2318 ge-

169 2353 269 2392 nus
298 2335 540 2407 intelligi
550 2334 752 2391 bilium
772 2334 968 2407 generi
988 2335 1154 2390 cedat
1170 2351 1405 2391 necesse
1420 2340 1531 2404 est,
1546 2336 1697 2390 infra
1714 2334 1798 2390 in-

162 2425 339 2495 justas
354 2430 407 2480 et
421 2425 879 2495 intemperantes
892 2424 1423 2495 animas,quoniam
1438 2430 1577 2481 sunt
1592 2423 1800 2479 intelli-

167 2513 377 2586 gibiles,
396 2530 526 2569 esse
552 2514 976 2585 deputandam;
1004 2512 1430 2584 quamvisistas
1447 2530 1561 2567 non
1581 2511 1799 2584 injuria

168 2603 527 2658 damnatione
545 2600 1540 2675 dignissimasjudicemus.Quaerim
1552 2619 1619 2656 us
1638 2618 1799 2656 nam-

168 2707 269 2762 que
286 2692 339 2746 in
360 2691 449 2747 bis
467 2691 622 2764 quod
644 2690 983 2747 concilietur
998 2695 1134 2761 Deo,
1161 2707 1272 2746 non
1294 2691 1448 2762 quod
1464 2690 1557 2746 isti
1588 2689 1797 2762 fulgori

168 2781 505 2850 praeferatur.
531 2780 915 2851 Quapropter,
936 2779 1205 2851 quisquis
1234 2779 1342 2834 hoc
1364 2778 1561 2834 lumen
1594 2796 1661 2834 ex
1682 2779 1798 2834 Deo

169 2885 282 2925 esse
309 2868 703 2938 contenderet,
728 2884 844 2923 non
878 2883 1293 2939 repugnarem;
1330 2868 1429 2923 sed
1464 2868 1650 2939 magis
1672 2869 1798 2923 ani-

169 2973 282 3013 mas
300 2958 571 3024 dicerem,
586 2956 825 3012 vitiosas
840 2956 1036 3025 etiam,
1054 2973 1166 3011 non
1186 2957 1242 3010 in
1263 2962 1544 3027 quantum
1559 2957 1799 3024 vitiosas,

170 3046 261 3102 sed
292 3047 347 3101 in
377 3050 667 3117 quantum
691 3044 896 3100 animae
914 3050 1072 3111 sunt,
1094 3049 1274 3100 Deum
1293 3044 1405 3100 sibi
1435 3060 1562 3101 esse
1579 3050 1800 3102 creato-

171 3151 280 3191 rem
312 3134 477 3190 fateri
507 3138 795 3206 oportere.

232 3222 465 3278 CAPUT
506 3222 603 3277 VI.
626 3253 695 3261 —
715 3222 769 3276 6.
801 3220 884 3276 An
918 3222 1035 3293 ipsa
1065 3222 1237 3277 etiam
1268 3223 1401 3278 vitia
1430 3225 1690 3294 tanquam
1711 3225 1800 3279 in-

168 3310 496 3381 telligibilia,
515 3310 633 3366 luci
649 3310 897 3366 sensibili
925 3312 1275 3381 praeferenda
1292 3311 1405 3367 sint
1427 3318 1478 3367 et
1504 3312 1606 3368 Deo
1626 3316 1687 3367 ut
1705 3329 1801 3367 au»

168 3405 296 3457 ctori
312 3400 628 3459 tribuenda.
650 3401 847 3455 Vitium
859 3401 1042 3455 animi
1055 3405 1136 3455 est
1164 3399 1396 3471 defectus
1412 3399 1801 3471 quidam,recte

166 3506 267 3546 non
311 3492 459 3546 inter
508 3488 889 3559 intelligibilia
939 3488 1329 3543 numerandus.
1379 3489 1492 3560 Ipsi
1536 3489 1798 3561 defectus,

168 3581 371 3634 etiamsi
390 3575 933 3647 interintelligibilia
955 3580 1800 3649 numerarentur,nunquaman-

170 3668 442 3739 teponendi
458 3668 619 3724 rebus
635 3665 1071 3722 sensibilibus.8i
1090 3667 1270 3721 tamen
1296 3668 1512 3721 uisibile
1525 3684 1559 3721 a
1575 3669 1679 3723 Deo
1698 3677 1799 3736 est,

169 3759 515 3829 multomagis
536 3756 612 3811 ab
626 3757 740 3827 ipso
761 3756 975 3820 anima,
989 3768 1114 3825 qm
1134 3756 1196 3809 in
1213 3759 1479 3826 quantum
1499 3759 1633 3811 vivit
1645 3757 1803 3813 intel-

171 3845 387 3917 ligibilis
417 3862 503 3901 res
534 3853 633 3914 est,
673 3844 894 3899 etiamsi
931 3845 1144 3899 vitiosa.
1179 3842 1524 3915 Objeczanlur
1551 3854 1739 3901 contra
1768 3864 1803 3901 a

169 3934 467 3991 Manichazis
497 3936 619 3990 loca
650 3932 969 4005 Scriptura”.
994 3934 1106 3988 lloc
1137 3931 1259 3989 loco
1278 3932 1658 4006 siquisquam
1677 3934 1801 3990 illo-

170 4040 292 4079 rum
322 4028 529 4079 cautus
556 4027 614 4078 et
643 4020 1049 4094 vigilans,jam
1071 4022 1248 4077 etiam
1282 4022 1597 4078 studiosior
1627 4040 1803 4095 quam

172 4112 525 4184 pertinacior,
563 4127 655 4167 me
687 4111 1045 4177 admoneret,
1078 4128 1191 4167 non
1224 4111 1295 4166 de
1310 4110 1536 4168 vitiosis
1566 4112 1804 4181 animis,

173 4200 264 4255 sed
296 4201 362 4255 de
395 4200 543 4272 ipsis
573 4198 727 4254 vitiis
758 4215 887 4255 esse
925 4199 1337 4270 quaerendum:
1378 4217 1503 4272 quas
1525 4201 1803 4271 quoniam

172 4304 333 4344 sensu
353 4288 613 4361 corporis
644 4304 758 4344 non
780 4293 1285 4359 cognoscerentur,
1314 4292 1371 4343 et
1386 4292 1580 4344 tamen
1603 4306 1807 4361 cogno-

176 4383 483 4445 scerentur,
520 4394 637 4434 non
662 4376 775 4432 nisi
794 4375 1182 4446 intelligibilia
1198 4392 1367 4448 posse
1387 4378 1589 4450 accipi,
1614 4395 1739 4450 quae
1758 4379 1808 4434 si

174 4467 538 4523 sensibilibus
552 4466 828 4522 omnibus
842 4465 1217 4533 antecellunt,
1250 4466 1556 4522 curlucem
1574 4472 1687 4523 Deo
1705 4484 1807 4523 au-

174 4556 304 4611 ctori
336 4572 464 4612 esse
481 4554 853 4611 tribuendam
874 4554 1025 4609 inter
1042 4570 1148 4609 nos
1165 4555 1518 4623 conveniret,
1536 4556 1807 4612 vitiorum

171 4660 292 4699 vero
322 4651 625 4701 auctorem
656 4643 841 4699 Deum
871 4658 1044 4698 nemo
1076 4641 1187 4698 nisi
1219 4642 1539 4716 sacrilegus
1561 4645 1804 4701 diceret:

174 4735 579 4804 responderem
612 4731 857 4799 homini,
877 4731 925 4787 si
943 4734 1046 4786 aut
1073 4729 1271 4786 statim
1289 4734 1347 4786 et
1364 4737 1616 4803 repente,
1634 4737 1698 4789 ut
1713 4733 1811 4790 bo-

177 4820 258 4876 nis
291 4822 379 4877 Hei
412 4821 739 4877 cultoribus
769 4817 933 4890 solet,
967 4818 1246 4875 divinitus
1276 4819 1602 4876 infulsisset
1632 4821 1810 4894 hujus

177 4908 373 4966 solutio
390 4909 755 4982 quaestionis,
776 4912 879 4963 aut
893 4907 1102 4963 fuisset
1119 4912 1287 4963 antea
1304 4914 1626 4981 praeparata
1645 4927 1657 4964 :
1675 4928 1811 4983 quo-

178 5014 295 5054 rum
313 4998 361 5054 si
379 5003 655 5055 neutrum
678 4998 1026 5053 meruissem
1058 5001 1226 5067 atque
1256 4997 1598 5069 potuissem,
1626 5004 1813 5072 ccepta

178 5086 485 5155 diﬂ'errem;
520 5086 799 5158 quodque
825 5089 980 5141 esset
1008 5084 1397 5156 propositum,
1427 5086 1662 5142 difﬁcile
1682 5104 1812 5145 esse

179 5174 241 5229 ad
259 5175 720 5248 diguoscendum
741 5179 914 5245 atque
931 5173 1183 5229 arduum
1200 5175 1526 5230 confiterer.
1544 5180 1814 5234 Recurre-

179 5277 289 5317 rem
320 5266 376 5320 in
410 5281 527 5333 me,
574 5269 974 5335 prosternerer
1018 5266 1149 5330 Deo,
1196 5260 1310 5317 alte
1349 5262 1810 5335 ingemiscerem,

180 5366 431 5423 quaerens
461 5369 537 5409 ne
570 5368 662 5407 me
692 5352 751 5406 in
783 5351 973 5407 medio
996 5349 1205 5423 spatio,
1239 5367 1354 5422 quo
1385 5354 1557 5409 certis
1581 5355 1813 5410 rationi-

178 5440 279 5496 bus
327 5441 773 5513 promovisssm,
824 5440 1041 5496 haerere
1091 5444 1419 5511 pateretur;
1467 5458 1535 5496 ne
1575 5443 1813 5515 ancipiti

180 5531 490 5601 quastione
503 5545 741 5603 cogerer
756 5533 856 5584 aut
880 5527 1272 5599 intelligibilia
1285 5528 1661 5586 sensibilibus
1675 5534 1812 5589 sub-

182 5619 394 5676 mittere
412 5636 479 5676 ac
495 5618 768 5687 subdere,
782 5622 885 5674 aut
902 5618 1097 5689 ipsum
1114 5616 1385 5672 vitiorum
1407 5617 1595 5675 dicere
1616 5626 1814 5678 aucto-

184 5720 327 5764 rem:
359 5724 493 5764 cum
525 5712 683 5763 esset
712 5706 997 5763 utrumvis
1029 5704 1236 5760 borum
1260 5702 1529 5762 falsitatis
1550 5706 1815 5780 impieta-

240 5842 261 5880 ί
286 5841 528 5897 Vaticani
555 5843 709 5906 Msa,-
732 5856 791 5893 ac
818 5842 972 5893 istum
1000 5838 1174 5891 laudo.

1882 646 2074 717 tisque
2091 648 2520 718 plenissimum.
2544 650 2715 706 Nullo
2735 653 2902 707 modo
2920 669 3151 725 possem
3171 653 3524 723 existimare,

1883 735 2040 805 quod
2056 751 2148 790 me
2161 736 2246 791 sic
2259 737 2528 792 affectum
2546 736 3320 797 illedesereret.Admoneret
3332 743 3526 814 potius

1884 822 2009 878 suis
2039 823 2156 878 illis
2174 824 2568 881 ineffabilibus
2586 828 2796 895 modis,
2816 834 2879 884 ut
2896 830 3323 886 considerarem
3347 832 3523 887 etiam

1884 916 2059 982 atque
2089 912 2289 983 etiam,
2322 919 2522 970 utrum
2554 916 2734 971 animi
2766 917 2923 987 vitia,
2942 918 3013 973 de
3038 918 3285 988 1quibus
3315 924 3526 975 aestua-

1887 1016 2029 1067 rem,
2063 999 2215 1056 inter
2244 1001 2626 1072 intelligibilia
2658 1006 3020 1060 numeranda
3039 1011 3254 1061 essent.
3279 1009 3439 1072 Quod
3466 1012 3529 1063 ut

1887 1089 2226 1159 reperirem,
2280 1096 2514 1162 propter
2550 1090 3011 1149 imbecillitatem
3054 1094 3347 1151 interioris
3375 1095 3527 1151 oculi

1888 1178 2023 1246 mei,
2044 1194 2171 1249 quae
2196 1178 2337 1233 mihi
2360 1180 2607 1251 peccatis
2628 1181 2913 1252 meisjure
2930 1183 3257 1251 accidisset,
3272 1183 3527 1256 aliquem

1889 1265 2031 1320 mihi
2052 1267 2122 1321 ad
2142 1266 2454 1324 invisibilia
2470 1271 2800 1325 contuenda
2815 1270 2873 1324 in
2891 1269 3035 1341 ipsis
3054 1271 3382 1329 visibilibus
3404 1290 3527 1349 ma-

1889 1354 2159 1410 chinarer
2186 1357 2467 1427 gradum:
2500 1374 2749 1430 quorum
2783 1364 2936 1414 esset
2965 1360 3133 1415 nobis
3164 1361 3323 1416 nullo
3356 1363 3530 1417 modo

1890 1443 2100 1498 certior
2143 1445 2414 1516 cognitio,
2465 1447 2568 1501 sed
2611 1449 2969 1503 consuetudo
3004 1449 3292 1505 fidentior.
3334 1452 3537 1522 Itaque

1892 1532 2092 1587 statim
2123 1549 2437 1601 quaererem
2456 1534 2596 1606 quid
2612 1536 2683 1590 ad
2707 1551 2942 1590 sensum
2963 1540 3194 1609 proprie
3224 1539 3540 1609 pertineret

1893 1620 2226 1675 oculorum:
2260 1620 2578 1676 invenirem
2598 1622 2839 1691 colores,
2869 1641 3116 1695 quorum
3142 1627 3534 1697 principatum

1893 1706 1993 1762 lux
2007 1708 2118 1763 ista
2130 1709 2573 1765 obtineretliesc
2584 1712 2739 1766 enim
2752 1718 3023 1783 suntquae
3038 1714 3233 1769 nullus
3247 1714 3396 1770 alius
3411 1732 3543 1771 sen-

1894 1813 1996 1852 sus
2013 1796 2409 1868 attingitmam
2427 1804 2620 1854 motus
2634 1803 3545 1875 oorporum,etmagnitudines,et

1896 1883 2220 1953 intervalla,
2251 1890 2307 1941 et
2338 1886 2578 1959 figuras,
2612 1888 2878 1959 quamvis
2904 1893 2961 1943 et
2983 1889 3187 1960 oculis,
3209 1907 3323 1946 non
3350 1898 3545 1947 tamen

1894 1974 2145 2046 proprie,
2177 1976 2278 2030 sed
2304 1979 2458 2031 tactu
2490 1976 2664 2031 etiam
2687 1993 2859 2048 posse
2883 1978 3108 2034 sentiri.
3132 1979 3289 2036 Unde
3311 1981 3545 2052 collige-

1896 2078 2018 2118 rem
2050 2066 2210 2119 tanto
2240 2065 2461 2120 caeteris
2479 2066 2778 2137 corporeis
2795 2071 2852 2121 et
2871 2067 3247 2124 sensibilibus
3274 2075 3550 2141 praestare

1896 2150 2336 2222 lucem,quanto
2353 2152 2486 2209 aliis
2502 2155 2774 2210 sensibus
2787 2160 3058 2227 aspectus
3071 2162 3225 2213 esset
3240 2156 3549 2216 illustrior.

1897 2239 2091 2294 Electa
2108 2238 2288 2311 igitur
2303 2257 2372 2296 ex
2390 2243 2667 2298 omnibus
2682 2259 2809 2313 qua:
2826 2260 3067 2316 corpore
3082 2248 3420 2302 sentiuntur
3436 2248 3551 2304 ista

1897 2326 2047 2398 luce,
2068 2345 2183 2399 qua
2202 2330 2439 2397 niterer,
2458 2335 2515 2386 et
2536 2332 2594 2385 in
2631 2348 2745 2402 qua
2764 2333 3011 2404 gradum
3031 2333 3198 2389 illum
3222 2335 3549 2407 inquisitio-

1899 2416 1991 2469 nis
2024 2432 2165 2472 mea:
2184 2419 2514 2474 necessario
2533 2418 2908 2488 collocarem;
2934 2438 3227 2494 pergerem
3251 2425 3551 2480 attendere

1899 2503 2039 2574 quid
2071 2510 2339 2576 ageretur
2370 2507 2478 2563 hoc
2512 2508 2705 2573 modo,
2731 2509 3179 2579 mecumqueita
3201 2512 3552 2568 sermocina-

1899 2608 2024 2647 rer:
2057 2593 2113 2647 Si
2131 2592 2218 2649 sol
2250 2594 2358 2650 iste
2377 2599 2540 2651 tanta
2556 2595 2818 2652 claritate
2833 2598 3186 2668 conspicuus
3206 2604 3263 2655 et
3279 2600 3393 2655 diei
3417 2600 3547 2657 luce

1900 2682 2413 2754 sufﬁciens,usque
2437 2685 2505 2739 ad
2526 2683 2673 2739 lunas
2692 2685 3209 2743 similitudinemin
3230 2694 3546 2760 conspectu

1900 2774 2098 2826 nostro
2110 2771 2389 2843 paulatim
2403 2773 2839 2839 deficeret,num
2855 2774 3010 2830 aliud
3026 2776 3344 2849 quidquam
3359 2777 3546 2835 oculis

1900 2859 2251 2915 sentiremus
2266 2877 2442 2931 quam
2456 2860 2646 2917 lucem
2664 2868 2985 2934 utcumque
3006 2865 3546 2937 fulgentem;lucem

1900 2954 2096 3003 tamen
2129 2956 2474 3019 quaerentes,
2507 2952 2661 3021 quod
2694 2954 2886 3007 fuerat
2917 2969 3031 3008 non
3050 2955 3550 3023 videndo,ethau—

1902 3035 2116 3092 rientes
2147 3039 2391 3093 videndo
2422 3040 2576 3109 quod
2610 3040 2847 3095 aderat?
2864 3041 2989 3096 Non
3021 3058 3156 3115 ergo
3188 3043 3354 3099 illum
3389 3045 3547 3102 defe-

1901 3130 2060 3180 ctum
2079 3124 2428 3195 videremus,
2450 3129 2548 3183 sed
2581 3127 2769 3184 lucem
2792 3146 2916 3200 quae
2935 3131 3179 3186 del'ectui
3198 3137 3543 3190 remaneret.

1902 3213 2044 3268 Cum
2077 3219 2271 3269 autem
2305 3232 2419 3270 non
2450 3216 2803 3288 videremus,
2836 3234 2952 3273 non
2982 3220 3363 3291 sentiremus;
3385 3222 3554 3294 quid-

1902 3302 2043 3375 quid
2075 3302 2231 3358 enim
2265 3305 2557 3360 sentimus
2576 3310 2838 3379 aspectu,
2867 3325 2981 3363 non
2997 3314 3187 3380 potest
3208 3326 3321 3366 non
3342 3311 3547 3368 videri:

1903 3407 2102 3462 quare,
2135 3394 2181 3449 si
2216 3393 2474 3449 defectus
2504 3394 2600 3451 ille
2632 3411 2815 3466 neque
2840 3396 2990 3463 visu,
3021 3414 3210 3470 neque
3234 3399 3347 3456 alio
3368 3416 3547 3457 sensu

1903 3481 2233 3545 sentiretur,
2251 3498 2367 3537 non
2407 3488 2603 3554 posset
2631 3482 3096 3541 intersensibilia
3116 3489 3549 3545 numerari.Ni-

1903 3568 1985 3622 bil
2016 3570 2173 3624 enim
2204 3571 2483 3626 sensibile
2504 3577 2612 3639 est,
2633 3575 2786 3643 quod
2806 3572 3009 3628 sentiri
3028 3591 3141 3629 non
3162 3582 3366 3647 potest.
3384 3578 3550 3635 Refe-

1904 3674 2105 3713 ramus
2150 3675 2306 3713 nunc
2351 3661 2877 3717 considerationem
2930 3664 3003 3719 ad
3052 3665 3347 3734 virtutem,
3380 3668 3553 3738 cujus

1901 3746 2400 3819 intelligibililuce
2412 3749 2716 3821 splendere
2728 3750 2991 3807 animum
3006 3756 3556 3813 convenientissima

1906 3835 2180 3892 dicimus.
2214 3841 2391 3892 Porro
2410 3840 2483 3892 ab
2496 3838 2604 3894 hac
2625 3838 2754 3895 luce
2773 3840 3000 3895 virtutis
3025 3842 3289 3899 defectus
3312 3845 3552 3915 quidam

1907 3942 2021 3981 non
2052 3927 2345 3997 perimens
2376 3927 2656 3996 animam,
2675 3930 2773 3984 sed
2794 3929 3356 3997 obscurans,vitium
3378 3950 3550 3990 voca-

1908 4018 2018 4070 tur.
2054 4014 2247 4071 Potest
2266 4015 2447 4088 igitur
2463 4022 2612 4073 recte
2629 4017 2832 4075 vitium
2848 4035 3084 4091 quoque
3102 4022 3312 4077 animae
3326 4038 3548 4095 nequa-

1906 4120 2082 4176 quam
2116 4104 2265 4160 inter
2293 4105 2680 4178 intelligibilia
2698 4110 3012 4177 numerari,
3035 4115 3098 4163 ut
3116 4110 3374 4167 lucisille
3392 4113 3551 4169 defe-

1906 4197 2037 4249 ctus
2066 4199 2218 4249 recte
2249 4194 2320 4248 de
2361 4194 2726 4250 sensibilium
2772 4214 3015 4253 numero
3058 4198 3358 4256 eximitur:
3404 4201 3552 4257 illud

1906 4286 2106 4337 tamen
2137 4283 2288 4351 quod
2312 4290 2575 4338 remanet
2599 4285 2826 4349 animae,
2849 4285 2904 4340 id
2924 4290 3033 4352 est,
3054 4287 3162 4342 hoc
3188 4289 3379 4360 ipsum
3394 4291 3550 4361 quod

1907 4370 2045 4425 vivit
2061 4377 2235 4441 atque
2252 4372 2449 4427 anima
2467 4379 2702 4440 est,tam
2727 4382 2816 4428 est
2832 4375 3401 4449 intelligibile,quam
3421 4395 3554 4434 sen-

1910 4457 2079 4513 sibile
2104 4458 2243 4512 illud
2263 4459 2419 4528 quod
2443 4460 2501 4513 in
2519 4459 2627 4515 hoc
2644 4461 2857 4517 visibili
2878 4462 3099 4519 lumine
3116 4470 3248 4535 post
3266 4466 3556 4524 defectum

1910 4552 2452 4619 quantumcumque
2485 4548 2732 4621 fulgeret
2752 4569 2765 4606 :
2789 4557 2847 4606 et
2864 4552 2992 4606 ideo
3010 4553 3268 4609 animam
3290 4554 3349 4610 in
3371 4572 3557 4628 quan-

1912 4640 2037 4691 tum
2069 4636 2266 4691 anima
2282 4643 2454 4708 esset,
2470 4643 2526 4693 et
2545 4638 2672 4693 vitae
2700 4641 3096 4713 participaret,
3115 4642 3242 4698 sine
3256 4660 3375 4715 qua
3391 4644 3552 4702 nullo

1912 4729 2078 4797 pacto
2096 4724 2290 4780 anima
2301 4743 2429 4782 esse
2448 4732 2657 4798 potest,
2680 4730 3002 4786 rectissime
3018 4733 3292 4789 omnibus
3308 4734 3557 4789 sensibi-

1914 4811 2069 4869 libus
2110 4814 2404 4870 anteferri.
2453 4817 2838 4881 Quamobrem
2879 4818 3116 4875 maximi
3162 4822 3372 4878 erroris
3404 4839 3554 4893 esse,

1915 4901 2095 4958 ullam
2127 4903 2383 4959 animam
2413 4904 2607 4961 dicere
2636 4923 2751 4963 non
2783 4923 2911 4964 esse
2940 4925 3007 4964 ex
3026 4909 3165 4979 Deo,
3195 4927 3263 4967 ex
3292 4928 3405 4984 quo
3427 4928 3556 4969 esse

1914 4993 2094 5048 solem
2126 4991 2446 5065 lunamque
2474 4993 2761 5065 glorieris.

1985 5083 2040 5136 7.
2077 5082 2238 5147 Quod
2270 5082 2317 5137 si
2351 5084 2476 5153 jam
2523 5084 2776 5156 placeret
2802 5089 2999 5144 omnia
3040 5090 3341 5145 sensibilia
3370 5090 3558 5148 nomi-

1916 5186 2075 5236 nare,
2095 5187 2209 5226 non
2229 5171 2400 5227 modo
2418 5188 2487 5228 ea
2502 5189 2629 5243 quas
2648 5176 3023 5245 sentiremus,
3041 5179 3140 5234 sed
3159 5179 3330 5235 etiam
3347 5195 3415 5235 ea
3430 5197 3556 5252 quas

1917 5276 2033 5314 non
2065 5260 2365 5316 sentiendo
2398 5265 2590 5317 tamen
2615 5279 2716 5335 per
2746 5282 2954 5337 corpus
2977 5268 3558 5336 judicaremus,sicut

1916 5364 2019 5419 per
2048 5348 2247 5404 oculos
2279 5350 2569 5418 tenebras,
2602 5358 2658 5407 et
2683 5371 2785 5424 per
2804 5372 2973 5410 aures
3005 5356 3303 5412 silentium
3327 5358 3556 5426 ;etillas

1918 5438 2073 5493 enim
2107 5455 2220 5493 non
2249 5440 2515 5506 videndo,
2549 5447 2606 5495 et
2643 5443 2750 5497 hoc
2783 5460 2893 5498 non
2928 5447 3216 5501 audiendo
3256 5448 3555 5520 cognosci-

1924 5544 2079 5583 mus:
2116 5545 2437 5600 rursusque
2459 5528 3073 5602 intelligibilia,nonea
3088 5540 3315 5591 tantum
3340 5554 3467 5609 quae
3486 5538 3557 5593 il-

1917 5621 2168 5689 lustrata
2185 5623 2373 5673 mente
2393 5618 2982 5690 conspicimus,sicuti
3001 5632 3092 5680 est
3106 5625 3235 5696 ipsa
3250 5627 3558 5699 sapientia;

1984 5781 2001 5815 ι
2037 5776 2191 5841 Αριιά
2215 5777 2345 5846 _I_.ov.
2368 5775 3253 5846 particula,de,prsatermissa,non
3278 5784 3415 5835 bene
3433 5788 3557 5841 red-

1920 5837 2109 5903 ditum}
2135 5837 2318 5899 quibus
2343 5837 2637 5893 istuarem.
