4012 6458
444 526 522 587 99
944 521 1045 581 DE
1088 517 1407 580 DUABUS
1453 515 1870 577 ANIMABUS
1917 511 2227 572 CONTRA
2271 510 2769 585 MANICHAEOS,
2819 513 2882 572 S.
2931 511 3364 574 AUGUSTINI

444 659 544 714 sed
580 653 757 711 etiam
789 651 887 708 illa
919 669 1045 724 quae
1077 653 1265 724 ipsius
1315 650 1726 706 illustrationis
1767 645 2089 719 privatione

442 747 870 811 aversamur,ut
899 748 987 797 est
1019 741 1378 812 insipientia,
1413 757 1585 811 quam
1611 739 1878 795 tenebras
1903 734 2088 791 animi

440 849 693 906 congrue
723 831 1002 887 dixerim:
1040 830 1260 884 nullam
1282 830 1351 884 de
1381 829 1552 882 verbo
1590 829 1832 882 facerem
1859 829 2088 880 contro-

439 922 712 991 versiam,
747 922 843 976 sed
880 923 1059 975 totam
1088 919 1466 991 quaestionem
1486 916 1637 973 facili
1665 915 1945 970 divisione
1968 913 2086 968 dis-

439 1009 1064 1078 solverem,statimque
1077 1007 1456 1078 approbarem
1471 1006 1616 1060 bene
1629 1002 2084 1059 attendentibus.

441 1096 1209 1168 substantiasintelligibiles
1232 1094 1609 1150 sensibilibus
1630 1090 1976 1148 substantiis
1994 1089 2049 1143 di
2065 1121 2086 1130 -

438 1190 576 1244 vina
593 1193 649 1245 et
665 1188 1000 1258 incorrupta
1018 1185 1274 1239 veritatis
1305 1183 1429 1255 lege
1454 1182 1734 1254 prteponi,
1751 1198 1863 1235 non
1885 1196 2085 1235 earum

435 1278 895 1334 substantiarum
917 1276 1177 1329 defectus
1200 1291 1212 1339 ;
1235 1273 1500 1345 quamvis
1532 1272 1637 1327 bos
1670 1268 2085 1341 intclligibiles,

433 1366 566 1423 illos
599 1365 908 1422 sensibiles
939 1363 1231 1435 appellare
1249 1361 1550 1417 vellemus.
1577 1364 1961 1430 Quapropter,
1985 1358 2085 1428 qui

434 1461 491 1512 et
520 1456 640 1511 haec
664 1454 890 1510 lumina
920 1450 1191 1521 visibilis,
1217 1456 1272 1505 et
1294 1450 1421 1506 illas
1443 1447 1838 1517 intelligibiles
1862 1448 2087 1502 animas

441 1545 805 1602 substantias
824 1559 948 1598 esse
969 1543 1309 1608 faterentur,
1323 1539 1479 1594 omni
1506 1539 1677 1593 modo
1695 1554 1791 1593 eos
1815 1536 1939 1606 cogi
1956 1537 2088 1590 sub-

444 1634 705 1689 limiores
740 1635 931 1704 partes
972 1629 1184 1685 animis
1221 1629 1553 1697 concedere,
1588 1631 1762 1697 atque
1793 1625 2084 1691 tribuere;

440 1723 696 1778 defectus
712 1737 844 1776 vero
863 1720 1168 1789 utriusque
1188 1717 1416 1791 generis
1440 1734 1551 1771 non
1577 1732 1745 1787 posse
1774 1713 1987 1769 alteros
2005 1710 2087 1766 al-

442 1812 582 1867 teris
612 1811 909 1883 anteponi,
944 1810 1173 1880 privant
1223 1808 1378 1862 enim
1412 1810 1667 1871 tantum,
1711 1808 1766 1859 et
1807 1821 1919 1858 non
1961 1817 2087 1857 esse

437 1900 722 1970 indicant,
759 1899 910 1970 quod
960 1912 1381 1969 usquequaque
1415 1896 1676 1949 eamdem
1701 1892 1815 1947 vim
1849 1891 2084 1955 habent,

437 1990 591 2045 sicut
607 1989 745 2061 ipsae
765 1987 1122 2059 negationes.
1141 1991 1283 2039 Nam
1306 2001 1437 2040 cum
1457 1983 1727 2045 dicimus,
1744 1981 1866 2036 Non
1886 1985 1972 2035 est
1992 1996 2088 2033 au-

437 2095 594 2147 rum,
627 2083 704 2144 et,
739 2079 861 2133 Non
893 2081 983 2132 est
1015 2077 1232 2140 virtus;
1279 2074 1547 2145 quamvis
1597 2073 1747 2126 inter
1789 2085 1998 2125 aurum
2033 2072 2089 2123 et

436 2169 706 2225 virtutem
739 2166 1083 2238 plurimum,
1137 2163 1283 2218 nihil
1318 2168 1513 2217 tamen
1544 2161 1694 2216 inter
1726 2159 2085 2230 negationes,

439 2273 588 2328 quas
614 2256 698 2312 eis
713 2255 1114 2326 adjunximus,
1147 2254 1343 2308 distat.
1363 2251 1578 2306 Verum
1610 2251 1902 2306 enimvero
1922 2248 2088 2318 pejus

443 2350 532 2402 est
557 2363 670 2401 non
705 2362 832 2400 esse
863 2343 1159 2409 virtutem,
1182 2359 1357 2414 quam
1380 2358 1490 2396 non
1511 2356 1635 2395 esse
1654 2355 1860 2394 aurum
1883 2354 1895 2391 :
1918 2352 2087 2392 nemo

441 2453 623 2492 sanus
657 2435 794 2489 hinc
825 2433 1101 2504 ambigit;
1133 2432 1284 2502 quod
1320 2448 1432 2485 non
1466 2434 1699 2502 propter
1728 2429 1884 2500 ipsas
1918 2443 2088 2497 nega-

438 2525 650 2590 tiones,
670 2525 768 2580 sed
794 2527 1025 2595 propter
1042 2539 1133 2576 res
1151 2521 1363 2593 quibus
1381 2520 1804 2590 adjunguntur,
1826 2515 2086 2571 accidere

439 2615 571 2686 quis
591 2631 704 2669 non
726 2611 1201 2682 intelligat?Auro
1219 2609 1370 2665 enim
1393 2609 1574 2663 virtus
1594 2616 1808 2678 quanto
1829 2609 2082 2677 praestat,

437 2706 601 2758 tanto
624 2707 713 2758 est
745 2703 956 2756 virtute
976 2717 1150 2770 quam
1171 2715 1310 2754 auro
1329 2714 1522 2753 carere
1555 2696 1844 2751 miserius.
1870 2697 2082 2760 Quam-

438 2793 802 2860 obrem,cum
822 2808 912 2846 res
930 2789 1324 2860 intelligibiles
1344 2786 1720 2842 sensibilibus
1741 2786 1914 2840 rebus
1932 2788 2086 2837 ante-

439 2882 673 2952 cellunt,
689 2881 978 2936 defectum
998 2879 1056 2932 in
1076 2875 1540 2948 intelligibilibus
1559 2891 1737 2944 quam
1757 2873 1816 2927 in
1834 2870 2083 2928 sensibi-

437 2969 598 3024 libus
630 2968 838 3022 merito
868 2965 1080 3037 aegrius
1111 2963 1460 3030 toleramus;
1508 2979 1620 3016 non
1670 2978 1769 3016 eos
1801 2960 2082 3029 defectus,

440 3058 543 3113 sed
577 3074 644 3112 ea
674 3073 799 3127 qua:
832 3055 1131 3123 deliciunt,
1151 3053 1383 3107 charius
1401 3053 1487 3108 vel
1519 3051 1687 3106 vilius
1706 3049 2080 3104 azstimantes.

441 3150 518 3202 Ex
543 3163 656 3218 quo
679 3146 803 3215 jam
829 3143 971 3198 illud
1002 3146 1261 3214 apparet,
1281 3142 1568 3196 defectum
1586 3140 1732 3210 vitae,
1759 3156 1882 3210 quae
1915 3137 2082 3192 intel-

439 3235 684 3307 ligibilis
711 3239 820 3302 est,
854 3233 1037 3290 multo
1069 3231 1550 3287 miserabiliorem
1584 3247 1730 3297 esse,
1763 3245 1934 3300 quam
1970 3227 2083 3282 hu-

431 3325 534 3396 jus
567 3323 860 3379 sensibilis
893 3322 1074 3389 lucis;
1107 3321 1259 3392 quod
1283 3320 1505 3376 scilicet
1524 3318 1708 3374 multo
1740 3321 1827 3371 est
1857 3315 2087 3371 charior

438 3410 735 3465 intellecta
762 3410 898 3479 vita,
932 3424 1107 3480 quam
1139 3408 1238 3463 lux
1269 3408 1381 3463 ista
1412 3410 1741 3476 conspecta.

509 3500 562 3554 8.
599 3501 731 3565 Quae
764 3515 896 3553 cum
931 3499 1011 3553 ita
1041 3499 1178 3565 sint,
1225 3497 1538 3552 audebitne
1583 3496 1917 3567 quisquam,
1950 3509 2083 3548 cum

441 3588 622 3645 solem
655 3605 721 3643 ac
750 3588 973 3657 lunam,
995 3591 1051 3643 et
1080 3587 1365 3658 quidquid
1387 3587 1442 3641 in
1463 3586 1776 3650 sideribus,
1797 3583 2083 3654 quidquid

442 3679 695 3748 denique
726 3676 783 3731 in
816 3677 924 3732 hoc
955 3678 1087 3748 igne
1109 3680 1308 3732 nostro
1339 3681 1512 3746 atque
1542 3679 1771 3729 terreno
1799 3672 1925 3728 luce
1947 3671 2084 3726 visi-

442 3766 543 3821 bili
563 3765 816 3837 effulget,
837 3766 951 3820 Deo
971 3765 1211 3832 tribuat,
1234 3764 1459 3819 animas
1477 3763 1782 3835 quaslibet,
1804 3780 1930 3833 qum
1951 3779 2083 3833 pro-

443 3857 588 3910 fecto
613 3855 724 3910 nisi
755 3855 996 3909 vivendo
1019 3855 1224 3908 animae
1249 3871 1360 3908 non
1383 3859 1539 3920 sunt,
1562 3870 1691 3907 cum
1728 3855 1955 3906 tantum
1979 3851 2086 3905 hoc

438 3943 633 3999 lumen
665 3943 782 3998 vita
815 3944 1117 4015 praecedat,
1151 3942 1306 3998 nolle
1337 3943 1647 3997 concedere
1687 3959 1752 3996 ex
1783 3946 1891 3996 Deo
1919 3939 2088 3996 esse?

437 4037 494 4089 et
524 4049 656 4088 cum
678 4031 774 4088 ille
791 4049 987 4088 verum
1009 4031 1182 4098 dicat,
1204 4032 1303 4103 qui
1339 4031 1498 4098 dicit,
1521 4031 1583 4085 In
1608 4034 1896 4101 quantum
1917 4029 2083 4096 nitet,

441 4140 507 4178 ex
537 4122 652 4177 Deo
676 4125 798 4188 est;
833 4138 1015 4193 egone
1035 4121 1294 4187 tandem,
1317 4120 1469 4176 Deus
1488 4136 1718 4191 magne,
1750 4119 2016 4185 mentiar,
2039 4117 2087 4174 si

442 4212 655 4280 dicam,
691 4213 753 4266 In
788 4215 1072 4281 quantum
1105 4209 1261 4279 vivit,
1303 4226 1371 4264 ex
1415 4210 1528 4264 Deo
1559 4209 1688 4264 est?
1731 4209 1855 4262 Non
1903 4223 2090 4278 usque

443 4301 833 4371 adeo,quaeso,
863 4299 1092 4354 cmcitas
1111 4299 1325 4354 mentis
1343 4297 1747 4369 suppliciaque
1766 4301 2091 4367 augeantur

444 4389 795 4457 animorum,
819 4393 880 4443 ut
897 4388 1017 4442 haec
1035 4388 1301 4442 homines
1319 4404 1432 4442 non
1454 4385 1802 4458 intelligant.
1825 4387 1933 4440 Sed
1955 4402 2089 4456 quo-

445 4494 560 4549 quo
594 4477 766 4532 modo
797 4475 1031 4531 illorum
1050 4493 1209 4532 error
1227 4480 1328 4531 aut
1345 4476 1661 4547 pertinacia
1679 4492 1804 4530 sese
1826 4475 2086 4544 haberet,

443 4566 538 4621 his
567 4582 672 4634 ego
697 4566 875 4621 fretus
909 4571 1284 4636 armatusque
1316 4564 1657 4631 rationibus,
1679 4565 1846 4619 credo
1866 4581 1996 4618 cum
2017 4563 2088 4617 ad

447 4671 544 4711 eos
559 4671 679 4710 rem
695 4654 776 4710 ita
789 4655 1214 4710 consideratam
1232 4659 1711 4726 perspectamque
1726 4653 2062 4708 detulissem
2075 4693 2088 4718 ,

445 4748 503 4800 et
533 4761 666 4799 cum
682 4743 774 4799 his
789 4744 1013 4816 placide
1025 4743 1424 4808 contulissem,
1439 4759 1664 4798 vererer
1681 4760 1751 4798 ne
1767 4741 1907 4796 mihi
1927 4742 2088 4813 quis-

446 4849 623 4904 quam
644 4849 842 4887 eorum
878 4833 1126 4903 alicujus
1157 4832 1433 4888 momenti
1455 4849 1581 4887 esse
1596 4832 1904 4895 videretur,
1925 4832 1973 4886 si
1992 4834 2094 4885 aut

445 4921 832 4989 intellectum,
852 4926 953 4975 aut
970 4938 1036 4975 ea
1054 4938 1180 4992 quae
1200 4921 1496 4976 intellectu
1520 4937 1631 4976 non
1651 4937 1753 4992 per
1765 4921 2053 4974 defectum

446 5011 904 5084 perciperentur,
921 5011 1118 5065 sensui
1132 5015 1438 5066 conaretur
1456 5011 1743 5080 praeferre,
1765 5014 1865 5064 aut
1885 5009 2092 5065 saltem

449 5114 787 5172 comparare
819 5115 1114 5170 corporeo,
1146 5099 1234 5153 vel
1262 5099 1353 5153 his
1373 5100 1546 5154 rebus
1576 5116 1696 5168 quae
1717 5099 1785 5153 ad
1820 5099 2090 5153 eumdem

449 5206 683 5246 sensum
713 5190 1121 5260 cognoscendae
1143 5187 1408 5243 similiter
1424 5189 1798 5260 pertinerent.
1819 5188 1940 5251 Quo
1958 5205 2094 5243 con-

447 5278 673 5342 stituto,
702 5277 933 5347 quando
960 5276 1055 5332 ille
1087 5277 1228 5332 mihi
1251 5279 1335 5332 vel
1356 5277 1666 5348 quisquam
1688 5292 1896 5348 negare
1914 5278 2091 5332 aude-

451 5372 556 5433 ret,
592 5366 819 5421 animas
851 5371 1134 5437 quantum
1159 5366 1324 5422 vellet
1346 5370 1549 5437 malas,
1582 5371 1779 5420 tamen
1813 5367 2090 5438 quoniam

450 5454 656 5510 anime
690 5458 906 5519 essent,
928 5454 1380 5527 intelligibilium
1412 5470 1604 5509 rerum
1638 5470 1880 5508 numero
1911 5454 2094 5508 conti-

451 5544 597 5605 neri,
632 5558 819 5613 neque
850 5542 980 5598 illas
1012 5561 1112 5616 per
1142 5545 1429 5599 defectum
1473 5541 1762 5614 intelligi?
1793 5543 2092 5613 Siquidem

450 5631 657 5688 animae
677 5648 791 5687 non
811 5630 924 5687 alio
943 5640 1156 5699 essent,
1178 5633 1290 5689 nisi
1310 5649 1422 5703 quo
1455 5631 1725 5686 viverent.
1752 5631 1907 5686 Licet
1936 5632 2092 5686 enim

515 5796 546 5918 if
564 5793 718 5904 Epiti,
749 5793 978 5844 nondum
1007 5797 1244 5858 per/eote.
1264 5793 1452 5843 Melius
1472 5791 1709 5843 Vaticani
1731 5793 1986 5854 Mss.,non
2003 5808 2097 5856 per

547 5871 599 5904 ec
625 5870 728 5905 um.

492 5870 728 5905 electum.

3742 511 3866 574 100

2204 661 2308 715 per
2353 644 2642 699 defectum
2687 644 3151 715 intelligerentur
3181 645 3420 710 vitiosae,
3455 643 3594 716 quia
3621 644 3861 700 virtutis

2202 739 2458 805 egestate
2489 734 2705 789 vitiosae
2731 753 2744 801 ;
2797 752 2913 789 non
2946 740 3138 789 tamen
3173 751 3273 806 per
3304 735 3595 789 defectum
3623 733 3856 800 animae,

2200 822 2334 892 quia
2363 822 2607 878 vivendo
2634 824 2992 879 animae.Nec
3012 824 3130 878 fieri
3157 827 3345 894 potest
3365 828 3430 878 ut
3446 823 3572 878 vita:
3593 840 3857 895 praesen-

2198 910 2279 965 tia
2297 911 2374 966 sit
2405 928 2583 967 causa
2614 912 2919 967 definiendi
2940 930 2952 970 :
2973 929 3105 967 cum
3131 916 3295 967 tanto
3319 911 3579 985 quidque
3600 911 3854 984 deficiat,

2199 1005 2418 1070 quanto
2450 1000 2736 1055 deseritur
2767 1018 2799 1055 a
2829 1001 2958 1056 vita.

2266 1088 2320 1142 9.
2355 1088 2526 1144 Omni
2549 1090 2720 1144 modo
2751 1089 2929 1161 igitur
2960 1105 3091 1144 cum
3113 1092 3331 1160 pateret
3363 1108 3478 1145 non
3501 1107 3670 1163 posse
3697 1091 3853 1147 ullas

2199 1177 2426 1232 animas
2458 1179 2530 1232 ab
2563 1195 2627 1233 eo
2661 1184 2894 1234 auctore
2925 1179 3205 1249 separari,
3247 1197 3280 1233 a
3312 1196 3424 1250 quo
3457 1180 3554 1235 lux
3587 1182 3699 1236 ista
3732 1198 3851 1236 non

2198 1271 2529 1337 separatur;
2555 1268 2684 1337 jum
2712 1267 2998 1340 quidquid
3032 1268 3322 1337 afferrent,
3350 1286 3460 1325 non
3495 1270 3850 1341 acciperem,

2198 1370 2617 1427 moneremque
2650 1357 2865 1428 potius,
2893 1362 2956 1411 ut
2989 1372 3087 1412 eos
3122 1372 3350 1412 mecum
3384 1359 3548 1428 sequi
3582 1358 3850 1424 mallent,

2199 1443 2298 1514 qui
2331 1461 2502 1499 omne
2535 1446 2818 1516 quidquid
2847 1451 3024 1513 esset,
3057 1445 3333 1516 quoniam
3368 1451 3541 1515 esset,
3568 1447 3625 1502 in
3653 1464 3852 1519 quan-

2199 1537 2583 1604 tumcumque
2613 1539 2783 1602 esset,
2818 1553 2885 1590 ex
2917 1551 3026 1590 uno
3059 1535 3172 1590 Deo
3204 1552 3334 1590 esse
3367 1536 3772 1607 praedicarent.

2268 1620 2496 1677 CAPUT
2535 1623 2653 1678 VII.
2760 1623 3172 1696 Maliquomcdo
3203 1640 3272 1679 ex
3297 1625 3420 1692 Deo,
3439 1635 3489 1681 et
3505 1642 3612 1680 non
3629 1642 3700 1680 ea:
3715 1627 3849 1682 Deo.

2197 1709 2523 1766 Recitarent
2553 1713 2835 1767 adversus
2860 1730 2949 1767 me
2977 1730 3144 1768 voces
3171 1713 3301 1768 illas
3333 1715 3728 1786 evangelicae:
3755 1716 3853 1772 Vos

2191 1805 2475 1870 propterea
2505 1819 2616 1855 non
2650 1802 2875 1868 auditis,
2906 1804 3040 1873 quia
3067 1818 3140 1857 ex
3170 1803 3273 1857 Deo
3304 1818 3412 1857 non
3445 1805 3604 1865 estis;
3657 1806 3749 1860 Vos
3779 1822 3853 1862 ea:

2190 1897 2346 1958 patre
2376 1888 2592 1946 diabolo
2621 1892 2750 1945 estis
2782 1890 2960 1962 (Joan.
2994 1908 3116 1956 vm,
3150 1891 3217 1945 47
3246 1897 3298 1946 et
3323 1892 3432 1962 44).
3469 1892 3583 1963 Ego
3615 1909 3851 1965 quoque

2195 1982 2398 2032 contra
2420 1979 2743 2048 recitarem,
2769 1981 2972 2036 Omnia
3001 1998 3100 2051 per
3121 1982 3297 2050 ipsum
3319 1985 3466 2052 facta
3487 1987 3632 2051 sunt,
3657 1992 3706 2038 et
3726 1985 3852 2038 sine

2195 2066 2308 2136 ipso
2337 2068 2546 2137 factum
2594 2069 2847 2123 estnihil
2901 2070 3005 2140 (Id.
3041 2087 3079 2133 1,
3105 2069 3208 2136 3);
3259 2072 3310 2124 el
3361 2069 3502 2124 illud
3555 2071 3846 2142 Apostoli,

2200 2155 2346 2210 Unus
2377 2160 2525 2211 Deus
2545 2174 2617 2210 ex
2637 2174 2740 2228 quo
2756 2159 2972 2218 omnia;
2985 2167 3036 2213 at
3065 2175 3208 2212 unus
3226 2161 3492 2215 Dominus
3513 2161 3662 2216 Jesus
3691 2160 3850 2215 Chri-

2192 2247 2310 2299 stus
2336 2261 2438 2316 per
2463 2263 2622 2316 quem
2652 2249 2837 2301 omnia
2866 2247 2911 2320 (
2944 2247 3064 2302 Cor.
3099 2265 3220 2318 VIII,
3252 2249 3347 2318 6);
3373 2255 3428 2304 et
3448 2249 3659 2303 iterum
3691 2251 3847 2320 ejus-

2194 2332 2324 2388 dem
2349 2334 2617 2405 apostoli,
2650 2336 2733 2390 Ex
2760 2352 2862 2407 quo
2894 2337 3098 2403 omnia,
3123 2353 3221 2406 per
3243 2353 3402 2408 quem
3432 2340 3639 2406 omnia,
3659 2341 3714 2392 in
3737 2354 3845 2408 quo

2191 2425 2403 2489 omnia,
2437 2426 2551 2494 ipsi
2575 2424 2760 2496 gloria
2803 2427 2978 2497 (Rom.
3012 2442 3093 2492 x1,
3127 2426 3258 2494 36):
3313 2425 3688 2498 hortarerque
3732 2428 3845 2483 ho-

2193 2511 2380 2567 mines
2412 2513 2480 2584 (si
2511 2519 2701 2569 tamen
2727 2514 2996 2569 homines
3026 2513 3391 2584 invenirem),
3416 2515 3561 2570 nihil
3596 2518 3846 2587 nosjatn

2192 2603 2357 2673 quasi
2385 2603 2739 2674 comperisse
2770 2620 3287 2674 praesumeremus;
3325 2605 3422 2660 sed
3449 2622 3846 2676 quaereremus

2192 2691 2388 2761 potius
2407 2692 2741 2763 magistros,
2758 2694 2857 2763 qui
2873 2693 3296 2748 sententiarum
3322 2693 3726 2766 istarum,quie
3747 2712 3849 2750 no-

2191 2780 2281 2835 bis
2312 2781 2464 2836 inter
2493 2798 2553 2836 se
2577 2797 2836 2852 pugnare
2858 2782 3209 2849 viderentur,
3229 2799 3426 2853 pacem
3450 2785 3848 2840 concordiam-

2192 2882 2304 2936 que
2335 2872 2746 2922 monstrarent.
2785 2868 2926 2923 Nam
2958 2869 3016 2923 in
3053 2886 3168 2924 una
3212 2876 3383 2940 atque
3406 2872 3608 2926 eadem
3643 2879 3847 2928 aucto-

2190 2954 2360 3010 ritate
2386 2955 2820 3027 Scripturarum
2847 2961 2886 3026 ,
2920 2974 3054 3013 cum
3088 2957 3223 3013 alibi
3257 2964 3508 3026 sonaret,
3547 2961 3743 3016 Omnia
3773 2979 3846 3017 ea:

2188 3043 2294 3099 Deo
2344 3046 2387 3114 (
2421 3044 2540 3099 Cor.
2573 3062 2649 3115 x1,
2693 3046 2809 3117 l2);
2861 3051 2919 3102 et
2967 3046 3126 3113 alibi,
3165 3048 3256 3103 Vos
3285 3064 3393 3102 non
3424 3051 3554 3103 estis
3583 3065 3651 3104 ea:
3694 3051 3800 3106 Deo
3822 3069 3843 3106 :

2190 3133 2467 3205 quoniam
2488 3134 2689 3190 Libros
2706 3139 2923 3191 temere
2940 3137 3326 3192 condemnare
3347 3137 3509 3192 nefas
3527 3140 3842 3212 esset,quis

2190 3238 2304 3277 non
2336 3221 2555 3277 videret
2574 3225 2824 3296 peritum
2841 3225 3160 3292 doctorem,
3178 3226 3270 3280 cui
3291 3227 3631 3297 quaestionis
3654 3227 3840 3298 hujus

2189 3309 2401 3368 solutio
2420 3316 2556 3368 nota
2571 3316 2744 3380 esset,
2769 3314 3183 3370 inveniendum
3204 3313 3384 3370 fuisse
3401 3315 3428 3369 ?
3454 3316 3554 3387 qui
3580 3318 3837 3388 profecto

2189 3400 2239 3455 si
2287 3405 2441 3456 esset
2489 3401 2672 3456 bonus
2705 3402 3043 3469 intellector,
3081 3409 3155 3475 et,
3190 3409 3254 3459 ut
3283 3404 3563 3460 divinitus
3595 3405 3840 3477 dicitur,

2189 3488 2363 3545 homo
2393 3491 2714 3561 spiritualis
2747 3491 2845 3563 (Id.
2879 3509 2940 3560 ,
2967 3493 3074 3564 15),
3098 3493 3378 3563 quoniam
3403 3495 3731 3549 necessario
3757 3495 3840 3550 fa-

2187 3589 2343 3634 veret
2358 3579 2508 3634 veris
2526 3580 2873 3646 rationibus,
2891 3599 3037 3652 quas
3053 3583 3123 3636 de
3150 3582 3502 3654 intelligibili
3534 3584 3837 3640 sensibili-

2191 3684 2303 3740 que
2336 3673 2562 3739 natura,
2583 3675 2866 3739 quantum
2889 3671 3073 3741 potui,
3096 3672 3334 3726 tractavi
3353 3676 3528 3742 atque
3561 3672 3837 3745 disserui,

2189 3757 2307 3812 imo
2337 3758 2612 3829 eas'ipse
2647 3759 2828 3814 multo
2861 3759 3092 3826 melius,
3116 3765 3173 3815 et
3188 3760 3260 3815 ad
3285 3761 3612 3816 docendum
3639 3763 3840 3834 aptius

2191 3845 2465 3917 aperiret;
2501 3846 2645 3903 nihil
2669 3849 2739 3903 ab
2771 3864 2836 3903 eo
2859 3848 3013 3904 aliud
3049 3849 3120 3903 de
3141 3849 3248 3904 hac
3272 3849 3592 3921 quaestione
3617 3852 3851 3910 audire-

2191 3951 2345 4000 mus,
2379 3936 2491 3992 nisi
2517 3939 3014 4008 quemadmodum
3037 3939 3160 3994 tieri
3193 3944 3413 4011 posset,
3440 3945 3504 3996 ut
3535 3944 3592 3997 et
3614 3940 3847 3998 nullum

2193 4023 2522 4080 animarum
2564 4043 2748 4098 genus
2780 4044 2894 4082 non
2930 4032 3083 4084 esset
3112 4046 3179 4084 ex
3214 4029 3343 4099 Deo,
3378 4034 3434 4084 et
3464 4034 3614 4086 recte
3643 4035 3845 4087 tamen

2191 4115 2596 4185 peccatoribus
2611 4121 2665 4170 et
2683 4117 2740 4170 in
2751 4117 2823 4170 {id
2834 4116 3021 4172 elibus
3035 4117 3467 4186 diceretur,Non
3488 4123 3616 4175 estis
3629 4135 3702 4174 ex
3712 4121 3845 4177 Deo.

2193 4204 2338 4259 Nam
2358 4209 2415 4260 et
2445 4222 2549 4261 nos
2574 4206 2821 4262 fortasse
2839 4207 3146 4278 implorato
3162 4207 3219 4261 in
3238 4207 3517 4263 auxilium
3540 4209 3655 4265 Deo
3677 4209 3848 4266 facile

2194 4293 2388 4348 videre
2419 4311 2752 4364 possemus,
2786 4295 2942 4350 aliud
2975 4312 3100 4351 esse
3131 4296 3337 4366 vivere,
3371 4298 3528 4352 aliud
3564 4315 3840 4370 peccare:

2193 4386 2249 4436 et
2279 4399 2617 4455 quanquam
2649 4385 2764 4439 vita
2787 4384 2844 4438 in
2866 4389 3117 4456 peccatis
3137 4386 3194 4440 in
3226 4388 3656 4457 comparatione
3671 4389 3847 4457 justas

2193 4470 2324 4526 vitae
2353 4489 2509 4528 mors
2540 4471 2833 4544 appellata
2862 4473 2937 4528 sit
2966 4475 3010 4545 (1
3047 4476 3180 4529 Tim.
3210 4491 3261 4542 ,
3293 4476 3384 4545 6)
3420 4483 3738 4548 utrumque
3759 4481 3843 4532 ta-

2196 4575 2326 4614 men
2349 4561 2405 4614 in
2439 4560 2678 4616 homine
2698 4579 2813 4617 uno
2832 4579 3002 4633 posse
3019 4562 3286 4631 inveniri,
3304 4569 3367 4619 ut
3388 4564 3562 4620 simul
3583 4567 3659 4621 sit
3679 4567 3848 4624 vivus

2195 4653 2369 4719 atque
2401 4655 2695 4721 peccator:
2732 4653 2831 4706 sed
2865 4653 3015 4723 quod
3049 4652 3233 4720 vivus,
3267 4670 3333 4708 ex
3362 4653 3506 4722 Deo;
3543 4656 3695 4727 quod
3721 4673 3851 4726 pec-

2195 4743 2372 4809 cator,
2409 4755 2522 4794 non
2550 4757 2617 4794 ex
2647 4741 2777 4794 Deo.
2812 4740 2875 4796 In
2900 4758 3017 4812 qua
3047 4743 3331 4797 divisione
3349 4744 3574 4799 utimur
3603 4762 3668 4800 ea
3688 4751 3851 4817 parte

2195 4829 2265 4883 de
2297 4828 2548 4894 duabus,
2581 4845 2708 4899 quae
2734 4835 2947 4886 nostrae
2976 4833 3274 4887 sententiae
3297 4835 3602 4904 competit:
3631 4839 3695 4889 ut
3715 4852 3849 4890 cum

2197 4917 2293 4971 Dei
2327 4918 2644 4973 conditoris
2684 4920 3165 4989 omnipotentiam
3201 4923 3501 4978 insinuare
3555 4923 3849 4995 volumus,

2194 5008 2370 5062 etiam
2401 5008 2798 5078 peccatoribus
2833 5010 3099 5066 dicamus
3123 5012 3273 5082 quod
3306 5028 3374 5067 ex
3404 5017 3516 5067 Deo
3539 5012 3674 5068 sint.
3698 5013 3850 5068 Dici-

2197 5112 2329 5151 mus
2347 5096 2502 5150 enim
2535 5097 2627 5153 his
2644 5098 2743 5168 qui
2763 5097 2962 5169 aliqua
2979 5100 3168 5171 specie
3189 5102 3580 5176 continentur,
3597 5102 3849 5159 dicimus

2197 5184 2618 5257 animantibus,
2638 5187 2890 5244 dicimus
2921 5188 3328 5261 rationalibus,
3350 5190 3600 5246 dicimus
3625 5197 3849 5263 postre-

2197 5290 2313 5344 mo,
2341 5275 2495 5344 quod
2529 5276 2599 5330 ad
2635 5292 2756 5331 rem
2791 5278 3043 5332 maxime
3063 5279 3287 5347 attinet,
3327 5279 3687 5336 viventibus:
3717 5297 3843 5352 qua

2196 5362 2394 5417 omnia
2424 5379 2525 5434 per
2554 5380 2616 5419 se
2647 5364 2775 5436 ipsa
2804 5365 3002 5420 divina
3033 5371 3171 5422 sunt
3201 5385 3466 5423 munera.
3486 5369 3630 5424 Cum
3649 5373 3848 5425 autem

2197 5450 2378 5505 malos
2392 5468 2636 5524 arguere
2649 5455 3011 5525 propositum
3029 5460 3298 5524 est,recte
3312 5456 3708 5525 dicimus,Non
3726 5461 3854 5516 esti:

2194 5555 2264 5594 ea:
2291 5541 2417 5595 Deo.
2453 5541 2709 5597 Dicimus
2733 5544 2891 5598 enim
2913 5560 3023 5599 sea
3051 5545 3295 5602 veritate
3328 5547 3848 5616 avertentibus,in-

2197 5629 2272 5684 d
2291 5629 2500 5698 elibus,
2552 5631 2916 5700 facinorosis,
2959 5632 3285 5706 agitiosis,
3320 5642 3396 5705 et,
3428 5637 3580 5709 quod
3615 5639 3849 5695 nomine

2316 5795 2446 5844 Vox.
2478 5791 2884 5854 Scripturarum,
2915 5805 3025 5843 non
3057 5797 3137 5844 est
3164 5794 3219 5843 in
3249 5795 3371 5845 Mss.
3403 5795 3690 5846 Vaticanis.

2308 5856 2366 5905 In
2399 5855 2571 5915 editis,
2604 5855 2705 5903 imo
2732 5856 2778 5903 si
2806 5868 2907 5904 eae.
2942 5857 3123 5918 Abest,
3149 5858 3210 5920 si,
3301 5861 3423 5911 Mss.
