4012 6486
129 417 229 476 105

124 554 249 612 tere,
297 548 397 601 aut
445 545 691 618 adipisci
738 545 967 617 aliquid
1016 546 1158 613 vult,
1208 547 1403 602 omnis
1462 548 1563 620 qui
1613 550 1753 604 vult.

123 636 517 702 Quamobrem,
538 636 589 689 si
612 635 811 690 omnia
832 635 945 690 ista
972 634 1101 690 luce
1123 636 1369 691 clariora
1393 642 1551 707 sunt,
1578 637 1753 693 sicuti

124 730 469 797 sunt,neque
491 742 633 781 mea
648 726 1009 791 tantum,sed
1034 726 1249 780 notitia
1272 727 1498 798 generis
1512 727 1754 784 humani

122 814 362 870 veritatis
391 815 578 886 ipsius
608 814 960 870 liberalitate
1008 814 1243 885 donata,
1286 832 1389 870 cur
1432 814 1531 871 illo
1576 816 1752 872 etiam

122 911 367 977 tempore
405 904 599 959 dicere
637 919 753 959 non
795 920 1057 976 possem:
1101 903 1378 960 Voluntas
1421 910 1512 960 est
1559 910 1752 961 motus

121 994 308 1063 animi,
342 996 583 1065 cogente
614 992 796 1059 nullo,
830 993 903 1048 ad
938 991 1162 1065 aliquid
1193 993 1278 1050 vel
1321 1010 1433 1050 non
1476 996 1749 1050 amitten-

120 1085 268 1152 dum,
298 1082 386 1139 vel
420 1082 865 1154 adipiscendum
890 1082 918 1136 ‘I

181 1171 401 1227 CAPUT
440 1171 530 1226 ΧΙ.
564 1202 634 1212 -
665 1171 750 1226 15.
783 1172 1070 1227 Peccatum
1104 1170 1255 1243 quid.
1298 1169 1459 1226 Dicet
1490 1170 1746 1243 aliquis:

118 1262 177 1317 Et
196 1260 300 1317 hoc
315 1264 371 1318 te
388 1261 703 1316 adversum
723 1258 1075 1316 Manichaos
1096 1258 1237 1331 quid
1273 1260 1610 1331 adjuvaret?
1636 1262 1745 1316 Ex-

117 1356 330 1422 specta;
354 1350 484 1405 sine
508 1349 665 1419 prius
689 1350 862 1405 etiam
883 1353 1187 1421 peccatum
1205 1349 1578 1415 deﬁniamus,
1593 1351 1746 1422 quod

114 1440 227 1494 sine
254 1438 547 1494 voluntate
569 1454 697 1493 esse
730 1455 843 1493 non
876 1454 1049 1510 posse
1078 1438 1273 1493 omnis
1312 1455 1476 1494 mens
1507 1440 1662 1510 apud
1686 1455 1747 1495 se

118 1528 384 1582 divinitus
415 1526 811 1598 conscriptum
844 1525 1004 1599 legit.
1038 1530 1186 1599 Ergo
1220 1533 1520 1599 peccatum
1542 1532 1630 1582 est
1650 1544 1747 1583 vo-

117 1616 299 1671 luntas
318 1615 607 1671 retinendi
627 1614 713 1670 vel
733 1616 1128 1686 consequendi
1150 1616 1549 1687 quodjustitia
1571 1622 1743 1685 vetat,

113 1713 163 1761 et
187 1707 333 1760 unde
358 1704 608 1760 liberum
634 1709 724 1760 est
744 1704 1033 1759 abstinere
1050 1705 1150 1776 (a).
1175 1708 1519 1777 Quanquam
1539 1706 1587 1760 si
1607 1706 1746 1761 libe-

111 1811 228 1850 rum
258 1811 370 1849 non
393 1793 492 1860 sit,
519 1810 634 1849 non
665 1798 753 1849 est
776 1793 1060 1848 voluntas.
1100 1794 1209 1849 Sed
1234 1793 1412 1848 malui
1438 1795 1702 1865 grossius
1724 1796 1743 1830 °

114 1900 273 1953 quam
288 1882 693 1954 scrupulosius
706 1882 1160 1937 deﬁnire.Etiam
1172 1898 1241 1937 ne
1258 1882 1342 1937 2bi
1360 1881 1488 1938 libri
1508 1883 1742 1939 obscuri

112 1972 241 2027 mihi
256 1972 555 2027 scrutandi
570 1972 915 2036 erant,unde
928 1970 1212 2027 discerem
1227 1971 1513 2027 neminem
1532 1972 1744 2044 vitupe-

111 2063 318 2117 ratione
349 2060 708 2133 suppliciove
738 2061 1006 2132 dignum,
1040 2060 1139 2131 qui
1172 2066 1275 2115 aut
1303 2060 1358 2115 id
1404 2060 1541 2116 velit
1586 2061 1739 2132 quod

99 2150 322 2221 justitia
350 2148 497 2205 velle
530 2167 645 2205 non
679 2150 966 2221 prohibet,
1001 2154 1099 2205 aut
1129 2149 1186 2204 id
1220 2166 1334 2204 non
1378 2150 1549 2205 faciat
1583 2151 1739 2222 quod

108 2241 281 2295 facere
295 2256 411 2294 non
426 2244 620 2311 potest
639 2242 661 2293 Ρ
677 2238 877 2295 Nonne
899 2238 1009 2294 ista
1029 2244 1265 2294 cantant
1281 2244 1337 2294 et
1359 2238 1417 2293 in
1443 2240 1739 2297 montibus

105 2335 373 2401 pastores,
407 2333 465 2383 et
497 2328 556 2382 in
581 2327 827 2383 theatris
850 2332 1050 2398 poeta,
1074 2332 1131 2382 et
1150 2326 1368 2382 indocti
1388 2327 1447 2383 in
1480 2328 1736 2393 circulis,

107 2422 157 2474 et
181 2419 329 2473 docti
354 2419 415 2472 in
442 2416 832 2484 bibliothecis,
854 2421 913 2473 et
933 2415 1196 2488 magistri
1221 2417 1276 2471 in
1298 2416 1534 2485 scholis,
1557 2423 1614 2474 et
1634 2436 1736 2474 an-

107 2506 308 2561 tistites
339 2506 401 2562 in
432 2506 677 2562 sacratis
706 2504 871 2574 locis,
905 2510 961 2560 et
992 2506 1050 2559 in
1082 2507 1220 2561 orbe
1242 2510 1526 2561 terrarum
1551 2522 1737 2579 genus

105 2596 423 2651 humanum
445 2596 473 2649 ‘I
506 2595 665 2662 Quod
691 2594 739 2649 si
758 2611 925 2651 nemo
942 2594 1362 2667 vituperatione
1379 2595 1463 2651 vel
1495 2596 1737 2651 damna-

107 2685 251 2739 tione
280 2685 501 2757 dignus
523 2690 629 2750 est,
658 2688 759 2739 aut
779 2700 891 2739 non
915 2689 1117 2739 contra
1134 2684 1371 2739 vetitum
1390 2684 1635 2755 justitia
1652 2686 1735 2741 fa-

112 2773 278 2840 ciens,
303 2779 408 2828 aut
430 2774 583 2844 quod
612 2789 724 2827 non
748 2777 934 2844 potest
959 2790 1071 2827 non
1097 2772 1523 2839 faciens,omne
1544 2780 1734 2829 autem

107 2869 403 2933 peccatum
436 2861 521 2917 vel
553 2862 1003 2933 vituperandum
1037 2868 1145 2931 est,
1177 2860 1258 2917 vel
1294 2862 1733 2927 damnandum;

107 2950 225 3019 quis
246 2951 480 3006 dubitet
505 2956 641 3005 tunc
673 2966 800 3005 esse
822 2956 1146 3022 peccatum,
1169 2966 1302 3005 cum
1327 2955 1382 3005 et
1412 2950 1559 3007 velle
1582 2950 1737 3021 inju-

103 3047 250 3094 stum
263 3046 373 3105 est,
392 3044 452 3095 et
468 3038 715 3094 liberum
736 3038 919 3107 nolle;
938 3039 1140 3095 etideo
1160 3040 1555 3095 definitionem
1575 3040 1736 3095 illam

99 3134 146 3184 et
167 3146 356 3184 veram
376 3133 439 3185 et
461 3127 995 3200 adintelligendum
1017 3144 1145 3184 esse
1168 3128 1530 3197 facillimam,
1549 3134 1606 3184 et
1623 3146 1735 3185 non

98 3219 257 3274 modo
289 3234 471 3287 nunc,
504 3218 603 3273 sed
644 3221 787 3273 tunc
821 3234 1057 3290 quoque
1086 3234 1121 3272 a
1153 3233 1242 3273 me
1266 3218 1529 3289 potuisse
1578 3218 1733 3286 dici;

99 3308 396 3365 Peccatum
432 3311 521 3362 est
563 3306 832 3362 voluntas
876 3306 1162 3362 retinendi
1207 3306 1295 3361 vel
1344 3305 1737 3378 consequendi

99 3398 239 3468 quod
256 3396 497 3468 justitia
527 3400 699 3463 vetat,
732 3400 789 3452 et
820 3396 974 3451 unde
1003 3395 1254 3451 liberum
1286 3400 1373 3451 est
1402 3394 1740 3451 abstinere?

162 3486 393 3542 CAPUT
434 3486 561 3541 ΧΗ.
594 3516 662 3526 -—
690 3487 775 3539 16.
810 3487 904 3540 Ex
934 3484 1075 3540 datis
1100 3484 1513 3553 deﬁnitionibus
1530 3486 1742 3556 peccati

105 3584 150 3631 et
176 3576 479 3631 voluntatis
511 3573 764 3629 haresim
791 3573 1395 3629 Manichaorumtotam
1414 3576 1624 3629 evertit.
1649 3576 1742 3629 Ea:

97 3666 519 3721 malarumitem
529 3681 603 3719 an
613 3665 853 3719 imarum
856 3664 1009 3736 justa
1020 3663 1367 3718 damnatione
1377 3665 1743 3733 sequiturnon

104 3765 325 3822 natura,
356 3754 451 3810 sed
484 3756 768 3811 voluntate
794 3752 971 3808 malas
999 3769 1133 3808 esse.
1151 3752 1382 3808 Animas
1409 3768 1519 3809 esse
1539 3762 1743 3807 natura

104 3846 280 3910 bonas,
312 3845 512 3915 quibus
540 3843 705 3898 datur
734 3844 892 3899 venia
919 3850 1282 3913 peccatorum.
1314 3844 1432 3914 Age
1450 3858 1629 3912 nunc,
1660 3840 1742 3895 vi-

100 3933 339 3989 deamus
356 3933 501 4004 quid
516 3948 623 3987 nos
638 3932 758 3987 hac
774 3931 1133 4001 adjuvarent.
1145 3930 1465 3986 Plurimum
1480 3930 1747 3986 omnino'

101 4028 160 4077 ut
177 4023 318 4076 nihil
339 4022 602 4093 amplius
624 4020 1017 4076 desiderarem
1037 4036 1051 4074 :
1070 4024 1253 4075 totam
1277 4036 1308 4091 q
1321 4020 1491 4091 uippe
1505 4036 1743 4076 causam

102 4111 349 4168 ﬁnirent.
384 4111 534 4166 Nam
569 4110 837 4182 quisquis
868 4113 1089 4165 secreta
1117 4110 1482 4165 conscientia
1509 4125 1630 4165 sua
1663 4108 1746 4165 le-

100 4216 313 4272 gesque
337 4200 568 4255 divinas
587 4198 820 4270 penitus
835 4198 1458 4270 naturainditas,apud
1482 4198 1745 4253 animum

103 4290 275 4359 intus,
290 4290 392 4344 ubi
408 4288 806 4360 expressiores
824 4288 1214 4359 certioresque
1231 4291 1389 4353 sunt,
1413 4286 1745 4358 consulens,

102 4378 202 4433 bas
232 4380 383 4434 duas
416 4376 788 4433 definitiones
808 4374 1123 4431 voluntatis
1147 4380 1321 4448 atque
1343 4376 1563 4447 peccati
1585 4393 1748 4433 veras

103 4484 222 4524 esse
246 4466 535 4535 concedit,
556 4471 738 4521 totam
761 4465 1207 4521 Manichaeorum
1233 4465 1497 4521 haresim
1519 4465 1749 4537 paucis-

105 4558 265 4611 simis
288 4562 348 4612 et
368 4554 757 4620 brevissimis,
781 4555 879 4609 sed
906 4552 1076 4626 plane
1096 4553 1502 4609 invictissimis
1532 4554 1751 4609 ratiun-

107 4644 244 4701 culis
259 4646 388 4701 sine
415 4644 540 4699 ulla
562 4642 928 4699 cunctatione
946 4642 1492 4706 condemnat.Quod
1519 4642 1602 4697 sic
1623 4659 1752 4699 con-

109 4734 345 4790 siderari
378 4737 594 4806 potest.
628 4732 751 4787 Duo
783 4732 1113 4787 animarum
1134 4748 1345 4804 genera
1366 4748 1493 4787 esse
1526 4732 1750 4801 dicunt,

108 4840 283 4879 unum
317 4824 567 4889 bonum,
590 4821 744 4892 quod
768 4821 850 4875 ita
871 4837 941 4875 ex
961 4820 1076 4876 Deo
1098 4820 1194 4888 sit,
1225 4826 1288 4875 ut
1311 4838 1425 4876 non
1458 4838 1525 4875 ex
1560 4820 1756 4892 aliqua

108 4913 347 4968 materia
374 4911 464 4967 vel
500 4927 569 4965 ex
600 4909 779 4965 nihilo
801 4909 871 4964 ab
895 4924 960 4964 eo
985 4909 1224 4975 factum,
1244 4911 1345 4965 sed
1374 4910 1445 4964 de
1477 4909 1605 4981 ipsa
1626 4911 1754 4979 ejus

106 5001 337 5057 omnino
351 4998 693 5056 substantia
706 5014 839 5070 pars
855 4998 1120 5069 quadam
1139 5000 1491 5069 processisse
1504 4998 1752 5066 dicatur;

115 5089 355 5145 alterum
371 5092 571 5145 autem
590 5086 989 5158 malum,quod
1007 5085 1167 5141 nulla
1182 5103 1495 5159 prorsusex
1508 5091 1670 5159 parte
1683 5086 1755 5142 ad

111 5179 285 5235 Deum
328 5178 623 5252 pertinere
653 5176 900 5231 credunt
946 5175 1420 5247 credendumque
1460 5192 1755 5231 commen-

108 5266 627 5326 dantzetideoillud
642 5264 1310 5333 summumbonum,hoc
1322 5282 1453 5321 vero
1466 5281 1758 5322 summum

110 5358 319 5415 malum
341 5371 476 5414 esse
501 5355 817 5428 pradicant
840 5372 853 5411 :
887 5357 1061 5425 atque
1078 5353 1187 5411 ista
1208 5354 1322 5410 duo
1339 5370 1551 5427 genera
1576 5354 1758 5419 fuisse

172 5504 187 5537 ¹
220 5501 344 5551 Sola
376 5498 547 5549 editio
580 5499 723 5553 Lov.,
756 5494 996 5545 crassius.

173 5565 192 5598 ³
216 5564 391 5614 Editio
424 5563 537 5617 Er.,
570 5559 789 5623 definire
811 5559 971 5623 etiam
988 5572 1113 5607 rem.
1135 5557 1237 5607 Nec
1255 5557 1310 5607 lii
1331 5558 1467 5618 libri,
1492 5563 1589 5609 etc.
1610 5560 1756 5623 Lov.,

114 5626 320 5684 deﬁnire
352 5640 470 5674 eam
508 5637 634 5680 rem,
666 5621 784 5680 Nec,
820 5626 919 5670 etc.
949 5622 1288 5684 Castigantur
1321 5635 1384 5671 ex
1416 5624 1540 5673 Mss.

215 5691 291 5739 Ita
318 5690 447 5739 Mss.
484 5686 550 5736 At
578 5684 722 5744 editi,
752 5685 979 5747 primum
1010 5685 1258 5733 omnium.

173 5771 241 5835 (α)
276 5773 297 5820 1
332 5768 592 5824 Retract.,
624 5777 741 5828 cap.
776 5767 851 5823 15,
884 5776 940 5813 n.
972 5766 1020 5816 4.

425 5888 698 5947 Parant.
741 5880 927 5943 XLII.

1550 417 1781 477 LIBER
1829 420 2063 481 UNUS.

3389 438 3508 498 106

1860 549 2174 623 aliquando
2189 553 2460 623 discreta,
2485 573 2644 614 nunc
2667 575 2793 615 esse
2816 562 3152 619 commixta.
3168 564 3362 621 Genus
3379 568 3509 638 qui-

1860 640 1992 696 dem
2017 644 2450 699 commixtionis
2476 646 2653 717 hujus
2676 653 2732 703 et
2753 666 2995 706 causam
3020 653 3280 708 nondum
3305 657 3505 712 audie-

1857 745 2019 783 ram:
2042 732 2141 785 sed
2170 736 2361 787 tamen
2381 736 2505 804 jam
2526 751 2782 806 quarere
2800 745 3063 809 poteram
3084 743 3125 809 ⁷,
3141 746 3339 798 utrum
3360 744 3505 800 illud

1860 817 2079 873 malum
2096 836 2284 891 genus
2299 823 2974 898 animarum,antequam
2995 830 3144 885 bono
3162 830 3506 889 misceretur

1855 905 2162 964 habuisset
2184 908 2440 981 aliquam
2457 911 2809 970 voluntatem
2823 916 2902 971 .Si
2920 916 3072 972 enim
3090 934 3203 973 non
3225 918 3498 992 habebat,

1854 993 1979 1051 sine
2002 1002 2233 1067 peccato
2256 1003 2432 1070 atque
2451 1001 2730 1059 innocens
2753 1009 2899 1072 erat,
2921 1010 2978 1061 et
3000 1006 3127 1063 ideo
3153 1008 3312 1065 nullo
3326 1011 3498 1067 modo

1854 1082 2074 1141 malum
2110 1086 2203 1158 (a).
2240 1088 2299 1143 Si
2330 1093 2527 1145 autem
2560 1091 2687 1148 ideo
2720 1092 2964 1166 malum,
3001 1096 3140 1167 quia
3168 1096 3303 1153 licet
3345 1103 3500 1156 esset

1852 1171 2310 1245 sinevoluntate,
2332 1182 2612 1249 tanquam
2632 1180 2807 1253 ignis,
2825 1187 3021 1239 tamen
3048 1185 3097 1240 si
3119 1187 3337 1241 bonum
3362 1188 3495 1244 atti-

1851 1260 2050 1332 gisset,
2086 1263 2345 1335 violaret,
2380 1272 2557 1339 atque
2588 1277 3024 1343 corrumperet:
3072 1279 3359 1345 quantum
3408 1282 3497 1334 est

1851 1350 2096 1418 nefas,et
2117 1360 2389 1410 naturam
2417 1356 2555 1410 mali
2573 1362 2804 1413 tantum
2825 1359 3013 1416 valere
3033 1362 3103 1416 ad
3126 1378 3313 1418 comm
3326 1369 3495 1420 utan-

1849 1438 1983 1493 dam
2017 1439 2194 1496 ullam
2228 1442 2321 1497 Dei
2351 1448 2575 1514 partem
2597 1446 2635 1512 ³,
2666 1452 2723 1501 et
2749 1464 3051 1505 summum
3084 1450 3228 1505 illud
3274 1452 3494 1509 bonum

1846 1530 2225 1600 corruptibile
2256 1536 2312 1585 et
2339 1532 2608 1589 violabile
2638 1537 2869 1591 credere
2890 1538 2917 1592 ?
2948 1538 3107 1601 Quod
3143 1539 3193 1595 si
3224 1540 3494 1597 voluntas

1848 1616 2316 1690 inerat,profecto
2336 1620 2791 1696 inerat,cogente
2811 1625 2991 1694 nullo,
3007 1633 3201 1683 motus
3218 1630 3399 1686 animi
3416 1632 3488 1687 ad

1847 1706 2068 1778 aliquid
2090 1709 2175 1764 vel
2203 1726 2317 1765 non
2337 1711 2752 1783 amittendum,
2773 1714 2862 1770 vel
2886 1716 3351 1788 adipiscendum.
3381 1721 3494 1776 Hoc

1847 1800 2038 1852 autem
2074 1797 2319 1869 aliquid,
2354 1804 2456 1854 aut
2477 1800 2695 1856 bonum
2717 1807 2861 1870 erat,
2888 1808 2988 1859 aut
3012 1805 3227 1861 bonum
3249 1808 3494 1877 putaba-

1845 1888 1969 1940 tur:
1995 1902 2105 1942 non
2133 1887 2289 1942 enim
2327 1887 2496 1944 aliter
2530 1891 2726 1962 appeti
2762 1898 2978 1963 posset.
3022 1893 3129 1948 Sed
3170 1894 3227 1950 in
3260 1912 3493 1952 summo

1847 1973 2022 2039 malo,
2046 1980 2179 2031 ante
2192 1976 2665 2034 commixtionem
2687 1997 2861 2051 quam
2886 1981 3219 2053 pradicant,
3262 1983 3493 2040 nullum

1847 2079 2104 2135 unquam
2138 2065 2355 2121 bonum
2377 2065 2503 2122 fuit.
2530 2067 2688 2123 Unde
2706 2068 2980 2141 igituribi
3005 2069 3091 2126 vel
3127 2072 3372 2128 scientia
3402 2072 3491 2129 vel

1844 2152 2039 2223 opinio
2062 2154 2194 2209 boni
2217 2171 2345 2211 esse
2359 2156 2547 2227 potuit
2563 2156 2682 2213 ‘IAn
2706 2158 2850 2213 nihil
2874 2159 3310 2233 volebantquod
3334 2163 3489 2233 apud

1844 2257 1906 2296 se
1928 2246 2099 2310 esset,
2128 2248 2304 2314 atque
2324 2243 2467 2300 illud
2491 2244 2710 2301 bonum
2732 2264 2956 2315 verum,
2983 2250 3138 2320 quod
3155 2254 3314 2305 extra
3343 2256 3487 2317 erat,

1843 2332 2230 2402 appetebant?
2252 2331 2369 2387 Ista
2388 2350 2521 2389 vero
2545 2334 2819 2405 praclara
2841 2343 2897 2391 et
2922 2354 3135 2410 magna
3158 2337 3327 2395 laude
3348 2356 3490 2411 pra-

1843 2418 2091 2473 dicanda
2121 2420 2387 2477 voluntas
2416 2427 2526 2489 est,
2548 2440 2659 2495 qua
2684 2440 2984 2480 summum
3009 2429 3301 2498 appetitur
3320 2434 3375 2482 et
3398 2444 3487 2485 ve-

1843 2525 1973 2562 rum
1995 2508 2403 2565 bonum.Unde
2418 2510 2598 2583 igitur
2611 2512 2665 2567 in
2684 2530 2919 2569 summo
2935 2514 3085 2571 malo
3100 2520 3292 2571 motus
3307 2517 3488 2573 animi

1841 2601 2003 2651 tanta
2024 2596 2194 2652 laude
2218 2599 2615 2670 dignissimus
2631 2601 2747 2656 ?An
2776 2602 2971 2658 studio
2986 2604 3231 2659 nocendi
3249 2610 3488 2677 appete-

1844 2684 1981 2740 bant
1998 2685 2024 2739 ‘?
2046 2684 2257 2756 Primo,
2290 2689 2494 2755 eodem
2528 2688 2838 2745 revolvitur
2869 2690 3034 2747 ratio.
3069 2692 3176 2758 Qui
3207 2692 3362 2748 enim
3387 2710 3489 2748 no-

1842 2790 1969 2829 cere
1997 2774 2138 2839 vult,
2174 2775 2323 2830 bono
2357 2775 2551 2847 aliquo
2580 2779 2706 2833 vult
2753 2779 2977 2849 privare
3022 2780 3202 2835 alium
3252 2786 3492 2853 propter

1842 2863 2063 2933 aliquot
2083 2864 2300 2918 bonum
2334 2882 2531 2919 suum.
2556 2866 2693 2921 Erat
2724 2866 2905 2939 igitur
2934 2868 2993 2923 in
3024 2870 3108 2923 eis
3132 2869 3217 2924 vel
3243 2870 3487 2926 scientia

1840 2950 2001 3018 boni,
2032 2951 2117 3006 vel
2148 2952 2364 3021 Opinio,
2391 2971 2516 3024 qua
2541 2972 2776 3011 summo
2802 2956 2952 3012 malo
2976 2958 3135 3012 nullo
3161 2959 3332 3014 modo
3359 2975 3490 3015 esse

1841 3040 2106 3095 debebat.
2132 3040 2349 3096 Deinde
2372 3042 2593 3097 bonum
2620 3042 2761 3099 illud
2798 3050 2958 3100 extra
2988 3063 3050 3101 se
3082 3048 3362 3117 positum,
3392 3047 3486 3103 cui

1842 3145 2047 3183 nocere
2061 3130 2598 3196 studebant,utrum
2617 3134 2853 3189 omnino
2867 3136 3488 3207 esset,undecognove-

1843 3222 1973 3272 rant
1988 3216 2077 3273 ?Si
2098 3219 2665 3292 intellexerant,quid
2686 3221 2786 3276 tali
2810 3227 3001 3278 mente
3020 3222 3351 3295 praclarius
3366 3225 3482 3281 ?An

1844 3307 2166 3378 quidquam
2198 3313 2287 3363 est
2316 3308 2493 3380 aliud,
2528 3326 2642 3380 quo
2674 3312 2940 3383 magnis8
2970 3312 3268 3369 laboribus
3290 3314 3483 3371 omnis

1845 3396 2129 3451 bonorum
2149 3398 2480 3469 porrigatur
2509 3398 2771 3466 intentio,
2797 3400 2909 3455 nisi
2930 3405 2995 3457 ut
3016 3418 3314 3457 summum
3338 3402 3486 3458 illud

1846 3489 1901 3540 et
1922 3485 2211 3541 sincerum
2224 3486 2447 3541 bonum
2471 3486 3039 3560 intelligatur?Quod
3060 3507 3195 3563 ergo
3218 3508 3373 3546 nunc
3394 3492 3487 3547 vix

1848 3574 2047 3645 paucis
2068 3574 2544 3647 bonisjustisque
2568 3577 2925 3649 conceditur,
2956 3579 3015 3634 id
3037 3584 3177 3635 tunc
3200 3580 3343 3635 illud
3370 3596 3487 3637 me-

1848 3679 1975 3718 rum
2012 3662 2231 3718 malum
2268 3664 2427 3719 nullo
2467 3665 2616 3720 bono
2649 3666 2959 3737 adjuvante
2983 3668 3106 3739 jam
3132 3669 3401 3741 poterat?
3429 3668 3490 3726 Si

1849 3757 2043 3808 autem
2064 3751 2173 3807 illa
2196 3752 2403 3808 anima
2425 3770 2665 3826 corpora
2685 3756 2984 3827 gerebant,
3009 3762 3065 3812 et
3085 3756 3141 3813 id
3179 3757 3364 3814 oculis
3403 3758 3493 3813 vi-

1852 3840 2082 3907 derant;
2114 3857 2240 3912 qua
2265 3840 2500 3914 lingua,
2525 3860 2651 3914 qua
2681 3850 2930 3915 pectora,
2952 3861 3078 3917 qua
3106 3845 3341 3918 ingenia
3365 3845 3491 3902 lau-

1852 3928 2062 3983 dandis
2077 3929 2203 3984 istis
2220 3930 2403 3985 oculis
2421 3932 2923 4005 pradicandisque
2945 3934 3495 4006 sufficiunt,quibus

1853 4019 1945 4072 vix
1967 4022 2209 4086 possunt
2221 4021 2752 4091 mentesjustorum
2772 4022 3328 4094 adaquari?Quanta
3345 4024 3497 4079 bona

1854 4107 2186 4162 invenimus
2215 4107 2275 4162 in
2306 4125 2539 4164 summo
2580 4109 2731 4165 malo
2751 4110 2780 4166 ?
2814 4111 2869 4166 Si
2897 4111 3054 4167 enim
3076 4112 3268 4167 videre
3308 4112 3494 4168 Deum

1855 4194 2075 4250 malum
2107 4200 2213 4266 est,
2240 4213 2350 4252 non
2377 4202 2465 4253 est
2487 4198 2707 4253 bonum
2735 4200 2915 4255 Deus:
2943 4199 3159 4256 bonum
3182 4205 3271 4257 est
3298 4206 3493 4257 autem

1856 4284 2009 4340 Deus
2030 4301 2041 4339 :
2061 4285 2276 4341 bonum
2300 4290 2391 4342 est
2411 4287 2589 4357 igitur
2609 4287 2792 4343 Deum
2814 4288 3039 4358 videre;
3062 4294 3119 4345 et
3139 4290 3333 4347 nescio
3355 4290 3498 4362 quid

1856 4372 1993 4428 huic
2020 4374 2169 4429 bono
2193 4374 2214 4408 ‘
2232 4376 2555 4446 comparari
2580 4382 2771 4448 queat.
2800 4377 2973 4433 Porro
2997 4380 3151 4451 quod
3178 4379 3367 4435 videre
3393 4380 3498 4435 bo-

1858 4478 1999 4516 num
2025 4464 2295 4527 est,unde
2318 4463 2442 4519 fieri
2467 4468 2733 4535 potestut
2755 4483 2924 4538 posse
2944 4466 3138 4523 videre
3156 4467 3504 4524 sitmalum?

1861 4554 2222 4623 Quapropter
2252 4552 2539 4624 quidquid
2572 4554 2658 4609 vel
2690 4555 2748 4609 in
2781 4554 2898 4611 illis
2928 4556 3112 4612 oculis
3143 4556 3229 4612 vel
3268 4556 3325 4612 in
3370 4556 3503 4613 istis

1862 4640 2158 4695 mentibus
2178 4641 2403 4711 fecit,ut
2416 4642 2486 4697 ab
2502 4640 2594 4697 his
2619 4644 2804 4714 possit
2817 4644 2996 4700 videri
3015 4645 3214 4701 divina
3227 4647 3502 4701 substan-

1860 4730 1962 4799 tia,
1978 4746 2254 4800 magnum
2270 4734 2326 4783 et
2349 4729 2629 4785 ineffabili
2653 4731 2825 4788 laude
2846 4732 3263 4805 dignissimum
3285 4734 3505 4789 bonum

1863 4817 2013 4873 fecit.
2048 4819 2105 4874 Si
2137 4823 2331 4874 autem
2362 4836 2476 4875 non
2511 4820 2753 4889 factum,
2789 4823 2889 4877 sed
2920 4822 3117 4895 ipsum
3152 4841 3253 4896 per
3281 4840 3343 4879 se
3392 4821 3508 4879 tale

1864 4924 1929 4962 ac
1961 4908 2384 4978 sempiternum
2417 4913 2560 4978 erat,
2595 4910 2833 4967 difficile
2860 4911 2968 4967 hoc
3001 4911 3154 4969 malo
3181 4913 3506 4985 quidquam

1867 4995 2078 5051 melius
2124 4996 2439 5053 invenitur.

1938 5086 2579 5152 17.Postremo,utnihil
2595 5087 3242 5145 horumlaudandorum
3258 5088 3511 5146 habeant

1868 5174 1978 5230 illa
1993 5174 2355 5246 anima,qua
2370 5175 2606 5232 illorum
2626 5177 2949 5234 rationibus
2968 5178 3178 5234 habere
3196 5182 3505 5250 coguntur,

1870 5278 2187 5336 quarerem
2211 5268 2409 5319 utrum
2434 5263 2660 5337 aliquas
2681 5284 2753 5322 an
2780 5265 2970 5322 nullas
2988 5265 3214 5322 animas
3234 5267 3386 5324 Deus
3409 5268 3512 5325 da-

1937 5434 1951 5468 ι
1984 5432 2140 5503 Editi,
2172 5446 2396 5496 querere
2425 5448 2693 5499 caperem.
2723 5434 2912 5485 Metius
2938 5434 3171 5486 vaticani
3199 5437 3344 5501 Msa,
3374 5452 3513 5503 qua-

1870 5509 1983 5543 rere
2008 5499 2261 5558 poteram.

1937 5558 1958 5593 ²
1985 5555 2224 5621 ιὴίΜεδη
2250 5556 2398 5621 illam
2432 5555 2525 5607 Dei
2547 5561 2767 5621 partem.

1938 5621 1958 5657 ³
1984 5620 2103 5669 Sola
2135 5620 2295 5670 editio
2326 5621 2471 5679 Lov.,
2491 5620 2674 5683 magis.

1936 5684 1956 5719 ‘
1985 5684 2129 5741 Lov.,
2162 5687 2304 5732 tanta
2337 5682 2480 5733 bono.
2513 5682 2692 5743 Abest,
2726 5685 2882 5746 tanta,
2917 5699 2949 5736 a
2977 5688 3183 5738 cateris
3220 5687 3387 5740 libris.

1939 5765 2012 5827 (ο)
2042 5766 2064 5812 1
2097 5764 2344 5823 Retract.,
2377 5776 2492 5827 cap.
2526 5766 2603 5814 15.
2634 5776 2688 5812 n.
2720 5766 2766 5814 5.

3153 5886 3192 5959 4
