4012 6514
447 421 559 480 107

447 555 628 608 mnet.
662 551 720 608 Si
752 552 965 623 nullas,
996 553 1227 608 nullum
1261 552 1602 607 meritorum
1639 547 1933 619 judicium
1983 547 2092 611 est,

448 640 610 696 nulla
628 641 1016 713 providentia;
1037 648 1093 697 et
1112 658 1250 697 casu
1270 639 1465 713 potius
1483 655 1661 711 quam
1680 636 1903 693 ratione
1920 651 2094 690 mun-

448 731 560 785 dus
574 730 1135 798 administratur,vel
1152 731 1347 803 potius
1365 745 1481 785 non
1500 727 2092 783 administraturznon

449 818 604 874 enim
628 816 1059 875 administratio
1082 820 1315 874 casibus
1338 818 1534 877 danda
1555 820 1664 873 est.
1689 816 1805 871 Hoc
1831 818 2025 870 autem
2045 813 2095 868 si

448 908 722 964 omnibus
754 908 1018 979 qualibet
1049 908 1329 980 religione
1360 905 1644 962 devinctis
1667 904 1902 960 credere
1930 901 2094 957 nefas

449 1000 557 1064 est,
573 1002 753 1053 restat
775 1000 840 1052 ut
860 996 1390 1069 autsitaliquarum
1417 996 1749 1050 animarum
1769 991 2089 1058 damnatio,

450 1090 551 1141 aut
563 1085 725 1141 nulla
738 1090 970 1158 peccata
986 1085 1242 1141 sint.Sed
1264 1087 1311 1141 si
1333 1083 1492 1139 nulla
1507 1087 1739 1156 peccata
1752 1079 2091 1148 sunt,etiam

450 1172 679 1229 nullum
702 1173 921 1230 malum
948 1190 960 1229 :
981 1174 1133 1246 quod
1158 1173 1255 1229 isti
1279 1174 1327 1229 si
1350 1173 1621 1243 dixerint,
1637 1169 1903 1226 haeresim
1923 1184 2091 1224 suam

450 1279 566 1319 uno
589 1264 707 1319 ictu
728 1264 1106 1319 interficiunt.
1134 1262 1411 1320 Convenit
1430 1261 1611 1333 igitur
1624 1259 1768 1315 mihi
1794 1275 1927 1314 cum
1950 1256 2090 1323 illis,

449 1352 679 1407 animas
710 1350 938 1424 aliquas
969 1351 1165 1408 divina
1185 1350 1667 1423 legejudicioque
1690 1348 1980 1404 damnari.
2023 1350 2094 1401 At

447 1439 556 1510 his,
581 1439 630 1495 si
652 1442 813 1497 bonae
831 1441 969 1509 sint,
988 1457 1114 1512 quae
1133 1439 1488 1512 illajustitia
1509 1438 1634 1494 est?
1661 1437 1719 1491 Si
1753 1436 1955 1503 malae;
1989 1451 2091 1490 na-

442 1533 593 1595 tura,
626 1546 699 1585 an
730 1528 1075 1585 voluntate?
1109 1528 1219 1584 Sed
1254 1532 1465 1584 natura
1494 1543 1623 1583 esse
1662 1525 1829 1581 malae
1881 1524 2095 1581 animas

444 1616 606 1673 nullo
633 1619 801 1673 modo
815 1623 1057 1690 queunt.
1084 1618 1247 1673 Unde
1268 1617 1378 1673 hoc
1399 1618 1680 1673 docemus
1694 1615 1722 1670 ‘I
1739 1620 1815 1670 De
1833 1612 2096 1686 superio-

444 1706 607 1763 ribus
625 1707 1065 1763 definitionibus
1079 1706 1393 1762 voluntatis
1406 1712 1577 1777 atque
1597 1703 1987 1777 peccati.Quia
2004 1701 2090 1757 di-

444 1812 571 1851 cere
598 1796 846 1866 animas,
866 1801 922 1851 et
941 1813 1070 1853 esse
1093 1795 1299 1867 malas,
1323 1800 1378 1851 et
1401 1795 1542 1850 nihil
1566 1810 1822 1867 peccare,
1851 1792 2089 1864 plenum

445 1889 536 1940 est
565 1885 868 1940 dementiae
895 1903 908 1941 :
932 1886 1124 1942 dicere
1146 1889 1340 1941 autem
1368 1900 1602 1957 peccare
1621 1884 1747 1938 sine
1768 1881 2088 1950 voluntate,

448 1989 727 2045 magnum
743 1974 1190 2029 deliramentum
1216 1980 1336 2042 est;
1362 1979 1417 2028 et
1438 1972 1653 2043 peccati
1673 1988 1836 2026 reum
1867 1969 2087 2025 tenere'

447 2078 828 2135 quemquam,
862 2064 1000 2135 quia
1031 2080 1143 2117 non
1185 2063 1319 2118 fecit
1348 2063 1501 2135 quod
1530 2062 1716 2116 facere
1740 2076 1855 2115 non
1883 2058 2088 2131 potuit,

446 2167 691 2206 summa;
721 2151 1051 2223 iniquitatis
1083 2155 1170 2206 est
1198 2156 1255 2206 et
1276 2151 1537 2205 insania).
1564 2149 1950 2214 Quamobrem
1977 2146 2087 2201 illa:

444 2238 655 2293 animas
677 2239 959 2311 quidquid
980 2240 1221 2306 faciunt,
1246 2240 1293 2294 si
1314 2244 1541 2308 natura,
1560 2255 1672 2293 non
1692 2236 1987 2292 voluntate
2005 2236 2087 2290 fa-

444 2327 627 2397 ciunt,
651 2328 708 2383 id
726 2333 833 2398 est,
867 2328 916 2384 si
947 2328 1128 2383 libero
1158 2333 1214 2384 et
1234 2329 1306 2383 ad
1332 2328 1662 2383 faciendum
1688 2331 1745 2381 et
1767 2326 1837 2380 ad
1864 2342 1974 2379 non
2001 2324 2089 2379 fa-

442 2416 713 2473 ciendum
748 2422 908 2473 motu
940 2417 1122 2472 animi
1153 2422 1389 2485 carent;
1425 2417 1473 2473 si
1504 2417 1755 2488 denique
1785 2414 1876 2470 his
1902 2413 2086 2469 absti-

441 2506 615 2562 nendi
638 2508 710 2562 ab
729 2523 899 2579 opere
916 2524 1022 2562 suo
1041 2511 1298 2579 potestas
1317 2505 1478 2561 nulla
1494 2504 1852 2571 conceditur,
1880 2519 2085 2575 pecca—

440 2600 565 2651 tum
580 2613 778 2651 earum
798 2601 995 2652 tenere
1010 2613 1121 2652 non
1144 2612 1459 2667 possumus
1477 2595 1573 2667 (a).
1594 2600 1666 2650 At
1683 2609 1887 2649 omnes
1908 2593 2085 2647 faten-

438 2689 615 2752 tur,et
628 2685 815 2741 malas
831 2686 1058 2742 animas
1061 2686 1310 2757 juste,et
1322 2702 1418 2740 eas
1434 2701 1559 2756 quas
1576 2701 1685 2739 non
1704 2685 2084 2754 peccaverunt

437 2773 655 2845 injuste
689 2775 988 2831 damnari:
1016 2776 1271 2830 fatentur
1292 2774 1473 2847 igitur
1489 2791 1586 2829 eas
1608 2773 1793 2828 malas
1810 2789 1940 2827 esse
1956 2787 2083 2843 quae

438 2869 700 2935 peccant.
724 2863 836 2918 Illa
856 2869 1072 2933 autem,
1092 2864 1245 2919 sicut
1261 2864 1409 2919 ratio
1424 2863 1640 2927 docuit,
1673 2879 1788 2916 non
1822 2864 2081 2932 peccant.

439 2953 783 3008 Animarum
815 2970 952 3025 ergo
974 2954 1262 3008 malarum
1292 2969 1477 3025 genus
1499 2952 1694 3007 nescio
1718 2950 1871 3022 quod
1888 2954 2081 3004 extra-

437 3057 613 3106 neum
630 3043 670 3108 ²,
704 3043 859 3112 quod
893 3041 1225 3096 Manichaeis
1254 3040 1573 3108 inducitur,
1608 3039 1836 3095 nullum
1864 3042 1972 3094 est.

508 3129 597 3185 18.
616 3130 782 3185 Nunc
804 3130 1023 3186 bonum
1047 3130 1192 3185 illud
1214 3146 1401 3203 genus
1423 3130 1748 3195 videamus,
1772 3127 1926 3199 quod
1951 3143 2078 3181 rur-

432 3217 975 3286 susitalaudant,ut
994 3219 1283 3291 ipsamDei
1306 3216 1698 3274 substantiam
1714 3217 1911 3272 dicant
1927 3232 2074 3271 esse.

430 3309 656 3374 Quanto
679 3313 873 3364 autem
890 3308 1100 3365 melius
1120 3312 1208 3365 est
1220 3312 1284 3363 ut
1297 3325 1470 3363 suum
1486 3307 1749 3363 ordinem
1766 3305 2075 3362 meritum-

424 3415 537 3470 que
568 3399 822 3472 quisque
853 3402 1187 3471 cognoscat,
1220 3414 1324 3454 nec
1355 3397 1439 3453 ita
1467 3396 1751 3468 sacrilega
1800 3395 2077 3467 superbia

423 3488 757 3555 ventiletur,
802 3494 866 3544 ut
919 3505 1051 3545 cum
1106 3505 1168 3545 se
1218 3489 1391 3544 toties
1439 3485 1786 3543 commutari
1838 3483 2072 3554 sentiat,

426 3578 645 3633 summi
658 3578 817 3634 illius
832 3578 1146 3651 boni,quod
1167 3576 1648 3633 incommutabile
1669 3575 1760 3645 pia
1775 3575 1923 3629 ratio
1944 3590 2074 3645 pro-

427 3668 893 3734 ﬁteturetdocet,
916 3669 1114 3723 credat
1130 3684 1258 3723 esse
1271 3664 1703 3722 substantiam?
1732 3665 1876 3719 Ecce
1916 3662 2071 3719 enim

425 3770 559 3811 cum
592 3756 971 3812 manifestum
1002 3756 1078 3811 sit
1106 3774 1222 3811 non
1242 3773 1479 3828 peccare
1499 3756 1727 3810 animas
1756 3754 1815 3807 in
1832 3768 1897 3808 eo
1919 3751 2072 3823 quod

428 3860 543 3899 non
567 3849 705 3899 sunt
720 3843 886 3914 tales,
910 3844 1113 3917 quales
1134 3861 1262 3900 esse
1286 3861 1397 3899 non
1427 3848 1707 3915 possunt;
1743 3842 1896 3896 unde
1934 3856 2073 3896 con-

429 3935 677 4005 statjam
696 3934 891 3989 nescio
906 3951 1053 4006 quas
1072 3933 1553 3989 illasinductitias
1574 3930 1735 3987 nullo
1754 3931 1925 3986 modo
1943 3945 2072 4002 pec-

425 4026 653 4091 care,et
682 4023 1130 4095 proptereaillas
1168 4023 1407 4078 omnino
1443 4039 1559 4077 non
1590 4036 1750 4076 esse:
1780 4018 2069 4091 relinqui-

423 4112 611 4176 tur,ut
623 4111 896 4182 quoniam
912 4111 1237 4167 concedunt
1250 4113 1753 4183 essepeccata,non
1770 4108 2069 4162 inveniant

421 4199 638 4270 quibus
668 4217 735 4255 ea
762 4200 1043 4267 tribuant,
1079 4200 1191 4257 nisi
1221 4200 1374 4255 bono
1405 4200 1601 4272 generi
1631 4198 1961 4253 animarum
2009 4202 2065 4252 et

416 4289 762 4344 substantiae
784 4289 898 4345 Dei.
926 4289 1176 4345 Maxime
1193 4295 1388 4345 autem
1416 4292 1701 4362 urgentur
1717 4287 2062 4343 auctoritate

415 4376 764 4434 christiana:
786 4395 1089 4450 nunquam
1107 4379 1262 4433 enim
1295 4382 1655 4449 negaverunt
1684 4377 1807 4431 dari
1831 4376 2054 4431 veniam

411 4470 946 4537 peccatorum,cum
972 4468 1225 4523 fueritad
1245 4472 1425 4522 Deum
1440 4466 1693 4537 quisque
1710 4481 2053 4531 conversus;

411 4570 717 4626 nunquam
744 4557 1015 4613 dixerunt
1055 4557 1144 4629 (ut
1164 4556 1279 4611 alia
1318 4555 1525 4626 multa)
1552 4555 1705 4626 quod
1735 4554 2053 4626 Scripturis

410 4641 623 4701 divmis
657 4644 763 4701 hoc
795 4646 1090 4719 quispiam
1117 4649 1421 4716 corruptor
1451 4644 1782 4700 inseruerit.
1829 4644 2050 4709 Quibus

406 4746 543 4805 ergo
567 4739 803 4805 peccata
819 4736 1155 4791 donantur?
1176 4736 1233 4789 Si
1251 4733 1422 4790 alieni
1443 4733 1673 4806 generis
1705 4732 1822 4789 illis
1855 4733 2045 4804 malis,

403 4827 654 4893 possunt
670 4827 727 4878 et
746 4824 907 4879 bonae
926 4824 1071 4895 ﬁeri,
1097 4828 1343 4896 possunt
1371 4824 1463 4878 Dei
1485 4838 1726 4895 regnum
1750 4822 2044 4895 possidere

402 4926 535 4966 cum
558 4911 978 4979 Christo.Quod
1000 4914 1095 4969 isti
1120 4912 1257 4985 quia
1274 4916 1509 4984 negant,
1532 4928 1637 4966 nec
1654 4911 1872 4967 habent
1901 4911 2044 4967 alte-

397 5015 530 5054 rum
564 5017 767 5071 genus,
804 5002 917 5057 nisi
947 5018 1147 5057 earum
1182 5018 1324 5071 quas
1349 5002 1419 5056 de
1440 5000 1771 5055 substantia
1787 5000 1885 5055 Dei
1913 5015 2043 5055 esse

396 5088 738 5159 perhibent;
761 5096 941 5146 restat
963 5096 1155 5146 utnon
1171 5089 1361 5146 solum
1381 5089 1854 5160 etiamipsas,sed
1878 5089 2038 5161 ipsas

394 5177 549 5232 solas
564 5181 992 5251 peccarefatean
1002 5186 1059 5234 tu
1070 5181 1236 5250 r.Ego
1251 5185 1444 5235 autem
1460 5178 1805 5250 nihilpugno
1820 5196 1889 5234 ne
1901 5178 2036 5234 solea

390 5272 655 5336 peccent:
674 5275 914 5341 peccant
926 5275 1140 5325 tamen.
1160 5272 1234 5325 At
1251 5270 1407 5325 enim
1427 5269 1449 5303 ⁸
1469 5267 1603 5324 mali
1622 5268 2034 5324 commixtione

452 5443 468 5512 ξ
500 5443 588 5512 _Sic
618 5446 740 5495 Mss.
770 5448 835 5498 At
863 5450 947 5498 Er.
977 5453 1029 5499 et
1058 5450 1167 5499 Lov
1193 5488 1204 5510 ,
1237 5450 1415 5498 teneri.
1445 5449 1507 5498 Et
1535 5448 1696 5512 paulo
1726 5453 1846 5512 post
1867 5450 2027 5500 iidem

386 5505 532 5575 editi_
543 5507 739 5575 ferunt,
768 5514 971 5572 peccato
1000 5527 1172 5561 earum
1194 5505 1371 5562 teneri
1396 5526 1495 5560 non
1521 5505 1805 5575 possum'us.

449 5572 470 5636 ξ
496 5571 651 5636 Editi,
680 5571 826 5621 extra
856 5575 1006 5623 illud.
1038 5576 1220 5624 Melius
1261 5577 1496 5625 Vaticani
1521 5571 1671 5636 Mss“
1703 5580 2024 5628 extraneum.

444 5632 465 5666 ³
494 5632 648 5700 Editi,
678 5640 887 5700 peccant
907 5642 1103 5700 tamen,
1136 5640 1321 5688 etenim
1352 5639 1478 5687 mali
1507 5632 1886 5700 commixtione,
1919 5643 2018 5691 ctc.

377 5691 745 5745 Emendantur
774 5712 841 5748 ex
870 5699 994 5749 Mss.

440 5775 515 5843 (α)
546 5779 567 5826 1
601 5776 878 5842 Bectract.,
909 5795 1024 5847 cap.
1058 5786 1132 5845 l5,
1164 5795 1219 5832 n.
1253 5785 1300 5835 6.

936 422 1038 480 DE
1082 420 1398 482 DUABUS
1446 415 1856 478 ANIMABUS
1902 413 2214 473 CONTRA
2256 411 2768 484 MANICHEOS,
2816 414 2882 473 S.
2930 412 3361 476 AUGUSTINI

3730 417 3832 479 108

2203 542 2582 614 coguntur?Si
2604 544 2684 599 ita
2697 549 3077 617 coguntur,ut
3092 546 3396 603 resistendi
3414 552 3673 620 potestas
3690 548 3835 605 nulla

2203 632 2300 700 sit,
2321 649 2440 687 non
2466 638 2739 705 peccant:
2767 636 2817 690 si
2839 636 3001 691 estin
3028 641 3313 708 potestate
3336 654 3444 694 sua
3468 640 3753 706 resistere,
3785 642 3838 695 et

2200 721 2437 792 propria
2458 721 2757 779 voluntate
2787 726 3181 793 consentiunt,
3224 742 3329 781 cur
3376 731 3542 783 tanta
3590 729 3735 785 bona
3780 730 3835 784 in

2200 825 2433 865 summo
2458 810 2745 883 malo,cur
2762 812 2870 868 hoc
2888 813 3109 869 malum
3128 814 3188 869 in
3207 831 3442 871 summo
3463 817 3832 889 bono,perdo-

2198 897 2447 954 ctrinam
2469 898 2703 955 illorum
2729 901 2995 973 cogimur
3030 902 3316 971 invenire;
3353 905 3468 960 nisi
3500 905 3639 977 quia
3664 922 3832 977 neque

2199 985 2342 1042 illud
2376 987 2597 1044 malum
2626 994 2717 1045 est
2746 991 2901 1063 quod
2932 991 3266 1063 suspicione
3296 993 3602 1061 inducunt,
3658 1011 3832 1067 neque

2196 1074 2308 1132 hoc
2326 1092 2629 1133 summum
2647 1079 2864 1135 bonum
2880 1082 3029 1150 quod
3047 1082 3461 1153 superstitione
3474 1085 3830 1155 pervertunt?

2268 1166 2502 1222 CAPUT
2534 1167 2683 1224 XIII.
2708 1200 2776 1209 —
2801 1170 2884 1223 19.
2914 1174 2999 1226 Ex
3027 1170 3414 1228 deliberatione
3445 1175 3505 1227 in
3534 1172 3741 1229 malam
3783 1177 3831 1231 et

2196 1256 2257 1309 in
2291 1256 2488 1311 bonam
2508 1265 2719 1328 partem
2748 1274 2855 1314 non
2888 1258 3087 1315 haberi
3108 1260 3213 1316 duo
3258 1263 3585 1318 animarum
3623 1280 3827 1335 genera.

2198 1343 2460 1400 Concessa
2480 1361 2676 1414 genere
2698 1348 3022 1403 animarum
3044 1349 3405 1406 illicientium
3416 1351 3488 1407 ad
3507 1355 3709 1424 turpia,
3727 1371 3832 1410 non

2194 1435 2351 1505 sequi
2380 1432 2478 1488 has
2506 1450 2618 1491 esse
2645 1445 2847 1492 natura
2876 1438 3075 1507 malas,
3108 1439 3253 1494 alias
3282 1456 3396 1496 esse
3440 1457 3712 1498 summum
3742 1443 3831 1499 bo-

2194 1537 2352 1576 num.
2376 1523 2449 1577 At
2466 1522 2514 1577 si
2534 1523 2603 1578 de
2620 1524 2851 1580 duobus
2869 1525 2998 1581 istis
3017 1526 3330 1599 generibus
3349 1530 3677 1587 animarum
3697 1531 3831 1588 deli-

2197 1626 2324 1665 rare
2343 1610 2475 1666 illos
2493 1616 2551 1667 et
2572 1629 2763 1668 errare
2793 1614 3257 1682 docuissem,aut
3287 1624 3441 1674 certe
3463 1619 3587 1691 ipse
3604 1620 3835 1677 didicis-

2197 1715 2321 1755 sem
2354 1701 2495 1772 quid
2518 1718 2815 1758 remanere
2836 1709 3084 1776 poterat,
3109 1722 3214 1761 cur
3235 1707 3519 1779 mihijam
3535 1710 3607 1764 de
3645 1708 3756 1765 ulla
3778 1727 3835 1767 re

2197 1788 2469 1843 audiendi
2486 1791 2573 1844 vel
2591 1792 2931 1848 consulendi
2951 1793 3326 1850 viderentur?
3350 1798 3436 1851 An
3468 1803 3532 1852 ut
3557 1798 3832 1855 discerem

2195 1875 2332 1931 hinc
2358 1879 2583 1933 ostendi
2605 1880 2935 1936 animarum
2959 1884 3074 1938 duo
3093 1900 3221 1939 esse
3246 1888 3640 1958 genera,quod
3660 1888 3714 1942 in
3733 1889 3831 1945 de-

2195 1963 2492 2022 Iiberando
2506 1985 2661 2024 nunc
2676 1970 2731 2023 in
2753 1971 2967 2026 malam
2987 1978 3233 2044 partem,
3255 1975 3476 2030 nuncin
3497 1976 3705 2033 bonam
3724 1994 3829 2033 nu-

2194 2056 2281 2108 tat
2301 2057 2606 2112 assensio?
2626 2062 2738 2112 Cur
2767 2076 2882 2114 non
2915 2061 3103 2133 magis
3138 2062 3245 2117 hoc
3276 2063 3511 2135 signum
3542 2070 3630 2121 est
3657 2067 3828 2124 unius

2195 2142 2559 2217 anima2,quzn
2575 2146 2756 2202 libera
2775 2148 2874 2203 illa
2890 2149 3186 2207 voluntate
3205 2152 3318 2207 huc
3339 2154 3519 2209 ethuc
3534 2155 3829 2225 ferri,binc

2195 2235 2371 2303 atque
2412 2233 2549 2290 hinc
2586 2236 2783 2290 referri
2820 2239 3053 2309 potest?
3082 2239 3227 2294 Nam
3261 2240 3403 2296 mihi
3436 2259 3565 2299 cum
3604 2245 3827 2315 accidit,

2195 2337 2377 2376 unum
2402 2339 2493 2378 me
2510 2341 2637 2380 esse
2660 2326 2846 2381 sentio
2870 2332 3190 2400 utrumque
3213 2331 3677 2389 considerantem
3700 2334 3835 2391 alte-

2194 2414 2423 2466 rutrum
2442 2411 2750 2483 eligentem
2774 2416 2895 2471 :sed
2920 2416 3263 2490 plerumque
3282 2418 3423 2475 illud
3447 2420 3720 2493 libet,hoc
3744 2424 3835 2481 de-

2193 2503 2300 2566 cet,
2324 2516 2568 2572 quorum
2594 2520 2698 2559 nos
2715 2504 2773 2559 in
2794 2506 2983 2561 medio
3002 2506 3176 2578 positi
3197 2508 3572 2567 ﬂuctuamus.
3588 2512 3700 2568 Nec
3723 2512 3834 2569 mi-

2192 2605 2354 2659 rum;
2376 2590 2455 2646 ita
2473 2593 2628 2647 enim
2647 2610 2803 2649 nunc
2820 2596 3122 2651 constituti
3140 2614 3367 2669 sumus,
3385 2604 3448 2655 ut
3470 2617 3570 2671 per
3599 2618 3831 2659 carnem

2189 2676 2487 2751 voluptate
2505 2683 2681 2747 affici,
2706 2688 2761 2738 et
2784 2701 2886 2755 per
2906 2686 3156 2755 spritum
3178 2686 3480 2743 honestate
3516 2692 3831 2760 possimus.

2189 2765 2375 2829 Quare
2393 2786 2505 2824 non
2522 2770 2670 2827 duas
2684 2773 2910 2828 animas
2930 2774 3065 2829 hinc
3080 2775 3243 2830 fateri
3265 2793 3438 2849 cogor
3458 2778 3485 2831 ?
3520 2779 3833 2836 Possumus

2190 2855 2344 2910 enim
2371 2858 2581 2914 melius
2602 2865 2658 2915 et
2684 2862 2866 2917 multo
2890 2864 3218 2934 expeditius
3244 2865 3565 2938 intelligere
3582 2870 3695 2925 duo
3731 2887 3829 2942 ge-

2189 2961 2326 2999 nera
2340 2947 2622 3003 bonarum
2647 2966 3119 3023 rerum,quorum
3139 2959 3331 3009 tamen
3348 2958 3696 3013 neutrumab
3712 2976 3833 3015 auc-

2186 3038 2308 3089 tore
2329 3035 2445 3092 Deo
2476 3038 2552 3093 sit
2570 3039 2848 3108 alienum,
2876 3058 3056 3096 unam
3080 3045 3331 3099 animam
3353 3061 3419 3099 ex
3438 3046 3679 3102 diversis
3698 3049 3828 3104 afﬁ-

2186 3138 2313 3178 cere
2331 3126 2592 3196 partibus
2613 3128 2652 3196 ¹,
2671 3128 2943 3185 inferiore
2962 3148 3028 3186 ac
3047 3133 3363 3203 superiore,
3384 3135 3468 3189 vel
3489 3136 3642 3207 quod
3676 3142 3830 3195 recte

2184 3210 2259 3266 ita
2277 3213 2388 3268 dici
2404 3219 2903 3287 potest,exteriore
2917 3226 3087 3293 atque
3102 3221 3390 3278 interiore.
3405 3224 3829 3283 Istasunt’duo

2183 3316 2415 3372 genera,
2442 3322 2568 3376 quae
2602 3308 2969 3364 sensibilium
3004 3315 3060 3365 et
3097 3310 3557 3383 intelligibilium
3594 3317 3834 3372 nomine

2184 3390 2355 3459 paulo
2379 3398 2513 3449 ante
2534 3398 2935 3466 tractavimus,
2961 3415 3088 3471 quae
3108 3400 3366 3455 carnalia
3399 3406 3455 3456 et
3491 3404 3834 3475 spiritualis

2182 3476 2463 3536 libentius
2481 3488 2537 3538 et
2559 3482 2907 3542 familiarius
2926 3504 3031 3544 nos
3052 3505 3352 3545 vocamus.
3375 3492 3482 3546 Sed
3507 3493 3723 3549 factum
3743 3499 3835 3551 est

2181 3569 2349 3624 nobis
2371 3571 2605 3629 difficile
2626 3592 2659 3630 a
2682 3577 3017 3632 carnalibus
3034 3579 3346 3648 abstinere,
3369 3596 3501 3636 cum
3522 3581 3695 3652 panis
3725 3601 3831 3639 ve-

2180 3656 2450 3715 rissimus
2475 3668 2672 3719 noster
2692 3665 3015 3737 spiritualis
3037 3668 3135 3722 sit.
3158 3672 3300 3723 Cum
3334 3669 3528 3726 labore
3570 3688 3831 3744 namque

2179 3762 2334 3803 nunc
2352 3750 2581 3807 edimus
2597 3770 2829 3825 panem.
2853 3756 3049 3826 Neque
3076 3757 3232 3812 enim
3259 3758 3423 3814 nullo
3446 3758 3504 3813 in
3529 3760 3825 3832 supplicio

2176 3851 2384 3893 sumus
2410 3847 2642 3910 peccato
2666 3844 3151 3916 transgressionis
3173 3848 3446 3903 mortales
3468 3864 3537 3903 ex
3574 3848 3820 3907 immor-

2175 3925 2391 3984 talibus
2414 3930 2708 3988 l‘acti.Ideo
2726 3934 3010 4006 contingit
3024 3938 3088 3989 ut
3104 3951 3237 3990 cum
3258 3935 3329 3991 ad
3349 3937 3590 3993 meliora
3602 3955 3823 3996 conan-

2175 4015 2330 4072 tibus
2354 4019 2541 4086 nobis,
2569 4024 2926 4078 consuetudo
2951 4024 3101 4079 l'acta
3124 4040 3255 4079 cum
3281 4040 3450 4080 carne
3483 4031 3541 4082 et
3577 4034 3829 4099 peccata

2172 4110 2372 4161 nostra
2398 4111 2649 4179 quodam
2675 4113 2847 4167 modo
2875 4111 3125 4169 militare
3168 4118 3371 4170 contra
3407 4132 3533 4183 nos,
3566 4120 3622 4172 et
3656 4118 3823 4173 difﬁ-

2169 4194 2447 4252 cultatem
2501 4200 2669 4257 nobis
2725 4201 2911 4257 facere
2956 4202 3255 4274 cmperint,
3303 4204 3572 4260 nonnulli
3642 4207 3822 4265 stulti

2166 4284 2323 4340 aliud
2354 4304 2538 4359 genus
2569 4290 2898 4345 animarum
2949 4293 3103 4362 quod
3149 4309 3263 4348 non
3312 4293 3390 4349 sit
3430 4310 3499 4350 ex
3540 4295 3657 4351 Deo
3709 4314 3820 4353 su-

2161 4377 2501 4447 perstitione
2530 4379 2911 4435 obtusissima
2928 4382 3319 4451 suspicentur.

2229 4468 2319 4520 20.
2353 4470 2694 4540 Quanquam
2726 4470 2900 4524 etiam
2932 4470 2979 4526 si
3013 4471 3096 4527 eis
3127 4473 3478 4529 concedatur
3529 4473 3814 4534 inferiore

2159 4554 2270 4610 alio
2294 4574 2501 4627 genere
2525 4559 2855 4615 animarum
2880 4576 2984 4615 nos
3009 4559 3147 4616 illici
3173 4562 3240 4616 ad
3268 4563 3482 4635 turpia,
3510 4581 3625 4619 non
3647 4564 3818 4623 ainde

2157 4644 2474 4705 conﬁciunt
2494 4652 2596 4701 aut
2620 4646 2753 4703 illas
2771 4654 2980 4703 natura
3003 4649 3192 4705 malas
3215 4651 3625 4721 esse,autistas
3639 4670 3818 4710 sum-

2154 4749 2318 4788 mum
2344 4734 2579 4790 bonum.
2620 4736 2764 4792 Fieri
2797 4738 2952 4793 enim
2986 4742 3177 4811 potest
3204 4744 3268 4794 ut
3300 4740 3530 4812 prepria
3554 4741 3670 4797 illa;
3707 4761 3815 4799 vo-

2152 4822 2377 4878 luntate
2406 4826 2729 4896 appetendo
2762 4828 2915 4898 quod
2951 4845 3063 4883 non
3100 4828 3328 4899 licebat,
3362 4830 3470 4886 hoc
3504 4835 3608 4899 est,
3662 4850 3811 4905 pec-

2150 4914 2355 4980 cando,
2389 4930 2457 4969 ex
2487 4915 2655 4971 bonis
2706 4916 2866 4971 facta
2907 4917 3026 4973 sint
3062 4917 3263 4987 malai;
3303 4936 3625 4992 rursusque
3669 4924 3809 4979 fieri

2147 5002 2311 5057 boum
2337 5005 2687 5074 possint,sed
2707 5006 2791 5061 sic
2811 5012 2874 5060 ut
2895 5008 3177 5077 quamdiu
3199 5014 3435 5064 manent
3451 5010 3511 5064 in
3532 5018 3802 5081 peccato,

2145 5093 2216 5148 ad
2241 5108 2366 5148 sese
2393 5092 2539 5149 alias
2561 5094 2786 5150 occulta
2808 5097 3063 5166 quadam
3098 5097 3370 5153 suasione
3390 5099 3751 5156 traducant3
3782 5120 3799 5158 :

2142 5180 2370 5248 deinde,
2396 5186 2459 5237 ut
2474 5182 2710 5238 omnino
2740 5183 2903 5239 malae
2928 5201 3043 5240 non
3071 5186 3319 5253 sint,sed
3345 5189 3402 5241 in
3423 5204 3528 5244 suo
3550 5205 3805 5261 genere,

2140 5270 2408 5343 quamvis
2437 5272 2729 5341 inferiore,
2747 5290 2895 5345 opus
2912 5275 3215 5346 proprium
3238 5276 3364 5332 sine
3394 5276 3512 5333 ullo
3540 5285 3797 5349 peccato

2202 5472 2217 5506 ι
2250 5470 2333 5520 Sic
2357 5471 2565 5543 in_Mss.
2597 5471 2662 5521 At
2690 5470 2745 5520 in
2776 5470 2930 5521 editis
2960 5473 3119 5537 vulgo
3150 5475 3305 5537 male,
3337 5490 3401 5524 ex
3428 5475 3640 5526 diversis
3674 5478 3795 5543 efﬁ-

2133 5548 2244 5583 cere
2308 5533 2517 5581 artibus.
3057 5533 3079 5537 ⁷
3296 5533 3302 5537 ’

2196 5601 2215 5631 ²
2242 5550 2394 5653 E’diti,
2428 5598 2499 5644 ita
2528 5598 2665 5645 sunt.
2700 5595 2944 5645 Meliores
2976 5612 3098 5648 vero
3129 5601 3276 5658 Mss.,
3306 5601 3406 5649 ista
3432 5604 3566 5649 sunt.

2202 5660 2472 5729 3Va_t_icani
2505 5658 2650 5729 Mssz,
2669 5658 2771 5729 ..ςοά
2796 5663 2851 5706 ut
2877 5660 2956 5729 ﬁt.
2990 5660 3332 5729 Michaelmus
3363 5663 3476 5723 Ms.,
3508 5664 3604 5713 sed
3620 5666 3795 5729 utﬁt,

2128 5721 2377 5792 quamdiu
2402 5723 2626 5792 Δηιαῖιέιηι
2658 5720 2714 5792 ξπ
2740 5724 3039 5784 peccato,ad
3058 5726 3193 5775 alia:
3209 5740 3317 5775 sese
3334 5720 3531 5777 occulta
3551 5720 3800 5792 quadarn

2124 5783 2362 5835 iuxtaue
2392 5783 2688 5833 traducunt.
