4012 6476
201 447 301 509 109

202 581 517 636 exerceant:
556 577 683 632 istaa
706 581 901 632 autem
934 576 1263 649 superiores
1285 577 1500 648 quibus
1532 575 1818 631 actionem

203 667 823 740 longefpraastantiorem
841 683 1034 721 rerum
1053 667 1182 721 mod
1193 665 1641 737 eratrixjustitia
1655 682 1817 720 sum-

204 775 285 813 ma
305 757 585 821 tribuerit,
620 757 666 812 si
710 756 842 811 illas
872 755 1174 811 inferiores
1213 756 1377 826 sequi
1407 755 1697 811 etimitari
1722 771 1818 809 vo-

202 847 411 915 luerint,
445 847 736 915 peccando
771 846 920 900 fiunt
949 844 1135 913 malae,
1170 862 1286 899 non
1312 845 1449 916 quia
1475 843 1682 911 malas,
1715 843 1815 898 sed

203 935 323 1005 quia
343 933 484 989 male
509 935 836 990 imitantur.
860 933 945 989 Ab
968 933 1084 988 illis
1105 935 1262 988 enim
1287 932 1812 1004 agiturproprium,

200 1025 261 1079 ab
291 1024 409 1079 istis
441 1023 738 1094 appetitur
766 1021 1052 1090 alienum;
1086 1022 1240 1076 unde
1270 1020 1380 1075 illa:
1410 1021 1468 1075 in
1501 1037 1607 1075 suo
1629 1021 1813 1091 gradu

201 1115 430 1178 manent,
455 1112 564 1166 iste
586 1111 656 1165 ad
682 1110 956 1165 inferiora
979 1113 1342 1180 merguntur.
1365 1108 1536 1164 Velut
1558 1125 1690 1163 cum
1713 1109 1813 1163 ho-

200 1202 363 1255 mines
387 1201 568 1255 ferina
590 1204 909 1255 sectantur.
925 1199 1167 1254 Pulchre
1183 1198 1657 1268 namqueincedit
1670 1215 1811 1268 qua-

198 1290 504 1361 drupedans
530 1305 748 1361 equus:
775 1294 832 1343 at
852 1290 897 1344 si
922 1288 1030 1344 hoc
1050 1288 1223 1343 homo
1246 1288 1492 1359 pedibus
1516 1287 1812 1342 manibus-

196 1394 289 1449 que
315 1377 585 1446 imitetur,
617 1379 749 1450 quis
774 1395 908 1433 eum
947 1376 1034 1433 vel
1080 1377 1375 1448 palearum
1408 1376 1534 1431 cibo
1565 1377 1808 1448 dignum

193 1467 370 1538 putet?
390 1468 559 1522 Recte
580 1467 760 1537 igitur
783 1466 1126 1538 plerumque
1153 1466 1553 1538 improbamus
1573 1463 1805 1518 imitan-

193 1563 446 1620 tem,cum
461 1573 595 1611 eum
613 1573 787 1627 quem
805 1555 1068 1610 imitatur
1085 1554 1809 1626 probemus.lnprobamus

191 1654 363 1701 autem
386 1662 498 1700 non
523 1646 663 1716 quia
684 1662 801 1700 non
823 1645 898 1700 sit
923 1649 1252 1709 assecutus,
1285 1644 1384 1698 sed
1411 1643 1547 1714 quia
1569 1642 1807 1696 omnino

191 1734 400 1805 assequi
431 1733 633 1789 voluit.
684 1734 746 1787 In
795 1749 944 1804 equo
971 1733 1125 1788 enim
1160 1732 1477 1803 probamus
1511 1731 1677 1799 illud,
1714 1730 1806 1785 cui

191 1829 444 1893 quantum
465 1823 860 1894 praeponimus
875 1822 1192 1887 hominem,
1208 1825 1435 1876 tantum
1454 1820 1806 1874 offendimur

189 1914 323 1982 quod
348 1911 618 1967 inferiora
634 1917 908 1967 sectatur.
931 1911 1077 1974 Quid
1098 1911 1248 1965 inter
1264 1909 1422 1980 ipsos
1441 1909 1726 1973 homines,
1745 1909 1803 1963 in

186 2002 480 2056 emittenda
495 2017 635 2056 voce
652 2017 840 2056 nonne
858 2001 1011 2072 quod
1034 2016 1217 2071 praeco
1239 2001 1382 2054 bene
1401 1998 1552 2065 facit,
1573 1997 1802 2053 etiamsi

185 2090 380 2144 clarius
399 2106 462 2144 ac
485 2089 697 2144 melius
723 2090 778 2144 id
803 2089 977 2143 faciat
999 2092 1235 2143 senator
1254 2103 1533 2158 prmcone,
1560 2087 1803 2142 insanus

183 2179 293 2232 est?
310 2178 574 2235 Cwlestia
595 2179 854 2248 suscipe:
879 2177 1081 2232 lucens
1105 2176 1244 2231 luna
1262 2176 1556 2244 laudatur,
1580 2191 1802 2247 suoque

183 2283 340 2321 cursu
353 2273 527 2339 atque
539 2267 762 2322 vicibus
778 2268 921 2322 bene
936 2266 1442 2322 considerantibus
1456 2265 1600 2320 satis
1616 2264 1802 2336 placet

182 2359 357 2411 tamen
380 2356 426 2411 si
449 2372 580 2411 eam
603 2355 689 2411 sol
717 2355 854 2410 velit
884 2355 1101 2410 imitari
1135 2354 1453 2425 (ﬁngamus
1483 2354 1638 2408 enim
1665 2368 1798 2407 eum

180 2459 331 2513 posse
349 2444 560 2500 habere
582 2444 917 2514 hujusmodi
938 2443 1310 2514 voluntates),
1329 2442 1422 2497 cui
1442 2459 1554 2497 non
1569 2458 1801 2497 summe

178 2534 371 2602 acjure
390 2533 738 2605 displiceat?
761 2535 840 2588 Ex
859 2533 1074 2604 quibus
1101 2532 1243 2586 illud
1273 2537 1360 2587 est
1378 2532 1530 2602 quod
1556 2531 1797 2601 intelligi

176 2620 306 2675 volo.
335 2621 518 2676 Etiam
555 2623 599 2677 si
634 2627 772 2676 sunt
804 2622 1010 2676 anima:
1044 2622 1216 2692 (quod
1254 2621 1485 2676 interim
1510 2621 1795 2674 incertum

179 2711 292 2779 est),
323 2712 617 2782 corporeis
649 2711 858 2766 ofﬁciis
891 2728 1005 2766 non
1038 2715 1294 2781 peccato,
1328 2710 1426 2764 sed
1462 2714 1670 2763 natura
1700 2710 1798 2763 de-

177 2799 310 2867 ditaz,
336 2816 577 2871 nosque,
610 2816 971 2871 quamquam
995 2800 1115 2854 sint
1147 2800 1468 2864 inferiores,
1499 2797 1692 2868 aliqua
1712 2804 1797 2852 ta-

176 2904 291 2941 men
314 2887 619 2943 interiore1
648 2889 942 2944 vicinitate
964 2889 1332 2959 contingunt,
1361 2905 1475 2943 non
1506 2886 1637 2942 illas
1669 2887 1798 2942 ideo

176 2975 342 3031 malas
363 2977 561 3032 haberi
579 2978 1010 3049 oportere,quia
1022 2981 1078 3032 et
1092 2993 1198 3032 nos
1211 2993 1346 3032 cum
1365 2992 1462 3032 eas
1474 2977 1796 3048 sequimur,

172 3070 218 3118 et
253 3081 520 3137 corporea
571 3066 897 3139 diligimus,
930 3066 1067 3121 mali
1122 3083 1329 3122 sumus
1358 3066 1459 3137 (a).
1493 3066 1798 3136 Propterea

181 3153 321 3209 enim
351 3172 629 3228 corporea
657 3155 950 3227 diligendo
981 3155 1453 3228 peccamus,quia
1475 3153 1805 3226 spiritualia

173 3242 393 3315 diligere
423 3251 479 3300 et
504 3245 739 3316 justitia
761 3245 1044 3316 jubemur
1072 3249 1129 3300 et
1157 3249 1367 3300 natura
1391 3260 1723 3315 possumus,
1744 3247 1799 3298 et

170 3335 295 3387 tunc
325 3333 380 3387 in
443 3338 644 3390 nostro
702 3350 913 3406 genere
970 3334 1174 3406 optimi
1233 3339 1290 3390 et
1346 3332 1667 3388 beatissimi
1700 3349 1795 3387 su-

171 3436 290 3475 mus
322 3423 416 3493 (δ).

226 3511 309 3566 21.
342 3511 756 3582 Quamobrem,
790 3512 927 3581 quid
973 3512 1148 3566 habet
1189 3510 1515 3582 argumenti
1543 3514 1797 3566 aestuans

168 3597 218 3651 in
242 3605 548 3671 utramque
577 3606 798 3672 partem
823 3599 1179 3667 deliberatio,
1224 3602 1392 3655 modo
1416 3601 1473 3654 in
1497 3604 1797 3671 peccatum

167 3703 354 3757 prona,
391 3690 564 3744 modo
592 3690 648 3743 in
684 3694 834 3743 recte
865 3689 1080 3743 factum
1108 3689 1402 3757 subvecta,
1439 3693 1504 3742 ut
1534 3689 1648 3742 duo
1681 3688 1800 3742 ani-

168 3792 381 3831 marum
399 3794 894 3849 genera,quorum
914 3776 1153 3831 alterius
1172 3781 1378 3834 natura
1396 3792 1462 3831 ex
1484 3781 1592 3831 Deo
1611 3776 1796 3841 sit,al-

166 3867 335 3921 terius
353 3884 465 3922 non
485 3868 793 3939 sit,cogam
805 3884 872 3921 ur
892 3866 1311 3938 accipere,cum
1327 3864 1468 3920 alias
1491 3869 1575 3920 tot
1591 3881 1797 3920 causas

164 3952 493 4010 alternantis
517 3956 889 4026 cogitationis
912 3955 1196 4024 conjicere
1217 3954 1544 4009 liceat?Sed
1570 3953 1687 4008 haec
1701 3954 1798 4008 ob-

165 4058 324 4098 scura
341 4050 556 4111 esse,et
571 4045 868 4099 incassum
885 4045 955 4098 ab
971 4043 1184 4098 animis
1201 4043 1580 4115 lippientibus
1597 4043 1794 4113 quaeri,

163 4132 419 4203 quisquis
450 4134 643 4188 bonus
666 4149 858 4187 rerum
881 4132 1241 4187 existimator
1262 4137 1368 4199 est,
1402 4132 1573 4186 videt.
1608 4133 1795 4195 Quare

162 4219 250 4274 illa
265 4222 450 4291 potius
466 4239 596 4293 quae
612 4223 684 4276 de
697 4221 992 4276 voluntate
1005 4225 1182 4292 atque
1205 4226 1437 4292 peccato
1459 4221 1614 4275 dicta
1636 4224 1792 4287 sunt,

160 4308 269 4378 illa,
293 4310 564 4382 inquam,
590 4327 719 4382 quae
749 4310 1230 4380 summajustitia
1253 4310 1543 4364 neminem
1577 4310 1797 4364 ratione

161 4404 406 4454 utentem
438 4404 713 4471 ignorare
746 4399 1052 4470 permittit,
1085 4398 1186 4453 illa
1217 4415 1342 4470 qua:
1375 4399 1422 4453 si
1457 4398 1796 4452 auferantur

161 4487 334 4557 nobis,
367 4488 517 4543 nihil
552 4494 643 4543 est
675 4489 828 4542 unde
862 4486 1172 4558 disciplina
1203 4487 1434 4540 virtutis
1467 4486 1795 4551 inchoetur,

164 4575 293 4631 nihil
327 4578 478 4632 unde
511 4595 546 4632 a
567 4576 841 4631 vitiorum
865 4578 1084 4631 morte’
1107 4581 1401 4647 surgatur,
1425 4577 1598 4630 etiam
1622 4581 1795 4646 atque

165 4665 326 4720 etiam
359 4667 734 4722 considerata
764 4665 909 4721 satis
939 4665 1091 4720 clare
1122 4681 1186 4719 ac
1208 4664 1462 4720 dilucide
1487 4663 1795 4718 Manichae-

164 4769 318 4809 orum
350 4755 625 4810 haeresim
659 4754 867 4810 falsam
912 4770 1040 4809 esse
1070 4754 1438 4809 convincunt.

227 4843 456 4901 CAPUT
490 4844 636 4899 XIV.
672 4875 739 4884 —
758 4845 847 4898 22.
873 4846 1108 4900 Rursum
1134 4859 1204 4898 ex
1228 4842 1529 4914 paenitendi
1555 4843 1800 4898 utilitate

165 4943 490 4990 monstratur
505 4937 726 4989 animos
744 4950 854 4988 non
874 4936 1075 4988 natura
1099 4933 1276 4987 malas
1297 4947 1433 4986 esse.
1457 4933 1799 4988 Demonstra-

162 5023 292 5077 tioni
315 5027 431 5078 tam
461 5026 627 5078 εει-ιω
657 5023 881 5078 nonnisi
903 5038 975 5076 ex
1002 5022 1397 5077 consuetudine
1416 5022 1650 5076 errandi
1669 5038 1798 5076 con-

163 5103 464 5158 tradicitur.
488 5104 710 5158 Horum
734 5103 926 5158 simile
937 5107 1026 5158 est
1040 5103 1194 5174 quod
1210 5102 1279 5156 de
1298 5101 1628 5173 pmnitendo
1643 5117 1799 5157 nunc

169 5189 366 5247 dicam.
390 5192 562 5258 Nam,
590 5197 654 5247 ut
673 5192 823 5247 inter
842 5207 1045 5247 omnes
1076 5207 1251 5246 sanos
1281 5194 1529 5256 constat,
1556 5196 1612 5246 et
1641 5191 1797 5261 quod

174 5279 276 5350 ipsi
294 5281 601 5337 Manichaei
616 5298 731 5337 non
746 5279 939 5338 solum
955 5279 1228 5349 fatentur,
1244 5279 1343 5334 sed
1359 5283 1415 5335 et
1428 5280 1598 5350 preci
1605 5279 1792 5350 piunt,

223 5521 236 5556 ¹
267 5523 345 5572 Sic
374 5524 430 5573 in
463 5524 591 5572 Mss.
630 5523 693 5571 At
721 5524 776 5572 in
811 5523 1032 5580 excusis,
1067 5519 1333 5585 inferiore.

220 5585 240 5618 ²
266 5586 418 5645 Editi,
443 5586 764 5635 altmiantes
818 5587 1165 5649 cogitationes.
1221 5585 1557 5649 Castigantur
1584 5599 1647 5636 ex
1676 5589 1800 5639 Mss.

220 5649 239 5682 ³
268 5651 338 5698 Ita
366 5652 421 5699 in
453 5650 584 5698 Mss.
615 5651 681 5697 At
708 5649 764 5698 in
794 5647 1002 5699 excusis
1039 5648 1215 5712 vulgo,
1254 5647 1402 5697 mole.

224 5728 287 5793 ((ι)
320 5731 338 5793 l
369 5731 631 5788 Retract.,
668 5743 785 5793 cap.
818 5732 895 5791 15,
924 5743 978 5779 n.
1007 5726 1058 5778 Ἰ.

223 5789 294 5857 (δ)
321 5792 479 5854 tbid.,
513 5806 572 5843 η.
606 5795 652 5843 s.

1618 445 1850 505 LIBER
1894 444 2124 506 UNUS.

3455 457 3572 514 110

1929 575 2069 630 utile
2100 581 2188 631 est
2231 576 2506 647 paenitere
2534 580 2775 650 peccati.
2817 581 2965 644 Quid
3007 598 3111 654 ego
3144 600 3298 638 nunc
3327 583 3386 639 in
3418 585 3568 642 hanc

1925 680 2045 717 rem
2061 664 2619 738 divinarumScriptu
2630 685 2825 722 rarum
2844 670 3334 744 testimonia,quae
3351 690 3566 745 usque.

1924 768 2154 822 quaque
2173 754 2385 814 diffusa
2402 760 2560 824 sunt,
2582 755 2851 829 colligam
2870 757 3032 814 ‘IVox
3050 765 3137 815 est
3154 762 3328 816 etiam
3349 761 3445 817 isti
3471 779 3570 818 na-

1925 846 2064 896 tura
2089 858 2102 896 :
2130 843 2421 899 neminem
2455 844 2699 900 stultum
2732 847 2813 900 rei
2836 846 3013 917 hujus
3037 849 3242 904 notitia
3267 850 3525 906 deseruit
3550 875 3566 918 ;

1922 930 2027 985 hoc
2051 931 2217 986 nobis
2240 931 2351 988 nisi
2375 934 2608 1005 penitus
2632 935 2875 990 insitum
2901 942 3074 1003 esset,
3095 938 3436 1009 periremus.
3460 940 3566 995 Po-

1919 1023 2031 1073 test
2052 1018 2264 1090 aliquis
2287 1021 2497 1087 dicere,
2533 1039 2646 1077 non
2681 1040 2742 1078 se
2774 1040 3048 1094 peccare:
3085 1042 3199 1082 non
3231 1032 3428 1083 autem
3455 1028 3566 1085 sibi

1917 1124 2066 1177 esse,
2091 1108 2140 1164 si
2164 1111 2502 1180 peccaverit,
2529 1112 2952 1183 paenitendum,
2977 1114 3137 1170 nulla
3159 1116 3455 1172 barbaries
3477 1117 3565 1172 di-

1918 1212 2044 1250 cere
2095 1199 2349 1253 audebit.
2395 1199 2529 1262 Quae
2562 1217 2696 1255 cum
2728 1201 2809 1256 ita
2835 1202 2976 1268 sint,
3009 1220 3202 1275 quero
3235 1221 3302 1260 ex
3334 1206 3565 1262 duobus

1917 1284 2030 1340 illis
2046 1288 2357 1356 generibus
2376 1289 2731 1360 animarum,
2751 1292 2921 1361 cujus
2937 1292 3012 1346 sit
3026 1293 3301 1364 pcenitere
3319 1294 3568 1366 peccati?

1915 1374 2044 1429 Scio
2065 1375 2301 1444 quidem
2324 1393 2509 1448 neque
2529 1377 2688 1433 illius
2705 1395 2833 1435 esse
2854 1396 3046 1451 posse,
3067 1381 3166 1452 qui
3187 1381 3336 1438 male
3354 1384 3563 1454 facere,

1913 1479 2103 1534 neque
2133 1462 2287 1519 illius
2317 1465 2418 1536 qui
2449 1466 2594 1522 bene
2625 1467 2811 1523 facere
2863 1485 2977 1524 non
3011 1473 3242 1541 potest:
3289 1487 3470 1543 quare
3501 1475 3567 1528 ut

1914 1567 2114 1607 eorum
2145 1553 2335 1608 verbis
2362 1556 2512 1623 utar,
2552 1555 2600 1610 si
2645 1555 2901 1612 animam
2932 1558 3305 1614 tenebrarum
3337 1561 3559 1632 peccati

1912 1639 2170 1710 paenitet,
2207 1659 2320 1696 non
2354 1650 2444 1697 est
2474 1643 2544 1698 de
2566 1644 2898 1700 substantia
2920 1647 3137 1702 summi
3161 1647 3298 1702 mali
3324 1674 3336 1713 ;
3361 1649 3409 1703 si
3433 1649 3560 1703 ani-

1914 1743 2067 1782 mam
2092 1728 2259 1798 lucis,
2289 1747 2400 1784 non
2421 1736 2508 1786 est
2524 1733 2595 1786 de
2613 1733 2942 1788 substantia
2960 1735 3177 1789 summi
3194 1737 3353 1791 boni.
3373 1737 3560 1792 Paeni—

1912 1817 2069 1871 tendi
2092 1819 2248 1872 enim
2271 1819 2510 1876 affectus
2535 1820 2632 1876 ille
2656 1823 2753 1892 qui
2788 1823 3046 1893 prodest,
3081 1829 3137 1878 et
3168 1824 3320 1879 male
3352 1826 3559 1883 fecisse

1913 1905 2280 1974 pmnitenlem
2298 1912 2337 1977 ³,
2359 1914 2415 1962 et
2437 1909 2582 1964 bene
2607 1911 2792 1966 facere
2814 1912 3076 1982 potuisse
3106 1917 3373 1968 testatur.
3400 1915 3557 1977 Quo-

1911 1994 2082 2048 modo
2105 1995 2282 2066 igitur
2303 2013 2370 2051 ex
2393 2014 2484 2052 me
2507 1998 2652 2052 nihil
2681 1999 2839 2065 mali,
2864 2001 2912 2056 si
2936 2016 3041 2072 ego
3065 2017 3368 2072 perperam
3399 2004 3504 2058 feci
3528 2004 3557 2058 ?

1910 2088 2009 2137 aut
2031 2086 2319 2154 quomodo
2344 2102 2436 2141 me
2459 2093 2609 2142 recte
2630 2088 2887 2158 paenitet,
2908 2090 2957 2144 si
2975 2106 3081 2161 ego
3106 2107 3219 2145 non
3239 2091 3386 2147 feci?
3403 2093 3555 2148 Audi

1908 2176 2132 2242 partem
2150 2171 2424 2229 alteram:
2453 2175 2753 2238 Quomodo
2777 2193 2844 2232 ex
2875 2194 2965 2232 me
2998 2178 3138 2233 nihil
3160 2179 3297 2234 boni
3329 2185 3436 2248 est,
3459 2181 3554 2236 cui

1908 2261 2060 2314 bona
2081 2261 2350 2318 voluntas
2373 2263 2569 2318 inest?
2592 2269 2691 2319 aut
2711 2268 3003 2336 quomodo
3029 2284 3121 2322 me
3143 2273 3296 2324 recte
3314 2270 3555 2340 paenitet

1907 2349 1955 2403 si
1978 2367 2091 2404 non
2118 2351 2269 2405 inest
2286 2351 2312 2405 ?
2335 2351 2722 2414 Quamobrem
2748 2361 2850 2409 aut
2874 2361 3086 2427 negent
3112 2357 3206 2412 isti
3231 2374 3358 2413 esse
3375 2359 3554 2429 paeni-

1906 2439 2066 2492 tendi
2093 2456 2364 2509 magnam
2389 2442 2723 2509 utilitatem,
2753 2449 2815 2498 ut
2841 2461 2947 2498 non
2970 2445 3158 2499 solum
3179 2463 3210 2500 a
3230 2446 3548 2502 christiano

1907 2527 2162 2597 nomine,
2195 2529 2293 2582 sed
2326 2531 2397 2584 ab
2428 2531 2584 2584 omni
2618 2533 2791 2586 etiam
2824 2533 2906 2587 vel
2951 2533 3290 2603 imaginaria
3321 2535 3546 2590 ratione

1905 2615 2237 2685 pellantur;
2271 2623 2374 2673 aut
2406 2619 2734 2675 animarum
2754 2621 2852 2675 illa
2876 2623 2990 2676 duo
3013 2639 3244 2692 genera,
3271 2640 3453 2678 unum
3479 2641 3549 2679 ex

1905 2721 2019 2775 quo
2044 2706 2188 2760 nihil
2213 2706 2370 2772 mali,
2397 2707 2686 2763 alternum
2713 2726 2780 2764 ex
2802 2727 2915 2780 quo
2939 2711 3082 2765 nihil
3115 2711 3249 2765 boni
3273 2712 3369 2782 sit,
3394 2713 3546 2768 dice-

1906 2794 1999 2848 re’
2025 2800 2198 2865 atque
2227 2796 2431 2851 docere
2455 2798 2580 2867 jam
2620 2799 2928 2855 desinant:
2991 2801 3144 2870 quod
3207 2800 3255 2854 si
3313 2800 3547 2868 faciant,

1906 2883 2206 2938 Manichaei
2239 2900 2367 2940 esse
2398 2886 2595 2956 utique
2617 2887 2745 2957 jam
2779 2888 3084 2956 desinent;
3135 2905 3268 2944 nam
3302 2893 3421 2944 tota
3449 2890 3552 2947 illa

1905 2976 2063 3028 secta
2095 2972 2208 3028 ista
2237 2973 2482 3044 bicipiti,
2529 2973 2617 3030 vel
2667 2976 2862 3047 potius
2904 2977 3184 3049 praecipiti
3217 2978 3549 3042 animarum

1903 3062 2176 3116 varietate
2209 3061 2463 3118 fulcitur.

1974 3151 2064 3204 23.
2092 3157 2171 3205 Ac
2195 3151 2333 3205 mihi
2360 3152 2595 3222 quidem
2628 3154 2770 3208 satis
2793 3158 2880 3208 est
2915 3154 2998 3209 sic
3021 3155 3169 3211 scire
3188 3156 3340 3226 quod
3367 3156 3547 3212 Mani-

1904 3237 2046 3293 chaai
2070 3243 2280 3304 errent,
2306 3244 2370 3294 ut
2390 3240 2507 3295 scio
2533 3242 2931 3312 paenitendum
2953 3259 3082 3298 esse
3107 3244 3324 3315 peccati
3350 3261 3362 3298 :
3386 3249 3442 3300 et
3460 3249 3548 3300 ta-

1905 3344 2035 3382 men
2060 3327 2107 3381 si
2134 3345 2286 3382 nunc
2309 3328 2631 3384 amicorum
2655 3347 2918 3386 meorum
2942 3331 3217 3403 aliquem,
3239 3333 3339 3405 qui
3359 3349 3548 3404 usque

1904 3417 2094 3471 adhuc
2115 3416 2246 3471 illos
2265 3418 2589 3474 audiendos
2611 3423 2796 3491 putat,
2823 3420 3316 3492 compellemjure
3340 3421 3544 3478 amici-

1903 3506 2015 3572 tia,
2036 3511 2091 3561 et
2107 3506 2156 3560 ei
2172 3505 2591 3570 dicam,Scisne
2610 3507 2751 3563 utile
2769 3525 3054 3576 esse,eum
3072 3510 3322 3581 quisque
3341 3527 3542 3581 pecca-

1903 3597 2066 3659 verit,
2092 3595 2368 3666 pmnitere
2388 3594 2416 3648 ‘t
2438 3596 2563 3650 sine
2586 3597 2948 3652 dubitatione
2970 3615 3031 3653 se
3053 3598 3200 3653 scire
3221 3600 3453 3668 iurabit.
3483 3599 3544 3654 Si

1905 3699 2038 3754 ergo
2058 3689 2111 3738 te
2131 3685 2314 3739 fecero
2333 3683 2414 3739 ita
2431 3685 2509 3739 sci
2519 3701 2577 3739 re
2597 3684 2802 3740 falsam
2817 3703 2946 3741 esse
2963 3686 3411 3742 Manichaeorum
3430 3687 3545 3741 ba:-

1907 3771 2104 3836 resim,
2120 3772 2552 3828 desiderabisne
2566 3772 2851 3846 amplius?
2865 3775 3011 3838 Quid
3030 3776 3287 3847 amplius
3301 3793 3362 3831 se
3379 3792 3548 3847 posse

1906 3861 1962 3914 in
1986 3861 2094 3915 hac
2121 3878 2178 3915 re
2200 3861 2565 3917 desiderare3
2596 3863 2961 3934 respondeat.
2996 3866 3146 3920 Bene
3168 3866 3405 3936 quidem
3433 3865 3547 3920 huc

1906 3967 2112 4021 usque.
2145 3951 2250 4004 Sed
2287 3966 2420 4005 cum
2452 3952 2758 4007 ostendere
2802 3969 3025 4024 crepero
3057 3958 3243 4008 certas
3278 3971 3548 4009 necessa-

1907 4041 2136 4110 riasque
2159 4037 2432 4109 rationes,
2457 4056 2586 4110 quae
2607 4039 2763 4096 illam
2790 4043 3245 4114 propositionem
3270 4043 3548 4098 adaman-

1908 4129 2067 4192 tinis,
2091 4132 2156 4182 ut
2178 4129 2410 4195 dicitur,
2432 4129 2650 4184 catenis
2668 4129 2888 4185 innexae
2912 4136 3371 4202 consequuntur,
3398 4149 3550 4187 rem-

1906 4234 2018 4289 que
2051 4222 2229 4271 totam
2263 4217 2332 4271 ad
2365 4217 2798 4273 conclusionem
2831 4236 2945 4291 qua
2973 4219 3070 4275 illa
3098 4221 3373 4275 evertitur
3393 4225 3549 4275 secta

1907 4307 2226 4377 perduxero
2249 4323 2261 4372 ;
2288 4306 2522 4377 negabit
2544 4324 2605 4361 se
2628 4307 2868 4362 forsitan
2889 4309 3036 4363 scire
3056 4308 3364 4364 utilitatem
3383 4307 3545 4364 illam

1906 4393 2244 4464 paenitendi,
2270 4410 2447 4464 quam
2471 4411 2639 4450 nemo
2662 4397 2887 4463 doctus,
2911 4413 3079 4452 nemo
3099 4397 3369 4452 indoctus
3387 4397 3548 4469 igno-

1908 4489 2029 4550 rat;
2053 4490 2110 4538 et
2133 4484 2325 4554 potius
2350 4499 2411 4538 se
2429 4484 2576 4538 scire
2601 4486 2930 4550 contendet,
2964 4503 3096 4540 cum
3122 4485 3458 4541 dubitamus
3489 4490 3548 4541 et

1908 4572 2476 4637 deliberamus,duas
2489 4572 2545 4626 in
2563 4574 2731 4628 nobis
2745 4574 2969 4629 animas
2983 4575 3303 4645 patrocinia
3317 4575 3551 4647 prepria

1907 4660 2160 4732 singulis
2178 4661 2517 4731 quaestionis
2536 4661 2802 4733 partibus
2820 4663 3113 4719 adhibere.
3131 4665 3174 4719 Ο
3189 4664 3548 4719 consuetudo

1908 4749 2156 4822 peccati!
2182 4766 2213 4803 ο
2238 4765 2430 4804 comes
2457 4752 2660 4821 pmna‘
2681 4753 2895 4823 peccati
2920 4752 2932 4806 l
2958 4752 3071 4808 Vos
3103 4769 3194 4807 me
3220 4759 3359 4808 tunc
3391 4769 3424 4807 a
3453 4767 3546 4808 re-

1909 4855 2039 4893 rum
2055 4843 2173 4892 tam
2189 4837 2629 4894 manifestarum
2645 4840 3106 4897 consideratione
3118 4841 3430 4908 avertistis;
3447 4840 3548 4895 sed

1910 4944 2023 4982 non
2050 4925 2318 4982 sentienti
2346 4927 2644 4984 nocebatis
2670 4944 2683 4983 :
2719 4947 2874 4985 nunc
2905 4946 3039 4986 vero
3068 4930 3128 4985 in
3162 4927 3549 4985 familiarissi-

1911 5014 2023 5070 mis
2055 5014 2201 5070 meis
2231 5015 2504 5070 similiter
2536 5033 2649 5071 non
2681 5019 3070 5074 sentientibus
3093 5019 3322 5089 mejam
3345 5015 3547 5072 vulne-

1912 5104 2053 5159 ratis
2085 5103 2486 5175 torquetisque
2516 5105 2880 5163 sentientem.

1983 5192 2208 5249 CAPUT
2239 5193 2354 5247 XV.
2379 5224 2446 5235 -—
2466 5195 2554 5248 24.
2582 5194 2709 5251 Orat
2739 5213 2838 5268 pro
2868 5198 3059 5252 amicis
3089 5211 3220 5268 quos
3249 5196 3442 5250 habuit
3461 5210 3548 5250 er-

1912 5285 2061 5338 roris
2079 5283 2270 5339 socios.
2285 5283 2582 5340 Attendite
2595 5283 2727 5353 ista,
2745 5301 2960 5357 quaeso,
2979 5284 3048 5340 ch
3059 5283 3313 5339 arissimi
3330 5300 3344 5339 :
3360 5288 3551 5340 vestra

1979 5479 2112 5544 1_Sic
2142 5492 2328 5528 omnes
2358 5479 2480 5544 Mss.
2516 5480 2651 5530 Editi
2680 5494 2827 5540 vero,
2876 5480 3080 5544 affectio
3120 5479 3211 5529 illa
3242 5494 3353 5544 qua
3376 5478 3554 5544 prodit

1916 5542 2049 5592 male
2077 5544 2257 5605 fecisse
2280 5543 2627 5605 pusnitentem.

1979 5608 2000 5640 ²
2029 5604 2179 5667 Apud
2209 5604 2292 5653 Er.
2325 5605 2488 5667 Lugd.
2530 5607 2658 5654 Ven.
2690 5606 2833 5664 Lov.,
2867 5605 3077 5656 discere.
3112 5606 3179 5655 M.

1979 5670 2000 5704 ³
2028 5665 2181 5717 Editi.
2233 5681 2341 5730 esse
2369 5665 2534 5730 potest
2564 5670 2617 5717 in
2646 5668 2740 5718 hac
2769 5684 2823 5718 re
2870 5669 3286 5721 desiderantium.
3337 5669 3404 5719 At
3430 5665 3555 5718 Mal.

1921 5745 1970 5781 te
1991 5744 2132 5781 posse
2160 5730 2212 5776 in
2242 5725 2336 5778 hac
2365 5725 2420 5777 ἱεε
2443 5729 2747 5780 desiderare.

2033 5792 2158 5844 Sola
2183 5791 2292 5842 fere
2322 5791 2484 5852 editio
2520 5792 2671 5854 Lov.,
2694 5808 2876 5859 pm.
