4012 6520
455 477 566 536 111
1118 475 1430 534 CONTRA
1482 475 2024 536 FOltTUNATUM
2071 474 2600 544 MANlCH/EUM,
2652 474 2714 531 S.
2764 469 3192 532 AUGUSTINI
3737 471 3842 531 112

455 606 692 679 ingenia
721 605 865 661 bene
893 605 1042 660 novi.
1077 605 1133 660 Si
1169 606 1311 660 mihi
1347 623 1500 661 nunc
1530 623 1630 662 vos
1661 607 2105 678 qualiscumque
2218 605 2418 658 mittas
2443 605 2539 675 (a).
2565 604 2744 658 Video
2769 602 3020 657 maxime
3043 601 3362 674 exspectari
3394 601 3504 657 hoc
3535 599 3680 669 loco,
3711 619 3846 674 quo-

455 696 711 753 hominis
737 700 988 750 mentem
1010 695 1410 765 rationemque
1430 696 1773 761 conceditis,
1791 695 1974 750 multo
1989 712 2106 750 cer-
2216 694 2386 748 modo
2408 694 2584 748 etiam
2608 692 2922 748 catholicas
2945 693 3276 763 Scripturas
3301 691 3677 747 aManichzeis
3698 708 3849 748 accu-

454 786 605 842 tiora
631 788 786 852 sunt,
815 800 992 855 quam
1017 801 1146 856 quae
1170 784 1250 839 ibi
1272 784 1358 839 vel
1381 785 1722 840 videbamur
1751 785 1992 852 discere,
2016 782 2104 839 vel
2216 787 2374 838 satas
2395 781 2481 837 vel
2503 785 2642 836 tunc
2664 781 3054 846 defenderem,
3082 780 3152 844 si,
3170 779 3624 847 utdico,cautus
3639 799 3846 850 essem;

458 875 648 947 magis
670 874 901 929 credere
926 875 1301 945 cogebamur.
1321 873 1474 929 Deus
1498 890 1730 946 magne,
1753 880 1900 930 Deus
1924 874 2108 929 omni-
2213 870 2301 926 vel
2326 887 2479 926 nunc
2507 871 2738 926 defendi
2763 886 2932 941 posse
2955 870 3371 925 demonstrem.
3397 870 3508 925 Sed
3534 871 3591 924 in
3617 869 3744 926 aliis
3767 887 3848 926 vo-

457 968 684 1037 potens,
719 968 869 1019 Deus
897 979 1144 1018 summa:
1168 962 1472 1031 bonitatis,
1505 979 1678 1032 quem
1710 963 2104 1018 inviolabilem
2215 958 2542 1015 luminibus
2564 960 2718 1015 Deus
2742 959 3041 1030 adjuvabit
3065 959 3429 1030 propositum
3463 976 3658 1015 meum
3683 977 3694 1027 ;
3721 977 3844 1015 nam

457 1058 631 1124 atque
653 1051 1194 1107 incommutabilem
1218 1052 1373 1106 credi
1407 1056 1582 1122 atque
1611 1052 1854 1124 intelligi
1887 1051 1972 1107 fas
1995 1055 2102 1121 est,
2215 1049 2391 1118 hujus
2416 1049 2564 1118 jam,
2599 1053 2880 1118 quantum
2912 1047 3181 1115 arbitror,
3207 1048 3538 1103 moderata'
3563 1047 3719 1120 parci
3743 1049 3845 1104 sibi

456 1141 636 1197 Trina
657 1141 874 1210 unitas,
901 1157 1078 1212 quam
1102 1140 1393 1195 catholica
1410 1140 1668 1195 Ecclesia
1684 1141 1841 1208 colit,
1863 1139 2106 1212 supplex
2215 1137 2473 1208 postulat
2505 1137 2829 1209 longitudo.

455 1246 576 1297 oro,
601 1234 873 1302 expertus
890 1229 948 1284 in
964 1246 1056 1285 me
1068 1229 1532 1285 misericordiam
1550 1233 1733 1294 tuam,
1749 1246 1818 1284 ne
1836 1229 2105 1285 homines

456 1335 591 1375 cum
623 1319 838 1388 quibus
885 1318 1031 1373 mihi
1080 1335 1112 1373 a
1144 1318 1387 1390 pueritia
1417 1318 1475 1374 in
1509 1317 1666 1373 omni
1702 1318 1963 1373 convictu
1997 1317 2106 1373 fuit

454 1424 694 1464 summa
716 1407 1045 1486 consensio,
1068 1407 1125 1461 in
1150 1411 1251 1462 tuo
1275 1406 1429 1462 caltu
1455 1423 1487 1461 a
1509 1421 1602 1462 me
1624 1407 1937 1462 dissentire
1968 1422 2101 1479 per-

2282 1285 2295 1316 ι
2324 1280 2496 1330 Editio
2525 1281 2627 1340 Er.,
2651 1279 3013 1330 immoderata.

2277 1361 2347 1424 (η)
2377 1361 2397 1409 1
2433 1362 2680 1421 Retract.,
2704 1375 2821 1424 cap.
2857 1363 2932 1421 15,
2963 1373 3016 1410 n.
3047 1362 3096 1412 8.

1170 1657 1314 1742 DE
1377 1657 2202 1770 SUBSEQUENTE
2262 1656 3128 1767 DISPUTATIONE,

1549 1823 1843 1863 POSSIDIUS
1886 1824 1943 1862 IN
1983 1822 2289 1864 AUGUSTINI
2327 1823 2479 1876 νισι-Α,
2519 1823 2646 1863 CAP.
2686 1824 2762 1863 VI.

525 1957 673 2007 Sane
692 1954 830 2007 tunc
849 1951 908 2006 in
932 1951 1030 2007 illa
1060 1950 1412 2023 Ilipponensi
1445 1950 1610 2018 urbe,
1645 1950 2094 2007 Manichaeorum
2118 1949 2449 2021 pestilentia
2472 1950 2940 2022 quamplurimos
2963 1949 3115 2006 cives
3142 1953 3197 2005 et
3219 1951 3556 2022 peregrinos
3579 1951 3850 2009 infecerat

454 2046 512 2096 et
543 2044 962 2113 penetraverat,
998 2041 1310 2096 seducente
1342 2043 1398 2095 et
1429 2039 1753 2111 decipiente
1785 2040 2048 2109 ejusdem
2081 2039 2317 2094 heresis
2345 2041 2598 2110 quodam
2632 2039 2965 2110 presbytero
2998 2039 3236 2094 nomine
3273 2040 3609 2111 Fortunato,
3636 2040 3846 2097 ibidem

453 2134 830 2185 conservante
862 2133 1033 2200 atque
1063 2133 1354 2184 manente.
1389 2129 1615 2184 Interea
1645 2129 2047 2200 Hipponenses
2074 2129 2224 2184 cives
2256 2133 2312 2184 et
2341 2128 2627 2200 peregrini
2661 2128 2972 2184 Christiani
3000 2133 3120 2184 tam
3151 2128 3428 2185 Catholici
3463 2146 3642 2201 quam
3674 2130 3845 2186 etiam

452 2217 763 2272 Donatistae
796 2219 1014 2273 adeunt
1045 2218 1439 2289 Augustinum
1474 2219 1900 2289 presbyterum,
1935 2223 2110 2288 atque
2132 2218 2454 2289 deposcunt
2475 2223 2538 2272 ut
2561 2216 2728 2270 illum
2760 2215 3056 2271 hominem
3081 2217 3530 2273 Manichaeorum
3555 2219 3846 2292 presbyte-

451 2325 605 2371 rum,
639 2323 814 2378 quem
845 2307 1081 2362 doctum
1114 2307 1450 2373 credebant,
1483 2306 1723 2371 videret,
1753 2311 1808 2360 et
1841 2323 1974 2360 cum
2007 2307 2206 2361 eodem
2242 2306 2310 2361 de
2362 2307 2510 2377 Lege
2559 2309 2852 2361 tractaret.
2905 2307 3065 2369 Quod
3118 2306 3294 2376 idem,
3330 2312 3394 2362 ut
3423 2309 3706 2379 scriptum
3740 2312 3848 2374 est,

451 2400 688 2468 paratus
720 2397 788 2451 ad
822 2395 1261 2466 responsionem
1295 2396 1450 2450 omni
1483 2396 1744 2466 poscenti
1794 2412 1855 2450 se
1905 2396 2190 2450 rationem
2240 2396 2310 2450 de
2363 2396 2474 2450 fide
2526 2399 2582 2450 et
2628 2412 2729 2466 spe
2775 2412 2900 2466 quas
2941 2395 2996 2448 in
3034 2397 3212 2451 Deum
3244 2387 3331 2450 es‘t
3361 2397 3405 2467 (Ι
3436 2398 3587 2451 Petr.
3625 2415 3704 2462 1n,
3741 2398 3849 2469 15),

451 2491 770 2557 potensque
828 2485 1121 2540 exhortari
1179 2485 1237 2539 in
1295 2484 1561 2539 doctrina
1619 2501 1783 2551 sana,
1845 2489 1900 2538 et
1947 2486 2410 2540 contradicentes
2463 2485 2812 2556 redarguere
2862 2486 2983 2556 (Tit.
3036 2502 3075 2554 ι,
3107 2487 3182 2557 9).
3219 2485 3460 2540 minime
3493 2486 3705 2542 renuit.
3740 2488 3850 2542 Sed

453 2578 650 2629 utrum
683 2575 861 2629 etiam
893 2574 1001 2630 hoc
1032 2575 1382 2629 Fortunatus
1416 2574 1537 2628 ﬁeri
1571 2573 1757 2644 vellet,
1791 2573 2126 2628 sciscitatus
2159 2578 2265 2628 est.
2295 2576 2366 2628 At
2390 2573 2473 2628 illi
2497 2574 2804 2628 confestim
2829 2575 2899 2629 ad
2924 2574 3117 2645 ipsum
3147 2575 3532 2630 Fortunatum
3556 2576 3611 2630 id
3637 2575 3850 2643 detule-

454 2669 611 2730 runt,
645 2667 903 2734 petentes
935 2668 990 2719 et
1020 2663 1390 2718 exhortantes
1421 2681 1484 2718 ac
1513 2663 2052 2735 ﬂagitantes,'quod
2086 2664 2141 2718 id
2177 2662 2419 2718 minime
2451 2669 2763 2718 recusaret.
2818 2664 2968 2718 Sane
3002 2663 3279 2734 quoniam
3313 2664 3469 2719 idem
3501 2665 3853 2721 Fortunatus

447 2754 572 2824 jam
598 2754 750 2823 apud
775 2751 1182 2824 Carthaginem
1205 2757 1476 2808 sanctum
1492 2753 2135 2823 noveratAugustinum
2155 2752 2346 2807 adhuc
2361 2753 2417 2805 in
2433 2752 2636 2807 eodem
2652 2767 2850 2806 secum
2875 2769 3068 2807 errore
3089 2755 3635 2821 constitutum,cum
3649 2755 3850 2810 eodem

451 2843 723 2914 congredi
742 2841 1473 2914 pavitabat.Verumtamen
1491 2858 1728 2897 suorum
1748 2841 1999 2896 maxime
2014 2841 2292 2896 instantia
2308 2845 2542 2896 coactus
2557 2857 2621 2895 ac
2637 2842 3358 2913 verecundatus,promisit
3371 2843 3637 2898 cominus
3653 2859 3713 2897 se
3725 2859 3852 2899 esse

447 2937 782 2996 venturum,
806 2935 1216 3003 certamenque
1233 2932 1569 3002 disputandi
1594 2932 1950 2986 subiturum.
1977 2931 2138 2986 Unde
2159 2931 2423 2986 condicto
2448 2930 2539 2985 die
2561 2935 2616 2985 et
2637 2929 2760 2987 loco
2782 2937 3176 2987 convenerunt
3193 2933 3248 2986 in
3271 2949 3475 3001 unum,
3497 2949 3848 2988 concurren-

444 3020 604 3075 tibus
619 3019 1068 3091 quamplurimis
1087 3020 1227 3074 viris
1249 3019 1530 3075 studiosis
1549 3020 1855 3090 turbisque
1879 3020 2146 3085 curiosis,
2167 3024 2223 3073 et
2251 3020 2467 3090 apertis
2500 3020 2858 3074 notariorum
2891 3021 3131 3088 tabulis,
3166 3022 3484 3093 disputatio
3519 3026 3608 3077 est
3638 3027 3844 3093 cmpta,

445 3108 655 3180 primo,
689 3112 745 3163 et
773 3109 1029 3163 secundo
1062 3108 1226 3163 ﬁnita
1255 3114 1343 3164 est
1373 3109 1486 3163 die.
1525 3111 1584 3163 In
1618 3126 1733 3180 qua
1763 3109 1856 3163 ille
1885 3108 2242 3163 manicbaaus
2268 3114 2604 3180 praceptor,
2634 3114 2698 3165 ut
2721 3110 3027 3165 Gestorum
3051 3113 3307 3166 continet
3327 3111 3495 3178 ﬁdes,
3519 3127 3625 3165 nec
3646 3112 3844 3166 catho-

448 3195 622 3251 licam
657 3195 1037 3251 assertionem
1080 3196 1268 3268 potuit
1297 3214 1593 3266 evacuare,
1626 3215 1731 3252 nec
1759 3197 2208 3253 Manichzeorum
2238 3203 2461 3269 septam
2485 3198 2793 3254 subnixam
2825 3199 3066 3255 veritate
3099 3199 3281 3254 valuit
3302 3200 3677 3270 comprobare
3706 3216 3718 3254 :
3743 3199 3844 3255 sed

445 3285 724 3340 deﬁciens
755 3285 1153 3357 responsione,
1189 3286 1396 3341 ultimo
1428 3286 1776 3342 collaturum
1809 3304 1870 3342 se
1901 3303 2034 3342 cum
2065 3286 2190 3341 suis
2225 3286 2548 3357 majoribus
2579 3302 2645 3341 ea
2677 3304 2803 3358 quae
2834 3287 3094 3343 refellere
3121 3304 3237 3342 non
3263 3288 3471 3359 potuit,
3498 3293 3846 3359 prosecutus

444 3378 571 3443 est;
606 3378 664 3430 et
693 3375 742 3430 si
774 3375 884 3430 sibi
916 3374 1063 3430 forte
1094 3376 1165 3430 de
1195 3374 1288 3431 his
1319 3375 1464 3432 satis
1498 3376 1739 3432 minime
1771 3377 2061 3442 fecissent,
2092 3393 2211 3431 suae
2243 3376 2450 3430 anima}
2481 3376 2924 3432 consulturum:
2959 3381 3134 3448 atque
3165 3376 3246 3432 ita
3277 3377 3348 3432 ab
3380 3377 3653 3432 omnibus
3687 3377 3844 3448 apud

445 3479 594 3534 quos
624 3479 874 3535 magnus
905 3468 963 3519 et
1001 3465 1209 3520 doctus
1234 3465 1559 3536 videbatur,
1595 3465 1740 3520 nihil
1770 3464 2025 3520 valuisse
2056 3464 2114 3519 in
2149 3481 2267 3519 suae
2302 3468 2471 3520 sectae
2502 3465 2823 3521 assertione
2865 3466 3168 3536 judicatus
3218 3470 3326 3521 est.
3359 3467 3483 3531 Qua
3515 3464 3610 3519 ille
3641 3465 3848 3521 confu-

442 3554 604 3608 sione
636 3552 899 3619 ail‘ectus,
936 3559 993 3609 et
1023 3554 1290 3625 sequenti
1323 3558 1580 3627 tempore
1611 3555 1682 3610 de
1715 3554 2072 3626 Hipponensi
2105 3553 2340 3609 civitate
2371 3555 2685 3625 profectus,
2721 3555 2789 3610 ad
2814 3555 3079 3610 eamdem
3103 3553 3358 3626 amplius
3383 3571 3496 3610 non
3524 3555 3806 3610 remeavit
3837 3572 3850 3612 :

446 3658 512 3697 ac
543 3641 626 3697 sic
656 3657 759 3712 per
787 3647 1178 3698 memoratum
1213 3642 1311 3698 Dei
1345 3643 1642 3699 hominem
1674 3643 1940 3698 omnium
1974 3643 2269 3709 cordibus,
2300 3642 2389 3698 vel
2421 3644 2519 3714 qui
2550 3644 2809 3714 aderant,
2841 3644 2928 3699 vel
2961 3643 3059 3715 qui
3093 3645 3361 3700 absentes
3391 3643 3492 3700 illa
3521 3660 3652 3715 quae
3680 3649 3850 3717 gesta

446 3733 587 3785 sunt
613 3735 1025 3802 cognoverant,
1057 3749 1217 3787 error
1245 3731 1343 3788 ille
1376 3733 1630 3799 ablatus,
1667 3731 1952 3787 catholica
1982 3737 2070 3788 est
2101 3731 2372 3787 intimata
2402 3750 2468 3788 ac
2510 3737 2734 3790 retenta
2764 3733 2990 3789 sincera
3020 3733 3242 3805 religio.

525 3837 614 3919 De
640 3837 1016 3918 subsequente
1047 3838 1463 3919 Dz'sputatione
1489 3838 1620 3899 vide
1652 3838 1758 3898 lib.
1797 3841 1824 3898 1
1861 3859 1990 3919 cap.
2029 3840 2125 3912 16,
2160 3840 2723 3911 Retractationum,
2761 3849 2897 3900 tam.
2933 3842 2991 3914 1,
3024 3840 3131 3901 col.
3194 3841 3332 3913 612,
3368 3860 3433 3904 η.
3470 3843 3524 3914 1,
3559 3858 3598 3901 a
3628 3838 3847 3916 verbis,

444 3918 681 3980 Eodem
714 3924 1020 3998 tempore,
1053 3918 1236 4000 usque
1265 3918 1346 3980 ad
1373 3918 1553 3980 verba
1582 3940 1644 3979 η.
1678 3922 1741 3993 2,
1773 3918 2167 3981 Clarissimus
2197 3920 2581 3981 consulibus.
2615 3922 2698 3982 M.

439 4067 3856 4110 Μ

1006 4223 1162 4352 S.
1255 4224 2070 4353 AURELII
2158 4219 3261 4355 AUGUSTINI

1729 4413 1773 4468 H
1787 4412 2198 4469 IPPONENSIS
2239 4412 2553 4469 EPISCOPI

1171 4527 1592 4640 ACTA
1689 4529 1996 4640 SEU
2103 4529 3106 4641 DISPUTATIO

557 4710 1233 4836 CONTRA
1318 4713 2484 4837 FORTUNATUM
2587 4714 3719 4841 MANICHzEUM.

1773 4901 2062 4974 LIBER
2133 4900 2378 4973 UNUS
2418 4901 2514 4987 (α),

787 5129 1211 5187 DISPUTATIO
1261 5131 1510 5188 ΡΗΙΜΕΕ
1549 5133 1718 5189 DIEI.
2187 5133 2329 5188 tatio
2364 5134 2640 5190 adversus
2665 5135 3046 5191 Fortunatam
3069 5134 3517 5197 Manichaeorum
3546 5144 3863 5219 presbyte-

506 5219 718 5285 Quinto
741 5219 1015 5275 calendas
1037 5222 1404 5292 septembris,
1430 5223 1677 5278 Arcadio
1700 5225 1961 5295 Augusto
1988 5222 2080 5278 bis
2187 5240 2340 5292 rum,
2374 5223 2433 5278 in
2467 5225 2609 5279 urbe
2643 5224 3105 5298 Hipponensium
3156 5225 3484 5299 regionum,
3516 5229 3576 5287 in
3605 5232 3860 5293 Balneis

433 5312 490 5363 et
513 5308 722 5364 Ruﬁno
743 5307 880 5364 viris
902 5308 1249 5366 clarissimis
1271 5309 1634 5379 consulibus,
1661 5312 1859 5368 habita
1879 5311 2076 5382 dispu-
2186 5311 2371 5368 Sossii
2393 5316 2432 5381 ί,
2466 5314 2576 5368 sub
2609 5316 2918 5385 praesentia
2950 5315 3168 5387 populi.

1630 5445 1944 5484 ADMONITIO
1985 5447 2068 5484 PP.
2103 5445 2621 5486 BENEDICTINORUM.

471 5530 648 5602 _Liher
675 5534 860 5602 contra
891 5529 1238 5604 Fortunatam
1271 5533 1560 5644 castigatus
1590 5535 1669 5582 est
1692 5532 1916 5595 juvante
1950 5532 2130 5581 codice
2161 5533 2428 5595 Vaticano,
2459 5535 2840 5598 Arnulphensi,
2865 5539 2918 5586 et
2940 5537 3220 5588 Victorinis
3243 5539 3470 5601 duobus,
3495 5548 3698 5606 printer
3720 5548 3850 5600 Bel-

471 5605 670 5641 lcorum
699 5597 856 5642 trium
887 5607 1058 5642 varias
1086 5593 1340 5644 lectiones
1372 5610 1402 5644 ο
1430 5597 1496 5644 im
1531 5610 1561 5644 a
1595 5596 2015 5644 Lovaniensibus
2051 5600 2220 5644 datas.
2258 5599 2500 5644 perlectis
2531 5600 2689 5644 etiam
2721 5600 2954 5644 antiquis
2986 5600 3327 5644 editionihnn,

432 5593 670 5653 gicorum
699 5593 856 5642 trium
887 5593 1058 5642 varias
1086 5593 1340 5644 lectiones
1372 5593 1496 5644 olim
1531 5610 1561 5644 a
1595 5593 2015 5645 Lovaniensibus
2051 5600 2220 5644 datas.
2258 5593 2500 5659 perleCtis
2531 5593 2689 5647 etiam
2721 5593 2954 5662 antiquis
2986 5600 3330 5653 editionibus.

514 5689 1001 5752 Comdaravz’mus
1035 5702 1323 5772 praeterea
1355 5713 1450 5755 eas
1482 5713 1676 5755 omnes
1705 5693 1989 5755 editiones
2024 5695 2191 5756 z'm'tz'o
2224 5699 2396 5758 ltetr.
2428 5708 2485 5758 et
2512 5699 2811 5772 Confess.,
2851 5708 2890 5758 τ.
2929 5703 2984 5772 1,
3019 5712 3390 5764 memoratas.
3426 5706 3506 5766 M.

484 5805 556 5871 (a)
588 5807 825 5872 Scriptus
856 5820 1002 5858 anno
1028 5810 1140 5861 392.
2235 5815 2252 5848 1
2283 5812 2457 5864 Editio
2488 5815 2636 5874 Lov.,
2667 5813 2819 5864 Sosii.
2849 5814 3034 5866 Crateri
3063 5815 3205 5879 libri,
3249 5816 3426 5872 Sossii.
