4012 6486
149 421 259 482 H3

217 553 265 608 1.
298 553 667 608 AUGUSTINUS
691 550 832 607 dixit
860 551 1144 624 :Egojam
1163 567 1416 608 errorem
1439 557 1599 624 puto,
1615 568 1790 624 quam

147 645 312 698 antea
341 639 644 696 veritatem
676 640 952 712 putabam
979 656 992 695 :
1027 647 1224 696 utrum
1257 646 1408 696 recte
1441 642 1788 708 existimem,

147 748 178 786 a
208 735 262 785 te
293 736 578 801 praasente
618 730 818 786 audire
859 729 1029 800 cupio
1055 731 1091 786 ι.
1139 731 1197 784 In
1248 729 1454 802 primis
1487 747 1787 785 summum

147 835 397 875 errorem
452 824 615 890 puto,
652 819 1112 890 omnipotentem
1157 819 1363 886 Deum,
1419 819 1477 874 in
1528 836 1640 891 quo
1672 836 1789 875 una

149 908 309 964 nobis
341 924 475 979 spes
506 913 613 975 est,
645 923 712 962 ex
735 907 930 978 aliqua
961 912 1121 979 parte
1142 906 1494 973 violabilem,
1514 913 1615 963 aut
1635 909 1789 963 coin-

146 995 519 1068 quinabilem,
536 999 636 1051 aut
665 996 1100 1067 corruptibilem
1124 997 1376 1051 credere.
1400 998 1512 1052 Hoc
1534 1002 1783 1052 vestram

147 1085 405 1141 haeresim
439 1085 733 1140 afﬁrmare
755 1085 873 1140 scio
898 1103 911 1154 ;
947 1102 1060 1140 non
1094 1085 1330 1156 quidem
1354 1085 1543 1141 verbis
1567 1087 1784 1157 quibus

143 1190 287 1229 nunc
311 1191 456 1229 usus
489 1191 619 1230 sum
645 1190 658 1230 :
687 1192 821 1230 nam
854 1179 910 1230 et
937 1191 1038 1230 vos
1070 1175 1403 1247 interrogati
1425 1175 1780 1230 conﬁtemini

141 1261 312 1316 Deum
346 1276 476 1316 esse
511 1261 1012 1332 incorruptibilem
1035 1265 1090 1317 et
1120 1262 1356 1317 omnino
1389 1261 1779 1318 inviolabilem

140 1353 191 1404 et
218 1349 808 1421 incoinquinabilem;
842 1351 940 1405 sed
973 1366 1106 1405 cum
1130 1351 1418 1422 cmperitis
1447 1355 1653 1406 caetera
1682 1367 1775 1407 ex-

137 1455 363 1511 pcnere,
398 1438 676 1510 cogimini
708 1455 841 1493 eum
861 1439 1772 1511 corruptibilem,penetrabilem,

136 1531 187 1582 et
201 1527 694 1600 coinquinabilem
714 1528 1199 1600 proﬁteri.Dicitis
1216 1529 1374 1584 enim
1393 1528 1566 1584 aliam
1582 1528 1776 1584 nescio

137 1633 302 1688 quam
335 1621 570 1690 gentem
603 1617 975 1672 tenebrarum
993 1618 1271 1673 adversus
1293 1618 1392 1673 Dei
1417 1634 1661 1690 regnum
1685 1633 1772 1672 re-

135 1705 407 1762 bellasse:
444 1706 630 1761 Deum
664 1711 855 1761 autem
881 1707 1360 1777 omnipotentem,
1386 1724 1518 1762 cum
1551 1708 1772 1761 videret

135 1799 342 1867 quanta
373 1795 539 1850 Iabes
571 1799 628 1850 et
656 1795 1255 1851 vastitasimmineret
1271 1796 1460 1867 regnis
1491 1796 1637 1864 suis,
1657 1795 1768 1851 nisi

131 1883 340 1955 aliquid
363 1885 384 1918 ³
431 1883 686 1938 adversae
728 1883 881 1953 genti
915 1889 1251 1956 opponeret,
1284 1890 1340 1940 et
1370 1885 1419 1940 ei
1453 1887 1766 1952 resisteret,

133 1973 354 2028 misisse
386 1973 537 2027 hanc
567 1973 862 2038 virtutem,
896 1973 966 2027 de
993 1973 1161 2042 cujus
1193 1974 1601 2030 commixtione
1633 1991 1766 2029 cum

131 2061 274 2116 malo
304 2066 361 2117 et
380 2063 756 2117 tenebrarum
795 2065 966 2134 gente
1011 2064 1268 2118 mundus
1320 2064 1396 2118 sit
1426 2063 1764 2121 fabricatus.

127 2150 263 2206 Hinc
293 2167 424 2206 esse
455 2151 609 2222 quod
637 2150 730 2206 hic
746 2151 951 2206 animae
983 2151 1146 2207 bona:
1171 2151 1458 2222 laborant,
1482 2153 1763 2224 serviunt,

128 2243 332 2306 errant,
368 2245 861 2311 corrumpuntur:
913 2244 978 2294 ut
1023 2242 1418 2296 necessarium
1451 2241 1765 2297 haberent8

127 2327 512 2394 liberatorem,
546 2328 646 2398 qui
678 2345 776 2383 eas
799 2330 870 2383 ab
901 2345 1094 2384 errore
1125 2333 1419 2400 purgaret,
1453 2335 1509 2385 et
1538 2348 1570 2385 a
1599 2347 1762 2386 com-

127 2417 394 2473 mixtione
424 2416 694 2485 solveret,
725 2421 784 2472 et
813 2435 845 2472 a
875 2418 1149 2474 servitute
1182 2419 1471 2474 liberaret.
1509 2419 1626 2474 Hoc
1656 2437 1760 2492 ego

129 2506 277 2561 nefas
309 2510 452 2577 puto
487 2507 745 2572 credere,
779 2506 961 2560 Deum
1003 2507 1460 2580 omnipotentem
1501 2507 1758 2579 aliquam

127 2595 416 2650 adversam
454 2599 686 2666 gentem
718 2595 1010 2661 timuisse,
1045 2602 1146 2651 aut
1196 2597 1599 2652 necessitatem
1631 2613 1760 2654 esse

129 2700 375 2756 passum,
412 2691 479 2739 ut
510 2701 615 2739 nos
644 2684 702 2738 in
736 2700 1027 2739 aerumnas
1058 2685 1458 2757 praecipitaret.

192 2773 571 2829 FORTUNATUS
597 2773 772 2829 dixit:
822 2773 967 2837 Quia
1009 2777 1066 2829 te
1117 2775 1376 2830 medium
1427 2775 1606 2831 fuisse
1655 2793 1758 2832 nos

125 2865 297 2917 strum
331 2863 475 2928 scio,
508 2862 565 2916 id
597 2867 703 2926 est,
738 2863 890 2917 inter
918 2863 1262 2919 Manichaaos
1290 2863 1755 2933 administrasse,

125 2949 230 3005 ista
258 2956 395 3006 sunt
425 2951 769 3024 principalia
793 2952 924 3007 ﬁdei
949 2957 1178 3008 nostrae.
1213 2953 1292 3008 De
1322 2956 1758 3011 conversatione

127 3037 212 3093 hic
241 3041 452 3112 agitur,
491 3041 562 3095 de
594 3041 808 3112 quibus
853 3041 1015 3096 falsis
1047 3041 1395 3097 criminibus
1427 3041 1754 3114 pulsamur.

124 3128 198 3183 Ex
228 3133 281 3185 te
311 3146 446 3202 ergo
479 3135 798 3202 praesentes
829 3130 1071 3185 audiant
1100 3131 1234 3186 boni
1256 3130 1385 3200 viri,
1412 3137 1608 3186 utrum
1641 3133 1759 3188 sint

123 3232 247 3272 vera
262 3234 437 3289 super
463 3218 679 3290 quibus
701 3219 1084 3274 criminamur
1104 3224 1160 3274 et
1179 3220 1529 3291 appetimur,
1545 3237 1615 3275 an
1638 3220 1758 3276 sint

123 3305 275 3362 falsa.
310 3307 534 3363 Etenim
570 3323 636 3363 ex
662 3311 764 3362 tua
794 3309 1075 3378 doctrina,
1100 3312 1156 3363 et
1176 3325 1239 3364 ex
1271 3312 1373 3363 tua
1402 3310 1755 3380 expositione

122 3400 171 3448 et
199 3396 526 3451 ostensione
557 3398 1039 3466 poteruntverius
1063 3398 1209 3453 scire
1241 3403 1500 3453 nostram
1520 3415 1754 3455 conver-

123 3483 417 3552 sationem,
469 3484 519 3540 si
571 3501 605 3540 a
647 3489 703 3539 te
753 3485 927 3541 fuerit
976 3486 1223 3557 prodita.
1276 3487 1595 3543 Interfuisti
1629 3504 1754 3544 ora-

123 3572 275 3628 tioni.

183 3663 234 3715 2.
264 3662 408 3717 AUG.
442 3661 618 3717 dixit:
672 3663 934 3718 Interfui.
983 3664 1093 3719 Sed
1144 3664 1258 3720 alia
1287 3664 1530 3735 quaestio
1558 3669 1645 3720 est
1684 3667 1755 3720 de

122 3749 246 3817 ﬁde,
278 3751 388 3806 alia
418 3752 489 3806 de
520 3751 822 3806 moribus:
847 3769 950 3824 ego
984 3752 1053 3807 de
1084 3753 1194 3808 ﬁde
1225 3754 1521 3824 proposui.
1564 3754 1672 3809 Sed
1705 3751 1754 3809 si

121 3837 197 3893 illi
217 3839 311 3911 qui
329 3841 566 3910 adsunt,
585 3840 813 3896 malunt
839 3841 1041 3896 audire
1068 3842 1138 3897 de
1156 3842 1437 3913 moribus,
1457 3859 1563 3897 nec
1580 3842 1753 3899 istam

121 3929 486 3998 quaestionem
520 3929 772 4002 defugio.

186 4017 344 4074 Fonr.
378 4019 556 4073 dixit:
593 4019 846 4091 Purgare
890 4036 982 4074 me
1012 4018 1174 4091 prius
1219 4019 1348 4075 volo
1391 4035 1568 4090 penes
1617 4037 1752 4076 con-

122 4105 408 4162 scientiam
460 4111 736 4173 vestram,
781 4124 956 4179 penes
1004 4110 1222 4180 quam‘
1282 4108 1622 4181 polluimur,
1687 4125 1755 4164 ex

123 4192 298 4250 idonei
341 4195 448 4250 viri
481 4195 838 4262 testimonio,
889 4196 986 4268 qui
1021 4196 1165 4252 mihi
1209 4201 1264 4252 et
1307 4213 1462 4252 nunc
1510 4197 1754 4254 idoneus

125 4287 222 4350 est,
252 4287 306 4338 et
336 4283 393 4339 in
428 4285 792 4354 futurajusti
817 4285 1038 4356 judicis
1065 4285 1279 4341 Christi
1307 4286 1752 4355 examinatione,

125 4368 168 4423 si
196 4387 258 4426 ea
285 4388 409 4444 quae
433 4374 731 4444 jactentur
776 4373 920 4429 vidit
948 4373 1006 4428 in
1052 4373 1240 4443 nobis,
1289 4374 1371 4430 vel
1405 4381 1754 4432 consecutus

125 4461 217 4513 est.

188 4543 237 4600 3.
269 4547 410 4603 AUG.
444 4547 618 4603 dixit:
653 4547 736 4603 Ad
768 4548 924 4603 aliud
971 4565 1162 4615 vocas,
1210 4565 1342 4604 cum
1391 4565 1492 4620 ego
1523 4551 1594 4606 de
1641 4551 1756 4613 fide

130 4636 540 4705 proposuerim.
574 4637 654 4692 De
685 4638 946 4692 moribus
977 4641 1170 4693 autem
1188 4640 1398 4694 vestris
1423 4639 1587 4710 plene
1609 4641 1756 4695 scire

130 4730 355 4790 possunt
382 4725 482 4795 qui
507 4723 682 4779 Electi
713 4725 886 4781 vestri
906 4730 1058 4780 sunt.
1083 4726 1277 4782 Nostis
1304 4731 1495 4782 autem
1525 4744 1616 4782 me
1639 4743 1754 4782 non

128 4807 371 4867 Electum
403 4817 689 4879 vestrum,
751 4815 848 4868 sed
901 4816 1234 4870 Auditorem
1285 4816 1486 4871 fuisse.
1537 4818 1753 4887 Itaque,

131 4899 375 4966 quamvis
408 4905 461 4956 et
492 4901 742 4957 orationi
775 4907 978 4957 vestra:
1012 4904 1397 4970 interfuerim,
1423 4909 1486 4959 ut
1511 4905 1755 4960 interro-

131 4985 264 5054 gasti
286 5005 299 5055 ;
324 4992 518 5045 utrum
554 4992 866 5063 separatim
895 4992 1193 5047 vobiscum
1217 4993 1481 5048 habeatis
1501 4993 1755 5064 aliquam

132 5075 456 5146 orationem,
507 5085 655 5135 Deus
704 5079 866 5136 solus
916 5087 1106 5152 potest
1164 5098 1356 5149 nosse,
1407 5086 1462 5136 et
1488 5099 1607 5137 vos.
1639 5084 1757 5155 Ego

133 5163 310 5219 tamen
340 5165 399 5221 in
430 5168 688 5224 oratione
718 5169 774 5224 in
807 5186 923 5240 qua
959 5169 1213 5236 interfui,
1256 5169 1400 5225 nihil
1431 5176 1599 5242 turpe
1636 5173 1756 5226 ﬁeri

131 5250 270 5308 vidi:
311 5257 410 5310 sed
461 5256 650 5312 solum
698 5263 898 5313 contra
929 5259 1103 5313 ﬁdem
1145 5260 1551 5325 animadverti,
1582 5277 1756 5332 quam

135 5347 314 5409 postea
342 5343 517 5401 didici
549 5351 605 5401 et
635 5347 892 5418 probavi,
937 5348 1090 5418 quod
1125 5353 1327 5404 contra
1356 5348 1537 5404 solem
1570 5349 1759 5405 facitis

195 5449 208 5479 ¹
228 5448 369 5517 Post,
398 5451 578 5500 audire
589 5453 754 5514 cupio,
775 5453 1060 5502 Vaticanus
1074 5454 1242 5503 codex
1259 5454 1429 5503 addit:
1445 5468 1760 5505 ronrumrus

139 5506 280 5580 digit:
300 5511 447 5621 ferta
476 5506 698 5563 errorem
727 5506 994 5577 exponere.
1029 5517 1341 5567 AUGUSTINUS
1366 5517 1533 5566 dixit:
1566 5518 1626 5566 In
1653 5519 1761 5581 pri-

140 5584 243 5622 mu.
271 5587 296 5621 e
322 5587 366 5622 c.

199 5607 513 5705 {Vaticanus
543 5638 727 5705 codex,
757 5639 1078 5705 regnisgsuis,
1108 5643 1162 5705 ut
1194 5640 1410 5705 aliquid,
1443 5645 1540 5691 etc.

199 5697 378 5759 Hdem
403 5699 586 5759 codex,
616 5704 666 5750 et
693 5697 1030 5752 necessarium
1060 5703 1266 5753 habent.

200 5757 222 5794 ⁸
239 5759 298 5811 1n
323 5761 466 5827 ιιι,
489 5757 643 5828 penes
669 5777 812 5828 quos.

1476 419 1950 483 DISPUTATIO
1996 419 2267 481 PRIMA.

1858 5146 2099 5193 aeternam
2150 5145 2306 5193 lucem
2353 5145 2621 5194 inhabitet.

1860 5221 1998 5256 mus.
2094 5208 2141 5255 M

3436 428 3550 490 114

1905 551 2248 608 orationem.
2281 556 2494 608 Praeter
2523 553 2631 610 hoc
2661 553 2718 609 in
2751 554 2852 611 illa
2881 553 3141 612 oratione
3179 559 3373 614 vestra
3401 559 3527 615 nihi

1905 642 2035 697 novi
2066 643 2340 712 comperi.
2380 642 2654 714 Quisquis
2688 649 2882 698 autem
2909 643 3072 700 vobis
3113 646 3351 718 opponit
3388 665 3550 720 quaa-

1902 730 2144 785 stionem
2173 730 2430 802 aliquam
2463 733 2532 787 de
2556 732 2841 798 moribus,
2891 734 3098 789 Electis
3128 735 3334 792 vestris
3365 754 3546 809 oppo-

1901 819 2044 874 nit‘.
2081 821 2228 886 Quid
2261 827 2453 876 autem
2489 821 2641 875 inter
2671 838 2769 876 vos
2799 823 3003 893 agatis,
3039 824 3139 893 qui
3170 824 3345 880 Electi
3379 826 3542 897 estis,

1896 923 2001 980 ego
2033 910 2180 963 scire
2205 925 2317 963 non
2347 926 2607 980 possum.
2633 910 2776 964 Nam
2809 915 2866 964 et
2897 911 3322 967 Eucharistiam
3345 914 3544 971 audivi

1895 1013 1929 1050 a
1958 995 2125 1052 vobis
2155 1013 2306 1068 sape
2336 998 2486 1068 quod
2517 997 2848 1068 accipiatis:
2895 1003 3127 1070 tempus
3158 1005 3350 1056 autem
3383 1003 3538 1058 acci-

1893 1083 2089 1156 piendi
2121 1102 2253 1140 cum
2289 1102 2378 1140 me
2405 1086 2630 1153 lateret,
2664 1087 2802 1158 quid
2838 1087 3158 1159 accipiatis,
3192 1091 3345 1145 unde
3367 1108 3538 1147 nosse

1891 1174 2094 1244 potui?
2125 1175 2326 1246 Itaque
2351 1191 2531 1244 serva,
2557 1175 2604 1229 si
2635 1174 2842 1246 placet,
2865 1177 3245 1248 quastionem
3277 1179 3346 1233 de
3369 1180 3540 1235 mori-

1891 1262 2022 1330 bus,
2059 1267 2121 1318 ut
2152 1263 2302 1318 inter
2335 1263 2555 1318 Eiectos
2586 1269 2809 1319 vestros
2841 1265 3206 1334 discutiatur,
3239 1266 3290 1321 si
3320 1268 3534 1324 discuti

1888 1355 2095 1421 potest.
2130 1352 2266 1406 Mihi
2301 1353 2442 1408 ﬁdes
2467 1353 2601 1407 data
2632 1358 2722 1408 est
2747 1370 2780 1408 a
2810 1353 2990 1422 vobis,
3016 1371 3193 1426 quam
3225 1355 3396 1412 hodie
3421 1357 3530 1412 im-

1887 1442 2086 1511 probo.
2108 1441 2187 1496 De
2213 1441 2340 1512 ipsa
2357 1442 2629 1513 proposui
2649 1459 2661 1497 :
2681 1442 2748 1496 ad
2775 1442 3134 1514 propositum
3163 1460 3359 1500 meum
3383 1446 3530 1501 mihi

1885 1531 2323 1600 respondeatur.

1955 1619 2121 1673 Foa'r.
2182 1619 2360 1674 dixit:
2396 1623 2464 1674 Et
2503 1623 2702 1674 nostra
2750 1621 3032 1691 professio
3069 1621 3197 1693 ipsa
3228 1626 3334 1691 est,
3371 1624 3521 1695 quod

1881 1705 2336 1779 incorruptibilis
2355 1709 2429 1763 sit
2449 1713 2618 1776 Deus,
2652 1711 2803 1780 quod
2827 1709 3076 1777 lucidus,
3096 1712 3249 1781 quod
3274 1712 3523 1766 inadibi-

1877 1794 1972 1860 lis,
1991 1795 2751 1868 intenibilis,impassibilis,
2778 1799 2931 1870 quod
2961 1803 3232 1854 aternam
3260 1799 3448 1855 lucem
3469 1807 3525 1856 et

1877 1885 2541 1957 prOpriaminhabitet’:
2577 1888 2730 1957 quod
2746 1886 2971 1942 nihilex
2991 1903 3118 1942 sese
3147 1890 3523 1959 corruptibile

1875 1974 2145 2044 proferat,
2181 1991 2286 2029 nec
2317 1976 2603 2042 tenebras,
2625 1992 2729 2031 nec
2760 1977 3070 2042 daamones,
3095 1993 3199 2032 nec
3229 1982 3520 2046 satanam,

1873 2078 1977 2116 nec
2009 2061 2228 2133 aliquid
2264 2065 2573 2119 adversum
2603 2064 2662 2119 in
2682 2080 2858 2135 regno
2888 2065 3015 2135 ejus
3046 2065 3281 2136 reperiri
3303 2066 3517 2138 possit.

1871 2149 1969 2204 Sui
2005 2154 2198 2205 autem
2234 2151 2484 2208 similem
2517 2153 2876 2208 Salvatorem
2909 2153 3212 2209 direxisse:
3263 2153 3520 2210 Verbum

1871 2243 2074 2293 natum
2094 2255 2126 2293 a
2144 2241 2557 2296 constitutione
2577 2241 2779 2296 mundi
2802 2258 2937 2296 cum
2971 2243 3261 2297 mundum
3281 2243 3524 2298 fabrica—

1870 2328 2011 2394 ret3,
2046 2333 2176 2398 post
2207 2331 2412 2383 mundi
2456 2331 2736 2385 fabricam
2769 2330 2922 2385 inter
2959 2330 3222 2386 homines
3251 2332 3480 2387 venisse

1868 2415 2076 2486 dignas
2102 2416 2210 2471 sibi
2243 2419 2468 2473 animas
2500 2418 2782 2490 elegisse‘
2814 2428 3023 2474 sanctae
3054 2437 3174 2474 suae
3203 2419 3510 2487 voluntati,

1868 2505 2159 2560 mandatis
2172 2506 2297 2560 suis
2314 2506 2647 2563 omlestibus
2671 2508 3273 2574 sanctiﬁcatas,ﬁdeac
3289 2508 3512 2564 ratione

1868 2591 2124 2648 imbutas
2139 2594 2457 2649 ccelestium
2476 2612 2700 2662 rerum;
2718 2595 2843 2666 ipso
2857 2597 3096 2651 ductore
3109 2595 3242 2650 hinc
3261 2596 3472 2651 iterum
3486 2597 3508 2632 ⁵

1863 2682 2099 2737 easdem
2131 2683 2356 2738 animas
2386 2684 2456 2737 ad
2491 2699 2733 2755 regnum
2766 2684 2863 2738 Dei
2895 2701 3224 2740 reversuras
3254 2701 3402 2750 esse,
3425 2701 3509 2740 se-

1863 2772 2123 2826 cundum
2153 2777 2414 2827 sanctam
2443 2773 2630 2844 ipsius
2655 2772 3154 2844 pollicitationem,
3185 2774 3284 2844 qui
3317 2775 3501 2829 dixit:

1862 2862 1980 2930 Ego
2006 2877 2127 2914 sum
2157 2863 2262 2930 via,
2310 2865 2535 2927 veritas,
2569 2867 2619 2916 et
2639 2863 2850 2932 janua;
2898 2866 2974 2930 et,
3027 2863 3198 2918 Nemo
3226 2870 3392 2933 potest
3426 2862 3501 2916 ad

1862 2950 2090 3003 Patrem
2115 2952 2422 3020 pervenire,
2454 2951 2567 3005 nisi
2581 2966 2680 3020 per
2707 2967 2813 3005 me.
2847 2950 2948 3006 His
2978 2951 3156 3006 rebus
3188 2967 3292 3006 nos
3322 2952 3511 3006 credi-

1863 3054 2017 3102 mus,
2050 3039 2188 3109 quia
2211 3038 2355 3094 alias
2388 3039 2650 3108 animae“,
2685 3038 2743 3094 id
2771 3043 2880 3109 est,
2926 3038 3038 3094 alio
3070 3039 3359 3095 mediante
3391 3057 3506 3094 non

1863 3131 2137 3197 poterunt
2163 3127 2232 3182 ad
2267 3143 2510 3199 regnum
2538 3127 2632 3182 Dei
2665 3127 2893 3198 reverti,
2925 3127 3036 3183 nisi
3067 3126 3264 3198 ipsum
3283 3143 3506 3199 repere-

1861 3215 1977 3269 rint
2007 3216 2179 3283 viam,
2211 3215 2536 3284 veritatem,
2587 3221 2642 3270 et
2665 3217 2930 3285 januam.
2965 3216 3092 3286 Ipse
3136 3216 3292 3271 enim
3325 3216 3504 3271 dixit:

1859 3304 1970 3372 Qui
1995 3320 2081 3358 me
2108 3303 2263 3370 vidit,
2297 3303 2436 3358 vidit
2460 3313 2512 3358 et
2540 3305 2767 3358 Patrem
2795 3320 2980 3359 meum
3000 3305 3176 3374 (Joan.
3209 3321 3320 3369 x1v,
3341 3305 3396 3368 6,
3418 3303 3504 3375 9);

1860 3396 1935 3462 et,
1968 3393 2074 3460 Qui
2104 3395 2163 3447 in
2193 3409 2280 3447 me
2293 3392 2605 3459 (aediderzt,
2626 3401 2855 3448 mortem
2870 3409 2980 3448 non
3000 3395 3244 3463 gustabit
3261 3395 3320 3447 in
3348 3402 3506 3450 κίεν-

1858 3497 2012 3552 num,
2043 3482 2133 3537 sed
2159 3484 2453 3537 transitum
2468 3484 2601 3553 facit
2621 3482 2686 3536 de
2711 3491 2889 3536 morte
2909 3480 2979 3535 ad
2999 3483 3191 3550 vitam,
3215 3489 3265 3536 et
3283 3482 3342 3535 in
3353 3482 3507 3552 judi-

1858 3572 2005 3626 cium
2033 3586 2145 3625 non
2176 3573 2350 3625 veniet
2393 3571 2492 3638 (Id.
2525 3588 2578 3639 v,
2609 3572 2722 3638 24).
2775 3569 2870 3624 His
2900 3570 3074 3624 rebus
3104 3569 3418 3636 credimus,
3450 3573 3508 3624 et

1859 3659 1978 3714 haec
2026 3663 2114 3714 est
2163 3660 2308 3714 ratio
2353 3660 2485 3715 ﬁdei
2531 3664 2765 3725 nostras,
2803 3662 2861 3714 et
2904 3675 3006 3728 pro
3052 3658 3275 3713 viribus
3325 3658 3506 3712 animi

1858 3748 2042 3803 nostri
2076 3748 2368 3802 mandatis
2400 3749 2528 3818 ejus
2557 3748 2980 3819 obtemperare,
3013 3763 3188 3802 unam
3212 3746 3385 3802 ﬁdem
3418 3763 3506 3802 se-

1859 3840 2084 3892 ctantes
2128 3837 2307 3908 hujus
2338 3836 2665 3904 Trinitatis,
2703 3836 2898 3891 Patris
2931 3841 2988 3890 et
3015 3835 3140 3890 Filii
3170 3839 3226 3890 et
3255 3835 3507 3906 Spiritus

1859 3925 2066 3981 sancﬁ.

1930 4013 1982 4068 4.
2015 4015 2156 4070 AUG.
2193 4014 2367 4069 dixit:
2402 4014 2517 4069 Has
2540 4013 2790 4081 animas,
2826 4029 2971 4084 quas
3003 4013 3073 4066 de
3105 4016 3289 4068 morte
3323 4012 3391 4066 ad
3424 4011 3505 4065 vi-

1857 4105 1976 4156 tam
2000 4117 2105 4172 per
2132 4101 2426 4156 Christum
2460 4101 2654 4156 venire
2685 4099 2970 4169 fatemini,
3003 4116 3128 4171 qua:
3159 4116 3335 4155 causa
3363 4117 3506 4170 prte-

1859 4189 2118 4262 cipitavit
2141 4191 2198 4244 in
2234 4195 2481 4246 mortem
2499 4189 2526 4244 ‘I

1929 4279 2103 4334 Foar.
2137 4278 2308 4334 dixit:
2355 4279 2501 4334 Hinc
2523 4279 2649 4349 jam
2696 4276 2938 4350 dignare
2975 4276 3249 4348 prosequi
3281 4281 3337 4332 et
3366 4292 3508 4332 con-

1858 4368 2054 4437 traire,
2080 4367 2128 4422 si
2167 4367 2311 4422 nihil
2344 4372 2546 4440 praeter
2567 4368 2773 4422 Deum.

1926 4456 1982 4510 5.
2019 4457 2165 4512 Avo.
2219 4456 2390 4512 dixit:
2448 4459 2570 4512 Imo
2628 4459 2688 4510 tu
2745 4454 2986 4527 dignare
3045 4455 3391 4526 respondere
3449 4453 3506 4508 id

1857 4545 2009 4613 quod
2056 4545 2450 4616 interrogatis,
2499 4545 2606 4600 has
2651 4543 2877 4599 animas
2931 4559 3058 4613 qua
3113 4558 3292 4598 causa
3335 4540 3510 4596 morti

1861 4632 2102 4688 dederit.

1931 4720 2103 4776 Foa'r.
2129 4722 2300 4777 dixit:
2329 4723 2451 4777 Imo
2478 4726 2537 4776 tu
2565 4721 2805 4792 dignare
2836 4720 3262 4789 dicere,utrum
3284 4717 3505 4789 aliquid

1859 4808 1937 4864 sit
1967 4813 2172 4880 prmter
2205 4815 2407 4878 Deum,
2441 4827 2512 4864 an
2546 4809 2740 4864 omnia
2769 4808 2828 4862 in
2859 4807 2972 4862 Deo
2995 4808 3131 4862 sint.

1928 4898 1982 4951 6.
2016 4902 2164 4952 Avo.
2191 4897 2364 4952 dixit:
2395 4897 2542 4952 Illud
2560 4914 2664 4969 ego
2688 4897 3038 4968 respondere
3070 4909 3331 4966 possum,
3350 4893 3504 4964 quod

1924 5022 1939 5054 ί
1971 5019 2126 5077 Editi,
2161 5023 2401 5082 Opponat.
2430 5019 2755 5069 Concinnius
2786 5019 2929 5082 Msa,
2961 5017 3184 5082 opponit.

1921 5083 1942 5117 ³
1970 5084 2029 5132 In
2062 5075 2134 5142 8.,
2161 5075 2307 5150 git-od
2334 5082 2616 5150 inadibilis,
2657 5075 3119 5150 quod_in_tenibilis,
3160 5075 3504 5150 impassibilis,

2713 5143 2836 5208 ugd.
2868 5145 2998 5194 Ven.
3056 5144 3180 5192 Lov.
3225 5143 3392 5190 secuti
3420 5154 3505 5188 su-

1923 5244 2033 5334 ;uln
2063 5244 2316 5334 Vaticano
2347 5268 2548 5334 codice,
2576 5267 2928 5334 fabricarent.
3019 5327 3074 5334 __
3104 5326 3114 5334 _
3165 5324 3183 5334 _
3293 5324 3303 5334 ι

1924 5333 1945 5367 ι
1977 5332 2259 5380 Vaticanus
2289 5332 2472 5390 codex,
2496 5324 2696 5379 aniinas
2711 5328 2998 5391 exelegisse.
3019 5327 3082 5375 Et
3102 5324 3255 5384 infra,
3283 5324 3394 5389 ipso
3415 5325 3504 5372 du-

1861 5395 2046 5442 catore.

1925 5458 1945 5492 ι
1977 5457 2035 5504 In
2065 5457 2210 5516 Mss.,
2240 5469 2299 5504 ac
2326 5455 2526 5504 ratione
2554 5454 2777 5503 imbutas
2804 5451 3076 5502 caelestium
3096 5463 3267 5500 rerum
3296 5448 3400 5512 ipse
3420 5446 3509 5496 do-

1860 5518 2103 5577 minator,
2125 5520 2173 5566 et
2201 5517 2319 5566 hinc
2345 5517 2547 5576 iterum,
2579 5520 2659 5564 etc

1924 5582 1963 5628 6.
1996 5572 2150 5637 Edi'ti,
2173 5581 2287 5627 aliae
2314 5584 2433 5628 sunt
2463 5572 2663 5627 animae.
2686 5576 3056 5627 Emendantur
3071 5574 3158 5624 hic
3173 5587 3238 5624 ex
3251 5572 3505 5637 Vaticano

1863 5643 2060 5691 codice.
2095 5635 2277 5691 Pestea
2309 5642 2663 5690 Lovanienses
2730 5655 2808 5697 ro,
2842 5638 2943 5687 alio
2974 5637 3246 5694 mediante,
3277 5635 3380 5693 legi
3410 5647 3502 5682 vo-

1863 5705 2094 5752 luerunt.
2125 5704 2227 5752 alio
2261 5704 2412 5752 modo
2443 5707 2576 5752 ante.
2609 5655 2723 5752 Sed}
2751 5703 3085 5752 reluctantur
3125 5699 3292 5748 nostri
3322 5709 3502 5746 omnes

1861 5705 2094 5817 itinerum,
2125 5704 2227 5753 alio
2261 5704 2412 5752 modo
2443 5707 2576 5752 ante.
2609 5703 2673 5752 Se

1915 5781 1985 5817 ss.

2751 5703 3085 5752 reluctantur
3125 5699 3292 5748 nostri
3322 5709 3507 5746 omnes
