4012 6466
405 423 530 484 U5

412 547 506 587 me
519 547 692 588 nosse
705 530 986 588 Dominus
999 531 1201 601 voluit,
1220 533 1400 589 Deum
1419 533 1822 589 necessitatem
1840 532 2067 588 nullam

411 621 531 693 pati
567 638 758 691 posse,
793 637 978 692 neque
1006 638 1074 676 ex
1102 621 1304 693 aliqua
1335 629 1495 692 parte
1521 621 1720 676 violari
1756 627 1927 691 atque
1953 639 2071 676 cor-

412 710 629 780 rumpi.
664 710 822 772 Quod
880 726 1012 763 cum
1049 714 1110 763 tu
1154 727 1387 781 quoque
1424 711 1682 778 fatearis,
1732 727 1924 782 qurere
1957 727 2071 780 qua

413 798 762 854 necessitate
779 803 892 852 huc
916 798 1142 854 miserit
1173 817 1403 855 animas
1435 817 1583 872 quas
1614 799 1760 855 dicis
1783 816 1884 870 per
1904 799 2067 854 Chri-

414 890 572 942 stum
609 886 816 941 redire.

484 975 656 1030 Fon'r.
689 975 867 1030 dixit:
893 977 1053 1040 Quod
1086 981 1146 1032 tu
1183 978 1403 1047 dixisti,
1437 977 1577 1049 quia
1608 978 1718 1031 huc
1752 994 1938 1048 usque
1961 978 2043 1032 tib

413 1064 568 1120 Deus
604 1064 874 1120 revelavit
895 1066 1045 1135 quod
1076 1066 1543 1138 incorruptibilis
1566 1066 1660 1134 sit,
1694 1067 2046 1136 quemadmo

412 1152 553 1207 dum
580 1155 597 1188 ¹
633 1157 689 1208 et
712 1154 854 1208 mihi
884 1179 897 1220 ;
928 1156 1074 1209 ratio
1105 1156 1418 1226 quaerenda
1438 1160 1548 1220 est,
1574 1155 2069 1226 quemadmodum

413 1242 622 1296 anima:
654 1245 710 1298 et
733 1243 804 1297 ob
829 1259 1005 1313 quam
1038 1260 1275 1299 causam
1303 1244 1479 1298 istum
1504 1243 1561 1298 in
1587 1244 1872 1297 mundum
1898 1259 2068 1298 vene-

413 1331 849 1396 rint,utmerito
863 1348 1019 1387 nunc
1036 1349 1134 1387 eas
1155 1331 1634 1404 perunigenitum
1656 1332 1869 1387 Filium
1895 1349 2069 1386 suum

412 1435 480 1474 ac
509 1421 598 1474 sui
626 1419 878 1475 similem
903 1421 973 1476 de
997 1419 1104 1475 hoc
1133 1421 1353 1475 mundo
1379 1420 1671 1484 liberaret,
1689 1421 1738 1476 si
1761 1419 1905 1475 nihil
1928 1437 2070 1492 prae-

409 1509 501 1564 ter
529 1509 746 1580 ipsum.
2056 1582 2069 1594 .

478 1599 533 1654 7.
565 1599 710 1652 Avo.
745 1597 927 1653 dixit:
965 1597 1092 1653 Non
1126 1598 1409 1654 debemus
1444 1600 1726 1654 frustrare
1747 1602 1942 1654 tantos
1970 1597 2070 1670 qul

408 1691 724 1756 praesentes
754 1691 917 1753 sunt,
977 1691 1034 1742 et
1064 1688 1132 1743 de
1186 1688 1508 1758 quaestione
1552 1688 1852 1760 proposita
1882 1688 1964 1742 ire
1998 1689 2067 1742 ad

406 1772 588 1831 aliud.
621 1775 714 1830 Sic
747 1776 1103 1831 conﬁtemur
1135 1776 1331 1842 ambo,
1378 1776 1463 1832 sic
1497 1777 1666 1832 nobis
1698 1777 2072 1833 concedimus

403 1879 533 1919 esse
562 1863 1072 1936 incorruptibilem
1111 1869 1171 1920 et
1201 1865 1594 1921 inviolabilem
1617 1865 1822 1936 Deum,
1847 1871 1901 1921 et
1925 1866 2070 1922 nihil

404 1951 523 2024 pati
558 1952 848 2023 potuisse:
886 1969 955 2007 ex
1007 1969 1123 2023 quo
1175 1957 1265 2008 est
1307 1971 1673 2026 consequens
1725 1957 1791 2008 ut
1820 1953 1965 2009 falsa
1996 1956 2074 2010 sit

403 2040 642 2096 haeresis
673 2045 882 2112 vestra,
908 2059 1034 2112 quas
1066 2041 1226 2109 dicit,
1271 2043 1456 2098 Deum
1482 2060 1615 2098 cum
1639 2043 1861 2098 videret
1881 2044 2070 2098 immi-

405 2145 541 2184 nere
572 2131 904 2186 vastitatem
927 2147 992 2186 ac
1013 2131 1207 2186 labem
1238 2132 1439 2203 regnis
1470 2133 1617 2200 suis,
1643 2133 1876 2188 misisse
1895 2132 2070 2188 virtu'

414 2221 533 2273 tem
569 2235 693 2288 quae
725 2235 858 2273 cum
889 2220 1264 2275 tenebrarum
1310 2227 1479 2293 gente
1508 2221 1771 2287 bellaret,
1820 2227 1877 2277 et
1905 2238 1974 2276 ex
2003 2239 2071 2278 ea

406 2307 822 2362 commixtione
864 2314 1097 2364 nostras
1137 2311 1362 2366 animas
1393 2309 1715 2366 laborare”.
1755 2312 1952 2367 Brevis
1982 2316 2072 2367 est

406 2412 544 2468 ergo
576 2395 725 2451 ratio
745 2413 894 2465 mea,
912 2402 988 2468 et,
1021 2404 1308 2470 quantum
1334 2399 1626 2468 existimo,
1648 2400 1831 2456 cuivis
1854 2401 2072 2473 planiS'

409 2483 583 2540 sima.
621 2483 680 2540 Si
715 2486 868 2541 Deus
895 2486 1039 2541 nihil
1060 2487 1180 2558 pati
1212 2489 1401 2559 potuit
1428 2494 1646 2561 agente
1665 2491 2068 2557 tenebrarum,

409 2572 547 2646 quia
580 2575 939 2632 inviolabilis
967 2581 1085 2643 est;
1133 2577 1262 2633 sine
1291 2595 1470 2633 causa
1501 2578 1613 2633 huc
1655 2595 1761 2634 nos
1794 2579 1974 2648 misit,
2006 2586 2070 2636 ut

411 2679 518 2718 nos
551 2663 643 2718 hic
693 2681 984 2719 aerumnas
1018 2666 1330 2736 patiamur.
1380 2667 1438 2720 Si
1469 2671 1665 2722 autem
1698 2669 1918 2740 aliquid
1950 2670 2068 2741 pati

411 2752 629 2824 potuit;
666 2769 779 2809 non
813 2758 901 2808 est
932 2754 1306 2825 inviolabilis,
1339 2760 1396 2811 et
1425 2756 1691 2828 decipitis
1720 2774 1818 2813 eos
1850 2759 2068 2830 quibus

409 2841 604 2897 dicitis
645 2859 772 2898 esse
823 2843 1217 2899 inviolabilem
1270 2844 1476 2900 Deum.
1525 2845 1643 2900 Hoc
1691 2847 1847 2901 enim
1877 2851 2070 2904 vestra

407 2928 647 2986 haeresis
680 2936 873 3003 negat,
907 2949 1040 2986 cum
1074 2937 1279 2988 caetera
1301 2934 1613 3004 exponitis.

479 3020 652 3074 Foa'r.
673 3020 817 3074 dixit
843 3038 856 3076 :
891 3021 1009 3075 Hoc
1031 3021 1344 3090 sentimus,
1363 3023 1517 3092 quod
1547 3039 1653 3077 nos
1674 3022 1914 3078 instruit
1932 3025 2066 3081 bea-

424 3110 524 3163 tus
554 3108 852 3179 apostolus
882 3108 1240 3180 Paulus,qui
1272 3111 1447 3166 dixit:
1471 3113 1578 3166 Hoc
1594 3115 1797 3167 sentite
1815 3113 1871 3167 in
1894 3114 2067 3169 vobis,

415 3197 558 3268 quod
595 3205 646 3252 et
671 3200 730 3253 in
763 3198 970 3255 Christo
1011 3200 1169 3266 Jesu;
1200 3201 1298 3270 qui
1335 3216 1461 3254 cum
1491 3203 1550 3256 in
1594 3203 1778 3271 forma
1808 3204 1911 3257 Dei
1933 3211 2069 3258 esset

415 3288 758 3359 constitutus,
776 3305 886 3343 non
904 3290 1160 3360 rapinam
1180 3289 1482 3344 arbitratus
1497 3294 1573 3345 est
1589 3306 1702 3346 esse
1720 3307 1775 3345 se
1791 3308 1948 3362 aqua
1957 3291 2067 3346 lem

407 3376 546 3437 Deo;
574 3379 671 3431 sed
698 3379 1046 3448 semetipsum
1073 3380 1407 3447 exinanivit,
1455 3385 1694 3451 formam
1735 3383 1883 3435 servi
1923 3383 2066 3435 acci-

397 3465 577 3536 piens,
601 3467 656 3519 in
676 3466 1046 3522 similitudine
1074 3467 1359 3522 hominum
1374 3471 1572 3537 factus,
1588 3473 1638 3524 et
1655 3469 1847 3524 habitu
1873 3472 2066 3525 inven-

411 3562 502 3609 tus
531 3562 591 3609 ut
622 3553 814 3611 homo:
865 3557 1188 3612 humiliavit
1231 3559 1614 3628 semetipsum,
1665 3567 1716 3613 et
1763 3561 1942 3629 factus
1988 3546 2067 3615 est

402 3643 652 3698 subditus
683 3661 852 3715 usque
871 3647 941 3700 ad
968 3652 1206 3701 mortem
1229 3646 1500 3718 (Philipp.
1529 3665 1587 3712 ιι,
1617 3648 1759 3714 5-8).
1790 3647 1908 3702 Hoc
1929 3665 2064 3719 ergo

399 3732 690 3788 sentimus
720 3735 790 3788 de
820 3735 1010 3801 nobis,
1045 3736 1199 3805 quod
1231 3739 1287 3790 et
1314 3736 1384 3790 de
1406 3735 1666 3804 Christo;
1697 3737 1796 3807 qui
1830 3753 1961 3791 cum
2007 3738 2064 3792 in

401 3821 589 3876 forma
600 3821 699 3876 Dei
715 3829 869 3879 esset
889 3824 1206 3879 constitutu
1217 3825 1463 3894 s,factus
1480 3829 1570 3880 est
1589 3826 1865 3881 subditus
1878 3843 2068 3898 usque

400 3910 471 3965 ad
505 3916 775 3979 mortem,
803 3918 865 3967 ut
886 3913 1341 3968 similitudinem
1367 3913 1696 3968 animarum
1728 3919 2061 3969 nostrarum

405 4000 758 4056 ostenderet.
794 4002 864 4056 Et
894 4003 1396 4073 quemadmodum
1429 4002 1487 4056 in
1521 4019 1584 4058 se
1615 4004 1818 4059 mortis
1854 4004 2063 4059 simili“

399 4088 664 4144 tudinem
697 4091 980 4161 ostendit,
1015 4095 1072 4147 et
1105 4107 1217 4146 sea
1252 4091 1412 4146 Patre
1442 4108 1571 4146 esse
1596 4092 1665 4146 de
1701 4092 1888 4147 medio
1912 4110 2063 4148 mor-

399 4180 636 4234 tuorum
671 4180 1087 4235 resuscitatum
1112 4197 1126 4246 ;
1159 4195 1225 4234 eo
1249 4180 1422 4235 modo
1446 4180 1736 4236 sentimus
1765 4185 1822 4236 et
1843 4182 1912 4236 de
1935 4182 2058 4236 ani-

403 4266 519 4322 mis
549 4268 766 4322 nostris
793 4267 1082 4333 futurum,
1102 4268 1256 4339 quod
1281 4285 1382 4339 per
1414 4268 1607 4338 ipsum
1641 4269 1965 4341 poterimus
1987 4271 2058 4326 ab

407 4354 518 4411 hac
551 4362 736 4415 morte
768 4355 1000 4411 liberari
1029 4374 1041 4412 :
1068 4373 1196 4428 qua:
1218 4361 1319 4412 aut
1341 4356 1530 4412 aliena
1560 4361 1650 4412 est
1679 4374 1713 4412 a
1733 4358 1867 4424 Deo,
1888 4363 1987 4413 aut
2007 4361 2057 4414 si

404 4445 642 4516 propria
670 4450 760 4500 est
783 4445 901 4510 Dei,
934 4450 991 4500 et
1022 4445 1420 4500 misericordia
1449 4447 1577 4516 ejus
1598 4450 1805 4518 cessat,
1829 4452 1887 4502 et
1913 4447 2056 4504 libe-

399 4534 610 4589 ratoris
642 4550 874 4603 nomen,
907 4538 962 4589 et
993 4551 1169 4606 opera
1195 4533 1520 4590 liberantis.
1921 4603 1927 4610 _

469 4623 524 4676 8.
556 4625 706 4678 Auc.
740 4623 911 4678 dixit:
931 4624 1045 4696 Ego
1072 4640 1267 4695 quaero
1291 4625 1790 4697 quemadmodum
1816 4626 1873 4681 in
1899 4644 2053 4684 mor-

399 4715 517 4767 tem
552 4712 902 4781 venerimus,
922 4717 979 4768 et
995 4717 1059 4767 tu
1089 4712 1234 4768 dicis
1254 4714 1755 4783 quemadmodum
1775 4716 1845 4770 de
1868 4722 2056 4772 morte

398 4799 737 4856 liberemur.

474 4889 647 4946 Foa'r.
675 4889 849 4945 dixit:
885 4891 967 4946 Ita
994 4890 1306 4962 Apostolus
1343 4891 1487 4945 dixit
1517 4895 1809 4964 quomodo
1835 4895 2054 4951 sentire

403 4979 722 5035 debeamus
752 4980 822 5034 de
854 4979 1068 5035 animis
1102 4980 1338 5050 nostris,
1389 4981 1543 5050 quod
1583 4981 1850 5038 Christus
1884 4983 2051 5039 nobis

401 5068 675 5124 ostendit.
710 5067 768 5124 Si
819 5068 930 5124 fuit
959 5067 1229 5124 Christus
1258 5069 1318 5122 in
1350 5069 1622 5140 passione
1655 5075 1712 5125 et
1758 5076 1962 5138 morte,
1995 5076 2053 5128 et

400 5171 539 5213 nos:
594 5157 644 5213 si
673 5155 971 5213 voluntate
1000 5156 1189 5212 Patris
1219 5157 1520 5213 descendit
1551 5158 1610 5214 in
1642 5160 1972 5232 passionem
1995 5167 2052 5217 et

401 5248 673 5314 mortem,
704 5251 761 5302 et
787 5263 914 5302 nos.

465 5468 481 5503 ¹
508 5467 611 5535 _Hic
640 5467 959 5518 auctoritate
988 5468 1473 5532 manuscriptorum
1501 5469 1766 5531 addimus,
1803 5471 2048 5535 quemad-

453 5529 624 5578 odum.
1262 5529 1276 5532 “
1752 5529 1759 5531 “
1808 5529 1826 5535 ’

399 5545 484 5628 m1
509 5591 645 5641 Editi
675 5590 836 5654 vulgo
865 5592 1022 5651 male,
1050 5594 1099 5642 et
1124 5607 1188 5642 ex
1217 5607 1276 5642 ea
1303 5595 1665 5645 commixtione
1702 5594 1818 5644 hinc
1848 5598 2049 5645 nostras

400 5655 603 5721 animas
627 5653 891 5721 liberaret.
938 5656 1225 5721 Vaticanus
1256 5659 1511 5721 verorMs.
1553 5659 1766 5716 omittit,
1805 5658 1946 5721 hinc;
1987 5672 2050 5707 ac

405 5717 545 5782 loco,
575 5715 835 5782 liberaret,
862 5718 1042 5782 habet,
1075 5719 1329 5769 laborare.
1354 5720 1445 5782 Sic
1465 5734 1646 5782 supra,
1666 5735 1721 5769 n.
1747 5715 1789 5779 1,
1814 5715 2045 5780 001ί113,

401 5780 532 5831 Hinc
559 5793 662 5828 esse
689 5780 829 5843 quod
855 5779 936 5830 hic
961 5785 1145 5832 anima
1174 5783 1314 5835 bona
1342 5779 1598 5836 laborant.

1082 426 1396 487 CONTRA
1441 426 1989 488 FORTUNATUM
2036 421 2560 496 MANICHJEUM,
2609 425 2674 484 S.
2721 421 3157 485 AUGUSTINI

3713 422 3833 483 116

2246 531 2300 584 9.
2334 535 2474 585 Aes.
2510 529 2684 584 dixit:
2712 529 2926 584 Notum
2959 532 3048 584 est
3080 527 3354 584 omnlbus
3386 525 3734 584 catholicam
3768 529 3834 583 fi-

2175 619 2303 674 dem
2324 619 2400 673 ita
2432 636 2493 674 se
2518 620 2749 688 habere,
2776 618 2928 689 quod
2948 618 3232 672 Dominus
3251 621 3469 682 noster,
3498 618 3555 672 id
3580 621 3688 682 est,
3707 618 3832 672 Vir-

2174 713 2270 762 tus
2304 714 2359 761 et
2389 708 2686 778 Sapientia
2717 707 2814 762 Dei
2867 709 2911 778 (l
2947 707 3070 762 Cor.
3108 725 3146 774 1,
3177 708 3290 777 24),
3339 711 3395 762 et
3441 707 3696 762 Verbum
3729 723 3834 778 per

2175 797 2330 868 quod
2367 797 2514 852 facta
2544 802 2683 850 sunt
2704 796 2921 867 omnia,
2953 802 3010 850 et
3032 796 3158 852 sine
3190 813 3304 867 quo
3329 796 3538 853 factum
3572 800 3661 852 est
3681 796 3831 851 nihil

2175 888 2351 958 (Joan.
2391 905 2425 955 ι,
2459 886 2537 956 3),
2569 886 2640 940 ad
2668 885 3065 939 liberationem
3096 891 3358 940 nostram
3385 884 3678 940 hominem
3703 903 3834 941 sus-

2174 975 2343 1045 cepit.
2376 974 2436 1028 In
2465 975 2588 1046 ipso
2621 973 2856 1029 homine
2888 990 3060 1044 quem
3096 973 3374 1044 suscepit,
3411 973 3834 1030 demonstravit

2174 1062 2275 1117 illa
2304 1080 2429 1134 qua:
2462 1062 2762 1118 dicis.Nos
2793 1067 2985 1116 autem
3007 1079 3161 1117 nunc
3193 1062 3262 1116 de
3286 1062 3471 1133 ipsius
3493 1062 3590 1118 Dei
3614 1068 3670 1118 et
3692 1063 3837 1119 inef-

2175 1151 2371 1207 fabilis
2391 1152 2715 1220 majestatis
2733 1151 3067 1205 substantia
3082 1150 3623 1222 quaerimus,utrum
3647 1152 3694 1206 ei
3722 1152 3834 1208 ali-

2175 1240 2315 1312 quid
2352 1257 2556 1296 nocere
2579 1241 2782 1312 possit,
2807 1257 2878 1294 an
2915 1257 3026 1294 non
3053 1240 3254 1311 possit.
3295 1239 3353 1296 Si
3381 1239 3535 1294 enim
3567 1245 3760 1312 potest
3780 1241 3834 1296 ei

2175 1329 2397 1400 aliquid
2429 1346 2655 1388 nocere.
2680 1346 2791 1384 non
2829 1333 2917 1384 est
2947 1328 3327 1384 inviolabilis.
3353 1329 3408 1384 Si
3431 1346 3543 1384 non
3568 1334 3761 1400 potest
3781 1331 3836 1385 ei

2176 1418 2402 1490 aliquid
2435 1435 2661 1484 nocere,
2714 1417 2851 1489 quid
2887 1419 2937 1472 ei
2971 1419 3192 1473 factura
3234 1423 3358 1473 erat
3386 1434 3529 1489 gens
3559 1420 3835 1474 tenebra-

2175 1524 2330 1573 rum,
2366 1513 2568 1562 contra
2592 1523 2772 1578 quam
2792 1506 2984 1561 dicitis
3014 1505 3233 1561 bellum
3256 1512 3485 1578 gestum
3519 1524 3642 1562 esse
3663 1525 3696 1562 a
3718 1512 3834 1563 Deo

2176 1600 2308 1651 ante
2340 1596 2812 1650 constitutionem
2848 1596 3074 1666 mundi,
3104 1595 3162 1649 in
3196 1612 3310 1667 quo
3333 1594 3481 1650 bello
3513 1612 3638 1662 nos,
3663 1596 3718 1651 id
3744 1608 3836 1658 est

2175 1685 2426 1751 animas,
2461 1701 2605 1755 quas
2641 1686 2811 1740 modo
2836 1684 3098 1755 indigere
3133 1685 3434 1740 liberatore
3450 1685 3833 1741 manifestum

2174 1778 2282 1840 est,
2318 1774 2666 1828 commixtae
2694 1790 2822 1829 esse
2848 1773 3006 1828 omni
3038 1773 3212 1844 malo,
3237 1779 3294 1829 et
3315 1774 3486 1828 morti
3517 1773 3833 1846 implicitas

2175 1862 2478 1918 asseritis?
2512 1863 2702 1917 Redeo
2734 1863 2886 1917 enim
2923 1863 2991 1917 ad
3023 1861 3163 1916 illud
3188 1862 3702 1918 brevissimum:Si
3727 1880 3832 1935 po-

2173 1954 2320 2005 terat
2351 1951 2400 2004 ei
2425 1951 2643 2017 noceri,
2675 1968 2789 2005 non
2823 1955 2912 2005 est
2942 1949 3328 2016 inviolabilis;
3363 1951 3409 2006 si
3437 1968 3548 2006 non
3581 1957 3834 2022 poterat,

2174 2039 2487 2095 crudeliter
2515 2039 2629 2094 huc
2660 2057 2764 2095 nos
2797 2040 2980 2104 misit,
3016 2045 3079 2094 ut
3101 2040 3213 2094 ista
3240 2041 3550 2111 patiamur.

2244 2133 2414 2183 Fos'r.
2449 2128 2622 2182 dixit:
2656 2129 2866 2183 Anima
2898 2129 3000 2184 Dei
3032 2130 3178 2194 est‘,
3211 2146 3282 2183 an
3317 2129 3477 2184 non?

2246 2217 2331 2270 10.
2367 2224 2511 2271 AUG.
2545 2216 2723 2272 dixit:
2779 2217 2835 2270 Si
2883 2218 3113 2288 justum
3168 2222 3254 2272 est
3305 2222 3370 2272 ut
3419 2235 3532 2272 non
3584 2217 3832 2274 interro-

2173 2305 2323 2378 gatis
2347 2305 2492 2362 meis
2519 2308 2958 2378 respondeatur,
2991 2311 3048 2362 et
3077 2322 3181 2380 ego
3213 2307 3555 2380 interroger,
3580 2325 3824 2380 respon-

2174 2396 2343 2450 debo.

2244 2485 2420 2540 Foa'r.
2453 2484 2632 2541 dixit:
2683 2485 2738 2540 Si
2770 2485 2828 2540 in
2863 2485 3096 2557 proprio
3136 2486 3256 2559 agit
3285 2485 3517 2542 anima?
3566 2487 3681 2542 Hoc
3711 2504 3746 2543 a
3775 2493 3833 2543 te

2173 2590 2388 2645 quaero.

2245 2665 2331 2718 11.
2366 2671 2514 2720 AUG.
2549 2664 2724 2719 dixit:
2760 2665 2877 2736 Ego
2900 2664 3135 2736 quidem
3157 2666 3310 2736 quod
3346 2665 3716 2738 interrogasti
3737 2666 3828 2721 di-

2173 2769 2332 2808 eam:
2362 2758 2589 2808 tantum
2623 2753 2763 2808 illud
2807 2754 3174 2821 memineris;
3206 2759 3264 2810 te
3295 2754 3555 2811 noluisse
3585 2773 3828 2828 respon-

2173 2842 2308 2896 dere
2354 2841 2726 2914 interrogatis
2757 2843 2925 2911 meis,
2958 2860 3050 2898 me
3081 2849 3274 2900 autem
3305 2844 3423 2900 tuis
3454 2846 3827 2917 respondere.

2174 2929 2234 2985 Si
2267 2930 2480 3000 quaeris
2512 2935 2706 2985 utrum
2742 2949 2773 2986 a
2824 2937 2935 2987 Deo
2967 2932 3332 2987 descenderit
3361 2933 3576 3002 anima,
3611 2949 3831 3007 magna

2174 3019 2411 3090 quidem
2445 3021 2686 3090 quaestio
2727 3026 2850 3076 est:
2885 3022 2984 3077 sed
3018 3021 3136 3076 sive
3159 3039 3190 3076 a
3221 3027 3333 3077 Deo
3358 3023 3680 3087 descendit,
3707 3023 3829 3079 sive

2173 3124 2329 3174 non;
2386 3107 2527 3163 illud
2562 3110 2632 3163 de
2683 3110 2880 3164 anima
2912 3111 3254 3182 respondeo,
3289 3127 3401 3165 non
3449 3128 3576 3166 esse
3607 3112 3828 3179 Deum;

2173 3195 2329 3251 aliud
2360 3213 2487 3251 esse
2518 3197 2720 3268 Deum,
2746 3197 2903 3252 aliud
2935 3200 3212 3253 animam.
3234 3199 3414 3254 Deum
3438 3216 3565 3255 esse
3587 3200 3832 3256 inviola-

2173 3284 2965 3358 bilem,incorruptibilem,et
2982 3289 3573 3359 impenetrabilem,et
3597 3289 3825 3344 incoin-

2173 3374 2555 3443 quinabilem,
2589 3380 2646 3429 et
2677 3377 2774 3445 qui
2809 3392 2877 3430 ex
2911 3375 3070 3431 nulla
3101 3382 3261 3448 parte
3291 3378 3584 3448 corrumpi
3619 3379 3824 3449 possit,

2173 3468 2229 3517 et
2253 3463 2345 3517 cui
2377 3462 2537 3518 nulla
2561 3480 2628 3518 ex
2658 3470 2818 3535 parte
2838 3465 3030 3520 noceri
3051 3470 3258 3537 potest.
3283 3466 3554 3522 Animam
3578 3483 3714 3522 vero
3736 3467 3827 3520 vi-

2171 3553 2377 3608 demus
2398 3557 2454 3608 et
2483 3553 2859 3624 peccatricem
2888 3572 3035 3620 esse,
3056 3560 3113 3609 et
3136 3555 3191 3608 in
3222 3572 3482 3610 erumna
3505 3555 3747 3625 versari,
3766 3561 3827 3612 et

2169 3642 2468 3696 veritatem
2503 3659 2778 3714 quaerere,
2810 3648 2865 3698 et
2896 3643 3203 3699 liberatore
3233 3644 3510 3715 indigere.
3537 3645 3666 3700 Haec
3690 3661 3825 3700 mu-

2171 3730 2311 3785 tatio
2329 3730 2540 3786 animae
2562 3733 2818 3787 ostendit
2839 3733 2981 3787 mihi
3007 3733 3160 3805 quod
3186 3733 3381 3788 anima
3407 3751 3518 3788 non
3544 3734 3620 3789 sit
3647 3736 3819 3790 Deus.

2171 3819 2317 3874 Nam
2351 3819 2399 3874 si
2431 3820 2629 3875 anima
2666 3821 2997 3877 substantia
3044 3822 3137 3877 Dei
3188 3828 3294 3892 est,
3354 3823 3692 3877 substantia
3725 3825 3824 3878 Dei

2169 3912 2346 3974 errat,
2379 3908 2705 3963 substantia
2747 3909 2842 3964 Dei
2893 3911 3309 3981 corrumpitur,
3361 3911 3694 3966 substantia
3725 3913 3824 3968 Dei

2167 3997 2437 4064 violatur,
2472 3999 2802 4054 substantia
2849 3999 2943 4053 Dei
2977 4000 3297 4072 decipitur:
3356 4001 3511 4071 quod
3541 4001 3703 4056 nefas
3733 4006 3826 4057 est

2168 4086 2378 4141 dicere.

2238 4176 2410 4231 Foa'r.
2446 4176 2628 4232 dixit:
2681 4177 2831 4248 Ergo
2873 4177 3097 4248 negasti
3131 4177 3385 4233 animam
3419 4193 3486 4233 ex
3521 4178 3636 4234 Deo
3668 4195 3820 4247 esse,

2167 4265 2446 4336 quamdiu
2479 4265 2730 4336 peccatis
2752 4283 2816 4320 ac
2839 4265 2992 4321 vitiis
3015 4271 3070 4321 et
3093 4267 3412 4322 mundanis
3435 4267 3609 4323 rebus
3631 4268 3824 4323 deser-

2165 4353 2267 4422 vit,
2299 4358 2356 4408 et
2385 4371 2577 4410 errore
2609 4355 2872 4410 ducitur:
2905 4356 3059 4426 quod
3093 4357 3215 4412 fieri
3249 4374 3361 4412 non
3399 4362 3608 4428 potest,
3635 4361 3700 4412 ut
3719 4363 3824 4413 aut

2164 4447 2316 4497 Deus
2349 4443 2456 4497 hoc
2487 4444 2759 4514 patiatur,
2809 4449 2912 4499 aut
2960 4445 3290 4500 substantia
3319 4447 3468 4516 ejus.
3513 4447 3613 4501 Est
3654 4446 3819 4501 enim

2164 4536 2314 4587 Deus
2337 4532 2820 4605 incorruptibilis,
2845 4540 2901 4588 et
2919 4535 3254 4589 substantia
3284 4535 3412 4605 ejus
3441 4535 3824 4590 immaculata

2162 4627 2253 4676 est
2281 4626 2338 4676 et
2367 4627 2588 4677 sancta.
2634 4623 2736 4676 Hic
2785 4639 2920 4678 vero
2952 4623 3231 4694 quaeritur
3275 4641 3306 4678 a
3337 4623 3567 4690 vobis’,
3619 4628 3819 4680 utrum

2162 4711 2360 4766 anima
2397 4728 2465 4766 ex
2518 4713 2626 4767 Deo
2677 4711 2771 4780 sit,
2826 4713 3047 4767 necne?
3099 4713 3260 4777 Quod
3309 4729 3414 4768 nos
3459 4713 3731 4781 fatemur,
3762 4719 3822 4770 et

2162 4800 2528 4856 ostendimus
2556 4819 2624 4857 ex
2659 4801 2973 4860 Salvatoris
3004 4803 3277 4872 adventu,
3302 4819 3370 4857 ex
3398 4802 3585 4874 ipsius
3615 4808 3821 4860 saneta

2161 4888 2596 4960 praedicatione,
2623 4906 2690 4944 ex
2716 4890 2901 4961 ipsius
2934 4890 3213 4946 electione
3229 4892 3269 4958 ⁸,
3301 4893 3442 4947 dum
3471 4892 3685 4948 animis
3707 4893 3818 4948 mi-

2161 4982 2404 5044 seretur,
2437 4983 2496 5033 et
2516 4980 2839 5034 secundum
2871 4981 3000 5051 ejus
3032 4981 3338 5036 arbitrium
3373 4981 3570 5036 anima
3589 4981 3820 5038 venisse

2160 5067 2393 5139 dicitur,
2426 5073 2490 5122 ut
2519 5069 2784 5124 eamdem
2816 5070 2889 5125 de
2921 5073 3107 5125 morte
3138 5069 3431 5137 liberaret,
3465 5075 3522 5125 et
3542 5070 3820 5142 perduce-

2161 5161 2246 5212 ret
2284 5172 2409 5211 eam
2455 5157 2525 5211 ad
2573 5161 2847 5213 aeternam
2879 5158 3147 5231 gloriam,
3180 5168 3235 5214 et
3276 5159 3607 5215 restitueret
3638 5158 3818 5217 Patri.

2160 5246 2307 5312 Quid
2340 5262 2472 5301 vero
2495 5247 2565 5302 de
2593 5246 2790 5302 anima
2823 5251 2882 5302 tu
2909 5248 3034 5320 ipse
3065 5247 3213 5302 dicis
3235 5251 3338 5303 aut
3368 5254 3810 5319 speras,utrum

2159 5335 2238 5391 sit
2255 5335 2437 5402 aDeo,
2463 5335 2684 5391 necne?
2713 5336 3104 5392 substantiam
3126 5337 3246 5404 Dei,
3268 5353 3334 5393 ex
3348 5354 3466 5408 qua
3486 5353 3665 5410 negas
3687 5355 3818 5396 esse

2160 5425 2442 5495 animam,
2473 5423 2651 5480 nullis
2682 5424 3062 5498 passionibus
3094 5442 3266 5499 posse
3298 5426 3622 5498 subjacere.

2224 5660 2240 5694 ¹
2273 5657 2356 5706 Sic
2388 5658 2512 5706 Mss.
2540 5657 2678 5707 Editi
2704 5670 2849 5716 vero,
2886 5655 3016 5704 Deus
3045 5660 3136 5706 est.

2221 5722 2244 5756 ³
2273 5720 2426 5776 Editi,
2458 5735 2488 5768 a
2522 5718 2685 5768 nobis.
2719 5720 2786 5768 At
2813 5720 2955 5779 Mss.,
2985 5735 3017 5769 a
3045 5720 3203 5769 vobis.

2220 5783 2243 5817 ³
2268 5783 2354 5832 Er.
2387 5786 2440 5832 et
2472 5784 2618 5841 Mss.,
2648 5781 2874 5832 lectione.
