4012 6460
210 410 322 471 H7

281 543 367 598 12.
390 542 535 597 Anc.
562 539 707 595 dixit
732 557 745 595 :
773 538 1048 594 Animam
1072 524 1155 593 sic
1186 535 1392 607 negavi
1420 550 1546 590 esse
1580 534 1853 590 substan-

208 634 349 688 tiam
374 631 493 695 Dei,
519 635 585 685 ut
609 645 813 701 negem
836 627 998 683 illam
1025 643 1155 682 esse
1189 627 1367 681 Deum
1394 644 1405 680 :
1443 624 1540 679 sed
1572 629 1765 678 tamen
1790 638 1858 677 ex

210 721 322 776 Deo
348 724 581 775 auctore
602 735 749 785 esse,
775 717 912 789 quia
934 717 1085 771 facta
1108 718 1195 771 est
1216 732 1249 770 a
1279 715 1414 769 Deo.
1447 712 1608 767 Aliud
1636 716 1725 767 est
1756 712 1855 783 qui

209 810 363 874 fecit,
398 808 554 864 aliud
587 807 743 879 quod
778 804 927 860 fecit.
963 804 1070 868 Qui
1104 804 1257 872 fecit,
1293 800 1697 873 corruptibilis
1726 816 1855 856 esse

212 897 450 955 omnino
481 914 595 952 non
632 898 856 968 potest:
893 894 1047 965 quod
1071 897 1266 947 autem
1292 892 1446 959 fecit,
1471 890 1709 946 omnino
1739 906 1853 945 non

213 990 401 1060 potest
432 985 652 1057 mquale
680 1001 807 1039 esse
838 983 921 1037 illi
954 983 1051 1054 qui
1085 982 1236 1038 fecit.

281 1077 451 1132 Foa'r.
484 1075 665 1130 dixit:
699 1072 813 1129 Nec
844 1089 949 1145 ego
982 1071 1098 1127 dixi
1131 1070 1410 1137 animam,
1444 1084 1571 1125 esse
1602 1066 1851 1123 similem

216 1168 344 1222 Deo.
377 1164 489 1220 Sed
525 1163 681 1236 quia.
712 1161 911 1217 dixisti
963 1160 1275 1216 factitiam‘
1324 1175 1451 1214 esse
1484 1156 1761 1222 animam,
1795 1160 1853 1212 et

211 1254 355 1310 nihil
388 1257 595 1326 praeter
624 1252 847 1319 Deum;
893 1267 1085 1323 quisro
1132 1250 1424 1305 undenam
1458 1247 1612 1302 Deus
1644 1244 1851 1302 animae

212 1343 605 1401 substantiam
639 1339 957 1397 adinvenit.

276 1432 363 1488 l3.
396 1434 545 1488 Ana.
580 1430 724 1485 dixit
751 1447 764 1486 :
790 1431 1047 1485 Tantum
1072 1429 1364 1483 memento
1386 1441 1475 1481 me
1498 1424 1849 1496 respondere

210 1522 276 1578 ad
299 1538 365 1578 ea
386 1536 515 1592 quis
536 1520 861 1592 interrogas
884 1537 901 1584 ;
927 1522 981 1572 te
1003 1522 1198 1572 autem
1224 1516 1294 1570 ad
1319 1531 1386 1571 ea
1412 1531 1537 1586 quas
1558 1513 1849 1585 interrogo

211 1627 321 1666 non
344 1608 714 1681 respondere.
742 1606 1010 1663 Animam
1034 1605 1162 1661 dico
1189 1604 1396 1660 factam
1422 1620 1456 1658 a
1486 1608 1619 1673 Deo,
1655 1605 1718 1657 ut
1738 1618 1848 1656 ca-

209 1704 327 1754 tera
346 1697 547 1754 omnia
570 1714 698 1768 quae
721 1713 755 1752 a
786 1700 897 1751 Deo
934 1695 1080 1749 facta
1112 1697 1288 1760 sunt;
1322 1696 1378 1747 et
1408 1692 1558 1747 inter
1589 1690 1688 1746 illa
1721 1706 1848 1762 quas

210 1793 353 1843 Deus
366 1786 741 1858 omnipotens
754 1781 1290 1855 fecit,principalem
1308 1782 1495 1837 locum
1511 1781 1710 1835 datum
1723 1794 1851 1835 esse

209 1878 409 1933 anima:
436 1877 535 1949 (a).
558 1876 615 1932 Si
634 1879 829 1930 autem
848 1872 1061 1946 quaeris
1081 1872 1232 1926 unde
1255 1872 1402 1926 Deus
1422 1869 1673 1925 animam
1692 1868 1844 1938 fecit,

210 1971 499 2023 memento
522 1963 782 2021 conﬁteri
816 1980 905 2019 me
934 1962 1184 2026 tecum’,
1212 1960 1394 2015 Deum
1426 1975 1554 2014 esse
1580 1957 1846 2030 omnipo-

207 2059 443 2111 tentem.
468 2053 849 2124 Omnipotens
865 2056 1057 2106 autem
1079 2067 1192 2104 non
1214 2052 1323 2115 est,
1342 2048 1439 2119 qui
1461 2048 1669 2119 quierit
1685 2047 1848 2118 adju—

208 2144 323 2200 vari
346 2143 545 2215 aliqua
568 2142 812 2197 materia
828 2141 982 2195 unde
1003 2138 1172 2193 faciat
1191 2138 1342 2210 quod
1361 2136 1516 2192 velit.
1536 2141 1614 2190 Ex
1626 2152 1742 2207 quo
1760 2138 1849 2190 est

211 2249 590 2304 consequens,
610 2234 674 2285 ut
691 2230 1014 2285 secundum
1036 2228 1209 2282 fidem
1231 2229 1491 2281 nostram
1507 2223 1700 2281 omnia
1718 2240 1845 2295 quae

211 2323 357 2378 Deus
376 2321 511 2376 fecit
529 2337 630 2393 per
648 2318 896 2374 Verbum
915 2322 973 2372 et
988 2314 1345 2387 Sapientiam
1364 2330 1557 2380 suam,
1579 2313 1649 2367 de
1662 2310 1846 2367 nihilo

209 2411 418 2467 fecerit.
453 2410 550 2465 Sic
580 2407 737 2465 enim
763 2406 1050 2478 legimus:
1077 2409 1196 2475 Ipse
1199 2404 1403 2476 jussit,
1425 2406 1478 2457 et
1506 2400 1655 2474 facta
1676 2404 1841 2469 sunt;

207 2503 316 2573 ipse
344 2498 652 2567 mandavit,
684 2504 733 2552 et
753 2497 1046 2552 constituta
1073 2498 1202 2549 sunt
1232 2493 1406 2565 (Psal.
1439 2507 1663 2560 CXLVIII,
1693 2490 1770 2560 5).

271 2590 439 2645 Fon'r.
475 2586 658 2642 dixit:
693 2586 773 2641 Ex
796 2584 1067 2653 jussione
1096 2585 1368 2637 constant
1396 2578 1709 2635 universa?

270 2678 353 2733 Μ.
383 2679 532 2732 Anc.
566 2674 749 2730 dixit:
781 2674 869 2729 Ita
901 2673 1093 2739 credo,
1128 2671 1229 2727 sed
1262 2670 1533 2725 universa
1563 2685 1689 2739 quae
1721 2667 1840 2723 fac-

203 2778 259 2824 ta
286 2770 442 2822 sunt.

270 2855 437 2911 Foa'r.
472 2854 657 2909 dixit:
693 2854 866 2909 Facta
923 2854 1265 2916 consonant,
1328 2847 1428 2903 sed
1474 2845 1612 2918 quia
1639 2845 1840 2901 incon«

202 2944 486 2999 venientia
513 2942 625 2998 sibi
660 2946 817 3008 sunt,
878 2956 944 2995 ac
1004 2954 1105 3011 per
1160 2937 1270 2993 hoc
1301 2951 1436 3008 ergo
1468 2938 1694 2990 constat
1724 2950 1838 2989 non

202 3050 322 3089 osse
353 3048 535 3088 unam
586 3028 1000 3095 substantiam,
1062 3026 1200 3082 licet
1250 3041 1319 3080 ex
1375 3023 1549 3079 unius
1572 3022 1841 3094 jussione

201 3120 393 3175 eadem
429 3120 501 3174 ad
532 3116 1043 3189 compositionem3
1088 3114 1291 3169 mundi
1338 3112 1516 3183 hujus
1547 3115 1604 3166 et
1632 3110 1836 3165 faciem

200 3207 476 3263 venerint.
521 3206 803 3261 Caeterum
852 3204 1027 3259 rebus
1057 3202 1204 3274 ipsis
1232 3205 1387 3273 patet
1416 3199 1554 3272 quia
1583 3198 1727 3255 nihil
1760 3198 1836 3255 si-

200 3295 330 3351 mile
360 3295 615 3352 tenebraa
644 3297 696 3349 et
729 3292 847 3362 lux,
883 3290 1031 3346 nihil
1065 3289 1255 3345 simile
1284 3289 1497 3344 veritas
1520 3292 1578 3343 et
1603 3288 1837 3343 menda-

198 3385 362 3454 cium,
395 3384 547 3440 nihil
580 3382 771 3439 simile
803 3398 960 3437 mors
990 3384 1048 3435 et
1075 3378 1212 3444 vita,
1246 3377 1392 3433 nihil
1426 3375 1613 3433 simile
1638 3376 1837 3432 anima

194 3478 247 3530 et
274 3490 510 3546 corpus,
546 3476 601 3527 et
631 3476 833 3527 caetera
863 3469 995 3525 istis
1025 3467 1243 3524 similia
1271 3483 1397 3539 quae
1419 3471 1476 3522 et
1496 3466 1833 3522 nominibus

194 3567 248 3618 et
277 3563 583 3635 speciebus
613 3561 835 3615 distant
867 3558 938 3614 ab
970 3557 1213 3613 invicem
1242 3571 1256 3611 :
1297 3561 1355 3611 et
1382 3555 1584 3610 merito
1618 3554 1833 3610 dixisse

193 3652 495 3707 Dominum
548 3653 837 3713 nostrum,
882 3647 1061 3702 Arbor
1087 3661 1253 3718 quam
1284 3660 1391 3699 non
1421 3644 1693 3714 plantavit
1722 3645 1829 3698 Pa-

193 3747 271 3795 tcr
292 3757 442 3796 meus
469 3740 717 3804 caelestis,
750 3736 1153 3801 eradicabitur,
1177 3738 1226 3789 et
1257 3736 1315 3788 in
1348 3735 1528 3802 ignem
1557 3733 1827 3803 mittetur,

195 3832 319 3901 quia
349 3846 453 3885 non
487 3829 651 3901 aﬂert
695 3829 907 3898 [ructus
957 3825 1119 3880 bonos
1169 3822 1375 3890 (Matth.
1417 3839 1509 3887 xv,
1543 3822 1629 3891 13,
1662 3826 1711 3877 et
1743 3839 1825 3890 III,

194 3918 277 3989 40)
302 3936 313 3972 :
334 3923 389 3975 et
412 3933 543 3973 esse
564 3916 827 3972 arborem
862 3913 1236 3969 radicatam‘.
1272 3911 1415 3966 Hinc
1445 3926 1574 3966 vere
1604 3916 1829 3966 constat

193 4024 256 4063 ex
279 4008 495 4063 ratione
520 4022 713 4061 rerum
732 4005 772 4071 ⁸,
798 4004 949 4075 quod
972 4003 1098 4057 duae
1122 4004 1261 4057 sunt
1283 3999 1623 4056 substantiae
1644 3999 1700 4054 in
1718 3999 1827 4056 hoc

196 4098 427 4162 mundo,
452 4112 580 4167 quae
604 4094 908 4167 speciebus
933 4090 1340 4148 etnominibus
1364 4092 1825 4160 constant:qua-

194 4202 314 4240 rum
346 4190 434 4241 est
462 4200 584 4239 una
612 4182 891 4254 corporis,
925 4180 1040 4236 alia
1068 4196 1201 4235 vero
1241 4182 1457 4234 aeterna
1484 4178 1671 4234 Patris
1701 4195 1825 4234 om-

194 4272 503 4345 nipotentis
536 4288 713 4344 quam
745 4271 845 4327 Dei
877 4286 1004 4326 esse
1035 4268 1383 4324 credimus“.

260 4363 341 4417 15.
381 4369 524 4419 Anc.
558 4361 741 4416 dixit:
777 4357 1077 4415 Contraria
1108 4357 1221 4412 ista
1247 4374 1373 4429 qua:
1407 4360 1463 4412 te
1487 4361 1737 4426 movent,
1764 4359 1827 4412 ut

194 4452 423 4508 adversa
453 4451 804 4517 sentiamus,
838 4451 1073 4520 propter
1103 4450 1402 4517 peccatum
1446 4450 1735 4512 nostrum,
1768 4446 1826 4501 id

192 4544 292 4608 est,
324 4545 560 4613 propter
614 4542 915 4611 peccatum
967 4534 1223 4591 hominis
1255 4534 1642 4606 contigerunt.
1678 4534 1825 4590 Nam

194 4630 376 4685 omnia
398 4630 553 4685 Deus
576 4632 634 4683 et
654 4628 806 4682 bona
829 4625 982 4691 fecit,
1007 4630 1063 4680 et
1084 4624 1228 4680 bene
1252 4623 1543 4678 ordinavit
1568 4640 1581 4691 ;
1622 4640 1822 4695 pecca-

194 4722 308 4773 tum
331 4724 527 4775 autem
553 4734 668 4772 non
700 4716 851 4781 fecit,
875 4719 931 4770 et
952 4714 1060 4769 hoc
1084 4718 1171 4768 est
1198 4711 1390 4768 solum
1428 4713 1582 4784 quod
1617 4713 1829 4767 dicitur

196 4807 423 4875 malum,
445 4805 841 4863 voluntarium
866 4807 1129 4859 nostrum
1150 4806 1473 4874 peccatum.
1490 4801 1826 4857 Estetaliud

196 4911 370 4969 genus
402 4896 563 4961 mali,
597 4894 749 4967 quod
783 4897 869 4948 est
902 4908 1072 4965 pmna
1102 4891 1341 4964 peccati.
1376 4894 1514 4945 Cum
1544 4906 1679 4962 ergo
1714 4891 1828 4947 duo

254 5112 267 5146 ¹
301 5110 384 5159 Sic
410 5111 535 5160 Mss.
567 5108 706 5157 Editi
735 5121 880 5165 vero,
911 5108 1189 5171 facturam.

251 5173 272 5209 ³
296 5173 586 5223 Vaticanus
616 5171 801 5227 codex.
840 5168 1077 5231 conﬁteri
1104 5172 1152 5217 te
1182 5180 1393 5215 mecum.

251 5236 271 5272 ⁸
298 5236 419 5285 Sola
446 5235 614 5284 editio
644 5234 795 5292 Lov.,
827 5231 898 5278 ad
925 5230 1156 5279 eamdem
1186 5230 1618 5286 compositionem.

251 5300 273 5334 ⁸
301 5298 469 5347 Editio
499 5298 608 5352 Er..
634 5294 996 5343 radicandam.
1023 5293 1380 5342 Lovanienses
1401 5296 1754 5342 correxerunt
1773 5306 1832 5342 ex

199 5359 395 5409 duobus
424 5361 568 5415 Msa,
598 5358 933 5406 eradicatam.
969 5358 1073 5405 Nos
1102 5370 1166 5404 ex
1189 5356 1383 5405 nostris
1404 5355 1672 5418 ponimus,
1692 5355 1835 5403 radi-

202 5427 399 5485 catam;
426 5434 693 5485 quaarvoxg
717 5421 979 5485 respicere
1014 5419 1222 5468 videtur
1252 5418 1447 5467 bonam
1479 5419 1745 5478 arborem,
1767 5418 1833 5467 ab

206 5498 262 5533 ea
288 5483 405 5534 quae
427 5483 787 5534 eradicabitur
808 5483 1089 5531 diversam.

260 5547 280 5583 ⁵
303 5543 586 5598 Vaticanus
617 5545 784 5595 codex
808 5560 821 5593 :
853 5545 981 5593 Hinc
1006 5558 1119 5592 vero
1147 5544 1360 5601 constat,
1392 5545 1441 5593 et
1468 5543 1600 5592 ratio
1620 5544 1729 5607 ipsa
1740 5556 1831 5607 pa-

208 5611 288 5666 tet,
316 5613 363 5659 et
389 5607 647 5670 speciebus
674 5608 798 5669 ipsis
818 5609 867 5657 et
886 5607 1188 5657 discretione
1214 5620 1406 5670 rerum.

262 5673 283 5708 ⁶
308 5668 427 5722 Sola
456 5671 621 5722 editio
672 5668 814 5725 Lov..
872 5683 975 5718 una
1029 5668 1341 5731 temporalis,
1372 5668 1477 5718 alia
1506 5683 1621 5718 vero
1647 5671 1838 5718 aeterna

210 5748 353 5801 quam
379 5735 549 5785 Patris
577 5732 939 5797 omnipotentis
966 5745 1074 5781 esee
1101 5732 1371 5781 credimus.

268 5815 340 5880 (α)
369 5814 391 5867 ι
418 5815 668 5877 Retract.,
697 5826 816 5877 cap.
848 5812 928 5875 16,
959 5824 1014 5863 n.
1044 5813 1092 5863 2.

1515 400 1989 462 DISPUTATIO
2033 401 2305 465 PRIMA.

3495 416 3610 478 118

1960 533 2080 590 sint
2108 552 2321 607 genera
2368 539 2677 609 malorum,
2718 548 3021 615 peccatum
3053 548 3109 603 et
3138 563 3309 619 poena
3338 547 3556 619 peccati
3587 565 3601 616 ;

1959 631 2265 696 peccatum
2298 628 2368 682 ad
2400 629 2579 686 Deum
2618 649 2729 687 non
2764 635 3037 705 pertinet,
3087 652 3257 707 poena
3289 636 3501 708 peccati
3534 637 3605 692 ad

1958 714 2246 770 vindicem
2282 719 2551 789 pertinet.
2587 720 2815 778 Etenim
2849 728 2913 778 ut
2956 725 3146 780 bonus
3185 729 3273 781 est
3302 730 3470 791 Deus,
3503 725 3602 796 qui

1959 803 2157 859 omnia
2181 807 2515 876 constituit;
2535 809 2829 881 sicjustus
2848 817 2956 879 est,
2978 818 3041 868 ut
3057 813 3305 870 vindicet
3325 814 3381 869 in
3399 831 3603 886 pecca-

1958 895 2106 948 tum.
2131 893 2270 950 Cum
2294 911 2431 967 ergo
2458 898 2652 954 omnia
2675 901 2891 971 optime
2916 901 3033 957 sint
3055 902 3339 969 ordinata,
3367 920 3492 974 quae
3515 902 3598 957 vi-

1957 981 2170 1037 dentur
2190 983 2359 1040 nobis
2382 1002 2537 1042 nunc
2563 988 2806 1045 adversa
2828 1005 2975 1059 esse,
3002 990 3207 1046 merito
3231 990 3471 1062 contigit
3491 990 3594 1047 ho-

1960 1068 2133 1125 minis
2162 1070 2333 1144 lapsi,
2368 1073 2464 1142 qui
2504 1073 2689 1148 legem
2726 1077 2819 1133 Dei
2867 1093 3095 1134 servare
3140 1076 3344 1134 noluit.
3377 1079 3593 1134 Animis

1956 1157 2112 1213 enim
2137 1159 2406 1217 rationali
2438 1180 2563 1235 quae
2591 1170 2675 1220 est
2707 1165 2767 1221 in
2799 1165 3055 1233 homine,
3088 1166 3243 1221 dedit
3272 1166 3423 1222 Deus
3452 1166 3593 1223 libe-

1955 1263 2086 1302 rum
2112 1248 2443 1305 arbitrium.
2467 1252 2559 1307 Sic
2589 1254 2742 1309 enim
2768 1258 2965 1326 posset
2988 1255 3200 1311 habere
3221 1255 3522 1325 meritum,
3544 1256 3594 1311 si

1954 1335 2270 1409 voluntate,
2293 1356 2407 1395 non
2433 1342 2779 1398 necessitate
2800 1343 2935 1399 boni
2970 1360 3252 1400 essemus.
3286 1344 3428 1400 Cum
3459 1361 3594 1417 ergo

1955 1429 2217 1496 oporteat
2240 1444 2351 1484 non
2376 1430 2743 1502 necessitate,
2767 1433 2866 1488 sed
2891 1432 3186 1489 voluntate
3208 1434 3424 1489 bonum
3442 1450 3592 1502 esse,

1954 1516 2259 1586 Oportebat
2291 1520 2355 1571 ut
2385 1518 2537 1573 Deus
2568 1520 2775 1575 animae
2805 1522 2970 1577 daret
2992 1521 3238 1577 liberum
3263 1522 3591 1579 arbitrium.

1953 1601 2099 1658 Huic
2124 1608 2317 1660 autem
2342 1606 2546 1662 animas
2562 1609 2986 1681 obtemperanti
3000 1609 3226 1682 legibus
3242 1611 3381 1681 suis,
3398 1613 3592 1668 omnia

1954 1691 2204 1761 subjecit
2235 1693 2361 1749 sine
2392 1696 2776 1753 adversitate:
2827 1702 2892 1753 ut
2940 1698 2990 1754 ei
3045 1702 3248 1755 cetera
3278 1716 3404 1773 quae
3435 1698 3588 1756 Deus

1953 1780 2213 1836 condidit
2244 1784 2545 1851 servirent,
2573 1786 2621 1840 si
2653 1789 2709 1841 et
2736 1785 2865 1858 ipsa
2888 1791 2999 1842 Deo
3021 1788 3235 1843 servire
3282 1788 3583 1845 voluisset.

1950 1869 2006 1923 Si
2039 1873 2231 1925 autem
2264 1871 2392 1944 ipsa
2418 1872 2703 1930 noluisset
2728 1874 2842 1930 Deo
2875 1875 3107 1947 servire,
3130 1892 3199 1932 ea
3219 1893 3345 1948 quae
3366 1876 3449 1931 illi
3472 1893 3588 1933 ser-

1950 1959 2202 2030 viebant,
2236 1960 2294 2015 in
2344 1978 2569 2033 poenam
2619 1964 2746 2032 ejus
2797 1968 3285 2021 converterentur.
3319 1967 3507 2031 Quare
3537 1965 3586 2022 si

1950 2054 2104 2105 recte
2134 2050 2331 2106 omnia
2360 2068 2393 2106 a
2422 2051 2537 2108 Deo
2566 2052 2833 2108 ordinata
2880 2058 3037 2124 sunt,
3077 2058 3135 2110 et
3161 2054 3315 2111 bona
3344 2058 3501 2123 sunt,
3533 2059 3591 2110 et

1952 2140 2102 2192 Deus
2134 2155 2249 2193 non
2284 2140 2504 2210 patitur
2532 2139 2773 2196 malum.

2025 2228 2192 2282 Foa'r.
2226 2227 2407 2284 dixit:
2442 2233 2565 2284 Non
2600 2230 2840 2300 patitur,
2891 2231 2993 2287 sed
3037 2231 3314 2303 praevenit
3344 2230 3587 2287 malum.

2024 2316 2109 2370 16.
2142 2317 2288 2371 Anc.
2318 2316 2499 2372 dixit:
2532 2318 2578 2372 A
2606 2334 2719 2388 quo
2750 2320 2907 2374 enim
2939 2335 3151 2391 passus
3178 2324 3346 2376 erat?

2025 2405 2191 2459 Foar.
2222 2405 2404 2460 dixit:
2442 2405 2559 2461 Hoc
2590 2423 2784 2462 meum
2830 2412 2937 2475 est,
2971 2409 3110 2479 quia
3140 2410 3451 2480 praavenire
3481 2428 3580 2465 vo-

1902 2492 1912 2501 ’
1949 2491 2097 2549 luit:
2132 2509 2249 2548 non
2280 2498 2516 2561 temere,
2550 2495 2649 2550 sed
2682 2495 2892 2551 virtute
2922 2502 2979 2551 et
3009 2498 3388 2569 praescientia.
3415 2499 3588 2555 Caste-

1948 2598 2078 2637 rum
2112 2598 2258 2654 nega
2282 2582 2502 2637 malum
2528 2587 2736 2655 praeter
2756 2584 2938 2639 Deum
2962 2602 3091 2641 esse
3116 2604 3129 2654 ;
3152 2602 3283 2642 cum
3307 2592 3592 2660 precepts

1947 2671 2173 2726 ostendi
2205 2676 2429 2741 queunt
2457 2670 2603 2727 alia1
2637 2688 2763 2743 quae
2798 2677 3002 2743 praeter
3021 2673 3379 2731 voluntatem
3403 2676 3588 2748 ipsius

1947 2760 2113 2815 fiunt.
2140 2760 2495 2832 Praeceptum
2524 2778 2635 2816 non
2660 2760 2979 2827 intercedit,
3006 2761 3116 2817 nisi
3147 2764 3245 2817 ubi
3264 2770 3353 2819 est
3373 2768 3429 2820 et
3449 2780 3585 2819 con-

1944 2848 2232 2904 trarietas.
2262 2849 2459 2904 Libera
2483 2848 2730 2905 facultas
2749 2849 2975 2904 vivendi
2999 2867 3112 2906 non
3130 2852 3322 2918 datur,
3348 2852 3460 2907 nisi
3483 2852 3583 2907 ubi

1946 2940 2036 2992 est
2066 2935 2287 3008 lapsus,
2320 2938 2644 2993 secundum
2666 2938 2927 3010 Apostoli
2951 2939 3258 3009 rationem,
3282 2941 3381 3012 qui
3403 2941 3545 2996 dicit
3569 2958 3583 2998 :

1947 3030 2011 3081 Et
2040 3041 2132 3081 vos
2160 3042 2287 3082 cum
2316 3028 2500 3082 essetis
2520 3029 2726 3082 mortui
2758 3026 2969 3083 delictis
2991 3032 3042 3083 et
3060 3032 3297 3100 peccatis
3317 3032 3507 3086 vestris
3528 3033 3590 3086 in

1942 3116 2142 3186 quibus
2154 3115 2452 3186 aliquando
2464 3115 2788 3171 ambulastis
2799 3117 3096 3172 secundum
3107 3119 3481 3188 magisterium
3493 3120 3592 3174 hu-

1934 3205 2029 3277 jus
2040 3206 2265 3273 mundi,
2281 3205 2578 3260 secundum
2601 3207 2903 3277 principem
2922 3208 3211 3276 potestatis
3232 3209 3382 3262 aeris
3404 3207 3586 3278 hujus,

1940 3295 2170 3364 spiritus
2192 3294 2289 3364 qui
2298 3310 2444 3348 nunc
2456 3304 2719 3366 operatur
2732 3296 2788 3349 in
2811 3293 2945 3363 ﬁliis
2956 3293 3303 3365 difﬁdentia,
3318 3297 3375 3350 in
3390 3298 3587 3367 quibus

1940 3384 1990 3438 et
2010 3398 2108 3437 nos
2137 3386 2187 3438 et
2218 3398 2401 3438 omnes
2432 3383 2730 3454 aliquando
2746 3384 3054 3438 conversati
3070 3400 3259 3438 sumus
3282 3386 3343 3439 in
3367 3385 3581 3440 deside-

1938 3472 2043 3526 riis
2061 3474 2247 3526 carnis
2260 3476 2486 3537 nostra},
2499 3473 2760 3542 facientes
2774 3471 3075 3526 voluntates
3089 3472 3441 3527 consiliorum
3455 3489 3580 3528 car-

1937 3561 2043 3631 nis,
2070 3562 2119 3615 et
2175 3577 2401 3616 eramus
2454 3561 2786 3615 naturaliter
2832 3562 2941 3631 ﬁlii
2968 3562 3087 3626 iras,
3119 3562 3262 3615 sicut
3290 3566 3339 3615 et
3368 3565 3575 3618 caeteri.

1935 3651 2076 3704 Deus
2096 3653 2281 3704 autem
2302 3651 2399 3720 qui
2417 3649 2564 3705 dives
2584 3652 2661 3704 est
2685 3650 2743 3704 in
2767 3650 2924 3703 omni
2950 3649 3344 3717 misericordia,
3376 3652 3501 3705 misi
3519 3668 3575 3705 r-

1935 3747 2022 3793 tus
2042 3743 2120 3795 est
2140 3739 2316 3794 nobis.
2357 3739 2418 3793 Et
2437 3754 2561 3793 cum
2581 3740 2790 3793 mortui
2808 3754 3044 3794 essemus
3061 3741 3311 3809 peccatis,
3334 3741 3574 3795 convivi-

1933 3828 2116 3898 ﬁcavit
2134 3844 2234 3883 nos
2266 3829 2320 3882 in
2354 3827 2590 3892 Christo,
2612 3829 2767 3898 cujus
2788 3828 2977 3895 gratia
2994 3828 3126 3882 estis
3146 3827 3287 3883 salvi
3305 3830 3441 3896 facti
3459 3845 3479 3890 ;
3500 3830 3573 3883 si-

1932 3917 2050 3972 mul
2070 3921 2120 3973 et
2138 3917 2441 3986 suscitavit,
2465 3925 2515 3971 et
2535 3932 2658 3970 cum
2678 3931 2737 3969 eo
2762 3914 3047 3971 collocavit
3066 3916 3122 3970 in
3139 3916 3433 3971 caelestibus
3447 3932 3572 3971 cum

1937 4006 2158 4062 Christo
2176 4008 2326 4071 Iesu,
2349 4011 2410 4059 ut
2434 4005 2731 4061 ostenderet
2751 4005 2809 4058 in
2830 4006 3048 4060 saeculis
3068 4007 3572 4075 supervenientibus

1933 4095 2275 4150 abundantes
2295 4094 2517 4149 divitias
2529 4095 2726 4163 gratim
2747 4107 2866 4149 sum
2886 4094 2946 4148 in
2967 4094 3204 4149 bonitate
3216 4110 3379 4165 super
3396 4110 3493 4149 nos
3512 4096 3571 4148 in

1936 4185 2145 4241 Christo
2164 4186 2306 4240 Iesu.
2334 4182 2527 4238 Gratia
2548 4184 2695 4237 enim
2714 4183 2843 4237 estis
2864 4182 3067 4237 saluati
3082 4198 3180 4253 per
3197 4182 3455 4252 ﬁdem:et
3478 4184 3574 4239 hoc

1932 4290 2043 4330 non
2071 4290 2141 4329 ex
2170 4273 2335 4343 vobis,
2368 4273 2465 4327 Dei
2493 4273 2641 4327 enim
2670 4272 2873 4326 donum
2903 4278 3023 4333 cst;
3065 4286 3175 4325 non
3205 4273 3570 4343 exaperibus,

1933 4368 1995 4419 ut
2014 4380 2082 4419 ne
2110 4365 2228 4434 quis
2247 4363 2536 4433 glorietur.
2562 4362 2735 4431 Ipsius
2756 4361 2905 4415 enim
2926 4376 3115 4416 sumus
3134 4360 3375 4433 factura,
3402 4362 3573 4417 creati

1934 4455 1994 4509 in
2019 4452 2233 4507 Christo
2252 4453 2379 4507 Iesu
2400 4452 2459 4505 in
2473 4451 2723 4521 operibus
2740 4450 2914 4515 bonis,
2937 4463 3061 4520 qua?
3072 4454 3419 4521 praeparavit
3439 4452 3574 4506 Deus

1934 4551 1997 4599 ut
2030 4543 2091 4598 in
2124 4542 2234 4597 illis
2264 4540 2625 4595 ambulemus.
2657 4540 2885 4610 Propter
2923 4537 3061 4609 quod
3091 4554 3356 4594 memores
3384 4542 3570 4607 estote,

1934 4630 2074 4704 quod
2094 4629 2403 4701 aliquando
2425 4644 2513 4684 vos
2534 4629 2702 4683 eratis
2723 4631 2904 4697 gentes
2928 4628 2987 4681 in
3013 4642 3196 4695 carne,
3228 4629 3325 4699 qui
3351 4629 3574 4684 diceba-

1935 4721 2077 4775 mini
2094 4719 2449 4790 praeputium,
2462 4716 2528 4771 ab
2540 4732 2603 4771 ea
2615 4730 2739 4788 quae
2751 4715 2958 4770 dicitur
2976 4716 3323 4771 circumcisio
3335 4717 3396 4771 in
3408 4731 3575 4772 carne

1936 4815 2274 4880 manulacta,
2299 4808 2427 4877 quia
2448 4806 2619 4861 eratis
2642 4805 2738 4859 illo
2758 4806 2996 4875 tempore
3016 4805 3139 4858 sine
3171 4803 3399 4870 Christo,
3429 4804 3575 4859 alie-

1937 4900 2066 4953 nati
2084 4914 2116 4952 a
2140 4895 2543 4952 conversatione
2564 4893 2749 4960 Israel,
2774 4897 2825 4948 et
2846 4892 3083 4964 hospites
3107 4897 3576 4957 testamentorum,

1938 4987 2317 5059 promissionis
2364 5000 2512 5056 spem
2557 5000 2667 5038 non
2714 4982 2990 5046 habentes,
3035 4990 3086 5037 et
3112 4983 3232 5037 sine
3259 4982 3365 5036 Deo
3396 4982 3453 5036 in
3483 4981 3581 5037 hoc

1939 5074 2166 5131 mundo.
2189 5075 2344 5129 Nunc
2364 5081 2550 5128 autem
2570 5074 2627 5126 in
2654 5071 2869 5127 Christo
2888 5072 3035 5135 Jesu,
3055 5086 3149 5125 vos
3166 5072 3262 5141 qui
3274 5071 3580 5142 aliquando

1940 5166 2111 5222 eratis
2131 5164 2309 5234 longe,
2332 5163 2471 5233 facti
2488 5161 2615 5217 estis
2638 5176 2811 5231 prape
2834 5162 2889 5215 in
2914 5160 3190 5232 sanguine
3220 5157 3440 5215 Christi.
3465 5161 3583 5231 Ipse

1942 5258 2021 5311 est
2036 5255 2183 5309 enim
2199 5268 2315 5324 pax
2329 5253 2535 5319 nostra,
2555 5252 2649 5320 qui
2664 5250 2796 5322 fecit
2812 5254 3045 5320 utraque
3062 5264 3252 5315 unum,
3272 5255 3321 5303 et
3335 5247 3583 5305 medium

1942 5344 2203 5416 parietem
2223 5341 2475 5397 maceria
2499 5337 2739 5405 solvens,
2770 5337 3091 5392 inimicitias
3102 5338 3161 5391 in
3172 5351 3342 5394 carne
3353 5354 3485 5401 sua;
3505 5340 3579 5394 le-

1943 5448 2063 5505 gem
2082 5430 2474 5487 mandatorum
2494 5429 2720 5484 decretis
2740 5442 3027 5497 evacuans,
3058 5435 3119 5481 ut
3149 5425 3282 5482 duos
3310 5426 3505 5482 condat
3523 5429 3582 5483 in

1945 5522 2316 5592 semetipsum,
2339 5520 2399 5574 in
2426 5534 2601 5572 unum
2622 5532 2821 5572 novum
2842 5515 3137 5583 hominem,
3159 5516 3364 5586 faciens
3375 5532 3584 5588 pacem,

1947 5619 2007 5667 ut
2025 5608 2335 5666 reconciliet
2365 5607 2555 5661 ambos
2586 5608 2643 5661 in
2677 5621 2783 5661 uno
2810 5620 3044 5677 corpore
3068 5605 3191 5676 Deo,
3219 5620 3320 5678 per
3345 5620 3583 5675 crucem,

2017 5812 2034 5846 ί
2062 5806 2235 5859 Editlo
2262 5805 2346 5857 Er.
2378 5804 2501 5856 Mss.
2531 5799 2757 5853 ostendit
2783 5814 2895 5867 qua
2926 5802 3045 5852 sunt
3071 5799 3194 5851 alia.
