4012 6466
459 434 574 498 U9

460 569 516 624 in
525 569 794 641 ter-ﬁciens
814 571 1139 627 inimicitias
1162 572 1220 625 in
1233 589 1346 627 sem
1359 573 1547 645 etipsn.
1569 576 1629 628 Et
1642 590 1734 627 ven
1744 574 1859 627 iens
1874 588 2011 627 evan
2018 586 2108 637 ge-

464 660 653 715 lisavit
668 676 859 732 pacem
879 661 1029 716 vobis
1052 663 1146 733 qui
1182 663 1360 734 longe,
1394 667 1444 718 et
1473 679 1660 733 pacem
1698 664 1765 717 iis
1795 663 1892 733 qui
1919 677 2107 730 prope.

465 751 740 819 Quoniam
766 766 863 820 per
892 752 1075 817 ipsum
1116 751 1377 807 habemus
1420 753 1642 823 utrique
1681 752 1738 806 in
1770 766 1879 806 uno
1910 752 2111 821 spiritu

465 855 731 895 accessum
767 839 838 894 ad
866 844 1092 895 Patrem
1125 841 1337 912 (Ephes.
1377 859 1441 908 ιι,
1475 840 1650 911 1-18).

538 933 685 984 AUo.
718 927 896 983 dixit:
951 928 1073 984 Ista
1121 929 1383 1002 Apostoli
1444 928 1636 996 lectio,
1670 945 1838 999 quam
1871 927 2113 983 recitare

466 1016 723 1085 voluisti,
758 1017 808 1073 si
839 1034 955 1073 non
978 1018 1167 1082 fallor,
1191 1035 1295 1090 pro
1319 1035 1448 1073 mea
1470 1016 1816 1090 plurimum,
1839 1021 1895 1071 et
1915 1020 2115 1070 contra

468 1110 630 1161 tuam
664 1105 835 1160 fidem
872 1106 1026 1161 facit.
1062 1106 1275 1177 Primo,
1311 1107 1447 1178 quia
1470 1107 1667 1178 ipsum
1691 1105 1940 1160 liberum
1965 1105 2114 1160 arbi—

467 1194 671 1262 trium,
704 1210 816 1265 quo
847 1209 953 1266 ego
984 1194 1100 1248 dixi
1134 1194 1258 1249 ﬁeri
1290 1200 1356 1249 ut
1386 1195 1583 1250 anima
1610 1198 1823 1265 peccet,
1859 1193 1998 1248 satis
2021 1193 2117 1248 hic

468 1298 806 1354 expressum
821 1286 931 1350 est,
948 1300 1078 1337 cum
1096 1288 1329 1355 peccata
1342 1283 1682 1349 nominavit,
1699 1287 1897 1338 etcum
1920 1300 2118 1337 recon—

468 1370 825 1427 ciliationem
860 1376 1120 1428 nostram
1153 1372 1299 1427 dixit
1332 1373 1457 1427 fieri
1491 1388 1622 1426 cum
1660 1377 1771 1427 Deo
1793 1389 1895 1443 per
1913 1373 2116 1428 Jesum

466 1460 789 1516 Christum.
823 1461 1119 1516 Peccando
1152 1462 1309 1515 enim
1334 1460 1522 1516 aversi
1544 1478 1783 1516 eramus
1806 1479 1839 1515 a
1861 1462 1977 1517 Deo
2002 1478 2015 1527 ;
2038 1467 2118 1516 te-

466 1551 658 1604 nendo
682 1554 875 1604 autem
900 1553 1186 1621 praecepta
1217 1549 1453 1615 Christi,
1486 1550 1931 1606 reconciliamur
1964 1556 2075 1606 Deo
2102 1568 2114 1605 :

467 1642 532 1693 ut
563 1639 663 1709 qui
695 1638 946 1709 peccatis
979 1639 1192 1693 mortui
1225 1656 1483 1707 eramus,
1515 1643 1811 1695 servantes
1836 1644 2120 1712 praecepta

467 1726 594 1797 ejus
617 1727 999 1797 viviﬁcemur,
1024 1732 1082 1782 et
1103 1744 1304 1800 pacem
1325 1728 1648 1784 habeamus
1666 1745 1798 1784 cum
1818 1729 1987 1784 illoin
2002 1746 2118 1784 uno

469 1815 746 1887 spiritu,a
763 1831 878 1886 quo
892 1815 1128 1871 alienati
1146 1833 1523 1887 eramus,non
1540 1822 1832 1873 servantes
1846 1819 2121 1873 mandata

468 1904 633 1975 ejus;
654 1903 825 1959 sicuti
848 1905 920 1959 de
943 1904 1178 1961 homine
1200 1906 1298 1978 qui
1321 1906 1544 1978 primus
1566 1911 1653 1962 est
1670 1908 2046 1972 constitutus,
2061 1906 2120 1961 in

474 1994 587 2048 ﬁde
613 2000 816 2048 nostra
839 1994 1209 2065 praedicatur.
1236 1999 1382 2067 Ergo
1400 2013 1556 2051 nunc
1579 2013 1773 2068 quaero
1797 1997 1899 2051 abs
1932 2000 2007 2064 te,
2034 2013 2121 2051 se-

473 2082 732 2138 cundum
757 2099 882 2138 eam
912 2082 1217 2139 lectionem
1245 2101 1372 2155 quae
1397 2086 1542 2141 lecta
1570 2089 1678 2156 est,
1703 2086 1992 2155 quomodo
2016 2086 2121 2140 ha-

472 2172 719 2227 beamus
738 2176 993 2242 peccata,
1021 2172 1069 2227 si
1092 2178 1305 2228 natura
1326 2174 1616 2229 contraria
1640 2192 1745 2229 nos
1769 2174 2124 2245 cogitfacere

475 2260 629 2332 quod
654 2260 907 2317 facimus
924 2260 951 2314 ?
974 2262 1080 2326 Qui
1100 2264 1256 2317 enim
1282 2264 1510 2335 cogitur
1531 2263 1877 2319 necessitate
1901 2262 2124 2334 aliquid

471 2350 678 2415 facere,
703 2365 817 2403 non
845 2355 1062 2421 peccat.
1082 2350 1186 2415 Qui
1214 2357 1407 2407 autem
1434 2356 1661 2422 peccat,
1684 2351 1867 2407 libero
1885 2351 2123 2407 arbitrio

472 2442 694 2510 peccat.
719 2438 905 2502 Quare
928 2440 1004 2494 sit
1030 2439 1197 2495 nobis
1220 2441 1562 2512 pmnitentia
1591 2441 1902 2513 imperata,
1934 2440 1984 2496 si
2017 2458 2124 2496 nos

476 2526 623 2581 nihil
641 2526 1157 2595 malifecimus,sed
1174 2545 1319 2601 gens
1332 2529 2121 2597 tenebrarum?Quaeroitem,

467 2614 841 2687 indulgentia
859 2621 1228 2687 peccatorum
1250 2618 1343 2672 cui
1361 2618 1561 2687 detur;
1579 2619 1768 2686 nobis,
1783 2636 1855 2674 an
1873 2619 2027 2691 genti
2041 2623 2125 2672 te-

468 2704 934 2761 nebrarum.Sed
949 2704 996 2761 si
1012 2707 1170 2778 genti
1186 2707 1560 2763 tenebrarum
1578 2707 2127 2780 daturindulgentia

473 2799 865 2865 peccatorum,
891 2796 1158 2867 regnabit
1179 2800 1235 2851 et
1254 2795 1383 2869 ipsa
1405 2814 1533 2851 cum
1558 2797 1693 2865 Deo,
1720 2797 2008 2869 accipiens
2030 2796 2126 2850 in-

476 2881 840 2955 dulgentiam
864 2889 1254 2956 peccatorum.
1276 2886 1335 2941 Si
1351 2890 1543 2941 autem
1568 2887 1736 2942 nobis
1753 2884 2128 2941 daturindul-

478 2972 676 3043 gentia
706 2978 1101 3045 peccatorum,
1136 2974 1511 3029 manifestum
1546 2978 1633 3029 est
1662 2975 1801 3046 quia
1829 2974 2127 3029 voluntate

478 3060 1029 3132 peccavimus.Satis
1043 3061 1198 3117 enim
1213 3061 1459 3117 stultum
1475 3062 1795 3135 estignosci
1809 3063 1858 3118 ei
1873 3062 2123 3134 quinihil

480 3148 622 3203 mali
644 3149 795 3204 fecit.
813 3149 969 3205 Nihil
988 3154 1179 3205 autem
1197 3149 1334 3205 mali
1349 3150 1503 3216 fecit,
1521 3150 1617 3223 qui
1633 3151 1778 3206 nihil
1798 3150 2123 3207 suavolun-

478 3240 600 3293 tate
614 3237 765 3293 fecit.
788 3239 967 3295 Hodie
981 3256 1117 3312 ergo
1136 3240 1332 3295 anima
1345 3240 1654 3312 pollicente
1668 3241 1779 3296 sibi
1799 3246 1906 3296 Deo
1924 3240 2124 3296 indul-

480 3327 736 3401 gentiam
758 3332 1128 3400 peccatorum
1154 3333 1210 3385 ct
1248 3329 1799 3400 reconciliationem,
1820 3330 1867 3385 si
1888 3347 2125 3403 peccare

477 3414 784 3485 destiterit,
808 3420 865 3472 et
886 3417 955 3472 de
978 3418 1230 3489 peccatis
1252 3419 1654 3490 paenitentiam
1679 3420 1940 3492 gesserit,
1962 3420 2009 3474 si
2034 3436 2120 3474 re-

471 3505 758 3576 spondeat
788 3508 1116 3562 secundum
1147 3512 1404 3563 vestram
1438 3508 1635 3576 fidem,
1670 3513 1727 3564 et
1756 3508 1945 3563 dicat:
1973 3508 2121 3574 Quid

467 3592 625 3649 enim
641 3596 866 3665 peccavi
885 3595 913 3650 ?
935 3595 1071 3667 quid
1098 3596 1467 3652 commerui?
1483 3597 1628 3662 Quid
1653 3614 1741 3653 me
1758 3596 2032 3669 expulisti
2050 3598 2121 3654 de

466 3682 882 3750 regnistuis,ut
895 3688 1097 3739 contra
1112 3684 1311 3739 nescio
1327 3702 1502 3757 quam
1518 3690 1746 3757 gentem
1766 3686 2121 3757 pugnarem?

464 3767 749 3840 Depressa
763 3788 893 3826 sum
910 3775 951 3838 ί,
969 3773 1258 3844 permixta
1272 3790 1425 3841 sum,
1441 3777 1713 3845 corrupta
1727 3790 1880 3838 sum,
1897 3774 2121 3829 defecta

461 3859 650 3927 sum’,
677 3877 789 3916 non
813 3868 906 3916 est
928 3862 1069 3916 mihi
1095 3866 1389 3917 servatum
1413 3861 1659 3917 liberum
1681 3863 2011 3917 arbitrium.
2031 3863 2116 3917 Tu

461 3948 615 4003 nosti
637 3950 1042 4007 necessitatem
1062 3968 1181 4023 qua
1200 3967 1406 4022 pressa
1423 3967 1554 4006 sum
1574 3967 1697 4007 :cur
1714 3952 1858 4007 mihi
1877 3951 2117 4007 vulnera

460 4035 719 4108 imputas
743 4055 870 4110 quae
892 4040 1174 4111 suscepi?
1195 4042 1383 4106 Quare
1408 4056 1501 4095 me
1532 4040 1692 4113 cogis
1724 4042 1791 4095 ad
1828 4042 2110 4113 pmniten-

460 4124 628 4195 tiam,
647 4143 785 4182 cum
808 4133 865 4184 tu
894 4129 975 4184 sis
1006 4145 1184 4184 causa
1213 4129 1525 4185 vulnerum
1556 4146 1822 4185 meorum
1848 4155 1862 4197 ;
1895 4147 2025 4186 cum
2048 4134 2111 4186 tu

461 4215 633 4286 scias,
660 4233 788 4287 quae
812 4235 986 4289 passa
1008 4235 1163 4285 sum,
1188 4222 1420 4286 gentem
1445 4218 1819 4274 tenebrarum
1837 4219 1895 4274 in
1916 4236 2009 4275 me
2027 4221 2113 4275 fe-

458 4301 609 4357 cisse
642 4308 696 4358 te
727 4308 983 4371 auctore,
1029 4305 1127 4376 qui
1157 4304 1362 4360 violari
1398 4321 1511 4359 non
1540 4310 1796 4377 poteras,
1828 4309 1884 4361 et
1913 4310 2110 4363 tamen

450 4390 659 4447 volens
675 4409 873 4448 cavere
894 4394 1091 4463 regnis
1111 4393 1253 4463 tuis,
1274 4394 1491 4465 quibus
1508 4393 1656 4449 nihil
1688 4394 1879 4450 noceri
1904 4396 2107 4467 possit,

452 4496 546 4534 me
558 4480 617 4535 in
634 4479 898 4537 miserias
917 4482 1391 4553 praecipitastWSi
1407 4489 1557 4537 certe
1571 4499 1676 4555 ego
1692 4501 1825 4556 pars
1841 4489 1941 4539 tua
1953 4501 2107 4554 sum,

456 4583 585 4639 quae
605 4568 675 4623 de
692 4569 1010 4624 visceribus
1032 4571 1148 4624 tuis
1168 4570 1446 4641 processi,
1466 4569 1516 4625 si
1534 4571 1605 4626 de
1634 4558 1811 4643 regno
1833 4578 1934 4627 tuo
1967 4577 2023 4629 et
2040 4575 2111 4629 de

460 4671 558 4710 ore
573 4660 672 4712 tuo
690 4674 703 4725 ;
721 4656 776 4712 in
798 4656 903 4712 hac
921 4663 1094 4730 gente
1112 4658 1484 4714 tenebrarum
1503 4659 1723 4731 aliquid
1742 4662 1861 4732 pati
1882 4679 1994 4717 non
2009 4664 2108 4717 de-

456 4744 577 4814 bui,
605 4750 671 4800 ut
693 4761 783 4801 me
803 4746 1164 4819 incorrupta,
1184 4747 1285 4803 illa
1302 4747 1709 4820 subjiceretur,
1729 4750 1776 4806 si
1800 4768 1932 4822 pars
1946 4768 2103 4807 eram

460 4833 710 4888 Domini.
736 4834 903 4890 Nunc
926 4840 1122 4892 autem
1148 4853 1282 4892 cum
1307 4837 1407 4891 illa
1426 4839 1735 4910 temperari
1761 4856 1876 4894 non
1910 4846 2109 4911 posset

458 4922 569 4978 nisi
596 4939 726 4979 mea
746 4924 1138 4997 corruptione,
1172 4928 1463 4997 quomodo
1493 4933 1592 4982 aut
1621 4945 1757 5000 pars
1789 4932 1891 4984 tua
1920 4929 2099 5001 dicor,

458 5015 559 5066 aut
575 5015 635 5066 tu
656 5010 1012 5068 inviolabilis
1030 5030 1252 5083 manes,
1274 5019 1374 5070 aut
1390 5033 1505 5071 non
1523 5032 1585 5072 es
1602 5017 1878 5087 crudelis,
1899 5019 1995 5089 qui
2013 5035 2105 5074 me

456 5100 575 5170 pati
591 5098 823 5156 voluisti
840 5117 942 5173 pro
959 5101 1052 5157 his
1066 5102 1502 5176 regnis,quibus
1518 5105 1662 5160 nihil
1676 5106 2106 5178 noceripoterat

454 5188 526 5243 ab
557 5188 658 5244 illa
688 5194 861 5261 gente
890 5192 1263 5247 tenebrarum
1283 5192 1310 5247 ‘2
1336 5195 1415 5248 Ad
1438 5194 1545 5249 hoc
1568 5196 1881 5266 rosponde,
1908 5195 1955 5250 si
1981 5195 2102 5267 pla-

454 5281 544 5332 cet
563 5294 575 5333 :
597 5282 652 5332 et
673 5278 918 5351 dignare
933 5280 1111 5336 etiam
1134 5281 1277 5338 illud
1306 5280 1452 5338 mihi
1475 5300 1787 5356 exponere,
1809 5285 2101 5355 quomodo

451 5364 671 5422 dictum
705 5373 793 5424 est
813 5385 846 5424 a
868 5368 1041 5426 Paulo
1063 5372 1345 5443 apostolo,
1374 5378 1612 5430 Eramus
1633 5381 1832 5429 natura
1844 5372 1977 5429 liter
1996 5375 2105 5446 ﬁlii

516 5608 533 5641 1
567 5607 854 5678 Vaticanus
907 5610 1032 5661 Mss.
1086 5625 1325 5677 Oppressa
1352 5627 1465 5663 sum
1492 5628 1505 5675 ;
1539 5614 1775 5678 itemque
1802 5615 1854 5663 in
1866 5614 1942 5664 ira
1968 5613 2099 5675 loco,

448 5682 641 5737 pressa,
672 5670 851 5737 habet,
881 5670 1138 5737 oppressa:

515 5732 743 5799 {Plures
773 5732 1237 5799 Mss.,"dc/atigata
1291 5751 1425 5786 sum.
1484 5738 1637 5787 Forte
1676 5737 1983 5799 legendum,
2018 5740 2103 5789 de-

453 5797 595 5865 cepta
623 5809 752 5865 sum.
784 5797 1070 5865 defatigata
1098 5797 1208 5848 sum
1228 5814 1249 5861 ;
1269 5814 1388 5862 quae
1418 5799 1524 5865 duo
1544 5801 1706 5850 verba
1725 5802 1953 5851 Terentii
1972 5797 2101 5853 sunt

455 5858 511 5905 in
544 5858 708 5909 Andr.
745 5858 850 5912 act.
876 5864 923 5922 4,
946 5858 1098 5912 seen.
1130 5865 1174 5921 1,
1208 5858 1348 5911 vers.
1384 5864 1461 5912 t5.

1128 437 1443 500 CONTRA
1487 438 2032 502 FORTUNATUM
2082 435 2607 512 MANICHJEUM,
2654 436 2719 497 S.
2765 431 3197 497 AUGUSTINI

3750 426 3873 489 120

2218 571 2346 639 irae,
2380 586 2526 640 quos
2556 567 2957 624 reconciliatos
2990 566 3129 622 dicit
3159 566 3294 621 Deo.
3326 566 3384 622 Si
3408 580 3544 638 ergo
3572 563 3865 619 naturali-

2217 664 2302 714 ter
2336 658 2438 713 lilii
2473 659 2569 712 irae
2602 661 2828 723 oranti,
2861 657 3154 729 quomodo
3185 655 3332 710 diois
3364 652 3707 710 naturaliter
3735 653 3869 709 ani-

2217 764 2372 804 mam
2408 747 2588 802 ﬁliam
2623 762 2752 802 esse
2784 752 2842 802 et
2870 745 3193 815 portionem
3227 742 3377 800 Dei?

2288 838 2458 892 Fon'r.
2495 836 2679 891 dixit:
2705 836 2762 891 Si
2788 836 3110 889 secundum
3141 833 3399 889 animam
3425 831 3671 888 dixisset
3687 833 3869 903 Apos-

2214 925 2370 981 tolus
2398 926 2552 997 quod
2585 924 2772 980 simus
2797 923 3140 978 naturaliter
3165 922 3264 976 filii
3289 922 3409 988 iras,
3436 919 3687 976 alienata
3709 925 3870 976 esset

2218 1015 2415 1072 anima
2444 1031 2542 1070 ore
2575 1012 2833 1085 Apostoli
2866 1030 2899 1067 a
2930 1013 3065 1068 Deo.
3113 1012 3180 1066 Et
3206 1011 3315 1066 hac
3343 1011 3513 1066 modo
3544 1014 3605 1065 tu
3641 1011 3868 1065 ratione

2218 1103 2479 1159 ostendis
2510 1104 2661 1175 quod
2689 1103 2884 1158 anima
2908 1118 3022 1157 non
3046 1100 3123 1156 sit
3145 1100 3243 1156 Dei
3272 1118 3284 1167 ;
3342 1100 3481 1172 quia
3504 1100 3872 1165 naturaliter,

2218 1193 2430 1264 inquit,
2454 1192 2792 1264 Apostolus,
2816 1208 3006 1249 sumus
3027 1191 3138 1261 ﬁlii
3158 1192 3277 1245 irae.
3304 1190 3361 1246 Si
3383 1206 3518 1245 vero
3544 1190 3872 1245 secundum

2219 1282 2375 1351 quod
2435 1280 2558 1352 lege
2617 1281 2927 1335 tenebatur
2974 1278 3133 1334 idem
3183 1277 3503 1349 apostolus,
3546 1293 3615 1333 ex
3644 1277 3873 1333 semine

2220 1369 2558 1436 Abrabaa,ut
2576 1369 2700 1440 ipse
2731 1368 3474 1434 contestatur,descendens
3496 1367 3671 1439 (Rom.
3695 1368 3866 1436 x1,i);

2223 1463 2450 1514 constat
2466 1475 2599 1514 eum
2621 1457 3000 1530 corporaliter
3018 1457 3366 1527 dixisse,nos
3386 1456 3567 1513 fuisse
3584 1456 3872 1525 ﬁliosiraa,

2223 1547 2374 1603 sicut
2402 1552 2458 1603 et
2488 1552 2744 1605 caeteros.
2780 1548 3002 1603 Anima:
3032 1564 3166 1602 vero
3196 1546 3587 1602 substantiam
3613 1547 3874 1603 ostendit

2222 1637 2376 1709 quod
2410 1637 2485 1691 sit
2514 1653 2580 1691 ex
2612 1637 2746 1704 Deo,
2779 1641 2837 1692 et
2865 1636 3123 1692 animam
3147 1635 3315 1691 aliter
3337 1653 3447 1691 non
3474 1652 3644 1708 posse
3665 1651 3868 1692 recon-

2222 1725 2405 1781 ciliari
2439 1730 2573 1791 Deo,
2606 1726 2718 1780 nisi
2751 1743 2854 1799 per
2883 1727 3228 1798 magistrum
3256 1726 3352 1796 qui
3376 1730 3465 1781 est
3485 1724 3753 1781 Christus
3771 1725 3876 1781 Je-

2224 1832 2344 1871 sus.
2406 1816 2713 1870 Interiectu
2774 1814 2930 1871 enim
2980 1814 3307 1881 inimicitia,
3339 1814 3646 1869 videbatur
3674 1815 3881 1870 anima

2225 1905 2466 1975 indigna
2497 1904 2788 1959 exstitisse
2810 1905 2946 1959 Deo.
2972 1904 3080 1958 Sed
3105 1904 3243 1974 quia
3267 1903 3450 1958 missa
3472 1911 3579 1970 est,
3601 1903 3710 1959 hoc
3731 1920 3877 1958 con-

2227 1994 2479 2059 ﬁtemur,
2514 2010 2549 2048 a
2578 1998 2690 2048 Deo
2717 1999 2907 2048 tamen
2934 1993 3353 2063 omnipotente,
3377 1998 3433 2047 et
3453 1992 3734 2065 originem
3764 1997 3882 2049 tra-

2227 2083 2394 2146 hens,
2413 2087 2469 2137 et
2496 2082 2677 2137 missa
2699 2083 2769 2137 ad
2797 2082 2984 2153 ipsius
3004 2080 3359 2137 voluntatem
3381 2082 3873 2153 consignandam.

2228 2170 2734 2236 Quemadmodum
2768 2176 2827 2226 et
2856 2171 3213 2225 Salvatorem
3248 2170 3546 2225 Christum
3574 2171 3875 2228 credimus

2229 2260 2299 2315 de
2329 2260 2471 2316 coelo
2500 2260 2751 2329 venisse,
2781 2259 3141 2315 voluntatem
3175 2260 3364 2315 Patris
3396 2259 3706 2332 complere.
3739 2261 3881 2326 Qum

2228 2348 2497 2405 voluntas
2530 2349 2720 2405 Patris
2747 2348 2869 2404 haec
2901 2354 3042 2414 erat,
3076 2349 3304 2404 animas
3327 2354 3560 2405 nostras
3582 2349 3652 2404 de
3674 2350 3881 2406 eadem

2228 2438 2538 2494 inimicitia
2555 2437 2820 2505 liberare,
2842 2437 3144 2492 interfecta
3165 2438 3367 2492 eadem
3390 2436 3719 2493 inimicitia.
3741 2438 3883 2503 Quae

2230 2527 2278 2584 si
2310 2528 2554 2583 adversa
2579 2527 2692 2583 Deo
2726 2544 2839 2582 non
2872 2526 3096 2597 fuisset,
3121 2543 3227 2582 nec
3247 2526 3555 2582 inimicitia
3577 2533 3885 2585 vocaretur

2229 2617 2329 2672 ubi
2358 2621 2481 2672 erat
2511 2617 2725 2685 unitas,
2760 2633 2864 2671 nec
2897 2617 3217 2672 interfectio
3259 2616 3552 2672 diceretur
3580 2620 3683 2673 aut
3713 2618 3883 2674 fieret

2231 2706 2329 2762 ubi
2362 2707 2477 2761 vita
2501 2711 2643 2761 erat.

2302 2796 2390 2851 48.
2424 2800 2569 2851 Anc.
2605 2794 2783 2851 dixit:
2823 2795 3115 2851 Memento
3140 2796 3294 2868 quod
3318 2795 3631 2868 Apostolus
3653 2796 3889 2866 dixerit,

2231 2883 2669 2940 conversatione
2701 2900 2802 2938 nos
2832 2884 3116 2940 alienatos
3148 2902 3181 2940 a
3211 2885 3328 2941 Deo
3359 2901 3507 2941 esse.

2305 2974 2470 3028 Fon'r.
2507 2972 2688 3027 dixit:
2719 2973 2908 3028 Trado
2942 2990 3045 3045 ego
3080 2974 3227 3029 duas
3278 2974 3646 3031 substantias
3678 2976 3883 3033 fuisse.

2230 3066 2294 3116 In
2328 3060 2474 3117 lucis
2506 3062 2839 3117 substantia
2870 3062 3072 3117 haberi
3108 3064 3310 3131 Deum,
3345 3068 3410 3117 ut
3440 3064 3712 3136 superius
3742 3064 3890 3121 dixi-

2232 3167 2383 3219 mus,
2416 3150 2917 3222 incorruptibilem
2944 3169 2956 3207 :
3009 3151 3190 3206 fuisse
3220 3168 3350 3207 vero
3381 3153 3735 3209 contrariam
3771 3171 3877 3211 na-

2229 3244 2422 3295 turam
2454 3240 2851 3306 tenebrarum,
2884 3257 3012 3295 eam
3044 3258 3218 3312 quam
3250 3241 3460 3298 virtute
3482 3242 3581 3298 Dei
3604 3243 3755 3299 vinci
3778 3243 3881 3300 ho-

2230 3329 2321 3384 die
2353 3345 2584 3400 quoque
2615 3330 2912 3398 conﬁteor,
2947 3336 3003 3385 et
3050 3331 3120 3385 ad
3154 3347 3351 3386 meum
3386 3348 3718 3403 regressum
3755 3333 3878 3389 sal-

2228 3423 2489 3473 vatorem
2520 3435 2649 3473 esse
2706 3418 3003 3474 Christum
3061 3418 3369 3485 emissum,
3424 3426 3489 3475 ut
3538 3425 3671 3477 ante
3714 3422 3873 3480 idem

2226 3506 2527 3579 apostolus
2558 3507 2656 3563 ait.

2296 3596 2538 3651 49.AUG.
2556 3596 2722 3652 dixit:
2739 3596 3083 3653 Rationibus
3098 3601 3161 3653 ut
3178 3597 3525 3653 discuterem
3535 3615 3603 3654 us
3617 3599 3872 3655 duarum

2225 3688 2565 3741 naturarum
2591 3686 2787 3753 fidem,
2812 3686 3154 3758 impositum
3186 3691 3273 3742 est
3303 3687 3375 3741 ab
3406 3687 3476 3741 iis
3508 3688 3606 3759 qui
3630 3704 3735 3744 nos
3763 3705 3875 3745 au-

2225 3773 2412 3831 diunt.
2432 3775 2540 3829 Sed
2558 3775 2838 3846 quoniam
2854 3776 2924 3830 ad
2945 3775 3274 3847 Scripturas
3298 3775 3509 3832 iterum
3533 3776 3870 3849 confugisti,

2224 3864 2293 3919 ad
2318 3880 2416 3918 eas
2438 3880 2544 3935 ego
2566 3864 2877 3930 descendo,
2902 3880 2967 3920 ac
2989 3865 3135 3920 nihil
3159 3866 3717 3936 praetermittendum
3741 3884 3873 3923 esse

2226 3958 2482 4025 postulo,
2516 3970 2587 4009 ne
2621 3954 2974 4024 quibusdam
3021 3954 3311 4026 capitibus
3344 3959 3595 4021 utentes,
3626 3955 3873 4013 nebulas

2225 4043 2540 4098 efferamus
2582 4043 2666 4097 eis
2715 4042 2931 4113 quibus
2962 4048 3109 4098 notae
3142 4043 3456 4114 Scripturas
3485 4061 3600 4099 non
3632 4048 3793 4099 sunt.
3826 4048 3873 4101 A

2223 4131 2413 4203 capite
2444 4131 2624 4203 igitur
2655 4132 2809 4203 quod
2844 4131 3019 4187 habet
3045 4131 3357 4205 Apostolus
3388 4133 3446 4188 in
3480 4133 3738 4205 Epistola
3763 4152 3875 4191 sua

2226 4221 2294 4277 ad
2330 4220 2624 4276 Romanos
2652 4221 3110 4285 consideremus,
3146 4226 3209 4275 In
3249 4222 3438 4294 prima
3467 4222 3624 4277 enim
3655 4224 3875 4295 pagina

2220 4314 2313 4365 est
2343 4309 2496 4380 quod
2546 4308 2921 4365 vehementer
2967 4316 3169 4366 contra
3215 4328 3316 4366 vos
3348 4315 3455 4367 est.
3490 4311 3639 4366 Dicit
3667 4313 3867 4369 enim:

2216 4399 2425 4453 Paulus
2454 4414 2639 4453 servus
2670 4398 2886 4454 Christi
2912 4401 3058 4464 Jesu,
3092 4402 3313 4455 vocatus
3334 4401 3870 4472 apostolus,separa-

2218 4496 2304 4543 tus
2332 4489 2394 4541 in
2422 4489 2784 4560 Evangelium
2843 4489 2989 4543 Dei’.
3054 4489 3199 4561 quod
3257 4493 3383 4544 ante
3416 4490 3742 4560 promiserat
3769 4507 3873 4562 per

2215 4577 2512 4648 Prophetas
2542 4593 2666 4632 suos
2694 4579 2749 4631 in
2783 4576 3085 4646 Scripturis
3116 4579 3337 4646 sanctis,
3371 4578 3443 4634 de
3471 4579 3611 4633 Filio
3631 4595 3749 4647 suo,
3774 4583 3872 4651 qui

2214 4667 2391 4737 factus
2421 4674 2497 4721 est
2526 4665 2579 4721 ei
2606 4683 2677 4720 ex
2704 4668 2913 4721 semine
2943 4667 3115 4722 David
3157 4666 3454 4722 secundum
3502 4682 3741 4735 carnem,
3771 4673 3871 4740 qui

2211 4754 2629 4826 prxdestinatus
2658 4759 2733 4809 est
2762 4755 2936 4810 Filius
2967 4757 3071 4811 Dei
3098 4758 3158 4811 in
3187 4758 3407 4825 virtute,
3440 4756 3740 4812 secundum
3759 4760 3873 4829 spi-

2214 4845 2389 4897 ritum
2416 4844 2868 4913 sanctiﬁcationis
2897 4861 2967 4899 ex
2998 4848 3393 4901 resurrectione
3418 4851 3766 4902 mortuorum
3787 4848 3871 4902 Je-

2213 4949 2280 4988 su
2310 4933 2515 4987 Christi
2548 4934 2763 4988 Domini
2790 4936 2966 4989 nostri
2992 4935 3097 5006 (Id.
3134 4952 3171 4999 1,
3208 4934 3349 5005 1-4).
3380 4934 3660 4991 Videmus
3680 4936 3865 5008 Apos-

2214 5021 2395 5078 tolum
2431 5023 2501 5077 de
2534 5022 2780 5077 Domino
2831 5028 3031 5079 nostro
3074 5041 3181 5079 nos
3212 5024 3440 5094 docere,
3477 5030 3541 5079 ut
3570 5028 3627 5080 et
3655 5026 3868 5081 virtute

2218 5110 2315 5166 Dei
2348 5116 2481 5167 ante
2508 5127 2742 5167 carnem
2768 5113 3214 5183 prmdestinatus
3238 5113 3435 5179 fuerit,
3460 5118 3518 5168 et
3537 5114 3863 5170 secundum

2215 5215 2450 5254 carnem
2486 5198 2673 5255 factus
2703 5201 2779 5256 sit
2800 5201 2850 5255 ei
2882 5218 2950 5256 ex
2972 5201 3195 5257 semine
3224 5201 3424 5257 David.
3450 5200 3567 5256 Hoc
3593 5218 3697 5257 vos
3726 5218 3861 5259 cum

2215 5304 2445 5360 semper
2475 5290 2818 5361 negaveritis
2849 5295 2907 5346 et
2938 5290 3184 5362 negetis,
3215 5291 3507 5362 quomodo
3528 5290 3859 5363 Scripturas

2215 5376 2511 5449 ﬂagitatis,
2542 5382 2608 5433 ut
2636 5379 2959 5435 secundum
2990 5394 3088 5435 eas
3117 5380 3316 5451 potius
3348 5380 3708 5436 disseramus
3731 5381 3759 5436 ?

2286 5465 2454 5522 Foa'r.
2478 5466 2653 5525 dixit:
2672 5468 3002 5523 Secundum
3024 5484 3257 5524 carnem
3278 5469 3541 5525 asseritis
3555 5485 3623 5523 ex
3636 5469 3858 5526 semine

2213 5554 2412 5627 David,
2427 5572 2558 5611 cum
2578 5556 2926 5628 praedicetur
2941 5573 3007 5613 ex
3020 5557 3242 5630 virgine
3258 5575 3387 5615 esse
3407 5562 3578 5614 natus
3592 5558 3747 5630 (Isai.
3762 5577 3860 5629 vn,

2277 5682 2293 5715 ι
2328 5680 2515 5747 ilice}
2543 5681 3023 5747 Mss;_restituimus
3051 5681 3167 5747 hinc
3198 5683 3373 5747 verba,
3408 5696 3531 5747 quos
3551 5682 3865 5733 reconciltia-

2212 5746 2297 5811 tos
2317 5742 2440 5811 dicit
2472 5743 2595 5811 Deo.
2632 5743 2691 5792 Si
2716 5757 2837 5806 ergo
2870 5744 3179 5794 naturaliter
3204 5745 3308 5809 ﬁlii
3336 5742 3429 5793 irai
3456 5748 3608 5795 erant
3629 5761 3642 5808 ;
3665 5760 3788 5811 quas
3809 5749 3861 5797 in

2213 5805 2371 5853 editis
2399 5804 2611 5854 desunt.

2274 5869 2295 5902 ³
2320 5869 2381 5917 In
2410 5866 2554 5929 Mss.,
2584 5867 2979 5932 przdestinatus
3007 5869 3061 5921 in
3090 5868 3431 5934 Evangelia»:
3465 5868 3583 5922 Dei.
