  <div class='ocr_page' id='page_1' title='image "/cluster/home/n/w/nwhite01/storage/ocr_20150623/42/umn.31951d02850084t/068.png"; bbox 0 0 4012 6476; ppageno 0'>
   <div class='ocr_carea' id='block_1_1' title="bbox 146 393 256 454">
    <p class='ocr_par' dir='ltr' id='par_1_1' title="bbox 146 393 256 454">
     <span class='ocr_line' id='line_1_1' title="bbox 146 393 256 454; baseline 0.018 -2"><span class='ocrx_word' id='word_1_1' title='bbox 146 393 256 454; x_wconf 70' lang='grc'>125</span> 
     </span>
    </p>
   </div>
   <div class='ocr_carea' id='block_1_2' title="bbox 148 525 1783 599">
    <p class='ocr_par' dir='ltr' id='par_1_2' title="bbox 148 525 1783 599">
     <span class='ocr_line' id='line_1_2' title="bbox 148 525 1783 599; baseline -0.001 -19"><span class='ocrx_word' id='word_1_2' title='bbox 148 542 348 580; x_wconf 88' lang='lat' dir='ltr'>sumus</span> <span class='ocrx_word' id='word_1_3' title='bbox 362 525 554 580; x_wconf 79' lang='lat' dir='ltr'>dicere</span> <span class='ocrx_word' id='word_1_4' title='bbox 577 527 647 581; x_wconf 90' lang='lat' dir='ltr'>ad</span> <span class='ocrx_word' id='word_1_5' title='bbox 674 525 814 582; x_wconf 86' lang='lat' dir='ltr'>mali</span> <span class='ocrx_word' id='word_1_6' title='bbox 840 526 1079 598; x_wconf 80' lang='lat' dir='ltr'>stirpem</span> <span class='ocrx_word' id='word_1_7' title='bbox 1097 544 1206 582; x_wconf 91' lang='lat' dir='ltr'>non</span> <span class='ocrx_word' id='word_1_8' title='bbox 1224 525 1612 599; x_wconf 88' lang='lat' dir='ltr'>pertinere.Ut</span> <span class='ocrx_word' id='word_1_9' title='bbox 1628 525 1783 580; x_wconf 91' lang='lat' dir='ltr'>enim</span> 
     </span>
    </p>
   </div>
   <div class='ocr_carea' id='block_1_3' title="bbox 149 614 1786 688">
    <p class='ocr_par' dir='ltr' id='par_1_3' title="bbox 149 614 1786 688">
     <span class='ocr_line' id='line_1_3' title="bbox 149 614 1786 688; baseline 0 -21"><span class='ocrx_word' id='word_1_10' title='bbox 149 615 441 669; x_wconf 83' lang='lat' dir='ltr'>vobiscum</span> <span class='ocrx_word' id='word_1_11' title='bbox 464 614 559 669; x_wconf 90' lang='lat' dir='ltr'>bis</span> <span class='ocrx_word' id='word_1_12' title='bbox 581 617 770 670; x_wconf 84' lang='lat' dir='ltr'>verbis</span> <span class='ocrx_word' id='word_1_13' title='bbox 790 633 979 688; x_wconf 90' lang='lat' dir='ltr'>agam,</span> <span class='ocrx_word' id='word_1_14' title='bbox 1000 634 1125 688; x_wconf 67' lang='lat' dir='ltr'>quae</span> <span class='ocrx_word' id='word_1_15' title='bbox 1154 618 1374 671; x_wconf 83' lang='lat' dir='ltr'>utinam</span> <span class='ocrx_word' id='word_1_16' title='bbox 1401 617 1554 671; x_wconf 81' lang='lat' dir='ltr'>sicut</span> <span class='ocrx_word' id='word_1_17' title='bbox 1584 616 1654 669; x_wconf 87' lang='lat' dir='ltr'>de</span> <span class='ocrx_word' id='word_1_18' title='bbox 1690 631 1786 668; x_wconf 92' lang='lat' dir='ltr'>ore</span> 
     </span>
    </p>
   </div>
   <div class='ocr_carea' id='block_1_4' title="bbox 148 705 1788 776">
    <p class='ocr_par' dir='ltr' id='par_1_4' title="bbox 148 705 1788 776">
     <span class='ocr_line' id='line_1_4' title="bbox 148 705 1788 776; baseline 0.001 -20"><span class='ocrx_word' id='word_1_19' title='bbox 148 711 332 758; x_wconf 88' lang='lat' dir='ltr'>vestro</span> <span class='ocrx_word' id='word_1_20' title='bbox 364 721 475 758; x_wconf 93' lang='lat' dir='ltr'>non</span> <span class='ocrx_word' id='word_1_21' title='bbox 509 706 807 771; x_wconf 89' lang='lat' dir='ltr'>recedunt,</span> <span class='ocrx_word' id='word_1_22' title='bbox 841 705 920 761; x_wconf 88' lang='lat' dir='ltr'>ita</span> <span class='ocrx_word' id='word_1_23' title='bbox 950 710 1004 760; x_wconf 90' lang='lat' dir='ltr'>et</span> <span class='ocrx_word' id='word_1_24' title='bbox 1022 707 1193 761; x_wconf 91' lang='lat' dir='ltr'>corde</span> <span class='ocrx_word' id='word_1_25' title='bbox 1217 705 1654 776; x_wconf 75' lang='lat' dir='ltr'>intelligantur:</span> <span class='ocrx_word' id='word_1_26' title='bbox 1686 709 1788 759; x_wconf 82' lang='lat' dir='ltr'>Der</span> 
     </span>
    </p>
   </div>
   <div class='ocr_carea' id='block_1_5' title="bbox 147 792 1784 867">
    <p class='ocr_par' dir='ltr' id='par_1_5' title="bbox 147 792 1784 867">
     <span class='ocr_line' id='line_1_5' title="bbox 147 792 1784 867; baseline -0.001 -19"><span class='ocrx_word' id='word_1_27' title='bbox 147 792 504 848; x_wconf 88' lang='lat' dir='ltr'>Paracletum</span> <span class='ocrx_word' id='word_1_28' title='bbox 535 795 751 862; x_wconf 88' lang='lat' dir='ltr'>juratis</span> <span class='ocrx_word' id='word_1_29' title='bbox 772 796 809 848; x_wconf 87' lang='grc'>¹.</span> <span class='ocrx_word' id='word_1_30' title='bbox 845 794 901 850; x_wconf 89' lang='lat' dir='ltr'>Si</span> <span class='ocrx_word' id='word_1_31' title='bbox 934 811 1070 867; x_wconf 88' lang='lat' dir='ltr'>ergo</span> <span class='ocrx_word' id='word_1_32' title='bbox 1100 794 1276 848; x_wconf 90' lang='lat' dir='ltr'>vultis</span> <span class='ocrx_word' id='word_1_33' title='bbox 1307 794 1551 865; x_wconf 88' lang='lat' dir='ltr'>experiri</span> <span class='ocrx_word' id='word_1_34' title='bbox 1586 809 1784 848; x_wconf 89' lang='lat' dir='ltr'>verum</span> 
     </span>
    </p>
   </div>
   <div class='ocr_carea' id='block_1_6' title="bbox 147 881 1783 952">
    <p class='ocr_par' dir='ltr' id='par_1_6' title="bbox 147 881 1783 952">
     <span class='ocr_line' id='line_1_6' title="bbox 147 881 1783 952; baseline -0.001 -16"><span class='ocrx_word' id='word_1_35' title='bbox 147 898 267 936; x_wconf 88' lang='lat' dir='ltr'>esse</span> <span class='ocrx_word' id='word_1_36' title='bbox 291 882 443 951; x_wconf 91' lang='lat' dir='ltr'>quod</span> <span class='ocrx_word' id='word_1_37' title='bbox 471 883 619 950; x_wconf 91' lang='lat' dir='ltr'>dico,</span> <span class='ocrx_word' id='word_1_38' title='bbox 643 882 932 938; x_wconf 89' lang='lat' dir='ltr'>instituite</span> <span class='ocrx_word' id='word_1_39' title='bbox 957 901 1068 938; x_wconf 92' lang='lat' dir='ltr'>non</span> <span class='ocrx_word' id='word_1_40' title='bbox 1089 881 1597 952; x_wconf 89' lang='lat' dir='ltr'>jurare.Videbitis</span> <span class='ocrx_word' id='word_1_41' title='bbox 1625 881 1783 934; x_wconf 88' lang='lat' dir='ltr'>illam</span> 
     </span>
    </p>
   </div>
   <div class='ocr_carea' id='block_1_7' title="bbox 146 970 1785 1042">
    <p class='ocr_par' dir='ltr' id='par_1_7' title="bbox 146 970 1785 1042">
     <span class='ocr_line' id='line_1_7' title="bbox 146 970 1785 1042; baseline -0.001 -18"><span class='ocrx_word' id='word_1_42' title='bbox 146 971 620 1025; x_wconf 78' lang='lat' dir='ltr'>consuetudinem</span> <span class='ocrx_word' id='word_1_43' title='bbox 656 972 790 1026; x_wconf 87' lang='lat' dir='ltr'>ferri</span> <span class='ocrx_word' id='word_1_44' title='bbox 825 988 939 1042; x_wconf 93' lang='lat' dir='ltr'>quo</span> <span class='ocrx_word' id='word_1_45' title='bbox 971 972 1135 1026; x_wconf 81' lang='lat' dir='ltr'>solet.</span> <span class='ocrx_word' id='word_1_46' title='bbox 1171 973 1238 1026; x_wconf 87' lang='lat' dir='ltr'>Et</span> <span class='ocrx_word' id='word_1_47' title='bbox 1259 972 1366 1026; x_wconf 92' lang='lat' dir='ltr'>hoc</span> <span class='ocrx_word' id='word_1_48' title='bbox 1391 976 1479 1026; x_wconf 89' lang='lat' dir='ltr'>est</span> <span class='ocrx_word' id='word_1_49' title='bbox 1503 972 1654 1042; x_wconf 88' lang='lat' dir='ltr'>quod</span> <span class='ocrx_word' id='word_1_50' title='bbox 1685 970 1785 1026; x_wconf 90' lang='lat' dir='ltr'>ad-</span> 
     </span>
    </p>
   </div>
   <div class='ocr_carea' id='block_1_8' title="bbox 147 1059 1783 1130">
    <p class='ocr_par' dir='ltr' id='par_1_8' title="bbox 147 1059 1783 1130">
     <span class='ocr_line' id='line_1_8' title="bbox 147 1059 1783 1130; baseline 0.004 -20"><span class='ocrx_word' id='word_1_51' title='bbox 147 1073 341 1111; x_wconf 88' lang='lat' dir='ltr'>versus</span> <span class='ocrx_word' id='word_1_52' title='bbox 373 1059 632 1112; x_wconf 88' lang='lat' dir='ltr'>animam</span> <span class='ocrx_word' id='word_1_53' title='bbox 665 1064 907 1130; x_wconf 85' lang='lat' dir='ltr'>pugnat,</span> <span class='ocrx_word' id='word_1_54' title='bbox 933 1060 1293 1114; x_wconf 86' lang='lat' dir='ltr'>consuetudo</span> <span class='ocrx_word' id='word_1_55' title='bbox 1326 1060 1478 1113; x_wconf 87' lang='lat' dir='ltr'>facta</span> <span class='ocrx_word' id='word_1_56' title='bbox 1509 1059 1564 1112; x_wconf 92' lang='lat' dir='ltr'>in</span> <span class='ocrx_word' id='word_1_57' title='bbox 1590 1076 1783 1116; x_wconf 91' lang='lat' dir='ltr'>carne.</span> 
     </span>
    </p>
   </div>
   <div class='ocr_carea' id='block_1_9' title="bbox 147 1147 1788 1219">
    <p class='ocr_par' dir='ltr' id='par_1_9' title="bbox 147 1147 1788 1219">
     <span class='ocr_line' id='line_1_9' title="bbox 147 1147 1788 1219; baseline 0.002 -20"><span class='ocrx_word' id='word_1_58' title='bbox 147 1151 267 1216; x_wconf 89' lang='lat' dir='ltr'>Ipsa</span> <span class='ocrx_word' id='word_1_59' title='bbox 287 1151 375 1200; x_wconf 89' lang='lat' dir='ltr'>est</span> <span class='ocrx_word' id='word_1_60' title='bbox 391 1147 672 1201; x_wconf 83' lang='lat' dir='ltr'>nimirum</span> <span class='ocrx_word' id='word_1_61' title='bbox 700 1149 891 1202; x_wconf 90' lang='lat' dir='ltr'>carnis</span> <span class='ocrx_word' id='word_1_62' title='bbox 916 1148 1243 1219; x_wconf 83' lang='lat' dir='ltr'>prudentia,</span> <span class='ocrx_word' id='word_1_63' title='bbox 1263 1165 1388 1219; x_wconf 82' lang='lat' dir='ltr'>quae</span> <span class='ocrx_word' id='word_1_64' title='bbox 1405 1149 1682 1218; x_wconf 84' lang='lat' dir='ltr'>quamdiu</span> <span class='ocrx_word' id='word_1_65' title='bbox 1708 1150 1788 1204; x_wconf 89' lang='lat' dir='ltr'>ita</span> 
     </span>
    </p>
   </div>
   <div class='ocr_carea' id='block_1_10' title="bbox 148 1234 1785 1307">
    <p class='ocr_par' dir='ltr' id='par_1_10' title="bbox 148 1234 1785 1307">
     <span class='ocr_line' id='line_1_10' title="bbox 148 1234 1785 1307; baseline 0.003 -20"><span class='ocrx_word' id='word_1_66' title='bbox 148 1234 249 1304; x_wconf 88' lang='lat' dir='ltr'>legi</span> <span class='ocrx_word' id='word_1_67' title='bbox 286 1235 384 1288; x_wconf 85' lang='lat' dir='ltr'>Dei</span> <span class='ocrx_word' id='word_1_68' title='bbox 421 1235 637 1305; x_wconf 86' lang='lat' dir='ltr'>subjici</span> <span class='ocrx_word' id='word_1_69' title='bbox 661 1253 772 1289; x_wconf 89' lang='lat' dir='ltr'>non</span> <span class='ocrx_word' id='word_1_70' title='bbox 801 1241 1010 1306; x_wconf 82' lang='lat' dir='ltr'>potest,</span> <span class='ocrx_word' id='word_1_71' title='bbox 1038 1237 1239 1291; x_wconf 90' lang='lat' dir='ltr'>tandiu</span> <span class='ocrx_word' id='word_1_72' title='bbox 1263 1237 1570 1307; x_wconf 82' lang='lat' dir='ltr'>prudentia</span> <span class='ocrx_word' id='word_1_73' title='bbox 1591 1239 1785 1292; x_wconf 90' lang='lat' dir='ltr'>carnis</span> 
     </span>
    </p>
   </div>
   <div class='ocr_carea' id='block_1_11' title="bbox 148 1323 1784 1396">
    <p class='ocr_par' dir='ltr' id='par_1_11' title="bbox 148 1323 1784 1396">
     <span class='ocr_line' id='line_1_11' title="bbox 148 1323 1784 1396; baseline 0.001 -18"><span class='ocrx_word' id='word_1_74' title='bbox 148 1324 358 1378; x_wconf 80' lang='lat' dir='ltr'>estzsed</span> <span class='ocrx_word' id='word_1_75' title='bbox 377 1323 699 1378; x_wconf 86' lang='lat' dir='ltr'>illumitata</span> <span class='ocrx_word' id='word_1_76' title='bbox 721 1325 1413 1390; x_wconf 88' lang='lat' dir='ltr'>anima,desinitillaesse</span> <span class='ocrx_word' id='word_1_77' title='bbox 1437 1326 1626 1380; x_wconf 85' lang='lat' dir='ltr'>carnis</span> <span class='ocrx_word' id='word_1_78' title='bbox 1649 1343 1784 1396; x_wconf 90' lang='lat' dir='ltr'>pru-</span> 
     </span>
    </p>
   </div>
   <div class='ocr_carea' id='block_1_12' title="bbox 149 1411 1786 1484">
    <p class='ocr_par' dir='ltr' id='par_1_12' title="bbox 149 1411 1786 1484">
     <span class='ocr_line' id='line_1_12' title="bbox 149 1411 1786 1484; baseline 0.002 -18"><span class='ocrx_word' id='word_1_79' title='bbox 149 1413 352 1466; x_wconf 87' lang='lat' dir='ltr'>dentia.</span> <span class='ocrx_word' id='word_1_80' title='bbox 376 1411 473 1466; x_wconf 91' lang='lat' dir='ltr'>Sic</span> <span class='ocrx_word' id='word_1_81' title='bbox 495 1412 651 1467; x_wconf 90' lang='lat' dir='ltr'>enim</span> <span class='ocrx_word' id='word_1_82' title='bbox 673 1413 894 1466; x_wconf 91' lang='lat' dir='ltr'>dictum</span> <span class='ocrx_word' id='word_1_83' title='bbox 923 1418 1031 1482; x_wconf 91' lang='lat' dir='ltr'>est,</span> <span class='ocrx_word' id='word_1_84' title='bbox 1057 1413 1426 1484; x_wconf 85' lang='lat' dir='ltr'>prudentiam</span> <span class='ocrx_word' id='word_1_85' title='bbox 1445 1415 1636 1468; x_wconf 89' lang='lat' dir='ltr'>carnis</span> <span class='ocrx_word' id='word_1_86' title='bbox 1670 1432 1786 1470; x_wconf 90' lang='lat' dir='ltr'>non</span> 
     </span>
    </p>
   </div>
   <div class='ocr_carea' id='block_1_13' title="bbox 149 1501 1786 1574">
    <p class='ocr_par' dir='ltr' id='par_1_13' title="bbox 149 1501 1786 1574">
     <span class='ocr_line' id='line_1_13' title="bbox 149 1501 1786 1574; baseline 0.001 -19"><span class='ocrx_word' id='word_1_87' title='bbox 149 1517 306 1573; x_wconf 82' lang='lat' dir='ltr'>posse</span> <span class='ocrx_word' id='word_1_88' title='bbox 330 1501 440 1573; x_wconf 88' lang='lat' dir='ltr'>legi</span> <span class='ocrx_word' id='word_1_89' title='bbox 470 1503 568 1558; x_wconf 91' lang='lat' dir='ltr'>Dei</span> <span class='ocrx_word' id='word_1_90' title='bbox 591 1518 719 1557; x_wconf 90' lang='lat' dir='ltr'>esse</span> <span class='ocrx_word' id='word_1_91' title='bbox 741 1503 1086 1572; x_wconf 86' lang='lat' dir='ltr'>subjectam,</span> <span class='ocrx_word' id='word_1_92' title='bbox 1110 1504 1607 1574; x_wconf 83' lang='lat' dir='ltr'>quemadmodum</span> <span class='ocrx_word' id='word_1_93' title='bbox 1629 1503 1675 1558; x_wconf 87' lang='lat' dir='ltr'>si</span> <span class='ocrx_word' id='word_1_94' title='bbox 1699 1504 1786 1558; x_wconf 88' lang='lat' dir='ltr'>di-</span> 
     </span>
    </p>
   </div>
   <div class='ocr_carea' id='block_1_14' title="bbox 149 1589 1783 1662">
    <p class='ocr_par' dir='ltr' id='par_1_14' title="bbox 149 1589 1783 1662">
     <span class='ocr_line' id='line_1_14' title="bbox 149 1589 1783 1662; baseline 0.002 -18"><span class='ocrx_word' id='word_1_95' title='bbox 149 1596 380 1660; x_wconf 84' lang='lat' dir='ltr'>ceretur,</span> <span class='ocrx_word' id='word_1_96' title='bbox 411 1589 720 1662; x_wconf 83' lang='lat' dir='ltr'>glacialem</span> <span class='ocrx_word' id='word_1_97' title='bbox 748 1591 937 1645; x_wconf 88' lang='lat' dir='ltr'>nivem</span> <span class='ocrx_word' id='word_1_98' title='bbox 973 1591 1222 1647; x_wconf 89' lang='lat' dir='ltr'>calidam</span> <span class='ocrx_word' id='word_1_99' title='bbox 1265 1608 1391 1647; x_wconf 90' lang='lat' dir='ltr'>esse</span> <span class='ocrx_word' id='word_1_100' title='bbox 1437 1609 1551 1647; x_wconf 91' lang='lat' dir='ltr'>non</span> <span class='ocrx_word' id='word_1_101' title='bbox 1593 1609 1783 1662; x_wconf 89' lang='lat' dir='ltr'>posse.</span> 
     </span>
    </p>
   </div>
   <div class='ocr_carea' id='block_1_15' title="bbox 149 1679 1784 1751">
    <p class='ocr_par' dir='ltr' id='par_1_15' title="bbox 149 1679 1784 1751">
     <span class='ocr_line' id='line_1_15' title="bbox 149 1679 1784 1751; baseline 0.001 -17"><span class='ocrx_word' id='word_1_102' title='bbox 149 1679 306 1734; x_wconf 85' lang='lat' dir='ltr'>Nullo</span> <span class='ocrx_word' id='word_1_103' title='bbox 339 1679 497 1734; x_wconf 90' lang='lat' dir='ltr'>enim</span> <span class='ocrx_word' id='word_1_104' title='bbox 528 1685 718 1750; x_wconf 88' lang='lat' dir='ltr'>pacto,</span> <span class='ocrx_word' id='word_1_105' title='bbox 743 1680 1022 1751; x_wconf 89' lang='lat' dir='ltr'>quamdiu</span> <span class='ocrx_word' id='word_1_106' title='bbox 1056 1680 1152 1735; x_wconf 90' lang='lat' dir='ltr'>nix</span> <span class='ocrx_word' id='word_1_107' title='bbox 1180 1685 1289 1743; x_wconf 90' lang='lat' dir='ltr'>est,</span> <span class='ocrx_word' id='word_1_108' title='bbox 1322 1680 1509 1736; x_wconf 90' lang='lat' dir='ltr'>calida</span> <span class='ocrx_word' id='word_1_109' title='bbox 1531 1697 1658 1736; x_wconf 88' lang='lat' dir='ltr'>esse</span> <span class='ocrx_word' id='word_1_110' title='bbox 1682 1699 1784 1750; x_wconf 87' lang='lat' dir='ltr'>po-</span> 
     </span>
    </p>
   </div>
   <div class='ocr_carea' id='block_1_16' title="bbox 148 1768 1788 1838">
    <p class='ocr_par' dir='ltr' id='par_1_16' title="bbox 148 1768 1788 1838">
     <span class='ocr_line' id='line_1_16' title="bbox 148 1768 1788 1838; baseline 0.002 -17"><span class='ocrx_word' id='word_1_111' title='bbox 148 1768 383 1823; x_wconf 89' lang='lat' dir='ltr'>test.Sed</span> <span class='ocrx_word' id='word_1_112' title='bbox 409 1768 911 1838; x_wconf 88' lang='lat' dir='ltr'>quemadmodum</span> <span class='ocrx_word' id='word_1_113' title='bbox 938 1768 1034 1823; x_wconf 88' lang='lat' dir='ltr'>illa</span> <span class='ocrx_word' id='word_1_114' title='bbox 1057 1768 1153 1822; x_wconf 90' lang='lat' dir='ltr'>nix</span> <span class='ocrx_word' id='word_1_115' title='bbox 1183 1769 1370 1824; x_wconf 90' lang='lat' dir='ltr'>calore</span> <span class='ocrx_word' id='word_1_116' title='bbox 1397 1769 1788 1834; x_wconf 90' lang='lat' dir='ltr'>resolvitur,et</span> 
     </span>
    </p>
   </div>
   <div class='ocr_carea' id='block_1_17' title="bbox 148 1857 1786 1929">
    <p class='ocr_par' dir='ltr' id='par_1_17' title="bbox 148 1857 1786 1929">
     <span class='ocr_line' id='line_1_17' title="bbox 148 1857 1786 1929; baseline 0.001 -18"><span class='ocrx_word' id='word_1_117' title='bbox 148 1857 346 1911; x_wconf 88' lang='lat' dir='ltr'>desinit</span> <span class='ocrx_word' id='word_1_118' title='bbox 372 1859 469 1912; x_wconf 88' lang='lat' dir='ltr'>nix</span> <span class='ocrx_word' id='word_1_119' title='bbox 495 1874 644 1924; x_wconf 89' lang='lat' dir='ltr'>esse,</span> <span class='ocrx_word' id='word_1_120' title='bbox 671 1863 734 1911; x_wconf 93' lang='lat' dir='ltr'>ut</span> <span class='ocrx_word' id='word_1_121' title='bbox 770 1858 954 1929; x_wconf 82' lang='lat' dir='ltr'>possit</span> <span class='ocrx_word' id='word_1_122' title='bbox 977 1857 1294 1912; x_wconf 89' lang='lat' dir='ltr'>calescere:</span> <span class='ocrx_word' id='word_1_123' title='bbox 1332 1858 1415 1913; x_wconf 92' lang='lat' dir='ltr'>sic</span> <span class='ocrx_word' id='word_1_124' title='bbox 1458 1858 1560 1912; x_wconf 90' lang='lat' dir='ltr'>illa</span> <span class='ocrx_word' id='word_1_125' title='bbox 1594 1859 1786 1913; x_wconf 90' lang='lat' dir='ltr'>carnis</span> 
     </span>
    </p>
   </div>
   <div class='ocr_carea' id='block_1_18' title="bbox 150 1946 1782 2016">
    <p class='ocr_par' dir='ltr' id='par_1_18' title="bbox 150 1946 1782 2016">
     <span class='ocr_line' id='line_1_18' title="bbox 150 1946 1782 2016; baseline 0.002 -17"><span class='ocrx_word' id='word_1_126' title='bbox 150 1946 466 2016; x_wconf 78' lang='lat' dir='ltr'>prudentia,</span> <span class='ocrx_word' id='word_1_127' title='bbox 502 1946 561 1999; x_wconf 89' lang='lat' dir='ltr'>id</span> <span class='ocrx_word' id='word_1_128' title='bbox 593 1950 700 2015; x_wconf 91' lang='lat' dir='ltr'>est,</span> <span class='ocrx_word' id='word_1_129' title='bbox 728 1946 1086 2001; x_wconf 85' lang='lat' dir='ltr'>consuetudo</span> <span class='ocrx_word' id='word_1_130' title='bbox 1109 1947 1257 2001; x_wconf 80' lang='lat' dir='ltr'>facta</span> <span class='ocrx_word' id='word_1_131' title='bbox 1278 1964 1408 2000; x_wconf 91' lang='lat' dir='ltr'>cum</span> <span class='ocrx_word' id='word_1_132' title='bbox 1438 1963 1626 2013; x_wconf 82' lang='lat' dir='ltr'>carne,</span> <span class='ocrx_word' id='word_1_133' title='bbox 1651 1965 1782 2002; x_wconf 91' lang='lat' dir='ltr'>cum</span> 
     </span>
    </p>
   </div>
   <div class='ocr_carea' id='block_1_19' title="bbox 149 2033 1784 2104">
    <p class='ocr_par' dir='ltr' id='par_1_19' title="bbox 149 2033 1784 2104">
     <span class='ocr_line' id='line_1_19' title="bbox 149 2033 1784 2104; baseline 0.002 -18"><span class='ocrx_word' id='word_1_134' title='bbox 149 2033 310 2088; x_wconf 84' lang='lat' dir='ltr'>fuerit</span> <span class='ocrx_word' id='word_1_135' title='bbox 324 2051 491 2089; x_wconf 89' lang='lat' dir='ltr'>mens</span> <span class='ocrx_word' id='word_1_136' title='bbox 508 2041 708 2089; x_wconf 87' lang='lat' dir='ltr'>nostra</span> <span class='ocrx_word' id='word_1_137' title='bbox 722 2034 1136 2104; x_wconf 88' lang='lat' dir='ltr'>illuminata,et</span> <span class='ocrx_word' id='word_1_138' title='bbox 1159 2036 1226 2089; x_wconf 90' lang='lat' dir='ltr'>ad</span> <span class='ocrx_word' id='word_1_139' title='bbox 1254 2035 1564 2090; x_wconf 86' lang='lat' dir='ltr'>arbitrium</span> <span class='ocrx_word' id='word_1_140' title='bbox 1580 2037 1784 2090; x_wconf 65' lang='lat' dir='ltr'>divinae</span> 
     </span>
    </p>
   </div>
   <div class='ocr_carea' id='block_1_20' title="bbox 149 2120 1786 2195">
    <p class='ocr_par' dir='ltr' id='par_1_20' title="bbox 149 2120 1786 2195">
     <span class='ocr_line' id='line_1_20' title="bbox 149 2120 1786 2195; baseline 0.002 -19"><span class='ocrx_word' id='word_1_141' title='bbox 149 2120 283 2193; x_wconf 84' lang='lat' dir='ltr'>legis</span> <span class='ocrx_word' id='word_1_142' title='bbox 300 2127 491 2177; x_wconf 85' lang='lat' dir='ltr'>totum</span> <span class='ocrx_word' id='word_1_143' title='bbox 512 2122 810 2178; x_wconf 86' lang='lat' dir='ltr'>hominem</span> <span class='ocrx_word' id='word_1_144' title='bbox 849 2123 960 2178; x_wconf 91' lang='lat' dir='ltr'>sibi</span> <span class='ocrx_word' id='word_1_145' title='bbox 1003 2123 1156 2178; x_wconf 91' lang='lat' dir='ltr'>Deus</span> <span class='ocrx_word' id='word_1_146' title='bbox 1190 2124 1522 2192; x_wconf 87' lang='lat' dir='ltr'>subjecerit,</span> <span class='ocrx_word' id='word_1_147' title='bbox 1552 2141 1654 2195; x_wconf 92' lang='lat' dir='ltr'>pro</span> <span class='ocrx_word' id='word_1_148' title='bbox 1686 2124 1786 2179; x_wconf 91' lang='lat' dir='ltr'>illa</span> 
     </span>
    </p>
   </div>
   <div class='ocr_carea' id='block_1_21' title="bbox 151 2211 1785 2268">
    <p class='ocr_par' dir='ltr' id='par_1_21' title="bbox 151 2211 1785 2268">
     <span class='ocr_line' id='line_1_21' title="bbox 151 2211 1785 2268; baseline 0.002 -3"><span class='ocrx_word' id='word_1_149' title='bbox 151 2212 564 2266; x_wconf 85' lang='lat' dir='ltr'>consuetudine</span> <span class='ocrx_word' id='word_1_150' title='bbox 582 2212 790 2266; x_wconf 67' lang='lat' dir='ltr'>animae</span> <span class='ocrx_word' id='word_1_151' title='bbox 815 2211 970 2266; x_wconf 89' lang='lat' dir='ltr'>mala</span> <span class='ocrx_word' id='word_1_152' title='bbox 1000 2213 1136 2266; x_wconf 85' lang='lat' dir='ltr'>facit</span> <span class='ocrx_word' id='word_1_153' title='bbox 1169 2214 1652 2268; x_wconf 85' lang='lat' dir='ltr'>consuetudinem</span> <span class='ocrx_word' id='word_1_154' title='bbox 1690 2215 1785 2268; x_wconf 91' lang='lat' dir='ltr'>bo-</span> 
     </span>
    </p>
   </div>
   <div class='ocr_carea' id='block_1_22' title="bbox 151 2300 1786 2372">
    <p class='ocr_par' dir='ltr' id='par_1_22' title="bbox 151 2300 1786 2372">
     <span class='ocr_line' id='line_1_22' title="bbox 151 2300 1786 2372; baseline 0.002 -17"><span class='ocrx_word' id='word_1_155' title='bbox 151 2317 292 2355; x_wconf 85' lang='lat' dir='ltr'>nam.</span> <span class='ocrx_word' id='word_1_156' title='bbox 326 2302 404 2355; x_wconf 86' lang='lat' dir='ltr'>Ex</span> <span class='ocrx_word' id='word_1_157' title='bbox 435 2317 555 2372; x_wconf 90' lang='lat' dir='ltr'>quo</span> <span class='ocrx_word' id='word_1_158' title='bbox 587 2300 698 2355; x_wconf 72' lang='lat' dir='ltr'>illae</span> <span class='ocrx_word' id='word_1_159' title='bbox 732 2302 858 2355; x_wconf 71' lang='lat' dir='ltr'>duae</span> <span class='ocrx_word' id='word_1_160' title='bbox 891 2302 1147 2370; x_wconf 86' lang='lat' dir='ltr'>arbores,</span> <span class='ocrx_word' id='word_1_161' title='bbox 1180 2301 1333 2356; x_wconf 89' lang='lat' dir='ltr'>bona</span> <span class='ocrx_word' id='word_1_162' title='bbox 1363 2303 1536 2356; x_wconf 90' lang='lat' dir='ltr'>arbor</span> <span class='ocrx_word' id='word_1_163' title='bbox 1557 2307 1611 2357; x_wconf 90' lang='lat' dir='ltr'>et</span> <span class='ocrx_word' id='word_1_164' title='bbox 1635 2304 1786 2358; x_wconf 89' lang='lat' dir='ltr'>mala</span> 
     </span>
    </p>
   </div>
   <div class='ocr_carea' id='block_1_23' title="bbox 151 2391 1786 2459">
    <p class='ocr_par' dir='ltr' id='par_1_23' title="bbox 151 2391 1786 2459">
     <span class='ocr_line' id='line_1_23' title="bbox 151 2391 1786 2459; baseline 0.003 -17"><span class='ocrx_word' id='word_1_165' title='bbox 151 2391 303 2444; x_wconf 86' lang='lat' dir='ltr'>arbor</span> <span class='ocrx_word' id='word_1_166' title='bbox 330 2407 475 2459; x_wconf 85' lang='lat' dir='ltr'>quas</span> <span class='ocrx_word' id='word_1_167' title='bbox 508 2391 1004 2458; x_wconf 86' lang='lat' dir='ltr'>commemorasti,</span> <span class='ocrx_word' id='word_1_168' title='bbox 1037 2391 1338 2446; x_wconf 85' lang='lat' dir='ltr'>verissime</span> <span class='ocrx_word' id='word_1_169' title='bbox 1370 2391 1587 2445; x_wconf 91' lang='lat' dir='ltr'>dictum</span> <span class='ocrx_word' id='word_1_170' title='bbox 1634 2396 1724 2446; x_wconf 91' lang='lat' dir='ltr'>est</span> <span class='ocrx_word' id='word_1_171' title='bbox 1753 2409 1786 2447; x_wconf 92' lang='lat' dir='ltr'>a</span> 
     </span>
    </p>
   </div>
   <div class='ocr_carea' id='block_1_24' title="bbox 151 2478 1786 2551">
    <p class='ocr_par' dir='ltr' id='par_1_24' title="bbox 151 2478 1786 2551">
     <span class='ocr_line' id='line_1_24' title="bbox 151 2478 1786 2551; baseline 0.001 -18"><span class='ocrx_word' id='word_1_172' title='bbox 151 2478 380 2533; x_wconf 90' lang='lat' dir='ltr'>Domino</span> <span class='ocrx_word' id='word_1_173' title='bbox 413 2479 573 2550; x_wconf 92' lang='lat' dir='ltr'>quod</span> <span class='ocrx_word' id='word_1_174' title='bbox 607 2495 744 2533; x_wconf 91' lang='lat' dir='ltr'>suos</span> <span class='ocrx_word' id='word_1_175' title='bbox 777 2481 1001 2534; x_wconf 77' lang='lat' dir='ltr'>fructus</span> <span class='ocrx_word' id='word_1_176' title='bbox 1029 2479 1320 2546; x_wconf 86' lang='lat' dir='ltr'>habeant;</span> <span class='ocrx_word' id='word_1_177' title='bbox 1358 2479 1411 2533; x_wconf 90' lang='lat' dir='ltr'>id</span> <span class='ocrx_word' id='word_1_178' title='bbox 1447 2485 1554 2546; x_wconf 88' lang='lat' dir='ltr'>est,</span> <span class='ocrx_word' id='word_1_179' title='bbox 1598 2497 1786 2551; x_wconf 91' lang='lat' dir='ltr'>neque</span> 
     </span>
    </p>
   </div>
   <div class='ocr_carea' id='block_1_25' title="bbox 151 2567 1781 2639">
    <p class='ocr_par' dir='ltr' id='par_1_25' title="bbox 151 2567 1781 2639">
     <span class='ocr_line' id='line_1_25' title="bbox 151 2567 1781 2639; baseline 0.001 -17"><span class='ocrx_word' id='word_1_180' title='bbox 151 2567 290 2622; x_wconf 90' lang='lat' dir='ltr'>bona</span> <span class='ocrx_word' id='word_1_181' title='bbox 318 2569 507 2638; x_wconf 88' lang='lat' dir='ltr'>possit</span> <span class='ocrx_word' id='word_1_182' title='bbox 538 2569 678 2622; x_wconf 89' lang='lat' dir='ltr'>dare</span> <span class='ocrx_word' id='word_1_183' title='bbox 710 2568 897 2624; x_wconf 90' lang='lat' dir='ltr'>malos</span> <span class='ocrx_word' id='word_1_184' title='bbox 922 2568 1167 2636; x_wconf 84' lang='lat' dir='ltr'>fructus,</span> <span class='ocrx_word' id='word_1_185' title='bbox 1193 2585 1381 2639; x_wconf 90' lang='lat' dir='ltr'>neque</span> <span class='ocrx_word' id='word_1_186' title='bbox 1405 2569 1557 2623; x_wconf 88' lang='lat' dir='ltr'>mala</span> <span class='ocrx_word' id='word_1_187' title='bbox 1580 2569 1781 2638; x_wconf 90' lang='lat' dir='ltr'>honos,</span> 
     </span>
    </p>
   </div>
   <div class='ocr_carea' id='block_1_26' title="bbox 154 2657 1781 2728">
    <p class='ocr_par' dir='ltr' id='par_1_26' title="bbox 154 2657 1781 2728">
     <span class='ocr_line' id='line_1_26' title="bbox 154 2657 1781 2728; baseline 0.001 -17"><span class='ocrx_word' id='word_1_188' title='bbox 154 2658 240 2712; x_wconf 87' lang='lat' dir='ltr'>sed</span> <span class='ocrx_word' id='word_1_189' title='bbox 271 2657 554 2727; x_wconf 87' lang='lat' dir='ltr'>quamdiu</span> <span class='ocrx_word' id='word_1_190' title='bbox 589 2657 742 2712; x_wconf 90' lang='lat' dir='ltr'>mala</span> <span class='ocrx_word' id='word_1_191' title='bbox 771 2662 878 2712; x_wconf 87' lang='lat' dir='ltr'>est.</span> <span class='ocrx_word' id='word_1_192' title='bbox 916 2657 1286 2728; x_wconf 87' lang='lat' dir='ltr'>Accipiamus</span> <span class='ocrx_word' id='word_1_193' title='bbox 1307 2659 1452 2712; x_wconf 92' lang='lat' dir='ltr'>duos</span> <span class='ocrx_word' id='word_1_194' title='bbox 1477 2657 1781 2726; x_wconf 90' lang='lat' dir='ltr'>homines;</span> 
     </span>
    </p>
   </div>
   <div class='ocr_carea' id='block_1_27' title="bbox 156 2745 1782 2811">
    <p class='ocr_par' dir='ltr' id='par_1_27' title="bbox 156 2745 1782 2811">
     <span class='ocr_line' id='line_1_27' title="bbox 156 2745 1782 2811; baseline 0.001 -11"><span class='ocrx_word' id='word_1_195' title='bbox 156 2747 356 2800; x_wconf 89' lang='lat' dir='ltr'>bonum</span> <span class='ocrx_word' id='word_1_196' title='bbox 374 2745 704 2811; x_wconf 88' lang='lat' dir='ltr'>hominem,</span> <span class='ocrx_word' id='word_1_197' title='bbox 727 2751 783 2800; x_wconf 88' lang='lat' dir='ltr'>et</span> <span class='ocrx_word' id='word_1_198' title='bbox 806 2745 1024 2801; x_wconf 87' lang='lat' dir='ltr'>malum</span> <span class='ocrx_word' id='word_1_199' title='bbox 1043 2746 1658 2809; x_wconf 89' lang='lat' dir='ltr'>hominem.Quamdiu</span> <span class='ocrx_word' id='word_1_200' title='bbox 1684 2748 1782 2802; x_wconf 91' lang='lat' dir='ltr'>bo-</span> 
     </span>
    </p>
   </div>
   <div class='ocr_carea' id='block_1_28' title="bbox 151 2833 1783 2907">
    <p class='ocr_par' dir='ltr' id='par_1_28' title="bbox 151 2833 1783 2907">
     <span class='ocr_line' id='line_1_28' title="bbox 151 2833 1783 2907; baseline 0.002 -20"><span class='ocrx_word' id='word_1_201' title='bbox 151 2850 249 2888; x_wconf 91' lang='lat' dir='ltr'>nus</span> <span class='ocrx_word' id='word_1_202' title='bbox 270 2838 374 2899; x_wconf 86' lang='lat' dir='ltr'>est,</span> <span class='ocrx_word' id='word_1_203' title='bbox 418 2833 610 2890; x_wconf 86' lang='lat' dir='ltr'>malos</span> <span class='ocrx_word' id='word_1_204' title='bbox 655 2835 876 2889; x_wconf 86' lang='lat' dir='ltr'>fructus</span> <span class='ocrx_word' id='word_1_205' title='bbox 919 2835 1055 2890; x_wconf 91' lang='lat' dir='ltr'>dare</span> <span class='ocrx_word' id='word_1_206' title='bbox 1084 2851 1197 2890; x_wconf 91' lang='lat' dir='ltr'>non</span> <span class='ocrx_word' id='word_1_207' title='bbox 1241 2839 1465 2907; x_wconf 89' lang='lat' dir='ltr'>potest;</span> <span class='ocrx_word' id='word_1_208' title='bbox 1503 2837 1783 2906; x_wconf 90' lang='lat' dir='ltr'>quamdiu</span> 
     </span>
    </p>
   </div>
   <div class='ocr_carea' id='block_1_29' title="bbox 154 2923 1785 2996">
    <p class='ocr_par' dir='ltr' id='par_1_29' title="bbox 154 2923 1785 2996">
     <span class='ocr_line' id='line_1_29' title="bbox 154 2923 1785 2996; baseline 0.001 -19"><span class='ocrx_word' id='word_1_209' title='bbox 154 2923 328 2978; x_wconf 88' lang='lat' dir='ltr'>malus</span> <span class='ocrx_word' id='word_1_210' title='bbox 355 2927 464 2988; x_wconf 90' lang='lat' dir='ltr'>est,</span> <span class='ocrx_word' id='word_1_211' title='bbox 493 2924 723 2978; x_wconf 86' lang='lat' dir='ltr'>fructus</span> <span class='ocrx_word' id='word_1_212' title='bbox 750 2925 932 2979; x_wconf 77' lang='lat' dir='ltr'>honos</span> <span class='ocrx_word' id='word_1_213' title='bbox 955 2925 1091 2978; x_wconf 89' lang='lat' dir='ltr'>dare</span> <span class='ocrx_word' id='word_1_214' title='bbox 1115 2941 1226 2979; x_wconf 92' lang='lat' dir='ltr'>non</span> <span class='ocrx_word' id='word_1_215' title='bbox 1257 2929 1464 2996; x_wconf 90' lang='lat' dir='ltr'>potest.</span> <span class='ocrx_word' id='word_1_216' title='bbox 1488 2925 1596 2979; x_wconf 89' lang='lat' dir='ltr'>Sed</span> <span class='ocrx_word' id='word_1_217' title='bbox 1621 2930 1683 2978; x_wconf 91' lang='lat' dir='ltr'>ut</span> <span class='ocrx_word' id='word_1_218' title='bbox 1704 2925 1785 2979; x_wconf 90' lang='lat' dir='ltr'>in-</span> 
     </span>
    </p>
   </div>
   <div class='ocr_carea' id='block_1_30' title="bbox 151 3011 1784 3085">
    <p class='ocr_par' dir='ltr' id='par_1_30' title="bbox 151 3011 1784 3085">
     <span class='ocr_line' id='line_1_30' title="bbox 151 3011 1784 3085; baseline 0.002 -20"><span class='ocrx_word' id='word_1_219' title='bbox 151 3011 365 3083; x_wconf 87' lang='lat' dir='ltr'>telligas</span> <span class='ocrx_word' id='word_1_220' title='bbox 389 3013 537 3067; x_wconf 90' lang='lat' dir='ltr'>istas</span> <span class='ocrx_word' id='word_1_221' title='bbox 560 3013 706 3066; x_wconf 90' lang='lat' dir='ltr'>duas</span> <span class='ocrx_word' id='word_1_222' title='bbox 731 3013 966 3068; x_wconf 90' lang='lat' dir='ltr'>arbores</span> <span class='ocrx_word' id='word_1_223' title='bbox 992 3013 1074 3068; x_wconf 91' lang='lat' dir='ltr'>sic</span> <span class='ocrx_word' id='word_1_224' title='bbox 1117 3030 1243 3068; x_wconf 76' lang='lat' dir='ltr'>esse</span> <span class='ocrx_word' id='word_1_225' title='bbox 1275 3031 1308 3067; x_wconf 93' lang='lat' dir='ltr'>a</span> <span class='ocrx_word' id='word_1_226' title='bbox 1342 3014 1588 3068; x_wconf 92' lang='lat' dir='ltr'>Domino</span> <span class='ocrx_word' id='word_1_227' title='bbox 1625 3014 1784 3085; x_wconf 90' lang='lat' dir='ltr'>posi-</span> 
     </span>
    </p>
   </div>
   <div class='ocr_carea' id='block_1_31' title="bbox 154 3101 1784 3172">
    <p class='ocr_par' dir='ltr' id='par_1_31' title="bbox 154 3101 1784 3172">
     <span class='ocr_line' id='line_1_31' title="bbox 154 3101 1784 3172; baseline 0.002 -17"><span class='ocrx_word' id='word_1_228' title='bbox 154 3105 250 3170; x_wconf 85' lang='lat' dir='ltr'>tas,</span> <span class='ocrx_word' id='word_1_229' title='bbox 275 3108 336 3156; x_wconf 90' lang='lat' dir='ltr'>ut</span> <span class='ocrx_word' id='word_1_230' title='bbox 361 3102 437 3156; x_wconf 92' lang='lat' dir='ltr'>ibi</span> <span class='ocrx_word' id='word_1_231' title='bbox 462 3102 903 3172; x_wconf 78' lang='lat' dir='ltr'>significaretur</span> <span class='ocrx_word' id='word_1_232' title='bbox 927 3101 1174 3157; x_wconf 90' lang='lat' dir='ltr'>liberum</span> <span class='ocrx_word' id='word_1_233' title='bbox 1196 3102 1528 3169; x_wconf 89' lang='lat' dir='ltr'>arbitrium,</span> <span class='ocrx_word' id='word_1_234' title='bbox 1549 3120 1662 3157; x_wconf 88' lang='lat' dir='ltr'>non</span> <span class='ocrx_word' id='word_1_235' title='bbox 1688 3121 1784 3158; x_wconf 89' lang='lat' dir='ltr'>na-</span> 
     </span>
    </p>
   </div>
   <div class='ocr_carea' id='block_1_32' title="bbox 151 3189 1781 3259">
    <p class='ocr_par' dir='ltr' id='par_1_32' title="bbox 151 3189 1781 3259">
     <span class='ocr_line' id='line_1_32' title="bbox 151 3189 1781 3259; baseline 0.002 -16"><span class='ocrx_word' id='word_1_236' title='bbox 151 3195 299 3244; x_wconf 88' lang='lat' dir='ltr'>turas</span> <span class='ocrx_word' id='word_1_237' title='bbox 319 3207 444 3245; x_wconf 90' lang='lat' dir='ltr'>esse</span> <span class='ocrx_word' id='word_1_238' title='bbox 465 3189 617 3246; x_wconf 88' lang='lat' dir='ltr'>istas</span> <span class='ocrx_word' id='word_1_239' title='bbox 641 3191 788 3246; x_wconf 90' lang='lat' dir='ltr'>duas</span> <span class='ocrx_word' id='word_1_240' title='bbox 804 3192 1164 3254; x_wconf 89' lang='lat' dir='ltr'>arbores,sed</span> <span class='ocrx_word' id='word_1_241' title='bbox 1182 3191 1508 3246; x_wconf 89' lang='lat' dir='ltr'>voluntates</span> <span class='ocrx_word' id='word_1_242' title='bbox 1527 3197 1781 3259; x_wconf 89' lang='lat' dir='ltr'>nostras,</span> 
     </span>
    </p>
   </div>
   <div class='ocr_carea' id='block_1_33' title="bbox 153 3277 1784 3350">
    <p class='ocr_par' dir='ltr' id='par_1_33' title="bbox 153 3277 1784 3350">
     <span class='ocr_line' id='line_1_33' title="bbox 153 3277 1784 3350; baseline 0.004 -19"><span class='ocrx_word' id='word_1_243' title='bbox 153 3277 264 3349; x_wconf 89' lang='lat' dir='ltr'>ipse</span> <span class='ocrx_word' id='word_1_244' title='bbox 280 3279 358 3334; x_wconf 90' lang='lat' dir='ltr'>ait</span> <span class='ocrx_word' id='word_1_245' title='bbox 383 3279 439 3333; x_wconf 91' lang='lat' dir='ltr'>in</span> <span class='ocrx_word' id='word_1_246' title='bbox 470 3279 783 3350; x_wconf 86' lang='lat' dir='ltr'>Evangelio</span> <span class='ocrx_word' id='word_1_247' title='bbox 809 3295 822 3333; x_wconf 90' lang='lat'><strong>:</strong></span> <span class='ocrx_word' id='word_1_248' title='bbox 847 3282 956 3335; x_wconf 82' lang='lat' dir='ltr'>Aut</span> <span class='ocrx_word' id='word_1_249' title='bbox 973 3282 1141 3350; x_wconf 79' lang='lat' dir='ltr'>facite</span> <span class='ocrx_word' id='word_1_250' title='bbox 1161 3281 1414 3335; x_wconf 83' lang='lat' dir='ltr'>arborem</span> <span class='ocrx_word' id='word_1_251' title='bbox 1437 3281 1653 3347; x_wconf 82' lang='lat' dir='ltr'>bonam,</span> <span class='ocrx_word' id='word_1_252' title='bbox 1681 3291 1784 3338; x_wconf 84' lang='lat' dir='ltr'>aut</span> 
     </span>
    </p>
   </div>
   <div class='ocr_carea' id='block_1_34' title="bbox 149 3368 1780 3442">
    <p class='ocr_par' dir='ltr' id='par_1_34' title="bbox 149 3368 1780 3442">
     <span class='ocr_line' id='line_1_34' title="bbox 149 3368 1780 3442; baseline 0.004 -22"><span class='ocrx_word' id='word_1_253' title='bbox 149 3368 300 3439; x_wconf 78' lang='lat' dir='ltr'>facite</span> <span class='ocrx_word' id='word_1_254' title='bbox 321 3369 582 3424; x_wconf 85' lang='lat' dir='ltr'>arborem</span> <span class='ocrx_word' id='word_1_255' title='bbox 623 3369 830 3423; x_wconf 83' lang='lat' dir='ltr'>malum</span> <span class='ocrx_word' id='word_1_256' title='bbox 871 3370 1077 3439; x_wconf 79' lang='lat' dir='ltr'>(Matth.</span> <span class='ocrx_word' id='word_1_257' title='bbox 1111 3387 1211 3438; x_wconf 84' lang='lat' dir='ltr'>xu,</span> <span class='ocrx_word' id='word_1_258' title='bbox 1243 3369 1357 3439; x_wconf 91' lang='lat'>33).</span> <span class='ocrx_word' id='word_1_259' title='bbox 1391 3370 1529 3435; x_wconf 89' lang='lat' dir='ltr'>Quis</span> <span class='ocrx_word' id='word_1_260' title='bbox 1559 3377 1648 3426; x_wconf 91' lang='lat' dir='ltr'>est</span> <span class='ocrx_word' id='word_1_261' title='bbox 1681 3371 1780 3442; x_wconf 90' lang='lat' dir='ltr'>qui</span> 
     </span>
    </p>
   </div>
   <div class='ocr_carea' id='block_1_35' title="bbox 149 3457 1781 3530">
    <p class='ocr_par' dir='ltr' id='par_1_35' title="bbox 149 3457 1781 3530">
     <span class='ocr_line' id='line_1_35' title="bbox 149 3457 1781 3530; baseline 0.003 -20"><span class='ocrx_word' id='word_1_262' title='bbox 149 3457 316 3526; x_wconf 88' lang='lat' dir='ltr'>possit</span> <span class='ocrx_word' id='word_1_263' title='bbox 346 3458 535 3513; x_wconf 80' lang='lat' dir='ltr'>facere</span> <span class='ocrx_word' id='word_1_264' title='bbox 565 3463 832 3512; x_wconf 86' lang='lat' dir='ltr'>naturam</span> <span class='ocrx_word' id='word_1_265' title='bbox 852 3457 878 3511; x_wconf 91' lang='lat'>‘?</span> <span class='ocrx_word' id='word_1_266' title='bbox 895 3458 947 3512; x_wconf 91' lang='lat' dir='ltr'>Si</span> <span class='ocrx_word' id='word_1_267' title='bbox 972 3474 1106 3529; x_wconf 90' lang='lat' dir='ltr'>ergo</span> <span class='ocrx_word' id='word_1_268' title='bbox 1128 3458 1478 3530; x_wconf 90' lang='lat' dir='ltr'>imperatum</span> <span class='ocrx_word' id='word_1_269' title='bbox 1501 3464 1590 3514; x_wconf 90' lang='lat' dir='ltr'>est</span> <span class='ocrx_word' id='word_1_270' title='bbox 1612 3461 1781 3516; x_wconf 92' lang='lat' dir='ltr'>nobis</span> 
     </span>
    </p>
   </div>
   <div class='ocr_carea' id='block_1_36' title="bbox 148 3544 1779 3614">
    <p class='ocr_par' dir='ltr' id='par_1_36' title="bbox 148 3544 1779 3614">
     <span class='ocr_line' id='line_1_36' title="bbox 148 3544 1779 3614; baseline 0.004 -16"><span class='ocrx_word' id='word_1_271' title='bbox 148 3550 203 3598; x_wconf 91' lang='lat' dir='ltr'>ut</span> <span class='ocrx_word' id='word_1_272' title='bbox 219 3544 494 3600; x_wconf 83' lang='lat' dir='ltr'>faciamus</span> <span class='ocrx_word' id='word_1_273' title='bbox 508 3545 777 3601; x_wconf 87' lang='lat' dir='ltr'>arborem</span> <span class='ocrx_word' id='word_1_274' title='bbox 805 3551 905 3601; x_wconf 88' lang='lat' dir='ltr'>aut</span> <span class='ocrx_word' id='word_1_275' title='bbox 926 3547 1138 3602; x_wconf 90' lang='lat' dir='ltr'>bonam</span> <span class='ocrx_word' id='word_1_276' title='bbox 1157 3553 1256 3601; x_wconf 86' lang='lat' dir='ltr'>aut</span> <span class='ocrx_word' id='word_1_277' title='bbox 1273 3547 1779 3614; x_wconf 85' lang='lat' dir='ltr'>malam,nostrum</span> 
     </span>
    </p>
   </div>
   <div class='ocr_carea' id='block_1_37' title="bbox 148 3633 1779 3707">
    <p class='ocr_par' dir='ltr' id='par_1_37' title="bbox 148 3633 1779 3707">
     <span class='ocr_line' id='line_1_37' title="bbox 148 3633 1779 3707; baseline 0.003 -20"><span class='ocrx_word' id='word_1_278' title='bbox 148 3638 225 3687; x_wconf 85' lang='lat' dir='ltr'>est</span> <span class='ocrx_word' id='word_1_279' title='bbox 243 3633 445 3706; x_wconf 86' lang='lat' dir='ltr'>eligere</span> <span class='ocrx_word' id='word_1_280' title='bbox 465 3635 622 3706; x_wconf 89' lang='lat' dir='ltr'>quod</span> <span class='ocrx_word' id='word_1_281' title='bbox 653 3635 916 3691; x_wconf 90' lang='lat' dir='ltr'>velimus.</span> <span class='ocrx_word' id='word_1_282' title='bbox 950 3637 1022 3691; x_wconf 93' lang='lat' dir='ltr'>De</span> <span class='ocrx_word' id='word_1_283' title='bbox 1047 3636 1158 3691; x_wconf 91' lang='lat' dir='ltr'>isto</span> <span class='ocrx_word' id='word_1_284' title='bbox 1182 3652 1318 3707; x_wconf 91' lang='lat' dir='ltr'>ergo</span> <span class='ocrx_word' id='word_1_285' title='bbox 1344 3643 1575 3706; x_wconf 90' lang='lat' dir='ltr'>peccato</span> <span class='ocrx_word' id='word_1_286' title='bbox 1592 3638 1779 3692; x_wconf 91' lang='lat' dir='ltr'>homi-</span> 
     </span>
    </p>
   </div>
   <div class='ocr_carea' id='block_1_38' title="bbox 151 3720 1780 3786">
    <p class='ocr_par' dir='ltr' id='par_1_38' title="bbox 151 3720 1780 3786">
     <span class='ocr_line' id='line_1_38' title="bbox 151 3720 1780 3786; baseline 0.004 -11"><span class='ocrx_word' id='word_1_287' title='bbox 151 3720 250 3786; x_wconf 86' lang='lat' dir='ltr'>nis,</span> <span class='ocrx_word' id='word_1_288' title='bbox 280 3728 333 3776; x_wconf 89' lang='lat' dir='ltr'>et</span> <span class='ocrx_word' id='word_1_289' title='bbox 358 3724 426 3777; x_wconf 90' lang='lat' dir='ltr'>de</span> <span class='ocrx_word' id='word_1_290' title='bbox 458 3724 571 3777; x_wconf 81' lang='lat' dir='ltr'>ista</span> <span class='ocrx_word' id='word_1_291' title='bbox 595 3724 1015 3778; x_wconf 89' lang='lat' dir='ltr'>consuetudine</span> <span class='ocrx_word' id='word_1_292' title='bbox 1046 3724 1253 3778; x_wconf 74' lang='lat' dir='ltr'>animae</span> <span class='ocrx_word' id='word_1_293' title='bbox 1280 3725 1430 3779; x_wconf 86' lang='lat' dir='ltr'>facta</span> <span class='ocrx_word' id='word_1_294' title='bbox 1454 3742 1583 3779; x_wconf 92' lang='lat' dir='ltr'>cum</span> <span class='ocrx_word' id='word_1_295' title='bbox 1609 3743 1780 3782; x_wconf 89' lang='lat' dir='ltr'>carne</span> 
     </span>
    </p>
   </div>
   <div class='ocr_carea' id='block_1_39' title="bbox 151 3811 1775 3886">
    <p class='ocr_par' dir='ltr' id='par_1_39' title="bbox 151 3811 1775 3886">
     <span class='ocr_line' id='line_1_39' title="bbox 151 3811 1775 3886; baseline 0.004 -23"><span class='ocrx_word' id='word_1_296' title='bbox 151 3811 444 3880; x_wconf 79' lang='lat' dir='ltr'>Apostolus</span> <span class='ocrx_word' id='word_1_297' title='bbox 475 3813 620 3867; x_wconf 88' lang='lat' dir='ltr'>dicit</span> <span class='ocrx_word' id='word_1_298' title='bbox 641 3814 661 3845; x_wconf 82' lang='grc'>²</span> <span class='ocrx_word' id='word_1_299' title='bbox 690 3830 701 3866; x_wconf 88' lang='lat'><strong>:</strong></span> <span class='ocrx_word' id='word_1_300' title='bbox 735 3812 898 3868; x_wconf 82' lang='lat' dir='ltr'>Nemo</span> <span class='ocrx_word' id='word_1_301' title='bbox 944 3829 1037 3867; x_wconf 84' lang='lat' dir='ltr'>vos</span> <span class='ocrx_word' id='word_1_302' title='bbox 1089 3813 1309 3868; x_wconf 86' lang='lat' dir='ltr'>seducat</span> <span class='ocrx_word' id='word_1_303' title='bbox 1352 3814 1562 3884; x_wconf 67' lang='lat' dir='ltr'>(Ep/tes.</span> <span class='ocrx_word' id='word_1_304' title='bbox 1595 3831 1651 3884; x_wconf 92' lang='lat' dir='ltr'>v,</span> <span class='ocrx_word' id='word_1_305' title='bbox 1682 3816 1775 3886; x_wconf 89' lang='lat'>6):</span> 
     </span>
    </p>
   </div>
   <div class='ocr_carea' id='block_1_40' title="bbox 151 3902 1776 3974">
    <p class='ocr_par' dir='ltr' id='par_1_40' title="bbox 151 3902 1776 3974">
     <span class='ocr_line' id='line_1_40' title="bbox 151 3902 1776 3974; baseline 0.003 -21"><span class='ocrx_word' id='word_1_306' title='bbox 151 3902 310 3954; x_wconf 82' lang='lat' dir='ltr'>omnis</span> <span class='ocrx_word' id='word_1_307' title='bbox 331 3906 587 3956; x_wconf 85' lang='lat' dir='ltr'>creatura</span> <span class='ocrx_word' id='word_1_308' title='bbox 604 3918 725 3972; x_wconf 76' lang='lat' dir='ltr'>quae</span> <span class='ocrx_word' id='word_1_309' title='bbox 744 3918 776 3956; x_wconf 90' lang='lat' dir='ltr'>a</span> <span class='ocrx_word' id='word_1_310' title='bbox 803 3906 916 3956; x_wconf 87' lang='lat' dir='ltr'>Deo</span> <span class='ocrx_word' id='word_1_311' title='bbox 936 3904 1086 3972; x_wconf 80' lang='lat' dir='ltr'>facta</span> <span class='ocrx_word' id='word_1_312' title='bbox 1102 3911 1200 3968; x_wconf 87' lang='lat' dir='ltr'>est,</span> <span class='ocrx_word' id='word_1_313' title='bbox 1217 3903 1362 3958; x_wconf 82' lang='lat' dir='ltr'>bona</span> <span class='ocrx_word' id='word_1_314' title='bbox 1384 3912 1460 3958; x_wconf 83' lang='lat' dir='ltr'>est</span> <span class='ocrx_word' id='word_1_315' title='bbox 1479 3905 1527 3973; x_wconf 93' lang='lat' dir='ltr'>(l</span> <span class='ocrx_word' id='word_1_316' title='bbox 1549 3905 1678 3958; x_wconf 92' lang='lat' dir='ltr'>Tim.</span> <span class='ocrx_word' id='word_1_317' title='bbox 1700 3921 1776 3974; x_wconf 81' lang='lat' dir='ltr'>Iv,</span> 
     </span>
    </p>
   </div>
   <div class='ocr_carea' id='block_1_41' title="bbox 155 3988 1774 4061">
    <p class='ocr_par' dir='ltr' id='par_1_41' title="bbox 155 3988 1774 4061">
     <span class='ocr_line' id='line_1_41' title="bbox 155 3988 1774 4061; baseline 0.004 -20"><span class='ocrx_word' id='word_1_318' title='bbox 155 3988 367 4055; x_wconf 69' lang='lat' dir='ltr'>4).Dicit</span> <span class='ocrx_word' id='word_1_319' title='bbox 389 3991 539 4045; x_wconf 90' lang='lat' dir='ltr'>idem</span> <span class='ocrx_word' id='word_1_320' title='bbox 555 3990 856 4060; x_wconf 88' lang='lat' dir='ltr'>apostolus</span> <span class='ocrx_word' id='word_1_321' title='bbox 876 4007 1046 4060; x_wconf 89' lang='lat' dir='ltr'>quem</span> <span class='ocrx_word' id='word_1_322' title='bbox 1063 3995 1124 4045; x_wconf 92' lang='lat' dir='ltr'>tu</span> <span class='ocrx_word' id='word_1_323' title='bbox 1141 3992 1263 4061; x_wconf 88' lang='lat' dir='ltr'>ipse</span> <span class='ocrx_word' id='word_1_324' title='bbox 1277 3993 1774 4048; x_wconf 88' lang='lat' dir='ltr'>commemorasti:</span> 
     </span>
    </p>
   </div>
   <div class='ocr_carea' id='block_1_42' title="bbox 153 4077 1781 4151">
    <p class='ocr_par' dir='ltr' id='par_1_42' title="bbox 153 4077 1781 4151">
     <span class='ocr_line' id='line_1_42' title="bbox 153 4077 1781 4151; baseline 0.004 -21"><span class='ocrx_word' id='word_1_325' title='bbox 153 4077 285 4131; x_wconf 83' lang='lat' dir='ltr'>Sicut</span> <span class='ocrx_word' id='word_1_326' title='bbox 307 4096 406 4150; x_wconf 87' lang='lat' dir='ltr'>per</span> <span class='ocrx_word' id='word_1_327' title='bbox 450 4082 620 4134; x_wconf 75' lang='lat' dir='ltr'>unius</span> <span class='ocrx_word' id='word_1_328' title='bbox 669 4079 1113 4148; x_wconf 83' lang='lat' dir='ltr'>inobedientiam,</span> <span class='ocrx_word' id='word_1_329' title='bbox 1164 4085 1464 4151; x_wconf 78' lang='lat' dir='ltr'>peccatores</span> <span class='ocrx_word' id='word_1_330' title='bbox 1501 4083 1781 4137; x_wconf 76' lang='lat' dir='ltr'>constituti</span> 
     </span>
    </p>
   </div>
   <div class='ocr_carea' id='block_1_43' title="bbox 151 4168 1776 4238">
    <p class='ocr_par' dir='ltr' id='par_1_43' title="bbox 151 4168 1776 4238">
     <span class='ocr_line' id='line_1_43' title="bbox 151 4168 1776 4238; baseline 0.004 -19"><span class='ocrx_word' id='word_1_331' title='bbox 151 4168 475 4234; x_wconf 71' lang='lat' dir='ltr'>suntmotti;</span> <span class='ocrx_word' id='word_1_332' title='bbox 497 4171 578 4222; x_wconf 86' lang='lat' dir='ltr'>sic</span> <span class='ocrx_word' id='word_1_333' title='bbox 599 4172 651 4222; x_wconf 90' lang='lat' dir='ltr'>et</span> <span class='ocrx_word' id='word_1_334' title='bbox 669 4184 766 4238; x_wconf 86' lang='lat' dir='ltr'>per</span> <span class='ocrx_word' id='word_1_335' title='bbox 783 4170 948 4222; x_wconf 84' lang='lat' dir='ltr'>unius</span> <span class='ocrx_word' id='word_1_336' title='bbox 967 4169 1358 4233; x_wconf 77' lang='lat' dir='ltr'>obedientiam,</span> <span class='ocrx_word' id='word_1_337' title='bbox 1387 4171 1533 4238; x_wconf 80' lang='lat' dir='ltr'>justi</span> <span class='ocrx_word' id='word_1_338' title='bbox 1571 4173 1776 4225; x_wconf 81' lang='lat' dir='ltr'>consti-</span> 
     </span>
    </p>
   </div>
   <div class='ocr_carea' id='block_1_44' title="bbox 152 4257 1780 4328">
    <p class='ocr_par' dir='ltr' id='par_1_44' title="bbox 152 4257 1780 4328">
     <span class='ocr_line' id='line_1_44' title="bbox 152 4257 1780 4328; baseline 0.004 -21"><span class='ocrx_word' id='word_1_339' title='bbox 152 4259 552 4327; x_wconf 85' lang='lat' dir='ltr'>tuenturmulti(</span> <span class='ocrx_word' id='word_1_340' title='bbox 561 4259 712 4312; x_wconf 85' lang='lat' dir='ltr'>Rom.</span> <span class='ocrx_word' id='word_1_341' title='bbox 739 4274 787 4323; x_wconf 71' lang='grc' dir='ltr'>ν,</span> <span class='ocrx_word' id='word_1_342' title='bbox 815 4257 920 4328; x_wconf 84' lang='lat'>19).</span> <span class='ocrx_word' id='word_1_343' title='bbox 944 4258 1211 4325; x_wconf 81' lang='lat' dir='ltr'>Quoniam</span> <span class='ocrx_word' id='word_1_344' title='bbox 1221 4274 1319 4328; x_wconf 86' lang='lat' dir='ltr'>per</span> <span class='ocrx_word' id='word_1_345' title='bbox 1342 4257 1614 4313; x_wconf 81' lang='lat' dir='ltr'>hominem</span> <span class='ocrx_word' id='word_1_346' title='bbox 1635 4276 1780 4314; x_wconf 87' lang='lat' dir='ltr'>mors</span> 
     </span>
    </p>
   </div>
   <div class='ocr_carea' id='block_1_45' title="bbox 150 4346 1776 4420">
    <p class='ocr_par' dir='ltr' id='par_1_45' title="bbox 150 4346 1776 4420">
     <span class='ocr_line' id='line_1_45' title="bbox 150 4346 1776 4420; baseline 0.004 -23"><span class='ocrx_word' id='word_1_347' title='bbox 150 4349 194 4398; x_wconf 86' lang='lat' dir='ltr'>et</span> <span class='ocrx_word' id='word_1_348' title='bbox 211 4346 579 4414; x_wconf 70' lang='lat' dir='ltr'>per-hominem</span> <span class='ocrx_word' id='word_1_349' title='bbox 605 4349 934 4402; x_wconf 79' lang='lat' dir='ltr'>resurrectio</span> <span class='ocrx_word' id='word_1_350' title='bbox 949 4355 1308 4402; x_wconf 86' lang='lat' dir='ltr'>mortuorum.</span> <span class='ocrx_word' id='word_1_351' title='bbox 1334 4349 1620 4412; x_wconf 88' lang='lat' dir='ltr'>Quamdiu</span> <span class='ocrx_word' id='word_1_352' title='bbox 1642 4364 1776 4420; x_wconf 89' lang='lat' dir='ltr'>ergo</span> 
     </span>
    </p>
   </div>
   <div class='ocr_carea' id='block_1_46' title="bbox 153 4435 1774 4507">
    <p class='ocr_par' dir='ltr' id='par_1_46' title="bbox 153 4435 1774 4507">
     <span class='ocr_line' id='line_1_46' title="bbox 153 4435 1774 4507; baseline 0.003 -20"><span class='ocrx_word' id='word_1_353' title='bbox 153 4438 431 4504; x_wconf 88' lang='lat' dir='ltr'>portamus</span> <span class='ocrx_word' id='word_1_354' title='bbox 463 4435 779 4507; x_wconf 88' lang='lat' dir='ltr'>imaginem</span> <span class='ocrx_word' id='word_1_355' title='bbox 804 4436 1021 4491; x_wconf 91' lang='lat' dir='ltr'>terreni</span> <span class='ocrx_word' id='word_1_356' title='bbox 1051 4435 1308 4491; x_wconf 87' lang='lat' dir='ltr'>hominis</span> <span class='ocrx_word' id='word_1_357' title='bbox 1341 4437 1386 4507; x_wconf 92' lang='grc' dir='ltr'>(Ι</span> <span class='ocrx_word' id='word_1_358' title='bbox 1420 4437 1537 4491; x_wconf 83' lang='lat' dir='ltr'>Cor.</span> <span class='ocrx_word' id='word_1_359' title='bbox 1562 4455 1654 4502; x_wconf 88' lang='lat' dir='ltr'>xv,</span> <span class='ocrx_word' id='word_1_360' title='bbox 1685 4439 1774 4506; x_wconf 93' lang='lat'>21,</span> 
     </span>
    </p>
   </div>
   <div class='ocr_carea' id='block_1_47' title="bbox 154 4522 1775 4597">
    <p class='ocr_par' dir='ltr' id='par_1_47' title="bbox 154 4522 1775 4597">
     <span class='ocr_line' id='line_1_47' title="bbox 154 4522 1775 4597; baseline 0.004 -23"><span class='ocrx_word' id='word_1_361' title='bbox 154 4522 248 4592; x_wconf 74' lang='grc'>49),</span> <span class='ocrx_word' id='word_1_362' title='bbox 270 4523 321 4578; x_wconf 90' lang='lat' dir='ltr'>id</span> <span class='ocrx_word' id='word_1_363' title='bbox 344 4530 450 4591; x_wconf 88' lang='lat' dir='ltr'>est,</span> <span class='ocrx_word' id='word_1_364' title='bbox 471 4523 757 4596; x_wconf 75' lang='lat' dir='ltr'>quamdiu</span> <span class='ocrx_word' id='word_1_365' title='bbox 782 4525 1105 4580; x_wconf 87' lang='lat' dir='ltr'>secundum</span> <span class='ocrx_word' id='word_1_366' title='bbox 1131 4541 1364 4579; x_wconf 88' lang='lat' dir='ltr'>carnem</span> <span class='ocrx_word' id='word_1_367' title='bbox 1389 4525 1660 4592; x_wconf 88' lang='lat' dir='ltr'>vivimus,</span> <span class='ocrx_word' id='word_1_368' title='bbox 1678 4527 1775 4597; x_wconf 90' lang='lat' dir='ltr'>qui</span> 
     </span>
    </p>
   </div>
   <div class='ocr_carea' id='block_1_48' title="bbox 152 4613 1776 4678">
    <p class='ocr_par' dir='ltr' id='par_1_48' title="bbox 152 4613 1776 4678">
     <span class='ocr_line' id='line_1_48' title="bbox 152 4613 1776 4678; baseline 0.004 -16"><span class='ocrx_word' id='word_1_369' title='bbox 152 4615 300 4667; x_wconf 84' lang='lat' dir='ltr'>vetus</span> <span class='ocrx_word' id='word_1_370' title='bbox 328 4613 498 4668; x_wconf 87' lang='lat' dir='ltr'>etiam</span> <span class='ocrx_word' id='word_1_371' title='bbox 534 4613 711 4668; x_wconf 92' lang='lat' dir='ltr'>homo</span> <span class='ocrx_word' id='word_1_372' title='bbox 753 4613 1108 4678; x_wconf 88' lang='lat' dir='ltr'>nominatur,</span> <span class='ocrx_word' id='word_1_373' title='bbox 1144 4614 1430 4668; x_wconf 87' lang='lat' dir='ltr'>habemus</span> <span class='ocrx_word' id='word_1_374' title='bbox 1461 4615 1776 4669; x_wconf 82' lang='lat' dir='ltr'>necessita-</span> 
     </span>
    </p>
   </div>
   <div class='ocr_carea' id='block_1_49' title="bbox 153 4701 1777 4773">
    <p class='ocr_par' dir='ltr' id='par_1_49' title="bbox 153 4701 1777 4773">
     <span class='ocr_line' id='line_1_49' title="bbox 153 4701 1777 4773; baseline 0.004 -21"><span class='ocrx_word' id='word_1_375' title='bbox 153 4701 254 4754; x_wconf 82' lang='lat' dir='ltr'>tem</span> <span class='ocrx_word' id='word_1_376' title='bbox 273 4702 708 4758; x_wconf 89' lang='lat' dir='ltr'>consuetudinis</span> <span class='ocrx_word' id='word_1_377' title='bbox 732 4707 961 4768; x_wconf 64' lang='lat' dir='ltr'>nostris,</span> <span class='ocrx_word' id='word_1_378' title='bbox 989 4706 1053 4756; x_wconf 89' lang='lat' dir='ltr'>ut</span> <span class='ocrx_word' id='word_1_379' title='bbox 1083 4719 1196 4756; x_wconf 92' lang='lat' dir='ltr'>non</span> <span class='ocrx_word' id='word_1_380' title='bbox 1221 4703 1374 4773; x_wconf 92' lang='lat' dir='ltr'>quod</span> <span class='ocrx_word' id='word_1_381' title='bbox 1399 4703 1671 4758; x_wconf 91' lang='lat' dir='ltr'>volumus</span> <span class='ocrx_word' id='word_1_382' title='bbox 1695 4705 1777 4758; x_wconf 80' lang='lat' dir='ltr'>fa-</span> 
     </span>
    </p>
   </div>
   <div class='ocr_carea' id='block_1_50' title="bbox 155 4787 1774 4862">
    <p class='ocr_par' dir='ltr' id='par_1_50' title="bbox 155 4787 1774 4862">
     <span class='ocr_line' id='line_1_50' title="bbox 155 4787 1774 4862; baseline 0.005 -22"><span class='ocrx_word' id='word_1_383' title='bbox 155 4787 523 4846; x_wconf 87' lang='lat' dir='ltr'>ciamus.Cum</span> <span class='ocrx_word' id='word_1_384' title='bbox 541 4797 738 4846; x_wconf 91' lang='lat' dir='ltr'>autem</span> <span class='ocrx_word' id='word_1_385' title='bbox 753 4791 1044 4862; x_wconf 86' lang='lat' dir='ltr'>gratiaDei</span> <span class='ocrx_word' id='word_1_386' title='bbox 1059 4808 1316 4846; x_wconf 90' lang='lat' dir='ltr'>amorem</span> <span class='ocrx_word' id='word_1_387' title='bbox 1334 4791 1774 4848; x_wconf 84' lang='lat' dir='ltr'>nobisdivinum</span> 
     </span>
    </p>
   </div>
   <div class='ocr_carea' id='block_1_51' title="bbox 155 4875 1777 4951">
    <p class='ocr_par' dir='ltr' id='par_1_51' title="bbox 155 4875 1777 4951">
     <span class='ocr_line' id='line_1_51' title="bbox 155 4875 1777 4951; baseline 0.004 -23"><span class='ocrx_word' id='word_1_388' title='bbox 155 4875 587 4950; x_wconf 88' lang='lat' dir='ltr'>inspiraverit,et</span> <span class='ocrx_word' id='word_1_389' title='bbox 599 4897 702 4936; x_wconf 90' lang='lat' dir='ltr'>nos</span> <span class='ocrx_word' id='word_1_390' title='bbox 719 4897 834 4935; x_wconf 80' lang='lat' dir='ltr'>suae</span> <span class='ocrx_word' id='word_1_391' title='bbox 851 4879 1130 4934; x_wconf 81' lang='lat' dir='ltr'>voluntati</span> <span class='ocrx_word' id='word_1_392' title='bbox 1149 4881 1415 4935; x_wconf 88' lang='lat' dir='ltr'>subditos</span> <span class='ocrx_word' id='word_1_393' title='bbox 1431 4881 1777 4951; x_wconf 85' lang='lat' dir='ltr'>fecerit,qui-</span> 
     </span>
    </p>
   </div>
   <div class='ocr_carea' id='block_1_52' title="bbox 155 4963 1774 5036">
    <p class='ocr_par' dir='ltr' id='par_1_52' title="bbox 155 4963 1774 5036">
     <span class='ocr_line' id='line_1_52' title="bbox 155 4963 1774 5036; baseline 0.002 -17"><span class='ocrx_word' id='word_1_394' title='bbox 155 4963 250 5020; x_wconf 87' lang='lat' dir='ltr'>bus</span> <span class='ocrx_word' id='word_1_395' title='bbox 266 4967 475 5023; x_wconf 89' lang='lat' dir='ltr'>dictum</span> <span class='ocrx_word' id='word_1_396' title='bbox 496 4975 605 5036; x_wconf 89' lang='lat' dir='ltr'>est,</span> <span class='ocrx_word' id='word_1_397' title='bbox 633 4970 726 5024; x_wconf 81' lang='lat' dir='ltr'>Vos</span> <span class='ocrx_word' id='word_1_398' title='bbox 741 4971 795 5024; x_wconf 84' lang='lat' dir='ltr'>in</span> <span class='ocrx_word' id='word_1_399' title='bbox 823 4969 1138 5024; x_wconf 80' lang='lat' dir='ltr'>libertatem</span> <span class='ocrx_word' id='word_1_400' title='bbox 1159 4972 1334 5024; x_wconf 79' lang='lat' dir='ltr'>vocati</span> <span class='ocrx_word' id='word_1_401' title='bbox 1353 4971 1488 5023; x_wconf 82' lang='lat' dir='ltr'>estis</span> <span class='ocrx_word' id='word_1_402' title='bbox 1508 4969 1774 5035; x_wconf 83' lang='lat' dir='ltr'>(Gatat.v,</span> 
     </span>
    </p>
   </div>
   <div class='ocr_carea' id='block_1_53' title="bbox 155 5053 1776 5128">
    <p class='ocr_par' dir='ltr' id='par_1_53' title="bbox 155 5053 1776 5128">
     <span class='ocr_line' id='line_1_53' title="bbox 155 5053 1776 5128; baseline 0.004 -22"><span class='ocrx_word' id='word_1_403' title='bbox 155 5053 262 5123; x_wconf 85' lang='lat'>13);</span> <span class='ocrx_word' id='word_1_404' title='bbox 290 5062 361 5123; x_wconf 90' lang='lat' dir='ltr'>et,</span> <span class='ocrx_word' id='word_1_405' title='bbox 386 5056 575 5111; x_wconf 85' lang='lat' dir='ltr'>Gratia</span> <span class='ocrx_word' id='word_1_406' title='bbox 599 5057 694 5112; x_wconf 87' lang='lat' dir='ltr'>Dei</span> <span class='ocrx_word' id='word_1_407' title='bbox 719 5056 973 5112; x_wconf 81' lang='lat' dir='ltr'>liberavit</span> <span class='ocrx_word' id='word_1_408' title='bbox 996 5074 1081 5112; x_wconf 91' lang='lat' dir='ltr'>me</span> <span class='ocrx_word' id='word_1_409' title='bbox 1101 5074 1134 5112; x_wconf 91' lang='lat' dir='ltr'>a</span> <span class='ocrx_word' id='word_1_410' title='bbox 1161 5058 1272 5128; x_wconf 81' lang='lat' dir='ltr'>tege</span> <span class='ocrx_word' id='word_1_411' title='bbox 1291 5060 1499 5128; x_wconf 83' lang='lat' dir='ltr'>peccati</span> <span class='ocrx_word' id='word_1_412' title='bbox 1516 5066 1567 5112; x_wconf 85' lang='lat' dir='ltr'>et</span> <span class='ocrx_word' id='word_1_413' title='bbox 1585 5059 1776 5113; x_wconf 75' lang='lat' dir='ltr'>mortis</span> 
     </span>
    </p>
   </div>
   <div class='ocr_carea' id='block_1_54' title="bbox 152 5141 1774 5218">
    <p class='ocr_par' dir='ltr' id='par_1_54' title="bbox 152 5141 1774 5218">
     <span class='ocr_line' id='line_1_54' title="bbox 152 5141 1774 5218; baseline 0.004 -22"><span class='ocrx_word' id='word_1_414' title='bbox 152 5141 302 5210; x_wconf 86' lang='lat' dir='ltr'>(Rom.</span> <span class='ocrx_word' id='word_1_415' title='bbox 329 5162 448 5214; x_wconf 80' lang='lat' dir='ltr'><strong>VIII,</strong></span> <span class='ocrx_word' id='word_1_416' title='bbox 470 5146 550 5216; x_wconf 90' lang='lat'>2).</span> <span class='ocrx_word' id='word_1_417' title='bbox 578 5147 691 5201; x_wconf 85' lang='lat' dir='ltr'>Lex</span> <span class='ocrx_word' id='word_1_418' title='bbox 721 5151 916 5202; x_wconf 88' lang='lat' dir='ltr'>autem</span> <span class='ocrx_word' id='word_1_419' title='bbox 941 5145 1160 5216; x_wconf 87' lang='lat' dir='ltr'>peccati</span> <span class='ocrx_word' id='word_1_420' title='bbox 1189 5151 1298 5212; x_wconf 90' lang='lat' dir='ltr'>est,</span> <span class='ocrx_word' id='word_1_421' title='bbox 1325 5152 1387 5200; x_wconf 93' lang='lat' dir='ltr'>ut</span> <span class='ocrx_word' id='word_1_422' title='bbox 1417 5146 1774 5218; x_wconf 86' lang='lat' dir='ltr'>quicumque</span> 
     </span>
    </p>
   </div>
   <div class='ocr_carea' id='block_1_55' title="bbox 151 5235 1770 5307">
    <p class='ocr_par' dir='ltr' id='par_1_55' title="bbox 151 5235 1770 5307">
     <span class='ocr_line' id='line_1_55' title="bbox 151 5235 1770 5307; baseline 0.003 -21"><span class='ocrx_word' id='word_1_423' title='bbox 151 5235 462 5300; x_wconf 85' lang='lat' dir='ltr'>peccaverit,</span> <span class='ocrx_word' id='word_1_424' title='bbox 499 5235 802 5290; x_wconf 90' lang='lat' dir='ltr'>moriatur.</span> <span class='ocrx_word' id='word_1_425' title='bbox 836 5236 919 5290; x_wconf 85' lang='lat' dir='ltr'>Ab</span> <span class='ocrx_word' id='word_1_426' title='bbox 950 5235 1064 5290; x_wconf 87' lang='lat' dir='ltr'>ista</span> <span class='ocrx_word' id='word_1_427' title='bbox 1095 5235 1221 5307; x_wconf 89' lang='lat' dir='ltr'>lege</span> <span class='ocrx_word' id='word_1_428' title='bbox 1253 5235 1596 5303; x_wconf 90' lang='lat' dir='ltr'>liberamur,</span> <span class='ocrx_word' id='word_1_429' title='bbox 1636 5243 1770 5291; x_wconf 81' lang='lat' dir='ltr'>cum</span> 
     </span>
    </p>
   </div>
   <div class='ocr_carea' id='block_1_56' title="bbox 147 5319 1774 5396">
    <p class='ocr_par' dir='ltr' id='par_1_56' title="bbox 147 5319 1774 5396">
     <span class='ocr_line' id='line_1_56' title="bbox 147 5319 1774 5396; baseline 0.004 -23"><span class='ocrx_word' id='word_1_430' title='bbox 147 5319 272 5388; x_wconf 84' lang='lat' dir='ltr'>justi</span> <span class='ocrx_word' id='word_1_431' title='bbox 298 5339 422 5379; x_wconf 88' lang='lat' dir='ltr'>esse</span> <span class='ocrx_word' id='word_1_432' title='bbox 441 5325 811 5395; x_wconf 75' lang='lat' dir='ltr'>coeperimus.</span> <span class='ocrx_word' id='word_1_433' title='bbox 838 5324 950 5379; x_wconf 83' lang='lat' dir='ltr'>Lex</span> <span class='ocrx_word' id='word_1_434' title='bbox 969 5325 1173 5379; x_wconf 90' lang='lat' dir='ltr'>mortis</span> <span class='ocrx_word' id='word_1_435' title='bbox 1186 5330 1292 5394; x_wconf 88' lang='lat' dir='ltr'>est,</span> <span class='ocrx_word' id='word_1_436' title='bbox 1311 5341 1425 5396; x_wconf 87' lang='lat' dir='ltr'>qua</span> <span class='ocrx_word' id='word_1_437' title='bbox 1439 5325 1657 5380; x_wconf 91' lang='lat' dir='ltr'>dictum</span> <span class='ocrx_word' id='word_1_438' title='bbox 1685 5329 1774 5380; x_wconf 85' lang='lat' dir='ltr'>est</span> 
     </span>
    </p>
   </div>
   <div class='ocr_carea' id='block_1_57' title="bbox 211 5490 1774 5558">
    <p class='ocr_par' dir='ltr' id='par_1_57' title="bbox 211 5490 1774 5558">
     <span class='ocr_line' id='line_1_57' title="bbox 211 5490 1774 5558; baseline 0.001 -18"><span class='ocrx_word' id='word_1_439' title='bbox 211 5490 224 5522; x_wconf 85' lang='grc'>¹</span> <span class='ocrx_word' id='word_1_440' title='bbox 255 5492 341 5540; x_wconf 79' lang='lat' dir='ltr'>Hic</span> <span class='ocrx_word' id='word_1_441' title='bbox 371 5493 645 5558; x_wconf 70' lang='lat' dir='ltr'>Vaticanus</span> <span class='ocrx_word' id='word_1_442' title='bbox 665 5493 991 5558; x_wconf 26' lang='lat' dir='ltr'>‘codexaddlt</span> <span class='ocrx_word' id='word_1_443' title='bbox 1009 5493 1168 5558; x_wconf 38' lang='lat' dir='ltr'>{Non</span> <span class='ocrx_word' id='word_1_444' title='bbox 1189 5493 1408 5558; x_wconf 68' lang='lat' dir='ltr'>potestis</span> <span class='ocrx_word' id='word_1_445' title='bbox 1440 5493 1605 5541; x_wconf 80' lang='lat' dir='ltr'>dicere</span> <span class='ocrx_word' id='word_1_446' title='bbox 1633 5493 1774 5558; x_wconf 85' lang='lat' dir='ltr'>quod</span> 
     </span>
    </p>
   </div>
   <div class='ocr_carea' id='block_1_58' title="bbox 157 5554 1515 5618">
    <p class='ocr_par' dir='ltr' id='par_1_58' title="bbox 157 5554 1515 5618">
     <span class='ocr_line' id='line_1_58' title="bbox 157 5554 1515 5618; baseline 0.001 -17"><span class='ocrx_word' id='word_1_447' title='bbox 157 5565 272 5618; x_wconf 57' lang='lat' dir='ltr'>[cits</span> <span class='ocrx_word' id='word_1_448' title='bbox 291 5555 610 5603; x_wconf 80' lang='lat' dir='ltr'>tenebran</span> <span class='ocrx_word' id='word_1_449' title='bbox 640 5554 705 5602; x_wconf 85' lang='lat' dir='ltr'>de</span> <span class='ocrx_word' id='word_1_450' title='bbox 731 5556 876 5604; x_wconf 72' lang='lat' dir='ltr'>nobis</span> <span class='ocrx_word' id='word_1_451' title='bbox 899 5571 993 5618; x_wconf 80' lang='lat' dir='ltr'>per</span> <span class='ocrx_word' id='word_1_452' title='bbox 1017 5554 1332 5604; x_wconf 80' lang='lat' dir='ltr'>Paracletum</span> <span class='ocrx_word' id='word_1_453' title='bbox 1344 5556 1515 5617; x_wconf 83' lang='lat' dir='ltr'>jurat.</span> 
     </span>
    </p>
   </div>
   <div class='ocr_carea' id='block_1_59' title="bbox 214 5615 1765 5680">
    <p class='ocr_par' dir='ltr' id='par_1_59' title="bbox 214 5615 1765 5680">
     <span class='ocr_line' id='line_1_59' title="bbox 214 5615 1765 5680; baseline 0.001 -16"><span class='ocrx_word' id='word_1_454' title='bbox 214 5615 310 5664; x_wconf 75' lang='lat' dir='ltr'>&#39;ln</span> <span class='ocrx_word' id='word_1_455' title='bbox 338 5618 580 5666; x_wconf 81' lang='lat' dir='ltr'>vaticano</span> <span class='ocrx_word' id='word_1_456' title='bbox 611 5618 808 5676; x_wconf 90' lang='lat' dir='ltr'>codice,</span> <span class='ocrx_word' id='word_1_457' title='bbox 855 5615 991 5680; x_wconf 83' lang='lat' dir='ltr'>post,</span> <span class='ocrx_word' id='word_1_458' title='bbox 1040 5618 1297 5679; x_wconf 76' lang='lat' dir='ltr'>apostolus</span> <span class='ocrx_word' id='word_1_459' title='bbox 1345 5615 1485 5672; x_wconf 76' lang='lat' dir='ltr'>dicit,</span> <span class='ocrx_word' id='word_1_460' title='bbox 1535 5616 1765 5676; x_wconf 86' lang='lat' dir='ltr'>additur,</span> 
     </span>
    </p>
   </div>
   <div class='ocr_carea' id='block_1_60' title="bbox 158 5673 1767 5729">
    <p class='ocr_par' dir='ltr' id='par_1_60' title="bbox 158 5673 1767 5729">
     <span class='ocr_line' id='line_1_60' title="bbox 158 5673 1767 5729; baseline 0.004 -7"><span class='ocrx_word' id='word_1_461' title='bbox 158 5673 413 5727; x_wconf 80' lang='lat' dir='ltr'>Prudentia</span> <span class='ocrx_word' id='word_1_462' title='bbox 441 5680 612 5728; x_wconf 69' lang='lat' dir='ltr'>carnis</span> <span class='ocrx_word' id='word_1_463' title='bbox 644 5673 952 5729; x_wconf 63' lang='lat' dir='ltr'>inimica&#39;est</span> <span class='ocrx_word' id='word_1_464' title='bbox 981 5673 1103 5729; x_wconf 83' lang='lat' dir='ltr'>Deo.</span> <span class='ocrx_word' id='word_1_465' title='bbox 1138 5681 1211 5728; x_wconf 89' lang='lat' dir='ltr'>De</span> <span class='ocrx_word' id='word_1_466' title='bbox 1246 5681 1416 5729; x_wconf 78' lang='lat' dir='ltr'>carnis</span> <span class='ocrx_word' id='word_1_467' title='bbox 1462 5686 1630 5728; x_wconf 88' lang='lat' dir='ltr'>autem</span> <span class='ocrx_word' id='word_1_468' title='bbox 1677 5673 1767 5728; x_wconf 52' lang='lat' dir='ltr'>na;</span> 
     </span>
    </p>
   </div>
   <div class='ocr_carea' id='block_1_61' title="bbox 160 5740 1548 5807">
    <p class='ocr_par' dir='ltr' id='par_1_61' title="bbox 160 5740 1548 5807">
     <span class='ocr_line' id='line_1_61' title="bbox 160 5740 1548 5807; baseline 0.005 -22"><span class='ocrx_word' id='word_1_469' title='bbox 160 5740 262 5787; x_wconf 77' lang='lat' dir='ltr'>tura</span> <span class='ocrx_word' id='word_1_470' title='bbox 286 5742 403 5792; x_wconf 80' lang='lat' dir='ltr'>dicit</span> <span class='ocrx_word' id='word_1_471' title='bbox 429 5742 532 5792; x_wconf 83' lang='lat' dir='ltr'>alio</span> <span class='ocrx_word' id='word_1_472' title='bbox 567 5742 672 5791; x_wconf 84' lang='lat' dir='ltr'>loco</span> <span class='ocrx_word' id='word_1_473' title='bbox 699 5742 986 5807; x_wconf 75' lang='lat' dir='ltr'>Apostolus.</span> <span class='ocrx_word' id='word_1_474' title='bbox 1018 5743 1177 5793; x_wconf 86' lang='lat' dir='ltr'>Nemo</span> <span class='ocrx_word' id='word_1_475' title='bbox 1208 5758 1294 5793; x_wconf 82' lang='lat' dir='ltr'>vos</span> <span class='ocrx_word' id='word_1_476' title='bbox 1321 5744 1548 5792; x_wconf 76' lang='lat' dir='ltr'>seducet.</span> 
     </span>
    </p>
   </div>
   <div class='ocr_carea' id='block_1_62' title="bbox 1395 389 2303 456">
    <p class='ocr_par' dir='ltr' id='par_1_62' title="bbox 1395 389 2303 456">
     <span class='ocr_line' id='line_1_62' title="bbox 1395 389 2303 456; baseline -0.008 -1"><span class='ocrx_word' id='word_1_477' title='bbox 1395 391 1868 456; x_wconf 74' lang='lat' dir='ltr'>DISPUTATIO</span> <span class='ocrx_word' id='word_1_478' title='bbox 1917 389 2303 451; x_wconf 83' lang='lat' dir='ltr'>SECUNDA.</span> 
     </span>
    </p>
   </div>
   <div class='ocr_carea' id='block_1_63' title="bbox 3427 388 3542 448">
    <p class='ocr_par' dir='ltr' id='par_1_63' title="bbox 3427 388 3542 448">
     <span class='ocr_line' id='line_1_63' title="bbox 3427 388 3542 448; baseline -0.017 0"><span class='ocrx_word' id='word_1_479' title='bbox 3427 388 3542 448; x_wconf 77' lang='lat'>126</span> 
     </span>
    </p>
   </div>
   <div class='ocr_carea' id='block_1_64' title="bbox 1906 520 3546 591">
    <p class='ocr_par' dir='ltr' id='par_1_64' title="bbox 1906 520 3546 591">
     <span class='ocr_line' id='line_1_64' title="bbox 1906 520 3546 591; baseline 0 -15"><span class='ocrx_word' id='word_1_480' title='bbox 1906 520 2162 577; x_wconf 88' lang='lat' dir='ltr'>homini:</span> <span class='ocrx_word' id='word_1_481' title='bbox 2198 523 2361 576; x_wconf 90' lang='lat' dir='ltr'>Terra</span> <span class='ocrx_word' id='word_1_482' title='bbox 2390 538 2463 589; x_wconf 72' lang='lat' dir='ltr'>es,</span> <span class='ocrx_word' id='word_1_483' title='bbox 2487 530 2541 576; x_wconf 86' lang='lat' dir='ltr'>et</span> <span class='ocrx_word' id='word_1_484' title='bbox 2567 523 2622 576; x_wconf 84' lang='lat' dir='ltr'>in</span> <span class='ocrx_word' id='word_1_485' title='bbox 2658 525 2862 577; x_wconf 85' lang='lat' dir='ltr'>terram</span> <span class='ocrx_word' id='word_1_486' title='bbox 2882 522 2986 576; x_wconf 70' lang='lat' dir='ltr'>ibi:</span> <span class='ocrx_word' id='word_1_487' title='bbox 3019 521 3166 591; x_wconf 84' lang='lat' dir='ltr'>(Gen.</span> <span class='ocrx_word' id='word_1_488' title='bbox 3202 538 3285 586; x_wconf 81' lang='lat' dir='ltr'><strong>III,</strong></span> <span class='ocrx_word' id='word_1_489' title='bbox 3314 521 3422 588; x_wconf 83' lang='lat'>19).</span> <span class='ocrx_word' id='word_1_490' title='bbox 3465 522 3546 576; x_wconf 85' lang='lat' dir='ltr'>Ex</span> 
     </span>
    </p>
   </div>
   <div class='ocr_carea' id='block_1_65' title="bbox 1906 611 3540 683">
    <p class='ocr_par' dir='ltr' id='par_1_65' title="bbox 1906 611 3540 683">
     <span class='ocr_line' id='line_1_65' title="bbox 1906 611 3540 683; baseline 0.001 -19"><span class='ocrx_word' id='word_1_491' title='bbox 1906 611 2031 683; x_wconf 92' lang='lat' dir='ltr'>ipso</span> <span class='ocrx_word' id='word_1_492' title='bbox 2055 612 2207 666; x_wconf 91' lang='lat' dir='ltr'>enim</span> <span class='ocrx_word' id='word_1_493' title='bbox 2241 629 2442 666; x_wconf 87' lang='lat' dir='ltr'>omnes</span> <span class='ocrx_word' id='word_1_494' title='bbox 2469 615 2482 648; x_wconf 76' lang='grc' dir='ltr'>ί</span> <span class='ocrx_word' id='word_1_495' title='bbox 2521 614 2602 666; x_wconf 89' lang='lat' dir='ltr'>sic</span> <span class='ocrx_word' id='word_1_496' title='bbox 2635 611 2952 677; x_wconf 89' lang='lat' dir='ltr'>nascimur,</span> <span class='ocrx_word' id='word_1_497' title='bbox 2978 611 3115 681; x_wconf 89' lang='lat' dir='ltr'>quia</span> <span class='ocrx_word' id='word_1_498' title='bbox 3137 617 3291 664; x_wconf 86' lang='lat' dir='ltr'>terra</span> <span class='ocrx_word' id='word_1_499' title='bbox 3314 628 3540 680; x_wconf 90' lang='lat' dir='ltr'>sumus,</span> 
     </span>
    </p>
   </div>
   <div class='ocr_carea' id='block_1_66' title="bbox 1905 700 3544 771">
    <p class='ocr_par' dir='ltr' id='par_1_66' title="bbox 1905 700 3544 771">
     <span class='ocr_line' id='line_1_66' title="bbox 1905 700 3544 771; baseline -0.001 -15"><span class='ocrx_word' id='word_1_500' title='bbox 1905 706 1962 756; x_wconf 90' lang='lat' dir='ltr'>et</span> <span class='ocrx_word' id='word_1_501' title='bbox 1990 701 2048 755; x_wconf 92' lang='lat' dir='ltr'>in</span> <span class='ocrx_word' id='word_1_502' title='bbox 2083 706 2295 755; x_wconf 90' lang='lat' dir='ltr'>terram</span> <span class='ocrx_word' id='word_1_503' title='bbox 2319 701 2538 755; x_wconf 91' lang='lat' dir='ltr'>ibimus</span> <span class='ocrx_word' id='word_1_504' title='bbox 2571 706 2804 771; x_wconf 88' lang='lat' dir='ltr'>propter</span> <span class='ocrx_word' id='word_1_505' title='bbox 2829 701 3103 754; x_wconf 90' lang='lat' dir='ltr'>meritum</span> <span class='ocrx_word' id='word_1_506' title='bbox 3128 700 3344 770; x_wconf 89' lang='lat' dir='ltr'>peccati</span> <span class='ocrx_word' id='word_1_507' title='bbox 3371 700 3544 770; x_wconf 91' lang='lat' dir='ltr'>primi</span> 
     </span>
    </p>
   </div>
   <div class='ocr_carea' id='block_1_67' title="bbox 1907 789 3545 862">
    <p class='ocr_par' dir='ltr' id='par_1_67' title="bbox 1907 789 3545 862">
     <span class='ocr_line' id='line_1_67' title="bbox 1907 789 3545 862; baseline -0.001 -18"><span class='ocrx_word' id='word_1_508' title='bbox 1907 789 2180 844; x_wconf 88' lang='lat' dir='ltr'>hominis.</span> <span class='ocrx_word' id='word_1_509' title='bbox 2217 790 2456 862; x_wconf 90' lang='lat' dir='ltr'>Propter</span> <span class='ocrx_word' id='word_1_510' title='bbox 2485 796 2680 844; x_wconf 86' lang='lat' dir='ltr'>autem</span> <span class='ocrx_word' id='word_1_511' title='bbox 2705 789 2954 860; x_wconf 83' lang='lat' dir='ltr'>gratiam</span> <span class='ocrx_word' id='word_1_512' title='bbox 2980 789 3101 852; x_wconf 89' lang='lat' dir='ltr'>Dei,</span> <span class='ocrx_word' id='word_1_513' title='bbox 3127 806 3254 859; x_wconf 74' lang='lat' dir='ltr'>quae</span> <span class='ocrx_word' id='word_1_514' title='bbox 3273 806 3377 843; x_wconf 88' lang='lat' dir='ltr'>nos</span> <span class='ocrx_word' id='word_1_515' title='bbox 3401 789 3545 843; x_wconf 90' lang='lat' dir='ltr'>libe-</span> 
     </span>
    </p>
   </div>
   <div class='ocr_carea' id='block_1_68' title="bbox 1906 878 3544 950">
    <p class='ocr_par' dir='ltr' id='par_1_68' title="bbox 1906 878 3544 950">
     <span class='ocr_line' id='line_1_68' title="bbox 1906 878 3544 950; baseline -0.001 -17"><span class='ocrx_word' id='word_1_516' title='bbox 1906 885 2051 933; x_wconf 90' lang='lat' dir='ltr'>rata</span> <span class='ocrx_word' id='word_1_517' title='bbox 2081 879 2202 949; x_wconf 81' lang='lat' dir='ltr'>lege</span> <span class='ocrx_word' id='word_1_518' title='bbox 2233 879 2450 950; x_wconf 88' lang='lat' dir='ltr'>peccati</span> <span class='ocrx_word' id='word_1_519' title='bbox 2481 884 2536 933; x_wconf 89' lang='lat' dir='ltr'>et</span> <span class='ocrx_word' id='word_1_520' title='bbox 2567 878 2790 944; x_wconf 91' lang='lat' dir='ltr'>mortis,</span> <span class='ocrx_word' id='word_1_521' title='bbox 2826 879 2893 933; x_wconf 92' lang='lat' dir='ltr'>ad</span> <span class='ocrx_word' id='word_1_522' title='bbox 2937 878 3229 948; x_wconf 88' lang='lat' dir='ltr'>justitiam</span> <span class='ocrx_word' id='word_1_523' title='bbox 3281 879 3544 932; x_wconf 87' lang='lat' dir='ltr'>conversi</span> 
     </span>
    </p>
   </div>
   <div class='ocr_carea' id='block_1_69' title="bbox 1905 967 3544 1038">
    <p class='ocr_par' dir='ltr' id='par_1_69' title="bbox 1905 967 3544 1038">
     <span class='ocr_line' id='line_1_69' title="bbox 1905 967 3544 1038; baseline -0.002 -16"><span class='ocrx_word' id='word_1_524' title='bbox 1905 967 2260 1022; x_wconf 89' lang='lat' dir='ltr'>liberamur:</span> <span class='ocrx_word' id='word_1_525' title='bbox 2295 973 2358 1021; x_wconf 93' lang='lat' dir='ltr'>ut</span> <span class='ocrx_word' id='word_1_526' title='bbox 2387 972 2586 1038; x_wconf 91' lang='lat' dir='ltr'>postea</span> <span class='ocrx_word' id='word_1_527' title='bbox 2637 967 2836 1022; x_wconf 86' lang='lat' dir='ltr'>eadem</span> <span class='ocrx_word' id='word_1_528' title='bbox 2899 967 3025 1037; x_wconf 91' lang='lat' dir='ltr'>ipsa</span> <span class='ocrx_word' id='word_1_529' title='bbox 3071 983 3204 1021; x_wconf 86' lang='lat' dir='ltr'>caro</span> <span class='ocrx_word' id='word_1_530' title='bbox 3261 983 3386 1036; x_wconf 57' lang='lat' dir='ltr'>quae</span> <span class='ocrx_word' id='word_1_531' title='bbox 3442 983 3544 1020; x_wconf 90' lang='lat' dir='ltr'>nos</span> 
     </span>
    </p>
   </div>
   <div class='ocr_carea' id='block_1_70' title="bbox 1909 1056 3547 1129">
    <p class='ocr_par' dir='ltr' id='par_1_70' title="bbox 1909 1056 3547 1129">
     <span class='ocr_line' id='line_1_70' title="bbox 1909 1056 3547 1129; baseline -0.001 -19"><span class='ocrx_word' id='word_1_532' title='bbox 1909 1058 2092 1128; x_wconf 67' lang='lat' dir='ltr'>poenis</span> <span class='ocrx_word' id='word_1_533' title='bbox 2127 1057 2290 1112; x_wconf 89' lang='lat' dir='ltr'>torsit</span> <span class='ocrx_word' id='word_1_534' title='bbox 2314 1059 2371 1111; x_wconf 91' lang='lat' dir='ltr'>in</span> <span class='ocrx_word' id='word_1_535' title='bbox 2401 1057 2649 1129; x_wconf 91' lang='lat' dir='ltr'>peccatis</span> <span class='ocrx_word' id='word_1_536' title='bbox 2672 1061 2994 1125; x_wconf 86' lang='lat' dir='ltr'>manentes,</span> <span class='ocrx_word' id='word_1_537' title='bbox 3019 1056 3362 1126; x_wconf 87' lang='lat' dir='ltr'>subjiciatur</span> <span class='ocrx_word' id='word_1_538' title='bbox 3379 1056 3547 1109; x_wconf 84' lang='lat' dir='ltr'>nobis</span> 
     </span>
    </p>
   </div>
   <div class='ocr_carea' id='block_1_71' title="bbox 1907 1145 3547 1214">
    <p class='ocr_par' dir='ltr' id='par_1_71' title="bbox 1907 1145 3547 1214">
     <span class='ocr_line' id='line_1_71' title="bbox 1907 1145 3547 1214; baseline -0.002 -14"><span class='ocrx_word' id='word_1_539' title='bbox 1907 1147 1962 1200; x_wconf 92' lang='lat' dir='ltr'>in</span> <span class='ocrx_word' id='word_1_540' title='bbox 1999 1147 2440 1211; x_wconf 87' lang='lat' dir='ltr'>resurrectione,</span> <span class='ocrx_word' id='word_1_541' title='bbox 2475 1151 2530 1201; x_wconf 92' lang='lat' dir='ltr'>et</span> <span class='ocrx_word' id='word_1_542' title='bbox 2562 1145 2721 1200; x_wconf 92' lang='lat' dir='ltr'>nulla</span> <span class='ocrx_word' id='word_1_543' title='bbox 2751 1145 3098 1200; x_wconf 87' lang='lat' dir='ltr'>adversitate</span> <span class='ocrx_word' id='word_1_544' title='bbox 3147 1161 3252 1198; x_wconf 89' lang='lat' dir='ltr'>nos</span> <span class='ocrx_word' id='word_1_545' title='bbox 3301 1145 3547 1214; x_wconf 88' lang='lat' dir='ltr'>quatiat,</span> 
     </span>
    </p>
   </div>
   <div class='ocr_carea' id='block_1_72' title="bbox 1907 1235 3543 1306">
    <p class='ocr_par' dir='ltr' id='par_1_72' title="bbox 1907 1235 3543 1306">
     <span class='ocr_line' id='line_1_72' title="bbox 1907 1235 3543 1306; baseline 0 -18"><span class='ocrx_word' id='word_1_546' title='bbox 1907 1235 2222 1306; x_wconf 90' lang='lat' dir='ltr'>quominus</span> <span class='ocrx_word' id='word_1_547' title='bbox 2256 1237 2436 1305; x_wconf 84' lang='lat' dir='ltr'>legem</span> <span class='ocrx_word' id='word_1_548' title='bbox 2474 1236 2566 1289; x_wconf 89' lang='lat' dir='ltr'>Dei</span> <span class='ocrx_word' id='word_1_549' title='bbox 2603 1241 2658 1290; x_wconf 88' lang='lat' dir='ltr'>et</span> <span class='ocrx_word' id='word_1_550' title='bbox 2686 1235 2882 1289; x_wconf 88' lang='lat' dir='ltr'>divina</span> <span class='ocrx_word' id='word_1_551' title='bbox 2917 1239 3200 1305; x_wconf 68' lang='lat' dir='ltr'>praecepta</span> <span class='ocrx_word' id='word_1_552' title='bbox 3241 1249 3543 1288; x_wconf 88' lang='lat' dir='ltr'>servemus</span> 
     </span>
    </p>
   </div>
   <div class='ocr_carea' id='block_1_73' title="bbox 1907 1322 3539 1395">
    <p class='ocr_par' dir='ltr' id='par_1_73' title="bbox 1907 1322 3539 1395">
     <span class='ocr_line' id='line_1_73' title="bbox 1907 1322 3539 1395; baseline 0 -18"><span class='ocrx_word' id='word_1_553' title='bbox 1907 1324 2002 1394; x_wconf 90' lang='lat' dir='ltr'>(a).</span> <span class='ocrx_word' id='word_1_554' title='bbox 2028 1323 2186 1378; x_wconf 91' lang='lat' dir='ltr'>Unde</span> <span class='ocrx_word' id='word_1_555' title='bbox 2212 1323 2489 1394; x_wconf 90' lang='lat' dir='ltr'>quoniam</span> <span class='ocrx_word' id='word_1_556' title='bbox 2511 1340 2615 1395; x_wconf 90' lang='lat' dir='ltr'>ego</span> <span class='ocrx_word' id='word_1_557' title='bbox 2639 1323 2905 1394; x_wconf 90' lang='lat' dir='ltr'>respondi</span> <span class='ocrx_word' id='word_1_558' title='bbox 2926 1322 3313 1393; x_wconf 90' lang='lat' dir='ltr'>tuis,dignare</span> <span class='ocrx_word' id='word_1_559' title='bbox 3334 1327 3391 1374; x_wconf 92' lang='lat' dir='ltr'>tu</span> <span class='ocrx_word' id='word_1_560' title='bbox 3421 1339 3539 1377; x_wconf 83' lang='lat' dir='ltr'>res-</span> 
     </span>
    </p>
   </div>
   <div class='ocr_carea' id='block_1_74' title="bbox 1910 1409 3541 1482">
    <p class='ocr_par' dir='ltr' id='par_1_74' title="bbox 1910 1409 3541 1482">
     <span class='ocr_line' id='line_1_74' title="bbox 1910 1409 3541 1482; baseline -0.002 -16"><span class='ocrx_word' id='word_1_561' title='bbox 1910 1412 2169 1482; x_wconf 91' lang='lat' dir='ltr'>pondere</span> <span class='ocrx_word' id='word_1_562' title='bbox 2218 1412 2359 1466; x_wconf 90' lang='lat' dir='ltr'>illud</span> <span class='ocrx_word' id='word_1_563' title='bbox 2394 1412 2544 1482; x_wconf 92' lang='lat' dir='ltr'>quod</span> <span class='ocrx_word' id='word_1_564' title='bbox 2580 1412 2866 1475; x_wconf 87' lang='lat' dir='ltr'>desidero,</span> <span class='ocrx_word' id='word_1_565' title='bbox 2895 1410 3390 1480; x_wconf 90' lang='lat' dir='ltr'>quemadmodum</span> <span class='ocrx_word' id='word_1_566' title='bbox 3420 1409 3541 1464; x_wconf 82' lang='lat' dir='ltr'>ﬁeri</span> 
     </span>
    </p>
   </div>
   <div class='ocr_carea' id='block_1_75' title="bbox 1908 1498 3546 1572">
    <p class='ocr_par' dir='ltr' id='par_1_75' title="bbox 1908 1498 3546 1572">
     <span class='ocr_line' id='line_1_75' title="bbox 1908 1498 3546 1572; baseline -0.002 -17"><span class='ocrx_word' id='word_1_567' title='bbox 1908 1501 2097 1572; x_wconf 89' lang='lat' dir='ltr'>possit</span> <span class='ocrx_word' id='word_1_568' title='bbox 2119 1506 2184 1556; x_wconf 90' lang='lat' dir='ltr'>ut</span> <span class='ocrx_word' id='word_1_569' title='bbox 2215 1501 2262 1554; x_wconf 86' lang='lat' dir='ltr'>si</span> <span class='ocrx_word' id='word_1_570' title='bbox 2285 1505 2373 1555; x_wconf 89' lang='lat' dir='ltr'>est</span> <span class='ocrx_word' id='word_1_571' title='bbox 2399 1507 2508 1556; x_wconf 90' lang='lat' dir='ltr'>Deo</span> <span class='ocrx_word' id='word_1_572' title='bbox 2533 1505 2739 1555; x_wconf 88' lang='lat' dir='ltr'>natura</span> <span class='ocrx_word' id='word_1_573' title='bbox 2769 1499 3077 1567; x_wconf 89' lang='lat' dir='ltr'>contraria,</span> <span class='ocrx_word' id='word_1_574' title='bbox 3101 1499 3270 1554; x_wconf 91' lang='lat' dir='ltr'>nobis</span> <span class='ocrx_word' id='word_1_575' title='bbox 3293 1498 3546 1570; x_wconf 89' lang='lat' dir='ltr'>impute-</span> 
     </span>
    </p>
   </div>
   <div class='ocr_carea' id='block_1_76' title="bbox 1911 1587 3544 1660">
    <p class='ocr_par' dir='ltr' id='par_1_76' title="bbox 1911 1587 3544 1660">
     <span class='ocr_line' id='line_1_76' title="bbox 1911 1587 3544 1660; baseline -0.001 -17"><span class='ocrx_word' id='word_1_576' title='bbox 1911 1594 2008 1644; x_wconf 93' lang='lat' dir='ltr'>tur</span> <span class='ocrx_word' id='word_1_577' title='bbox 2039 1593 2361 1660; x_wconf 86' lang='lat' dir='ltr'>peccatum,</span> <span class='ocrx_word' id='word_1_578' title='bbox 2395 1591 2493 1660; x_wconf 91' lang='lat' dir='ltr'>qui</span> <span class='ocrx_word' id='word_1_579' title='bbox 2527 1591 2584 1643; x_wconf 92' lang='lat' dir='ltr'>in</span> <span class='ocrx_word' id='word_1_580' title='bbox 2627 1590 2785 1644; x_wconf 85' lang='lat' dir='ltr'>illam</span> <span class='ocrx_word' id='word_1_581' title='bbox 2819 1592 3084 1642; x_wconf 86' lang='lat' dir='ltr'>naturam</span> <span class='ocrx_word' id='word_1_582' title='bbox 3119 1605 3231 1643; x_wconf 92' lang='lat' dir='ltr'>non</span> <span class='ocrx_word' id='word_1_583' title='bbox 3280 1587 3544 1642; x_wconf 86' lang='lat' dir='ltr'>volunta-</span> 
     </span>
    </p>
   </div>
   <div class='ocr_carea' id='block_1_77' title="bbox 1918 1676 3547 1750">
    <p class='ocr_par' dir='ltr' id='par_1_77' title="bbox 1918 1676 3547 1750">
     <span class='ocr_line' id='line_1_77' title="bbox 1918 1676 3547 1750; baseline -0.001 -18"><span class='ocrx_word' id='word_1_584' title='bbox 1918 1684 1993 1749; x_wconf 88' lang='lat' dir='ltr'>te,</span> <span class='ocrx_word' id='word_1_585' title='bbox 2027 1680 2126 1733; x_wconf 92' lang='lat' dir='ltr'>sed</span> <span class='ocrx_word' id='word_1_586' title='bbox 2159 1680 2230 1734; x_wconf 88' lang='lat' dir='ltr'>ab</span> <span class='ocrx_word' id='word_1_587' title='bbox 2262 1681 2387 1750; x_wconf 90' lang='lat' dir='ltr'>ipso</span> <span class='ocrx_word' id='word_1_588' title='bbox 2419 1680 2555 1748; x_wconf 90' lang='lat' dir='ltr'>Deo,</span> <span class='ocrx_word' id='word_1_589' title='bbox 2591 1679 2682 1734; x_wconf 91' lang='lat' dir='ltr'>cui</span> <span class='ocrx_word' id='word_1_590' title='bbox 2717 1678 2907 1733; x_wconf 87' lang='lat' dir='ltr'>noceri</span> <span class='ocrx_word' id='word_1_591' title='bbox 2941 1676 3086 1731; x_wconf 90' lang='lat' dir='ltr'>nihil</span> <span class='ocrx_word' id='word_1_592' title='bbox 3117 1676 3547 1748; x_wconf 88' lang='lat' dir='ltr'>poterat,missi</span> 
     </span>
    </p>
   </div>
   <div class='ocr_carea' id='block_1_78' title="bbox 1908 1784 2136 1822">
    <p class='ocr_par' dir='ltr' id='par_1_78' title="bbox 1908 1784 2136 1822">
     <span class='ocr_line' id='line_1_78' title="bbox 1908 1784 2136 1822; baseline -0.004 0"><span class='ocrx_word' id='word_1_593' title='bbox 1908 1784 2136 1822; x_wconf 78' lang='lat' dir='ltr'>SUIDUS.</span> 
     </span>
    </p>
   </div>
   <div class='ocr_carea' id='block_1_79' title="bbox 1979 1854 3548 1928">
    <p class='ocr_par' dir='ltr' id='par_1_79' title="bbox 1979 1854 3548 1928">
     <span class='ocr_line' id='line_1_79' title="bbox 1979 1854 3548 1928; baseline -0.001 -18"><span class='ocrx_word' id='word_1_594' title='bbox 1979 1856 2147 1911; x_wconf 77' lang='lat' dir='ltr'>Fonr.</span> <span class='ocrx_word' id='word_1_595' title='bbox 2179 1856 2323 1910; x_wconf 87' lang='lat' dir='ltr'>dixit</span> <span class='ocrx_word' id='word_1_596' title='bbox 2352 1874 2363 1910; x_wconf 78' lang='grc' dir='ltr'>ε</span> <span class='ocrx_word' id='word_1_597' title='bbox 2390 1857 2507 1911; x_wconf 89' lang='lat' dir='ltr'>Hoc</span> <span class='ocrx_word' id='word_1_598' title='bbox 2524 1873 2732 1928; x_wconf 88' lang='lat' dir='ltr'>genere</span> <span class='ocrx_word' id='word_1_599' title='bbox 2748 1855 3237 1927; x_wconf 78' lang='lat' dir='ltr'>quemadmodum</span> <span class='ocrx_word' id='word_1_600' title='bbox 3261 1858 3318 1909; x_wconf 90' lang='lat' dir='ltr'>et</span> <span class='ocrx_word' id='word_1_601' title='bbox 3349 1854 3548 1909; x_wconf 87' lang='lat' dir='ltr'>Domi-</span> 
     </span>
    </p>
   </div>
   <div class='ocr_carea' id='block_1_80' title="bbox 1909 1944 3544 2016">
    <p class='ocr_par' dir='ltr' id='par_1_80' title="bbox 1909 1944 3544 2016">
     <span class='ocr_line' id='line_1_80' title="bbox 1909 1944 3544 2016; baseline -0.001 -17"><span class='ocrx_word' id='word_1_602' title='bbox 1909 1962 2020 1999; x_wconf 90' lang='lat' dir='ltr'>nus</span> <span class='ocrx_word' id='word_1_603' title='bbox 2044 1945 2187 2000; x_wconf 85' lang='lat' dir='ltr'>dixit</span> <span class='ocrx_word' id='word_1_604' title='bbox 2209 1944 2513 2016; x_wconf 89' lang='lat' dir='ltr'>discipulis</span> <span class='ocrx_word' id='word_1_605' title='bbox 2536 1946 2685 2011; x_wconf 92' lang='lat' dir='ltr'>suis,</span> <span class='ocrx_word' id='word_1_606' title='bbox 2711 1949 2839 2001; x_wconf 84' lang='lat' dir='ltr'>Ecce</span> <span class='ocrx_word' id='word_1_607' title='bbox 2855 1961 2950 2012; x_wconf 88' lang='lat' dir='ltr'>ego</span> <span class='ocrx_word' id='word_1_608' title='bbox 2975 1945 3128 1999; x_wconf 85' lang='lat' dir='ltr'>mitto</span> <span class='ocrx_word' id='word_1_609' title='bbox 3151 1960 3237 1999; x_wconf 85' lang='lat' dir='ltr'>vos</span> <span class='ocrx_word' id='word_1_610' title='bbox 3259 1944 3394 1999; x_wconf 81' lang='lat' dir='ltr'>sicut</span> <span class='ocrx_word' id='word_1_611' title='bbox 3424 1958 3544 1997; x_wconf 77' lang='lat' dir='ltr'>oves</span> 
     </span>
    </p>
   </div>
   <div class='ocr_carea' id='block_1_81' title="bbox 1909 2031 3544 2105">
    <p class='ocr_par' dir='ltr' id='par_1_81' title="bbox 1909 2031 3544 2105">
     <span class='ocr_line' id='line_1_81' title="bbox 1909 2031 3544 2105; baseline -0.002 -17"><span class='ocrx_word' id='word_1_612' title='bbox 1909 2036 1968 2088; x_wconf 85' lang='lat' dir='ltr'>in</span> <span class='ocrx_word' id='word_1_613' title='bbox 1989 2035 2163 2089; x_wconf 86' lang='lat' dir='ltr'>medio</span> <span class='ocrx_word' id='word_1_614' title='bbox 2185 2035 2436 2104; x_wconf 78' lang='lat' dir='ltr'>luporum</span> <span class='ocrx_word' id='word_1_615' title='bbox 2458 2034 2664 2100; x_wconf 80' lang='lat' dir='ltr'>(Matth.</span> <span class='ocrx_word' id='word_1_616' title='bbox 2687 2052 2743 2099; x_wconf 88' lang='lat' dir='ltr'>x,</span> <span class='ocrx_word' id='word_1_617' title='bbox 2770 2035 2876 2105; x_wconf 82' lang='grc'>16).</span> <span class='ocrx_word' id='word_1_618' title='bbox 2901 2033 3047 2088; x_wconf 88' lang='lat' dir='ltr'>Hinc</span> <span class='ocrx_word' id='word_1_619' title='bbox 3069 2032 3370 2087; x_wconf 88' lang='lat' dir='ltr'>sciendum</span> <span class='ocrx_word' id='word_1_620' title='bbox 3413 2035 3501 2085; x_wconf 90' lang='lat' dir='ltr'>est</span> <span class='ocrx_word' id='word_1_621' title='bbox 3523 2031 3544 2064; x_wconf 79' lang='grc'>²</span> 
     </span>
    </p>
   </div>
   <div class='ocr_carea' id='block_1_82' title="bbox 1908 2123 3546 2193">
    <p class='ocr_par' dir='ltr' id='par_1_82' title="bbox 1908 2123 3546 2193">
     <span class='ocr_line' id='line_1_82' title="bbox 1908 2123 3546 2193; baseline -0.002 -16"><span class='ocrx_word' id='word_1_622' title='bbox 1908 2125 2057 2193; x_wconf 85' lang='lat' dir='ltr'>quod</span> <span class='ocrx_word' id='word_1_623' title='bbox 2086 2141 2198 2178; x_wconf 91' lang='lat' dir='ltr'>non</span> <span class='ocrx_word' id='word_1_624' title='bbox 2221 2123 2458 2178; x_wconf 89' lang='lat' dir='ltr'>inimica</span> <span class='ocrx_word' id='word_1_625' title='bbox 2481 2128 2672 2178; x_wconf 90' lang='lat' dir='ltr'>mente</span> <span class='ocrx_word' id='word_1_626' title='bbox 2697 2123 2959 2178; x_wconf 89' lang='lat' dir='ltr'>Salvator</span> <span class='ocrx_word' id='word_1_627' title='bbox 2973 2127 3168 2177; x_wconf 88' lang='lat' dir='ltr'>noster</span> <span class='ocrx_word' id='word_1_628' title='bbox 3187 2137 3369 2192; x_wconf 91' lang='lat' dir='ltr'>agnos</span> <span class='ocrx_word' id='word_1_629' title='bbox 3388 2137 3546 2186; x_wconf 92' lang='lat' dir='ltr'>suos,</span> 
     </span>
    </p>
   </div>
   <div class='ocr_carea' id='block_1_83' title="bbox 1905 2210 3547 2283">
    <p class='ocr_par' dir='ltr' id='par_1_83' title="bbox 1905 2210 3547 2283">
     <span class='ocr_line' id='line_1_83' title="bbox 1905 2210 3547 2283; baseline -0.001 -17"><span class='ocrx_word' id='word_1_630' title='bbox 1905 2211 1964 2266; x_wconf 91' lang='lat' dir='ltr'>id</span> <span class='ocrx_word' id='word_1_631' title='bbox 1987 2212 2422 2283; x_wconf 87' lang='lat' dir='ltr'>est,discipulos</span> <span class='ocrx_word' id='word_1_632' title='bbox 2446 2211 2655 2267; x_wconf 84' lang='lat' dir='ltr'>suosin</span> <span class='ocrx_word' id='word_1_633' title='bbox 2681 2211 3156 2283; x_wconf 90' lang='lat' dir='ltr'>medioluporum</span> <span class='ocrx_word' id='word_1_634' title='bbox 3182 2210 3427 2281; x_wconf 91' lang='lat' dir='ltr'>dirigere</span> <span class='ocrx_word' id='word_1_635' title='bbox 3449 2225 3547 2264; x_wconf 87' lang='lat' dir='ltr'>vo-</span> 
     </span>
    </p>
   </div>
   <div class='ocr_carea' id='block_1_84' title="bbox 1908 2297 3551 2372">
    <p class='ocr_par' dir='ltr' id='par_1_84' title="bbox 1908 2297 3551 2372">
     <span class='ocr_line' id='line_1_84' title="bbox 1908 2297 3551 2372; baseline -0.001 -18"><span class='ocrx_word' id='word_1_636' title='bbox 1908 2299 2038 2369; x_wconf 87' lang='lat' dir='ltr'>luit,</span> <span class='ocrx_word' id='word_1_637' title='bbox 2073 2301 2185 2355; x_wconf 91' lang='lat' dir='ltr'>nisi</span> <span class='ocrx_word' id='word_1_638' title='bbox 2213 2306 2370 2355; x_wconf 89' lang='lat' dir='ltr'>esset</span> <span class='ocrx_word' id='word_1_639' title='bbox 2399 2301 2596 2372; x_wconf 92' lang='lat' dir='ltr'>aliqua</span> <span class='ocrx_word' id='word_1_640' title='bbox 2628 2301 3026 2367; x_wconf 81' lang='lat' dir='ltr'>contrarietas,</span> <span class='ocrx_word' id='word_1_641' title='bbox 3050 2317 3172 2370; x_wconf 62' lang='lat' dir='ltr'>quae</span> <span class='ocrx_word' id='word_1_642' title='bbox 3196 2299 3253 2354; x_wconf 90' lang='lat' dir='ltr'>in</span> <span class='ocrx_word' id='word_1_643' title='bbox 3279 2297 3551 2354; x_wconf 87' lang='lat' dir='ltr'>similitu-</span> 
     </span>
    </p>
   </div>
   <div class='ocr_carea' id='block_1_85' title="bbox 1907 2387 3543 2460">
    <p class='ocr_par' dir='ltr' id='par_1_85' title="bbox 1907 2387 3543 2460">
     <span class='ocr_line' id='line_1_85' title="bbox 1907 2387 3543 2460; baseline -0.002 -15"><span class='ocrx_word' id='word_1_644' title='bbox 1907 2389 2041 2445; x_wconf 91' lang='lat' dir='ltr'>dine</span> <span class='ocrx_word' id='word_1_645' title='bbox 2074 2389 2343 2460; x_wconf 90' lang='lat' dir='ltr'>luporum</span> <span class='ocrx_word' id='word_1_646' title='bbox 2371 2406 2498 2444; x_wconf 89' lang='lat' dir='ltr'>eam</span> <span class='ocrx_word' id='word_1_647' title='bbox 2523 2391 2852 2459; x_wconf 89' lang='lat' dir='ltr'>deponeret.</span> <span class='ocrx_word' id='word_1_648' title='bbox 2880 2388 3044 2443; x_wconf 88' lang='lat' dir='ltr'>ubiet</span> <span class='ocrx_word' id='word_1_649' title='bbox 3067 2387 3383 2457; x_wconf 89' lang='lat' dir='ltr'>discipulos</span> <span class='ocrx_word' id='word_1_650' title='bbox 3406 2403 3543 2441; x_wconf 87' lang='lat' dir='ltr'>suos</span> 
     </span>
    </p>
   </div>
   <div class='ocr_carea' id='block_1_86' title="bbox 1909 2474 3540 2549">
    <p class='ocr_par' dir='ltr' id='par_1_86' title="bbox 1909 2474 3540 2549">
     <span class='ocr_line' id='line_1_86' title="bbox 1909 2474 3540 2549; baseline -0.003 -16"><span class='ocrx_word' id='word_1_651' title='bbox 1909 2478 2186 2533; x_wconf 83' lang='lat' dir='ltr'>miserat:</span> <span class='ocrx_word' id='word_1_652' title='bbox 2209 2483 2416 2549; x_wconf 68' lang='lat' dir='ltr'>utquaz</span> <span class='ocrx_word' id='word_1_653' title='bbox 2439 2478 2582 2533; x_wconf 83' lang='lat' dir='ltr'>forte</span> <span class='ocrx_word' id='word_1_654' title='bbox 2600 2478 2657 2532; x_wconf 93' lang='lat' dir='ltr'>in</span> <span class='ocrx_word' id='word_1_655' title='bbox 2678 2477 2866 2532; x_wconf 91' lang='lat' dir='ltr'>medio</span> <span class='ocrx_word' id='word_1_656' title='bbox 2883 2476 3156 2547; x_wconf 88' lang='lat' dir='ltr'>luporum</span> <span class='ocrx_word' id='word_1_657' title='bbox 3180 2474 3386 2529; x_wconf 67' lang='lat' dir='ltr'>animae</span> <span class='ocrx_word' id='word_1_658' title='bbox 3411 2490 3540 2546; x_wconf 90' lang='lat' dir='ltr'>pos-</span> 
     </span>
    </p>
   </div>
   <div class='ocr_carea' id='block_1_87' title="bbox 1908 2565 3543 2638">
    <p class='ocr_par' dir='ltr' id='par_1_87' title="bbox 1908 2565 3543 2638">
     <span class='ocr_line' id='line_1_87' title="bbox 1908 2565 3543 2638; baseline -0.003 -16"><span class='ocrx_word' id='word_1_659' title='bbox 1908 2572 2036 2622; x_wconf 89' lang='lat' dir='ltr'>sent</span> <span class='ocrx_word' id='word_1_660' title='bbox 2057 2567 2265 2638; x_wconf 89' lang='lat' dir='ltr'>decipi,</span> <span class='ocrx_word' id='word_1_661' title='bbox 2293 2568 2365 2622; x_wconf 89' lang='lat' dir='ltr'>ad</span> <span class='ocrx_word' id='word_1_662' title='bbox 2390 2565 2677 2638; x_wconf 87' lang='lat' dir='ltr'>propriam</span> <span class='ocrx_word' id='word_1_663' title='bbox 2700 2565 3089 2621; x_wconf 87' lang='lat' dir='ltr'>substantiam</span> <span class='ocrx_word' id='word_1_664' title='bbox 3112 2566 3543 2619; x_wconf 87' lang='lat' dir='ltr'>revocarentur.</span> 
     </span>
    </p>
   </div>
   <div class='ocr_carea' id='block_1_88' title="bbox 1909 2655 3541 2727">
    <p class='ocr_par' dir='ltr' id='par_1_88' title="bbox 1909 2655 3541 2727">
     <span class='ocr_line' id='line_1_88' title="bbox 1909 2655 3541 2727; baseline -0.002 -17"><span class='ocrx_word' id='word_1_665' title='bbox 1909 2655 2051 2710; x_wconf 90' lang='lat' dir='ltr'>Hinc</span> <span class='ocrx_word' id='word_1_666' title='bbox 2083 2672 2219 2727; x_wconf 88' lang='lat' dir='ltr'>ergo</span> <span class='ocrx_word' id='word_1_667' title='bbox 2252 2661 2493 2727; x_wconf 87' lang='lat' dir='ltr'>apparet</span> <span class='ocrx_word' id='word_1_668' title='bbox 2514 2655 2833 2725; x_wconf 88' lang='lat' dir='ltr'>antiquitas</span> <span class='ocrx_word' id='word_1_669' title='bbox 2859 2659 3187 2724; x_wconf 90' lang='lat' dir='ltr'>temporum</span> <span class='ocrx_word' id='word_1_670' title='bbox 3211 2655 3541 2707; x_wconf 90' lang='lat' dir='ltr'>nostrorum</span> 
     </span>
    </p>
   </div>
   <div class='ocr_carea' id='block_1_89' title="bbox 1908 2743 3552 2815">
    <p class='ocr_par' dir='ltr' id='par_1_89' title="bbox 1908 2743 3552 2815">
     <span class='ocr_line' id='line_1_89' title="bbox 1908 2743 3552 2815; baseline -0.002 -17"><span class='ocrx_word' id='word_1_671' title='bbox 1908 2760 2084 2815; x_wconf 90' lang='lat' dir='ltr'>quam</span> <span class='ocrx_word' id='word_1_672' title='bbox 2136 2743 2473 2815; x_wconf 89' lang='lat' dir='ltr'>repetimus,</span> <span class='ocrx_word' id='word_1_673' title='bbox 2525 2748 2580 2798; x_wconf 91' lang='lat' dir='ltr'>et</span> <span class='ocrx_word' id='word_1_674' title='bbox 2624 2759 2912 2798; x_wconf 92' lang='lat' dir='ltr'>annorum</span> <span class='ocrx_word' id='word_1_675' title='bbox 2977 2747 3310 2797; x_wconf 90' lang='lat' dir='ltr'>nostrorum</span> <span class='ocrx_word' id='word_1_676' title='bbox 3330 2743 3374 2812; x_wconf 74' lang='lat'>3,</span> <span class='ocrx_word' id='word_1_677' title='bbox 3419 2745 3552 2795; x_wconf 89' lang='lat' dir='ltr'>ante</span> 
     </span>
    </p>
   </div>
   <div class='ocr_carea' id='block_1_90' title="bbox 1909 2830 3547 2889">
    <p class='ocr_par' dir='ltr' id='par_1_90' title="bbox 1909 2830 3547 2889">
     <span class='ocr_line' id='line_1_90' title="bbox 1909 2830 3547 2889; baseline -0.003 0"><span class='ocrx_word' id='word_1_678' title='bbox 1909 2833 2111 2889; x_wconf 88' lang='lat' dir='ltr'>mundi</span> <span class='ocrx_word' id='word_1_679' title='bbox 2139 2833 2611 2888; x_wconf 89' lang='lat' dir='ltr'>constitutionem</span> <span class='ocrx_word' id='word_1_680' title='bbox 2636 2831 2744 2886; x_wconf 92' lang='lat' dir='ltr'>hoc</span> <span class='ocrx_word' id='word_1_681' title='bbox 2763 2847 2922 2886; x_wconf 92' lang='lat' dir='ltr'>more</span> <span class='ocrx_word' id='word_1_682' title='bbox 2941 2831 3151 2885; x_wconf 88' lang='lat' dir='ltr'>missas</span> <span class='ocrx_word' id='word_1_683' title='bbox 3170 2846 3298 2885; x_wconf 90' lang='lat' dir='ltr'>esse</span> <span class='ocrx_word' id='word_1_684' title='bbox 3321 2830 3547 2885; x_wconf 87' lang='lat' dir='ltr'>animas</span> 
     </span>
    </p>
   </div>
   <div class='ocr_carea' id='block_1_91' title="bbox 1910 2920 3556 2990">
    <p class='ocr_par' dir='ltr' id='par_1_91' title="bbox 1910 2920 3556 2990">
     <span class='ocr_line' id='line_1_91' title="bbox 1910 2920 3556 2990; baseline -0.002 -12"><span class='ocrx_word' id='word_1_685' title='bbox 1910 2928 2110 2978; x_wconf 87' lang='lat' dir='ltr'>contra</span> <span class='ocrx_word' id='word_1_686' title='bbox 2137 2922 2488 2976; x_wconf 90' lang='lat' dir='ltr'>contrariam</span> <span class='ocrx_word' id='word_1_687' title='bbox 2524 2927 2791 2976; x_wconf 85' lang='lat' dir='ltr'>naturam</span> <span class='ocrx_word' id='word_1_688' title='bbox 2825 2962 2838 2986; x_wconf 96' lang='lat'>,</span> <span class='ocrx_word' id='word_1_689' title='bbox 2874 2925 2938 2974; x_wconf 90' lang='lat' dir='ltr'>ut</span> <span class='ocrx_word' id='word_1_690' title='bbox 2968 2920 3234 2975; x_wconf 89' lang='lat' dir='ltr'>eamdem</span> <span class='ocrx_word' id='word_1_691' title='bbox 3278 2936 3384 2975; x_wconf 90' lang='lat' dir='ltr'>sua</span> <span class='ocrx_word' id='word_1_692' title='bbox 3424 2936 3556 2990; x_wconf 87' lang='lat' dir='ltr'>pas-</span> 
     </span>
    </p>
   </div>
   <div class='ocr_carea' id='block_1_92' title="bbox 1909 3008 3549 3080">
    <p class='ocr_par' dir='ltr' id='par_1_92' title="bbox 1909 3008 3549 3080">
     <span class='ocr_line' id='line_1_92' title="bbox 1909 3008 3549 3080; baseline -0.003 -13"><span class='ocrx_word' id='word_1_693' title='bbox 1909 3012 2069 3067; x_wconf 88' lang='lat' dir='ltr'>sione</span> <span class='ocrx_word' id='word_1_694' title='bbox 2101 3011 2502 3080; x_wconf 88' lang='lat' dir='ltr'>subjicientes,</span> <span class='ocrx_word' id='word_1_695' title='bbox 2551 3010 2788 3065; x_wconf 89' lang='lat' dir='ltr'>victoria</span> <span class='ocrx_word' id='word_1_696' title='bbox 2839 3011 2948 3064; x_wconf 91' lang='lat' dir='ltr'>Deo</span> <span class='ocrx_word' id='word_1_697' title='bbox 2994 3010 3354 3064; x_wconf 89' lang='lat' dir='ltr'>redderetur.</span> <span class='ocrx_word' id='word_1_698' title='bbox 3405 3008 3549 3063; x_wconf 88' lang='lat' dir='ltr'>Nam</span> 
     </span>
    </p>
   </div>
   <div class='ocr_carea' id='block_1_93' title="bbox 1908 3096 3546 3172">
    <p class='ocr_par' dir='ltr' id='par_1_93' title="bbox 1908 3096 3546 3172">
     <span class='ocr_line' id='line_1_93' title="bbox 1908 3096 3546 3172; baseline -0.004 -15"><span class='ocrx_word' id='word_1_699' title='bbox 1908 3101 2051 3157; x_wconf 89' lang='lat' dir='ltr'>dixit</span> <span class='ocrx_word' id='word_1_700' title='bbox 2077 3101 2227 3156; x_wconf 91' lang='lat' dir='ltr'>idem</span> <span class='ocrx_word' id='word_1_701' title='bbox 2257 3100 2578 3172; x_wconf 88' lang='lat' dir='ltr'>apostolus,</span> <span class='ocrx_word' id='word_1_702' title='bbox 2612 3100 2762 3171; x_wconf 93' lang='lat' dir='ltr'>quod</span> <span class='ocrx_word' id='word_1_703' title='bbox 2799 3115 2912 3153; x_wconf 91' lang='lat' dir='ltr'>non</span> <span class='ocrx_word' id='word_1_704' title='bbox 2954 3098 3144 3152; x_wconf 92' lang='lat' dir='ltr'>solum</span> <span class='ocrx_word' id='word_1_705' title='bbox 3177 3102 3332 3152; x_wconf 89' lang='lat' dir='ltr'>esset</span> <span class='ocrx_word' id='word_1_706' title='bbox 3359 3096 3546 3152; x_wconf 85' lang='lat' dir='ltr'>lucta-</span> 
     </span>
    </p>
   </div>
   <div class='ocr_carea' id='block_1_94' title="bbox 1906 3187 3552 3258">
    <p class='ocr_par' dir='ltr' id='par_1_94' title="bbox 1906 3187 3552 3258">
     <span class='ocr_line' id='line_1_94' title="bbox 1906 3187 3552 3258; baseline -0.002 -13"><span class='ocrx_word' id='word_1_707' title='bbox 1906 3191 1988 3246; x_wconf 91' lang='lat' dir='ltr'>tio</span> <span class='ocrx_word' id='word_1_708' title='bbox 2020 3195 2221 3245; x_wconf 90' lang='lat' dir='ltr'>contra</span> <span class='ocrx_word' id='word_1_709' title='bbox 2251 3205 2484 3243; x_wconf 90' lang='lat' dir='ltr'>carnem</span> <span class='ocrx_word' id='word_1_710' title='bbox 2507 3194 2563 3243; x_wconf 93' lang='lat' dir='ltr'>et</span> <span class='ocrx_word' id='word_1_711' title='bbox 2584 3187 2952 3258; x_wconf 89' lang='lat' dir='ltr'>sanguinem,</span> <span class='ocrx_word' id='word_1_712' title='bbox 2975 3188 3071 3241; x_wconf 91' lang='lat' dir='ltr'>sed</span> <span class='ocrx_word' id='word_1_713' title='bbox 3096 3192 3151 3240; x_wconf 91' lang='lat' dir='ltr'>et</span> <span class='ocrx_word' id='word_1_714' title='bbox 3177 3191 3377 3241; x_wconf 89' lang='lat' dir='ltr'>contra</span> <span class='ocrx_word' id='word_1_715' title='bbox 3400 3187 3552 3257; x_wconf 86' lang='lat' dir='ltr'>prin—</span> 
     </span>
    </p>
   </div>
   <div class='ocr_carea' id='block_1_95' title="bbox 1907 3274 3554 3352">
    <p class='ocr_par' dir='ltr' id='par_1_95' title="bbox 1907 3274 3554 3352">
     <span class='ocr_line' id='line_1_95' title="bbox 1907 3274 3554 3352; baseline -0.004 -17"><span class='ocrx_word' id='word_1_716' title='bbox 1907 3281 2064 3352; x_wconf 92' lang='lat' dir='ltr'>cipes</span> <span class='ocrx_word' id='word_1_717' title='bbox 2095 3283 2150 3334; x_wconf 88' lang='lat' dir='ltr'>et</span> <span class='ocrx_word' id='word_1_718' title='bbox 2168 3283 2506 3350; x_wconf 86' lang='lat' dir='ltr'>potestates,</span> <span class='ocrx_word' id='word_1_719' title='bbox 2535 3282 2592 3332; x_wconf 91' lang='lat' dir='ltr'>et</span> <span class='ocrx_word' id='word_1_720' title='bbox 2616 3276 2942 3348; x_wconf 79' lang='lat' dir='ltr'>spiritualia</span> <span class='ocrx_word' id='word_1_721' title='bbox 2970 3277 3262 3347; x_wconf 76' lang='lat' dir='ltr'>nequitiae,</span> <span class='ocrx_word' id='word_1_722' title='bbox 3289 3281 3344 3330; x_wconf 90' lang='lat' dir='ltr'>et</span> <span class='ocrx_word' id='word_1_723' title='bbox 3365 3274 3554 3330; x_wconf 90' lang='lat' dir='ltr'>domi-</span> 
     </span>
    </p>
   </div>
   <div class='ocr_carea' id='block_1_96' title="bbox 1908 3365 3552 3437">
    <p class='ocr_par' dir='ltr' id='par_1_96' title="bbox 1908 3365 3552 3437">
     <span class='ocr_line' id='line_1_96' title="bbox 1908 3365 3552 3437; baseline -0.003 -14"><span class='ocrx_word' id='word_1_724' title='bbox 1908 3370 2202 3424; x_wconf 88' lang='lat' dir='ltr'>nationem</span> <span class='ocrx_word' id='word_1_725' title='bbox 2236 3368 2612 3422; x_wconf 89' lang='lat' dir='ltr'>tenebrarum</span> <span class='ocrx_word' id='word_1_726' title='bbox 2638 3365 2866 3437; x_wconf 79' lang='lat' dir='ltr'>(Ephes.</span> <span class='ocrx_word' id='word_1_727' title='bbox 2903 3382 2978 3430; x_wconf 75' lang='lat' dir='ltr'>vi,</span> <span class='ocrx_word' id='word_1_728' title='bbox 3014 3365 3122 3435; x_wconf 83' lang='lat'>12).</span> <span class='ocrx_word' id='word_1_729' title='bbox 3155 3365 3211 3418; x_wconf 89' lang='lat' dir='ltr'>Si</span> <span class='ocrx_word' id='word_1_730' title='bbox 3237 3381 3372 3436; x_wconf 91' lang='lat' dir='ltr'>ergo</span> <span class='ocrx_word' id='word_1_731' title='bbox 3396 3368 3552 3419; x_wconf 88' lang='lat' dir='ltr'>utro-</span> 
     </span>
    </p>
   </div>
   <div class='ocr_carea' id='block_1_97' title="bbox 1905 3453 3553 3529">
    <p class='ocr_par' dir='ltr' id='par_1_97' title="bbox 1905 3453 3553 3529">
     <span class='ocr_line' id='line_1_97' title="bbox 1905 3453 3553 3529; baseline -0.002 -16"><span class='ocrx_word' id='word_1_732' title='bbox 1905 3459 2081 3529; x_wconf 90' lang='lat' dir='ltr'>bique</span> <span class='ocrx_word' id='word_1_733' title='bbox 2112 3456 2266 3511; x_wconf 88' lang='lat' dir='ltr'>mala</span> <span class='ocrx_word' id='word_1_734' title='bbox 2295 3462 2603 3511; x_wconf 89' lang='lat' dir='ltr'>versantur</span> <span class='ocrx_word' id='word_1_735' title='bbox 2623 3457 2644 3489; x_wconf 80' lang='grc'><strong>⁴</strong></span> <span class='ocrx_word' id='word_1_736' title='bbox 2675 3459 2730 3509; x_wconf 90' lang='lat' dir='ltr'>et</span> <span class='ocrx_word' id='word_1_737' title='bbox 2760 3454 3033 3526; x_wconf 68' lang='lat' dir='ltr'>nequitiae</span> <span class='ocrx_word' id='word_1_738' title='bbox 3066 3453 3392 3521; x_wconf 77' lang='lat' dir='ltr'>habentur;</span> <span class='ocrx_word' id='word_1_739' title='bbox 3425 3455 3553 3523; x_wconf 90' lang='lat' dir='ltr'>jam</span> 
     </span>
    </p>
   </div>
   <div class='ocr_carea' id='block_1_98' title="bbox 1907 3542 3553 3614">
    <p class='ocr_par' dir='ltr' id='par_1_98' title="bbox 1907 3542 3553 3614">
     <span class='ocr_line' id='line_1_98' title="bbox 1907 3542 3553 3614; baseline -0.004 -11"><span class='ocrx_word' id='word_1_740' title='bbox 1907 3565 2020 3603; x_wconf 89' lang='lat' dir='ltr'>non</span> <span class='ocrx_word' id='word_1_741' title='bbox 2053 3546 2244 3603; x_wconf 90' lang='lat' dir='ltr'>solum</span> <span class='ocrx_word' id='word_1_742' title='bbox 2277 3550 2365 3600; x_wconf 84' lang='lat' dir='ltr'>est</span> <span class='ocrx_word' id='word_1_743' title='bbox 2397 3543 2614 3599; x_wconf 87' lang='lat' dir='ltr'>malum</span> <span class='ocrx_word' id='word_1_744' title='bbox 2646 3543 2704 3599; x_wconf 88' lang='lat' dir='ltr'>in</span> <span class='ocrx_word' id='word_1_745' title='bbox 2738 3544 2952 3599; x_wconf 90' lang='lat' dir='ltr'>nostris</span> <span class='ocrx_word' id='word_1_746' title='bbox 2986 3542 3467 3614; x_wconf 89' lang='lat' dir='ltr'>corporibus,sed</span> <span class='ocrx_word' id='word_1_747' title='bbox 3495 3542 3553 3596; x_wconf 92' lang='lat' dir='ltr'>in</span> 
     </span>
    </p>
   </div>
   <div class='ocr_carea' id='block_1_99' title="bbox 1904 3631 3546 3702">
    <p class='ocr_par' dir='ltr' id='par_1_99' title="bbox 1904 3631 3546 3702">
     <span class='ocr_line' id='line_1_99' title="bbox 1904 3631 3546 3702; baseline -0.004 -10"><span class='ocrx_word' id='word_1_748' title='bbox 1904 3642 2023 3692; x_wconf 92' lang='lat' dir='ltr'>toto</span> <span class='ocrx_word' id='word_1_749' title='bbox 2057 3636 2297 3701; x_wconf 92' lang='lat' dir='ltr'>mundo,</span> <span class='ocrx_word' id='word_1_750' title='bbox 2333 3633 2430 3688; x_wconf 92' lang='lat' dir='ltr'>ubi</span> <span class='ocrx_word' id='word_1_751' title='bbox 2461 3633 2734 3688; x_wconf 90' lang='lat' dir='ltr'>videntur</span> <span class='ocrx_word' id='word_1_752' title='bbox 2763 3631 2980 3688; x_wconf 91' lang='lat' dir='ltr'>versari</span> <span class='ocrx_word' id='word_1_753' title='bbox 3013 3632 3242 3702; x_wconf 66' lang='lat' dir='ltr'>animae,</span> <span class='ocrx_word' id='word_1_754' title='bbox 3279 3647 3404 3702; x_wconf 61' lang='lat' dir='ltr'>qua</span> <span class='ocrx_word' id='word_1_755' title='bbox 3437 3631 3546 3688; x_wconf 87' lang='lat' dir='ltr'>sub</span> 
     </span>
    </p>
   </div>
   <div class='ocr_carea' id='block_1_100' title="bbox 1906 3722 3122 3793">
    <p class='ocr_par' dir='ltr' id='par_1_100' title="bbox 1906 3722 3122 3793">
     <span class='ocr_line' id='line_1_100' title="bbox 1906 3722 3122 3793; baseline -0.006 -11"><span class='ocrx_word' id='word_1_756' title='bbox 1906 3725 2048 3782; x_wconf 71' lang='lat' dir='ltr'>coalo</span> <span class='ocrx_word' id='word_1_757' title='bbox 2073 3726 2184 3780; x_wconf 87' lang='lat' dir='ltr'>isto</span> <span class='ocrx_word' id='word_1_758' title='bbox 2216 3728 2523 3779; x_wconf 89' lang='lat' dir='ltr'>versantur</span> <span class='ocrx_word' id='word_1_759' title='bbox 2549 3728 2606 3778; x_wconf 89' lang='lat' dir='ltr'>et</span> <span class='ocrx_word' id='word_1_760' title='bbox 2636 3722 2944 3793; x_wconf 73' lang='lat' dir='ltr'>implicatae</span> <span class='ocrx_word' id='word_1_761' title='bbox 2967 3725 3122 3776; x_wconf 89' lang='lat' dir='ltr'>sunt.</span> 
     </span>
    </p>
   </div>
   <div class='ocr_carea' id='block_1_101' title="bbox 1972 3809 3556 3884">
    <p class='ocr_par' dir='ltr' id='par_1_101' title="bbox 1972 3809 3556 3884">
     <span class='ocr_line' id='line_1_101' title="bbox 1972 3809 3556 3884; baseline -0.002 -16"><span class='ocrx_word' id='word_1_762' title='bbox 1972 3815 2062 3868; x_wconf 89' lang='lat'>23.</span> <span class='ocrx_word' id='word_1_763' title='bbox 2103 3820 2246 3869; x_wconf 84' lang='lat' dir='ltr'>Avo.</span> <span class='ocrx_word' id='word_1_764' title='bbox 2273 3812 2450 3867; x_wconf 87' lang='lat' dir='ltr'>dixit:</span> <span class='ocrx_word' id='word_1_765' title='bbox 2478 3817 2673 3884; x_wconf 88' lang='lat' dir='ltr'>Agnos</span> <span class='ocrx_word' id='word_1_766' title='bbox 2696 3828 2834 3866; x_wconf 90' lang='lat' dir='ltr'>suos</span> <span class='ocrx_word' id='word_1_767' title='bbox 2863 3810 3145 3866; x_wconf 92' lang='lat' dir='ltr'>Dominus</span> <span class='ocrx_word' id='word_1_768' title='bbox 3168 3811 3224 3864; x_wconf 92' lang='lat' dir='ltr'>in</span> <span class='ocrx_word' id='word_1_769' title='bbox 3253 3809 3446 3865; x_wconf 91' lang='lat' dir='ltr'>medio</span> <span class='ocrx_word' id='word_1_770' title='bbox 3467 3809 3556 3865; x_wconf 89' lang='lat' dir='ltr'>lu-</span> 
     </span>
    </p>
   </div>
   <div class='ocr_carea' id='block_1_102' title="bbox 1905 3899 3541 3975">
    <p class='ocr_par' dir='ltr' id='par_1_102' title="bbox 1905 3899 3541 3975">
     <span class='ocr_line' id='line_1_102' title="bbox 1905 3899 3541 3975; baseline -0.003 -17"><span class='ocrx_word' id='word_1_771' title='bbox 1905 3919 2112 3975; x_wconf 90' lang='lat' dir='ltr'>porum</span> <span class='ocrx_word' id='word_1_772' title='bbox 2137 3903 2318 3968; x_wconf 90' lang='lat' dir='ltr'>misit,</span> <span class='ocrx_word' id='word_1_773' title='bbox 2340 3902 2395 3956; x_wconf 90' lang='lat' dir='ltr'>id</span> <span class='ocrx_word' id='word_1_774' title='bbox 2421 3906 2530 3968; x_wconf 87' lang='lat' dir='ltr'>est,</span> <span class='ocrx_word' id='word_1_775' title='bbox 2556 3900 3035 3971; x_wconf 82' lang='lat' dir='ltr'>hominesjustos</span> <span class='ocrx_word' id='word_1_776' title='bbox 3059 3901 3115 3954; x_wconf 91' lang='lat' dir='ltr'>in</span> <span class='ocrx_word' id='word_1_777' title='bbox 3141 3900 3329 3954; x_wconf 91' lang='lat' dir='ltr'>medio</span> <span class='ocrx_word' id='word_1_778' title='bbox 3353 3899 3541 3954; x_wconf 91' lang='lat' dir='ltr'>homi-</span> 
     </span>
    </p>
   </div>
   <div class='ocr_carea' id='block_1_103' title="bbox 1905 3987 3541 4062">
    <p class='ocr_par' dir='ltr' id='par_1_103' title="bbox 1905 3987 3541 4062">
     <span class='ocr_line' id='line_1_103' title="bbox 1905 3987 3541 4062; baseline -0.003 -14"><span class='ocrx_word' id='word_1_779' title='bbox 1905 4010 2044 4048; x_wconf 91' lang='lat' dir='ltr'>num</span> <span class='ocrx_word' id='word_1_780' title='bbox 2075 3998 2462 4062; x_wconf 89' lang='lat' dir='ltr'>peccatorum,</span> <span class='ocrx_word' id='word_1_781' title='bbox 2486 3991 2557 4046; x_wconf 90' lang='lat' dir='ltr'>ad</span> <span class='ocrx_word' id='word_1_782' title='bbox 2582 3990 3048 4061; x_wconf 59' lang='lat' dir='ltr'>praedicationem</span> <span class='ocrx_word' id='word_1_783' title='bbox 3069 3987 3361 4060; x_wconf 87' lang='lat' dir='ltr'>Evangelii</span> <span class='ocrx_word' id='word_1_784' title='bbox 3394 3992 3541 4043; x_wconf 87' lang='lat' dir='ltr'>tem-</span> 
     </span>
    </p>
   </div>
   <div class='ocr_carea' id='block_1_104' title="bbox 1904 4077 3540 4154">
    <p class='ocr_par' dir='ltr' id='par_1_104' title="bbox 1904 4077 3540 4154">
     <span class='ocr_line' id='line_1_104' title="bbox 1904 4077 3540 4154; baseline -0.004 -17"><span class='ocrx_word' id='word_1_785' title='bbox 1904 4098 2041 4154; x_wconf 88' lang='lat' dir='ltr'>pore</span> <span class='ocrx_word' id='word_1_786' title='bbox 2066 4081 2320 4136; x_wconf 90' lang='lat' dir='ltr'>hominis</span> <span class='ocrx_word' id='word_1_787' title='bbox 2343 4079 2597 4151; x_wconf 89' lang='lat' dir='ltr'>suscepti</span> <span class='ocrx_word' id='word_1_788' title='bbox 2612 4077 3087 4134; x_wconf 61' lang='lat' dir='ltr'>abinastimahili</span> <span class='ocrx_word' id='word_1_789' title='bbox 3105 4077 3540 4148; x_wconf 81' lang='lat' dir='ltr'>divinaSepien-</span> 
     </span>
    </p>
   </div>
   <div class='ocr_carea' id='block_1_105' title="bbox 1904 4165 3538 4240">
    <p class='ocr_par' dir='ltr' id='par_1_105' title="bbox 1904 4165 3538 4240">
     <span class='ocr_line' id='line_1_105' title="bbox 1904 4165 3538 4240; baseline -0.004 -15"><span class='ocrx_word' id='word_1_790' title='bbox 1904 4171 2005 4239; x_wconf 87' lang='lat' dir='ltr'>tia,</span> <span class='ocrx_word' id='word_1_791' title='bbox 2041 4175 2165 4224; x_wconf 89' lang='lat' dir='ltr'>uta</span> <span class='ocrx_word' id='word_1_792' title='bbox 2209 4172 2440 4240; x_wconf 88' lang='lat' dir='ltr'>peccato</span> <span class='ocrx_word' id='word_1_793' title='bbox 2488 4169 2558 4222; x_wconf 92' lang='lat' dir='ltr'>ad</span> <span class='ocrx_word' id='word_1_794' title='bbox 2593 4166 2889 4237; x_wconf 88' lang='lat' dir='ltr'>justitiam</span> <span class='ocrx_word' id='word_1_795' title='bbox 2934 4182 3040 4220; x_wconf 91' lang='lat' dir='ltr'>nos</span> <span class='ocrx_word' id='word_1_796' title='bbox 3083 4171 3326 4220; x_wconf 79' lang='lat' dir='ltr'>vocaret.</span> <span class='ocrx_word' id='word_1_797' title='bbox 3379 4165 3538 4231; x_wconf 89' lang='lat' dir='ltr'>Quod</span> 
     </span>
    </p>
   </div>
   <div class='ocr_carea' id='block_1_106' title="bbox 1905 4253 3543 4328">
    <p class='ocr_par' dir='ltr' id='par_1_106' title="bbox 1905 4253 3543 4328">
     <span class='ocr_line' id='line_1_106' title="bbox 1905 4253 3543 4328; baseline -0.002 -14"><span class='ocrx_word' id='word_1_798' title='bbox 1905 4263 2096 4314; x_wconf 89' lang='lat' dir='ltr'>autem</span> <span class='ocrx_word' id='word_1_799' title='bbox 2119 4259 2198 4312; x_wconf 91' lang='lat' dir='ltr'>ait</span> <span class='ocrx_word' id='word_1_800' title='bbox 2221 4256 2551 4328; x_wconf 84' lang='lat' dir='ltr'>Apostolus,</span> <span class='ocrx_word' id='word_1_801' title='bbox 2582 4255 2750 4311; x_wconf 86' lang='lat' dir='ltr'>nobis</span> <span class='ocrx_word' id='word_1_802' title='bbox 2772 4253 3233 4309; x_wconf 88' lang='lat' dir='ltr'>colluctationem</span> <span class='ocrx_word' id='word_1_803' title='bbox 3269 4271 3382 4309; x_wconf 94' lang='lat' dir='ltr'>non</span> <span class='ocrx_word' id='word_1_804' title='bbox 3414 4269 3543 4310; x_wconf 90' lang='lat' dir='ltr'>esse</span> 
     </span>
    </p>
   </div>
   <div class='ocr_carea' id='block_1_107' title="bbox 1905 4342 3539 4415">
    <p class='ocr_par' dir='ltr' id='par_1_107' title="bbox 1905 4342 3539 4415">
     <span class='ocr_line' id='line_1_107' title="bbox 1905 4342 3539 4415; baseline -0.004 -12"><span class='ocrx_word' id='word_1_805' title='bbox 1905 4348 2184 4403; x_wconf 88' lang='lat' dir='ltr'>adversus</span> <span class='ocrx_word' id='word_1_806' title='bbox 2206 4362 2438 4401; x_wconf 89' lang='lat' dir='ltr'>carnem</span> <span class='ocrx_word' id='word_1_807' title='bbox 2458 4350 2514 4399; x_wconf 88' lang='lat' dir='ltr'>et</span> <span class='ocrx_word' id='word_1_808' title='bbox 2535 4343 3008 4415; x_wconf 81' lang='lat' dir='ltr'>sanguinem,sed</span> <span class='ocrx_word' id='word_1_809' title='bbox 3025 4343 3303 4398; x_wconf 88' lang='lat' dir='ltr'>adversus</span> <span class='ocrx_word' id='word_1_810' title='bbox 3323 4342 3539 4414; x_wconf 88' lang='lat' dir='ltr'>princi-</span> 
     </span>
    </p>
   </div>
   <div class='ocr_carea' id='block_1_108' title="bbox 1904 4436 3538 4510">
    <p class='ocr_par' dir='ltr' id='par_1_108' title="bbox 1904 4436 3538 4510">
     <span class='ocr_line' id='line_1_108' title="bbox 1904 4436 3538 4510; baseline -0.004 -18"><span class='ocrx_word' id='word_1_811' title='bbox 1904 4454 2006 4510; x_wconf 90' lang='lat' dir='ltr'>pes</span> <span class='ocrx_word' id='word_1_812' title='bbox 2029 4440 2083 4490; x_wconf 88' lang='lat' dir='ltr'>et</span> <span class='ocrx_word' id='word_1_813' title='bbox 2105 4439 2500 4508; x_wconf 89' lang='lat' dir='ltr'>potestates,et</span> <span class='ocrx_word' id='word_1_814' title='bbox 2521 4439 2724 4489; x_wconf 69' lang='lat' dir='ltr'>caetera</span> <span class='ocrx_word' id='word_1_815' title='bbox 2741 4450 2866 4505; x_wconf 76' lang='lat' dir='ltr'>quae</span> <span class='ocrx_word' id='word_1_816' title='bbox 2884 4437 3020 4487; x_wconf 89' lang='lat' dir='ltr'>sunt</span> <span class='ocrx_word' id='word_1_817' title='bbox 3047 4436 3502 4487; x_wconf 88' lang='lat' dir='ltr'>commemorata</span> <span class='ocrx_word' id='word_1_818' title='bbox 3524 4448 3538 4500; x_wconf 91' lang='lat'><strong>;</strong></span> 
     </span>
    </p>
   </div>
   <div class='ocr_carea' id='block_1_109' title="bbox 1905 4522 3537 4598">
    <p class='ocr_par' dir='ltr' id='par_1_109' title="bbox 1905 4522 3537 4598">
     <span class='ocr_line' id='line_1_109' title="bbox 1905 4522 3537 4598; baseline -0.003 -16"><span class='ocrx_word' id='word_1_819' title='bbox 1905 4526 2014 4582; x_wconf 93' lang='lat' dir='ltr'>hoc</span> <span class='ocrx_word' id='word_1_820' title='bbox 2037 4526 2329 4598; x_wconf 77' lang='lat' dir='ltr'>significat</span> <span class='ocrx_word' id='word_1_821' title='bbox 2358 4523 2652 4580; x_wconf 88' lang='lat' dir='ltr'>diabolum</span> <span class='ocrx_word' id='word_1_822' title='bbox 2677 4529 2731 4578; x_wconf 90' lang='lat' dir='ltr'>et</span> <span class='ocrx_word' id='word_1_823' title='bbox 2755 4522 2992 4595; x_wconf 88' lang='lat' dir='ltr'>angelos</span> <span class='ocrx_word' id='word_1_824' title='bbox 3015 4523 3163 4592; x_wconf 90' lang='lat' dir='ltr'>ejus,</span> <span class='ocrx_word' id='word_1_825' title='bbox 3190 4522 3342 4576; x_wconf 89' lang='lat' dir='ltr'>sicut</span> <span class='ocrx_word' id='word_1_826' title='bbox 3362 4522 3537 4577; x_wconf 91' lang='lat' dir='ltr'>etiam</span> 
     </span>
    </p>
   </div>
   <div class='ocr_carea' id='block_1_110' title="bbox 1905 4612 3541 4686">
    <p class='ocr_par' dir='ltr' id='par_1_110' title="bbox 1905 4612 3541 4686">
     <span class='ocr_line' id='line_1_110' title="bbox 1905 4612 3541 4686; baseline -0.003 -15"><span class='ocrx_word' id='word_1_827' title='bbox 1905 4633 2032 4684; x_wconf 90' lang='lat' dir='ltr'>nos,</span> <span class='ocrx_word' id='word_1_828' title='bbox 2076 4620 2308 4686; x_wconf 89' lang='lat' dir='ltr'>peccato</span> <span class='ocrx_word' id='word_1_829' title='bbox 2338 4614 2614 4670; x_wconf 90' lang='lat' dir='ltr'>cecidisse</span> <span class='ocrx_word' id='word_1_830' title='bbox 2643 4618 2699 4669; x_wconf 91' lang='lat' dir='ltr'>et</span> <span class='ocrx_word' id='word_1_831' title='bbox 2729 4614 2924 4685; x_wconf 88' lang='lat' dir='ltr'>lapsos</span> <span class='ocrx_word' id='word_1_832' title='bbox 2955 4629 3103 4676; x_wconf 88' lang='lat' dir='ltr'>esse,</span> <span class='ocrx_word' id='word_1_833' title='bbox 3127 4617 3183 4666; x_wconf 90' lang='lat' dir='ltr'>et</span> <span class='ocrx_word' id='word_1_834' title='bbox 3217 4612 3541 4667; x_wconf 91' lang='lat' dir='ltr'>obtinuisse</span> 
     </span>
    </p>
   </div>
   <div class='ocr_carea' id='block_1_111' title="bbox 1905 4700 3546 4772">
    <p class='ocr_par' dir='ltr' id='par_1_111' title="bbox 1905 4700 3546 4772">
     <span class='ocr_line' id='line_1_111' title="bbox 1905 4700 3546 4772; baseline -0.002 -12"><span class='ocrx_word' id='word_1_835' title='bbox 1905 4710 2155 4768; x_wconf 89' lang='lat' dir='ltr'>terrena,</span> <span class='ocrx_word' id='word_1_836' title='bbox 2179 4705 2234 4758; x_wconf 92' lang='lat' dir='ltr'>id</span> <span class='ocrx_word' id='word_1_837' title='bbox 2261 4708 2349 4757; x_wconf 88' lang='lat' dir='ltr'>est</span> <span class='ocrx_word' id='word_1_838' title='bbox 2365 4702 2631 4757; x_wconf 90' lang='lat' dir='ltr'>homines</span> <span class='ocrx_word' id='word_1_839' title='bbox 2647 4701 3097 4772; x_wconf 89' lang='lat' dir='ltr'>peccatores,qui</span> <span class='ocrx_word' id='word_1_840' title='bbox 3117 4700 3397 4771; x_wconf 86' lang='lat' dir='ltr'>quamdiu</span> <span class='ocrx_word' id='word_1_841' title='bbox 3418 4716 3546 4772; x_wconf 83' lang='lat' dir='ltr'>pec-</span> 
     </span>
    </p>
   </div>
   <div class='ocr_carea' id='block_1_112' title="bbox 1904 4789 3543 4862">
    <p class='ocr_par' dir='ltr' id='par_1_112' title="bbox 1904 4789 3543 4862">
     <span class='ocr_line' id='line_1_112' title="bbox 1904 4789 3543 4862; baseline -0.004 -13"><span class='ocrx_word' id='word_1_842' title='bbox 1904 4798 2129 4849; x_wconf 88' lang='lat' dir='ltr'>catores</span> <span class='ocrx_word' id='word_1_843' title='bbox 2152 4809 2380 4855; x_wconf 90' lang='lat' dir='ltr'>sumus,</span> <span class='ocrx_word' id='word_1_844' title='bbox 2405 4792 2876 4862; x_wconf 90' lang='lat' dir='ltr'>subjugoeorum</span> <span class='ocrx_word' id='word_1_845' title='bbox 2903 4806 3148 4856; x_wconf 76' lang='lat' dir='ltr'>sumus;</span> <span class='ocrx_word' id='word_1_846' title='bbox 3173 4789 3543 4860; x_wconf 89' lang='lat' dir='ltr'>quemadmo-</span> 
     </span>
    </p>
   </div>
   <div class='ocr_carea' id='block_1_113' title="bbox 1904 4877 3544 4950">
    <p class='ocr_par' dir='ltr' id='par_1_113' title="bbox 1904 4877 3544 4950">
     <span class='ocr_line' id='line_1_113' title="bbox 1904 4877 3544 4950; baseline -0.004 -13"><span class='ocrx_word' id='word_1_847' title='bbox 1904 4884 2066 4946; x_wconf 91' lang='lat' dir='ltr'>dum,</span> <span class='ocrx_word' id='word_1_848' title='bbox 2093 4897 2224 4936; x_wconf 92' lang='lat' dir='ltr'>cum</span> <span class='ocrx_word' id='word_1_849' title='bbox 2246 4881 2384 4950; x_wconf 89' lang='lat' dir='ltr'>justi</span> <span class='ocrx_word' id='word_1_850' title='bbox 2408 4877 2884 4946; x_wconf 89' lang='lat' dir='ltr'>erimus,erimus</span> <span class='ocrx_word' id='word_1_851' title='bbox 2907 4877 3431 4949; x_wconf 77' lang='lat' dir='ltr'>subjugojustitize</span> <span class='ocrx_word' id='word_1_852' title='bbox 3454 4894 3466 4943; x_wconf 88' lang='lat'><strong>;</strong></span> <span class='ocrx_word' id='word_1_853' title='bbox 3487 4880 3544 4932; x_wconf 89' lang='lat' dir='ltr'>et</span> 
     </span>
    </p>
   </div>
   <div class='ocr_carea' id='block_1_114' title="bbox 1903 4964 3539 5037">
    <p class='ocr_par' dir='ltr' id='par_1_114' title="bbox 1903 4964 3539 5037">
     <span class='ocr_line' id='line_1_114' title="bbox 1903 4964 3539 5037; baseline -0.003 -12"><span class='ocrx_word' id='word_1_854' title='bbox 1903 4976 2104 5026; x_wconf 89' lang='lat' dir='ltr'>contra</span> <span class='ocrx_word' id='word_1_855' title='bbox 2124 4969 2254 5023; x_wconf 92' lang='lat' dir='ltr'>illos</span> <span class='ocrx_word' id='word_1_856' title='bbox 2278 4967 2492 5023; x_wconf 91' lang='lat' dir='ltr'>luctam</span> <span class='ocrx_word' id='word_1_857' title='bbox 2518 4967 2821 5033; x_wconf 90' lang='lat' dir='ltr'>habemus,</span> <span class='ocrx_word' id='word_1_858' title='bbox 2849 4970 2912 5020; x_wconf 93' lang='lat' dir='ltr'>ut</span> <span class='ocrx_word' id='word_1_859' title='bbox 2934 4966 3252 5037; x_wconf 87' lang='lat' dir='ltr'>migrantes</span> <span class='ocrx_word' id='word_1_860' title='bbox 3276 4964 3539 5036; x_wconf 83' lang='lat' dir='ltr'>adjusti-</span> 
     </span>
    </p>
   </div>
   <div class='ocr_carea' id='block_1_115' title="bbox 1904 5054 3539 5125">
    <p class='ocr_par' dir='ltr' id='par_1_115' title="bbox 1904 5054 3539 5125">
     <span class='ocr_line' id='line_1_115' title="bbox 1904 5054 3539 5125; baseline -0.003 -11"><span class='ocrx_word' id='word_1_861' title='bbox 1904 5059 2068 5125; x_wconf 90' lang='lat' dir='ltr'>tiam,</span> <span class='ocrx_word' id='word_1_862' title='bbox 2093 5059 2164 5113; x_wconf 91' lang='lat' dir='ltr'>ab</span> <span class='ocrx_word' id='word_1_863' title='bbox 2189 5073 2388 5113; x_wconf 90' lang='lat' dir='ltr'>eorum</span> <span class='ocrx_word' id='word_1_864' title='bbox 2416 5056 2808 5112; x_wconf 90' lang='lat' dir='ltr'>dominatione</span> <span class='ocrx_word' id='word_1_865' title='bbox 2835 5054 3167 5110; x_wconf 89' lang='lat' dir='ltr'>liberemur.</span> <span class='ocrx_word' id='word_1_866' title='bbox 3218 5057 3364 5125; x_wconf 87' lang='lat' dir='ltr'>Ergo</span> <span class='ocrx_word' id='word_1_867' title='bbox 3396 5058 3452 5108; x_wconf 89' lang='lat' dir='ltr'>et</span> <span class='ocrx_word' id='word_1_868' title='bbox 3477 5060 3539 5109; x_wconf 90' lang='lat' dir='ltr'>tu</span> 
     </span>
    </p>
   </div>
   <div class='ocr_carea' id='block_1_116' title="bbox 1903 5143 3538 5219">
    <p class='ocr_par' dir='ltr' id='par_1_116' title="bbox 1903 5143 3538 5219">
     <span class='ocr_line' id='line_1_116' title="bbox 1903 5143 3538 5219; baseline -0.003 -16"><span class='ocrx_word' id='word_1_869' title='bbox 1903 5148 2143 5219; x_wconf 87' lang='lat' dir='ltr'>dignare</span> <span class='ocrx_word' id='word_1_870' title='bbox 2175 5146 2318 5201; x_wconf 92' lang='lat' dir='ltr'>mihi</span> <span class='ocrx_word' id='word_1_871' title='bbox 2350 5146 2598 5201; x_wconf 86' lang='lat' dir='ltr'>breviter</span> <span class='ocrx_word' id='word_1_872' title='bbox 2628 5145 2696 5199; x_wconf 88' lang='lat' dir='ltr'>ad</span> <span class='ocrx_word' id='word_1_873' title='bbox 2732 5161 2914 5199; x_wconf 91' lang='lat' dir='ltr'>unum</span> <span class='ocrx_word' id='word_1_874' title='bbox 2948 5144 3100 5216; x_wconf 92' lang='lat' dir='ltr'>quod</span> <span class='ocrx_word' id='word_1_875' title='bbox 3132 5143 3424 5215; x_wconf 85' lang='lat' dir='ltr'>interrogo</span> <span class='ocrx_word' id='word_1_876' title='bbox 3451 5159 3538 5198; x_wconf 88' lang='lat' dir='ltr'>re-</span> 
     </span>
    </p>
   </div>
   <div class='ocr_carea' id='block_1_117' title="bbox 1902 5232 3536 5309">
    <p class='ocr_par' dir='ltr' id='par_1_117' title="bbox 1902 5232 3536 5309">
     <span class='ocr_line' id='line_1_117' title="bbox 1902 5232 3536 5309; baseline -0.004 -16"><span class='ocrx_word' id='word_1_877' title='bbox 1902 5237 2208 5309; x_wconf 88' lang='lat' dir='ltr'>spondere.</span> <span class='ocrx_word' id='word_1_878' title='bbox 2233 5234 2433 5290; x_wconf 88' lang='lat' dir='ltr'>Noceri</span> <span class='ocrx_word' id='word_1_879' title='bbox 2462 5240 2573 5290; x_wconf 89' lang='lat' dir='ltr'>Deo</span> <span class='ocrx_word' id='word_1_880' title='bbox 2601 5250 2714 5288; x_wconf 91' lang='lat' dir='ltr'>non</span> <span class='ocrx_word' id='word_1_881' title='bbox 2739 5237 2980 5305; x_wconf 88' lang='lat' dir='ltr'>poterat,</span> <span class='ocrx_word' id='word_1_882' title='bbox 3017 5249 3089 5287; x_wconf 91' lang='lat' dir='ltr'>an</span> <span class='ocrx_word' id='word_1_883' title='bbox 3127 5232 3395 5303; x_wconf 86' lang='lat' dir='ltr'>poterat?</span> <span class='ocrx_word' id='word_1_884' title='bbox 3424 5232 3536 5288; x_wconf 89' lang='lat' dir='ltr'>Sed</span> 
     </span>
    </p>
   </div>
   <div class='ocr_carea' id='block_1_118' title="bbox 1966 5338 3222 5404">
    <p class='ocr_par' dir='ltr' id='par_1_118' title="bbox 1966 5338 3222 5404">
     <span class='ocr_line' id='line_1_118' title="bbox 1966 5338 3222 5404; baseline -0.008 -10"><span class='ocrx_word' id='word_1_885' title='bbox 1966 5346 1983 5380; x_wconf 88' lang='grc'>¹</span> <span class='ocrx_word' id='word_1_886' title='bbox 2016 5345 2100 5394; x_wconf 90' lang='lat' dir='ltr'>Sic</span> <span class='ocrx_word' id='word_1_887' title='bbox 2131 5345 2252 5392; x_wconf 74' lang='lat' dir='ltr'>Mss.</span> <span class='ocrx_word' id='word_1_888' title='bbox 2279 5345 2344 5391; x_wconf 82' lang='lat' dir='ltr'>At</span> <span class='ocrx_word' id='word_1_889' title='bbox 2371 5342 2496 5391; x_wconf 88' lang='lat' dir='ltr'>editi</span> <span class='ocrx_word' id='word_1_890' title='bbox 2527 5377 2536 5388; x_wconf 92' lang='lat'>.</span> <span class='ocrx_word' id='word_1_891' title='bbox 2571 5342 2648 5390; x_wconf 79' lang='lat' dir='ltr'>Ea:</span> <span class='ocrx_word' id='word_1_892' title='bbox 2676 5341 2786 5404; x_wconf 73' lang='lat' dir='ltr'>ipsa</span> <span class='ocrx_word' id='word_1_893' title='bbox 2815 5340 2952 5404; x_wconf 74' lang='lat' dir='ltr'>enim</span> <span class='ocrx_word' id='word_1_894' title='bbox 2984 5338 3222 5404; x_wconf 63' lang='lat' dir='ltr'>homines.</span> 
     </span>
    </p>
   </div>
   <div class='ocr_carea' id='block_1_119' title="bbox 1963 5401 3538 5464">
    <p class='ocr_par' dir='ltr' id='par_1_119' title="bbox 1963 5401 3538 5464">
     <span class='ocr_line' id='line_1_119' title="bbox 1963 5401 3538 5464; baseline -0.003 -9"><span class='ocrx_word' id='word_1_895' title='bbox 1963 5411 1985 5445; x_wconf 68' lang='grc' dir='ltr'><em>ε</em></span> <span class='ocrx_word' id='word_1_896' title='bbox 2024 5407 2309 5456; x_wconf 84' lang='lat' dir='ltr'>Vaticanus</span> <span class='ocrx_word' id='word_1_897' title='bbox 2338 5407 2434 5454; x_wconf 86' lang='lat' dir='ltr'>Ms.</span> <span class='ocrx_word' id='word_1_898' title='bbox 2459 5419 2472 5453; x_wconf 88' lang='lat'><strong>:</strong></span> <span class='ocrx_word' id='word_1_899' title='bbox 2503 5404 2594 5453; x_wconf 82' lang='lat' dir='ltr'>Hic</span> <span class='ocrx_word' id='word_1_900' title='bbox 2618 5401 2934 5452; x_wconf 60' lang='lat' dir='ltr'>sentiendum</span> <span class='ocrx_word' id='word_1_901' title='bbox 2964 5405 3054 5450; x_wconf 77' lang='lat' dir='ltr'>est.</span> <span class='ocrx_word' id='word_1_902' title='bbox 3106 5401 3370 5464; x_wconf 86' lang='lat' dir='ltr'>Pauloque</span> <span class='ocrx_word' id='word_1_903' title='bbox 3417 5405 3538 5464; x_wconf 79' lang='lat' dir='ltr'>post</span> 
     </span>
    </p>
   </div>
   <div class='ocr_carea' id='block_1_120' title="bbox 1899 5464 3533 5532">
    <p class='ocr_par' dir='ltr' id='par_1_120' title="bbox 1899 5464 3533 5532">
     <span class='ocr_line' id='line_1_120' title="bbox 1899 5464 3533 5532; baseline -0.006 -11"><span class='ocrx_word' id='word_1_904' title='bbox 1899 5471 2039 5521; x_wconf 85' lang='lat' dir='ltr'>idem</span> <span class='ocrx_word' id='word_1_905' title='bbox 2068 5468 2250 5527; x_wconf 86' lang='lat' dir='ltr'>codex,</span> <span class='ocrx_word' id='word_1_906' title='bbox 2282 5482 2433 5532; x_wconf 87' lang='lat' dir='ltr'>quam</span> <span class='ocrx_word' id='word_1_907' title='bbox 2464 5468 2519 5515; x_wconf 86' lang='lat' dir='ltr'>in</span> <span class='ocrx_word' id='word_1_908' title='bbox 2547 5466 2886 5516; x_wconf 80' lang='lat' dir='ltr'>similitudine</span> <span class='ocrx_word' id='word_1_909' title='bbox 2914 5465 3148 5527; x_wconf 79' lang='lat' dir='ltr'>luporum</span> <span class='ocrx_word' id='word_1_910' title='bbox 3177 5464 3408 5513; x_wconf 84' lang='lat' dir='ltr'>eamdem</span> <span class='ocrx_word' id='word_1_911' title='bbox 3437 5478 3533 5529; x_wconf 81' lang='lat' dir='ltr'>po-</span> 
     </span>
    </p>
   </div>
   <div class='ocr_carea' id='block_1_121' title="bbox 1897 5536 3306 5656">
    <p class='ocr_par' dir='ltr' id='par_1_121' title="bbox 1897 5536 3306 5656">
     <span class='ocr_line' id='line_1_121' title="bbox 1897 5536 3306 5656; baseline -0.004 -12"><span class='ocrx_word' id='word_1_912' title='bbox 1897 5536 2099 5644; x_wconf 53' lang='lat' dir='ltr'>nereltifr.</span> <span class='ocrx_word' id='word_1_913' title='bbox 2129 5592 2294 5656; x_wconf 82' lang='lat' dir='ltr'>Lugd.</span> <span class='ocrx_word' id='word_1_914' title='bbox 2324 5595 2376 5641; x_wconf 88' lang='lat' dir='ltr'>et</span> <span class='ocrx_word' id='word_1_915' title='bbox 2405 5592 2556 5656; x_wconf 30' lang='lat' dir='ltr'>veni,</span> <span class='ocrx_word' id='word_1_916' title='bbox 2588 5591 2874 5640; x_wconf 83' lang='lat' dir='ltr'>animorum</span> <span class='ocrx_word' id='word_1_917' title='bbox 2903 5591 3209 5656; x_wconf 65' lang='lat' dir='ltr'>nostrorum.</span> <span class='ocrx_word' id='word_1_918' title='bbox 3240 5589 3306 5638; x_wconf 72' lang='lat' dir='ltr'>It.</span> 
     </span>
    </p>
   </div>
   <div class='ocr_carea' id='block_1_122' title="bbox 1964 5653 3015 5716">
    <p class='ocr_par' dir='ltr' id='par_1_122' title="bbox 1964 5653 3015 5716">
     <span class='ocr_line' id='line_1_122' title="bbox 1964 5653 3015 5716; baseline -0.005 -10"><span class='ocrx_word' id='word_1_919' title='bbox 1964 5660 1985 5694; x_wconf 68' lang='grc'>³</span> <span class='ocrx_word' id='word_1_920' title='bbox 2012 5660 2068 5706; x_wconf 84' lang='lat' dir='ltr'>In</span> <span class='ocrx_word' id='word_1_921' title='bbox 2100 5653 2232 5706; x_wconf 52' lang='lat' dir='ltr'>Mss.—</span> <span class='ocrx_word' id='word_1_922' title='bbox 2254 5660 2305 5704; x_wconf 90' lang='lat' dir='ltr'>et</span> <span class='ocrx_word' id='word_1_923' title='bbox 2334 5654 2471 5716; x_wconf 90' lang='lat' dir='ltr'>apud</span> <span class='ocrx_word' id='word_1_924' title='bbox 2503 5654 2606 5713; x_wconf 88' lang='lat' dir='ltr'>Er.,</span> <span class='ocrx_word' id='word_1_925' title='bbox 2637 5653 3015 5702; x_wconf 72' lang='lat' dir='ltr'>conservantur.</span> 
     </span>
    </p>
   </div>
   <div class='ocr_carea' id='block_1_123' title="bbox 1960 5735 2786 5801">
    <p class='ocr_par' dir='ltr' id='par_1_123' title="bbox 1960 5735 2786 5801">
     <span class='ocr_line' id='line_1_123' title="bbox 1960 5735 2786 5801; baseline -0.006 -15"><span class='ocrx_word' id='word_1_926' title='bbox 1960 5739 2034 5801; x_wconf 89' lang='lat' dir='ltr'>(a)</span> <span class='ocrx_word' id='word_1_927' title='bbox 2066 5740 2088 5786; x_wconf 84' lang='grc'><strong>1</strong></span> <span class='ocrx_word' id='word_1_928' title='bbox 2120 5737 2369 5794; x_wconf 85' lang='lat' dir='ltr'>Retract.,</span> <span class='ocrx_word' id='word_1_929' title='bbox 2399 5747 2514 5796; x_wconf 88' lang='lat' dir='ltr'>cap.</span> <span class='ocrx_word' id='word_1_930' title='bbox 2549 5735 2627 5794; x_wconf 83' lang='lat'>16,</span> <span class='ocrx_word' id='word_1_931' title='bbox 2655 5745 2710 5781; x_wconf 86' lang='lat' dir='ltr'>n.</span> <span class='ocrx_word' id='word_1_932' title='bbox 2741 5735 2786 5782; x_wconf 80' lang='grc'><strong>2.</strong></span> 
     </span>
    </p>
   </div>
  </div>
