  <div class='ocr_page' id='page_1' title='image "/cluster/home/n/w/nwhite01/storage/ocr_20150623/42/umn.31951d02850084t/069.png"; bbox 0 0 4012 6448; ppageno 0'>
   <div class='ocr_carea' id='block_1_1' title="bbox 481 383 592 442">
    <p class='ocr_par' dir='ltr' id='par_1_1' title="bbox 481 383 592 442">
     <span class='ocr_line' id='line_1_1' title="bbox 481 383 592 442; baseline 0 0"><span class='ocrx_word' id='word_1_1' title='bbox 481 383 592 442; x_wconf 74' lang='grc'>127</span> 
     </span>
    </p>
   </div>
   <div class='ocr_carea' id='block_1_2' title="bbox 481 515 1807 589">
    <p class='ocr_par' dir='ltr' id='par_1_2' title="bbox 481 515 1807 589">
     <span class='ocr_line' id='line_1_2' title="bbox 481 515 1807 589; baseline -0.001 -18"><span class='ocrx_word' id='word_1_2' title='bbox 481 532 675 589; x_wconf 78' lang='lat' dir='ltr'>quaeso</span> <span class='ocrx_word' id='word_1_3' title='bbox 707 515 847 570; x_wconf 85' lang='lat' dir='ltr'>mihi</span> <span class='ocrx_word' id='word_1_4' title='bbox 884 519 965 570; x_wconf 89' lang='lat' dir='ltr'>ut.</span> <span class='ocrx_word' id='word_1_5' title='bbox 999 515 1122 570; x_wconf 91' lang='lat' dir='ltr'>Non</span> <span class='ocrx_word' id='word_1_6' title='bbox 1157 519 1398 588; x_wconf 81' lang='lat' dir='ltr'>poterat,</span> <span class='ocrx_word' id='word_1_7' title='bbox 1434 516 1807 587; x_wconf 84' lang='lat' dir='ltr'>respondeas.</span> 
     </span>
    </p>
   </div>
   <div class='ocr_carea' id='block_1_3' title="bbox 552 604 1604 676">
    <p class='ocr_par' dir='ltr' id='par_1_3' title="bbox 552 604 1604 676">
     <span class='ocr_line' id='line_1_3' title="bbox 552 604 1604 676; baseline -0.003 -16"><span class='ocrx_word' id='word_1_8' title='bbox 552 605 722 660; x_wconf 79' lang='lat' dir='ltr'>Foa&#39;r.</span> <span class='ocrx_word' id='word_1_9' title='bbox 760 604 942 659; x_wconf 79' lang='lat' dir='ltr'>dixit:</span> <span class='ocrx_word' id='word_1_10' title='bbox 981 607 1102 659; x_wconf 82' lang='lat' dir='ltr'>Non</span> <span class='ocrx_word' id='word_1_11' title='bbox 1136 609 1362 676; x_wconf 82' lang='lat' dir='ltr'>poterat</span> <span class='ocrx_word' id='word_1_12' title='bbox 1394 606 1604 659; x_wconf 82' lang='lat' dir='ltr'>noceri.</span> 
     </span>
    </p>
   </div>
   <div class='ocr_carea' id='block_1_4' title="bbox 550 692 2122 765">
    <p class='ocr_par' dir='ltr' id='par_1_4' title="bbox 550 692 2122 765">
     <span class='ocr_line' id='line_1_4' title="bbox 550 692 2122 765; baseline 0.001 -18"><span class='ocrx_word' id='word_1_13' title='bbox 550 693 640 748; x_wconf 82' lang='grc'>24.</span> <span class='ocrx_word' id='word_1_14' title='bbox 672 695 815 748; x_wconf 82' lang='lat' dir='ltr'>Anc.</span> <span class='ocrx_word' id='word_1_15' title='bbox 851 693 1032 748; x_wconf 84' lang='lat' dir='ltr'>dixit:</span> <span class='ocrx_word' id='word_1_16' title='bbox 1067 694 1255 757; x_wconf 83' lang='lat' dir='ltr'>Quare</span> <span class='ocrx_word' id='word_1_17' title='bbox 1285 709 1420 765; x_wconf 91' lang='lat' dir='ltr'>ergo</span> <span class='ocrx_word' id='word_1_18' title='bbox 1451 692 1565 749; x_wconf 91' lang='lat' dir='ltr'>huc</span> <span class='ocrx_word' id='word_1_19' title='bbox 1600 709 1704 750; x_wconf 91' lang='lat' dir='ltr'>nos</span> <span class='ocrx_word' id='word_1_20' title='bbox 1736 693 1895 749; x_wconf 82' lang='lat' dir='ltr'>misit</span> <span class='ocrx_word' id='word_1_21' title='bbox 1921 709 2122 748; x_wconf 80' lang='lat' dir='ltr'>secun-</span> 
     </span>
    </p>
   </div>
   <div class='ocr_carea' id='block_1_5' title="bbox 482 783 1166 838">
    <p class='ocr_par' dir='ltr' id='par_1_5' title="bbox 482 783 1166 838">
     <span class='ocr_line' id='line_1_5' title="bbox 482 783 1166 838; baseline -0.001 0"><span class='ocrx_word' id='word_1_22' title='bbox 482 783 621 838; x_wconf 90' lang='lat' dir='ltr'>dum</span> <span class='ocrx_word' id='word_1_23' title='bbox 653 787 904 837; x_wconf 77' lang='lat' dir='ltr'>vestram</span> <span class='ocrx_word' id='word_1_24' title='bbox 938 783 1114 837; x_wconf 85' lang='lat' dir='ltr'>ﬁdem</span> <span class='ocrx_word' id='word_1_25' title='bbox 1139 783 1166 836; x_wconf 78' lang='lat' dir='ltr'>‘I</span> 
     </span>
    </p>
   </div>
   <div class='ocr_carea' id='block_1_6' title="bbox 554 871 2120 944">
    <p class='ocr_par' dir='ltr' id='par_1_6' title="bbox 554 871 2120 944">
     <span class='ocr_line' id='line_1_6' title="bbox 554 871 2120 944; baseline 0.001 -18"><span class='ocrx_word' id='word_1_26' title='bbox 554 872 725 926; x_wconf 78' lang='lat' dir='ltr'>Foa&#39;r.</span> <span class='ocrx_word' id='word_1_27' title='bbox 759 873 938 927; x_wconf 81' lang='lat' dir='ltr'>dixit:</span> <span class='ocrx_word' id='word_1_28' title='bbox 975 871 1259 927; x_wconf 77' lang='lat' dir='ltr'>Professio</span> <span class='ocrx_word' id='word_1_29' title='bbox 1293 888 1422 927; x_wconf 82' lang='lat' dir='ltr'>mea</span> <span class='ocrx_word' id='word_1_30' title='bbox 1452 871 1573 928; x_wconf 67' lang='lat' dir='ltr'>hac</span> <span class='ocrx_word' id='word_1_31' title='bbox 1602 875 1712 940; x_wconf 91' lang='lat' dir='ltr'>est,</span> <span class='ocrx_word' id='word_1_32' title='bbox 1745 872 1881 944; x_wconf 83' lang='lat' dir='ltr'>quia</span> <span class='ocrx_word' id='word_1_33' title='bbox 1929 873 2120 928; x_wconf 83' lang='lat' dir='ltr'>noceri</span> 
     </span>
    </p>
   </div>
   <div class='ocr_carea' id='block_1_7' title="bbox 477 961 2119 1033">
    <p class='ocr_par' dir='ltr' id='par_1_7' title="bbox 477 961 2119 1033">
     <span class='ocr_line' id='line_1_7' title="bbox 477 961 2119 1033; baseline -0.001 -15"><span class='ocrx_word' id='word_1_34' title='bbox 477 978 593 1018; x_wconf 89' lang='lat' dir='ltr'>non</span> <span class='ocrx_word' id='word_1_35' title='bbox 627 965 850 1033; x_wconf 81' lang='lat' dir='ltr'>poterat</span> <span class='ocrx_word' id='word_1_36' title='bbox 879 961 1016 1026; x_wconf 90' lang='lat' dir='ltr'>Deo,</span> <span class='ocrx_word' id='word_1_37' title='bbox 1049 965 1106 1016; x_wconf 87' lang='lat' dir='ltr'>et</span> <span class='ocrx_word' id='word_1_38' title='bbox 1135 961 1289 1032; x_wconf 92' lang='lat' dir='ltr'>quod</span> <span class='ocrx_word' id='word_1_39' title='bbox 1313 961 1467 1017; x_wconf 87' lang='lat' dir='ltr'>Deus</span> <span class='ocrx_word' id='word_1_40' title='bbox 1489 961 1603 1017; x_wconf 90' lang='lat' dir='ltr'>huc</span> <span class='ocrx_word' id='word_1_41' title='bbox 1629 978 1732 1016; x_wconf 89' lang='lat' dir='ltr'>nos</span> <span class='ocrx_word' id='word_1_42' title='bbox 1756 961 1982 1017; x_wconf 79' lang='lat' dir='ltr'>direxit.</span> <span class='ocrx_word' id='word_1_43' title='bbox 2009 961 2119 1017; x_wconf 87' lang='lat' dir='ltr'>Sed</span> 
     </span>
    </p>
   </div>
   <div class='ocr_carea' id='block_1_8' title="bbox 477 1050 2122 1123">
    <p class='ocr_par' dir='ltr' id='par_1_8' title="bbox 477 1050 2122 1123">
     <span class='ocr_line' id='line_1_8' title="bbox 477 1050 2122 1123; baseline 0.001 -18"><span class='ocrx_word' id='word_1_44' title='bbox 477 1051 616 1123; x_wconf 91' lang='lat' dir='ltr'>quia</span> <span class='ocrx_word' id='word_1_45' title='bbox 646 1050 703 1105; x_wconf 90' lang='lat' dir='ltr'>id</span> <span class='ocrx_word' id='word_1_46' title='bbox 738 1050 845 1106; x_wconf 84' lang='lat' dir='ltr'>tibi</span> <span class='ocrx_word' id='word_1_47' title='bbox 878 1050 1235 1105; x_wconf 89' lang='lat' dir='ltr'>contrarium</span> <span class='ocrx_word' id='word_1_48' title='bbox 1268 1055 1374 1118; x_wconf 87' lang='lat' dir='ltr'>est,</span> <span class='ocrx_word' id='word_1_49' title='bbox 1409 1054 1470 1104; x_wconf 89' lang='lat' dir='ltr'>tu</span> <span class='ocrx_word' id='word_1_50' title='bbox 1504 1052 1596 1106; x_wconf 92' lang='lat' dir='ltr'>dic</span> <span class='ocrx_word' id='word_1_51' title='bbox 1629 1068 1744 1122; x_wconf 90' lang='lat' dir='ltr'>qua</span> <span class='ocrx_word' id='word_1_52' title='bbox 1774 1051 1996 1106; x_wconf 81' lang='lat' dir='ltr'>ratione</span> <span class='ocrx_word' id='word_1_53' title='bbox 2027 1051 2122 1107; x_wconf 89' lang='lat' dir='ltr'>hic</span> 
     </span>
    </p>
   </div>
   <div class='ocr_carea' id='block_1_9' title="bbox 474 1138 2125 1212">
    <p class='ocr_par' dir='ltr' id='par_1_9' title="bbox 474 1138 2125 1212">
     <span class='ocr_line' id='line_1_9' title="bbox 474 1138 2125 1212; baseline -0.001 -16"><span class='ocrx_word' id='word_1_54' title='bbox 474 1138 746 1212; x_wconf 87' lang='lat' dir='ltr'>apparuit</span> <span class='ocrx_word' id='word_1_55' title='bbox 785 1140 1002 1206; x_wconf 89' lang='lat' dir='ltr'>anima,</span> <span class='ocrx_word' id='word_1_56' title='bbox 1037 1156 1213 1210; x_wconf 91' lang='lat' dir='ltr'>quam</span> <span class='ocrx_word' id='word_1_57' title='bbox 1250 1156 1404 1194; x_wconf 92' lang='lat' dir='ltr'>nunc</span> <span class='ocrx_word' id='word_1_58' title='bbox 1436 1139 1600 1212; x_wconf 91' lang='lat' dir='ltr'>cupit</span> <span class='ocrx_word' id='word_1_59' title='bbox 1635 1141 1782 1195; x_wconf 89' lang='lat' dir='ltr'>Deus</span> <span class='ocrx_word' id='word_1_60' title='bbox 1815 1145 2032 1207; x_wconf 87' lang='lat' dir='ltr'>noster,</span> <span class='ocrx_word' id='word_1_61' title='bbox 2068 1143 2125 1196; x_wconf 89' lang='lat' dir='ltr'>et</span> 
     </span>
    </p>
   </div>
   <div class='ocr_carea' id='block_1_10' title="bbox 475 1227 1874 1300">
    <p class='ocr_par' dir='ltr' id='par_1_10' title="bbox 475 1227 1874 1300">
     <span class='ocr_line' id='line_1_10' title="bbox 475 1227 1874 1300; baseline 0 -16"><span class='ocrx_word' id='word_1_62' title='bbox 475 1229 793 1296; x_wconf 84' lang='lat' dir='ltr'>mandatis,</span> <span class='ocrx_word' id='word_1_63' title='bbox 826 1233 882 1283; x_wconf 91' lang='lat' dir='ltr'>et</span> <span class='ocrx_word' id='word_1_64' title='bbox 915 1227 1144 1300; x_wconf 90' lang='lat' dir='ltr'>proprio</span> <span class='ocrx_word' id='word_1_65' title='bbox 1177 1227 1316 1283; x_wconf 82' lang='lat' dir='ltr'>Filio</span> <span class='ocrx_word' id='word_1_66' title='bbox 1339 1229 1556 1284; x_wconf 89' lang='lat' dir='ltr'>directo</span> <span class='ocrx_word' id='word_1_67' title='bbox 1580 1228 1874 1284; x_wconf 86' lang='lat' dir='ltr'>liberare?</span> 
     </span>
    </p>
   </div>
   <div class='ocr_carea' id='block_1_11' title="bbox 545 1317 2122 1390">
    <p class='ocr_par' dir='ltr' id='par_1_11' title="bbox 545 1317 2122 1390">
     <span class='ocr_line' id='line_1_11' title="bbox 545 1317 2122 1390; baseline 0.001 -18"><span class='ocrx_word' id='word_1_68' title='bbox 545 1317 635 1372; x_wconf 86' lang='lat'>25.</span> <span class='ocrx_word' id='word_1_69' title='bbox 667 1319 815 1372; x_wconf 85' lang='lat' dir='ltr'>Auo.</span> <span class='ocrx_word' id='word_1_70' title='bbox 868 1317 1048 1371; x_wconf 86' lang='lat' dir='ltr'>dixit:</span> <span class='ocrx_word' id='word_1_71' title='bbox 1099 1317 1382 1383; x_wconf 87' lang='lat' dir='ltr'>Quoniam</span> <span class='ocrx_word' id='word_1_72' title='bbox 1437 1317 1600 1372; x_wconf 91' lang='lat' dir='ltr'>video</span> <span class='ocrx_word' id='word_1_73' title='bbox 1647 1321 1700 1372; x_wconf 90' lang='lat' dir='ltr'>te</span> <span class='ocrx_word' id='word_1_74' title='bbox 1750 1317 2122 1390; x_wconf 81' lang='lat' dir='ltr'>interrogatis</span> 
     </span>
    </p>
   </div>
   <div class='ocr_carea' id='block_1_12' title="bbox 479 1405 2122 1477">
    <p class='ocr_par' dir='ltr' id='par_1_12' title="bbox 479 1405 2122 1477">
     <span class='ocr_line' id='line_1_12' title="bbox 479 1405 2122 1477; baseline 0 -16"><span class='ocrx_word' id='word_1_75' title='bbox 479 1407 625 1462; x_wconf 90' lang='lat' dir='ltr'>meis</span> <span class='ocrx_word' id='word_1_76' title='bbox 657 1406 1005 1477; x_wconf 91' lang='lat' dir='ltr'>respondere</span> <span class='ocrx_word' id='word_1_77' title='bbox 1035 1422 1150 1460; x_wconf 91' lang='lat' dir='ltr'>non</span> <span class='ocrx_word' id='word_1_78' title='bbox 1178 1406 1458 1476; x_wconf 91' lang='lat' dir='ltr'>potuisse,</span> <span class='ocrx_word' id='word_1_79' title='bbox 1493 1411 1548 1460; x_wconf 89' lang='lat' dir='ltr'>et</span> <span class='ocrx_word' id='word_1_80' title='bbox 1582 1421 1672 1461; x_wconf 89' lang='lat' dir='ltr'>me</span> <span class='ocrx_word' id='word_1_81' title='bbox 1695 1405 1914 1477; x_wconf 89' lang='lat' dir='ltr'>aliquid</span> <span class='ocrx_word' id='word_1_82' title='bbox 1939 1406 2122 1462; x_wconf 87' lang='lat' dir='ltr'>inter-</span> 
     </span>
    </p>
   </div>
   <div class='ocr_carea' id='block_1_13' title="bbox 477 1495 2121 1566">
    <p class='ocr_par' dir='ltr' id='par_1_13' title="bbox 477 1495 2121 1566">
     <span class='ocr_line' id='line_1_13' title="bbox 477 1495 2121 1566; baseline 0.001 -15"><span class='ocrx_word' id='word_1_83' title='bbox 477 1511 680 1566; x_wconf 90' lang='lat' dir='ltr'>rogare</span> <span class='ocrx_word' id='word_1_84' title='bbox 711 1495 984 1559; x_wconf 87' lang='lat' dir='ltr'>voluisse,</span> <span class='ocrx_word' id='word_1_85' title='bbox 1016 1511 1146 1550; x_wconf 92' lang='lat' dir='ltr'>ecce</span> <span class='ocrx_word' id='word_1_86' title='bbox 1172 1495 1465 1550; x_wconf 81' lang='lat' dir='ltr'>satisfacio</span> <span class='ocrx_word' id='word_1_87' title='bbox 1497 1495 1624 1564; x_wconf 83' lang='lat' dir='ltr'>tibi,</span> <span class='ocrx_word' id='word_1_88' title='bbox 1657 1497 1976 1552; x_wconf 87' lang='lat' dir='ltr'>dummodo</span> <span class='ocrx_word' id='word_1_89' title='bbox 2002 1513 2121 1552; x_wconf 89' lang='lat' dir='ltr'>me-</span> 
     </span>
    </p>
   </div>
   <div class='ocr_carea' id='block_1_14' title="bbox 480 1583 2118 1656">
    <p class='ocr_par' dir='ltr' id='par_1_14' title="bbox 480 1583 2118 1656">
     <span class='ocr_line' id='line_1_14' title="bbox 480 1583 2118 1656; baseline 0.002 -17"><span class='ocrx_word' id='word_1_90' title='bbox 480 1583 721 1640; x_wconf 90' lang='lat' dir='ltr'>mineris</span> <span class='ocrx_word' id='word_1_91' title='bbox 751 1588 806 1638; x_wconf 90' lang='lat' dir='ltr'>te</span> <span class='ocrx_word' id='word_1_92' title='bbox 837 1585 905 1638; x_wconf 91' lang='lat' dir='ltr'>ad</span> <span class='ocrx_word' id='word_1_93' title='bbox 942 1584 998 1637; x_wconf 92' lang='lat' dir='ltr'>id</span> <span class='ocrx_word' id='word_1_94' title='bbox 1031 1586 1180 1656; x_wconf 89' lang='lat' dir='ltr'>quod</span> <span class='ocrx_word' id='word_1_95' title='bbox 1207 1584 1556 1656; x_wconf 85' lang='lat' dir='ltr'>interrogavi</span> <span class='ocrx_word' id='word_1_96' title='bbox 1584 1601 1698 1640; x_wconf 90' lang='lat' dir='ltr'>non</span> <span class='ocrx_word' id='word_1_97' title='bbox 1724 1584 2118 1656; x_wconf 87' lang='lat' dir='ltr'>respondisse.</span> 
     </span>
    </p>
   </div>
   <div class='ocr_carea' id='block_1_15' title="bbox 474 1673 2120 1744">
    <p class='ocr_par' dir='ltr' id='par_1_15' title="bbox 474 1673 2120 1744">
     <span class='ocr_line' id='line_1_15' title="bbox 474 1673 2120 1744; baseline 0.001 -15"><span class='ocrx_word' id='word_1_98' title='bbox 474 1674 678 1729; x_wconf 87' lang='lat' dir='ltr'>Anima</span> <span class='ocrx_word' id='word_1_99' title='bbox 710 1690 886 1744; x_wconf 89' lang='lat' dir='ltr'>quare</span> <span class='ocrx_word' id='word_1_100' title='bbox 908 1673 1002 1728; x_wconf 93' lang='lat' dir='ltr'>hic</span> <span class='ocrx_word' id='word_1_101' title='bbox 1025 1673 1101 1727; x_wconf 87' lang='lat' dir='ltr'>sit</span> <span class='ocrx_word' id='word_1_102' title='bbox 1117 1673 1172 1728; x_wconf 93' lang='lat' dir='ltr'>in</span> <span class='ocrx_word' id='word_1_103' title='bbox 1199 1674 1417 1728; x_wconf 92' lang='lat' dir='ltr'>mundo</span> <span class='ocrx_word' id='word_1_104' title='bbox 1441 1673 1701 1729; x_wconf 87' lang='lat' dir='ltr'>involuta</span> <span class='ocrx_word' id='word_1_105' title='bbox 1722 1673 2120 1742; x_wconf 89' lang='lat' dir='ltr'>miseriis,non</span> 
     </span>
    </p>
   </div>
   <div class='ocr_carea' id='block_1_16' title="bbox 475 1763 2121 1834">
    <p class='ocr_par' dir='ltr' id='par_1_16' title="bbox 475 1763 2121 1834">
     <span class='ocr_line' id='line_1_16' title="bbox 475 1763 2121 1834; baseline 0.001 -16"><span class='ocrx_word' id='word_1_106' title='bbox 475 1764 669 1827; x_wconf 90' lang='lat' dir='ltr'>modo,</span> <span class='ocrx_word' id='word_1_107' title='bbox 707 1763 806 1817; x_wconf 86' lang='lat' dir='ltr'>sed</span> <span class='ocrx_word' id='word_1_108' title='bbox 838 1763 1009 1834; x_wconf 87' lang='lat' dir='ltr'>paulo</span> <span class='ocrx_word' id='word_1_109' title='bbox 1041 1767 1172 1816; x_wconf 93' lang='lat' dir='ltr'>ante</span> <span class='ocrx_word' id='word_1_110' title='bbox 1207 1763 1399 1818; x_wconf 90' lang='lat' dir='ltr'>nescio</span> <span class='ocrx_word' id='word_1_111' title='bbox 1433 1763 1661 1834; x_wconf 90' lang='lat' dir='ltr'>quoties</span> <span class='ocrx_word' id='word_1_112' title='bbox 1693 1781 1726 1818; x_wconf 91' lang='lat' dir='ltr'>a</span> <span class='ocrx_word' id='word_1_113' title='bbox 1757 1780 1849 1819; x_wconf 90' lang='lat' dir='ltr'>me</span> <span class='ocrx_word' id='word_1_114' title='bbox 1898 1765 2121 1820; x_wconf 89' lang='lat' dir='ltr'>dictum</span> 
     </span>
    </p>
   </div>
   <div class='ocr_carea' id='block_1_17' title="bbox 475 1850 2124 1922">
    <p class='ocr_par' dir='ltr' id='par_1_17' title="bbox 475 1850 2124 1922">
     <span class='ocr_line' id='line_1_17' title="bbox 475 1850 2124 1922; baseline -0.001 -14"><span class='ocrx_word' id='word_1_115' title='bbox 475 1855 585 1908; x_wconf 90' lang='lat' dir='ltr'>est.</span> <span class='ocrx_word' id='word_1_116' title='bbox 611 1850 872 1906; x_wconf 88' lang='lat' dir='ltr'>Peccavit</span> <span class='ocrx_word' id='word_1_117' title='bbox 893 1851 1110 1922; x_wconf 88' lang='lat' dir='ltr'>anima,</span> <span class='ocrx_word' id='word_1_118' title='bbox 1137 1855 1190 1906; x_wconf 88' lang='lat' dir='ltr'>et</span> <span class='ocrx_word' id='word_1_119' title='bbox 1214 1851 1341 1907; x_wconf 91' lang='lat' dir='ltr'>ideo</span> <span class='ocrx_word' id='word_1_120' title='bbox 1370 1853 1586 1908; x_wconf 88' lang='lat' dir='ltr'>misera</span> <span class='ocrx_word' id='word_1_121' title='bbox 1603 1856 1708 1908; x_wconf 91' lang='lat' dir='ltr'>est.</span> <span class='ocrx_word' id='word_1_122' title='bbox 1733 1853 1998 1908; x_wconf 89' lang='lat' dir='ltr'>Liberum</span> <span class='ocrx_word' id='word_1_123' title='bbox 2025 1870 2124 1907; x_wconf 83' lang='lat' dir='ltr'>ar-</span> 
     </span>
    </p>
   </div>
   <div class='ocr_carea' id='block_1_18' title="bbox 477 1939 2120 2013">
    <p class='ocr_par' dir='ltr' id='par_1_18' title="bbox 477 1939 2120 2013">
     <span class='ocr_line' id='line_1_18' title="bbox 477 1939 2120 2013; baseline 0 -17"><span class='ocrx_word' id='word_1_124' title='bbox 477 1941 720 1997; x_wconf 91' lang='lat' dir='ltr'>bitrium</span> <span class='ocrx_word' id='word_1_125' title='bbox 754 1939 993 2011; x_wconf 89' lang='lat' dir='ltr'>accepit,</span> <span class='ocrx_word' id='word_1_126' title='bbox 1013 1957 1116 1994; x_wconf 87' lang='lat' dir='ltr'>usa</span> <span class='ocrx_word' id='word_1_127' title='bbox 1144 1945 1230 1994; x_wconf 92' lang='lat' dir='ltr'>est</span> <span class='ocrx_word' id='word_1_128' title='bbox 1252 1939 1434 1996; x_wconf 91' lang='lat' dir='ltr'>libero</span> <span class='ocrx_word' id='word_1_129' title='bbox 1456 1942 1716 2009; x_wconf 89' lang='lat' dir='ltr'>arbitrio,</span> <span class='ocrx_word' id='word_1_130' title='bbox 1741 1943 2120 2013; x_wconf 89' lang='lat' dir='ltr'>quemadmo-</span> 
     </span>
    </p>
   </div>
   <div class='ocr_carea' id='block_1_19' title="bbox 480 2029 2124 2103">
    <p class='ocr_par' dir='ltr' id='par_1_19' title="bbox 480 2029 2124 2103">
     <span class='ocr_line' id='line_1_19' title="bbox 480 2029 2124 2103; baseline -0.001 -18"><span class='ocrx_word' id='word_1_131' title='bbox 480 2031 620 2086; x_wconf 89' lang='lat' dir='ltr'>dum</span> <span class='ocrx_word' id='word_1_132' title='bbox 652 2029 868 2083; x_wconf 90' lang='lat' dir='ltr'>voluit:</span> <span class='ocrx_word' id='word_1_133' title='bbox 901 2029 1070 2100; x_wconf 87' lang='lat' dir='ltr'>lapsa</span> <span class='ocrx_word' id='word_1_134' title='bbox 1093 2033 1202 2096; x_wconf 90' lang='lat' dir='ltr'>est,</span> <span class='ocrx_word' id='word_1_135' title='bbox 1232 2031 1417 2100; x_wconf 90' lang='lat' dir='ltr'>ejecta</span> <span class='ocrx_word' id='word_1_136' title='bbox 1439 2031 1507 2085; x_wconf 92' lang='lat' dir='ltr'>de</span> <span class='ocrx_word' id='word_1_137' title='bbox 1532 2031 1910 2098; x_wconf 82' lang='lat' dir='ltr'>beatitudine,</span> <span class='ocrx_word' id='word_1_138' title='bbox 1931 2031 2124 2103; x_wconf 88' lang='lat' dir='ltr'>impli-</span> 
     </span>
    </p>
   </div>
   <div class='ocr_carea' id='block_1_20' title="bbox 480 2117 2121 2176">
    <p class='ocr_par' dir='ltr' id='par_1_20' title="bbox 480 2117 2121 2176">
     <span class='ocr_line' id='line_1_20' title="bbox 480 2117 2121 2176; baseline 0.001 -2"><span class='ocrx_word' id='word_1_139' title='bbox 480 2122 608 2174; x_wconf 88' lang='lat' dir='ltr'>cata</span> <span class='ocrx_word' id='word_1_140' title='bbox 637 2123 725 2173; x_wconf 87' lang='lat' dir='ltr'>est</span> <span class='ocrx_word' id='word_1_141' title='bbox 753 2117 1021 2173; x_wconf 87' lang='lat' dir='ltr'>miseriis.</span> <span class='ocrx_word' id='word_1_142' title='bbox 1053 2118 1135 2172; x_wconf 87' lang='lat' dir='ltr'>Ad</span> <span class='ocrx_word' id='word_1_143' title='bbox 1170 2117 1277 2173; x_wconf 92' lang='lat' dir='ltr'>hoc</span> <span class='ocrx_word' id='word_1_144' title='bbox 1309 2119 1412 2174; x_wconf 90' lang='lat' dir='ltr'>tibi</span> <span class='ocrx_word' id='word_1_145' title='bbox 1448 2120 1677 2175; x_wconf 87' lang='lat' dir='ltr'>recitavi</span> <span class='ocrx_word' id='word_1_146' title='bbox 1719 2121 2121 2176; x_wconf 88' lang='lat' dir='ltr'>testimonium</span> 
     </span>
    </p>
   </div>
   <div class='ocr_carea' id='block_1_21' title="bbox 476 2206 2118 2280">
    <p class='ocr_par' dir='ltr' id='par_1_21' title="bbox 476 2206 2118 2280">
     <span class='ocr_line' id='line_1_21' title="bbox 476 2206 2118 2280; baseline 0.001 -16"><span class='ocrx_word' id='word_1_147' title='bbox 476 2207 736 2280; x_wconf 88' lang='lat' dir='ltr'>Apostoli</span> <span class='ocrx_word' id='word_1_148' title='bbox 769 2206 1014 2262; x_wconf 88' lang='lat' dir='ltr'>dicentis</span> <span class='ocrx_word' id='word_1_149' title='bbox 1044 2223 1055 2260; x_wconf 86' lang='lat'>:</span> <span class='ocrx_word' id='word_1_150' title='bbox 1091 2207 1241 2262; x_wconf 81' lang='lat' dir='ltr'>Sicut</span> <span class='ocrx_word' id='word_1_151' title='bbox 1270 2225 1370 2279; x_wconf 81' lang='lat' dir='ltr'>per</span> <span class='ocrx_word' id='word_1_152' title='bbox 1419 2225 1588 2263; x_wconf 87' lang='lat' dir='ltr'>unum</span> <span class='ocrx_word' id='word_1_153' title='bbox 1640 2209 1912 2265; x_wconf 83' lang='lat' dir='ltr'>hominem</span> <span class='ocrx_word' id='word_1_154' title='bbox 1952 2226 2118 2277; x_wconf 89' lang='lat' dir='ltr'>mors,</span> 
     </span>
    </p>
   </div>
   <div class='ocr_carea' id='block_1_22' title="bbox 479 2298 2120 2368">
    <p class='ocr_par' dir='ltr' id='par_1_22' title="bbox 479 2298 2120 2368">
     <span class='ocr_line' id='line_1_22' title="bbox 479 2298 2120 2368; baseline 0.001 -16"><span class='ocrx_word' id='word_1_155' title='bbox 479 2298 562 2353; x_wconf 84' lang='lat' dir='ltr'>sic</span> <span class='ocrx_word' id='word_1_156' title='bbox 587 2302 643 2352; x_wconf 86' lang='lat' dir='ltr'>et</span> <span class='ocrx_word' id='word_1_157' title='bbox 687 2313 787 2368; x_wconf 84' lang='lat' dir='ltr'>per</span> <span class='ocrx_word' id='word_1_158' title='bbox 832 2313 1005 2351; x_wconf 90' lang='lat' dir='ltr'>unum</span> <span class='ocrx_word' id='word_1_159' title='bbox 1052 2298 1329 2352; x_wconf 81' lang='lat' dir='ltr'>hominem</span> <span class='ocrx_word' id='word_1_160' title='bbox 1377 2301 1709 2354; x_wconf 75' lang='lat' dir='ltr'>resurrectio</span> <span class='ocrx_word' id='word_1_161' title='bbox 1759 2307 2120 2355; x_wconf 85' lang='lat' dir='ltr'>mortuorum.</span> 
     </span>
    </p>
   </div>
   <div class='ocr_carea' id='block_1_23' title="bbox 478 2385 2121 2459">
    <p class='ocr_par' dir='ltr' id='par_1_23' title="bbox 478 2385 2121 2459">
     <span class='ocr_line' id='line_1_23' title="bbox 478 2385 2121 2459; baseline 0.001 -17"><span class='ocrx_word' id='word_1_162' title='bbox 478 2387 641 2451; x_wconf 91' lang='lat' dir='ltr'>Quod</span> <span class='ocrx_word' id='word_1_163' title='bbox 697 2386 907 2457; x_wconf 62' lang='lat' dir='ltr'>quieris</span> <span class='ocrx_word' id='word_1_164' title='bbox 964 2385 1273 2458; x_wconf 84' lang='lat' dir='ltr'>amplius?</span> <span class='ocrx_word' id='word_1_165' title='bbox 1321 2386 1485 2442; x_wconf 91' lang='lat' dir='ltr'>Unde</span> <span class='ocrx_word' id='word_1_166' title='bbox 1535 2392 1598 2442; x_wconf 87' lang='lat' dir='ltr'>tu</span> <span class='ocrx_word' id='word_1_167' title='bbox 1650 2388 1973 2459; x_wconf 88' lang='lat' dir='ltr'>responde;</span> <span class='ocrx_word' id='word_1_168' title='bbox 2027 2389 2121 2443; x_wconf 92' lang='lat' dir='ltr'>cui</span> 
     </span>
    </p>
   </div>
   <div class='ocr_carea' id='block_1_24' title="bbox 478 2475 1838 2547">
    <p class='ocr_par' dir='ltr' id='par_1_24' title="bbox 478 2475 1838 2547">
     <span class='ocr_line' id='line_1_24' title="bbox 478 2475 1838 2547; baseline -0.001 -14"><span class='ocrx_word' id='word_1_169' title='bbox 478 2475 673 2533; x_wconf 87' lang='lat' dir='ltr'>noceri</span> <span class='ocrx_word' id='word_1_170' title='bbox 707 2491 822 2530; x_wconf 90' lang='lat' dir='ltr'>non</span> <span class='ocrx_word' id='word_1_171' title='bbox 855 2479 1102 2547; x_wconf 90' lang='lat' dir='ltr'>poterat,</span> <span class='ocrx_word' id='word_1_172' title='bbox 1137 2492 1318 2547; x_wconf 89' lang='lat' dir='ltr'>quare</span> <span class='ocrx_word' id='word_1_173' title='bbox 1351 2475 1466 2531; x_wconf 88' lang='lat' dir='ltr'>huc</span> <span class='ocrx_word' id='word_1_174' title='bbox 1495 2494 1602 2532; x_wconf 91' lang='lat' dir='ltr'>nos</span> <span class='ocrx_word' id='word_1_175' title='bbox 1634 2477 1838 2533; x_wconf 88' lang='lat' dir='ltr'>misit?</span> 
     </span>
    </p>
   </div>
   <div class='ocr_carea' id='block_1_25' title="bbox 550 2563 2121 2637">
    <p class='ocr_par' dir='ltr' id='par_1_25' title="bbox 550 2563 2121 2637">
     <span class='ocr_line' id='line_1_25' title="bbox 550 2563 2121 2637; baseline 0.001 -16"><span class='ocrx_word' id='word_1_176' title='bbox 550 2565 723 2621; x_wconf 78' lang='lat' dir='ltr'>Fon&#39;r.</span> <span class='ocrx_word' id='word_1_177' title='bbox 759 2563 944 2619; x_wconf 87' lang='lat' dir='ltr'>dixit:</span> <span class='ocrx_word' id='word_1_178' title='bbox 981 2564 1166 2619; x_wconf 86' lang='lat' dir='ltr'>Causa</span> <span class='ocrx_word' id='word_1_179' title='bbox 1195 2564 1318 2620; x_wconf 75' lang='lat' dir='ltr'>hazc</span> <span class='ocrx_word' id='word_1_180' title='bbox 1344 2567 1656 2637; x_wconf 83' lang='lat' dir='ltr'>quaerenda</span> <span class='ocrx_word' id='word_1_181' title='bbox 1688 2571 1797 2635; x_wconf 88' lang='lat' dir='ltr'>est,</span> <span class='ocrx_word' id='word_1_182' title='bbox 1850 2583 1953 2622; x_wconf 92' lang='lat' dir='ltr'>cur</span> <span class='ocrx_word' id='word_1_183' title='bbox 2004 2565 2121 2622; x_wconf 91' lang='lat' dir='ltr'>huc</span> 
     </span>
    </p>
   </div>
   <div class='ocr_carea' id='block_1_26' title="bbox 476 2653 2125 2728">
    <p class='ocr_par' dir='ltr' id='par_1_26' title="bbox 476 2653 2125 2728">
     <span class='ocr_line' id='line_1_26' title="bbox 476 2653 2125 2728; baseline 0 -17"><span class='ocrx_word' id='word_1_184' title='bbox 476 2654 700 2711; x_wconf 86' lang='lat' dir='ltr'>venerit</span> <span class='ocrx_word' id='word_1_185' title='bbox 726 2653 941 2721; x_wconf 89' lang='lat' dir='ltr'>anima,</span> <span class='ocrx_word' id='word_1_186' title='bbox 976 2658 1076 2708; x_wconf 89' lang='lat' dir='ltr'>aut</span> <span class='ocrx_word' id='word_1_187' title='bbox 1105 2671 1285 2725; x_wconf 90' lang='lat' dir='ltr'>quare</span> <span class='ocrx_word' id='word_1_188' title='bbox 1315 2656 1582 2711; x_wconf 90' lang='lat' dir='ltr'>eamdem</span> <span class='ocrx_word' id='word_1_189' title='bbox 1614 2656 1767 2711; x_wconf 91' lang='lat' dir='ltr'>Deus</span> <span class='ocrx_word' id='word_1_190' title='bbox 1799 2655 1933 2712; x_wconf 90' lang='lat' dir='ltr'>hinc</span> <span class='ocrx_word' id='word_1_191' title='bbox 1963 2655 2125 2728; x_wconf 89' lang='lat' dir='ltr'>cupit</span> 
     </span>
    </p>
   </div>
   <div class='ocr_carea' id='block_1_27' title="bbox 480 2743 1730 2815">
    <p class='ocr_par' dir='ltr' id='par_1_27' title="bbox 480 2743 1730 2815">
     <span class='ocr_line' id='line_1_27' title="bbox 480 2743 1730 2815; baseline 0 -15"><span class='ocrx_word' id='word_1_192' title='bbox 480 2743 750 2813; x_wconf 90' lang='lat' dir='ltr'>liberare,</span> <span class='ocrx_word' id='word_1_193' title='bbox 783 2760 908 2815; x_wconf 67' lang='lat' dir='ltr'>quae</span> <span class='ocrx_word' id='word_1_194' title='bbox 934 2743 993 2797; x_wconf 90' lang='lat' dir='ltr'>in</span> <span class='ocrx_word' id='word_1_195' title='bbox 1025 2743 1214 2799; x_wconf 90' lang='lat' dir='ltr'>medio</span> <span class='ocrx_word' id='word_1_196' title='bbox 1243 2743 1532 2800; x_wconf 90' lang='lat' dir='ltr'>malorum</span> <span class='ocrx_word' id='word_1_197' title='bbox 1568 2744 1730 2800; x_wconf 89' lang='lat' dir='ltr'>vivit.</span> 
     </span>
    </p>
   </div>
   <div class='ocr_carea' id='block_1_28' title="bbox 551 2831 2122 2906">
    <p class='ocr_par' dir='ltr' id='par_1_28' title="bbox 551 2831 2122 2906">
     <span class='ocr_line' id='line_1_28' title="bbox 551 2831 2122 2906; baseline 0.001 -17"><span class='ocrx_word' id='word_1_198' title='bbox 551 2834 639 2889; x_wconf 87' lang='lat'>26.</span> <span class='ocrx_word' id='word_1_199' title='bbox 674 2835 818 2888; x_wconf 78' lang='lat' dir='ltr'>Anc.</span> <span class='ocrx_word' id='word_1_200' title='bbox 854 2831 1034 2887; x_wconf 82' lang='lat' dir='ltr'>dixit:</span> <span class='ocrx_word' id='word_1_201' title='bbox 1069 2832 1228 2887; x_wconf 84' lang='lat' dir='ltr'>Hanc</span> <span class='ocrx_word' id='word_1_202' title='bbox 1258 2849 1499 2889; x_wconf 89' lang='lat' dir='ltr'>causam</span> <span class='ocrx_word' id='word_1_203' title='bbox 1533 2835 1638 2889; x_wconf 89' lang='lat' dir='ltr'>abs</span> <span class='ocrx_word' id='word_1_204' title='bbox 1670 2838 1728 2889; x_wconf 91' lang='lat' dir='ltr'>te</span> <span class='ocrx_word' id='word_1_205' title='bbox 1783 2851 1976 2906; x_wconf 67' lang='lat' dir='ltr'>quaero</span> <span class='ocrx_word' id='word_1_206' title='bbox 2005 2852 2019 2902; x_wconf 89' lang='lat'><strong>;</strong></span> <span class='ocrx_word' id='word_1_207' title='bbox 2064 2834 2122 2890; x_wconf 91' lang='lat' dir='ltr'>id</span> 
     </span>
    </p>
   </div>
   <div class='ocr_carea' id='block_1_29' title="bbox 480 2920 2122 2995">
    <p class='ocr_par' dir='ltr' id='par_1_29' title="bbox 480 2920 2122 2995">
     <span class='ocr_line' id='line_1_29' title="bbox 480 2920 2122 2995; baseline -0.001 -15"><span class='ocrx_word' id='word_1_208' title='bbox 480 2927 587 2992; x_wconf 88' lang='lat' dir='ltr'>est,</span> <span class='ocrx_word' id='word_1_209' title='bbox 636 2922 685 2978; x_wconf 89' lang='lat' dir='ltr'>si</span> <span class='ocrx_word' id='word_1_210' title='bbox 735 2922 849 2978; x_wconf 92' lang='lat' dir='ltr'>Deo</span> <span class='ocrx_word' id='word_1_211' title='bbox 901 2920 1092 2977; x_wconf 91' lang='lat' dir='ltr'>noceri</span> <span class='ocrx_word' id='word_1_212' title='bbox 1141 2939 1256 2977; x_wconf 92' lang='lat' dir='ltr'>non</span> <span class='ocrx_word' id='word_1_213' title='bbox 1306 2927 1555 2994; x_wconf 85' lang='lat' dir='ltr'>poterat,</span> <span class='ocrx_word' id='word_1_214' title='bbox 1607 2941 1785 2995; x_wconf 91' lang='lat' dir='ltr'>quare</span> <span class='ocrx_word' id='word_1_215' title='bbox 1835 2923 1949 2979; x_wconf 91' lang='lat' dir='ltr'>huc</span> <span class='ocrx_word' id='word_1_216' title='bbox 2017 2941 2122 2980; x_wconf 91' lang='lat' dir='ltr'>nos</span> 
     </span>
    </p>
   </div>
   <div class='ocr_carea' id='block_1_30' title="bbox 479 3012 687 3069">
    <p class='ocr_par' dir='ltr' id='par_1_30' title="bbox 479 3012 687 3069">
     <span class='ocr_line' id='line_1_30' title="bbox 479 3012 687 3069; baseline -0.014 0"><span class='ocrx_word' id='word_1_217' title='bbox 479 3012 687 3069; x_wconf 86' lang='lat' dir='ltr'>misit?</span> 
     </span>
    </p>
   </div>
   <div class='ocr_carea' id='block_1_31' title="bbox 549 3099 2123 3169">
    <p class='ocr_par' dir='ltr' id='par_1_31' title="bbox 549 3099 2123 3169">
     <span class='ocr_line' id='line_1_31' title="bbox 549 3099 2123 3169; baseline 0 -11"><span class='ocrx_word' id='word_1_218' title='bbox 549 3102 720 3158; x_wconf 74' lang='lat' dir='ltr'>Foa&#39;r.</span> <span class='ocrx_word' id='word_1_219' title='bbox 749 3101 892 3156; x_wconf 83' lang='lat' dir='ltr'>dixit</span> <span class='ocrx_word' id='word_1_220' title='bbox 917 3116 929 3155; x_wconf 90' lang='lat'>:</span> <span class='ocrx_word' id='word_1_221' title='bbox 955 3099 1243 3166; x_wconf 66' lang='lat' dir='ltr'>Quaeritur</span> <span class='ocrx_word' id='word_1_222' title='bbox 1265 3118 1298 3156; x_wconf 92' lang='lat' dir='ltr'>a</span> <span class='ocrx_word' id='word_1_223' title='bbox 1321 3102 1509 3169; x_wconf 90' lang='lat' dir='ltr'>nobis,</span> <span class='ocrx_word' id='word_1_224' title='bbox 1535 3102 1584 3157; x_wconf 89' lang='lat' dir='ltr'>si</span> <span class='ocrx_word' id='word_1_225' title='bbox 1612 3103 1721 3158; x_wconf 90' lang='lat' dir='ltr'>Deo</span> <span class='ocrx_word' id='word_1_226' title='bbox 1754 3102 1976 3158; x_wconf 90' lang='lat' dir='ltr'>malum</span> <span class='ocrx_word' id='word_1_227' title='bbox 2019 3121 2123 3158; x_wconf 90' lang='lat' dir='ltr'>no-</span> 
     </span>
    </p>
   </div>
   <div class='ocr_carea' id='block_1_32' title="bbox 480 3189 2125 3262">
    <p class='ocr_par' dir='ltr' id='par_1_32' title="bbox 480 3189 2125 3262">
     <span class='ocr_line' id='line_1_32' title="bbox 480 3189 2125 3262; baseline -0.001 -13"><span class='ocrx_word' id='word_1_228' title='bbox 480 3207 609 3249; x_wconf 91' lang='lat' dir='ltr'>cere</span> <span class='ocrx_word' id='word_1_229' title='bbox 642 3207 755 3246; x_wconf 92' lang='lat' dir='ltr'>non</span> <span class='ocrx_word' id='word_1_230' title='bbox 789 3189 996 3262; x_wconf 88' lang='lat' dir='ltr'>possit,</span> <span class='ocrx_word' id='word_1_231' title='bbox 1029 3206 1206 3261; x_wconf 90' lang='lat' dir='ltr'>quare</span> <span class='ocrx_word' id='word_1_232' title='bbox 1238 3190 1351 3246; x_wconf 92' lang='lat' dir='ltr'>huc</span> <span class='ocrx_word' id='word_1_233' title='bbox 1379 3191 1576 3246; x_wconf 88' lang='lat' dir='ltr'>anima</span> <span class='ocrx_word' id='word_1_234' title='bbox 1597 3192 1776 3248; x_wconf 89' lang='lat' dir='ltr'>missa</span> <span class='ocrx_word' id='word_1_235' title='bbox 1800 3192 1991 3260; x_wconf 88' lang='lat' dir='ltr'>fuerit,</span> <span class='ocrx_word' id='word_1_236' title='bbox 2023 3196 2125 3248; x_wconf 91' lang='lat' dir='ltr'>aut</span> 
     </span>
    </p>
   </div>
   <div class='ocr_carea' id='block_1_33' title="bbox 484 3279 2126 3354">
    <p class='ocr_par' dir='ltr' id='par_1_33' title="bbox 484 3279 2126 3354">
     <span class='ocr_line' id='line_1_33' title="bbox 484 3279 2126 3354; baseline -0.002 -16"><span class='ocrx_word' id='word_1_237' title='bbox 484 3298 603 3354; x_wconf 86' lang='lat' dir='ltr'>qua</span> <span class='ocrx_word' id='word_1_238' title='bbox 633 3280 856 3335; x_wconf 88' lang='lat' dir='ltr'>ratione</span> <span class='ocrx_word' id='word_1_239' title='bbox 888 3279 1108 3334; x_wconf 88' lang='lat' dir='ltr'>mundo</span> <span class='ocrx_word' id='word_1_240' title='bbox 1140 3279 1428 3351; x_wconf 89' lang='lat' dir='ltr'>permixta</span> <span class='ocrx_word' id='word_1_241' title='bbox 1459 3281 1553 3335; x_wconf 88' lang='lat' dir='ltr'>sit.</span> <span class='ocrx_word' id='word_1_242' title='bbox 1587 3282 1748 3348; x_wconf 86' lang='lat' dir='ltr'>Quod</span> <span class='ocrx_word' id='word_1_243' title='bbox 1774 3281 1830 3336; x_wconf 89' lang='lat' dir='ltr'>in</span> <span class='ocrx_word' id='word_1_244' title='bbox 1854 3298 1919 3337; x_wconf 89' lang='lat' dir='ltr'>eo</span> <span class='ocrx_word' id='word_1_245' title='bbox 1943 3281 2126 3337; x_wconf 89' lang='lat' dir='ltr'>mani-</span> 
     </span>
    </p>
   </div>
   <div class='ocr_carea' id='block_1_34' title="bbox 486 3369 2125 3442">
    <p class='ocr_par' dir='ltr' id='par_1_34' title="bbox 486 3369 2125 3442">
     <span class='ocr_line' id='line_1_34' title="bbox 486 3369 2125 3442; baseline -0.001 -15"><span class='ocrx_word' id='word_1_246' title='bbox 486 3371 699 3427; x_wconf 83' lang='lat' dir='ltr'>festum</span> <span class='ocrx_word' id='word_1_247' title='bbox 721 3373 806 3425; x_wconf 89' lang='lat' dir='ltr'>est</span> <span class='ocrx_word' id='word_1_248' title='bbox 825 3369 978 3440; x_wconf 93' lang='lat' dir='ltr'>quod</span> <span class='ocrx_word' id='word_1_249' title='bbox 997 3369 1078 3423; x_wconf 90' lang='lat' dir='ltr'>ait</span> <span class='ocrx_word' id='word_1_250' title='bbox 1094 3369 1404 3440; x_wconf 87' lang='lat' dir='ltr'>Apostolus</span> <span class='ocrx_word' id='word_1_251' title='bbox 1427 3388 1439 3426; x_wconf 94' lang='lat'>:</span> <span class='ocrx_word' id='word_1_252' title='bbox 1456 3371 1728 3442; x_wconf 84' lang='lat' dir='ltr'>Numquid</span> <span class='ocrx_word' id='word_1_253' title='bbox 1749 3371 1883 3426; x_wconf 82' lang='lat' dir='ltr'>dicit</span> <span class='ocrx_word' id='word_1_254' title='bbox 1895 3372 2125 3442; x_wconf 83' lang='lat' dir='ltr'>ﬁgmen-</span> 
     </span>
    </p>
   </div>
   <div class='ocr_carea' id='block_1_35' title="bbox 483 3459 2124 3531">
    <p class='ocr_par' dir='ltr' id='par_1_35' title="bbox 483 3459 2124 3531">
     <span class='ocr_line' id='line_1_35' title="bbox 483 3459 2124 3531; baseline 0 -16"><span class='ocrx_word' id='word_1_255' title='bbox 483 3463 600 3516; x_wconf 83' lang='lat' dir='ltr'>tum</span> <span class='ocrx_word' id='word_1_256' title='bbox 619 3460 673 3515; x_wconf 90' lang='lat' dir='ltr'>ei</span> <span class='ocrx_word' id='word_1_257' title='bbox 700 3460 799 3531; x_wconf 85' lang='lat' dir='ltr'>qui</span> <span class='ocrx_word' id='word_1_258' title='bbox 825 3475 883 3514; x_wconf 85' lang='lat' dir='ltr'>se</span> <span class='ocrx_word' id='word_1_259' title='bbox 911 3459 1079 3530; x_wconf 72' lang='lat' dir='ltr'>ﬁnxit</span> <span class='ocrx_word' id='word_1_260' title='bbox 1103 3477 1123 3513; x_wconf 88' lang='grc'><strong>.·</strong></span> <span class='ocrx_word' id='word_1_261' title='bbox 1155 3459 1264 3514; x_wconf 84' lang='lat' dir='ltr'>Cur</span> <span class='ocrx_word' id='word_1_262' title='bbox 1292 3476 1378 3514; x_wconf 89' lang='lat' dir='ltr'>me</span> <span class='ocrx_word' id='word_1_263' title='bbox 1409 3461 1486 3515; x_wconf 84' lang='lat' dir='ltr'>ita</span> <span class='ocrx_word' id='word_1_264' title='bbox 1515 3462 1844 3528; x_wconf 74' lang='lat' dir='ltr'>formaveris</span> <span class='ocrx_word' id='word_1_265' title='bbox 1870 3463 2124 3529; x_wconf 80' lang='lat' dir='ltr'>(Rom.1x,</span> 
     </span>
    </p>
   </div>
   <div class='ocr_carea' id='block_1_36' title="bbox 481 3548 2126 3622">
    <p class='ocr_par' dir='ltr' id='par_1_36' title="bbox 481 3548 2126 3622">
     <span class='ocr_line' id='line_1_36' title="bbox 481 3548 2126 3622; baseline -0.001 -17"><span class='ocrx_word' id='word_1_266' title='bbox 481 3550 619 3618; x_wconf 80' lang='lat'>20)?</span> <span class='ocrx_word' id='word_1_267' title='bbox 653 3548 711 3605; x_wconf 92' lang='lat' dir='ltr'>Si</span> <span class='ocrx_word' id='word_1_268' title='bbox 745 3564 881 3620; x_wconf 87' lang='lat' dir='ltr'>ergo</span> <span class='ocrx_word' id='word_1_269' title='bbox 913 3549 1213 3604; x_wconf 90' lang='lat' dir='ltr'>causanda</span> <span class='ocrx_word' id='word_1_270' title='bbox 1243 3553 1330 3604; x_wconf 90' lang='lat' dir='ltr'>est</span> <span class='ocrx_word' id='word_1_271' title='bbox 1361 3549 1482 3604; x_wconf 64' lang='lat' dir='ltr'>haec</span> <span class='ocrx_word' id='word_1_272' title='bbox 1509 3567 1620 3620; x_wconf 90' lang='lat' dir='ltr'>res,</span> <span class='ocrx_word' id='word_1_273' title='bbox 1673 3550 2126 3622; x_wconf 85' lang='lat' dir='ltr'>interrogandus</span> 
     </span>
    </p>
   </div>
   <div class='ocr_carea' id='block_1_37' title="bbox 483 3637 2130 3710">
    <p class='ocr_par' dir='ltr' id='par_1_37' title="bbox 483 3637 2130 3710">
     <span class='ocr_line' id='line_1_37' title="bbox 483 3637 2130 3710; baseline -0.001 -14"><span class='ocrx_word' id='word_1_274' title='bbox 483 3644 572 3696; x_wconf 88' lang='lat' dir='ltr'>est</span> <span class='ocrx_word' id='word_1_275' title='bbox 600 3655 705 3694; x_wconf 88' lang='lat' dir='ltr'>cur</span> <span class='ocrx_word' id='word_1_276' title='bbox 735 3638 992 3693; x_wconf 89' lang='lat' dir='ltr'>animam</span> <span class='ocrx_word' id='word_1_277' title='bbox 1024 3637 1272 3693; x_wconf 70' lang='lat' dir='ltr'>direxit’</span> <span class='ocrx_word' id='word_1_278' title='bbox 1309 3637 1471 3693; x_wconf 89' lang='lat' dir='ltr'>nulla</span> <span class='ocrx_word' id='word_1_279' title='bbox 1503 3643 1744 3710; x_wconf 86' lang='lat' dir='ltr'>cogente</span> <span class='ocrx_word' id='word_1_280' title='bbox 1776 3655 1836 3694; x_wconf 87' lang='lat' dir='ltr'>se</span> <span class='ocrx_word' id='word_1_281' title='bbox 1875 3639 2130 3694; x_wconf 91' lang='lat' dir='ltr'>necessi-</span> 
     </span>
    </p>
   </div>
   <div class='ocr_carea' id='block_1_38' title="bbox 480 3727 2125 3800">
    <p class='ocr_par' dir='ltr' id='par_1_38' title="bbox 480 3727 2125 3800">
     <span class='ocr_line' id='line_1_38' title="bbox 480 3727 2125 3800; baseline 0 -16"><span class='ocrx_word' id='word_1_282' title='bbox 480 3732 621 3785; x_wconf 89' lang='lat' dir='ltr'>tate.</span> <span class='ocrx_word' id='word_1_283' title='bbox 663 3728 721 3782; x_wconf 90' lang='lat' dir='ltr'>Si</span> <span class='ocrx_word' id='word_1_284' title='bbox 763 3730 956 3781; x_wconf 88' lang='lat' dir='ltr'>autem</span> <span class='ocrx_word' id='word_1_285' title='bbox 1007 3727 1326 3782; x_wconf 90' lang='lat' dir='ltr'>necessitas</span> <span class='ocrx_word' id='word_1_286' title='bbox 1376 3727 1483 3781; x_wconf 89' lang='lat' dir='ltr'>fuit</span> <span class='ocrx_word' id='word_1_287' title='bbox 1528 3728 1795 3783; x_wconf 85' lang='lat' dir='ltr'>mittendi</span> <span class='ocrx_word' id='word_1_288' title='bbox 1847 3728 2125 3800; x_wconf 87' lang='lat' dir='ltr'>animam,</span> 
     </span>
    </p>
   </div>
   <div class='ocr_carea' id='block_1_39' title="bbox 485 3815 1697 3872">
    <p class='ocr_par' dir='ltr' id='par_1_39' title="bbox 485 3815 1697 3872">
     <span class='ocr_line' id='line_1_39' title="bbox 485 3815 1697 3872; baseline 0 0"><span class='ocrx_word' id='word_1_289' title='bbox 485 3816 693 3872; x_wconf 88' lang='lat' dir='ltr'>merito</span> <span class='ocrx_word' id='word_1_290' title='bbox 726 3820 813 3871; x_wconf 92' lang='lat' dir='ltr'>est</span> <span class='ocrx_word' id='word_1_291' title='bbox 843 3820 899 3870; x_wconf 92' lang='lat' dir='ltr'>et</span> <span class='ocrx_word' id='word_1_292' title='bbox 930 3815 1203 3871; x_wconf 85' lang='lat' dir='ltr'>voluntas</span> <span class='ocrx_word' id='word_1_293' title='bbox 1231 3815 1516 3872; x_wconf 87' lang='lat' dir='ltr'>liberandi</span> <span class='ocrx_word' id='word_1_294' title='bbox 1547 3833 1697 3872; x_wconf 88' lang='lat' dir='ltr'>eam.</span> 
     </span>
    </p>
   </div>
   <div class='ocr_carea' id='block_1_40' title="bbox 558 3905 2131 3977">
    <p class='ocr_par' dir='ltr' id='par_1_40' title="bbox 558 3905 2131 3977">
     <span class='ocr_line' id='line_1_40' title="bbox 558 3905 2131 3977; baseline 0.001 -17"><span class='ocrx_word' id='word_1_295' title='bbox 558 3905 648 3960; x_wconf 87' lang='lat'>27.</span> <span class='ocrx_word' id='word_1_296' title='bbox 684 3910 832 3961; x_wconf 80' lang='lat' dir='ltr'>AUG.</span> <span class='ocrx_word' id='word_1_297' title='bbox 869 3905 1049 3960; x_wconf 86' lang='lat' dir='ltr'>dixit:</span> <span class='ocrx_word' id='word_1_298' title='bbox 1087 3905 1375 3960; x_wconf 87' lang='lat' dir='ltr'>Premitur</span> <span class='ocrx_word' id='word_1_299' title='bbox 1405 3921 1539 3977; x_wconf 92' lang='lat' dir='ltr'>ergo</span> <span class='ocrx_word' id='word_1_300' title='bbox 1563 3906 1718 3963; x_wconf 90' lang='lat' dir='ltr'>Deus</span> <span class='ocrx_word' id='word_1_301' title='bbox 1739 3906 2131 3962; x_wconf 85' lang='lat' dir='ltr'>necessitate?</span> 
     </span>
    </p>
   </div>
   <div class='ocr_carea' id='block_1_41' title="bbox 561 3993 2128 4052">
    <p class='ocr_par' dir='ltr' id='par_1_41' title="bbox 561 3993 2128 4052">
     <span class='ocr_line' id='line_1_41' title="bbox 561 3993 2128 4052; baseline 0 -2"><span class='ocrx_word' id='word_1_302' title='bbox 561 3996 730 4050; x_wconf 79' lang='lat' dir='ltr'>Foar.</span> <span class='ocrx_word' id='word_1_303' title='bbox 765 3993 944 4049; x_wconf 87' lang='lat' dir='ltr'>dixit:</span> <span class='ocrx_word' id='word_1_304' title='bbox 977 3993 1107 4048; x_wconf 87' lang='lat' dir='ltr'>Jam</span> <span class='ocrx_word' id='word_1_305' title='bbox 1139 3993 1247 4049; x_wconf 92' lang='lat' dir='ltr'>hoc</span> <span class='ocrx_word' id='word_1_306' title='bbox 1277 3997 1404 4050; x_wconf 84' lang='lat' dir='ltr'>est:</span> <span class='ocrx_word' id='word_1_307' title='bbox 1442 3994 1558 4050; x_wconf 92' lang='lat' dir='ltr'>noli</span> <span class='ocrx_word' id='word_1_308' title='bbox 1585 3996 1655 4050; x_wconf 90' lang='lat' dir='ltr'>ad</span> <span class='ocrx_word' id='word_1_309' title='bbox 1679 3995 1955 4050; x_wconf 87' lang='lat' dir='ltr'>invidiam</span> <span class='ocrx_word' id='word_1_310' title='bbox 1979 3996 2128 4052; x_wconf 89' lang='lat' dir='ltr'>exci-</span> 
     </span>
    </p>
   </div>
   <div class='ocr_carea' id='block_1_42' title="bbox 489 4083 2132 4156">
    <p class='ocr_par' dir='ltr' id='par_1_42' title="bbox 489 4083 2132 4156">
     <span class='ocr_line' id='line_1_42' title="bbox 489 4083 2132 4156; baseline -0.001 -16"><span class='ocrx_word' id='word_1_311' title='bbox 489 4087 616 4140; x_wconf 86' lang='lat' dir='ltr'>tare</span> <span class='ocrx_word' id='word_1_312' title='bbox 646 4083 703 4137; x_wconf 93' lang='lat' dir='ltr'>id</span> <span class='ocrx_word' id='word_1_313' title='bbox 735 4084 887 4154; x_wconf 77' lang='lat' dir='ltr'>quod</span> <span class='ocrx_word' id='word_1_314' title='bbox 922 4083 1145 4138; x_wconf 89' lang='lat' dir='ltr'>dictum</span> <span class='ocrx_word' id='word_1_315' title='bbox 1191 4087 1299 4153; x_wconf 88' lang='lat' dir='ltr'>est,</span> <span class='ocrx_word' id='word_1_316' title='bbox 1333 4084 1487 4156; x_wconf 90' lang='lat' dir='ltr'>quod</span> <span class='ocrx_word' id='word_1_317' title='bbox 1521 4101 1634 4138; x_wconf 89' lang='lat' dir='ltr'>non</span> <span class='ocrx_word' id='word_1_318' title='bbox 1667 4084 1997 4140; x_wconf 89' lang='lat' dir='ltr'>necessitati</span> <span class='ocrx_word' id='word_1_319' title='bbox 2054 4085 2132 4140; x_wconf 89' lang='lat' dir='ltr'>fa-</span> 
     </span>
    </p>
   </div>
   <div class='ocr_carea' id='block_1_43' title="bbox 489 4172 2133 4240">
    <p class='ocr_par' dir='ltr' id='par_1_43' title="bbox 489 4172 2133 4240">
     <span class='ocr_line' id='line_1_43' title="bbox 489 4172 2133 4240; baseline 0 -11"><span class='ocrx_word' id='word_1_320' title='bbox 489 4172 678 4230; x_wconf 87' lang='lat' dir='ltr'>cimus</span> <span class='ocrx_word' id='word_1_321' title='bbox 710 4172 1012 4227; x_wconf 90' lang='lat' dir='ltr'>subditum</span> <span class='ocrx_word' id='word_1_322' title='bbox 1044 4189 1171 4229; x_wconf 91' lang='lat' dir='ltr'>esse</span> <span class='ocrx_word' id='word_1_323' title='bbox 1197 4175 1399 4240; x_wconf 90' lang='lat' dir='ltr'>Deum,</span> <span class='ocrx_word' id='word_1_324' title='bbox 1432 4174 1532 4229; x_wconf 89' lang='lat' dir='ltr'>sed</span> <span class='ocrx_word' id='word_1_325' title='bbox 1555 4173 1878 4229; x_wconf 88' lang='lat' dir='ltr'>voluntarie</span> <span class='ocrx_word' id='word_1_326' title='bbox 1901 4173 2133 4230; x_wconf 91' lang='lat' dir='ltr'>misisse</span> 
     </span>
    </p>
   </div>
   <div class='ocr_carea' id='block_1_44' title="bbox 490 4261 773 4319">
    <p class='ocr_par' dir='ltr' id='par_1_44' title="bbox 490 4261 773 4319">
     <span class='ocr_line' id='line_1_44' title="bbox 490 4261 773 4319; baseline -0.011 0"><span class='ocrx_word' id='word_1_327' title='bbox 490 4261 773 4319; x_wconf 89' lang='lat' dir='ltr'>animam.</span> 
     </span>
    </p>
   </div>
   <div class='ocr_carea' id='block_1_45' title="bbox 558 4349 2138 4423">
    <p class='ocr_par' dir='ltr' id='par_1_45' title="bbox 558 4349 2138 4423">
     <span class='ocr_line' id='line_1_45' title="bbox 558 4349 2138 4423; baseline 0.001 -19"><span class='ocrx_word' id='word_1_328' title='bbox 558 4350 650 4405; x_wconf 89' lang='lat'>28.</span> <span class='ocrx_word' id='word_1_329' title='bbox 681 4351 830 4405; x_wconf 79' lang='lat' dir='ltr'>Ave.</span> <span class='ocrx_word' id='word_1_330' title='bbox 864 4349 1010 4404; x_wconf 86' lang='lat' dir='ltr'>dixit</span> <span class='ocrx_word' id='word_1_331' title='bbox 1033 4367 1046 4405; x_wconf 91' lang='lat'>:</span> <span class='ocrx_word' id='word_1_332' title='bbox 1081 4349 1280 4405; x_wconf 84' lang='lat' dir='ltr'>Recita</span> <span class='ocrx_word' id='word_1_333' title='bbox 1309 4351 1464 4421; x_wconf 89' lang='lat' dir='ltr'>quod</span> <span class='ocrx_word' id='word_1_334' title='bbox 1490 4368 1668 4423; x_wconf 90' lang='lat' dir='ltr'>supra</span> <span class='ocrx_word' id='word_1_335' title='bbox 1690 4352 1912 4410; x_wconf 81' lang='lat' dir='ltr'>dictum</span> <span class='ocrx_word' id='word_1_336' title='bbox 1937 4355 2043 4408; x_wconf 90' lang='lat' dir='ltr'>est.</span> <span class='ocrx_word' id='word_1_337' title='bbox 2067 4353 2138 4406; x_wconf 86' lang='lat' dir='ltr'>Et</span> 
     </span>
    </p>
   </div>
   <div class='ocr_carea' id='block_1_46' title="bbox 490 4439 2136 4508">
    <p class='ocr_par' dir='ltr' id='par_1_46' title="bbox 490 4439 2136 4508">
     <span class='ocr_line' id='line_1_46' title="bbox 490 4439 2136 4508; baseline 0.001 -14"><span class='ocrx_word' id='word_1_338' title='bbox 490 4439 799 4494; x_wconf 87' lang='lat' dir='ltr'>recitatum</span> <span class='ocrx_word' id='word_1_339' title='bbox 832 4441 953 4493; x_wconf 90' lang='lat' dir='ltr'>est:</span> <span class='ocrx_word' id='word_1_340' title='bbox 991 4439 1051 4492; x_wconf 88' lang='lat' dir='ltr'>Si</span> <span class='ocrx_word' id='word_1_341' title='bbox 1079 4448 1257 4494; x_wconf 88' lang='lat' dir='ltr'>autem</span> <span class='ocrx_word' id='word_1_342' title='bbox 1283 4442 1579 4495; x_wconf 74' lang='lat' dir='ltr'>necessitas</span> <span class='ocrx_word' id='word_1_343' title='bbox 1595 4443 1702 4508; x_wconf 82' lang='lat' dir='ltr'>[uit</span> <span class='ocrx_word' id='word_1_344' title='bbox 1723 4441 1978 4496; x_wconf 88' lang='lat' dir='ltr'>mittendi</span> <span class='ocrx_word' id='word_1_345' title='bbox 2010 4442 2136 4496; x_wconf 87' lang='lat' dir='ltr'>ani-</span> 
     </span>
    </p>
   </div>
   <div class='ocr_carea' id='block_1_47' title="bbox 493 4528 2132 4595">
    <p class='ocr_par' dir='ltr' id='par_1_47' title="bbox 493 4528 2132 4595">
     <span class='ocr_line' id='line_1_47' title="bbox 493 4528 2132 4595; baseline 0 -11"><span class='ocrx_word' id='word_1_346' title='bbox 493 4544 666 4595; x_wconf 88' lang='lat' dir='ltr'>mam,</span> <span class='ocrx_word' id='word_1_347' title='bbox 691 4530 883 4583; x_wconf 86' lang='lat' dir='ltr'>merito</span> <span class='ocrx_word' id='word_1_348' title='bbox 907 4532 983 4582; x_wconf 86' lang='lat' dir='ltr'>est</span> <span class='ocrx_word' id='word_1_349' title='bbox 1003 4533 1054 4583; x_wconf 86' lang='lat' dir='ltr'>et</span> <span class='ocrx_word' id='word_1_350' title='bbox 1077 4528 1334 4583; x_wconf 80' lang='lat' dir='ltr'>voluntas</span> <span class='ocrx_word' id='word_1_351' title='bbox 1357 4529 1630 4586; x_wconf 89' lang='lat' dir='ltr'>liberandi</span> <span class='ocrx_word' id='word_1_352' title='bbox 1653 4530 2132 4586; x_wconf 83' lang='lat' dir='ltr'>eam.Auo.dixit:</span> 
     </span>
    </p>
   </div>
   <div class='ocr_carea' id='block_1_48' title="bbox 493 4617 2137 4690">
    <p class='ocr_par' dir='ltr' id='par_1_48' title="bbox 493 4617 2137 4690">
     <span class='ocr_line' id='line_1_48' title="bbox 493 4617 2137 4690; baseline 0.001 -16"><span class='ocrx_word' id='word_1_353' title='bbox 493 4617 880 4674; x_wconf 83' lang='lat' dir='ltr'>Audivimus:</span> <span class='ocrx_word' id='word_1_354' title='bbox 913 4618 975 4672; x_wconf 91' lang='lat' dir='ltr'>Si</span> <span class='ocrx_word' id='word_1_355' title='bbox 1016 4621 1195 4672; x_wconf 83' lang='lat' dir='ltr'>autem</span> <span class='ocrx_word' id='word_1_356' title='bbox 1239 4621 1528 4674; x_wconf 85' lang='lat' dir='ltr'>necessitas</span> <span class='ocrx_word' id='word_1_357' title='bbox 1575 4622 1684 4690; x_wconf 76' lang='lat' dir='ltr'>fuit</span> <span class='ocrx_word' id='word_1_358' title='bbox 1718 4620 1972 4676; x_wconf 79' lang='lat' dir='ltr'>mittendi</span> <span class='ocrx_word' id='word_1_359' title='bbox 2012 4621 2137 4675; x_wconf 86' lang='lat' dir='ltr'>ani-</span> 
     </span>
    </p>
   </div>
   <div class='ocr_carea' id='block_1_49' title="bbox 495 4705 2139 4781">
    <p class='ocr_par' dir='ltr' id='par_1_49' title="bbox 495 4705 2139 4781">
     <span class='ocr_line' id='line_1_49' title="bbox 495 4705 2139 4781; baseline 0.001 -19"><span class='ocrx_word' id='word_1_360' title='bbox 495 4724 667 4777; x_wconf 90' lang='lat' dir='ltr'>mam,</span> <span class='ocrx_word' id='word_1_361' title='bbox 701 4707 895 4762; x_wconf 82' lang='lat' dir='ltr'>merito</span> <span class='ocrx_word' id='word_1_362' title='bbox 923 4715 1000 4761; x_wconf 84' lang='lat' dir='ltr'>est</span> <span class='ocrx_word' id='word_1_363' title='bbox 1029 4715 1085 4762; x_wconf 91' lang='lat' dir='ltr'>et</span> <span class='ocrx_word' id='word_1_364' title='bbox 1111 4705 1368 4762; x_wconf 74' lang='lat' dir='ltr'>voluntas</span> <span class='ocrx_word' id='word_1_365' title='bbox 1399 4708 1670 4764; x_wconf 87' lang='lat' dir='ltr'>liberandi</span> <span class='ocrx_word' id='word_1_366' title='bbox 1700 4726 1837 4764; x_wconf 88' lang='lat' dir='ltr'>eam.</span> <span class='ocrx_word' id='word_1_367' title='bbox 1885 4710 1968 4764; x_wconf 92' lang='lat' dir='ltr'>Tu</span> <span class='ocrx_word' id='word_1_368' title='bbox 2003 4725 2139 4781; x_wconf 87' lang='lat' dir='ltr'>ergo</span> 
     </span>
    </p>
   </div>
   <div class='ocr_carea' id='block_1_50' title="bbox 498 4795 2134 4853">
    <p class='ocr_par' dir='ltr' id='par_1_50' title="bbox 498 4795 2134 4853">
     <span class='ocr_line' id='line_1_50' title="bbox 498 4795 2134 4853; baseline -0.001 -1"><span class='ocrx_word' id='word_1_369' title='bbox 498 4795 694 4852; x_wconf 86' lang='lat' dir='ltr'>dixisti</span> <span class='ocrx_word' id='word_1_370' title='bbox 731 4796 910 4852; x_wconf 81' lang='lat' dir='ltr'>fuisse</span> <span class='ocrx_word' id='word_1_371' title='bbox 949 4797 1354 4853; x_wconf 86' lang='lat' dir='ltr'>necessitatem</span> <span class='ocrx_word' id='word_1_372' title='bbox 1389 4798 1659 4853; x_wconf 89' lang='lat' dir='ltr'>mittendi</span> <span class='ocrx_word' id='word_1_373' title='bbox 1692 4798 1974 4853; x_wconf 90' lang='lat' dir='ltr'>animam.</span> <span class='ocrx_word' id='word_1_374' title='bbox 2025 4797 2134 4853; x_wconf 93' lang='lat' dir='ltr'>Sed</span> 
     </span>
    </p>
   </div>
   <div class='ocr_carea' id='block_1_51' title="bbox 499 4884 2139 4954">
    <p class='ocr_par' dir='ltr' id='par_1_51' title="bbox 499 4884 2139 4954">
     <span class='ocr_line' id='line_1_51' title="bbox 499 4884 2139 4954; baseline -0.001 -12"><span class='ocrx_word' id='word_1_375' title='bbox 499 4885 549 4942; x_wconf 89' lang='lat' dir='ltr'>si</span> <span class='ocrx_word' id='word_1_376' title='bbox 581 4885 753 4942; x_wconf 91' lang='lat' dir='ltr'>modo</span> <span class='ocrx_word' id='word_1_377' title='bbox 781 4884 1141 4940; x_wconf 87' lang='lat' dir='ltr'>voluntatem</span> <span class='ocrx_word' id='word_1_378' title='bbox 1171 4886 1260 4941; x_wconf 90' lang='lat' dir='ltr'>vis</span> <span class='ocrx_word' id='word_1_379' title='bbox 1291 4886 1532 4954; x_wconf 90' lang='lat' dir='ltr'>discere,</span> <span class='ocrx_word' id='word_1_380' title='bbox 1567 4891 1622 4942; x_wconf 91' lang='lat' dir='ltr'>et</span> <span class='ocrx_word' id='word_1_381' title='bbox 1650 4887 1760 4942; x_wconf 93' lang='lat' dir='ltr'>hoc</span> <span class='ocrx_word' id='word_1_382' title='bbox 1785 4888 1932 4941; x_wconf 91' lang='lat' dir='ltr'>addo</span> <span class='ocrx_word' id='word_1_383' title='bbox 1952 4887 1972 4920; x_wconf 80' lang='grc'><strong>²</strong></span> <span class='ocrx_word' id='word_1_384' title='bbox 2000 4903 2011 4942; x_wconf 91' lang='lat'>:</span> <span class='ocrx_word' id='word_1_385' title='bbox 2037 4885 2139 4941; x_wconf 87' lang='lat' dir='ltr'>Cui</span> 
     </span>
    </p>
   </div>
   <div class='ocr_carea' id='block_1_52' title="bbox 498 4974 2140 5046">
    <p class='ocr_par' dir='ltr' id='par_1_52' title="bbox 498 4974 2140 5046">
     <span class='ocr_line' id='line_1_52' title="bbox 498 4974 2140 5046; baseline -0.001 -15"><span class='ocrx_word' id='word_1_386' title='bbox 498 4976 690 5031; x_wconf 90' lang='lat' dir='ltr'>noceri</span> <span class='ocrx_word' id='word_1_387' title='bbox 726 4974 870 5029; x_wconf 90' lang='lat' dir='ltr'>nihil</span> <span class='ocrx_word' id='word_1_388' title='bbox 895 4979 1138 5046; x_wconf 89' lang='lat' dir='ltr'>poterat,</span> <span class='ocrx_word' id='word_1_389' title='bbox 1173 4976 1423 5031; x_wconf 90' lang='lat' dir='ltr'>crudelis</span> <span class='ocrx_word' id='word_1_390' title='bbox 1446 4976 1716 5032; x_wconf 88' lang='lat' dir='ltr'>voluntas</span> <span class='ocrx_word' id='word_1_391' title='bbox 1740 4977 1849 5032; x_wconf 87' lang='lat' dir='ltr'>fuit</span> <span class='ocrx_word' id='word_1_392' title='bbox 1871 4976 2140 5031; x_wconf 89' lang='lat' dir='ltr'>mittendi</span> 
     </span>
    </p>
   </div>
   <div class='ocr_carea' id='block_1_53' title="bbox 499 5064 2142 5128">
    <p class='ocr_par' dir='ltr' id='par_1_53' title="bbox 499 5064 2142 5128">
     <span class='ocr_line' id='line_1_53' title="bbox 499 5064 2142 5128; baseline 0 -8"><span class='ocrx_word' id='word_1_393' title='bbox 499 5064 757 5120; x_wconf 88' lang='lat' dir='ltr'>animam</span> <span class='ocrx_word' id='word_1_394' title='bbox 797 5065 868 5119; x_wconf 90' lang='lat' dir='ltr'>ad</span> <span class='ocrx_word' id='word_1_395' title='bbox 900 5068 1092 5119; x_wconf 89' lang='lat' dir='ltr'>tantas</span> <span class='ocrx_word' id='word_1_396' title='bbox 1123 5064 1411 5120; x_wconf 87' lang='lat' dir='ltr'>miserias.</span> <span class='ocrx_word' id='word_1_397' title='bbox 1444 5065 1605 5128; x_wconf 90' lang='lat' dir='ltr'>Quod</span> <span class='ocrx_word' id='word_1_398' title='bbox 1639 5065 1935 5120; x_wconf 91' lang='lat' dir='ltr'>refellendi</span> <span class='ocrx_word' id='word_1_399' title='bbox 1965 5081 2142 5120; x_wconf 90' lang='lat' dir='ltr'>causa</span> 
     </span>
    </p>
   </div>
   <div class='ocr_carea' id='block_1_54' title="bbox 500 5153 2142 5226">
    <p class='ocr_par' dir='ltr' id='par_1_54' title="bbox 500 5153 2142 5226">
     <span class='ocr_line' id='line_1_54' title="bbox 500 5153 2142 5226; baseline -0.001 -18"><span class='ocrx_word' id='word_1_400' title='bbox 500 5154 637 5226; x_wconf 90' lang='lat' dir='ltr'>quia</span> <span class='ocrx_word' id='word_1_401' title='bbox 666 5153 896 5224; x_wconf 90' lang='lat' dir='ltr'>loquor,</span> <span class='ocrx_word' id='word_1_402' title='bbox 935 5153 1162 5208; x_wconf 87' lang='lat' dir='ltr'>veniam</span> <span class='ocrx_word' id='word_1_403' title='bbox 1197 5159 1326 5224; x_wconf 92' lang='lat' dir='ltr'>peto</span> <span class='ocrx_word' id='word_1_404' title='bbox 1357 5154 1429 5208; x_wconf 92' lang='lat' dir='ltr'>ab</span> <span class='ocrx_word' id='word_1_405' title='bbox 1480 5154 1637 5209; x_wconf 90' lang='lat' dir='ltr'>illius</span> <span class='ocrx_word' id='word_1_406' title='bbox 1691 5153 1865 5209; x_wconf 92' lang='lat' dir='ltr'>unius</span> <span class='ocrx_word' id='word_1_407' title='bbox 1915 5153 2142 5209; x_wconf 86' lang='lat' dir='ltr'>miseri-</span> 
     </span>
    </p>
   </div>
   <div class='ocr_carea' id='block_1_55' title="bbox 505 5242 2142 5313">
    <p class='ocr_par' dir='ltr' id='par_1_55' title="bbox 505 5242 2142 5313">
     <span class='ocr_line' id='line_1_55' title="bbox 505 5242 2142 5313; baseline -0.001 -15"><span class='ocrx_word' id='word_1_408' title='bbox 505 5243 723 5307; x_wconf 90' lang='lat' dir='ltr'>cordia,</span> <span class='ocrx_word' id='word_1_409' title='bbox 747 5243 804 5296; x_wconf 91' lang='lat' dir='ltr'>in</span> <span class='ocrx_word' id='word_1_410' title='bbox 837 5259 952 5313; x_wconf 93' lang='lat' dir='ltr'>quo</span> <span class='ocrx_word' id='word_1_411' title='bbox 985 5259 1146 5313; x_wconf 87' lang='lat' dir='ltr'>spem</span> <span class='ocrx_word' id='word_1_412' title='bbox 1171 5242 1532 5299; x_wconf 90' lang='lat' dir='ltr'>liberationis</span> <span class='ocrx_word' id='word_1_413' title='bbox 1558 5243 1844 5300; x_wconf 90' lang='lat' dir='ltr'>habemus</span> <span class='ocrx_word' id='word_1_414' title='bbox 1867 5244 1936 5299; x_wconf 90' lang='lat' dir='ltr'>ab</span> <span class='ocrx_word' id='word_1_415' title='bbox 1961 5242 2142 5299; x_wconf 88' lang='lat' dir='ltr'>omni-</span> 
     </span>
    </p>
   </div>
   <div class='ocr_carea' id='block_1_56' title="bbox 501 5330 1405 5387">
    <p class='ocr_par' dir='ltr' id='par_1_56' title="bbox 501 5330 1405 5387">
     <span class='ocr_line' id='line_1_56' title="bbox 501 5330 1405 5387; baseline 0 0"><span class='ocrx_word' id='word_1_416' title='bbox 501 5332 614 5387; x_wconf 86' lang='lat' dir='ltr'>bus</span> <span class='ocrx_word' id='word_1_417' title='bbox 653 5330 948 5386; x_wconf 77' lang='lat' dir='ltr'>erroribns</span> <span class='ocrx_word' id='word_1_418' title='bbox 979 5330 1405 5387; x_wconf 58' lang='lat' dir='ltr'>haereticorum.</span> 
     </span>
    </p>
   </div>
   <div class='ocr_carea' id='block_1_57' title="bbox 576 5420 2146 5478">
    <p class='ocr_par' dir='ltr' id='par_1_57' title="bbox 576 5420 2146 5478">
     <span class='ocr_line' id='line_1_57' title="bbox 576 5420 2146 5478; baseline -0.001 -2"><span class='ocrx_word' id='word_1_419' title='bbox 576 5421 747 5476; x_wconf 75' lang='lat' dir='ltr'>Foa&#39;r.</span> <span class='ocrx_word' id='word_1_420' title='bbox 782 5421 961 5477; x_wconf 87' lang='lat' dir='ltr'>dixit:</span> <span class='ocrx_word' id='word_1_421' title='bbox 995 5421 1112 5477; x_wconf 85' lang='lat' dir='ltr'>Nos</span> <span class='ocrx_word' id='word_1_422' title='bbox 1142 5421 1331 5477; x_wconf 91' lang='lat' dir='ltr'>dicere</span> <span class='ocrx_word' id='word_1_423' title='bbox 1363 5439 1660 5478; x_wconf 88' lang='lat' dir='ltr'>asseveras</span> <span class='ocrx_word' id='word_1_424' title='bbox 1692 5420 1986 5477; x_wconf 86' lang='lat' dir='ltr'>crudelem</span> <span class='ocrx_word' id='word_1_425' title='bbox 2018 5436 2146 5476; x_wconf 90' lang='lat' dir='ltr'>esse</span> 
     </span>
    </p>
   </div>
   <div class='ocr_carea' id='block_1_58' title="bbox 561 5561 2148 5672">
    <p class='ocr_par' dir='ltr' id='par_1_58' title="bbox 561 5561 2148 5672">
     <span class='ocr_line' id='line_1_58' title="bbox 561 5561 2148 5672; baseline -0.003 -60"><span class='ocrx_word' id='word_1_426' title='bbox 615 5563 868 5612; x_wconf 82' lang='lat' dir='ltr'>Victorini</span> <span class='ocrx_word' id='word_1_427' title='bbox 899 5565 1021 5612; x_wconf 84' lang='lat' dir='ltr'>Mss.</span> <span class='ocrx_word' id='word_1_428' title='bbox 1054 5565 1451 5628; x_wconf 80' lang='lat' dir='ltr'>interrogandus</span> <span class='ocrx_word' id='word_1_429' title='bbox 1489 5566 1560 5613; x_wconf 81' lang='lat' dir='ltr'>est</span> <span class='ocrx_word' id='word_1_430' title='bbox 1603 5564 1692 5628; x_wconf 86' lang='lat' dir='ltr'>qui</span> <span class='ocrx_word' id='word_1_431' title='bbox 1739 5563 1967 5610; x_wconf 88' lang='lat' dir='ltr'>animam</span> <span class='ocrx_word' id='word_1_432' title='bbox 2012 5561 2148 5610; x_wconf 87' lang='lat' dir='ltr'>dire-</span> 
     </span>
     <span class='ocr_line' id='line_1_59' title="bbox 561 5641 609 5672; baseline 0.021 -1"><span class='ocrx_word' id='word_1_433' title='bbox 561 5641 567 5671; x_wconf 64' lang='lat'>!</span> <span class='ocrx_word' id='word_1_434' title='bbox 599 5662 609 5672; x_wconf 89' lang='lat'>.</span> 
     </span>
    </p>
   </div>
   <div class='ocr_carea' id='block_1_59' title="bbox 510 5640 609 5674">
    <p class='ocr_par' dir='ltr' id='par_1_59' title="bbox 510 5640 609 5674">
     <span class='ocr_line' id='line_1_60' title="bbox 510 5640 609 5674; baseline -0.02 0"><span class='ocrx_word' id='word_1_435' title='bbox 510 5640 609 5674; x_wconf 72' lang='grc' dir='ltr'>ετιι.</span> 
     </span>
    </p>
   </div>
   <div class='ocr_carea' id='block_1_60' title="bbox 742 381 3621 459">
    <p class='ocr_par' dir='ltr' id='par_1_60' title="bbox 742 381 3621 459">
     <span class='ocr_line' id='line_1_61' title="bbox 742 381 3621 459; baseline 0.001 -17"><span class='ocrx_word' id='word_1_436' title='bbox 742 382 1058 444; x_wconf 81' lang='lat' dir='ltr'><strong>CONTRA</strong></span> <span class='ocrx_word' id='word_1_437' title='bbox 1102 381 1647 445; x_wconf 81' lang='lat' dir='ltr'>FORTUNATUM</span> <span class='ocrx_word' id='word_1_438' title='bbox 1694 381 2219 456; x_wconf 73' lang='grc' dir='ltr'>ΜΑΝΙΟΗᾸΞΟΜ,</span> <span class='ocrx_word' id='word_1_439' title='bbox 2267 382 2332 443; x_wconf 89' lang='lat' dir='ltr'>S.</span> <span class='ocrx_word' id='word_1_440' title='bbox 2379 383 2830 459; x_wconf 81' lang='lat' dir='ltr'>AUGUS&#39;l‘lNI,</span> <span class='ocrx_word' id='word_1_441' title='bbox 2876 382 3188 447; x_wconf 87' lang='lat' dir='ltr'>DISPUT.</span> <span class='ocrx_word' id='word_1_442' title='bbox 3235 383 3621 448; x_wconf 80' lang='lat' dir='ltr'>SECUNDA.</span> 
     </span>
    </p>
   </div>
   <div class='ocr_carea' id='block_1_61' title="bbox 3764 383 3885 446">
    <p class='ocr_par' dir='ltr' id='par_1_61' title="bbox 3764 383 3885 446">
     <span class='ocr_line' id='line_1_62' title="bbox 3764 383 3885 446; baseline -0.017 -1"><span class='ocrx_word' id='word_1_443' title='bbox 3764 383 3885 446; x_wconf 64' lang='lat'>428</span> 
     </span>
    </p>
   </div>
   <div class='ocr_carea' id='block_1_62' title="bbox 2224 515 3877 574">
    <p class='ocr_par' dir='ltr' id='par_1_62' title="bbox 2224 515 3877 574">
     <span class='ocr_line' id='line_1_63' title="bbox 2224 515 3877 574; baseline 0.002 -4"><span class='ocrx_word' id='word_1_444' title='bbox 2224 515 2406 570; x_wconf 89' lang='lat' dir='ltr'>Deum</span> <span class='ocrx_word' id='word_1_445' title='bbox 2441 516 2726 571; x_wconf 86' lang='lat' dir='ltr'>mittendo</span> <span class='ocrx_word' id='word_1_446' title='bbox 2754 517 3010 571; x_wconf 88' lang='lat' dir='ltr'>animam</span> <span class='ocrx_word' id='word_1_447' title='bbox 3033 534 3045 572; x_wconf 91' lang='lat'>:</span> <span class='ocrx_word' id='word_1_448' title='bbox 3068 517 3270 573; x_wconf 88' lang='lat' dir='ltr'>fecisse</span> <span class='ocrx_word' id='word_1_449' title='bbox 3301 534 3432 574; x_wconf 86' lang='lat' dir='ltr'>vero</span> <span class='ocrx_word' id='word_1_450' title='bbox 3458 517 3644 574; x_wconf 90' lang='lat' dir='ltr'>Deum</span> <span class='ocrx_word' id='word_1_451' title='bbox 3684 517 3877 574; x_wconf 87' lang='lat' dir='ltr'>homi-</span> 
     </span>
    </p>
   </div>
   <div class='ocr_carea' id='block_1_63' title="bbox 2227 605 3877 678">
    <p class='ocr_par' dir='ltr' id='par_1_63' title="bbox 2227 605 3877 678">
     <span class='ocr_line' id='line_1_64' title="bbox 2227 605 3877 678; baseline 0.004 -20"><span class='ocrx_word' id='word_1_452' title='bbox 2227 622 2379 672; x_wconf 84' lang='lat' dir='ltr'>nem,</span> <span class='ocrx_word' id='word_1_453' title='bbox 2413 611 2468 659; x_wconf 92' lang='lat' dir='ltr'>et</span> <span class='ocrx_word' id='word_1_454' title='bbox 2499 605 2872 662; x_wconf 69' lang='lat' dir='ltr'>insulﬂasse‘</span> <span class='ocrx_word' id='word_1_455' title='bbox 2908 605 2965 660; x_wconf 87' lang='lat' dir='ltr'>in</span> <span class='ocrx_word' id='word_1_456' title='bbox 2997 621 3130 661; x_wconf 92' lang='lat' dir='ltr'>eum</span> <span class='ocrx_word' id='word_1_457' title='bbox 3163 608 3449 673; x_wconf 88' lang='lat' dir='ltr'>animam,</span> <span class='ocrx_word' id='word_1_458' title='bbox 3473 623 3649 678; x_wconf 88' lang='lat' dir='ltr'>quam</span> <span class='ocrx_word' id='word_1_459' title='bbox 3674 607 3877 678; x_wconf 88' lang='lat' dir='ltr'>utique</span> 
     </span>
    </p>
   </div>
   <div class='ocr_carea' id='block_1_64' title="bbox 2226 693 3872 763">
    <p class='ocr_par' dir='ltr' id='par_1_64' title="bbox 2226 693 3872 763">
     <span class='ocr_line' id='line_1_65' title="bbox 2226 693 3872 763; baseline 0.003 -16"><span class='ocrx_word' id='word_1_460' title='bbox 2226 693 2514 763; x_wconf 63' lang='lat' dir='ltr'>prmscivit</span> <span class='ocrx_word' id='word_1_461' title='bbox 2544 693 2602 749; x_wconf 91' lang='lat' dir='ltr'>in</span> <span class='ocrx_word' id='word_1_462' title='bbox 2637 695 2893 750; x_wconf 81' lang='lat' dir='ltr'>futuram</span> <span class='ocrx_word' id='word_1_463' title='bbox 2920 694 3218 750; x_wconf 88' lang='lat' dir='ltr'>miseriam</span> <span class='ocrx_word' id='word_1_464' title='bbox 3245 695 3474 762; x_wconf 89' lang='lat' dir='ltr'>involvi,</span> <span class='ocrx_word' id='word_1_465' title='bbox 3506 704 3561 750; x_wconf 94' lang='lat' dir='ltr'>ct</span> <span class='ocrx_word' id='word_1_466' title='bbox 3593 696 3872 752; x_wconf 83' lang='lat' dir='ltr'>beneﬁcio</span> 
     </span>
    </p>
   </div>
   <div class='ocr_carea' id='block_1_65' title="bbox 2227 783 3868 857">
    <p class='ocr_par' dir='ltr' id='par_1_65' title="bbox 2227 783 3868 857">
     <span class='ocr_line' id='line_1_66' title="bbox 2227 783 3868 857; baseline 0 -19"><span class='ocrx_word' id='word_1_467' title='bbox 2227 783 2516 838; x_wconf 87' lang='lat' dir='ltr'>malorum</span> <span class='ocrx_word' id='word_1_468' title='bbox 2545 801 2658 840; x_wconf 92' lang='lat' dir='ltr'>non</span> <span class='ocrx_word' id='word_1_469' title='bbox 2691 801 2862 856; x_wconf 90' lang='lat' dir='ltr'>posse</span> <span class='ocrx_word' id='word_1_470' title='bbox 2912 784 3232 840; x_wconf 68' lang='lat' dir='ltr'>heareditati</span> <span class='ocrx_word' id='word_1_471' title='bbox 3283 801 3402 840; x_wconf 61' lang='lat' dir='ltr'>sua)</span> <span class='ocrx_word' id='word_1_472' title='bbox 3450 785 3868 857; x_wconf 67' lang='lat' dir='ltr'>repraesentari.</span> 
     </span>
    </p>
   </div>
   <div class='ocr_carea' id='block_1_66' title="bbox 2226 871 3873 943">
    <p class='ocr_par' dir='ltr' id='par_1_66' title="bbox 2226 871 3873 943">
     <span class='ocr_line' id='line_1_67' title="bbox 2226 871 3873 943; baseline 0.002 -17"><span class='ocrx_word' id='word_1_473' title='bbox 2226 871 2343 926; x_wconf 88' lang='lat' dir='ltr'>Hoc</span> <span class='ocrx_word' id='word_1_474' title='bbox 2377 877 2477 927; x_wconf 92' lang='lat' dir='ltr'>aut</span> <span class='ocrx_word' id='word_1_475' title='bbox 2505 873 2828 943; x_wconf 82' lang='lat' dir='ltr'>ignorantis</span> <span class='ocrx_word' id='word_1_476' title='bbox 2858 877 2968 939; x_wconf 92' lang='lat' dir='ltr'>est,</span> <span class='ocrx_word' id='word_1_477' title='bbox 2997 877 3098 928; x_wconf 91' lang='lat' dir='ltr'>aut</span> <span class='ocrx_word' id='word_1_478' title='bbox 3129 873 3325 928; x_wconf 91' lang='lat' dir='ltr'>dantis</span> <span class='ocrx_word' id='word_1_479' title='bbox 3357 874 3615 930; x_wconf 88' lang='lat' dir='ltr'>animam</span> <span class='ocrx_word' id='word_1_480' title='bbox 3647 875 3717 929; x_wconf 91' lang='lat' dir='ltr'>ad</span> <span class='ocrx_word' id='word_1_481' title='bbox 3749 875 3873 930; x_wconf 79' lang='lat' dir='ltr'>haec</span> 
     </span>
    </p>
   </div>
   <div class='ocr_carea' id='block_1_67' title="bbox 2229 960 3871 1034">
    <p class='ocr_par' dir='ltr' id='par_1_67' title="bbox 2229 960 3871 1034">
     <span class='ocr_line' id='line_1_68' title="bbox 2229 960 3871 1034; baseline 0.002 -19"><span class='ocrx_word' id='word_1_482' title='bbox 2229 960 2383 1016; x_wconf 88' lang='lat' dir='ltr'>mala</span> <span class='ocrx_word' id='word_1_483' title='bbox 2412 978 2539 1032; x_wconf 67' lang='lat' dir='ltr'>quae</span> <span class='ocrx_word' id='word_1_484' title='bbox 2571 979 2749 1034; x_wconf 89' lang='lat' dir='ltr'>supra</span> <span class='ocrx_word' id='word_1_485' title='bbox 2781 967 3100 1017; x_wconf 89' lang='lat' dir='ltr'>memorata</span> <span class='ocrx_word' id='word_1_486' title='bbox 3131 967 3288 1017; x_wconf 89' lang='lat' dir='ltr'>sunt.</span> <span class='ocrx_word' id='word_1_487' title='bbox 3315 963 3374 1017; x_wconf 93' lang='lat' dir='ltr'>Id</span> <span class='ocrx_word' id='word_1_488' title='bbox 3395 964 3871 1032; x_wconf 87' lang='lat' dir='ltr'>commemoravi,</span> 
     </span>
    </p>
   </div>
   <div class='ocr_carea' id='block_1_68' title="bbox 2227 1049 3874 1122">
    <p class='ocr_par' dir='ltr' id='par_1_68' title="bbox 2227 1049 3874 1122">
     <span class='ocr_line' id='line_1_69' title="bbox 2227 1049 3874 1122; baseline 0.002 -18"><span class='ocrx_word' id='word_1_489' title='bbox 2227 1049 2365 1121; x_wconf 91' lang='lat' dir='ltr'>quia</span> <span class='ocrx_word' id='word_1_490' title='bbox 2396 1051 2591 1105; x_wconf 86' lang='lat' dir='ltr'>dixisti</span> <span class='ocrx_word' id='word_1_491' title='bbox 2623 1055 2756 1106; x_wconf 89' lang='lat' dir='ltr'>ante</span> <span class='ocrx_word' id='word_1_492' title='bbox 2786 1056 3020 1122; x_wconf 90' lang='lat' dir='ltr'>tempus</span> <span class='ocrx_word' id='word_1_493' title='bbox 3044 1067 3156 1106; x_wconf 91' lang='lat' dir='ltr'>non</span> <span class='ocrx_word' id='word_1_494' title='bbox 3191 1050 3464 1116; x_wconf 87' lang='lat' dir='ltr'>multum,</span> <span class='ocrx_word' id='word_1_495' title='bbox 3495 1052 3651 1122; x_wconf 91' lang='lat' dir='ltr'>quod</span> <span class='ocrx_word' id='word_1_496' title='bbox 3688 1053 3874 1122; x_wconf 86' lang='lat' dir='ltr'>adop-</span> 
     </span>
    </p>
   </div>
   <div class='ocr_carea' id='block_1_69' title="bbox 2226 1138 3872 1212">
    <p class='ocr_par' dir='ltr' id='par_1_69' title="bbox 2226 1138 3872 1212">
     <span class='ocr_line' id='line_1_70' title="bbox 2226 1138 3872 1212; baseline 0.002 -20"><span class='ocrx_word' id='word_1_497' title='bbox 2226 1139 2434 1193; x_wconf 86' lang='lat' dir='ltr'>taverit</span> <span class='ocrx_word' id='word_1_498' title='bbox 2464 1138 2573 1194; x_wconf 90' lang='lat' dir='ltr'>sibi</span> <span class='ocrx_word' id='word_1_499' title='bbox 2609 1143 2758 1194; x_wconf 86' lang='lat' dir='ltr'>Deus</span> <span class='ocrx_word' id='word_1_500' title='bbox 2787 1138 3070 1204; x_wconf 89' lang='lat' dir='ltr'>animam,</span> <span class='ocrx_word' id='word_1_501' title='bbox 3103 1157 3216 1195; x_wconf 91' lang='lat' dir='ltr'>non</span> <span class='ocrx_word' id='word_1_502' title='bbox 3266 1141 3422 1212; x_wconf 90' lang='lat' dir='ltr'>quod</span> <span class='ocrx_word' id='word_1_503' title='bbox 3469 1140 3540 1194; x_wconf 88' lang='lat' dir='ltr'>ab</span> <span class='ocrx_word' id='word_1_504' title='bbox 3587 1140 3713 1212; x_wconf 91' lang='lat' dir='ltr'>ipso</span> <span class='ocrx_word' id='word_1_505' title='bbox 3755 1141 3872 1210; x_wconf 87' lang='lat' dir='ltr'>sit;</span> 
     </span>
    </p>
   </div>
   <div class='ocr_carea' id='block_1_70' title="bbox 2229 1226 3022 1299">
    <p class='ocr_par' dir='ltr' id='par_1_70' title="bbox 2229 1226 3022 1299">
     <span class='ocr_line' id='line_1_71' title="bbox 2229 1226 3022 1299; baseline 0 -17"><span class='ocrx_word' id='word_1_506' title='bbox 2229 1226 2384 1282; x_wconf 90' lang='lat' dir='ltr'>aliud</span> <span class='ocrx_word' id='word_1_507' title='bbox 2417 1232 2506 1282; x_wconf 91' lang='lat' dir='ltr'>est</span> <span class='ocrx_word' id='word_1_508' title='bbox 2534 1226 2689 1283; x_wconf 89' lang='lat' dir='ltr'>enim</span> <span class='ocrx_word' id='word_1_509' title='bbox 2723 1229 3022 1299; x_wconf 88' lang='lat' dir='ltr'>adoptare.</span> 
     </span>
    </p>
   </div>
   <div class='ocr_carea' id='block_1_71' title="bbox 2296 1315 3878 1388">
    <p class='ocr_par' dir='ltr' id='par_1_71' title="bbox 2296 1315 3878 1388">
     <span class='ocr_line' id='line_1_72' title="bbox 2296 1315 3878 1388; baseline 0.003 -20"><span class='ocrx_word' id='word_1_510' title='bbox 2296 1315 2708 1371; x_wconf 83' lang='lat' dir='ltr'>29.Auc.dixit:</span> <span class='ocrx_word' id='word_1_511' title='bbox 2732 1321 2807 1371; x_wconf 90' lang='lat' dir='ltr'>De</span> <span class='ocrx_word' id='word_1_512' title='bbox 2827 1317 3135 1388; x_wconf 91' lang='lat' dir='ltr'>adoptione</span> <span class='ocrx_word' id='word_1_513' title='bbox 3149 1320 3348 1372; x_wconf 90' lang='lat' dir='ltr'>nostra</span> <span class='ocrx_word' id='word_1_514' title='bbox 3366 1317 3607 1372; x_wconf 87' lang='lat' dir='ltr'>memini</span> <span class='ocrx_word' id='word_1_515' title='bbox 3626 1333 3718 1372; x_wconf 91' lang='lat' dir='ltr'>me</span> <span class='ocrx_word' id='word_1_516' title='bbox 3741 1322 3878 1374; x_wconf 88' lang='lat' dir='ltr'>ante</span> 
     </span>
    </p>
   </div>
   <div class='ocr_carea' id='block_1_72' title="bbox 2227 1405 3875 1478">
    <p class='ocr_par' dir='ltr' id='par_1_72' title="bbox 2227 1405 3875 1478">
     <span class='ocr_line' id='line_1_73' title="bbox 2227 1405 3875 1478; baseline 0.001 -19"><span class='ocrx_word' id='word_1_517' title='bbox 2227 1405 2352 1460; x_wconf 90' lang='lat' dir='ltr'>dies</span> <span class='ocrx_word' id='word_1_518' title='bbox 2371 1405 2391 1438; x_wconf 80' lang='grc'>²</span> <span class='ocrx_word' id='word_1_519' title='bbox 2424 1405 2642 1460; x_wconf 88' lang='lat' dir='ltr'>dixisse</span> <span class='ocrx_word' id='word_1_520' title='bbox 2700 1406 3020 1460; x_wconf 88' lang='lat' dir='ltr'>secundum</span> <span class='ocrx_word' id='word_1_521' title='bbox 3042 1407 3444 1461; x_wconf 90' lang='lat' dir='ltr'>testimonium</span> <span class='ocrx_word' id='word_1_522' title='bbox 3468 1405 3748 1478; x_wconf 86' lang='lat' dir='ltr'>Apostoli,</span> <span class='ocrx_word' id='word_1_523' title='bbox 3774 1406 3875 1478; x_wconf 88' lang='lat' dir='ltr'>qui</span> 
     </span>
    </p>
   </div>
   <div class='ocr_carea' id='block_1_73' title="bbox 2227 1493 3872 1566">
    <p class='ocr_par' dir='ltr' id='par_1_73' title="bbox 2227 1493 3872 1566">
     <span class='ocr_line' id='line_1_74' title="bbox 2227 1493 3872 1566; baseline 0.002 -18"><span class='ocrx_word' id='word_1_524' title='bbox 2227 1493 2367 1548; x_wconf 89' lang='lat' dir='ltr'>dicit</span> <span class='ocrx_word' id='word_1_525' title='bbox 2397 1510 2502 1549; x_wconf 90' lang='lat' dir='ltr'>nos</span> <span class='ocrx_word' id='word_1_526' title='bbox 2531 1498 2764 1549; x_wconf 90' lang='lat' dir='ltr'>vocatos</span> <span class='ocrx_word' id='word_1_527' title='bbox 2795 1495 2852 1548; x_wconf 90' lang='lat' dir='ltr'>in</span> <span class='ocrx_word' id='word_1_528' title='bbox 2884 1495 3254 1564; x_wconf 89' lang='lat' dir='ltr'>adoptionem</span> <span class='ocrx_word' id='word_1_529' title='bbox 3287 1494 3540 1549; x_wconf 85' lang='lat' dir='ltr'>ﬁliorum</span> <span class='ocrx_word' id='word_1_530' title='bbox 3571 1495 3788 1566; x_wconf 80' lang='lat' dir='ltr'>(Ephes.</span> <span class='ocrx_word' id='word_1_531' title='bbox 3834 1513 3872 1563; x_wconf 82' lang='grc' dir='ltr'>ι,</span> 
     </span>
    </p>
   </div>
   <div class='ocr_carea' id='block_1_74' title="bbox 2225 1583 3870 1655">
    <p class='ocr_par' dir='ltr' id='par_1_74' title="bbox 2225 1583 3870 1655">
     <span class='ocr_line' id='line_1_75' title="bbox 2225 1583 3870 1655; baseline 0.003 -18"><span class='ocrx_word' id='word_1_532' title='bbox 2225 1584 2300 1651; x_wconf 88' lang='grc'>5).</span> <span class='ocrx_word' id='word_1_533' title='bbox 2334 1583 2459 1637; x_wconf 90' lang='lat' dir='ltr'>Non</span> <span class='ocrx_word' id='word_1_534' title='bbox 2488 1598 2624 1654; x_wconf 88' lang='lat' dir='ltr'>ergo</span> <span class='ocrx_word' id='word_1_535' title='bbox 2657 1599 2853 1638; x_wconf 90' lang='lat' dir='ltr'>meum</span> <span class='ocrx_word' id='word_1_536' title='bbox 2887 1583 2995 1638; x_wconf 86' lang='lat' dir='ltr'>fuit</span> <span class='ocrx_word' id='word_1_537' title='bbox 3018 1583 3184 1648; x_wconf 91' lang='lat' dir='ltr'>illud,</span> <span class='ocrx_word' id='word_1_538' title='bbox 3210 1584 3306 1639; x_wconf 90' lang='lat' dir='ltr'>sed</span> <span class='ocrx_word' id='word_1_539' title='bbox 3338 1583 3721 1655; x_wconf 87' lang='lat' dir='ltr'>apostolicum</span> <span class='ocrx_word' id='word_1_540' title='bbox 3746 1602 3870 1642; x_wconf 88' lang='lat' dir='ltr'>res-</span> 
     </span>
    </p>
   </div>
   <div class='ocr_carea' id='block_1_75' title="bbox 2227 1671 3871 1744">
    <p class='ocr_par' dir='ltr' id='par_1_75' title="bbox 2227 1671 3871 1744">
     <span class='ocr_line' id='line_1_76' title="bbox 2227 1671 3871 1744; baseline 0.001 -17"><span class='ocrx_word' id='word_1_541' title='bbox 2227 1688 2499 1743; x_wconf 91' lang='lat' dir='ltr'>ponsum.</span> <span class='ocrx_word' id='word_1_542' title='bbox 2533 1673 2613 1728; x_wconf 94' lang='lat' dir='ltr'>De</span> <span class='ocrx_word' id='word_1_543' title='bbox 2645 1689 2762 1744; x_wconf 89' lang='lat' dir='ltr'>qua</span> <span class='ocrx_word' id='word_1_544' title='bbox 2793 1689 2874 1742; x_wconf 90' lang='lat' dir='ltr'>re,</span> <span class='ocrx_word' id='word_1_545' title='bbox 2903 1672 2958 1727; x_wconf 93' lang='lat' dir='ltr'>id</span> <span class='ocrx_word' id='word_1_546' title='bbox 2992 1677 3100 1740; x_wconf 89' lang='lat' dir='ltr'>est,</span> <span class='ocrx_word' id='word_1_547' title='bbox 3134 1673 3204 1727; x_wconf 89' lang='lat' dir='ltr'>de</span> <span class='ocrx_word' id='word_1_548' title='bbox 3234 1671 3346 1728; x_wconf 92' lang='lat' dir='ltr'>ista</span> <span class='ocrx_word' id='word_1_549' title='bbox 3377 1673 3710 1744; x_wconf 87' lang='lat' dir='ltr'>adoptione,</span> <span class='ocrx_word' id='word_1_550' title='bbox 3761 1690 3871 1730; x_wconf 91' lang='lat' dir='ltr'>suo</span> 
     </span>
    </p>
   </div>
   <div class='ocr_carea' id='block_1_76' title="bbox 2227 1761 3869 1834">
    <p class='ocr_par' dir='ltr' id='par_1_76' title="bbox 2227 1761 3869 1834">
     <span class='ocr_line' id='line_1_77' title="bbox 2227 1761 3869 1834; baseline 0.001 -18"><span class='ocrx_word' id='word_1_551' title='bbox 2227 1765 2508 1832; x_wconf 87' lang='lat' dir='ltr'>tempore,</span> <span class='ocrx_word' id='word_1_552' title='bbox 2543 1761 2591 1816; x_wconf 91' lang='lat' dir='ltr'>si</span> <span class='ocrx_word' id='word_1_553' title='bbox 2624 1761 2832 1834; x_wconf 88' lang='lat' dir='ltr'>placet,</span> <span class='ocrx_word' id='word_1_554' title='bbox 2866 1761 3267 1834; x_wconf 88' lang='lat' dir='ltr'>inquiramus:</span> <span class='ocrx_word' id='word_1_555' title='bbox 3303 1768 3359 1818; x_wconf 88' lang='lat' dir='ltr'>et</span> <span class='ocrx_word' id='word_1_556' title='bbox 3388 1763 3458 1818; x_wconf 93' lang='lat' dir='ltr'>de</span> <span class='ocrx_word' id='word_1_557' title='bbox 3490 1761 3591 1818; x_wconf 91' lang='lat' dir='ltr'>illa</span> <span class='ocrx_word' id='word_1_558' title='bbox 3621 1762 3748 1818; x_wconf 89' lang='lat' dir='ltr'>sine</span> <span class='ocrx_word' id='word_1_559' title='bbox 3778 1763 3869 1818; x_wconf 84' lang='lat' dir='ltr'>di-</span> 
     </span>
    </p>
   </div>
   <div class='ocr_carea' id='block_1_77' title="bbox 2226 1848 3870 1923">
    <p class='ocr_par' dir='ltr' id='par_1_77' title="bbox 2226 1848 3870 1923">
     <span class='ocr_line' id='line_1_78' title="bbox 2226 1848 3870 1923; baseline 0.002 -19"><span class='ocrx_word' id='word_1_560' title='bbox 2226 1848 2439 1906; x_wconf 87' lang='lat' dir='ltr'>latione</span> <span class='ocrx_word' id='word_1_561' title='bbox 2488 1851 2904 1923; x_wconf 71' lang='lat' dir='ltr'>respondebo’,</span> <span class='ocrx_word' id='word_1_562' title='bbox 2951 1867 3088 1907; x_wconf 91' lang='lat' dir='ltr'>cum</span> <span class='ocrx_word' id='word_1_563' title='bbox 3139 1859 3201 1906; x_wconf 87' lang='lat' dir='ltr'>tu</span> <span class='ocrx_word' id='word_1_564' title='bbox 3254 1851 3396 1907; x_wconf 88' lang='lat' dir='ltr'>meis</span> <span class='ocrx_word' id='word_1_565' title='bbox 3439 1851 3870 1923; x_wconf 87' lang='lat' dir='ltr'>objectionibus</span> 
     </span>
    </p>
   </div>
   <div class='ocr_carea' id='block_1_78' title="bbox 2227 1939 2614 2011">
    <p class='ocr_par' dir='ltr' id='par_1_78' title="bbox 2227 1939 2614 2011">
     <span class='ocr_line' id='line_1_79' title="bbox 2227 1939 2614 2011; baseline 0.003 -17"><span class='ocrx_word' id='word_1_566' title='bbox 2227 1939 2614 2011; x_wconf 84' lang='lat' dir='ltr'>responderis.</span> 
     </span>
    </p>
   </div>
   <div class='ocr_carea' id='block_1_79' title="bbox 2298 2029 3876 2102">
    <p class='ocr_par' dir='ltr' id='par_1_79' title="bbox 2298 2029 3876 2102">
     <span class='ocr_line' id='line_1_80' title="bbox 2298 2029 3876 2102; baseline 0.001 -18"><span class='ocrx_word' id='word_1_567' title='bbox 2298 2029 2469 2084; x_wconf 82' lang='lat' dir='ltr'>Foa&#39;r.</span> <span class='ocrx_word' id='word_1_568' title='bbox 2487 2029 2632 2084; x_wconf 91' lang='lat' dir='ltr'>dixit</span> <span class='ocrx_word' id='word_1_569' title='bbox 2651 2045 2663 2083; x_wconf 97' lang='lat'>:</span> <span class='ocrx_word' id='word_1_570' title='bbox 2684 2033 3065 2102; x_wconf 88' lang='lat' dir='ltr'>Progressum</span> <span class='ocrx_word' id='word_1_571' title='bbox 3094 2029 3221 2085; x_wconf 92' lang='lat' dir='ltr'>dico</span> <span class='ocrx_word' id='word_1_572' title='bbox 3240 2029 3420 2086; x_wconf 83' lang='lat' dir='ltr'>fuisse</span> <span class='ocrx_word' id='word_1_573' title='bbox 3443 2029 3649 2085; x_wconf 66' lang='lat' dir='ltr'>animae</span> <span class='ocrx_word' id='word_1_574' title='bbox 3672 2034 3876 2086; x_wconf 89' lang='lat' dir='ltr'>contra</span> 
     </span>
    </p>
   </div>
   <div class='ocr_carea' id='block_1_80' title="bbox 2227 2119 3868 2191">
    <p class='ocr_par' dir='ltr' id='par_1_80' title="bbox 2227 2119 3868 2191">
     <span class='ocr_line' id='line_1_81' title="bbox 2227 2119 3868 2191; baseline 0.001 -17"><span class='ocrx_word' id='word_1_575' title='bbox 2227 2119 2575 2174; x_wconf 90' lang='lat' dir='ltr'>contrariam</span> <span class='ocrx_word' id='word_1_576' title='bbox 2609 2123 2903 2188; x_wconf 89' lang='lat' dir='ltr'>naturam,</span> <span class='ocrx_word' id='word_1_577' title='bbox 2934 2137 3056 2191; x_wconf 65' lang='lat' dir='ltr'>qua:</span> <span class='ocrx_word' id='word_1_578' title='bbox 3089 2124 3294 2174; x_wconf 85' lang='lat' dir='ltr'>natura</span> <span class='ocrx_word' id='word_1_579' title='bbox 3323 2123 3436 2175; x_wconf 92' lang='lat' dir='ltr'>Deo</span> <span class='ocrx_word' id='word_1_580' title='bbox 3469 2136 3674 2176; x_wconf 90' lang='lat' dir='ltr'>nocere</span> <span class='ocrx_word' id='word_1_581' title='bbox 3719 2119 3868 2176; x_wconf 88' lang='lat' dir='ltr'>nihil</span> 
     </span>
    </p>
   </div>
   <div class='ocr_carea' id='block_1_81' title="bbox 2226 2209 2473 2278">
    <p class='ocr_par' dir='ltr' id='par_1_81' title="bbox 2226 2209 2473 2278">
     <span class='ocr_line' id='line_1_82' title="bbox 2226 2209 2473 2278; baseline 0 -17"><span class='ocrx_word' id='word_1_582' title='bbox 2226 2209 2473 2278; x_wconf 88' lang='lat' dir='ltr'>poterat.</span> 
     </span>
    </p>
   </div>
   <div class='ocr_carea' id='block_1_82' title="bbox 2297 2294 3872 2368">
    <p class='ocr_par' dir='ltr' id='par_1_82' title="bbox 2297 2294 3872 2368">
     <span class='ocr_line' id='line_1_83' title="bbox 2297 2294 3872 2368; baseline 0.001 -18"><span class='ocrx_word' id='word_1_583' title='bbox 2297 2295 2386 2350; x_wconf 89' lang='lat'>30.</span> <span class='ocrx_word' id='word_1_584' title='bbox 2419 2298 2564 2351; x_wconf 83' lang='lat' dir='ltr'>Avo.</span> <span class='ocrx_word' id='word_1_585' title='bbox 2600 2295 2780 2352; x_wconf 87' lang='lat' dir='ltr'>dixit:</span> <span class='ocrx_word' id='word_1_586' title='bbox 2823 2296 2972 2360; x_wconf 90' lang='lat' dir='ltr'>Quid</span> <span class='ocrx_word' id='word_1_587' title='bbox 3015 2313 3163 2368; x_wconf 88' lang='lat' dir='ltr'>opus</span> <span class='ocrx_word' id='word_1_588' title='bbox 3205 2299 3328 2351; x_wconf 90' lang='lat' dir='ltr'>erat</span> <span class='ocrx_word' id='word_1_589' title='bbox 3375 2294 3489 2351; x_wconf 91' lang='lat' dir='ltr'>isto</span> <span class='ocrx_word' id='word_1_590' title='bbox 3534 2311 3872 2368; x_wconf 87' lang='lat' dir='ltr'>progressu,</span> 
     </span>
    </p>
   </div>
   <div class='ocr_carea' id='block_1_83' title="bbox 2226 2383 3873 2457">
    <p class='ocr_par' dir='ltr' id='par_1_83' title="bbox 2226 2383 3873 2457">
     <span class='ocr_line' id='line_1_84' title="bbox 2226 2383 3873 2457; baseline 0.001 -17"><span class='ocrx_word' id='word_1_591' title='bbox 2226 2384 2325 2440; x_wconf 91' lang='lat' dir='ltr'>ubi</span> <span class='ocrx_word' id='word_1_592' title='bbox 2359 2383 2503 2439; x_wconf 88' lang='lat' dir='ltr'>nihil</span> <span class='ocrx_word' id='word_1_593' title='bbox 2536 2385 2802 2440; x_wconf 87' lang='lat' dir='ltr'>&#39;habebat</span> <span class='ocrx_word' id='word_1_594' title='bbox 2842 2385 2996 2442; x_wconf 90' lang='lat' dir='ltr'>Deus</span> <span class='ocrx_word' id='word_1_595' title='bbox 3040 2385 3194 2457; x_wconf 92' lang='lat' dir='ltr'>quod</span> <span class='ocrx_word' id='word_1_596' title='bbox 3239 2389 3482 2454; x_wconf 89' lang='lat' dir='ltr'>caveret,</span> <span class='ocrx_word' id='word_1_597' title='bbox 3528 2385 3620 2440; x_wconf 92' lang='lat' dir='ltr'>cui</span> <span class='ocrx_word' id='word_1_598' title='bbox 3668 2402 3873 2441; x_wconf 90' lang='lat' dir='ltr'>nocere</span> 
     </span>
    </p>
   </div>
   <div class='ocr_carea' id='block_1_84' title="bbox 2228 2473 2678 2545">
    <p class='ocr_par' dir='ltr' id='par_1_84' title="bbox 2228 2473 2678 2545">
     <span class='ocr_line' id='line_1_85' title="bbox 2228 2473 2678 2545; baseline -0.002 -17"><span class='ocrx_word' id='word_1_599' title='bbox 2228 2473 2374 2528; x_wconf 91' lang='lat' dir='ltr'>nihil</span> <span class='ocrx_word' id='word_1_600' title='bbox 2408 2473 2678 2545; x_wconf 83' lang='lat' dir='ltr'>poterat?</span> 
     </span>
    </p>
   </div>
   <div class='ocr_carea' id='block_1_85' title="bbox 2298 2562 3863 2636">
    <p class='ocr_par' dir='ltr' id='par_1_85' title="bbox 2298 2562 3863 2636">
     <span class='ocr_line' id='line_1_86' title="bbox 2298 2562 3863 2636; baseline 0.001 -17"><span class='ocrx_word' id='word_1_601' title='bbox 2298 2564 2467 2619; x_wconf 80' lang='lat' dir='ltr'>Foar.</span> <span class='ocrx_word' id='word_1_602' title='bbox 2504 2562 2684 2619; x_wconf 88' lang='lat' dir='ltr'>dixit:</span> <span class='ocrx_word' id='word_1_603' title='bbox 2719 2563 2962 2619; x_wconf 89' lang='lat' dir='ltr'>Constat</span> <span class='ocrx_word' id='word_1_604' title='bbox 2979 2564 3132 2634; x_wconf 90' lang='lat' dir='ltr'>apud</span> <span class='ocrx_word' id='word_1_605' title='bbox 3155 2563 3569 2620; x_wconf 90' lang='lat' dir='ltr'>conscientiam</span> <span class='ocrx_word' id='word_1_606' title='bbox 3586 2571 3863 2636; x_wconf 88' lang='lat' dir='ltr'>vestram,</span> 
     </span>
    </p>
   </div>
   <div class='ocr_carea' id='block_1_86' title="bbox 2228 2652 3050 2709">
    <p class='ocr_par' dir='ltr' id='par_1_86' title="bbox 2228 2652 3050 2709">
     <span class='ocr_line' id='line_1_87' title="bbox 2228 2652 3050 2709; baseline -0.001 0"><span class='ocrx_word' id='word_1_607' title='bbox 2228 2669 2262 2709; x_wconf 85' lang='lat' dir='ltr'>a</span> <span class='ocrx_word' id='word_1_608' title='bbox 2292 2652 2408 2708; x_wconf 90' lang='lat' dir='ltr'>Deo</span> <span class='ocrx_word' id='word_1_609' title='bbox 2439 2653 2669 2708; x_wconf 90' lang='lat' dir='ltr'>venisse</span> <span class='ocrx_word' id='word_1_610' title='bbox 2699 2653 2998 2708; x_wconf 88' lang='lat' dir='ltr'>Christum</span> <span class='ocrx_word' id='word_1_611' title='bbox 3023 2657 3050 2708; x_wconf 83' lang='lat'>?</span> 
     </span>
    </p>
   </div>
   <div class='ocr_carea' id='block_1_87' title="bbox 2297 2741 3874 2814">
    <p class='ocr_par' dir='ltr' id='par_1_87' title="bbox 2297 2741 3874 2814">
     <span class='ocr_line' id='line_1_88' title="bbox 2297 2741 3874 2814; baseline 0.002 -18"><span class='ocrx_word' id='word_1_612' title='bbox 2297 2743 2384 2796; x_wconf 88' lang='grc'>31.</span> <span class='ocrx_word' id='word_1_613' title='bbox 2419 2743 2564 2797; x_wconf 85' lang='lat' dir='ltr'>Auc.</span> <span class='ocrx_word' id='word_1_614' title='bbox 2598 2742 2773 2797; x_wconf 87' lang='lat' dir='ltr'>dixit:</span> <span class='ocrx_word' id='word_1_615' title='bbox 2809 2742 3021 2798; x_wconf 90' lang='lat' dir='ltr'>iterum</span> <span class='ocrx_word' id='word_1_616' title='bbox 3059 2757 3151 2798; x_wconf 89' lang='lat' dir='ltr'>me</span> <span class='ocrx_word' id='word_1_617' title='bbox 3188 2741 3556 2814; x_wconf 84' lang='lat' dir='ltr'>interrogas?</span> <span class='ocrx_word' id='word_1_618' title='bbox 3577 2744 3661 2798; x_wconf 91' lang='lat' dir='ltr'>Ad</span> <span class='ocrx_word' id='word_1_619' title='bbox 3697 2743 3874 2800; x_wconf 87' lang='lat' dir='ltr'>inter-</span> 
     </span>
    </p>
   </div>
   <div class='ocr_carea' id='block_1_88' title="bbox 2226 2832 2764 2903">
    <p class='ocr_par' dir='ltr' id='par_1_88' title="bbox 2226 2832 2764 2903">
     <span class='ocr_line' id='line_1_89' title="bbox 2226 2832 2764 2903; baseline 0 -17"><span class='ocrx_word' id='word_1_620' title='bbox 2226 2838 2428 2903; x_wconf 85' lang='lat' dir='ltr'>rogata</span> <span class='ocrx_word' id='word_1_621' title='bbox 2457 2832 2764 2902; x_wconf 90' lang='lat' dir='ltr'>responde.</span> 
     </span>
    </p>
   </div>
   <div class='ocr_carea' id='block_1_89' title="bbox 2298 2920 3872 2995">
    <p class='ocr_par' dir='ltr' id='par_1_89' title="bbox 2298 2920 3872 2995">
     <span class='ocr_line' id='line_1_90' title="bbox 2298 2920 3872 2995; baseline 0.002 -19"><span class='ocrx_word' id='word_1_622' title='bbox 2298 2920 2469 2977; x_wconf 77' lang='lat' dir='ltr'>Fons.</span> <span class='ocrx_word' id='word_1_623' title='bbox 2503 2920 2682 2975; x_wconf 90' lang='lat' dir='ltr'>dixit:</span> <span class='ocrx_word' id='word_1_624' title='bbox 2715 2921 2809 2976; x_wconf 93' lang='lat' dir='ltr'>Sic</span> <span class='ocrx_word' id='word_1_625' title='bbox 2835 2921 3028 2994; x_wconf 91' lang='lat' dir='ltr'>accepi</span> <span class='ocrx_word' id='word_1_626' title='bbox 3072 2922 3130 2976; x_wconf 91' lang='lat' dir='ltr'>in</span> <span class='ocrx_word' id='word_1_627' title='bbox 3183 2923 3315 2992; x_wconf 81' lang='lat' dir='ltr'>fide,</span> <span class='ocrx_word' id='word_1_628' title='bbox 3366 2923 3520 2995; x_wconf 91' lang='lat' dir='ltr'>quod</span> <span class='ocrx_word' id='word_1_629' title='bbox 3568 2921 3872 2979; x_wconf 89' lang='lat' dir='ltr'>voluntate</span> 
     </span>
    </p>
   </div>
   <div class='ocr_carea' id='block_1_90' title="bbox 2226 3008 2893 3080">
    <p class='ocr_par' dir='ltr' id='par_1_90' title="bbox 2226 3008 2893 3080">
     <span class='ocr_line' id='line_1_91' title="bbox 2226 3008 2893 3080; baseline 0.001 -16"><span class='ocrx_word' id='word_1_630' title='bbox 2226 3008 2325 3064; x_wconf 93' lang='lat' dir='ltr'>Dei</span> <span class='ocrx_word' id='word_1_631' title='bbox 2359 3009 2482 3080; x_wconf 91' lang='lat' dir='ltr'>ipse</span> <span class='ocrx_word' id='word_1_632' title='bbox 2512 3008 2626 3064; x_wconf 93' lang='lat' dir='ltr'>huc</span> <span class='ocrx_word' id='word_1_633' title='bbox 2655 3009 2893 3066; x_wconf 91' lang='lat' dir='ltr'>venerit.</span> 
     </span>
    </p>
   </div>
   <div class='ocr_carea' id='block_1_91' title="bbox 2305 3097 3867 3172">
    <p class='ocr_par' dir='ltr' id='par_1_91' title="bbox 2305 3097 3867 3172">
     <span class='ocr_line' id='line_1_92' title="bbox 2305 3097 3867 3172; baseline 0.001 -16"><span class='ocrx_word' id='word_1_634' title='bbox 2305 3097 2390 3156; x_wconf 88' lang='lat'>32.</span> <span class='ocrx_word' id='word_1_635' title='bbox 2423 3100 2568 3154; x_wconf 84' lang='lat' dir='ltr'>Auc.</span> <span class='ocrx_word' id='word_1_636' title='bbox 2603 3098 2785 3154; x_wconf 83' lang='lat' dir='ltr'>dixit:</span> <span class='ocrx_word' id='word_1_637' title='bbox 2822 3100 2887 3155; x_wconf 90' lang='lat' dir='ltr'>Et</span> <span class='ocrx_word' id='word_1_638' title='bbox 2916 3116 3022 3172; x_wconf 92' lang='lat' dir='ltr'>ego</span> <span class='ocrx_word' id='word_1_639' title='bbox 3057 3100 3225 3156; x_wconf 91' lang='lat' dir='ltr'>dico:</span> <span class='ocrx_word' id='word_1_640' title='bbox 3273 3099 3427 3156; x_wconf 88' lang='lat' dir='ltr'>Deus</span> <span class='ocrx_word' id='word_1_641' title='bbox 3471 3101 3867 3172; x_wconf 88' lang='lat' dir='ltr'>omnipotens,</span> 
     </span>
    </p>
   </div>
   <div class='ocr_carea' id='block_1_92' title="bbox 2227 3187 3870 3264">
    <p class='ocr_par' dir='ltr' id='par_1_92' title="bbox 2227 3187 3870 3264">
     <span class='ocr_line' id='line_1_93' title="bbox 2227 3187 3870 3264; baseline 0.003 -21"><span class='ocrx_word' id='word_1_642' title='bbox 2227 3187 2601 3255; x_wconf 89' lang='lat' dir='ltr'>inviolabilis,</span> <span class='ocrx_word' id='word_1_643' title='bbox 2646 3189 3167 3257; x_wconf 89' lang='lat' dir='ltr'>incommutabilis,</span> <span class='ocrx_word' id='word_1_644' title='bbox 3209 3190 3299 3246; x_wconf 89' lang='lat' dir='ltr'>cui</span> <span class='ocrx_word' id='word_1_645' title='bbox 3332 3190 3523 3246; x_wconf 90' lang='lat' dir='ltr'>noceri</span> <span class='ocrx_word' id='word_1_646' title='bbox 3557 3190 3700 3245; x_wconf 90' lang='lat' dir='ltr'>nihil</span> <span class='ocrx_word' id='word_1_647' title='bbox 3735 3208 3870 3264; x_wconf 87' lang='lat' dir='ltr'>pos-</span> 
     </span>
    </p>
   </div>
   <div class='ocr_carea' id='block_1_93' title="bbox 2229 3278 3868 3350">
    <p class='ocr_par' dir='ltr' id='par_1_93' title="bbox 2229 3278 3868 3350">
     <span class='ocr_line' id='line_1_94' title="bbox 2229 3278 3868 3350; baseline 0.001 -16"><span class='ocrx_word' id='word_1_648' title='bbox 2229 3279 2303 3334; x_wconf 84' lang='lat' dir='ltr'>sit</span> <span class='ocrx_word' id='word_1_649' title='bbox 2334 3294 2512 3350; x_wconf 91' lang='lat' dir='ltr'>quare</span> <span class='ocrx_word' id='word_1_650' title='bbox 2546 3278 2658 3334; x_wconf 91' lang='lat' dir='ltr'>huc</span> <span class='ocrx_word' id='word_1_651' title='bbox 2690 3281 2948 3335; x_wconf 90' lang='lat' dir='ltr'>animam</span> <span class='ocrx_word' id='word_1_652' title='bbox 2981 3281 3049 3335; x_wconf 88' lang='lat' dir='ltr'>ad</span> <span class='ocrx_word' id='word_1_653' title='bbox 3085 3280 3370 3349; x_wconf 89' lang='lat' dir='ltr'>miserias,</span> <span class='ocrx_word' id='word_1_654' title='bbox 3405 3280 3476 3336; x_wconf 86' lang='lat' dir='ltr'>ad</span> <span class='ocrx_word' id='word_1_655' title='bbox 3495 3296 3775 3348; x_wconf 91' lang='lat' dir='ltr'>errorem,</span> <span class='ocrx_word' id='word_1_656' title='bbox 3797 3281 3868 3336; x_wconf 89' lang='lat' dir='ltr'>ad</span> 
     </span>
    </p>
   </div>
   <div class='ocr_carea' id='block_1_94' title="bbox 2227 3368 3052 3441">
    <p class='ocr_par' dir='ltr' id='par_1_94' title="bbox 2227 3368 3052 3441">
     <span class='ocr_line' id='line_1_95' title="bbox 2227 3368 3052 3441; baseline 0.002 -19"><span class='ocrx_word' id='word_1_657' title='bbox 2227 3368 2341 3423; x_wconf 84' lang='lat' dir='ltr'>ista</span> <span class='ocrx_word' id='word_1_658' title='bbox 2374 3385 2499 3439; x_wconf 64' lang='lat' dir='ltr'>quae</span> <span class='ocrx_word' id='word_1_659' title='bbox 2531 3369 2808 3441; x_wconf 90' lang='lat' dir='ltr'>patimur,</span> <span class='ocrx_word' id='word_1_660' title='bbox 2844 3368 3052 3424; x_wconf 86' lang='lat' dir='ltr'>misit?</span> 
     </span>
    </p>
   </div>
   <div class='ocr_carea' id='block_1_95' title="bbox 2300 3457 3866 3514">
    <p class='ocr_par' dir='ltr' id='par_1_95' title="bbox 2300 3457 3866 3514">
     <span class='ocr_line' id='line_1_96' title="bbox 2300 3457 3866 3514; baseline 0.001 -2"><span class='ocrx_word' id='word_1_661' title='bbox 2300 3458 2471 3512; x_wconf 79' lang='lat' dir='ltr'>Foar.</span> <span class='ocrx_word' id='word_1_662' title='bbox 2505 3458 2688 3514; x_wconf 86' lang='lat' dir='ltr'>dixit:</span> <span class='ocrx_word' id='word_1_663' title='bbox 2722 3459 2948 3512; x_wconf 91' lang='lat' dir='ltr'>Dictum</span> <span class='ocrx_word' id='word_1_664' title='bbox 2981 3463 3070 3514; x_wconf 91' lang='lat' dir='ltr'>est</span> <span class='ocrx_word' id='word_1_665' title='bbox 3101 3458 3295 3514; x_wconf 91' lang='lat' dir='ltr'>enim:</span> <span class='ocrx_word' id='word_1_666' title='bbox 3326 3459 3664 3513; x_wconf 86' lang='lat' dir='ltr'>Potestatem</span> <span class='ocrx_word' id='word_1_667' title='bbox 3695 3457 3866 3513; x_wconf 84' lang='lat' dir='ltr'>habeo</span> 
     </span>
    </p>
   </div>
   <div class='ocr_carea' id='block_1_96' title="bbox 2225 3546 3868 3618">
    <p class='ocr_par' dir='ltr' id='par_1_96' title="bbox 2225 3546 3868 3618">
     <span class='ocr_line' id='line_1_97' title="bbox 2225 3546 3868 3618; baseline -0.001 -17"><span class='ocrx_word' id='word_1_668' title='bbox 2225 3546 2467 3617; x_wconf 85' lang='lat' dir='ltr'>ponendi</span> <span class='ocrx_word' id='word_1_669' title='bbox 2495 3549 2744 3602; x_wconf 88' lang='lat' dir='ltr'>animam</span> <span class='ocrx_word' id='word_1_670' title='bbox 2770 3563 2967 3614; x_wconf 89' lang='lat' dir='ltr'>meam,</span> <span class='ocrx_word' id='word_1_671' title='bbox 3001 3550 3050 3602; x_wconf 85' lang='lat' dir='ltr'>et</span> <span class='ocrx_word' id='word_1_672' title='bbox 3075 3550 3391 3618; x_wconf 82' lang='lat' dir='ltr'>potestatem</span> <span class='ocrx_word' id='word_1_673' title='bbox 3409 3546 3717 3618; x_wconf 86' lang='lat' dir='ltr'>accipiendi</span> <span class='ocrx_word' id='word_1_674' title='bbox 3743 3561 3868 3602; x_wconf 88' lang='lat' dir='ltr'>eam</span> 
     </span>
    </p>
   </div>
   <div class='ocr_carea' id='block_1_97' title="bbox 2229 3635 3871 3709">
    <p class='ocr_par' dir='ltr' id='par_1_97' title="bbox 2229 3635 3871 3709">
     <span class='ocr_line' id='line_1_98' title="bbox 2229 3635 3871 3709; baseline -0.001 -17"><span class='ocrx_word' id='word_1_675' title='bbox 2229 3637 2406 3704; x_wconf 87' lang='lat' dir='ltr'>(Joan.</span> <span class='ocrx_word' id='word_1_676' title='bbox 2434 3653 2488 3702; x_wconf 90' lang='lat' dir='ltr'>x,</span> <span class='ocrx_word' id='word_1_677' title='bbox 2524 3636 2634 3706; x_wconf 82' lang='lat'>18).</span> <span class='ocrx_word' id='word_1_678' title='bbox 2669 3636 2834 3690; x_wconf 91' lang='lat' dir='ltr'>Nunc</span> <span class='ocrx_word' id='word_1_679' title='bbox 2865 3637 3040 3692; x_wconf 72' lang='lat' dir='ltr'>dixit‘</span> <span class='ocrx_word' id='word_1_680' title='bbox 3073 3637 3229 3709; x_wconf 92' lang='lat' dir='ltr'>quod</span> <span class='ocrx_word' id='word_1_681' title='bbox 3258 3635 3558 3692; x_wconf 89' lang='lat' dir='ltr'>voluntate</span> <span class='ocrx_word' id='word_1_682' title='bbox 3599 3635 3699 3691; x_wconf 91' lang='lat' dir='ltr'>Dei</span> <span class='ocrx_word' id='word_1_683' title='bbox 3731 3651 3871 3706; x_wconf 90' lang='lat' dir='ltr'>pro-</span> 
     </span>
    </p>
   </div>
   <div class='ocr_carea' id='block_1_98' title="bbox 2228 3724 2792 3797">
    <p class='ocr_par' dir='ltr' id='par_1_98' title="bbox 2228 3724 2792 3797">
     <span class='ocr_line' id='line_1_99' title="bbox 2228 3724 2792 3797; baseline 0 -18"><span class='ocrx_word' id='word_1_684' title='bbox 2228 3741 2430 3797; x_wconf 88' lang='lat' dir='ltr'>gressa</span> <span class='ocrx_word' id='word_1_685' title='bbox 2460 3728 2549 3779; x_wconf 88' lang='lat' dir='ltr'>est</span> <span class='ocrx_word' id='word_1_686' title='bbox 2576 3724 2792 3779; x_wconf 89' lang='lat' dir='ltr'>anima.</span> 
     </span>
    </p>
   </div>
   <div class='ocr_carea' id='block_1_99' title="bbox 2300 3812 3874 3884">
    <p class='ocr_par' dir='ltr' id='par_1_99' title="bbox 2300 3812 3874 3884">
     <span class='ocr_line' id='line_1_100' title="bbox 2300 3812 3874 3884; baseline 0 -18"><span class='ocrx_word' id='word_1_687' title='bbox 2300 3812 2388 3866; x_wconf 91' lang='lat'>33.</span> <span class='ocrx_word' id='word_1_688' title='bbox 2423 3818 2569 3868; x_wconf 74' lang='grc' dir='ltr'>Λυσι.</span> <span class='ocrx_word' id='word_1_689' title='bbox 2606 3813 2783 3867; x_wconf 86' lang='lat' dir='ltr'>dixit:</span> <span class='ocrx_word' id='word_1_690' title='bbox 2808 3814 2922 3884; x_wconf 88' lang='lat' dir='ltr'>Ego</span> <span class='ocrx_word' id='word_1_691' title='bbox 2957 3817 3150 3868; x_wconf 90' lang='lat' dir='ltr'>autem</span> <span class='ocrx_word' id='word_1_692' title='bbox 3183 3829 3422 3868; x_wconf 88' lang='lat' dir='ltr'>causam</span> <span class='ocrx_word' id='word_1_693' title='bbox 3447 3828 3663 3883; x_wconf 62' lang='lat' dir='ltr'>quaero,</span> <span class='ocrx_word' id='word_1_694' title='bbox 3691 3827 3874 3883; x_wconf 88' lang='lat' dir='ltr'>quare</span> 
     </span>
    </p>
   </div>
   <div class='ocr_carea' id='block_1_100' title="bbox 2233 3901 3282 3974">
    <p class='ocr_par' dir='ltr' id='par_1_100' title="bbox 2233 3901 3282 3974">
     <span class='ocr_line' id='line_1_101' title="bbox 2233 3901 3282 3974; baseline -0.001 -17"><span class='ocrx_word' id='word_1_695' title='bbox 2233 3918 2364 3957; x_wconf 89' lang='lat' dir='ltr'>cum</span> <span class='ocrx_word' id='word_1_696' title='bbox 2400 3906 2510 3957; x_wconf 87' lang='lat' dir='ltr'>Deo</span> <span class='ocrx_word' id='word_1_697' title='bbox 2541 3902 2733 3957; x_wconf 91' lang='lat' dir='ltr'>noceri</span> <span class='ocrx_word' id='word_1_698' title='bbox 2766 3901 2909 3956; x_wconf 91' lang='lat' dir='ltr'>nihil</span> <span class='ocrx_word' id='word_1_699' title='bbox 2945 3902 3229 3974; x_wconf 78' lang='lat' dir='ltr'>possit‘...</span> <span class='ocrx_word' id='word_1_700' title='bbox 3254 3901 3282 3956; x_wconf 75' lang='lat' dir='ltr'>‘i</span> 
     </span>
    </p>
   </div>
   <div class='ocr_carea' id='block_1_101' title="bbox 2302 3987 3878 4061">
    <p class='ocr_par' dir='ltr' id='par_1_101' title="bbox 2302 3987 3878 4061">
     <span class='ocr_line' id='line_1_102' title="bbox 2302 3987 3878 4061; baseline 0.001 -18"><span class='ocrx_word' id='word_1_701' title='bbox 2302 3993 2476 4046; x_wconf 82' lang='lat' dir='ltr'>Foar.</span> <span class='ocrx_word' id='word_1_702' title='bbox 2510 3991 2683 4045; x_wconf 90' lang='lat' dir='ltr'>dixit:</span> <span class='ocrx_word' id='word_1_703' title='bbox 2719 3990 2873 4044; x_wconf 89' lang='lat' dir='ltr'>Nihil</span> <span class='ocrx_word' id='word_1_704' title='bbox 2907 3990 3098 4045; x_wconf 89' lang='lat' dir='ltr'>noceri</span> <span class='ocrx_word' id='word_1_705' title='bbox 3129 3991 3244 4046; x_wconf 91' lang='lat' dir='ltr'>Deo</span> <span class='ocrx_word' id='word_1_706' title='bbox 3268 3991 3395 4061; x_wconf 86' lang='lat' dir='ltr'>jam</span> <span class='ocrx_word' id='word_1_707' title='bbox 3429 3989 3704 4055; x_wconf 89' lang='lat' dir='ltr'>diximus,</span> <span class='ocrx_word' id='word_1_708' title='bbox 3737 3992 3794 4044; x_wconf 90' lang='lat' dir='ltr'>et</span> <span class='ocrx_word' id='word_1_709' title='bbox 3817 3987 3878 4044; x_wconf 90' lang='lat' dir='ltr'>in</span> 
     </span>
    </p>
   </div>
   <div class='ocr_carea' id='block_1_102' title="bbox 2235 4077 3883 4144">
    <p class='ocr_par' dir='ltr' id='par_1_102' title="bbox 2235 4077 3883 4144">
     <span class='ocr_line' id='line_1_103' title="bbox 2235 4077 3883 4144; baseline -0.001 -10"><span class='ocrx_word' id='word_1_710' title='bbox 2235 4078 2526 4134; x_wconf 90' lang='lat' dir='ltr'>contraria</span> <span class='ocrx_word' id='word_1_711' title='bbox 2553 4083 2759 4133; x_wconf 86' lang='lat' dir='ltr'>natura</span> <span class='ocrx_word' id='word_1_712' title='bbox 2779 4095 2906 4134; x_wconf 91' lang='lat' dir='ltr'>esse</span> <span class='ocrx_word' id='word_1_713' title='bbox 2925 4079 3182 4134; x_wconf 90' lang='lat' dir='ltr'>animam</span> <span class='ocrx_word' id='word_1_714' title='bbox 3203 4079 3481 4144; x_wconf 90' lang='lat' dir='ltr'>diximus,</span> <span class='ocrx_word' id='word_1_715' title='bbox 3501 4077 3631 4133; x_wconf 87' lang='lat' dir='ltr'>ideo</span> <span class='ocrx_word' id='word_1_716' title='bbox 3649 4081 3714 4132; x_wconf 91' lang='lat' dir='ltr'>ut</span> <span class='ocrx_word' id='word_1_717' title='bbox 3742 4093 3883 4132; x_wconf 88' lang='lat' dir='ltr'>con-</span> 
     </span>
    </p>
   </div>
   <div class='ocr_carea' id='block_1_103' title="bbox 2232 4165 3883 4240">
    <p class='ocr_par' dir='ltr' id='par_1_103' title="bbox 2232 4165 3883 4240">
     <span class='ocr_line' id='line_1_104' title="bbox 2232 4165 3883 4240; baseline -0.001 -18"><span class='ocrx_word' id='word_1_718' title='bbox 2232 4168 2423 4223; x_wconf 72' lang='lat' dir='ltr'>trariaa</span> <span class='ocrx_word' id='word_1_719' title='bbox 2457 4172 2674 4223; x_wconf 75' lang='lat' dir='ltr'>naturae</span> <span class='ocrx_word' id='word_1_720' title='bbox 2706 4169 2946 4224; x_wconf 88' lang='lat' dir='ltr'>modum</span> <span class='ocrx_word' id='word_1_721' title='bbox 2978 4167 3342 4240; x_wconf 89' lang='lat' dir='ltr'>imponeret:</span> <span class='ocrx_word' id='word_1_722' title='bbox 3387 4167 3560 4222; x_wconf 90' lang='lat' dir='ltr'>modo</span> <span class='ocrx_word' id='word_1_723' title='bbox 3603 4165 3883 4238; x_wconf 88' lang='lat' dir='ltr'>imposito</span> 
     </span>
    </p>
   </div>
   <div class='ocr_carea' id='block_1_104' title="bbox 2235 4249 3880 4328">
    <p class='ocr_par' dir='ltr' id='par_1_104' title="bbox 2235 4249 3880 4328">
     <span class='ocr_line' id='line_1_105' title="bbox 2235 4249 3880 4328; baseline -0.001 -16"><span class='ocrx_word' id='word_1_724' title='bbox 2235 4257 2536 4312; x_wconf 61' lang='lat' dir='ltr'>contraria:</span> <span class='ocrx_word' id='word_1_725' title='bbox 2569 4261 2810 4324; x_wconf 64' lang='lat' dir='ltr'>natura},</span> <span class='ocrx_word' id='word_1_726' title='bbox 2841 4258 3020 4312; x_wconf 89' lang='lat' dir='ltr'>sumit</span> <span class='ocrx_word' id='word_1_727' title='bbox 3049 4249 3317 4312; x_wconf 82' lang='lat' dir='ltr'>eamdem</span> <span class='ocrx_word' id='word_1_728' title='bbox 3348 4257 3522 4312; x_wconf 87' lang='lat' dir='ltr'>Deus.</span> <span class='ocrx_word' id='word_1_729' title='bbox 3554 4255 3682 4328; x_wconf 87' lang='lat' dir='ltr'>Ipse</span> <span class='ocrx_word' id='word_1_730' title='bbox 3721 4255 3880 4311; x_wconf 89' lang='lat' dir='ltr'>enim</span> 
     </span>
    </p>
   </div>
   <div class='ocr_carea' id='block_1_105' title="bbox 2238 4346 3883 4418">
    <p class='ocr_par' dir='ltr' id='par_1_105' title="bbox 2238 4346 3883 4418">
     <span class='ocr_line' id='line_1_106' title="bbox 2238 4346 3883 4418; baseline -0.001 -17"><span class='ocrx_word' id='word_1_731' title='bbox 2238 4347 2400 4418; x_wconf 88' lang='lat' dir='ltr'>dixit,</span> <span class='ocrx_word' id='word_1_732' title='bbox 2430 4349 2754 4402; x_wconf 84' lang='lat' dir='ltr'>Potestatem</span> <span class='ocrx_word' id='word_1_733' title='bbox 2775 4348 2942 4401; x_wconf 88' lang='lat' dir='ltr'>habeo</span> <span class='ocrx_word' id='word_1_734' title='bbox 2962 4346 3207 4417; x_wconf 83' lang='lat' dir='ltr'>ponendi</span> <span class='ocrx_word' id='word_1_735' title='bbox 3226 4347 3474 4401; x_wconf 88' lang='lat' dir='ltr'>animam</span> <span class='ocrx_word' id='word_1_736' title='bbox 3495 4361 3674 4402; x_wconf 86' lang='lat' dir='ltr'>meam</span> <span class='ocrx_word' id='word_1_737' title='bbox 3701 4349 3750 4401; x_wconf 87' lang='lat' dir='ltr'>et</span> <span class='ocrx_word' id='word_1_738' title='bbox 3779 4360 3883 4416; x_wconf 77' lang='lat' dir='ltr'>po-</span> 
     </span>
    </p>
   </div>
   <div class='ocr_carea' id='block_1_106' title="bbox 2238 4433 3887 4506">
    <p class='ocr_par' dir='ltr' id='par_1_106' title="bbox 2238 4433 3887 4506">
     <span class='ocr_line' id='line_1_107' title="bbox 2238 4433 3887 4506; baseline -0.001 -14"><span class='ocrx_word' id='word_1_739' title='bbox 2238 4439 2488 4492; x_wconf 82' lang='lat' dir='ltr'>testatem</span> <span class='ocrx_word' id='word_1_740' title='bbox 2505 4436 2769 4491; x_wconf 85' lang='lat' dir='ltr'>sumendi</span> <span class='ocrx_word' id='word_1_741' title='bbox 2789 4451 2927 4491; x_wconf 86' lang='lat' dir='ltr'>eam.</span> <span class='ocrx_word' id='word_1_742' title='bbox 2938 4440 3096 4490; x_wconf 87' lang='lat' dir='ltr'>Hanc</span> <span class='ocrx_word' id='word_1_743' title='bbox 3119 4439 3287 4490; x_wconf 90' lang='lat' dir='ltr'>Pater</span> <span class='ocrx_word' id='word_1_744' title='bbox 3299 4435 3444 4490; x_wconf 89' lang='lat' dir='ltr'>mihi</span> <span class='ocrx_word' id='word_1_745' title='bbox 3459 4433 3619 4490; x_wconf 92' lang='lat' dir='ltr'>dedit</span> <span class='ocrx_word' id='word_1_746' title='bbox 3632 4437 3887 4506; x_wconf 87' lang='lat' dir='ltr'>potesta-</span> 
     </span>
    </p>
   </div>
   <div class='ocr_carea' id='block_1_107' title="bbox 2239 4521 3885 4597">
    <p class='ocr_par' dir='ltr' id='par_1_107' title="bbox 2239 4521 3885 4597">
     <span class='ocr_line' id='line_1_108' title="bbox 2239 4521 3885 4597; baseline -0.001 -16"><span class='ocrx_word' id='word_1_747' title='bbox 2239 4531 2357 4581; x_wconf 89' lang='lat' dir='ltr'>tem</span> <span class='ocrx_word' id='word_1_748' title='bbox 2383 4525 2634 4597; x_wconf 89' lang='lat' dir='ltr'>ponendi</span> <span class='ocrx_word' id='word_1_749' title='bbox 2657 4525 2914 4580; x_wconf 89' lang='lat' dir='ltr'>animam</span> <span class='ocrx_word' id='word_1_750' title='bbox 2938 4541 3149 4592; x_wconf 89' lang='lat' dir='ltr'>meam,</span> <span class='ocrx_word' id='word_1_751' title='bbox 3174 4530 3230 4580; x_wconf 91' lang='lat' dir='ltr'>et</span> <span class='ocrx_word' id='word_1_752' title='bbox 3256 4521 3531 4580; x_wconf 89' lang='lat' dir='ltr'>sumendi</span> <span class='ocrx_word' id='word_1_753' title='bbox 3554 4540 3704 4580; x_wconf 89' lang='lat' dir='ltr'>eam.</span> <span class='ocrx_word' id='word_1_754' title='bbox 3730 4525 3885 4580; x_wconf 88' lang='lat' dir='ltr'>Deus</span> 
     </span>
    </p>
   </div>
   <div class='ocr_carea' id='block_1_108' title="bbox 2239 4613 3889 4688">
    <p class='ocr_par' dir='ltr' id='par_1_108' title="bbox 2239 4613 3889 4688">
     <span class='ocr_line' id='line_1_109' title="bbox 2239 4613 3889 4688; baseline -0.002 -17"><span class='ocrx_word' id='word_1_755' title='bbox 2239 4630 2374 4687; x_wconf 87' lang='lat' dir='ltr'>ergo</span> <span class='ocrx_word' id='word_1_756' title='bbox 2406 4615 2506 4686; x_wconf 91' lang='lat' dir='ltr'>qui</span> <span class='ocrx_word' id='word_1_757' title='bbox 2529 4613 2878 4688; x_wconf 90' lang='lat' dir='ltr'>loquebatur</span> <span class='ocrx_word' id='word_1_758' title='bbox 2899 4614 2958 4668; x_wconf 89' lang='lat' dir='ltr'>in</span> <span class='ocrx_word' id='word_1_759' title='bbox 2986 4613 3147 4683; x_wconf 82' lang='lat' dir='ltr'>Filio,</span> <span class='ocrx_word' id='word_1_760' title='bbox 3171 4614 3241 4669; x_wconf 93' lang='lat' dir='ltr'>de</span> <span class='ocrx_word' id='word_1_761' title='bbox 3255 4631 3371 4687; x_wconf 87' lang='lat' dir='ltr'>qua</span> <span class='ocrx_word' id='word_1_762' title='bbox 3399 4614 3598 4670; x_wconf 89' lang='lat' dir='ltr'>anima</span> <span class='ocrx_word' id='word_1_763' title='bbox 3627 4613 3889 4669; x_wconf 82' lang='lat' dir='ltr'>diceret?</span> 
     </span>
    </p>
   </div>
   <div class='ocr_carea' id='block_1_109' title="bbox 2310 4799 3263 4856">
    <p class='ocr_par' dir='ltr' id='par_1_109' title="bbox 2310 4799 3263 4856">
     <span class='ocr_line' id='line_1_110' title="bbox 2310 4799 3263 4856; baseline -0.001 -5"><span class='ocrx_word' id='word_1_764' title='bbox 2310 4804 2323 4837; x_wconf 85' lang='grc'>¹</span> <span class='ocrx_word' id='word_1_765' title='bbox 2353 4802 2636 4851; x_wconf 86' lang='lat' dir='ltr'>Vaticanus</span> <span class='ocrx_word' id='word_1_766' title='bbox 2665 4801 2846 4856; x_wconf 88' lang='lat' dir='ltr'>codex.</span> <span class='ocrx_word' id='word_1_767' title='bbox 2880 4803 2928 4850; x_wconf 86' lang='lat' dir='ltr'>et</span> <span class='ocrx_word' id='word_1_768' title='bbox 2957 4799 3263 4852; x_wconf 80' lang='lat' dir='ltr'>insibilassc.</span> 
     </span>
    </p>
   </div>
   <div class='ocr_carea' id='block_1_110' title="bbox 2303 4862 3886 4936">
    <p class='ocr_par' dir='ltr' id='par_1_110' title="bbox 2303 4862 3886 4936">
     <span class='ocr_line' id='line_1_111' title="bbox 2303 4862 3886 4936; baseline -0.001 -23"><span class='ocrx_word' id='word_1_769' title='bbox 2303 4868 2325 4899; x_wconf 79' lang='grc'>²</span> <span class='ocrx_word' id='word_1_770' title='bbox 2353 4865 2639 4936; x_wconf 70' lang='lat' dir='ltr'>Vox,_dies,</span> <span class='ocrx_word' id='word_1_771' title='bbox 2665 4878 2789 4936; x_wconf 60' lang='lat' dir='ltr'>quas</span> <span class='ocrx_word' id='word_1_772' title='bbox 2820 4865 3142 4936; x_wconf 62' lang='lat' dir='ltr'>ineditione</span> <span class='ocrx_word' id='word_1_773' title='bbox 3172 4865 3301 4936; x_wconf 65' lang='lat' dir='ltr'>Lov.</span> <span class='ocrx_word' id='word_1_774' title='bbox 3331 4863 3618 4936; x_wconf 76' lang='lat' dir='ltr'>exciderat,</span> <span class='ocrx_word' id='word_1_775' title='bbox 3651 4862 3886 4912; x_wconf 73' lang='lat' dir='ltr'>restitui-</span> 
     </span>
    </p>
   </div>
   <div class='ocr_carea' id='block_1_111' title="bbox 2243 4926 3429 4988">
    <p class='ocr_par' dir='ltr' id='par_1_111' title="bbox 2243 4926 3429 4988">
     <span class='ocr_line' id='line_1_112' title="bbox 2243 4926 3429 4988; baseline -0.003 -10"><span class='ocrx_word' id='word_1_776' title='bbox 2243 4932 2327 4979; x_wconf 89' lang='lat' dir='ltr'>tur</span> <span class='ocrx_word' id='word_1_777' title='bbox 2357 4942 2418 4976; x_wconf 84' lang='lat' dir='ltr'>ex</span> <span class='ocrx_word' id='word_1_778' title='bbox 2452 4929 2601 4976; x_wconf 88' lang='lat' dir='ltr'>libris</span> <span class='ocrx_word' id='word_1_779' title='bbox 2631 4926 2748 4976; x_wconf 87' lang='lat' dir='ltr'>aliis</span> <span class='ocrx_word' id='word_1_780' title='bbox 2777 4927 2928 4976; x_wconf 88' lang='lat' dir='ltr'>editis</span> <span class='ocrx_word' id='word_1_781' title='bbox 2959 4932 3010 4975; x_wconf 87' lang='lat' dir='ltr'>et</span> <span class='ocrx_word' id='word_1_782' title='bbox 3037 4926 3429 4988; x_wconf 87' lang='lat' dir='ltr'>manuscriptis.</span> 
     </span>
    </p>
   </div>
   <div class='ocr_carea' id='block_1_112' title="bbox 2305 4985 3890 5048">
    <p class='ocr_par' dir='ltr' id='par_1_112' title="bbox 2305 4985 3890 5048">
     <span class='ocr_line' id='line_1_113' title="bbox 2305 4985 3890 5048; baseline -0.002 -9"><span class='ocrx_word' id='word_1_783' title='bbox 2305 4991 2326 5024; x_wconf 84' lang='grc'>³</span> <span class='ocrx_word' id='word_1_784' title='bbox 2353 4991 2474 5039; x_wconf 85' lang='lat' dir='ltr'>Mss.</span> <span class='ocrx_word' id='word_1_785' title='bbox 2507 4991 2759 5038; x_wconf 89' lang='lat' dir='ltr'>Gallicani</span> <span class='ocrx_word' id='word_1_786' title='bbox 2788 4994 2840 5039; x_wconf 89' lang='lat' dir='ltr'>et</span> <span class='ocrx_word' id='word_1_787' title='bbox 2869 4989 3123 5048; x_wconf 86' lang='lat' dir='ltr'>Vaticani,</span> <span class='ocrx_word' id='word_1_788' title='bbox 3161 4989 3224 5039; x_wconf 84' lang='lat' dir='ltr'>de</span> <span class='ocrx_word' id='word_1_789' title='bbox 3253 4985 3344 5038; x_wconf 69' lang='lat' dir='ltr'>illa</span> <span class='ocrx_word' id='word_1_790' title='bbox 3392 4985 3738 5037; x_wconf 83' lang='lat' dir='ltr'>insibilatione</span> <span class='ocrx_word' id='word_1_791' title='bbox 3783 5001 3890 5036; x_wconf 80' lang='lat' dir='ltr'>res-</span> 
     </span>
    </p>
   </div>
   <div class='ocr_carea' id='block_1_113' title="bbox 2240 5049 3888 5118">
    <p class='ocr_par' dir='ltr' id='par_1_113' title="bbox 2240 5049 3888 5118">
     <span class='ocr_line' id='line_1_114' title="bbox 2240 5049 3888 5118; baseline -0.001 -18"><span class='ocrx_word' id='word_1_792' title='bbox 2240 5053 2489 5118; x_wconf 72' lang='lat' dir='ltr'>pondebo.</span> <span class='ocrx_word' id='word_1_793' title='bbox 2512 5054 2673 5118; x_wconf 66' lang='lat' dir='ltr'>Forte</span> <span class='ocrx_word' id='word_1_794' title='bbox 2703 5053 2827 5115; x_wconf 90' lang='lat' dir='ltr'>quia</span> <span class='ocrx_word' id='word_1_795' title='bbox 2857 5066 3029 5118; x_wconf 73' lang='lat' dir='ltr'>supra</span> <span class='ocrx_word' id='word_1_796' title='bbox 3067 5049 3888 5118; x_wconf 62' lang='lat' dir='ltr'>Fortunatus_pro__insufﬂasse,</span> 
     </span>
    </p>
   </div>
   <div class='ocr_carea' id='block_1_114' title="bbox 2245 5112 3811 5177">
    <p class='ocr_par' dir='ltr' id='par_1_114' title="bbox 2245 5112 3811 5177">
     <span class='ocr_line' id='line_1_115' title="bbox 2245 5112 3811 5177; baseline -0.002 -12"><span class='ocrx_word' id='word_1_797' title='bbox 2245 5112 2465 5172; x_wconf 82' lang='lat' dir='ltr'>dixerat,</span> <span class='ocrx_word' id='word_1_798' title='bbox 2499 5112 2799 5172; x_wconf 68' lang='lat' dir='ltr'>insibilasse,</span> <span class='ocrx_word' id='word_1_799' title='bbox 2832 5112 2986 5163; x_wconf 83' lang='lat' dir='ltr'>sicuti</span> <span class='ocrx_word' id='word_1_800' title='bbox 3018 5115 3071 5162; x_wconf 90' lang='lat' dir='ltr'>in</span> <span class='ocrx_word' id='word_1_801' title='bbox 3102 5117 3283 5165; x_wconf 89' lang='lat' dir='ltr'>codice</span> <span class='ocrx_word' id='word_1_802' title='bbox 3313 5114 3512 5177; x_wconf 82' lang='lat' dir='ltr'>legitur</span> <span class='ocrx_word' id='word_1_803' title='bbox 3526 5112 3811 5177; x_wconf 82' lang='lat' dir='ltr'>Vaticano.</span> 
     </span>
    </p>
   </div>
   <div class='ocr_carea' id='block_1_115' title="bbox 2307 5176 3890 5234">
    <p class='ocr_par' dir='ltr' id='par_1_115' title="bbox 2307 5176 3890 5234">
     <span class='ocr_line' id='line_1_116' title="bbox 2307 5176 3890 5234; baseline -0.001 -9"><span class='ocrx_word' id='word_1_804' title='bbox 2307 5179 2327 5213; x_wconf 64' lang='grc' dir='ltr'><em>ι</em></span> <span class='ocrx_word' id='word_1_805' title='bbox 2356 5177 2510 5234; x_wconf 83' lang='lat' dir='ltr'>Editi,</span> <span class='ocrx_word' id='word_1_806' title='bbox 2543 5192 2643 5225; x_wconf 85' lang='lat' dir='ltr'>non</span> <span class='ocrx_word' id='word_1_807' title='bbox 2676 5178 2825 5225; x_wconf 70' lang='lat' dir='ltr'>dixit.</span> <span class='ocrx_word' id='word_1_808' title='bbox 2860 5177 3043 5226; x_wconf 84' lang='lat' dir='ltr'>Melior</span> <span class='ocrx_word' id='word_1_809' title='bbox 3071 5178 3282 5228; x_wconf 77' lang='lat' dir='ltr'>videtur</span> <span class='ocrx_word' id='word_1_810' title='bbox 3312 5176 3465 5225; x_wconf 81' lang='lat' dir='ltr'>lectio</span> <span class='ocrx_word' id='word_1_811' title='bbox 3495 5176 3890 5224; x_wconf 87' lang='lat' dir='ltr'>Victorinorum</span> 
     </span>
    </p>
   </div>
   <div class='ocr_carea' id='block_1_116' title="bbox 2245 5237 3889 5303">
    <p class='ocr_par' dir='ltr' id='par_1_116' title="bbox 2245 5237 3889 5303">
     <span class='ocr_line' id='line_1_117' title="bbox 2245 5237 3889 5303; baseline -0.003 -13"><span class='ocrx_word' id='word_1_812' title='bbox 2245 5241 2747 5303; x_wconf 82' lang='lat' dir='ltr'>manuscriptorum,</span> <span class='ocrx_word' id='word_1_813' title='bbox 2779 5255 2915 5289; x_wconf 86' lang='lat' dir='ltr'>nunc</span> <span class='ocrx_word' id='word_1_814' title='bbox 2946 5240 3096 5288; x_wconf 74' lang='lat' dir='ltr'>dixit.</span> <span class='ocrx_word' id='word_1_815' title='bbox 3140 5241 3259 5290; x_wconf 83' lang='lat' dir='ltr'>Sive</span> <span class='ocrx_word' id='word_1_816' title='bbox 3307 5237 3694 5303; x_wconf 81' lang='lat' dir='ltr'>Fortunati_sit</span> <span class='ocrx_word' id='word_1_817' title='bbox 3741 5238 3889 5303; x_wconf 80' lang='lat' dir='ltr'>illud,</span> 
     </span>
    </p>
   </div>
   <div class='ocr_carea' id='block_1_117' title="bbox 2246 5298 3888 5362">
    <p class='ocr_par' dir='ltr' id='par_1_117' title="bbox 2246 5298 3888 5362">
     <span class='ocr_line' id='line_1_118' title="bbox 2246 5298 3888 5362; baseline -0.002 -9"><span class='ocrx_word' id='word_1_818' title='bbox 2246 5305 2356 5353; x_wconf 88' lang='lat' dir='ltr'>sive</span> <span class='ocrx_word' id='word_1_819' title='bbox 2385 5298 2683 5362; x_wconf 76' lang='lat' dir='ltr'>Augustini.</span> <span class='ocrx_word' id='word_1_820' title='bbox 2717 5303 2871 5362; x_wconf 88' lang='lat' dir='ltr'>cujus</span> <span class='ocrx_word' id='word_1_821' title='bbox 2901 5315 3098 5351; x_wconf 87' lang='lat' dir='ltr'>nomen</span> <span class='ocrx_word' id='word_1_822' title='bbox 3128 5304 3182 5352; x_wconf 91' lang='lat' dir='ltr'>in</span> <span class='ocrx_word' id='word_1_823' title='bbox 3212 5301 3496 5352; x_wconf 82' lang='lat' dir='ltr'>Victorinis</span> <span class='ocrx_word' id='word_1_824' title='bbox 3523 5298 3712 5349; x_wconf 87' lang='lat' dir='ltr'>iisdem</span> <span class='ocrx_word' id='word_1_825' title='bbox 3764 5301 3888 5349; x_wconf 81' lang='lat' dir='ltr'>Mss.</span> 
     </span>
    </p>
   </div>
   <div class='ocr_carea' id='block_1_118' title="bbox 2251 5363 3889 5430">
    <p class='ocr_par' dir='ltr' id='par_1_118' title="bbox 2251 5363 3889 5430">
     <span class='ocr_line' id='line_1_119' title="bbox 2251 5363 3889 5430; baseline -0.003 -15"><span class='ocrx_word' id='word_1_826' title='bbox 2251 5365 2544 5415; x_wconf 87' lang='lat' dir='ltr'>collocatur</span> <span class='ocrx_word' id='word_1_827' title='bbox 2573 5369 2729 5415; x_wconf 86' lang='lat' dir='ltr'>ante:</span> <span class='ocrx_word' id='word_1_828' title='bbox 2770 5363 2917 5414; x_wconf 79' lang='lat' dir='ltr'>Nunc</span> <span class='ocrx_word' id='word_1_829' title='bbox 2948 5365 3086 5412; x_wconf 76' lang='lat' dir='ltr'>dixit</span> <span class='ocrx_word' id='word_1_830' title='bbox 3133 5365 3272 5430; x_wconf 84' lang='lat' dir='ltr'>quod</span> <span class='ocrx_word' id='word_1_831' title='bbox 3325 5366 3580 5414; x_wconf 84' lang='lat' dir='ltr'>voluntate</span> <span class='ocrx_word' id='word_1_832' title='bbox 3633 5363 3730 5412; x_wconf 88' lang='lat' dir='ltr'>Dei</span> <span class='ocrx_word' id='word_1_833' title='bbox 3773 5378 3889 5427; x_wconf 85' lang='lat' dir='ltr'>pro-</span> 
     </span>
    </p>
   </div>
   <div class='ocr_carea' id='block_1_119' title="bbox 2245 5430 3895 5560">
    <p class='ocr_par' dir='ltr' id='par_1_119' title="bbox 2245 5430 3895 5560">
     <span class='ocr_line' id='line_1_120' title="bbox 2245 5430 3238 5499; baseline 0.001 -22"><span class='ocrx_word' id='word_1_834' title='bbox 2245 5441 2418 5494; x_wconf 80' lang='lat' dir='ltr'>gressa</span> <span class='ocrx_word' id='word_1_835' title='bbox 2446 5432 2520 5477; x_wconf 83' lang='lat' dir='ltr'>est</span> <span class='ocrx_word' id='word_1_836' title='bbox 2549 5430 2726 5477; x_wconf 87' lang='lat' dir='ltr'>anima</span> <span class='ocrx_word' id='word_1_837' title='bbox 2745 5442 2763 5476; x_wconf 88' lang='lat'>:</span> <span class='ocrx_word' id='word_1_838' title='bbox 2794 5443 2885 5488; x_wconf 84' lang='lat' dir='ltr'>ego</span> <span class='ocrx_word' id='word_1_839' title='bbox 2913 5430 3102 5499; x_wconf 74' lang='lat' dir='ltr'>autern,</span> <span class='ocrx_word' id='word_1_840' title='bbox 3140 5435 3238 5478; x_wconf 87' lang='lat' dir='ltr'>etc.</span> 
     </span>
     <span class='ocr_line' id='line_1_121' title="bbox 2310 5488 3895 5560; baseline -0.003 -20"><span class='ocrx_word' id='word_1_841' title='bbox 2310 5493 2330 5526; x_wconf 73' lang='grc' dir='ltr'><strong>δ</strong></span> <span class='ocrx_word' id='word_1_842' title='bbox 2356 5491 2644 5560; x_wconf 70' lang='lat' dir='ltr'>Vaticanus</span> <span class='ocrx_word' id='word_1_843' title='bbox 2675 5493 2766 5560; x_wconf 77' lang='lat' dir='ltr'>Ms.</span> <span class='ocrx_word' id='word_1_844' title='bbox 2798 5491 2928 5560; x_wconf 77' lang='lat' dir='ltr'>Avo.</span> <span class='ocrx_word' id='word_1_845' title='bbox 2962 5490 3128 5560; x_wconf 70' lang='lat' dir='ltr'>dixit:</span> <span class='ocrx_word' id='word_1_846' title='bbox 3164 5493 3267 5554; x_wconf 83' lang='lat' dir='ltr'>Ego</span> <span class='ocrx_word' id='word_1_847' title='bbox 3295 5502 3482 5560; x_wconf 61' lang='lat' dir='ltr'>quare,</span> <span class='ocrx_word' id='word_1_848' title='bbox 3512 5502 3626 5560; x_wconf 56' lang='lat' dir='ltr'>cum</span> <span class='ocrx_word' id='word_1_849' title='bbox 3656 5488 3778 5560; x_wconf 43' lang='lat' dir='ltr'>Deo.</span> <span class='ocrx_word' id='word_1_850' title='bbox 3803 5501 3895 5560; x_wconf 74' lang='lat' dir='ltr'>no-</span> 
     </span>
    </p>
   </div>
   <div class='ocr_carea' id='block_1_120' title="bbox 2247 5551 3895 5616">
    <p class='ocr_par' dir='ltr' id='par_1_120' title="bbox 2247 5551 3895 5616">
     <span class='ocr_line' id='line_1_122' title="bbox 2247 5551 3895 5616; baseline -0.002 -13"><span class='ocrx_word' id='word_1_851' title='bbox 2247 5568 2358 5616; x_wconf 84' lang='lat' dir='ltr'>cere</span> <span class='ocrx_word' id='word_1_852' title='bbox 2385 5554 2520 5603; x_wconf 83' lang='lat' dir='ltr'>nihil</span> <span class='ocrx_word' id='word_1_853' title='bbox 2547 5557 2729 5616; x_wconf 77' lang='lat' dir='ltr'>posset.</span> <span class='ocrx_word' id='word_1_854' title='bbox 2763 5567 2853 5600; x_wconf 85' lang='lat' dir='ltr'>cur</span> <span class='ocrx_word' id='word_1_855' title='bbox 2880 5551 2976 5616; x_wconf 77' lang='lat' dir='ltr'>huc</span> <span class='ocrx_word' id='word_1_856' title='bbox 3003 5551 3229 5616; x_wconf 68' lang='lat' dir='ltr'>animari:</span> <span class='ocrx_word' id='word_1_857' title='bbox 3265 5551 3481 5601; x_wconf 65' lang='lat' dir='ltr'>miserit.</span> <span class='ocrx_word' id='word_1_858' title='bbox 3511 5551 3667 5616; x_wconf 56' lang='grc' dir='ltr'>Ιῖόῐιτἱ</span> <span class='ocrx_word' id='word_1_859' title='bbox 3686 5566 3698 5600; x_wconf 91' lang='lat'>:</span> <span class='ocrx_word' id='word_1_860' title='bbox 3722 5551 3859 5616; x_wconf 52' lang='lat' dir='ltr'>digit</span> <span class='ocrx_word' id='word_1_861' title='bbox 3877 5565 3895 5600; x_wconf 91' lang='lat'>:</span> 
     </span>
    </p>
   </div>
   <div class='ocr_carea' id='block_1_121' title="bbox 2256 5613 3890 5679">
    <p class='ocr_par' dir='ltr' id='par_1_121' title="bbox 2256 5613 3890 5679">
     <span class='ocr_line' id='line_1_123' title="bbox 2256 5613 3890 5679; baseline -0.001 -15"><span class='ocrx_word' id='word_1_862' title='bbox 2256 5615 2430 5666; x_wconf 84' lang='lat' dir='ltr'>Videri</span> <span class='ocrx_word' id='word_1_863' title='bbox 2457 5613 2596 5679; x_wconf 81' lang='lat' dir='ltr'>quod</span> <span class='ocrx_word' id='word_1_864' title='bbox 2628 5616 2888 5664; x_wconf 85' lang='lat' dir='ltr'>voluntate</span> <span class='ocrx_word' id='word_1_865' title='bbox 2921 5615 3011 5662; x_wconf 85' lang='lat' dir='ltr'>Dei</span> <span class='ocrx_word' id='word_1_866' title='bbox 3033 5629 3304 5679; x_wconf 79' lang='lat' dir='ltr'>progressa</span> <span class='ocrx_word' id='word_1_867' title='bbox 3335 5617 3403 5664; x_wconf 82' lang='lat' dir='ltr'>sit</span> <span class='ocrx_word' id='word_1_868' title='bbox 3430 5616 3623 5679; x_wconf 66' lang='lat' dir='ltr'>anima,</span> <span class='ocrx_word' id='word_1_869' title='bbox 3646 5613 3738 5662; x_wconf 84' lang='lat' dir='ltr'>hoc</span> <span class='ocrx_word' id='word_1_870' title='bbox 3759 5613 3890 5663; x_wconf 87' lang='lat' dir='ltr'>dico.</span> 
     </span>
    </p>
   </div>
   <div class='ocr_carea' id='block_1_122' title="bbox 567 5677 3892 5748">
    <p class='ocr_par' dir='ltr' id='par_1_122' title="bbox 567 5677 3892 5748">
     <span class='ocr_line' id='line_1_124' title="bbox 567 5677 3892 5748; baseline -0.003 -11"><span class='ocrx_word' id='word_1_871' title='bbox 567 5689 589 5723; x_wconf 78' lang='grc'>³</span> <span class='ocrx_word' id='word_1_872' title='bbox 621 5689 677 5737; x_wconf 85' lang='lat' dir='ltr'>In</span> <span class='ocrx_word' id='word_1_873' title='bbox 711 5689 993 5739; x_wconf 86' lang='lat' dir='ltr'>Victorinis</span> <span class='ocrx_word' id='word_1_874' title='bbox 1022 5691 1168 5748; x_wconf 63' lang='lat' dir='ltr'>Mss,</span> <span class='ocrx_word' id='word_1_875' title='bbox 1200 5693 1248 5740; x_wconf 86' lang='lat' dir='ltr'>et</span> <span class='ocrx_word' id='word_1_876' title='bbox 1279 5691 1351 5738; x_wconf 86' lang='lat' dir='ltr'>ad</span> <span class='ocrx_word' id='word_1_877' title='bbox 1391 5689 1481 5740; x_wconf 85' lang='lat' dir='ltr'>hoc</span> <span class='ocrx_word' id='word_1_878' title='bbox 1519 5689 1674 5738; x_wconf 86' lang='lat' dir='ltr'>addo.</span> <span class='ocrx_word' id='word_1_879' title='bbox 1706 5689 1765 5736; x_wconf 86' lang='lat' dir='ltr'>In</span> <span class='ocrx_word' id='word_1_880' title='bbox 1804 5687 2066 5744; x_wconf 88' lang='lat' dir='ltr'>vaticano,</span> <span class='ocrx_word' id='word_1_881' title='bbox 2101 5689 2150 5735; x_wconf 87' lang='lat' dir='ltr'>et</span> <span class='ocrx_word' id='word_1_882' title='bbox 2253 5682 2386 5748; x_wconf 64' lang='lat' dir='ltr'>Ago.</span> <span class='ocrx_word' id='word_1_883' title='bbox 2415 5677 2586 5748; x_wconf 62' lang='lat' dir='ltr'>ducit:</span> <span class='ocrx_word' id='word_1_884' title='bbox 2621 5680 2935 5748; x_wconf 61' lang='lat' dir='ltr'>Egdautem</span> <span class='ocrx_word' id='word_1_885' title='bbox 2953 5677 3157 5726; x_wconf 75' lang='lat' dir='ltr'>causam</span> <span class='ocrx_word' id='word_1_886' title='bbox 3187 5693 3382 5748; x_wconf 71' lang='lat' dir='ltr'>quaero,</span> <span class='ocrx_word' id='word_1_887' title='bbox 3411 5691 3525 5728; x_wconf 86' lang='lat' dir='ltr'>cum</span> <span class='ocrx_word' id='word_1_888' title='bbox 3553 5677 3658 5727; x_wconf 90' lang='lat' dir='ltr'>Deo</span> <span class='ocrx_word' id='word_1_889' title='bbox 3713 5691 3892 5727; x_wconf 83' lang='lat' dir='ltr'>nocere</span> 
     </span>
    </p>
   </div>
   <div class='ocr_carea' id='block_1_123' title="bbox 503 5751 795 5804">
    <p class='ocr_par' dir='ltr' id='par_1_123' title="bbox 503 5751 795 5804">
     <span class='ocr_line' id='line_1_125' title="bbox 503 5751 795 5804; baseline -0.007 0"><span class='ocrx_word' id='word_1_890' title='bbox 503 5751 596 5804; x_wconf 80' lang='lat' dir='ltr'>hoc</span> <span class='ocrx_word' id='word_1_891' title='bbox 623 5751 795 5802; x_wconf 87' lang='lat' dir='ltr'>audio.</span> 
     </span>
    </p>
   </div>
   <div class='ocr_carea' id='block_1_124' title="bbox 2251 5739 3268 5807">
    <p class='ocr_par' dir='ltr' id='par_1_124' title="bbox 2251 5739 3268 5807">
     <span class='ocr_line' id='line_1_126' title="bbox 2251 5739 3268 5807; baseline -0.002 -14"><span class='ocrx_word' id='word_1_892' title='bbox 2251 5742 2386 5793; x_wconf 83' lang='lat' dir='ltr'>nihil</span> <span class='ocrx_word' id='word_1_893' title='bbox 2400 5744 2575 5807; x_wconf 76' lang='lat' dir='ltr'>possit,</span> <span class='ocrx_word' id='word_1_894' title='bbox 2605 5739 2696 5791; x_wconf 60' lang='lat' dir='ltr'>cu&#39;r</span> <span class='ocrx_word' id='word_1_895' title='bbox 2723 5739 2819 5791; x_wconf 86' lang='lat' dir='ltr'>huc</span> <span class='ocrx_word' id='word_1_896' title='bbox 2847 5739 3076 5791; x_wconf 85' lang='lat' dir='ltr'>animam</span> <span class='ocrx_word' id='word_1_897' title='bbox 3111 5739 3268 5794; x_wconf 69' lang='lat' dir='ltr'>misit.</span> 
     </span>
    </p>
   </div>
  </div>
