4012 6454
137 401 239 460 129

134 531 353 586 Constat
385 544 516 584 esse
544 530 800 586 animam
833 534 1115 598 nostram,
1152 547 1276 602 qua)
1308 531 1368 586 in
1404 533 1496 587 his
1520 532 1767 604 corpori-

133 622 230 676 bus
259 619 527 684 habetur,
557 621 711 691 quod
745 621 812 675 de
845 623 973 690 ejus
1005 621 1299 676 voluntate
1331 622 1569 688 venerit,
1604 628 1658 677 et
1690 623 1761 677 de

135 709 420 764 voluntate
462 709 649 780 ipsius
682 707 892 764 iterum
925 715 1281 765 assumatur.

197 800 279 853 34.
310 801 447 854 AUG.
484 799 667 853 dixit:
696 798 854 853 Unde
887 799 1095 853 dixerit
1127 798 1405 854 Dominus
1429 803 1648 867 noster,
1669 806 1769 855 Po-

137 892 366 943 testatem
392 889 568 943 habeo
597 887 831 958 ponendi
859 889 1104 942 animam
1134 905 1341 955 meam,
1374 892 1423 943 et
1448 895 1771 960 potestatem

139 977 293 1032 habeo
317 977 572 1032 sumendi
599 993 743 1045 eam,
778 977 1053 1032 omnibus
1086 982 1287 1032 notum
1320 982 1444 1032 est:
1478 977 1612 1048 quia
1644 995 1772 1049 pas-

140 1082 301 1121 surus
332 1069 476 1133 erat,
509 1070 566 1121 et
593 1070 1049 1121 resurrecturus.
1084 1066 1198 1137 Ego
1231 1070 1422 1120 autem
1447 1066 1552 1121 abs
1580 1072 1635 1122 te
1667 1066 1771 1121 ite-

140 1172 259 1212 rum
290 1159 464 1226 atque
496 1155 709 1209 iterum
753 1171 968 1225 quaero,
1001 1154 1050 1209 si
1082 1154 1198 1210 Deo
1250 1153 1395 1209 nihil
1440 1156 1630 1211 noceri
1671 1172 1771 1226 po-

139 1248 296 1311 terat,
330 1261 435 1300 cur
464 1243 579 1299 huc
607 1244 835 1300 animas
860 1243 1057 1300 misit?

203 1334 371 1388 Foa'r.
395 1333 570 1388 dixit:
597 1332 826 1388 Naturae
858 1334 1159 1388 contrarias
1182 1334 1420 1389 modum
1455 1333 1772 1404 imponere.

205 1423 288 1477 35.
315 1425 464 1478 AUG.
502 1422 679 1477 dixit:
707 1421 1158 1494 Etomnipotens
1176 1428 1344 1492 Deus,
1369 1421 1701 1478 misericors
1722 1425 1779 1477 et

141 1510 394 1568 omnium
415 1527 707 1580 summus,
737 1515 799 1566 ut
817 1512 1052 1566 modum
1072 1511 1395 1581 imponeret
1409 1516 1626 1568 natura;
1651 1528 1780 1566 con-

139 1600 342 1669 trariae,
367 1600 492 1656 ideo
525 1599 688 1656 illam
721 1601 1018 1656 moderata
1049 1616 1176 1656 esse
1208 1600 1408 1668 voluit,
1443 1605 1508 1656 ut
1539 1617 1645 1656 nos
1667 1599 1777 1654 im-

144 1690 467 1745 moderatos
497 1689 789 1745 efﬁceret?

208 1779 378 1834 Fon'r.
411 1778 556 1833 dixit
581 1795 592 1834 :
617 1779 724 1834 Sed
751 1777 882 1834 ideo
916 1778 987 1834 ad
1014 1794 1076 1833 se
1106 1782 1352 1834 revocat.

207 1868 290 1923 36.
314 1870 464 1925 AUG.
489 1867 667 1923 dixit:
691 1868 747 1924 Si
772 1869 842 1923 ad
867 1884 928 1923 se
941 1872 1171 1924 revocat
1187 1868 1257 1923 ab
1275 1866 1779 1934 immoderatione,

145 1957 189 2013 si
231 1975 261 2011 a
299 1961 557 2029 peccato,
593 1957 663 2012 ab
690 1973 904 2026 errore,
937 1973 970 2011 a
1000 1956 1268 2025 miseria;
1315 1957 1454 2028 quid
1486 1973 1631 2028 opus
1663 1959 1785 2012 erat

145 2050 299 2101 tanta
329 2045 489 2101 mala
519 2047 775 2101 animam
808 2046 925 2117 pati
951 2060 1051 2118 per
1071 2050 1304 2101 tantum
1325 2049 1578 2117 tempus,
1603 2047 1786 2101 donec

148 2137 402 2190 mundus
435 2135 707 2190 finiatur:
734 2151 867 2190 cum
900 2139 1033 2206 Deo,
1067 2151 1100 2189 a
1129 2151 1243 2207 quo
1270 2151 1400 2190 eam
1419 2135 1616 2190 dicitis
1639 2135 1781 2190 mis-

147 2242 288 2291 sam,
325 2225 520 2279 noceri
554 2224 696 2279 nihil
730 2224 957 2296 possit?

588 397 904 460 CONTRA
947 397 1426 462 ADIMAN’I‘UM
1473 402 1796 462 MANICH.
1850 402 2149 472 DISCIP.,
2200 405 2266 461 S.
2312 404 2496 464 AUG.
2541 403 2773 464 LIBER
2817 404 3055 468 UNUS.

3409 408 3527 468 130

1953 533 2116 586 Foa'r.
2156 532 2297 586 dixit
2324 550 2335 587 :
2361 534 2505 596 Quid
2541 550 2676 606 ergo
2707 535 2972 592 dicturus
3003 537 3181 591 sum?

1947 623 2034 676 37.
2069 628 2215 676 AUG.
2244 622 2424 676 dixit:
2452 624 2518 677 Et
2539 639 2644 695 ego
2668 625 2795 678 novi
2821 642 2933 680 non
2959 630 3012 680 to
3040 626 3250 680 habere
3275 626 3413 697 quid
3437 625 3524 680 di-

1879 727 1998 778 cas,
2033 715 2089 764 et
2123 727 2211 764 me
2243 727 2374 764 cum
2400 728 2499 765 vos
2523 712 2783 767 audirem
2806 711 2865 766 in
2891 713 2999 768 hac
3029 714 3349 784 quaestione
3380 731 3527 768 nun-

1881 815 2056 871 quam
2088 798 2377 853 invenisse
2400 799 2552 870 quod
2586 799 2874 866 dicerem;
2897 802 3100 855 etinde
3124 802 3306 856 fuisse
3327 803 3527 857 admo-

1881 887 2065 942 nitum
2089 888 2370 942 divinitus
2402 887 2647 952 utillum
2669 905 2921 944 errorem
2948 890 3359 960 relinquerem,
3385 895 3442 946 et
3456 891 3526 947 ad

1881 977 2053 1032 fidem
2078 976 2419 1031 catholicam
2445 993 2536 1031 me
2550 981 2966 1044 converterem,
2987 978 3072 1034 vel
3095 980 3290 1049 potius
3305 997 3529 1036 revoca-

1879 1082 2024 1136 rem,
2049 1065 2234 1136 ipsius
2255 1065 2617 1137 indulgentia
2639 1067 2736 1137 qui
2762 1083 2854 1122 me
2880 1067 3014 1130 huic
3037 1067 3275 1122 fallaciae
3298 1085 3530 1140 semper

1882 1153 2162 1210 inhaerere
2185 1171 2298 1210 non
2332 1154 2486 1209 sivit.
2528 1155 2638 1210 Sed
2670 1155 2718 1210 si
2753 1156 3045 1211 conﬁteris
3084 1161 3138 1211 te
3170 1174 3284 1212 non
3316 1157 3530 1213 habere

1884 1243 2037 1314 quod
2070 1243 2452 1314 respondeas;
2485 1243 2758 1299 omnibus
2781 1244 3153 1300 audientibus
3176 1249 3232 1300 et
3254 1262 3528 1317 recogno-

1885 1333 2204 1398 scentibus,
2229 1332 2501 1403 quoniam
2534 1333 2732 1388 fideles
2755 1338 2912 1400 sunt,
2944 1334 3288 1390 catholicam
3326 1336 3524 1408 ﬁdem,

1888 1422 1938 1477 si
1970 1421 2319 1492 permittunt
2347 1426 2404 1477 et
2432 1421 2652 1486 volunt,
2687 1438 2994 1494 exponam.

1963 1512 2130 1566 Fon'r.
2165 1510 2335 1566 dixit:
2357 1511 2494 1566 Sine
2515 1511 2846 1582 praajudicio
2870 1512 3248 1583 professionis
3283 1529 3424 1569 meas
3445 1513 3533 1569 di-

1887 1600 2072 1656 xerim
2099 1617 2112 1655 :
2137 1599 2238 1654 illa
2259 1616 2385 1670 quae
2424 1617 2458 1654 a
2496 1604 2552 1654 te
2582 1606 2956 1671 opponuntur
2985 1617 3116 1655 cum
3149 1607 3532 1658 retractavero

1892 1688 2036 1744 meis
2069 1705 2200 1743 cum
2233 1687 2576 1759 majoribus,
2601 1689 2649 1744 si
2689 1689 2885 1743 minus
2923 1690 3329 1761 responderint
3357 1691 3534 1746 inter-

1891 1777 2178 1850 rogationi
2210 1777 2346 1833 huic
2379 1794 2540 1844 meae,
2574 1795 2702 1849 quae
2742 1777 3012 1834 similiter
3048 1796 3081 1834 a
3115 1784 3167 1834 te
3206 1797 3359 1834 nunc
3390 1779 3534 1835 mihi

1892 1866 2160 1932 offertur;
2186 1866 2296 1920 erit
2315 1865 2372 1920 in
2399 1882 2526 1921 mea
2542 1866 3025 1936 contemplatione
3040 1868 3202 1938 (quia
3222 1874 3277 1923 et
3298 1885 3402 1937 ego
3417 1868 3539 1923 ani-

1893 1971 2049 2010 mam
2070 1971 2258 2010 meam
2279 1956 2447 2026 cupio
2466 1959 2619 2010 certa
2640 1955 2750 2010 fide
2770 1954 3025 2026 liberari)
3045 1957 3236 2012 venire
3263 1958 3334 2012 ad
3358 1957 3537 2028 hujus

1895 2047 1975 2099 rei
2009 2044 2472 2116 inquisitionem,
2506 2061 2630 2114 qua
2661 2048 2774 2100 ate
2808 2044 2950 2100 mihi
2983 2046 3242 2115 offertur,
3275 2050 3331 2101 et
3351 2051 3543 2103 osten-

1895 2150 2106 2189 surum
2139 2137 2196 2188 te
2225 2131 2538 2204 polliceris.

1967 2224 2107 2278 Avo.
2141 2222 2288 2276 dixit
2317 2237 2331 2277 :
2361 2222 2476 2277 Deo
2509 2221 2747 2294 gratias.

1302 2494 1378 2553 ΙΝ
1427 2491 2002 2564 SUBSEQENTEM
2060 2492 2383 2565 LIBRUM,

309 2607 452 2669 Vide
483 2607 586 2669 lib.
627 2613 680 2682 l,
719 2627 852 2690 cap.
882 2610 980 2682 22,
1016 2609 1576 2690 Retractationum,
1610 2617 1724 2668 tom
1759 2609 1822 2681 1,
1854 2607 1964 2690 col.
2015 2608 2154 2690 618,
2205 2627 2269 2668 η.
2303 2611 2329 2666 1
2379 2625 2414 2667 a
2452 2606 2935 2690 verbis,iEodem
2968 2615 3244 2688 tempore
3267 2609 3373 2690 (a),

928 2707 1107 2769 usque
1134 2689 1216 2749 ad
1243 2698 1355 2750 cat.
1387 2689 1532 2764 620,
1567 2709 1626 2748 η.
1663 2693 1723 2764 ι,
1758 2688 1964 2761 verbis,
2019 2689 2258 2749 leum
2290 2694 2352 2748 et
2381 2694 2636 2749 terram.
2671 2689 2752 2748 M.

202 2813 707 2878 (aiPrcsbyteratus
737 2813 985 2878 nimirum
1010 2812 1097 2878 sui
1130 2817 1366 2878 tempore
1398 2811 1617 2878 dictavit
1646 2811 2076 2878 subsequentem
2091 2811 2281 2878 librum
2311 2825 2472 2878 quem
2506 2811 2557 2859 in
2596 2812 3084 2878 Retractationibus
3125 2813 3394 2878 aliquanto
3424 2817 3546 2878 post

147 2872 562 2946 concionem'de
582 2876 702 2946 Fide
725 2875 1055 2946 fet-Symbolo
1087 2872 1500 2946 inyipponensi
1534 2872 1912 2946 concilio_anni
1945 2876 2033 2946 393
2065 2872 2295 2944 habitam
2329 2873 2574 2946 collocat,
2594 2874 2843 2946 ipterﬂilla
2866 2874 3105 2946 ‘vidilicet
3134 2872 3404 2946 opuscula,
3425 2872 3546 2940 quas

145 2940 205 2986 ad
241 2952 449 2986 annum
482 2941 572 2987 394
604 2943 695 2986 aut
723 2940 811 2986 395
836 2936 1121 3000 pertinent.
1156 2936 1324 3000 Hujus
1354 2938 1523 3000 etiam,
1542 2941 1729 2985 contra
1751 2937 2103 3000 Adimantum
2132 2937 2309 3000 operis
2339 2937 2584 3000 meminit
2621 2937 2674 3000 in
2714 2936 2818 2984 ﬁne
2866 2937 2982 2984 libri
3014 2942 3044 2985 2
3071 2936 3258 2988 contra
3285 2936 3545 2990 Adversa-

149 3001 280 3049 rium
313 3001 469 3063 Legis
495 3005 550 3050 et
580 2998 983 3063 Prophetarum,
1016 3000 1106 3049 ubi
1130 2998 1401 3050 nominato
1431 2999 1718 3048 Adimanto
1749 2998 2023 3048 Manichazi
2057 2998 2338 3061 discipulo,
2371 2999 2585 3047 subdit:
2612 2999 2704 3059 ραι
2733 3000 3051 3062 ρνανηονηίηε
3076 3000 3246 3049 Adda:
3263 3001 3429 3050 dictus
3450 3005 3542 3052 est.

160 3138 3554 3166 Ἥ

891 3277 1015 3380 S.
1100 3277 1802 3379 AURBLII

1890 3271 2824 3376 AUGUSTINI

1395 3457 1910 3519 HlPPONENSlS
1967 3454 2318 3516 EPISCOPI

503 3616 1510 3787 CONTRA
1702 3615 3206 3810 ADIMANTUM

1383 3854 1794 3916 ΜΔΝΙΕΗλἘΙ
1838 3853 2318 3915 DlSCIPULUM

1497 3994 1784 4070 LIBER
1836 3994 2081 4069 UNUS
2112 3993 2192 4056 (α)
2209 4049 2227 4068 .

151 4227 518 4279 Conciliantur
532 4229 672 4310 inter
687 4242 742 4278 se
760 4229 1147 4310 Scrip‘iurarum
1162 4230 1603 4310 sententiaqua‘s
1621 4229 2036 4310 deg‘estamento
2058 4227 2242 4276 Vetere
2263 4239 2323 4274 ac
2339 4224 2901 4310 Novo,velutjnvicem
2919 4224 3211 4310 contrarias
3226 4222 3564 4284 Adimantus,

563 4296 850 4357 utrumque
876 4288 1274 4342 Testamentum
1304 4294 1368 4342 ab
1398 4288 1506 4341 uno
1538 4297 1590 4341 et
1619 4289 1807 4341 eodem
1843 4292 1952 4340 Deo
1985 4303 2101 4338 esse
2137 4301 2246 4339 non
2282 4302 2435 4351 posse
2465 4288 2808 4347 contendens,
2842 4292 3152 4336 corraserat.

218 4431 457 4490 CAPUT
500 4433 809 4491 PRIMUM.
856 4465 926 4475 -—
962 4434 1040 4491 De
1081 4450 1147 4490 eo
1180 4433 1331 4505 quod
1365 4432 1648 4505 scriptum
1693 4436 1801 4500 est,

148 4524 210 4576 In
233 4523 517 4595 principio
548 4523 676 4592 fecit
705 4524 846 4578 Deus
876 4523 1066 4578 celum
1096 4527 1146 4578 et
1166 4529 1410 4590 terram;
1437 4538 1623 4593 usque
1643 4521 1714 4576 ad
1745 4519 1803 4576 id

149 4612 297 4680 quod
314 4612 611 4684 scriptum
629 4617 739 4683 est,
764 4614 828 4668 Et
846 4615 1052 4684 factum
1071 4618 1154 4669 est
1177 4616 1473 4684 vespere,et
1489 4610 1702 4685 fac/um
1731 4617 1808 4665 est

149 4717 305 4757 mane
334 4702 452 4757 dies
475 4719 623 4757 unus
664 4702 812 4772 (Gen.
862 4720 899 4766 ι,
944 4703 1080 4774 1-5).
1121 4706 1238 4758 Hoc
1270 4700 1588 4773 capitulum
1644 4699 1806 4771 Legis

152 4789 464 4846 adversum
498 4807 630 4846 esse
645 4791 952 4864 Evangelio
971 4791 1306 4848 stultissimi
1326 4789 1624 4845 Manichsei
1658 4789 1808 4844 arbi-

153 4882 409 4946 trantur,
435 4879 802 4936 discentesin
817 4880 1024 4936 Genesi
1040 4880 1322 4952 scriptum
1341 4896 1469 4934 esse
1482 4879 1635 4950 quod
1653 4879 1808 4934 Deus

156 4983 254 5038 per
285 4985 348 5024 se
376 4970 582 5041 ipsum
612 4969 811 5025 fecerit
841 4969 1051 5025 coelum
1083 4974 1140 5025 et
1172 4975 1387 5024 terram
1419 4972 1476 5023 et
1505 4968 1722 5034 lucem;
1747 4966 1805 5020 in

155 5056 467 5129 Evangelia
503 5062 699 5113 autem
751 5059 1032 5131 scriptum
1067 5075 1195 5114 esse
1235 5074 1337 5129 per
1365 5057 1680 5112 Dominum
1707 5072 1806 5111 no-

156 5149 339 5201 strum
353 5146 384 5202 J
394 5162 571 5202 esum
587 5146 880 5202 Christum
903 5148 1248 5203 fabricatum
1263 5161 1388 5202 esse
1405 5145 1688 5201 mundum
1709 5143 1810 5198 ubi

155 5233 375 5292 dictum
395 5237 587 5301 est,Et
612 5235 846 5292 mundus
852 5253 956 5309 per
986 5239 1165 5309 ipsum
1195 5237 1371 5297 factus
1398 5237 1552 5303 est,et
1573 5233 1812 5289 mundus

1913 4429 2084 4486 illum
2113 4446 2222 4484 non
2246 4432 2494 4499 cognovit
2524 4431 2700 4498 (Joan.
2736 4447 2775 4499 ι,
2814 4430 2919 4498 10).
2953 4428 3166 4484 Tribus
3187 4425 3342 4483 enim
3370 4425 3561 4482 modis

1916 4519 2280 4574 refelluntur.
2312 4518 2504 4574 Primo
2527 4519 2665 4589 quia
2695 4535 2827 4573 cum
2853 4518 3085 4584 dicitur,
3109 4519 3168 4574 In
3192 4517 3471 4588 principio
3487 4518 3566 4586 fe-

1914 4610 1989 4664 cit
2016 4609 2154 4663 Deus
2173 4608 2366 4663 cwlum
2391 4610 2661 4664 etterram
2681 4626 2696 4672 ;
2719 4607 3063 4663 Trinitatem
3082 4605 3271 4678 ipsam
3295 4604 3564 4662 christia-

1916 4713 2026 4752 nus
2045 4697 2271 4768 accipit,
2298 4696 2393 4751 ubi
2413 4713 2526 4752 non
2542 4695 2729 4751 solum
2753 4697 2941 4763 Pater,
2982 4695 3081 4750 sed
3101 4698 3156 4750 et
3173 4693 3353 4749 Filius
3374 4697 3431 4749 et
3443 4691 3570 4764 Spi-

1918 4787 2064 4841 ritus
2088 4790 2327 4840 sanctus
2359 4785 2722 4856 intelligitur.
2755 4788 2880 4839 Non
2913 4783 3066 4839 enim
3113 4787 3232 4838 tres
3265 4783 3426 4852 deos,
3464 4780 3567 4837 sed

1920 4891 2104 4930 unum
2118 4874 2298 4930 Deum
2319 4874 2633 4945 credimus,
2648 4878 2876 4929 Patrem
2891 4877 2944 4929 et
2986 4871 3193 4926 Filium
3215 4870 3567 4943 etSpiritum

1919 4968 2186 5020 sanctum
2213 4981 2226 5019 :
2245 4963 2508 5035 quamvis
2529 4963 2696 5018 Pater
2716 4963 2903 5029 Pater,
2926 4966 2982 5018 et
2995 4962 3176 5017 Filius
3193 4962 3374 5016 Filius
3397 4959 3565 5026 sit,et

1921 5052 2173 5124 Spiritus
2191 5056 2430 5108 sanctus
2442 5053 2694 5124 Spiritus
2711 5055 3052 5108 sanctus.De
3067 5066 3183 5120 qua
3198 5050 3418 5104 unitate
3438 5047 3565 5102 Tri-

1920 5141 2122 5198 nitatis
2141 5142 2248 5196 hoc
2279 5140 2404 5197 loco
2427 5141 2668 5214 longum
2701 5149 2788 5197 est
2813 5141 3133 5212 disputare.
3167 5137 3403 5208 Deinde,
3427 5134 3568 5207 quia

1922 5229 2022 5286 ubi
2050 5229 2284 5297 dicitur;
2317 5231 2469 5286 Dixit
2489 5232 2796 5299 Deus,Fiat,
2819 5232 3095 5297 etfaciam
3119 5235 3213 5294 est,
3241 5225 3316 5281 ibi
3331 5241 3570 5283 necesse

1399 5367 1712 5407 ADMONITIO
1745 5366 1835 5406 PP.
1867 5364 2261 5405 BENEDIC’I‘ORU
2270 5364 2334 5401 M.

217 5459 326 5509 Hoc
359 5473 507 5525 opns
541 5462 946 5525 recognovimus
977 5461 1042 5511 ad
1071 5459 1543 5525 SorbonicosMss.
1575 5459 1727 5525 duos,
1758 5457 2049 5525 victo_rino_s
2082 5455 2233 5512 duos,
2269 5454 2485 5525 totidem
2522 5455 2819 5525 νειιίοίιιιοεζ
2848 5451 3331 5525 διζρρτὺεὶθρεειέ,
3355 5451 3570 5525 Germa-

156 5513 410 5581 nensem;
433 5513 834 5582 Michaelilnum,
864 5525 1183 5582 Casalinum,
1214 5523 1278 5571 ad
1309 5524 1576 5570 variantes
1598 5513 1852 5569 lectiones
1884 5519 2214 5579 Belgicorum
2248 5521 2497 5580 quatuor,
2520 5531 2728 5566 necnon
2758 5517 2824 5565 ad
2855 5516 3117 5565 editiones
3149 5513 3355 5563 An..Er.
3372 5517 3422 5563 et
3443 5513 3568 5565 Lov.

239 5621 746 5693 Compara-vimus
768 5633 1061 5705 praeterea
1090 5642 1185 5684 eos
1215 5640 1408 5683 omnes
1435 5619 1714 5682 editiones
1747 5619 1914 5680 initio
1945 5621 2115 5679 Retr.
2147 5625 2200 5677 et
2233 5615 2530 5693 Confess.,
2563 5625 2608 5676 ι.
2647 5621 2703 5689 l,
2734 5623 3107 5676 memoratas.
3143 5615 3226 5677 M.

221 5737 301 5802 (η)
323 5735 582 5805 Scriptus
611 5737 790 5789 ciciter
812 5752 1016 5790 annum
1043 5739 1155 5790 394.
