4012 6456
497 373 607 434 131

505 510 595 563 est
624 506 986 580 intelligatur
1010 523 1111 579 per
1143 507 1380 562 verbum
1404 524 1538 561 eum
1572 506 1778 561 fecisse
1809 505 1964 577 quod
1987 503 2139 559 fecit.

502 595 757 651 Verbum
791 604 984 652 autem
1007 596 1190 651 Patris
1213 596 1416 652 Filius.
1456 596 1580 653 Non
1602 611 1738 667 ergo
1760 599 2007 667 repugat
2035 593 2144 648 hoc

502 685 824 757 capitulum
849 686 1158 752 Geneseos,
1176 686 1274 740 ubi
1298 685 1583 757 scriptum
1602 690 1709 752 est,
1733 686 1795 740 Et
1817 686 1969 740 Dixit
1981 684 2141 748 Deus,

497 778 635 842 Fiat,
658 784 709 832 et
725 779 936 847 factum
960 785 1068 845 est;
1095 775 1176 829 illi
1200 775 1325 831 loco
1365 774 1660 847 Evangelii
1687 774 1783 829 ubi
1826 774 2059 843 dicitur,
2082 773 2146 827 Et

493 865 730 921 mundus
749 883 852 937 per
878 881 1000 920 eum
1020 867 1199 937 factus
1230 867 1330 929 est,
1363 864 1421 919 id
1452 869 1543 919 est
1563 880 1665 936 per
1692 863 2005 919 Dominum
2040 877 2143 916 no-

493 958 683 1010 strum
710 954 881 1027 ;quia
908 954 1032 1027 ipse
1053 960 1143 1009 est
1172 953 1431 1033 Verbum
1465 952 1648 1024 patris
1673 969 1773 1025 per
1805 952 1959 1025 quod
1994 952 2146 1005 facta

496 1047 636 1099 sunt
653 1043 870 1099 omnia.
895 1044 1278 1110 Postremo,si
1301 1043 1677 1114 proptereain
1693 1042 1902 1097 Genesi
1924 1056 2040 1095 non
2062 1039 2146 1093 in-

500 1132 1002 1205 telligiturFilius,
1028 1135 1165 1205 quia
1200 1152 1315 1190 non
1347 1139 1437 1190 est
1466 1132 1707 1189 dicitum
1732 1130 1885 1202 quod
1908 1146 2009 1201 per
2049 1128 2146 1184 Fi—

507 1222 655 1279 lium
680 1228 830 1280 Deus
853 1224 1076 1289 fecerit;
1101 1241 1205 1279 nec
1232 1225 1288 1279 in
1314 1222 1620 1294 Evangelio
1643 1238 1745 1293 per
1765 1220 1973 1275 Filium
1992 1218 2146 1274 Deus

505 1316 565 1367 et
610 1328 743 1369 aves
782 1312 991 1384 pascit,
1040 1318 1096 1369 et
1129 1312 1249 1368 lilia
1281 1313 1452 1368 vestit
1490 1311 1701 1382 (Matth.
1732 1327 1810 1377 vx,
1841 1310 2048 1381 26-30),
2090 1312 2149 1364 et

501 1406 706 1458 caetera
735 1401 1185 1458 innumerabilia
1205 1418 1333 1472 quae
1354 1402 1478 1473 ipse
1492 1400 1776 1456 Dominus
1806 1399 2144 1455 dicitDeum

498 1490 685 1546 facere
714 1495 945 1545 Patrem
981 1508 994 1546 :
1027 1490 1295 1562 quamvis
1329 1508 1441 1546 non
1475 1489 1629 1545 dicat
1656 1491 1810 1561 quod
1844 1506 1910 1544 ea
1933 1505 2034 1560 per
2052 1486 2143 1543 Fi-

496 1577 639 1633 lium
662 1579 1023 1644 faciat.Quod
1042 1584 1239 1635 autem
1257 1579 1432 1634 etiam
1452 1578 1855 1635 testimonium
1879 1576 2142 1649 Apostoli

489 1668 1003 1741 adjungunt,quod
1027 1670 1109 1724 ait
1133 1669 1201 1725 de
1226 1669 1468 1724 Domino
1493 1674 1690 1723 nostro
1720 1668 1858 1723 Jesu
1890 1666 2140 1733 Christo,

488 1758 606 1828 Ipse
634 1762 712 1813 est
736 1760 1140 1830 primogenitus
1170 1760 1338 1813 totius
1375 1762 1642 1813 creatura".
1661 1774 1681 1818 ,'
1728 1767 1781 1811 et
1810 1758 1997 1813 omnia
2040 1772 2143 1827 per

490 1848 671 1917 ipsum
690 1850 838 1918 facta
851 1857 979 1902 sunt
993 1849 1051 1901 in
1065 1848 1199 1902 caelo
1214 1856 1264 1902 et
1284 1850 1339 1902 in
1366 1849 1536 1912 terra,
1551 1846 1795 1903 visibilia
1825 1854 1875 1900 et
1892 1844 2139 1901 invisibi-

490 1935 569 1990 lia
622 1935 852 2007 (Coloss.
886 1953 925 2001 x,
958 1935 1181 2007 45-16);
1235 1940 1292 1991 et
1321 1935 1430 1992 hoc
1461 1934 1783 2007 capitulum
1828 1935 2134 1990 adversum

491 2040 619 2079 esse
637 2024 841 2079 dicunt
860 2023 1088 2095 Genesi,
1107 2024 1205 2080 ubi
1232 2026 1377 2081 Deus
1398 2024 1481 2079 ita
1501 2024 1714 2080 dicitur
1736 2023 1939 2079 fecisse
1962 2040 2133 2078 mun-

487 2113 651 2181 dum,
678 2118 742 2169 ut
762 2114 1090 2185 specialiter
1109 2114 1290 2170 Filius
1313 2114 1392 2170 ibi
1417 2131 1531 2170 non
1552 2114 1627 2170 sit
1652 2114 2017 2170 nominatus:
2036 2129 2130 2168 ve-

490 2201 796 2258 hementer
825 2208 1055 2270 errant;
1089 2220 1156 2259 ea
1189 2219 1302 2259 non
1334 2204 1551 2275 vident,
1586 2204 1635 2258 si
1678 2204 1757 2258 ita
1805 2209 1891 2259 est
1933 2202 2129 2275 ipsum

483 2292 830 2364 Apostolum
847 2292 955 2347 sibi
978 2310 1106 2348 esse
1128 2293 1647 2363 contrarium,cum
1668 2292 1780 2348 alio
1795 2292 1920 2348 loco
1945 2309 2126 2348 unum

482 2380 645 2450 dicit,
668 2397 740 2436 ex
768 2398 870 2453 quo
908 2384 1118 2451 omnia,
1147 2398 1246 2454 per
1274 2399 1431 2453 quem
1469 2384 1673 2451 omnia,
1698 2384 1757 2437 in
1792 2398 1895 2453 quo
1934 2384 2128 2439 omnia

480 2469 654 2543 (Rom.
678 2488 755 2538 xx,
780 2472 893 2542 36);
927 2476 983 2526 et
1006 2470 1212 2526 Filium
1235 2488 1347 2526 non
1391 2472 1674 2527 nominat.
1700 2472 1999 2535 Quomodo
2021 2488 2124 2526 au-

479 2563 599 2615 tem
612 2559 707 2615 hic
732 2560 908 2615 Filius
923 2560 1258 2616 nominatus
1278 2577 1392 2615 non
1409 2566 1517 2627 est,
1538 2559 1882 2632 intelligitur
1904 2564 2121 2627 tamen;

477 2648 561 2704 ita
591 2653 649 2704 et
677 2649 737 2704 in
770 2649 977 2705 Genesi
1004 2667 1017 2703 :
1040 2655 1095 2705 et
1117 2651 1407 2721 quomodo
1437 2650 1548 2705 sibi
1581 2650 1699 2705 haec
1721 2650 1836 2705 duo
1867 2649 2125 2721 capitula

475 2737 641 2793 Pauli
674 2755 786 2794 non
821 2740 1247 2802 adversantur;
1272 2738 1355 2794 ita
1383 2755 1486 2794 nec
1518 2739 1759 2795 Genesis
1790 2738 2119 2811 Evangelio.

543 2827 774 2885 CAPUT
828 2829 897 2883 ΙΙ.
934 2859 999 2868 -
1033 2830 1084 2883 1.
1134 2829 1210 2884 De
1247 2845 1314 2884 eo
1357 2828 1508 2900 quod
1558 2827 1842 2900 scriptum
1892 2833 1982 2884 est
2014 2846 2026 2883 :
2060 2829 2125 2884 Et

470 2919 867 2973 consummavit
886 2918 1025 2973 Deus
1050 2920 1138 2973 die
1150 2922 1301 2973 sexto
1312 2919 1499 2973 omnia
1518 2932 1681 2989 opera
1700 2934 1801 2972 sua
1823 2932 1949 2988 qui?
1966 2918 2119 2988 fecit,

472 3008 524 3060 et
541 3007 837 3078 inseptimo
849 3009 1119 3079 requievit
1138 3006 1207 3062 ab
1228 3007 1439 3063 eisdem
1455 3006 1706 3063 omnibus
1725 3007 1980 3081 operibus
2000 3022 2120 3079 qua:

473 3097 680 3166 fecerat
702 3095 859 3168 (Gen.
885 3114 948 3161 Il,
967 3098 1045 3169 2).
1071 3097 1218 3152 Huic
1240 3097 1413 3153 etiam
1427 3096 1550 3153 loco
1570 3096 1873 3153 Manichazi
1896 3097 2118 3152 calum-

474 3183 631 3239 niam
657 3190 907 3253 movent,
943 3191 1000 3242 et
1026 3185 1231 3241 dicunt
1258 3190 1413 3242 Novo
1427 3187 1801 3242 Testamento
1824 3184 2119 3241 adversari

474 3274 623 3345 quod
650 3275 709 3329 in
734 3276 938 3331 Genesi
974 3277 1257 3349 scriptum
1281 3281 1389 3345 est,
1418 3277 1601 3333 Deum
1629 3277 1879 3349 septimo
1910 3277 2002 3332 die
2023 3293 2115 3331 re-

470 3363 761 3434 quievisse
791 3366 862 3421 ab
894 3367 1168 3422 omnibus
1199 3366 1472 3439 operibus
1504 3366 1628 3422 suis
1662 3384 1788 3438 quae
1821 3366 1956 3421 fecit
1976 3383 2115 3438 quo-

466 3453 626 3509 niam
658 3453 941 3511 Dominus
972 3455 1032 3510 in
1056 3455 1365 3528 Evangelio
1390 3455 1551 3525 dicit,
1580 3460 1745 3511 Pater
1764 3472 1916 3511 meus
1945 3472 2116 3527 usque

464 3559 616 3598 nunc
632 3548 896 3615 operatur
916 3546 1105 3615 (Joan.
1127 3562 1182 3599 v.
1210 3545 1297 3614 17)
1313 3544 1474 3608 Quod
1498 3542 1657 3598 nullo
1683 3545 1854 3599 modo
1877 3548 2111 3600 contra-

466 3631 619 3686 rium
641 3638 748 3687 est.
777 3634 1054 3688 Dominus
1071 3634 1229 3688 enim
1246 3635 1581 3688 Judaeorum
1606 3633 1813 3689 refellit
1830 3650 2107 3703 errorem,

471 3720 569 3791 qui
602 3722 889 3793 putabant
909 3727 1089 3778 Deunx
1127 3723 1212 3778 sic
1242 3723 1598 3795 requievisse
1628 3723 1720 3778 die
1743 3722 2013 3794 septimo,
2047 3726 2113 3778 ut

468 3825 538 3864 ex
557 3808 654 3865 illo
676 3827 916 3883 prorsus
938 3810 1083 3866 nihil
1113 3816 1467 3883 operaretur.
1503 3811 1801 3883 ltequievit
1822 3817 2015 3868 autem
2037 3812 2108 3867 ab

468 3898 741 3955 omnibus
763 3900 1036 3973 operibus
1059 3901 1183 3956 suis
1215 3917 1341 3973 quae
1368 3900 1521 3970 fecit,
1546 3906 1610 3955 ut
1640 3902 1767 3972 jam
1812 3900 1964 3956 ultra
1994 3918 2107 3957 non

465 3987 680 4044 faceret
700 3990 989 4045 mundum
1011 4007 1143 4045 cum
1167 3990 1441 4046 omnibus
1464 4007 1590 4062 quae
1612 3989 1671 4045 in
1694 4007 1759 4045 eo
1783 3995 1921 4045 sunt
1945 4006 1959 4046 :
1992 4007 2108 4047 non

466 4081 665 4134 tamen
686 4082 748 4133 ut
767 4080 943 4137 etiam
966 4096 1000 4135 a
1023 4080 1226 4136 mundi
1250 4080 1759 4136 administratione
1779 4080 2109 4155 requiesce-

470 4171 579 4222 ret.
613 4172 737 4223 Non
759 4168 914 4224 enim
939 4169 1222 4240 scriptum
1250 4174 1359 4239 est,
1406 4171 1692 4241 Requiecit
1724 4170 1860 4225 Deus
1891 4171 1964 4225 ab
1989 4185 2107 4226 om-

462 4257 627 4311 nibus
655 4257 904 4329 operibus
933 4260 1051 4313 suis
1076 4274 1199 4329 quae
1215 4260 1382 4330 fecit:
1405 4261 1469 4312 ut
1503 4258 1712 4313 deinde
1755 4275 1868 4314 non
1924 4259 1982 4313 in
2023 4260 2104 4315 fa-

460 4345 665 4402 ciendo
698 4348 933 4417 mundo,
956 4366 990 4403 a
1014 4364 1126 4419 quo
1149 4364 1319 4420 opere
1337 4352 1467 4419 post
1482 4348 1892 4419 perfectionem
1915 4365 2105 4405 cessa-

457 4440 638 4504 verat;
657 4437 759 4492 sed
785 4436 843 4491 in
868 4436 1330 4493 administrando
1348 4442 1705 4509 operaretur,
1728 4436 1787 4491 in
1803 4454 1917 4509 quo
1935 4454 2104 4510 opere

461 4538 596 4580 eum
629 4541 756 4581 esse
787 4526 1070 4581 Dominus
1094 4526 1401 4582 intimavit.
1421 4526 1535 4582 Nec
1559 4525 2104 4600 illarequies,quasi

461 4620 595 4686 post
614 4613 874 4672 laborem
904 4620 1081 4671 Deum
1105 4632 1350 4687 pausam
1373 4615 1672 4687 quaesisse,
1696 4617 1794 4671 sed
1827 4617 1898 4673 ab
1931 4617 2103 4674 insti-

427 4698 431 4703 ’
458 4704 694 4760 tuendis
717 4720 911 4759 rerum
941 4709 1168 4760 naturis
1188 4709 1322 4777 post
1340 4720 1544 4760 earum
1580 4722 1775 4760 rerum
1799 4706 2102 4777 perfectio-

457 4808 592 4849 nem
633 4809 897 4850 cessasse
928 4793 1246 4865 signiﬁcat,
1273 4794 1542 4867 quamvis
1568 4810 1756 4867 usque
1800 4795 1990 4852 adhuc
2038 4797 2099 4853 in

456 4881 940 4938 administrandis
978 4888 1266 4955 operetur.

525 4971 579 5025 2.
614 4970 851 5026 Sabbati
883 4976 1079 5027 autem
1102 4971 1536 5028 observationes
1561 4989 1675 5028 non
1697 4972 2102 5046 intelligebant

457 5059 665 5129 Judaei,
699 5061 797 5133 qui
832 5062 1119 5132 putabant
1146 5062 1219 5116 ab
1252 5061 1324 5117 iis
1361 5061 1537 5117 etiam
1568 5063 1841 5134 operibus
1870 5081 1994 5135 quae
2027 5065 2097 5120 ad

457 5149 704 5206 salutem
730 5149 1034 5206 hominum
1050 5149 1530 5224 valent,oportere
1550 5152 2099 5211 cessari.Undeillos

457 5237 743 5296 Dominus
764 5239 939 5295 etiam
963 5238 1095 5297 aliis
1116 5239 1279 5308 locis,
1303 5241 1372 5296 de
1396 5242 1537 5296 bove
1561 5241 1657 5312 qui
1682 5245 1700 5280 ¹
1746 5242 1805 5297 in
1854 5248 2098 5316 puteum

456 5328 685 5396 cecidit,
712 5330 1052 5400 etjumento
1073 5330 1228 5401 quod
1252 5328 1588 5386 solvendum
1614 5336 1777 5388 estut
1792 5334 1865 5389 ad
1882 5350 2098 5406 aquam

455 5418 724 5485 ducatur,
758 5418 1005 5474 mirifica
1024 5420 1457 5492 comparatione
1482 5421 1767 5494 redarguit
1802 5423 1954 5495 (Luc.
1978 5441 2094 5493 xxv,

454 5506 511 5573 5,
532 5515 582 5562 et
602 5524 725 5576 xxix,
752 5508 859 5581 15),
877 5508 1199 5565 Sabbatum
1222 5515 1439 5581 autem,
1462 5527 1577 5566 non
1597 5513 2097 5582 repudiatum,sed

456 5595 813 5653 intellectum
847 5615 881 5653 a
908 5598 1252 5655 Christianis
1282 5600 1507 5655 destitit
1531 5600 1764 5671 quidem
1791 5602 2100 5659 carnaliter

517 5730 535 5767 ι
564 5730 624 5780 1n
651 5729 799 5793 Msa,
818 5731 882 5781 de
909 5744 1001 5782 ove
1027 5745 1158 5796 qua.

998 372 1307 436 CONTRA
1356 371 1834 435 ADIMANTUM
1878 370 2287 433 MANICH/El
2330 373 2832 452 DISGIPULUM,
2881 374 2946 435 S.
2993 375 3423 439 AUGUSTINI

3798 379 3911 439 132

2259 504 2578 571 observari,
2611 507 2712 561 sed
2751 506 3137 578 spiritualiter
3159 507 3438 563 retinetur
3467 525 3499 564 a
3528 508 3770 577 sanctis,
3802 512 3902 584 qui

2246 593 2793 666 intelliguntvocem
2824 597 3049 652 Domini
3073 598 3334 653 vocantis
3358 598 3426 653 ad
3449 598 3800 670 requiem,et
3821 600 3907 655 di-

2250 684 2434 740 centis
2459 702 2474 742 :
2506 686 2689 740 Venite
2713 684 2787 741 ad
2814 688 3025 758 me,qui
3045 686 3327 754 laboratis,
3352 696 3403 742 et
3414 703 3511 759 ego
3534 690 3908 761 vosreﬁciam.

2256 775 2441 829 Tollite
2451 773 2649 845 jugum
2667 791 2851 831 meum
2871 792 3037 847 super
3058 792 3166 846 vos,
3190 785 3240 831 et
3258 776 3454 833 discite
3476 796 3510 833 a
3528 794 3616 834 me
3632 781 3767 851 quia
3795 782 3905 835 mi-

2248 863 2318 917 tis
2327 880 2453 918 sum
2468 870 2519 919 et
2538 862 2772 919 humilis
2782 864 2963 931 corde,
2981 873 3031 921 et
3052 867 3343 921 invenietis
3361 868 3600 939 requiem
3614 868 3906 925 animabus
4004 882 4007 885 '

2250 954 2464 1007 vestris.
2486 954 2687 1025 Iugum
2716 955 2865 1009 enim
2883 971 3064 1010 meum
3086 954 3206 1009 tene
3224 958 3321 1024 est,
3347 959 3399 1010 et
3418 960 3641 1012 sarcina
3672 974 3797 1014 mea
3830 958 3906 1016 le-

2249 1043 2333 1096 vis
2358 1044 2436 1097 est
2465 1042 2669 1113 (Matth.
2696 1060 2771 1109 xx,
2794 1043 3005 1114 28-30).
3036 1044 3154 1099 Hoc
3179 1044 3516 1116 sabbatum,
3539 1046 3597 1101 id
3621 1052 3728 1117 est,
3753 1048 3903 1105 hanc

2251 1131 2511 1201 requiem
2543 1132 2840 1203 Scriptura
2868 1131 2970 1187 illa
2998 1133 3311 1205 significat,
3345 1151 3521 1206 quam
3552 1135 3738 1191 Judaei
3784 1154 3902 1194 non

2251 1219 2675 1292 intelligebant,
2691 1226 2747 1276 et
2766 1238 2869 1293 pro
2883 1226 3215 1293 temporum
3238 1222 3675 1294 dispensatione
3694 1242 3901 1282 carna-

2251 1306 2379 1364 liter
2401 1310 2799 1381 sequebantur
2828 1311 3125 1379 umbram,
3149 1311 3320 1382 cujus
3341 1312 3561 1368 umbra
3583 1315 3752 1384 quasi
3778 1331 3902 1372 cor-

2249 1397 2455 1468 pus.id
2488 1403 2595 1468 est,
2620 1398 2831 1455 veritas
2873 1398 3042 1455 nobis
3072 1400 3269 1457 danda
3296 1406 3440 1457 erat.
3473 1401 3585 1458 Sed
3618 1405 3899 1475 quemad-

2250 1487 2489 1543 modum
2521 1487 2623 1544 illa
2652 1488 2882 1561 requies
2930 1488 3028 1544 Dei
3062 1494 3192 1561 post
3228 1490 3572 1547 fabricatum
3607 1495 3894 1551 mundum

2246 1574 2613 1645 insinuatur;
2631 1578 2714 1632 sic
2738 1578 3163 1650 requiem,quaa
3188 1579 3356 1635 nobis
3377 1581 3899 1655 promittitur,post

2246 1681 2420 1737 opera
2442 1683 2568 1737 qua
2603 1666 2660 1721 in
2693 1666 2800 1722 hoc
2834 1667 3050 1721 mundo
3072 1667 3382 1735 habemus,
3407 1669 3634 1739 sijusta
3656 1671 3893 1741 fuerint,

2247 1770 2695 1825 consequemur,
2749 1756 2999 1827 septima
3048 1756 3271 1812 scilicet
3318 1759 3636 1831 eademque
3684 1760 3897 1817 ultima

2242 1850 2406 1914 parte
2424 1843 2641 1911 saeculi,
2670 1846 2743 1899 de
2767 1843 3139 1917 qualongum
3162 1849 3251 1900 est
3272 1846 3589 1918 disputare.
3614 1848 3737 1903 Non
3753 1865 3892 1922 ergo

2239 1931 2526 1988 Dominus
2557 1933 2837 1989 rescindit
2867 1934 3219 2005 scripturam
3256 1936 3479 1992 Veteris
3510 1937 3889 2006 Testamenti,

2237 2022 2339 2076 sed
2370 2022 2525 2094 cogit
2555 2020 2840 2094 intelligi:
2874 2039 2979 2078 nec
3010 2024 3321 2080 sabbatum
3372 2024 3541 2080 solvit
3590 2031 3653 2081 ut
3692 2034 3893 2099 percat
3988 2062 3993 2081 μ

2237 2112 2387 2180 quod
2433 2112 2818 2184 ﬁgurabatur,
2871 2113 2972 2168 sed
3023 2112 3211 2186 aperit
3257 2114 3453 2185 potius
3510 2119 3573 2170 ut
3610 2122 3889 2188 appareat

2235 2200 2387 2270 quod
2422 2201 2743 2271 tegebatur.

2304 2289 2775 2346 CAPUTIII.-—l.
2800 2290 2880 2346 De
2902 2307 2966 2346 eo
2981 2291 3133 2363 quod
3151 2291 3433 2363 scriptum
3447 2296 3537 2348 est
3556 2293 3613 2349 in
3631 2294 3877 2353 Genesi:

2232 2377 2295 2432 Et
2314 2377 2460 2434 dixit
2482 2384 2648 2447 Deus,
2673 2396 2784 2435 non
2803 2384 2885 2435 est
2910 2381 3111 2435 bonum
3130 2381 3311 2436 solum
3329 2382 3605 2438 hominem
3626 2400 3759 2452 esse;
3783 2389 3876 2457 fa-

2228 2468 2444 2523 ciamus
2468 2470 2524 2523 ei
2540 2469 2900 2541 adjutorium.
2915 2471 2979 2524 Et
2994 2472 3226 2526 immisit
3246 2472 3385 2526 Deus
3400 2473 3524 2527 Acta
3538 2489 3811 2542 somnum,
3827 2484 3881 2531 et

2228 2556 2550 2613 obdormivit
2570 2584 2583 2625 ;
2606 2561 2910 2631 etsumpsit
2931 2576 3099 2613 unam
3119 2559 3183 2615 de
3203 2563 3365 2616 costis
3385 2562 3522 2633 ejus,
3552 2579 3622 2618 ex
3640 2580 3749 2634 qua
3767 2568 3883 2635 for-

2229 2648 2399 2702 mavit
2419 2649 2607 2715 Evam,
2632 2665 2804 2718 quam
2823 2649 3052 2704 adduxit
3073 2648 3142 2704 ad
3163 2649 3357 2711 Adam;
3377 2660 3426 2706 et
3447 2652 3548 2720 ait,
3574 2652 3884 2709 [deor-elin-

2227 2738 2349 2807 quet
2372 2738 2533 2792 homo
2554 2741 2769 2809 patrem
2791 2742 2847 2793 et
2868 2747 3119 2805 matrem,
3160 2742 3213 2794 et
3241 2739 3555 2797 adhaerebit
3576 2745 3751 2798 uxori
3768 2760 3887 2800 suae

2225 2826 2385 2893 (Gen.
2440 2843 2502 2892 xx,
2545 2826 2755 2898 18-24).
2805 2827 2946 2883 Huic
2978 2844 3182 2883 rursus
3214 2828 3339 2885 loco
3374 2828 3681 2887 Manichaei
3714 2832 3885 2888 calu-

2226 2914 2548 2980 mniantur,
2608 2914 2867 2972 dicentes
2916 2921 3119 2973 contra
3169 2921 3400 2973 Novum
3440 2919 3885 2979 Testamentum

2224 3018 2353 3058 esse
2380 3001 2555 3060 istam
2589 3004 2961 3073 sententiam,
2994 3023 3111 3077 qua
3142 3010 3294 3062 Deus
3324 3007 3604 3064 scribitur
3648 3016 3707 3066 et
3756 3011 3876 3067 for-

2224 3108 2419 3148 masse
2468 3092 2793 3161 mulierem,
2846 3099 2903 3150 et
2941 3096 3061 3150 viro
3110 3096 3517 3167 conjunxisse:
3545 3104 3879 3172 propterea,

2222 3180 2361 3251 quia
2378 3181 2435 3236 in
2458 3182 2766 3255 Evangelio
2785 3183 2927 3239 dicit
2941 3184 3245 3250 Dominus,
3263 3186 3451 3242 Omnis
3470 3190 3570 3258 qui
3589 3190 3883 3263 reliquerit

2219 3270 2565 3339 domum,aut
2586 3289 2814 3328 uxorem
2835 3282 2931 3329 aut
2941 3277 3219 3346 parentes,
3246 3283 3343 3331 aut
3360 3276 3595 3349 fratres,
3618 3284 3715 3334 aut
3726 3281 3878 3349 filios

2216 3367 2438 3430 propter
2465 3377 2702 3431 regnum
2730 3361 3026 3430 ca'lorum,
3049 3364 3252 3418 centies
3283 3369 3498 3419 tantum
3524 3368 3783 3437 accipiet1
3811 3369 3875 3423 in

2219 3448 2316 3503 hoc
2359 3453 2615 3521 tempore,
2648 3458 2698 3505 et
2752 3452 2813 3506 in
2858 3454 3046 3523 futuro
3099 3453 3303 3509 sceculo
3356 3454 3654 3524 possidebit
3698 3458 3877 3513 vitam

2215 3546 2479 3593 aeternam
2510 3540 2731 3610 (Matth.
2763 3541 2994 3608 xxx,29;
3018 3541 3179 3596 Marc.
3207 3542 3476 3612 x,29-30,
3494 3554 3546 3600 et
3570 3546 3675 3600 Luc
3695 3562 3858 3613 xvixx,

2214 3627 2431 3696 29-30).
2454 3627 2516 3683 In
2570 3645 2688 3700 qua
2738 3629 3031 3686 calumnia
3080 3630 3261 3686 miror
3311 3648 3412 3687 eos
3451 3633 3535 3689 sic
3567 3650 3695 3690 esse
3754 3652 3877 3691 cae-

2215 3720 2396 3786 catos,
2428 3717 2513 3772 vel
2570 3718 2762 3788 potius
2794 3736 2906 3774 non
2940 3719 3119 3775 miror
3149 3735 3163 3775 :
3198 3721 3501 3777 Excxcavit
3522 3725 3673 3779 enim
3715 3724 3863 3797 illos,

2215 3804 2369 3860 sicut
2397 3806 2684 3878 scriptum
2717 3811 2824 3875 est,
2853 3808 3078 3864 malitia
3109 3825 3296 3865 eorum
3325 3809 3472 3882 (Sap.
3506 3828 3569 3880 xx,
3600 3813 3712 3882 21).
3745 3814 3864 3870 Sed

2214 3898 2410 3949 tamen
2444 3895 2577 3967 quis
2627 3912 2742 3951 non
2775 3897 2933 3951 videt
2964 3901 3126 3953 tanta
3171 3897 3232 3953 in
3280 3898 3433 3954 Novo
3489 3900 3867 3959 Testamento

2212 3990 2499 4056 praecepta
2529 3985 2599 4040 de
2630 4002 2806 4040 uxore
2831 3985 3130 4058 diligenda
3150 3988 3178 4042 ‘t
3209 3987 3322 4043 Cur
3342 3989 3496 4043 enim
3531 3992 3727 4068 potius
3761 3992 3871 4048 Ve-

2211 4077 2308 4128 tus
2328 4074 2769 4130 Testamentum
2811 4075 3015 4130 dicunt
3046 4077 3338 4132 adversari
3375 4078 3511 4133 huic
3561 4081 3869 4137 sententias

2211 4161 2459 4232 Domini,
2482 4179 2599 4234 qua
2628 4163 2770 4219 dicit
2800 4164 3248 4236 relinquendam
3282 4182 3408 4223 esse
3441 4184 3680 4224 uxorem
3721 4188 3866 4242 pro-

2211 4255 2341 4323 pter
2370 4268 2613 4323 regnum
2642 4253 2943 4323 cmlorum,
2989 4259 3046 4310 et
3077 4272 3192 4310 non
3247 4256 3442 4328 ipsum
3488 4262 3710 4314 Novum
3743 4261 3864 4316 sibi

2211 4340 2551 4396 adversari?
2571 4343 2732 4407 Quod
2758 4343 2920 4399 nefas
2949 4349 3038 4399 est
3068 4344 3273 4401 dicere.
3304 4345 3685 4419 Intelligenda
3700 4351 3863 4406 enim

2211 4433 2370 4495 sunt,
2403 4446 2519 4485 non
2553 4436 2772 4486 temere
2804 4435 3152 4503 accusanda,
3186 4450 3316 4505 quae
3342 4433 3629 4506 imperitis
3660 4436 3867 4493 viden-

2207 4521 2305 4573 tur
2335 4535 2463 4575 esse
2492 4521 2808 4577 contraria.

2277 4608 2490 4663 2.Nam
2515 4616 2571 4665 et
2602 4610 2886 4667 Dominus
2916 4610 3312 4685 interrogatus
3344 4630 3376 4669 a
3394 4613 3633 4681 Judaeis,
3659 4622 3865 4675 utrum

2207 4697 2258 4751 ei
2283 4697 2536 4768 placeret
2555 4700 2693 4754 dato
2715 4698 2911 4755 libello
2934 4702 3159 4772 repudii
3182 4702 3477 4759 dimittere
3497 4721 3863 4773 uxorem,re-

2206 4787 2447 4857 spondit
2487 4786 2573 4843 eis
2594 4788 2826 4845 dicens:
2850 4790 2973 4845 Non
2987 4790 3193 4861 legistis
3215 4792 3474 4863 quoniam
3494 4795 3591 4864 qui
3609 4797 3737 4865 fecit
3754 4800 3860 4853 ho-

2206 4876 2409 4931 minem
2421 4878 2489 4931 ab
2502 4878 3006 4948 initio,masculum
3018 4883 3069 4936 et
3087 4883 3353 4951 feminam
3368 4884 3598 4953 feciteos
3610 4893 3664 4939 et
3676 4885 3860 4956 dixit,

2202 4966 2432 5035 Propter
2452 4966 2553 5023 hoc
2572 4967 2843 5039 relinquet
2853 4970 3008 5025 homo
3027 4978 3241 5041 patrem
3261 4975 3311 5025 et
3331 4975 3641 5039 matrem,et
3662 4972 3861 5031 adhae-

2204 5055 2350 5110 rebit
2370 5057 2540 5111 uxori
2556 5066 2746 5124 suaet
2763 5067 2929 5114 erunt
2947 5058 3053 5115 duo
3075 5061 3136 5114 in
3155 5076 3321 5115 carne
3340 5077 3455 5115 una
3473 5064 3499 5115 .9
3525 5063 3711 5132 Itaque
3725 5064 3855 5135 jam

2203 5160 2313 5200 non
2334 5148 2461 5200 sunt
2480 5145 2605 5217 duo,
2634 5146 2727 5203 sed
2748 5164 2859 5203 una
2880 5165 3028 5204 caro.
3064 5149 3213 5218 Quod
3231 5165 3357 5221 ergo
3380 5151 3523 5206 Deus
3552 5152 3855 5221 conjunxit

2202 5235 2263 5289 in
2291 5235 2524 5303 unum’,
2555 5235 2717 5291 homo
2745 5253 2853 5294 non
2877 5247 3108 5310 separet,
3142 5240 3352 5294 Dicunt
3382 5240 3472 5294 illi
3501 5258 3520 5296 :
3545 5240 3687 5309 Quid
3716 5256 3849 5311 ergo

2204 5322 2407 5394 Moyses
2434 5324 2723 5380 mandavit
2751 5326 2877 5382 dari
2904 5327 3155 5382 libellum
3180 5328 3419 5400 repudii,
3450 5338 3501 5384 et
3521 5330 3849 5386 dimittere?

2201 5413 2349 5468 Dicit
2371 5414 2487 5469 illis
2505 5416 2691 5471 Iesus:
2719 5417 2858 5485 Quia
2886 5416 2959 5473 ad
2987 5418 3454 5475 duritiamcordis
3467 5419 3633 5474 vestri
3648 5421 3851 5492 permi-

2202 5677 2223 5723 t
2267 5613 2283 5646 ί
2322 5612 2380 5660 In
2410 5612 2553 5724 illis,
2583 5613 2769 5675 septies
2811 5616 3014 5663 tantum
3053 5615 3281 5679 accipiet.
3301 5615 3385 5666 Sic
3412 5616 3745 5679 Augustinus
3773 5618 3848 5668 ci-

2225 5688 2315 5724 are
2346 5688 2404 5722 so
2430 5688 2456 5723 e
2486 5710 2498 5722 .

2225 5688 2315 5724 are
2346 5688 2498 5724 θοιθῐ..

2268 5737 2291 5773 ³
2318 5737 2499 5799 Abest,
2523 5738 2582 5791 in
2611 5751 2791 5799 unum,
2820 5738 2886 5790 ab
2908 5737 3112 5804 aliquot
3136 5740 3534 5807 manuscriptis.
