4012 6510
103 432 205 492 133

97 566 158 619 sit
174 563 321 619 vobis
352 564 556 636 Moyses
573 564 849 619 dimittere
869 579 1074 619 uxores
1100 568 1303 619 vestras
1328 587 1342 627 ;
1375 562 1448 617 ab
1472 561 1629 615 initio
1649 577 1743 615 au-

97 664 189 709 tem
216 670 324 708 non
354 655 467 724 fuit
497 656 594 709 sic.
615 654 741 709 Dico
762 658 941 709 autem
967 653 1131 721 vobis,
1148 654 1493 724 quicumque,
1520 650 1749 705 dimise.

97 745 158 797 rit
184 758 413 798 uxorem
442 759 603 797 suam
631 744 743 798 nisi
794 742 857 798 ob
907 758 1132 797 causam
1172 741 1577 811 fornicationis,
1611 740 1748 810 facit

97 848 209 887 eam
243 830 526 888 masc/tari
550 847 564 885 :
600 835 653 887 et
681 830 792 902 ipse
813 832 862 885 si
890 832 1129 887 alteram
1150 829 1391 897 duxerit,
1413 829 1748 884 adulterium

98 922 383 976 committit
412 920 624 993 (Matth.
656 937 773 991 xxx,
805 920 956 987 3-9).
991 925 1131 975 Ecce
1164 919 1381 974 habent
1440 918 1749 973 confirma-

100 1014 207 1064 tam
241 1008 596 1065 sententiam
620 1008 847 1065 Veteris
876 1008 1232 1064 Testamenli
1259 1009 1329 1063 ab
1355 1008 1482 1079 ipso
1509 1004 1751 1062 Domino

100 1100 159 1153 ad
171 1115 370 1153 versus
390 1098 743 1170 imperitiam
767 1098 1124 1154 Judaaorum.
1148 1096 1336 1153 Simul
1360 1096 1535 1153 etiam
1568 1096 1754 1166 Moysi

101 1187 387 1260 perhibuit
410 1187 995 1259 testimonium,quod
1015 1192 1251 1260 propter
1266 1186 1542 1241 duritiam
1560 1183 1751 1240 cordis

101 1294 291 1333 eorum
314 1278 622 1349 repudium
642 1278 765 1332 dari
783 1276 1369 1349 permisit.Numquid
1382 1276 1554 1331 etiam
1574 1275 1752 1329 Evan-

104 1367 315 1439 gelium
340 1365 650 1439 Evangelio
701 1367 906 1423 dicunt
945 1382 1072 1423 esse
1099 1365 1498 1422 contrarium?
1518 1365 1679 1429 Quod
1700 1363 1751 1419 si

110 1454 426 1511 dicuntboc
443 1455 765 1527 capitulum
784 1455 995 1511 falsum
1014 1473 1161 1526 esse,
1176 1461 1231 1511 et
1258 1473 1290 1510 a
1311 1454 1750 1526 corruptoribus

116 1544 541 1616 Scripturarum
572 1560 700 1600 esse
720 1544 1150 1615 additum(nam
1169 1544 1279 1599 hoc
1302 1542 1749 1614 solent,quando

100 1650 205 1688 non
242 1632 551 1688 inveniunt
584 1633 720 1702 quid
757 1633 1166 1704 respondeant,
1203 1632 1417 1702 dicere)
1452 1650 1465 1699 ;
1502 1632 1666 1703 quid,
1697 1630 1749 1686 si

102 1722 243 1777 alius
269 1721 426 1777 dicat
448 1721 592 1777 illud
615 1738 741 1777 esse
765 1721 1099 1777 immissum
1127 1730 1183 1777 et
1202 1722 1439 1788 falsum,
1460 1721 1613 1792 quod
1638 1720 1750 1793 ipsi

114 1811 408 1883 proferunt
439 1810 671 1867 dicente
704 1810 967 1876 Domino,
997 1812 1192 1867 Omnis
1221 1812 1319 1882 qui
1348 1810 1630 1882 reliquerit
1660 1809 1751 1866 do-

121 1917 265 1955 mum
283 1909 379 1956 aut
398 1917 629 1957 uxorem
642 1904 737 1955 aut
756 1908 1004 1971 parentes
1016 1908 1111 1955 aut
1130 1901 1270 1971 ﬁlios
1285 1904 1510 1972 propter
1522 1915 1751 1968 regnum

113 1989 659 2056 ca'lorum,etc.?Non
684 1987 1018 2061 intelligunt
1039 1989 1237 2045 miseri
1258 1988 1749 2059 quemadmodum

107 2095 332 2133 omnem
351 2078 522 2133 ﬁdem
538 2077 1082 2143 christianam,cum
1105 2078 1216 2133 ista
1236 2078 1753 2145 dicunt,conentur

108 2172 375 2223 evertere.
402 2166 570 2222 Fides
593 2171 787 2223 autem
811 2184 945 2222 vera
968 2171 1024 2222 et
1050 2166 1313 2223 Ecclesiae
1336 2166 1629 2222 catholica:
1662 2166 1747 2221 di-

104 2255 349 2327 sciplina
374 2262 688 2327 utrumque
710 2273 909 2311 verum
938 2261 994 2312 et
1024 2274 1058 2311 a
1097 2257 1337 2312 Domino
1367 2256 1589 2311 dictum
1624 2270 1750 2311 esse

108 2346 437 2415 conﬁrmat,
472 2350 527 2398 et
558 2343 717 2400 nullo
750 2346 922 2401 modo
953 2362 1079 2401 esse
1106 2346 1464 2401 contrarium
1499 2360 1512 2400 :
1539 2345 1677 2415 quia
1697 2349 1754 2399 et

103 2433 438 2503 conjunctio
463 2434 657 2489 mariti
681 2439 737 2489 et
767 2437 962 2489 uxoris
994 2451 1027 2489 a
1054 2434 1298 2489 Domino
1330 2438 1504 2501 est,et
1526 2432 1748 2488 relictio

104 2523 301 2579 uxoris
324 2528 561 2595 propter
582 2539 826 2595 regnum
859 2523 1134 2579 caelorum
1167 2541 1199 2577 a
1217 2522 1461 2579 Domino
1492 2528 1600 2577 est.
1627 2522 1750 2577 Non

105 2611 252 2667 enim
275 2613 415 2681 quia
430 2612 914 2668 suscitavitJesus
928 2611 1195 2668 Christus
1220 2621 1497 2677 mortuos,
1518 2615 1574 2665 et
1594 2610 1755 2665 dedit

110 2699 188 2754 eis
233 2699 439 2767 vitam,
475 2703 777 2771 propterea
806 2699 935 2771 ipsa
964 2699 1081 2755 vita
1110 2717 1223 2755 non
1254 2704 1343 2755 est
1374 2698 1755 2770 relinquenda

108 2793 339 2859 prepter
370 2804 616 2859 regnum
640 2786 938 2844 oculorum.
970 2788 1063 2844 Sic
1103 2805 1239 2861 ergo
1273 2788 1539 2859 quamvis
1560 2786 1754 2842 Domi-

110 2895 216 2932 nus
247 2877 478 2932 dederit
500 2893 735 2933 uxorem
763 2877 907 2944 viro,
944 2877 1327 2949 relinquenda
1348 2882 1436 2932 est
1463 2883 1683 2945 tamen,
1705 2875 1754 2931 si

111 2982 255 3036 opus
286 2969 400 3035 est,
438 2971 672 3037 propter
703 2982 946 3037 regnum
978 2965 1279 3022 caelorum.
1313 2966 1438 3020 Non
1469 2965 1624 3021 enim
1647 2965 1755 3020 hoc

106 3071 337 3125 semper
369 3070 605 3109 necesse
630 3060 740 3123 est,
774 3055 925 3109 sicut
944 3054 1256 3126 Apostolus
1287 3054 1426 3109 dicit
1452 3072 1464 3109 :
1491 3054 1759 3126 Siquis/i-

103 3143 236 3198 delis
258 3144 424 3198 habet
446 3160 676 3199 uxorem
694 3142 987 3213 inﬁdelem,
1013 3152 1062 3199 et
1088 3145 1201 3199 [uec
1219 3146 1484 3200 consentit
1508 3143 1758 3199 habitare

102 3248 223 3286 cum
254 3233 380 3298 illo,
413 3248 523 3287 non
552 3231 794 3287 dimittat
821 3248 943 3287 eam
964 3231 1009 3303 (Ι
1032 3235 1154 3289 Cor.
1187 3249 1288 3299 vn,
1318 3232 1425 3303 12).
1457 3233 1757 3303 Signiﬁcat

104 3321 303 3392 utique
318 3321 477 3392 quod
495 3321 541 3375 si
568 3338 679 3376 non
702 3321 992 3377 consentit
1007 3321 1267 3377 habitare
1280 3338 1414 3376 cum
1428 3321 1545 3391 illo,
1571 3321 1627 3375 id
1643 3326 1752 3387 est,

102 3412 147 3465 si
180 3414 525 3466 exsecratur
551 3409 608 3465 in
633 3409 733 3465 illo
752 3410 926 3466 {idem
948 3410 1183 3477 Christi,
1207 3415 1263 3466 et
1310 3428 1424 3466 non
1446 3427 1579 3466 eum
1606 3410 1757 3483 pati-

106 3499 388 3569 tur,quod
416 3498 772 3555 cbristianus
793 3504 881 3555 est
902 3499 1284 3571 relinquenda
1312 3505 1399 3555 est
1415 3506 1650 3572 propter
1669 3517 1758 3556 re-

105 3604 288 3659 gnum
322 3586 609 3644 cmlorum
638 3604 650 3641 :
679 3588 833 3643 sicut
862 3587 1014 3642 idem
1049 3588 1345 3659 apostolus
1376 3588 1435 3642 in
1470 3589 1759 3659 sequenti-

109 3677 221 3732 bus
251 3676 423 3743 dicit,
457 3675 606 3743 Quod
636 3676 685 3731 si
720 3676 963 3745 inﬁdelis
983 3676 1230 3742 discedit,
1262 3677 1514 3739 dicedat;
1544 3692 1654 3731 non
1682 3678 1760 3732 est

110 3768 259 3820 enim
282 3766 564 3836 subjectus
584 3767 835 3820 servituti
853 3769 1034 3835 frater
1055 3767 1148 3820 aut
1168 3781 1321 3821 soror
1337 3767 1396 3820 in
1426 3765 1759 3837 hujusmndi,

113 3853 171 3907 Si
201 3854 338 3925 quis
370 3870 511 3925 ergo
538 3852 816 3925 relinquit
844 3870 1090 3926 regnum
1119 3852 1419 3925 oculorum,
1453 3856 1594 3909 dum
1646 3872 1761 3910 non

111 3941 237 3998 vult
267 3942 608 4015 relinquere
637 3960 874 3999 uxorem
908 3960 1023 3998 non
1053 3944 1328 3999 ferentem
1374 3944 1761 4000 christianum

110 4032 328 4097 virum,
367 4032 739 4105 improbatur
768 4049 800 4088 a
830 4032 1075 4089 Domino
1104 4050 1116 4087 :
1141 4037 1200 4089 et
1238 4034 1375 4089 item
1409 4033 1457 4089 si
1490 4032 1622 4105 quis
1677 4035 1766 4089 vir

108 4121 397 4194 relinquit
431 4138 667 4177 uxorem
696 4122 829 4177 dato
860 4120 1057 4177 libello
1110 4122 1360 4195 repudii,
1414 4140 1545 4178 cum
1590 4140 1766 4179 causa

108 4227 222 4265 non
254 4210 466 4266 existit
495 4215 593 4265 aut
627 4209 1049 4276 fornicationis,
1100 4214 1203 4265 aut
1252 4210 1553 4266 obtinendi
1604 4210 1765 4283 regni

107 4299 425 4366 cmlorum,
459 4299 730 4355 similiter
760 4299 1133 4371 improbatur
1160 4317 1193 4355 a
1218 4299 1479 4355 Domino.
1530 4301 1615 4356 Ita
1662 4315 1767 4356 nec

106 4389 219 4444 ista
248 4389 372 4444 duo
409 4388 669 4460 capitula
718 4387 1048 4460 evangelica
1099 4388 1476 4444 inveniuntur
1506 4390 1615 4445 sibi
1640 4405 1767 4445 esse

107 4478 432 4546 contraria,
454 4494 559 4533 nec
586 4477 958 4550 Evangelium
982 4477 1173 4532 Veteri
1196 4477 1566 4533 Testamento
1594 4494 1606 4533 :
1631 4478 1770 4549 quia

109 4566 185 4621 ibi
212 4584 366 4622 uxor
396 4565 782 4637 conjungitur
813 4566 955 4637 viro,
992 4571 1055 4621 ut
1076 4564 1252 4621 simul
1284 4572 1615 4622 mereantur
1643 4584 1769 4639 pos-

107 4656 301 4712 sidere
335 4672 589 4729 regnum
624 4654 934 4723 caelorum;
985 4660 1043 4710 et
1072 4654 1155 4709 ita
1203 4672 1345 4709 uxor
1392 4656 1769 4725 relinquenda

106 4762 235 4801 esse
263 4744 633 4817 praecipitur,
665 4744 713 4800 si
746 4744 935 4799 virum
956 4744 1237 4816 impediat
1258 4745 1326 4799 ad
1353 4745 1770 4817 possidendum

107 4850 361 4907 regnum
400 4833 704 4889 ccelorum.

177 4924 231 4978 3.
256 4924 325 4979 Et
346 4923 487 4978 ideo
515 4921 747 4994 quando
769 4920 1128 4978 Christianos
1152 4926 1431 4994 utrosque
1457 4921 1770 4994 Apostolus

107 5017 330 5081 monet,
368 5012 431 5066 id
458 5016 567 5078 est,
593 5012 833 5066 maritos
864 5014 917 5066 et
953 5028 1159 5067 uxores
1184 5029 1197 5079 ;
1223 5028 1415 5068 nonne
1435 5011 1515 5067 ita
1538 5011 1767 5080 dicitur,

106 5102 341 5174 Ditigite
362 5116 577 5156 uxores
606 5104 831 5167 vestras,
855 5100 995 5155 sicut
1013 5104 1065 5154 et
1097 5100 1347 5156 Christus
1366 5100 1567 5155 dilexit
1587 5101 1772 5155 Eccle-

104 5193 269 5257 siam,
303 5194 359 5247 et
383 5190 624 5246 tradidit
649 5206 706 5244 se
735 5192 916 5260 ipsum
932 5205 1040 5260 pro
1069 5205 1134 5245 ea
1153 5192 1179 5242 .9
1223 5195 1298 5257 et,
1332 5190 1587 5244 Mulieres
1635 5189 1771 5245 viris

104 5281 221 5335 suis
251 5279 507 5336 subditae
534 5280 647 5333 sint
676 5281 832 5349 quasi
843 5279 1094 5339 Domino;
1118 5277 1255 5349 quia
1273 5283 1330 5333 et
1351 5277 1608 5335 Ecclesia
1631 5279 1770 5334 sub-

107 5368 227 5424 dita
257 5374 354 5424 est
394 5366 662 5423 Christo?
684 5367 805 5422 Non
838 5366 984 5422 illud
1010 5368 1165 5438 quod
1188 5365 1285 5421 isti
1312 5367 1508 5423 miseri
1529 5368 1773 5423 irrident

106 5456 164 5514 in
211 5458 420 5515 Veteri
458 5456 855 5526 Testamento,
903 5456 1055 5526 quod
1087 5454 1371 5527 scriptum
1417 5458 1770 5528 est,Propte-

106 5562 199 5603 rea
232 5549 529 5617 relinquet
559 5545 715 5601 homo
744 5550 959 5617 patrem
1005 5548 1060 5599 et
1100 5548 1355 5611 matrem,
1413 5552 1464 5600 et
1522 5545 1767 5602 adhaere-

108 5635 182 5692 bit
210 5639 388 5693 uxori
418 5650 567 5700 sua},
597 5637 647 5690 et
675 5638 835 5689 erunt
863 5633 968 5689 duo
996 5635 1055 5689 in
1086 5649 1248 5688 carne
1286 5650 1418 5700 una,
1468 5633 1525 5689 in
1560 5651 1769 5707 magno

109 5731 499 5782 sacramento
530 5723 685 5780 idem
720 5722 1022 5795 apostolus
1069 5722 1297 5794 accipit,
1330 5740 1463 5777 cum
1496 5722 1639 5779 dicit
1670 5725 1773 5779 Sa-

106 5818 463 5873 cramentum
490 5812 591 5869 hoc
608 5829 869 5885 magnum
887 5814 986 5882 est,
1009 5826 1103 5883 ego
1119 5819 1307 5867 autem
1323 5810 1443 5869 dico
1467 5812 1526 5867 in
1552 5812 1771 5870 Christo

107 5912 161 5962 et
182 5906 248 5963 in
278 5904 585 5963 Ecclesia?
612 5901 832 5961 Deinde
858 5900 1185 5974 subjungit,
1218 5900 1597 5959 Verumtamen
1624 5919 1771 5960 unu-

1546 428 1777 488 ιιι]ωῆ
1821 427 2057 488 UNUS.

3384 437 3501 497 134

1855 560 2105 630 squisth
2138 576 2367 615 uxorem
2396 579 2548 617 suam
2579 564 2716 618 sicut
2746 579 2803 619 se
2832 566 3009 636 ipsum
3039 566 3266 639 diligat;
3294 569 3498 626 mulier

1860 651 2043 703 autem
2072 656 2133 703 ut
2158 652 2345 705 timeat
2376 653 2553 706 virum
2584 651 2798 724 (Ephes.
2823 671 2876 723 ν,
2900 656 2988 727 25,
3022 658 3111 723 22,
3134 658 3225 724 31,
3256 660 3345 726 32,
3377 662 3491 734 33).

1858 735 2060 792 Nonne
2108 736 2219 793 alio
2252 738 2375 795 loco
2415 740 3165 818 evidentissimalostcndit}
3188 748 3494 819 utriusque

1858 841 2031 881 sexus
2088 833 2145 882 et
2215 831 2483 883 naturam
2534 836 2591 885 et
2648 832 3197 906 conjunctionem§a
3244 838 3492 896 Domino

1860 918 1970 968 Deo
1999 915 2294 970 conditore
2325 922 2498 989 atque
2530 917 2858 975 ordinatore
2888 923 3222 992 consistere,
3256 943 3387 983 cum
3412 929 3499 983 di-

1858 1002 1972 1057 cit:
2008 1007 2398 1059 Verumtamcn
2430 1023 2601 1077 neque
2634 1009 2832 1063 mulier
2857 1012 2979 1065 sine
3021 1013 3156 1079 viro,
3190 1032 3363 1087 neque
3411 1019 3497 1073 vir

1856 1093 1977 1148 sine
2002 1092 2261 1149 muliere.
2296 1095 2354 1149 in
2384 1096 2632 1151 Domino.
2666 1096 2814 1151 Sicut
2842 1101 2994 1154 enim
3022 1104 3229 1158 mulier
3263 1121 3334 1160 ex
3358 1108 3496 1173 viro,

1859 1181 1935 1235 ita
1969 1190 2019 1236 et
2046 1185 2132 1237 vir
2156 1199 2252 1253 per
2278 1183 2573 1239 mulierem
2606 1202 2619 1240 :
2654 1188 2853 1243 omnia
2867 1193 3047 1243 autem
3071 1207 3140 1246 ex
3160 1194 3348 1265 Deo(l.
3375 1196 3495 1252 Cor.

1856 1287 1936 1338 x1,
1970 1270 2057 1340 ll,
2092 1272 2223 1343 12)?
2270 1274 2428 1338 Quod
2464 1273 2561 1329 isti
2610 1275 2656 1330 si
2709 1277 3078 1335 considerare
3116 1281 3343 1338 vellent.
3383 1302 3496 1340 non

1859 1358 2210 1431 quibusdam
2244 1360 2515 1433 capitulis
2547 1365 2830 1435 separatis
2862 1371 2918 1421 et
2946 1369 3226 1426 adversus
3258 1388 3319 1427 se
3350 1372 3498 1428 invi-

1857 1463 1980 1502 cem
2014 1464 2227 1519 magna
2260 1450 2462 1505 fraude
2488 1450 2711 1508 collatis
2743 1453 3053 1527 caliginem
3097 1459 3352 1518 facerent
3383 1461 3495 1518 im-

1856 1535 2055 1607 peritis
2081 1562 2094 1604 ;
2128 1538 2228 1592 sed
2256 1539 2454 1594 omnia
2484 1545 2602 1595 tam
2626 1541 2681 1596 in
2715 1542 2903 1599 Veteri
2928 1562 3104 1617 quam
3138 1549 3192 1603 in
3216 1550 3370 1607 Novo
3391 1552 3498 1608 Te-

1854 1628 2145 1680 stamento
2168 1643 2282 1680 uno
2314 1632 2513 1682 sancto
2545 1628 2759 1700 Spiritu
2783 1634 3113 1706 conscripta
3132 1642 3188 1692 et
3208 1654 3396 1694 comm
3418 1658 3502 1696 sn-

1855 1713 1991 1767 data
2020 1729 2146 1768 esse
2178 1716 2480 1770 sentirent.

1932 1802 1983 1855 4·
2016 1802 2159 1857 Nom
2192 1807 2249 1858 et
2276 1804 2333 1858 in
2365 1803 2553 1859 Veteri
2574 1806 2945 1864 Testamento
2976 1809 3188 1869 habent
3211 1819 3360 1887 apud
3387 1818 3504 1882 lss.

1865 1889 1982 1945 iam
2016 1891 2354 1963 prophetam
2384 1900 2606 1964 quanta
2637 1896 3056 1965 promittuntur
3085 1904 3445 1973 spadonibus
3476 1926 3491 1965 :

1857 1997 1927 2034 ne
1950 1979 2007 2034 in
2031 1980 2185 2035 Novo
2203 1980 2324 2036 solo
2348 1982 2707 2039 arbitrentur
2731 2003 2858 2041 esse
2876 1986 3144 2046 laudatos
3168 2008 3200 2046 a
3222 1992 3489 2052 Domino.

1856 2068 1951 2124 ubi
1968 2069 2109 2124 dicit
2125 2087 2252 2126 esse
2268 2072 2553 2141 quosdam
2574 2072 2672 2145 qui
2696 2074 2931 2146 seipsos
2951 2082 3346 2138 castraverunt
3365 2102 3494 2156 pro-

1855 2162 1982 2229 pter
2011 2175 2255 2229 regnum
2288 2159 2585 2227 cmlorum,
2618 2168 2673 2216 et
2695 2163 2936 2233 addidit,
2963 2167 3068 2235 Qui
3087 2174 3263 2236 postet
3281 2188 3492 2246 capere,

1852 2248 2035 2317 capiat
2054 2246 2265 2319 (Matth.
2298 2266 2412 2317 xxx,
2438 2250 2545 2319 42).
2583 2250 2727 2306 Nam
2752 2255 2809 2307 et
2840 2253 3017 2310 Isaias
3048 2256 3128 2312 ita
3158 2259 3335 2315 dicit:
3369 2264 3495 2320 lixa

1855 2334 1991 2389 dicit
2014 2336 2273 2391 Dominus
2302 2337 2681 2407 spadonibus:
2718 2340 2827 2408 Qui
2860 2344 3504 2423 custodieriutprmcepta

1858 2439 1999 2491 mea,
2022 2427 2071 2478 et
2096 2425 2366 2492 elegerint
2396 2427 2504 2481 sibi
2532 2442 2656 2498 quae
2684 2446 2786 2497 ego
2815 2431 2951 2501 volo,
2974 2442 3025 2488 et
3044 2451 3269 2505 capaces
3281 2440 3495 2508 fuerint

1858 2516 2166 2568 testamenti
2185 2531 2318 2582 met;
2360 2515 2496 2571 dabo
2520 2516 2639 2572 illis
2663 2518 2721 2572 in
2743 2517 2895 2574 domo
2918 2537 3039 2577 mea
3060 2528 3111 2577 et
3133 2525 3190 2578 in
3207 2542 3363 2583 muro
3383 2545 3501 2585 meo

1859 2600 2031 2655 locum
2052 2604 2860 2673 nominatissimum,meliorem
2878 2612 3047 2665 multo
3064 2612 3314 2682 ﬁliorum
3352 2620 3499 2689 itque

1856 2690 2134 2759 ﬁliarum:
2152 2708 2347 2747 nomen
2366 2705 2538 2749 actem
2548 2711 2639 2749 um
2657 2694 2793 2751 dabo
2807 2698 3047 2769 illis,nec
3062 2718 3305 2774 unquam
3329 2705 3501 2763 deerit

1857 2780 2281 2852 (Isai.Lv1,4,5).
2326 2781 2508 2837 Certis
2549 2783 2704 2839 enim
2730 2784 3081 2855 quibusdam
3104 2794 3329 2848 umbris
3351 2799 3407 2850 et
3430 2796 3497 2850 li-

1859 2869 2022 2940 guris
2046 2886 2235 2925 rerum
2260 2875 2395 2925 ante
2422 2872 2643 2927 Domini
2674 2874 3007 2944 adventum,
3033 2880 3350 2938 secundum
3390 2883 3500 2939 mi-

1859 2958 2100 3013 rabilem
2125 2964 2300 3030 atque
2329 2960 2826 3018 crdinatissimam
2849 2965 3324 3025 distributionem
3348 2978 3496 3029 tem-

1860 3064 2090 3118 porum,
2120 3047 2369 3119 populus
2412 3049 2505 3104 ille
2544 3052 2871 3123 tenebatur,
2905 3056 3003 3125 qui
3055 3056 3495 3119 Testamentum

1860 3135 2035 3191 Vetus
2062 3137 2283 3207 accepit
2308 3154 2320 3191 :
2346 3143 2540 3193 tamen
2566 3138 2623 3193 in
2647 3156 2712 3195 eo
2738 3146 2900 3197 tanta
2931 3145 3265 3215 praedicatio
3284 3154 3340 3204 et
3358 3168 3501 3222 prce-

1860 3224 2146 3279 nuntiatio
2169 3225 2310 3280 Novi
2332 3226 2689 3283 Testamenti
2711 3236 2799 3285 est
2820 3235 2882 3285 ut
2905 3232 3065 3289 nulla
3089 3235 3148 3290 in
3168 3238 3503 3312 evangelica

1860 3317 2032 3384 atque
2054 3313 2373 3385 apostolica
2393 3314 2703 3388 disciplina
2723 3319 3108 3390 reperiantur,
3124 3327 3390 3397 quamvis
3413 3347 3502 3385 sr-

1860 3403 1977 3457 dua
2005 3407 2062 3458 et
2081 3402 2277 3458 divina
2309 3410 2594 3475 prazcepta
2614 3410 2670 3461 et
2691 3408 3000 3478 promissa,
3026 3429 3152 3483 quae
3183 3413 3302 3471 illis
3324 3417 3499 3475 etiam

1867 3491 2046 3547 Libris
2061 3492 2355 3548 veteribus
2369 3494 2561 3549 desint
2592 3495 2807 3566 (a).Sed
2825 3506 3038 3555 sanctae
3053 3502 3362 3575 Scriptura;
3378 3523 3494 3563 non

1859 3580 2203 3636 temerarios
2225 3586 2281 3635 et
2302 3582 2584 3653 superbos
2604 3591 3097 3653 accusatores,sed
3122 3593 3427 3665 diligentes
3442 3600 3499 3653 et

1864 3669 1987 3742 pios
2007 3669 2249 3725 lectores
2270 3670 2621 3727 desiderant.

1935 3757 2167 3813 CAPUT
2186 3757 2280 3813 IV.
2296 3790 2361 3799 -—
2383 3759 2462 3815 De
2482 3777 2548 3816 eo
2570 3762 2723 3832 quod
2743 3763 3029 3837 scriptum
3050 3774 3138 3824 est
3164 3770 3220 3825 in
3253 3773 3500 3835 Genesi:

1867 3850 1928 3903 Et
1947 3847 2090 3903 dixit
2114 3849 2369 3904 Dominus
2390 3849 2459 3904 ad
2480 3849 2614 3905 Cain
2633 3867 2645 3906 :
2690 3852 2832 3920 Quid
2850 3857 3055 3925 fecisti?
3076 3860 3183 3915 Vox
3202 3865 3505 3934 sanguini:

1864 3939 2064 4009 fratris
2085 3939 2169 3993 tui
2183 3940 2391 3994 clamat
2408 3939 2476 3993 ad
2495 3956 2581 3995 me
2600 3940 2667 3995 de
2694 3950 2856 3998 terra.
2881 3945 3036 4001 Nunc
3050 3950 3370 4009 maledictus
3390 3968 3440 4010 et
3454 3955 3507 4011 is

1866 4043 1897 4081 a
1919 4026 2064 4100 facie
2084 4036 2390 4099 terrae,quae
2401 4029 2682 4085 absorbuit
2698 4040 2749 4086 et
2771 4035 2966 4102 recipit
2976 4041 3509 4114 sanguinem/ruris

1868 4118 1956 4171 tui
1976 4133 2044 4171 cx
2063 4117 2209 4173 caede
2232 4135 2434 4173 manus
2456 4123 2567 4175 tua?
2580 4137 2598 4173 .'
2614 4128 2667 4174 te
2677 4122 2825 4176 enim
2845 4128 3067 4194 aperari
3078 4145 3291 4185 necesse
3309 4139 3388 4187 est
3405 4142 3509 4188 ter-

1870 4223 2010 4276 ram,
2036 4222 2154 4276 quae
2175 4208 2387 4262 sterilcs
2407 4208 2508 4262 tibi
2543 4211 2759 4278 fructus
2793 4211 2948 4268 dabit
2994 4215 3146 4287 (Gen.
3189 4236 3265 4286 1v,
3299 4220 3507 4293 1042).

1872 4296 2015 4349 Huic
2041 4295 2293 4367 capitulo
2316 4296 2623 4365 Geneseos,
2649 4316 2762 4370 quo
2795 4301 3259 4363 maledictionem
3290 4310 3514 4384 accepit

1871 4383 2031 4453 Cain,
2058 4389 2123 4437 ut
2160 4389 2325 4439 terra:
2374 4386 2679 4441 sterilitate
2729 4390 3050 4460 puniretur,
3085 4383 3514 4456 calumniantes

1872 4473 2191 4540 Manichazi,
2236 4478 2293 4528 et
2344 4474 2650 4546 Evangelio
2703 4481 3057 4536 contrarium
3110 4484 3512 4545 demonstrare

1873 4562 2191 4633 cupientes,
2227 4578 2341 4616 non
2372 4580 2531 4631 sane,
2578 4566 2718 4620 mihi
2771 4567 3041 4625 videntur
3084 4573 3337 4645 cogitare
3384 4592 3513 4633 tum

1876 4651 2213 4706 hominibus
2243 4668 2305 4706 se
2336 4668 2526 4723 agere,
2552 4654 2652 4708 sed
2685 4672 2922 4726 prorsus
2953 4660 3122 4729 quasi
3171 4678 3381 4733 pecora
3418 4666 3514 4722 fo-

1876 4744 2021 4807 rent,
2052 4739 2151 4811 qui
2183 4757 2281 4795 eos
2313 4741 2584 4796 audirent
2615 4743 2699 4797 vel
2730 4759 2930 4801 eorum
2973 4749 3190 4821 scripta
3219 4749 3511 4824 legerent:

1875 4829 1959 4885 sic
1990 4829 2155 4884 abusi
2189 4835 2328 4884 sunt
2357 4831 2652 4901 imperitia
2674 4849 2878 4889 eorum
2911 4841 2968 4891 et
2989 4838 3516 4914 tarditateingenii,

1875 4916 1965 4973 vel
1998 4918 2191 4988 potius
2242 4916 2422 4972 animi
2470 4919 2744 4977 caecitate.
2797 4923 3019 4997 Quippe
3069 4927 3338 4985 dixerunt
3381 4930 3516 4986 huic

1875 5004 2129 5076 capitulo
2160 5004 2303 5061 illud
2336 5005 2395 5061 in
2438 5008 2750 5082 Evangelio
2780 5028 2909 5068 esse
2954 5016 3331 5085 contrarium,
3362 5019 3517 5090 quod

1875 5095 2157 5151 Dominus
2187 5096 2268 5151 ait
2297 5096 2600 5168 discipulis
2627 5099 2750 5155 suis
2785 5116 2798 5155 :
2832 5102 3263 5173 Nolitecogitare
3286 5108 3355 5161 de
3376 5122 3521 5164 :ras-

1875 5186 2031 5245 tino;
2062 5202 2189 5240 nam
2219 5188 2493 5243 crastinus
2520 5188 2635 5244 dies
2669 5190 2782 5260 ipse
2812 5194 3080 5260 cogitabit
3099 5195 3227 5251 sibi.
3257 5197 3521 5267 Respicite

1874 5274 2119 5329 volatilia
2174 5276 2314 5345 casti,
2372 5278 2503 5347 quia
2551 5294 2661 5333 non
2708 5281 3006 5347 seminam,
3059 5299 3233 5354 neque
3287 5292 3522 5353 metunt,

1874 5379 2048 5435 neque
2073 5362 2346 5434 colligunt
2380 5368 2438 5419 in
2471 5366 2667 5422 horrea
2699 5370 2915 5440 (Matth.
2953 5387 3027 5439 Vl,
3062 5373 3150 5438 34,
3183 5374 3293 5445 26).
3342 5373 3523 5441 Quasi

1875 5469 2007 5508 vero
2040 5452 2179 5507 Cain
2214 5455 2502 5524 parricida
2537 5460 2551 5490 ι
2585 5457 2895 5528 discipulis
2927 5458 3141 5515 Christi
3173 5478 3524 5535 comparan-

1876 5542 1985 5596 dus
2020 5540 2113 5608 sit,
2152 5550 2212 5596 ut
2246 5545 2518 5614 quoniam
2555 5544 2648 5601 ille
2682 5548 2896 5602 meruit
2949 5566 3162 5619 panam
3194 5552 3524 5609 sterilitatis

1875 5635 2062 5696 terrae,
2112 5649 2475 5704 consequens
2526 5639 2680 5689 esset
2729 5641 2794 5691 ut
2844 5638 3109 5694 eamdem
3151 5640 3520 5699 sterilitatem

1942 5826 1959 5861 ι
1992 5825 2137 5878 Unus
2164 5830 2371 5877 tantum
2400 5842 2429 5878 e
2458 5827 2723 5880 Vaticanis
2751 5829 2897 5895 Msa,
2926 5834 3230 5897 fratricida.

2050 5910 2074 5956 1
2106 5907 2355 5972 Βθιιιαοιη
2386 5921 2499 5974 cap.
2532 5911 2611 5973 22,
2641 5924 2694 5961 n.
2734 5914 2782 5962 2.
