4012 6496
488 416 600 475 135

484 546 580 602 isti
614 547 789 603 etiam
822 552 1174 618 paterentur,
1211 548 1309 615 qui
1343 547 1654 602 Dominum
1695 547 1898 602 Jesum
1930 545 2123 601 Chris-

482 639 607 691 tum
643 635 847 705 secuti,
881 636 1248 708 praedicando
1271 636 1577 708 Evangelio
1600 637 1976 708 parabantur.
2002 636 2125 691 Iino

481 724 655 779 etiam
689 724 748 779 in
781 724 910 779 istis
944 726 1170 780 duobus
1203 725 1496 796 capitulis,
1531 742 1780 796 quorum
1831 742 2016 781 unum
2061 724 2131 779 de

964 415 1278 476 CONTRA
1323 413 1804 477 ADIMANTUM
1850 412 2259 474 MANlCllZEI
2306 412 2811 489 DISCIPULUM,
2858 414 2920 474 S.
2969 414 3398 477 AUGUSTlNl

3766 415 3880 474 136

2236 550 2544 618 steterunt,
2578 546 2822 602 Domino
2853 552 3161 603 attestante
3193 552 3248 601 et
3278 548 3527 614 dicente,
3549 546 3609 602 Si
3640 548 3881 603 credere—

2234 636 2308 690 tis
2327 636 2517 707 Moysi,
2552 638 2844 692 crederetis
2877 642 2929 692 et
2962 637 3140 692 mihi:
3174 638 3267 691 ille
3291 638 3439 692 enim
3473 639 3544 693 de
3564 654 3649 692 me
3678 640 3876 709 scripit

2233 723 2413 795 (Joan.
2448 742 2500 792 v,
2536 726 2645 797 46).
2671 726 2997 782 Secundum
3021 726 3359 781 eorumdem
3382 731 3755 796 peccatorum
3781 744 3872 783 ve-

481 812 710 883 Genesi,
745 814 991 869 alterum
1021 815 1089 868 de
1123 814 1429 886 Evangelio
1455 820 1736 886 tanquam
1762 814 1874 870 sibi
1895 813 2133 869 inimica
2236 829 2388 869 neua
2416 813 2589 871 etiam
2616 820 2949 887 serpentum
2974 820 3031 871 et
3066 816 3396 887 viperarum
3438 816 3739 888 genimina
3784 834 3880 874 vo-

479 906 824 974 posuerunt,
843 907 1002 957 tanta
1024 902 1311 957 invenitur
1327 902 1585 958 amicitia
1601 908 1774 975 atque
1797 902 2127 971 concordia,

482 995 547 1047 ut
567 991 729 1048 nulla
754 993 941 1063 major
962 990 1348 1047 desideranda
1368 990 1616 1055 sit.Quid
1641 991 1796 1047 enim
1812 1008 2130 1064 congruen-

478 1081 619 1149 tius,
644 1097 822 1153 quam
847 1086 910 1136 ut
927 1081 1114 1148 illum,
1132 1081 1302 1151 cujus
1325 1083 1449 1135 erat
1469 1079 1685 1137 scelere
1706 1082 1880 1137 frater
1900 1082 2127 1137 occisus

477 1168 651 1226 etiam
683 1170 742 1225 in
764 1174 918 1227 terra
940 1169 1301 1226 laborantem
1319 1169 1596 1227 sterilitas
1613 1175 1986 1242 sequeretur:
2010 1170 2127 1228 illis

474 1262 694 1326 autem,
722 1276 824 1331 per
846 1276 1096 1331 quorum
1130 1259 1520 1315 ministerium
1547 1259 1605 1314 in
1630 1260 2001 1331 praedicando
2022 1260 2123 1317 Dei

470 1348 648 1404 verbo
664 1349 873 1405 fratres
894 1347 1496 1415 liberabantur,etiam
1522 1349 1592 1404 de
1603 1349 1857 1405 crastino
1882 1349 2123 1406 minime

471 1437 867 1509 cogitantibus
889 1440 1189 1494 fructuosa
1212 1443 1365 1494 terra
1385 1438 1653 1493 serviret?
1675 1439 1833 1504 Quod
1861 1439 1909 1494 si
1936 1438 1994 1493 in
2018 1439 2122 1495 Ve-

464 1526 571 1581 teri
601 1529 978 1584 Testamento
1001 1527 1108 1584 exh
1120 1534 1423 1583 orrescunt
1442 1527 1749 1584 maledicto
1773 1528 1871 1583 Dei
1900 1533 2114 1583 terram

466 1616 727 1673 sterilem
762 1620 973 1674 factam
998 1634 1123 1674 esse
1146 1617 1454 1690 peccatori;
1479 1633 1581 1673 cur
1608 1634 1721 1672 non
1746 1618 1802 1671 in
1825 1618 1979 1672 Novo
2011 1618 2115 1672 Te-

462 1708 752 1764 stamento
773 1708 1191 1765 exhorrescunt
1213 1707 1519 1762 maledicto
1535 1706 1761 1762 Domini
1776 1706 1957 1761 nostri
1978 1707 2115 1762 Jesu

463 1796 683 1857 Christi
705 1798 972 1853 arborem
997 1796 1088 1852 fici
1121 1795 1342 1851 aridam
1369 1796 1580 1851 factam
1612 1795 1819 1867 (Matth.
1851 1813 1967 1861 xxx,
2005 1796 2114 1863 19),

464 1889 628 1947 ιιιιΙΙο
660 1891 894 1961 peccato
926 1886 1149 1942 domini
1181 1884 1322 1941 sui?
1366 1884 1505 1940 ltem
1537 1885 1586 1940 si
1626 1884 1849 1940 domini
1879 1888 2116 1940 senten-

462 1981 546 2036 tia
575 1977 957 2043 delectantur,
991 1991 1102 2047 qua
1143 1973 1450 2045 discipulis
1482 1972 1625 2029 dicit
1658 1989 1729 2029 ne
1759 1976 1829 2029 de
1857 1974 2115 2029 crastino

460 2069 736 2141 cogitent,
778 2066 929 2138 quod
955 2065 1023 2120 de
1056 2064 1211 2120 victu
1244 2080 1445 2119 eorum
1486 2063 1641 2119 Deus
1681 2080 1881 2119 curam
1914 2067 2111 2135 gerat,

455 2175 560 2214 cur
590 2174 703 2213 non
734 2161 792 2212 et
846 2154 1186 2228 prophetica
1244 2152 1533 2209 sententia
1563 2152 1943 2220 delectantur,
1996 2168 2113 2223 qua

453 2245 666 2304 cecinit
720 2246 943 2312 dicens,
994 2244 1179 2315 Abjice
1229 2242 1288 2297 in
1345 2243 1636 2297 Dominum
1682 2241 2112 2298 sollicitudinem

449 2341 627 2405 tuam,
654 2339 710 2392 et
740 2337 858 2407 ipse
887 2342 937 2389 te
964 2336 1149 2405 pascet
1181 2332 1354 2403 (Psal.
1394 2348 1506 2397 LIV,
1538 2332 1660 2400 23)?
1681 2331 1752 2387 Ut
1784 2330 1892 2386 hoc
1913 2332 2107 2403 modo,

460 2425 512 2484 si
546 2424 793 2499 possint,
826 2422 1022 2480 miseri
1057 2420 1404 2494 intelligant,
1439 2426 1495 2475 et
1526 2419 1624 2475 illa
1655 2437 1782 2491 quae
1814 2421 2107 2476 detestan-

459 2518 559 2572 tur
586 2515 646 2571 in
693 2512 888 2569 Veteri
925 2513 1294 2567 Testamento
1325 2510 1395 2565 de
1424 2513 1537 2565 Deo
1564 2509 1722 2566 dicta
1753 2525 1937 2579 usque
1966 2510 2107 2565 adeo

462 2608 622 2661 recta
669 2618 818 2672 esse,
852 2606 916 2657 ut
957 2600 1213 2656 etiamin
1256 2599 1410 2655 Novo
1443 2598 1853 2667 inveniantur;
1904 2603 1960 2654 et
2007 2597 2107 2655 illa

458 2711 590 2767 qua
614 2692 676 2748 in
704 2691 860 2747 Novo
888 2690 1131 2746 laudant
1161 2694 1218 2744 et
1249 2688 1585 2761 praedicant,
1618 2688 1797 2743 etiam
1828 2688 1890 2742 in
1912 2687 2105 2744 Veteri

454 2782 697 2856 reperiri
731 2798 744 2838 :
778 2782 930 2836 unde
959 2778 1238 2835 clarescat
1258 2779 1404 2835 bene
1432 2778 1895 2850 intelligentibus
1918 2777 2104 2834 utriu-

452 2888 594 2944 sque
624 2870 981 2928 Testamenti
1010 2870 1320 2924 manifesta
1348 2869 1678 2925 concordia.

518 2960 749 3018 CAPUT
778 2964 845 3015 V.
880 2991 945 3002 -
970 2948 1028 3015 ‘l.
1064 2958 1144 3014 De
1175 2974 1241 3013 eo
1273 2959 1429 3029 quod
1457 2958 1741 3029 scriptum
1783 2960 1873 3012 est
1901 2956 1958 3011 in
1993 2956 2101 3013 Ge-

447 3050 574 3107 nesi
601 3069 613 3106 :
637 3051 923 3106 Faciamus
944 3050 1222 3104 hominem
1268 3047 1338 3102 ad
1368 3048 1667 3116 imaginem
1696 3055 1746 3101 et
1774 3045 2099 3101 similitudi-

447 3156 575 3197 nem
601 3149 845 3197 nostram
879 3138 1032 3208 (Gen.
1062 3155 1101 3207 ι,
1150 3137 1263 3208 26).
1318 3138 1480 3192 Hunc
1530 3135 1722 3191 locum
1772 3134 2098 3207 Manichai,

448 3246 566 3302 quo
599 3230 881 3301 scriptum
915 3232 1002 3283 est
1030 3226 1090 3281 iu
1123 3226 1351 3293 Genesi,
1385 3224 1686 3281 hominem
1720 3224 1939 3280 factum
1972 3240 2099 3280 esse

445 3318 518 3375 ad
549 3317 864 3391 imaginem
892 3314 1411 3373 etsimilitudidem
1440 3314 1541 3370 Dei
1572 3316 1878 3386 prepterea
1896 3312 2100 3370 dicunt

446 3408 605 3466 Novo
628 3407 1003 3465 Testamento
1033 3421 1163 3461 esse
1193 3402 1724 3474 contrarium,quia
1743 3401 2097 3457 Dominusin

446 3496 752 3569 Evangelio
785 3495 931 3551 dicit
956 3494 1195 3565 Judaais,
1223 3495 1316 3551 Vos
1344 3509 1414 3548 ea:
1440 3496 1597 3565 patre
1625 3492 1843 3548 diabolo
1874 3494 2023 3560 estis,
2047 3494 2100 3547 et

455 3586 727 3642 desideria
743 3587 919 3657 patris
949 3586 1122 3640 vestri
1136 3586 1316 3655 facere
1329 3583 1491 3639 vultis
1514 3602 1531 3638 :
1554 3582 1652 3638 ille
1681 3582 1957 3639 homicida
1978 3586 2100 3638 erat

447 3677 516 3755 ιιιὸ
547 3677 729 3741 initio,
762 3679 813 3730 et
842 3676 902 3730 in
931 3677 1159 3730 veritate
1188 3690 1297 3729 non
1328 3674 1503 3744 stetit,
1531 3674 1665 3744 quia
1717 3674 1915 3727 veritas
1946 3673 2006 3727 in
2036 3687 2097 3727 eo

444 3764 558 3819 rion
585 3774 665 3820 est
696 3764 853 3837 (Joan
872 3780 996 3833 VIII,
1030 3763 1157 3833 1:11):
1191 3766 1248 3818 et
1277 3763 1431 3833 quod
1465 3761 1576 3817 alio
1603 3760 1727 3817 loco
1757 3760 1940 3817 Judaei
1974 3777 2098 3816 ser-

445 3856 691 3925 pentum
723 3853 1022 3925 genimina
1052 3856 1107 3908 et
1134 3850 1461 3923 viperarum
1487 3849 1858 3923 appellantur
1885 3848 2091 3922 (Matth.

441 3942 527 4010 ιιι,
562 3942 620 4008 7,
648 3946 698 3997 et
721 3959 879 4013 xxm,
902 3941 1015 4014 33).
1044 3941 1168 3997 Non
1199 3938 1534 4012 intelligunt
1557 3938 1701 3995 illud
1724 3956 1851 3996 esse
1872 3940 2094 3997 dictum

442 4031 515 4086 de
544 4029 781 4087 homine
808 4034 1122 4103 antequam
1153 4033 1439 4102 peccaret,
1473 4029 1625 4101 quod
1659 4029 1846 4084 factus
1894 4032 1983 4085 est
2020 4029 2093 4085 ad

442 4119 762 4193 imaginem
788 4125 846 4176 et
875 4119 1329 4176 similitudinem
1364 4118 1483 4175 Dei:
1508 4118 1617 4174 hoc
1639 4122 1834 4174 autem
1855 4119 2009 4190 quod
2032 4117 2093 4173 in

440 4209 749 4282 Evangelio
778 4214 884 4277 est,
906 4211 1003 4267 Vos
1020 4226 1090 4266 ea:
1106 4213 1265 4281 patre
1292 4207 1503 4264 diabolo
1519 4209 1666 4275 estis,
1686 4207 2093 4279 peccatoribus

439 4302 499 4355 et
519 4298 855 4355 infidelibus
885 4299 1020 4355 dici.
1044 4299 1256 4355 Tribus
1287 4297 1444 4353 enim
1477 4296 1667 4353 modis
1694 4297 1755 4352 in
1776 4295 2091 4368 Scripturis

441 4388 660 4444 sanctis
683 4387 940 4444 filiorum
971 4403 1182 4443 nomen
1196 4386 1566 4466 accipitur(a)
1592 4403 1605 4441 :
1634 4403 1749 4441 uno
1764 4387 2089 4441 secundum

440 4478 737 4542 naturam,
769 4475 1083 4546 quomodo,
1109 4475 1270 4530 Isaac
1299 4472 1456 4529 filius
1488 4472 1747 4542 Abrahae,
1783 4473 1868 4529 vel
1913 4473 2088 4529 etiam

443 4563 635 4619 caeteri
663 4564 849 4619 Judai
883 4564 980 4635 qui
1007 4581 1076 4620 ex
1104 4563 1306 4620 eadem
1360 4563 1582 4635 origine
1628 4562 1867 4619 veniunt
1903 4580 1916 4619 :
1952 4563 2087 4629 alio,

442 4654 767 4709 secundum
802 4654 1150 4723 doctrinam,
1180 4657 1244 4707 ut
1274 4651 1430 4707 ﬁlius
1460 4653 1585 4723 ejus
1618 4653 1676 4706 in
1707 4669 1776 4708 ea
1815 4668 1876 4707 re
1925 4652 2088 4723 quis-

440 4757 555 4814 que
585 4741 930 4815 appelletur,
963 4759 996 4797 a
1044 4758 1158 4813 quo
1191 4741 1412 4813 aliquid
1452 4742 1687 4808 didicit;
1740 4741 1893 4797 sicut
1936 4740 2088 4795 filios

438 4847 578 4888 suos
597 4830 910 4903 Apostolus
932 4830 1206 4903 appellat,
1221 4831 1322 4903 qui
1341 4830 1414 4886 ab
1429 4830 1526 4886 illo
1548 4831 1880 4887 didicerunt
1903 4831 2088 4885 Evan-

437 4920 653 4994 gclium
684 4922 730 4994 (Ι
764 4920 884 4976 Cor.
922 4938 993 4992 ιν,
1024 4921 1111 4987 14,
1145 4921 1272 4992 45);
1308 4920 1497 4988 tertio,
1532 4921 1858 4976 secundum
1889 4918 2086 4974 imita-

435 5010 681 5078 tionem,
716 5010 868 5065 sicut
914 5010 1068 5065 iilios
1117 5009 1359 5066 Abrahae
1412 5026 1518 5065 nos
1557 5013 1724 5064 vocat
1750 5009 2086 5081 Apostolus,

447 5099 547 5171 qui
578 5100 708 5171 ejus
738 5099 912 5154 iidem
945 5099 1244 5155 imitamur
1265 5099 1466 5170 (Galat.
1500 5116 1584 5169 ιιι,
1615 5098 1692 5170 7).
1725 5097 1965 5155 Duobus
1996 5114 2083 5153 er-

441 5205 512 5261 go
544 5188 736 5245 modis
792 5193 1123 5260 peccatores
1154 5188 1419 5244 inﬁdeles
1465 5187 1673 5257 Judaei,
1714 5187 1819 5242 ﬁlii
1871 5186 2085 5243 diaboli

435 5282 718 5334 vocantur
747 5295 781 5334 a
815 5281 1075 5347 Domino;
1099 5277 1185 5335 vel
1217 5279 1371 5349 quod
1424 5278 1497 5333 ab
1544 5277 1672 5349 ipso
1722 5276 2083 5348 impietatem

435 5365 786 5435 didicerunt,
821 5367 974 5424 sicut
1006 5370 1076 5424 de
1128 5370 1255 5440 ipso
1304 5366 1536 5422 diabolo
1572 5365 1885 5437 Apostolus
1917 5365 2081 5437 dicit,

437 5456 543 5525 Qui
567 5473 716 5513 nunc
744 5466 998 5531 operatur
1027 5460 1086 5514 in
1115 5458 1251 5529 ﬁliis
1279 5456 1610 5527 difﬁdentia?
1634 5455 1845 5526 (Ephes.
1879 5471 1940 5525 ιι,
1971 5455 2028 5525 2)
2064 5470 2078 5510 :

439 5544 527 5601 vel
554 5548 707 5618 quod
740 5565 873 5603 eum
903 5549 1231 5615 imitantur,
1266 5546 1419 5618 quod
1445 5544 1632 5615 magis
1654 5544 1906 5615 pertinet
1927 5545 1999 5599 ad
2024 5544 2081 5599 id

447 5636 600 5706 quod
618 5636 687 5691 de
712 5636 809 5693 illo
835 5637 1056 5693 dictum
1077 5636 1255 5703 est,Et
1276 5637 1337 5689 in
1359 5635 1589 5688 veritate
1613 5648 1721 5688 non
1745 5634 1927 5700 stetit;
1944 5632 2081 5705 quia

434 5730 492 5779 et
520 5723 633 5796 ipsi
651 5724 837 5782 Judaei
867 5726 928 5782 in
958 5725 1197 5781 veritate
1217 5723 1360 5795 legis
1382 5739 1509 5793 quae
1535 5721 1647 5777 sibi
1671 5722 1807 5778 data
1834 5725 1943 5789 est,
1963 5739 2078 5779 non

497 5918 573 5983 (a)
601 5920 622 5970 Ι
650 5912 900 5984 Πρω-ιαμ,
929 5933 1045 5984 cap.
1076 5920 1155 5969 22.

2233 907 2459 958 cantur.

2299 993 2353 1047 2.
2376 992 2459 1048 Ad
2484 992 2797 1066 imaginem
2823 997 3015 1049 autem
3035 993 3137 1049 Dei
3159 995 3378 1049 factum
3410 993 3735 1063 hominem,
3760 1013 3875 1051 non

2228 1084 2458 1136 tantum
2505 1081 2873 1153 Genesis,sed
2911 1082 3085 1138 etiam
3118 1082 3425 1155 Apostolus
3474 1081 3708 1151 clamat,
3742 1101 3877 1141 cum

2227 1169 2370 1226 dicit
2394 1188 2407 1227 :
2439 1172 2529 1227 Vir
2543 1172 2887 1243 quidemnon
2915 1172 3065 1228 debet
3085 1176 3262 1228 vetare
3280 1176 3461 1244 caput,
3490 1188 3613 1228 cum
3640 1175 3713 1229 sit
3736 1177 3876 1230 ima-

2225 1274 2290 1330 go
2319 1263 2371 1314 et
2398 1260 2577 1331 gloria
2605 1262 2725 1329 Dei,
2758 1260 2966 1317 mulier
2993 1272 3181 1318 autem
3219 1263 3405 1332 gloria
3436 1264 3548 1318 viri
3577 1262 3758 1335 (ICor.
3792 1280 3874 1331 ιιι,

2222 1351 2299 1420 7).
2336 1349 2402 1405 Et
2430 1356 2493 1405 ut
2523 1350 2831 1407 manifeste
2860 1350 3223 1425 intelligatur
3252 1369 3365 1408 non
3398 1353 3720 1408 secundum
3770 1370 3876 1409 ve-

2223 1442 2501 1495 tustatem
2544 1442 2759 1512 peccati
2792 1458 2917 1513 quas
2949 1441 3362 1513 corrumpitur,
3398 1443 3499 1497 sed
3545 1444 3874 1499 secundum

2223 1528 2585 1600 spiritualem
2618 1531 3137 1586 conformationem
3165 1532 3378 1586 factum
3411 1548 3541 1587 esse
3567 1531 3870 1588 hominem

2222 1618 2293 1673 ad
2326 1617 2642 1690 imaginem
2680 1620 2799 1687 Dei,
2840 1621 2994 1675 idem
3040 1621 3342 1692 apostolus
3387 1625 3583 1676 monet
3614 1625 3677 1676 ut
3710 1623 3868 1677 exuti

2221 1707 2644 1763 consuetudine
2675 1714 3031 1779 pecatorum,
3088 1710 3142 1764 id
3195 1714 3306 1776 est,
3358 1714 3550 1765 vetere
3608 1710 3870 1779 homine,

2218 1793 2537 1851 induamur
2568 1814 2714 1853 nova
2745 1799 2858 1853 vita
2886 1798 3120 1867 Christi,
3175 1814 3353 1870 quem
3400 1816 3616 1854 novum
3670 1800 3865 1855 homi-

2218 1901 2352 1939 nem
2380 1886 2652 1958 appellat.
2687 1888 2756 1942 Et
2786 1892 2849 1942 ut
2879 1890 3081 1943 doceat
3112 1887 3221 1943 hoc
3254 1906 3359 1944 nos
3391 1888 3701 1960 aliquando
3724 1890 3869 1945 ami-

2217 1974 2385 2045 sisse,
2420 1977 2853 2033 renovationem
2888 1976 3046 2032 illam
3079 1982 3263 2033 vocat.
3296 1978 3440 2032 Nam
3463 1978 3544 2033 ita
3564 1978 3860 2050 loquitur:

2214 2064 2591 2135 Exspatiantes
2635 2082 2725 2121 vos
2751 2070 2983 2121 veterem
3014 2066 3296 2123 hominem
3324 2083 3452 2122 cum
3483 2068 3691 2123 actibus
3719 2069 3862 2139 ejus,

2214 2154 2429 2210 induite
2452 2172 2671 2227 novum,
2708 2157 2804 2227 qui
2832 2160 3137 2213 renovatur
3176 2159 3235 2211 in
3262 2159 3599 2228 agnitionem
3632 2158 3747 2222 Dei,
3780 2174 3867 2214 se-

2211 2245 2455 2299 cundum
2482 2246 2782 2315 imaginem
2810 2246 2927 2315 ejus
2960 2247 3056 2317 qui
3097 2247 3301 2301 creavit
3348 2262 3471 2300 cum
3518 2248 3739 2317 (Coloss.
3776 2262 3862 2316 ιιι,

2209 2332 2264 2402 9,
2301 2333 2407 2404 10).
2447 2333 2569 2388 Filii
2601 2350 2737 2406 ergo
2771 2335 2865 2389 Dei
2899 2340 3039 2390 sunt
3059 2334 3328 2390 homines
3360 2335 3613 2391 renovati
3640 2336 3709 2390 ad
3733 2336 3863 2406 ejus

2209 2419 2549 2494 imaginem,
2581 2428 2640 2479 et
2668 2423 2717 2478 ei
2751 2422 2976 2479 similes
3008 2423 3139 2478 facti
3176 2440 3361 2496 usque
3388 2426 3459 2479 ad
3487 2423 3861 2480 dilectionem

2210 2509 2473 2567 inimici:
2506 2511 2659 2568 sicut
2689 2512 2974 2567 Dominus
3024 2512 3186 2577 dicit,
3219 2512 3460 2584 diligere
3509 2530 3614 2568 nos
3650 2514 3863 2570 debere

2208 2599 2477 2656 inimicos
2508 2606 2761 2668 nostros,
2790 2605 2855 2656 ut
2883 2601 3104 2657 similes
3126 2601 3313 2656 simus
3340 2600 3493 2657 Patri
3529 2607 3725 2657 nostro
3755 2602 3857 2673 qui

2206 2688 2266 2744 in
2300 2688 2460 2745 caelis
2493 2695 2582 2746 est
2611 2691 2834 2762 (Matth.
2885 2707 2941 2758 v,
2984 2691 3071 2760 44,
3116 2691 3227 2763 45).
3268 2691 3428 2755 Quod
3470 2690 3529 2745 in
3571 2697 3858 2762 potestate

2206 2782 2405 2834 nostra
2432 2779 2503 2834 ab
2536 2779 2661 2852 ipso
2693 2779 2808 2835 Deo
2839 2795 2965 2835 esse
3013 2780 3269 2851 positum
3306 2781 3473 2835 docet
3525 2780 3850 2852 Scriptura,

2205 2883 2338 2922 cum
2373 2868 2515 2924 dicit
2542 2886 2554 2925 :
2587 2869 2741 2925 Dedit
2769 2872 2849 2925 eis
2874 2874 3193 2941 potestatem
3222 2870 3368 2941 ﬁlios
3399 2872 3497 2925 Dei
3519 2871 3644 2941 ﬁeri
3672 2871 3851 2943 (Joan.

2203 2973 2245 3024 ι,
2280 2958 2386 3025 12).
2422 2956 2549 3013 Filii
2582 2965 2775 3015 autem
2810 2958 3025 3015 diaboli
3075 2959 3351 3015 dicuntur
3392 2950 3680 3027 homines,
3714 2977 3853 3016 cum

2204 3046 2511 3103 imitantur
2538 3050 2664 3119 ejus
2693 3049 2932 3119 impiam
2976 3049 3333 3121 superbiam,
3361 3054 3419 3105 et
3448 3067 3479 3105 a
3510 3048 3638 3105 luce
3668 3055 3847 3122 atque

2203 3135 2550 3191 celsitudine
2580 3136 2876 3208 sapientiae
2908 3137 3206 3206 decidunt,
3230 3141 3288 3192 et
3317 3154 3429 3191 non
3456 3137 3700 3192 credunt
3746 3152 3845 3193 ve-

2201 3224 2400 3280 ritati:
2434 3226 2638 3297 quales
2669 3226 2953 3281 Dominus
2994 3227 3205 3299 arguit,
3240 3242 3374 3281 cum
3406 3226 3566 3281 dicit.
3616 3227 3727 3282 νοω
3774 3242 3850 3281 ea:

2200 3323 2364 3382 patre
2391 3314 2605 3371 diabolo
2636 3317 2783 3386 estis,
2808 3320 2918 3371 etc.
2942 3315 3045 3371 Cui
3064 3316 3186 3371 loco
3208 3314 3537 3387 evangelico
3560 3314 3848 3387 prepheta

2200 3409 2504 3471 consonat,
2527 3403 2725 3460 dicens
2747 3421 2761 3461 :
2788 3406 2903 3478 Ego
2921 3404 3061 3472 dixi,
3093 3407 3184 3460 Dii
3205 3407 3350 3472 estis,
3372 3412 3425 3460 et
3448 3404 3557 3473 ﬁlii
3577 3404 3852 3461 Altissimi

2198 3509 2389 3549 omnes
2415 3510 2434 3549 :
2478 3510 2567 3550 vos
2597 3498 2783 3549 autem
2821 3499 2881 3550 ut
2929 3495 3172 3550 homines
3225 3495 3566 3562 moriemini,
3617 3498 3667 3550 et
3707 3496 3857 3550 sicut

2197 3599 2343 3638 unus
2370 3599 2439 3639 ex
2462 3583 2811 3656 principibus
2847 3584 3054 3640 cadetis
3085 3584 3254 3654 (Psal.
3287 3600 3472 3655 LXXXI,
3501 3585 3554 3648 6,
3585 3584 3663 3655 7).

2269 3672 2503 3728 CAPUT
2520 3674 2613 3729 VI.
2637 3673 2793 3729 —De
2825 3689 2890 3729 eo
2914 3673 3069 3745 quod
3097 3674 3378 3745 scriptum
3404 3678 3491 3728 est
3514 3672 3569 3727 in
3606 3672 3801 3728 Exodo
3833 3689 3847 3728 :

2197 3763 2413 3818 Honora
2427 3771 2636 3833 patrem
2656 3765 2832 3830 tuum,
2861 3765 2911 3817 et
2932 3766 3175 3817 matrem
3216 3771 3366 3816 tuam
3391 3760 3579 3833 (Exod.
3603 3778 3696 3826 xx,
3730 3762 3847 3833 12).

2198 3851 2342 3907 Huic
2367 3852 2538 3907 etiam
2562 3851 2711 3923 loco,
2736 3851 2835 3907 ubi
2859 3852 2928 3907 de
2950 3849 3309 3907 honorandis
3333 3851 3675 3924 parentibus
3688 3850 3847 3906 Deus

2197 3940 2487 4013 praecepit,
2518 3940 2684 3996 illum
2727 3940 3021 4014 Evangelii
3069 3940 3263 3996 locum
3309 3939 3601 3995 Manichtei
3635 3940 3849 3995 dicunt

2196 4044 2324 4085 esse
2356 4028 2734 4096 contrarium,
2759 4029 2857 4084 ubi
2886 4028 3163 4084 Dominus
3195 4028 3427 4084 cuidam
3467 4027 3703 4093 dicenti,
3746 4027 3843 4084 Ibo

2191 4120 2441 4190 primum
2460 4121 2798 4190 utsepeliam
2830 4122 3062 4190 patrum
3084 4134 3308 4181 meum;
3340 4117 3677 4190 respondit;
3709 4116 3848 4172 Sine

2192 4211 2490 4275 mortuos‘,
2522 4212 2765 4265 mortuos
2794 4223 2917 4264 suos
2956 4209 3228 4280 speliant;
3277 4216 3334 4263 tu
3366 4212 3557 4262 autem
3596 4208 3741 4278 veni,
3795 4216 3849 4262 et

2194 4299 2486 4353 annuntia
2514 4314 2749 4368 regnum
2778 4298 2879 4354 Dei
2897 4298 3047 4370 (Luc.
3071 4314 3151 4367 ιχ,
3176 4297 3268 4362 59,
3297 4296 3409 4369 60).
3443 4296 3603 4359 Quod
3637 4296 3847 4352 eodem

2194 4388 2367 4443 modo
2399 4387 2663 4455 solvitur,
2697 4404 2810 4460 quo
2842 4386 2986 4442 illud
3017 4386 3310 4458 superius,
3346 4385 3443 4440 ubi
3470 4386 3539 4440 de
3563 4400 3737 4440 uxore
3761 4401 3851 4440 re-

2192 4475 2512 4548 linquenda
2533 4477 2755 4532 dictum
2779 4478 3128 4545 est,Propter
3146 4491 3376 4544 regnum
3392 4475 3675 4530 calorum:
3703 4474 3848 4545 quia

2193 4569 2250 4621 et
2273 4571 2539 4637 parentes
2562 4566 2848 4623 honorare
2869 4566 3171 4631 debemus,
3195 4570 3250 4620 et
3271 4581 3369 4619 eos
3386 4570 3583 4619 tamen
3608 4567 3850 4634 propter

2194 4656 2699 4710 annuntiationem
2717 4654 2880 4726 regni
2904 4654 3004 4709 Dei
3020 4653 3496 4724 nullaimpietate
3518 4651 3850 4706 contemni-

2195 4760 2348 4798 mus.
2402 4743 2547 4799 Nam
2580 4743 2629 4799 si
2662 4743 2850 4798 Veteri
2899 4743 3272 4798 Testamento
3332 4740 3690 4797 contrarium
3751 4744 3849 4797 est

2191 4832 2569 4904 Evangelium
2591 4837 2826 4904 propter
2847 4831 3021 4887 istam
3048 4831 3425 4897 sententiam,
3444 4830 3648 4903 incipit
3664 4829 3846 4885 etiam

2191 4921 2470 4993 Apostolo
2488 4938 2613 4978 esse
2634 4921 3019 4987 contrarium,
3044 4920 3145 4993 qui
3167 4926 3223 4976 et
3261 4919 3412 4976 ﬁlios
3444 4924 3637 4975 monet
3658 4922 3723 4973 ut
3742 4918 3848 4975 ho-

2191 5015 2398 5067 norent
2414 5015 2708 5082 parentes,
2728 5014 2783 5066 et
2805 5014 3074 5082 parentes
3095 5014 3160 5065 ut
3181 5008 3427 5082 diligant
3450 5009 3597 5065 ﬁlios
3616 5008 3841 5081 (Ephes.

2190 5115 2266 5156 vr.
2289 5100 2414 5165 2-4,
2446 5104 2498 5155 et
2529 5099 2729 5157 Coloss.
2760 5118 2841 5169 ιιι,
2869 5100 3089 5171 20,2l).
3122 5099 3246 5155 Non
3281 5097 3471 5154 solum
3496 5104 3712 5165 autem,
3740 5097 3845 5153 sed

2190 5189 2366 5244 etiam
2399 5189 2681 5246 Dominus
2710 5190 3003 5246 videbitur
3030 5188 3141 5244 sibi
3191 5188 3302 5261 ipsi
3337 5204 3466 5244 esse
3511 5186 3844 5243 contrarius

2188 5276 2363 5350 (quod
2388 5278 2620 5334 credere
2641 5280 2804 5335 nefas
2827 5279 2960 5351 est),
2987 5277 3125 5350 quia
3154 5277 3278 5333 loco
3303 5277 3415 5333 alio
3450 5276 3590 5333 dicit
3613 5274 3843 5332 homini

2187 5368 2465 5437 quaerenti
2496 5367 2675 5423 vitam
2697 5367 3062 5434 aeternam,Si
3080 5368 3162 5422 vis
3179 5367 3459 5423 veniread
3480 5368 3665 5437 vitam,
3683 5381 3845 5421 serva

2185 5456 2567 5512 mandata:in
2598 5456 2812 5528 quibus
2849 5457 3028 5512 etiam
3070 5455 3212 5511 illud
3254 5459 3696 5525 commemorat,
3732 5455 3837 5511 Ησ-

2184 5561 2328 5601 nora
2347 5550 2563 5618 patrem
2596 5558 2645 5602 et
2678 5556 2935 5601 matrem.
2975 5546 3195 5611 Quibus
3243 5545 3538 5601 mandatis
3570 5544 3843 5617 perfectis

2186 5635 2362 5691 etiam
2395 5637 2465 5690 ad
2489 5635 2861 5691 dilectionem
2892 5635 2994 5690 Dei
3024 5635 3327 5704 crescitur,
3369 5635 3429 5690 in
3461 5652 3577 5707 qua
3598 5638 3689 5689 est
3720 5637 3843 5689 tota

2184 5724 2477 5797 perfectio.
2512 5725 2660 5780 Nam
2684 5723 2913 5781 dilectio
2935 5724 3181 5797 proximi
3207 5730 3400 5781 certus
3422 5725 3641 5798 gradus
3658 5723 3839 5780 estad

2247 5923 2266 5961 ί
2297 5920 2454 5988 Apud
2481 5921 2568 5975 Er.
2596 5920 2764 5988 Lugd.
2794 5922 2949 5985 Ven.,
2974 5919 3083 5973 sine
3110 5924 3167 5974 ut
3196 5921 3401 5974 mortui.
3433 5924 3504 5976 Μ.
