4012 6470
155 354 269 415 145

154 484 465 559 Apostolus
478 484 988 545 volensinsinuare
1002 489 1173 561 quale
1187 493 1689 562 corpusjustorum
1705 509 1807 564 per

150 577 615 632 immutationem
633 578 691 633 in
716 580 1138 635 resurrectione
1158 582 1419 636 futurum
1439 582 1681 653 sit,quia
1696 598 1805 637 non

152 668 370 734 nubent,
402 682 577 738 neque
606 684 809 722 uxores
827 668 1043 733 ducent,
1068 669 1160 724 sed
1185 675 1345 724 erunt
1366 672 1503 726 sicut
1530 673 1719 743 Angeli
1744 674 1799 726 in

154 759 297 811 cwlis
327 756 534 827 (Matth.
570 774 707 825 χχιι,
731 758 850 829 30):
886 758 1029 813 hanc
1056 776 1191 830 ergo
1218 760 1685 815 immutationem
1710 762 1802 815 fu-

154 849 343 901 turam
376 862 685 917 corporum
718 853 1059 902 sanctorum
1087 848 1282 903 volens
1314 850 1635 919 insinuare,
1656 850 1803 904 dixit

152 934 483 1005 Apostolus,
516 936 643 990 Dico
671 938 820 991 enim
850 937 1017 1001 vobis,
1037 939 1261 1008 fratres,
1295 938 1425 1009 quia
1453 955 1585 994 caro
1606 948 1655 994 et
1676 956 1800 995 san-

150 1024 270 1091 guis
300 1039 535 1091 regnum
568 1026 670 1079 Dei
700 1040 811 1079 non
840 1026 1219 1095 possidebunt.
1252 1027 1412 1092 Quod
1447 1044 1558 1082 non
1586 1045 1703 1083 una
1722 1046 1805 1084 se-

151 1115 349 1181 parata
378 1116 435 1167 et
473 1112 543 1166 ad
578 1112 841 1167 fraudem
870 1119 1327 1168 commemorata
1358 1116 1669 1183 sententia,
1696 1117 1796 1171 sed

150 1203 262 1255 toto
292 1200 423 1271 ipso
454 1200 724 1272 Epistolas
756 1200 881 1257 loco
906 1208 1273 1273 pertractato,
1306 1203 1391 1258 vel
1428 1204 1625 1275 potius
1658 1205 1803 1261 lecto

147 1290 279 1360 (non
312 1288 471 1345 enim
502 1307 594 1345 res
624 1290 875 1345 obscura
891 1292 999 1362 est)
1025 1291 1267 1347 inveniri
1296 1298 1505 1363 potest.
1531 1294 1622 1348 Sic
1645 1295 1801 1349 enim

147 1378 309 1433 dicit:
335 1382 567 1449 Oportet
579 1380 933 1450 corruptibile
947 1380 1049 1435 hoc
1067 1381 1294 1437 induere
1316 1384 1799 1453 incorruptionem:

146 1475 195 1523 et
218 1465 457 1522 mortale
484 1468 582 1523 hoc
612 1468 840 1524 induere
862 1471 1357 1525 immortalitatem.
1378 1472 1544 1535 Quod
1576 1488 1709 1527 eum
1732 1473 1802 1528 de

150 1572 386 1628 corpore
403 1556 615 1624 dicere,
633 1558 703 1612 de
730 1558 1130 1630 superioribus
1150 1560 1457 1616 manifeste
1482 1560 1798 1629 invenitur,

148 1661 274 1700 cum
305 1645 422 1701 ait:
473 1647 589 1702 Non
617 1649 794 1701 omnis
838 1663 965 1702 caro
996 1648 1191 1704 eadem
1220 1665 1346 1704 caro
1372 1668 1391 1704 :
1431 1651 1553 1705 alia
1584 1650 1801 1721 quidem

145 1735 446 1799 hominum,
478 1735 595 1791 alia
622 1741 811 1791 autem
837 1753 1134 1807 pecorum;
1183 1740 1296 1794 alia
1338 1755 1464 1793 caro
1496 1742 1796 1808 volucrum,

144 1824 255 1879 alia
282 1824 536 1895 piscium.
563 1828 629 1881 Et
643 1842 874 1896 corpora
894 1828 1151 1893 ccelestia,
1170 1838 1219 1883 et
1241 1844 1469 1899 corpora
1489 1832 1798 1884 terrestria:

142 1913 231 1969 sed
258 1915 374 1968 alia
405 1923 482 1969 est
510 1915 813 1970 caelestium
851 1916 1056 1984 gloria,
1117 1917 1231 1971 alia
1265 1920 1641 1983 terrestrium;
1681 1919 1798 1974 alia

140 2002 308 2073 glaria
336 2002 495 2075 solis,
528 2004 644 2059 alia
659 2004 841 2075 gloria
857 2006 1028 2074 lunae,
1053 2014 1103 2061 et
1133 2006 1250 2061 alia
1277 2005 1461 2074 gloria
1484 2008 1794 2063 stellarum.

138 2091 302 2146 Stella
330 2092 484 2146 enim
511 2092 578 2146 ab
594 2093 762 2148 stella
791 2093 975 2165 diﬂert
996 2097 1056 2149 in
1075 2096 1252 2165 gloria
1269 2115 1289 2162 ;
1305 2096 1385 2150 sic
1402 2104 1450 2151 et
1470 2100 1797 2153 resurrectio

138 2184 494 2236 mortuorum.
516 2182 835 2238 Seminatur
852 2185 909 2238 in
926 2186 1304 2255 corruptione,
1319 2189 1502 2255 surget
1522 2187 1583 2239 in
1605 2189 1794 2240 incor-

140 2272 427 2341 ruptione:
449 2273 761 2327 seminatur
778 2274 835 2327 in
854 2274 1206 2339 contumelia,
1229 2277 1410 2342 surget
1429 2275 1483 2328 in
1497 2275 1675 2345 gloria
1691 2292 1798 2329 :se-

140 2362 389 2415 minatur
408 2362 469 2415 in
493 2362 1033 2432 inﬁrmitate,surget
1054 2364 1111 2417 in
1131 2365 1664 2419 virtute:seminatur
1676 2380 1793 2420 cor-

142 2464 240 2514 pus
268 2452 535 2519 animale,
568 2453 749 2519 surget
777 2466 968 2523 corpus
996 2453 1311 2523 spirituale,
1351 2455 1491 2508 sicut
1529 2454 1791 2525 scriptum

144 2547 243 2593 est:
274 2540 471 2595 Factus
499 2549 581 2595 est
606 2543 821 2611 primus
856 2540 1013 2596 homo
1043 2541 1215 2596 Adam
1245 2546 1303 2596 in.
1336 2545 1580 2597 animam
1608 2546 1792 2599 viven-

144 2632 265 2693 tem,
294 2630 625 2684 novissimus
662 2630 837 2684 Adam
868 2632 925 2685 in
970 2633 1228 2701 spiritum
1269 2632 1655 2700 viviﬁcantem.
1690 2633 1793 2689 Sed

142 2733 245 2772 non
272 2719 516 2788 primum
550 2719 688 2791 quod
736 2720 1029 2789 spirituale
1073 2728 1168 2786 est,
1200 2721 1292 2775 sed
1336 2722 1479 2791 quod
1515 2724 1790 2785 animale;

136 2816 339 2875 postea,
376 2808 518 2879 quod
546 2808 874 2879 spirituale.
914 2810 1138 2864 Primus
1164 2809 1319 2865 homo
1341 2810 1407 2864 de
1436 2815 1605 2877 terra,
1627 2819 1794 2866 terre-

134 2912 261 2957 nus;
290 2896 563 2952 secundus
595 2897 755 2953 homo
772 2898 839 2952 de
854 2898 1005 2963 cazlo,
1037 2900 1280 2953 ccclesiis.
1303 2901 1497 2969 Qualis
1517 2908 1789 2971 terrenus,

132 2985 259 3039 tales
284 2996 337 3041 et
369 2988 613 3054 terreni;
644 2990 697 3042 et
727 2988 905 3058 qualis
924 2988 1175 3054 caelestis,
1201 2989 1337 3042 tales
1369 2997 1418 3043 et
1447 2990 1704 3044 ccelestes.
1723 2992 1791 3044 Et

130 3076 384 3144 quomodo
404 3075 689 3131 induimus
706 3078 1014 3147 imaginem
1028 3077 1562 3147 terreni,induamus
1583 3082 1632 3133 et
1651 3081 1789 3133 ima-

126 3164 305 3233 ginem
339 3165 461 3237 ejus
491 3165 588 3236 qui
619 3164 685 3220 de
718 3166 849 3220 caelo
890 3170 987 3221 est.
1022 3168 1127 3221 Hoc
1158 3174 1341 3221 autem
1371 3165 1508 3235 dico,
1556 3171 1786 3237 fratres,

129 3255 252 3323 quia
281 3269 413 3309 caro
441 3257 493 3309 et
520 3255 749 3325 sanguis
779 3271 1016 3322 regnum
1044 3257 1142 3310 Dei
1170 3255 1493 3312 haereditate
1510 3256 1790 3327 possidere

130 3358 233 3397 non
259 3347 518 3414 possunt;
558 3360 732 3417 neque
779 3347 1062 3415 corruptio
1104 3346 1572 3412 incorruptionem
1602 3345 1788 3403 haere-

133 3432 295 3487 ditate
330 3432 651 3503 possidebit.
687 3436 850 3490 Certe
873 3434 999 3505 jam
1053 3434 1275 3489 clarum
1328 3439 1416 3489 est
1464 3451 1642 3505 quare
1678 3435 1785 3490 hoc

133 3520 440 3592 Apostolus
474 3522 700 3578 dixerit.
734 3523 883 3586 Quid
920 3540 1054 3595 ergo
1102 3525 1210 3579 iste
1241 3528 1359 3577 tam
1394 3524 1546 3594 turpi
1580 3525 1784 3580 fraude

139 3625 245 3664 non
269 3617 712 3682 commemorat,
737 3612 848 3668 nisi
868 3612 976 3667 hoc
997 3612 1364 3677 ultimum,et
1394 3616 1544 3666 tacet
1566 3611 1664 3667 illa
1685 3630 1783 3668 su-

140 3699 380 3770 periora,
414 3699 632 3771 quibus
662 3701 770 3757 hoc
800 3701 953 3773 quod
988 3700 1138 3757 male
1171 3703 1603 3772 interpretatur,
1639 3702 1782 3757 bene

141 3788 323 3859 possit
344 3788 633 3861 intelligi?
649 3790 792 3845 Nam
817 3789 1093 3862 quoniam
1116 3790 1344 3845 Domini
1369 3789 1547 3845 nostri
1571 3807 1781 3863 corpus

136 3883 261 3946 post
288 3878 775 3934 resurrectionem
810 3878 893 3935 sic
936 3878 1188 3935 levatum
1220 3884 1309 3934 est
1346 3879 1402 3933 in
1454 3878 1684 3949 caelum,
1719 3884 1783 3935 ut

133 3981 230 4035 pro
253 3967 380 4037 ipsa
402 3966 627 4022 caelesti
655 3968 1008 4023 habitatione
1031 3968 1325 4024 ccelestem
1348 3968 1632 4039 acceperit
1655 3985 1782 4024 mu-

134 4054 509 4121 tationem,et
529 4056 638 4111 hoc
668 4057 975 4127 sperarein
1008 4056 1100 4112 die
1123 4056 1329 4111 ultima
1350 4057 1505 4128 jussi
1537 4072 1774 4112 sumus:

133 4142 253 4197 ideo
284 4144 430 4199 dixit
454 4144 788 4216 Apostolus,
816 4146 1001 4213 Qualis
1023 4154 1292 4215 terrenus,
1312 4146 1450 4201 tales
1471 4150 1526 4201 et
1550 4148 1776 4211 terreni,

131 4232 183 4286 id
214 4238 322 4303 est,
358 4232 666 4301 mortales;
689 4243 740 4290 et
768 4235 947 4305 qualis
966 4235 1353 4301 cwlestis,tales
1371 4242 1421 4289 et
1449 4234 1777 4301 ccelestes,id

131 4325 233 4388 est,
266 4321 657 4391 immortales,
688 4341 803 4379 non
836 4323 1027 4379 solum
1058 4323 1293 4390 animis,
1326 4324 1423 4379 sed
1456 4324 1629 4379 etiam
1652 4340 1775 4379 cor-

134 4411 626 4480 poribus.Undeet
646 4429 825 4484 supra
848 4412 1091 4479 dixerat,
1108 4412 1283 4467 aliam
1309 4428 1437 4468 esse
1458 4410 1777 4467 cmlestium

137 4514 437 4572 corporum
450 4500 784 4574 gloriam,et
806 4501 982 4557 aliam
1002 4501 1554 4565 terrestrium.Quod
1582 4504 1775 4556 autem

138 4589 437 4659 spirituale
465 4590 611 4645 dixit
632 4591 915 4662 corpusin
930 4590 1352 4646 resurrectione
1368 4590 1777 4658 futurum,non

139 4684 437 4750 propterea
467 4681 793 4751 putandum
825 4684 932 4745 est,
966 4680 1119 4751 quod
1146 4696 1260 4734 non
1291 4679 1637 4751 corpus,sed
1659 4680 1777 4749 spi-

138 4766 279 4822 ritus
308 4769 448 4823 erit:
498 4768 597 4824 sed
630 4767 931 4839 spirituale
973 4784 1183 4838 corpus
1213 4768 1370 4822 omni
1405 4766 1574 4821 modo
1605 4767 1775 4838 spiri-

136 4854 214 4910 tui
264 4856 573 4911 subditum
622 4855 800 4927 dicit,
856 4856 982 4912 sine
1030 4856 1227 4926 aliqua
1273 4855 1645 4927 corruptione
1690 4855 1777 4911 vel

139 4948 337 5000 morte.
373 4944 501 5001 Non
525 4943 679 4999 enim
712 4944 851 5015 quia
872 4945 1027 5016 quod
1058 4945 1230 5000 modo
1253 4944 1537 4999 habemus
1564 4960 1777 5016 corpus

139 5031 382 5088 animale
414 5032 687 5104 appellat,
722 5033 851 5089 ideo
884 5034 1210 5105 putandum
1240 5039 1328 5089 est
1349 5050 1463 5088 non
1488 5033 1632 5088 illud
1651 5048 1778 5089 esse

138 5136 361 5191 corpus,
398 5122 501 5177 sed
534 5122 812 5176 animam.
852 5122 995 5194 Ergo
1037 5122 1530 5193 quemadmodum
1563 5138 1776 5193 corpus

138 5209 382 5266 animale
418 5227 572 5266 nunc
603 5211 836 5281 dicitur,
886 5212 1019 5283 quia
1063 5211 1363 5267 subditum
1414 5216 1502 5267 est
1535 5211 1769 5280 animas;

138 5298 437 5371 spirituale
463 5304 657 5355 autem
691 5301 951 5355 nondum
982 5300 1094 5356 dici
1131 5305 1335 5372 potest,
1361 5300 1498 5371 quia
1518 5300 1777 5357 nondum

140 5388 361 5459 spiritui
383 5387 552 5461 plene
578 5389 904 5460 subjectum
924 5394 1031 5457 est,
1054 5389 1337 5461 quamdiu
1370 5388 1664 5461 corrumpi
1689 5406 1783 5461 po-

142 5481 273 5532 test:
305 5477 390 5534 sic
420 5481 479 5532 et
504 5480 646 5533 tunc
676 5478 980 5549 spirituale
1022 5477 1345 5545 vocabitur,
1379 5494 1515 5534 cum
1548 5478 1779 5550 spiritui

144 5568 311 5637 atque
339 5567 649 5623 aeternitati
678 5566 838 5623 nulla
867 5567 1234 5640 corruptione
1259 5566 1527 5624 resistere
1548 5566 1778 5639 poterit.

209 5654 261 5709 5.
299 5657 415 5711 Aut
445 5655 493 5711 si
512 5654 702 5711 adhuc
724 5674 930 5728 parum
958 5657 1182 5713 videtur
1212 5672 1339 5712 esse
1370 5660 1778 5728 monstratum,

149 5745 299 5816 quod
327 5745 683 5805 sententiam
708 5744 879 5805 istam
904 5745 1779 5821 propterjmmutationemiqua:

1607 359 1841 421 LIBER
1889 362 2121 424 UNUS.

3445 358 3563 421 146

1916 494 2112 550 futura
2134 500 2222 550 est
2248 494 2559 567 Apostolus
2584 493 2812 561 dixerit,
2830 509 2963 549 cum
2983 493 3083 563 ait,
3110 492 3245 549 Caro
3264 498 3316 549 et
3334 496 3561 565 sanguis

1916 600 2149 654 regnum
2180 586 2288 640 Dei
2316 584 2632 639 haereditate
2662 584 2928 655 possidere
2955 598 3065 638 non
3090 588 3339 655 possunt,
3388 599 3563 655 neque

1911 677 2194 745 corruptio
2218 676 2675 744 incorruptionem
2699 672 3017 730 haereditate
3038 672 3363 743 possidebit;
3381 676 3563 728 atten-

1913 763 2030 817 dite
2053 764 2189 834 quid
2215 764 2490 818 continuo
2506 762 2799 833 subjiciat,
2813 767 2868 817 et
2890 762 3173 833 adjungat
3189 780 3201 816 :
3218 764 3345 816 Ecce
3366 770 3562 833 myste-

1911 852 2061 906 rium
2084 853 2233 907 vobis
2252 852 2403 908 dico:
2426 869 2613 907 omnes
2634 851 2854 923 quidem
2876 867 3241 921 resurgcmus,
3256 867 3363 905 non
3380 856 3557 906 tamen

1914 956 2100 995 omnes
2131 943 2569 1011 immutabimur,
2591 941 2648 994 in
2669 945 2868 1004 atomo,
2890 942 2949 995 in
2970 941 3085 994 ictu
3109 940 3271 1005 oculi,
3296 941 3353 994 in
3375 941 3557 994 novis-

1911 1031 2053 1083 sima
2081 1032 2232 1085 tuba.
2251 1030 2412 1085 Canet
2427 1032 2571 1085 enim
2592 1032 2745 1096 tuba,
2771 1038 2820 1083 et
2839 1029 3046 1085 mortui
3061 1036 3345 1098 resurgent
3374 1030 3555 1084 incor-

1911 1122 2087 1188 rupti,
2116 1128 2168 1174 et
2196 1136 2291 1174 nos
2322 1120 2767 1174 immulabimur.
2800 1117 3011 1173 Deinde
3033 1117 3303 1184 contexit,
3335 1122 3390 1172 et
3412 1117 3555 1173 dicit

1911 1207 2085 1263 etiam
2120 1208 2261 1262 illud
2288 1210 2442 1279 quod
2462 1207 2634 1279 paulo
2649 1211 2780 1262 ante
2793 1205 3551 1270 commemoravi,utosten-

1911 1296 2010 1351 dat
2039 1296 2228 1368 qualis
2260 1297 2455 1351 futura
2486 1296 2561 1351 sit
2582 1296 2709 1367 ipsa
2732 1295 3088 1350 immutatio.
3111 1293 3318 1349 Statim
3337 1294 3551 1366 quippe

1910 1384 2083 1441 dicit:
2111 1386 2325 1457 Oportet
2353 1388 2501 1441 enim
2530 1385 2886 1456 corruptibile
2912 1385 3009 1439 hoc
3037 1383 3265 1438 induere
3294 1384 3551 1438 incorru-

1905 1476 2171 1544 ptionem,
2203 1476 2495 1531 etmortale
2506 1474 2604 1531 hoc
2617 1474 2843 1529 induere
2862 1473 3336 1528 immortalitatem
3352 1477 3397 1544 (Ι
3423 1471 3544 1528 Cor.

1908 1579 1998 1629 xv,
2032 1564 2101 1616 39
2129 1566 2242 1635 53).
2278 1563 2419 1619 Hinc
2444 1580 2580 1635 ergo
2610 1566 2850 1635 apparet
2878 1562 3017 1633 quia
3047 1578 3179 1641 caro
3218 1566 3275 1617 et
3304 1562 3547 1634 sanguis

1910 1668 2156 1724 regnum
2188 1653 2287 1708 Dei
2309 1670 2424 1707 non
2458 1652 2859 1724 possidebunt,
2882 1650 3017 1720 quia
3038 1644 3170 1707 cum
3192 1650 3549 1705 indueritin-

1907 1742 2337 1812 corruptionem
2370 1746 2427 1796 et
2456 1740 2977 1807 immortalitatem,
3015 1740 3142 1810 jam
3177 1756 3290 1794 non
3330 1755 3462 1794 caro
3493 1745 3551 1796 et

1908 1832 2150 1902 sanguis
2190 1830 2298 1885 erit
2327 1831 2423 1901 (a),
2462 1830 2562 1885 sed
2594 1829 2655 1884 in
2688 1846 2898 1900 corpus
2930 1827 3163 1884 cmleste
3202 1828 3546 1883 mutabitur.

1906 1919 2065 1982 Quod
2098 1918 2333 1990 quidem
2378 1935 2447 1974 ex
2475 1917 2777 1973 occasione
2807 1917 3201 1983 tractavimus,
3248 1916 3387 1988 quia
3415 1916 3551 1971 huic

1907 2024 2138 2079 quoque
2168 2008 2467 2064 sententias
2495 2006 2742 2061 multum
2771 2005 3035 2062 insidiari
3054 2005 3551 2077 solent,negantes

1906 2113 2213 2169 corporum
2248 2096 2753 2153 resurrectionem.
2777 2096 2922 2151 Nam
2945 2095 3061 2151 ista
3082 2095 3319 2167 quaestio
3344 2112 3458 2150 non
3481 2096 3553 2151 de

1906 2203 2164 2257 corpore,
2200 2187 2298 2242 sed
2332 2187 2403 2243 de
2433 2185 2630 2241 anima
2660 2186 2957 2258 pr0posita
2988 2188 3097 2252 est,
3131 2199 3309 2255 quam
3342 2186 3551 2254 putant

1904 2276 1988 2331 sic
2010 2274 2189 2346 accipi
2210 2275 2268 2330 in
2292 2276 2457 2347 Lege,
2490 2279 2553 2329 ut
2578 2274 2821 2346 sanguis
2847 2271 3547 2343 esseexistimetur:quod

1903 2380 2009 2420 nos
2064 2363 2224 2419 nullo
2256 2364 2427 2419 modo
2460 2363 2543 2418 sic
2576 2362 2979 2435 intelligimus.
3020 2362 3127 2417 Sed
3177 2361 3446 2432 quamvis
3476 2361 3551 2417 de

1902 2469 2176 2524 pecorum
2208 2452 2421 2508 animis
2442 2468 2557 2507 non
2580 2467 2875 2516 curemus,
2903 2466 3036 2505 cum
3068 2449 3284 2521 quibus
3307 2466 3420 2505 non
3444 2448 3544 2505 ha-

1900 2542 2105 2597 bemus
2136 2542 2377 2597 rationis
2427 2540 2683 2611 aliquam
2731 2539 3097 2595 societatem:
3143 2542 3340 2593 tamen
3390 2537 3537 2593 illud

1901 2632 2053 2702 quod
2077 2632 2190 2686 Lex
2216 2630 2377 2699 dixit,
2402 2630 2765 2685 fundendum
2797 2644 2924 2684 esse
2955 2627 3326 2699 sanguinem,
3350 2643 3456 2683 nec
3477 2628 3537 2683 in

1900 2734 2091 2774 escam
2125 2720 2567 2784 assumendum,
2603 2717 2742 2790 quia
2774 2716 3017 2789 sanguis
3045 2720 3133 2772 est
3161 2716 3377 2784 anima,
3408 2730 3537 2772 esse

1901 2808 2155 2879 positum
2188 2808 2439 2863 dicimus
2468 2807 2621 2863 sicut
2649 2806 2764 2862 alia
2801 2807 3015 2874 multa;
3065 2810 3123 2861 et
3153 2820 3298 2877 pene
3342 2804 3540 2861 omnia

1901 2898 2333 2969 Scripturarum
2365 2897 2597 2953 illarum
2630 2899 2998 2953 sacramenta
3036 2894 3220 2966 signis
3250 2897 3306 2951 et
3335 2893 3539 2967 ﬁguris

1899 2988 2071 3058 plena
2097 2991 2235 3041 sunt
2264 2986 2470 3041 futuras
2503 2985 2948 3058 praedicationis,
2989 3001 3115 3055 quas
3140 2985 3265 3055 jam
3297 2999 3401 3055 per
3426 2983 3537 3040 Do-

1899 3075 2127 3131 minum
2160 3080 2427 3131 nostrum
2448 3075 2652 3131 Jesum
2682 3073 2977 3131 Christum
2998 3072 3290 3129 declarata
3314 3075 3422 3127 est.
3447 3072 3541 3129 Sic

1896 3169 1987 3220 est
2015 3165 2169 3220 enim
2202 3165 2444 3236 sanguis
2474 3163 2691 3231 anima,
2715 3163 3006 3234 quomodo
3022 3165 3184 3233 petra
3204 3164 3328 3217 erat
3346 3161 3541 3217 Chris-

1896 3257 2011 3320 tus,
2045 3254 2197 3310 sicut
2224 3254 2365 3309 dicit
2395 3252 2736 3325 Apostolus:
2792 3254 3054 3308 Bibebant
3081 3253 3229 3307 enim
3275 3251 3344 3305 de
3369 3252 3539 3321 spiri-

1892 3344 2038 3398 tuali
2055 3348 2304 3414 sequente
2327 3346 2343 3377 ¹
2371 3346 2549 3413 petra,
2573 3351 2728 3415 petra
2748 3350 2931 3397 autem
2949 3349 3065 3397 erat
3085 3341 3332 3397 Christus
3354 3340 3453 3411 (Id.
3477 3357 3533 3408 x,

1894 3432 1969 3503 4).
2003 3433 2215 3487 Notum
2248 3437 2335 3488 est
2366 3436 2560 3487 autem
2593 3431 2745 3487 ﬁlios
2768 3430 2944 3487 Israel
2967 3435 3130 3502 petra
3150 3445 3426 3501 percussa
3447 3428 3534 3484 bi-

1892 3522 2049 3576 bisse
2080 3538 2292 3592 aquam
2324 3522 2382 3576 in
2414 3538 2605 3577 eremo
2628 3522 2816 3592 (Num.
2849 3537 2944 3586 xx,
2968 3520 3077 3589 11),
3101 3519 3171 3573 de
3201 3518 3416 3590 quibus
3446 3518 3531 3573 lo-

1892 3612 2179 3682 quebatur
2214 3610 2543 3680 Apostolus,
2591 3626 2723 3664 cum
2756 3608 2877 3664 hinc
2906 3607 3149 3676 diceret;
3198 3623 3303 3662 nec
3331 3609 3529 3662 tamen

1892 3700 1990 3767 ait,
2015 3704 2184 3754 Petra
2206 3699 2575 3770 significabat
2602 3698 2933 3765 Christum;
2957 3696 3056 3753 sed
3090 3697 3189 3761 ait,
3222 3698 3392 3752 Petra
3412 3702 3532 3751 erat

1892 3787 2157 3843 Christus.
2191 3790 2323 3852 Quae
2347 3804 2552 3843 rursus
2582 3804 2653 3843 ne
2684 3785 2994 3842 carnaliter
3014 3784 3389 3856 acciperetur,
3418 3783 3530 3857 spi-

1890 3876 2158 3931 ritualem
2188 3876 2348 3931 illam
2380 3880 2571 3942 vocat;
2623 3875 2683 3930 id
2713 3879 2822 3946 est,
2865 3864 2993 3930 eam
3026 3872 3408 3946 spiritualiter
3436 3872 3531 3928 in-

1887 3966 2003 4021 telli
2013 3966 2067 4036 gi
2091 3966 2276 4020 docet.
2305 3966 2566 4036 Longum
2590 3969 2697 4034 est,
2718 3970 2775 4019 et
2796 3980 2948 4019 nunc
2970 3979 3083 4019 non
3108 3962 3530 4027 necessarium,

1888 4059 2254 4109 sacramenta
2283 4055 2546 4123 ejusdem
2580 4053 2748 4125 Legis
2776 4068 3083 4124 exponere,
3114 4050 3228 4107 nisi
3247 4067 3380 4106 cum
3405 4052 3533 4106 bre-

1887 4143 2033 4198 viter
2063 4143 2309 4215 possint.
2344 4144 2576 4198 Sufﬁcit
2606 4147 2801 4198 autem
2836 4146 2902 4197 ut
2934 4141 3197 4197 noverint
3222 4139 3305 4195 illi
3332 4139 3536 4212 quiide

1887 4230 1980 4287 his
2011 4232 2463 4301 calumniantur,
2498 4248 2609 4286 non
2641 4248 2708 4286 ea
2730 4247 2836 4286 nos
2856 4231 2940 4286 ita
2970 4230 3314 4302 intelligere,
3346 4233 3411 4284 ut
3431 4227 3535 4285 illa

1887 4320 2076 4376 solent
2094 4320 2333 4376 irridere
2360 4337 2374 4387 ;
2408 4321 2508 4376 sed
2532 4319 3028 4392 quemadmodum
3051 4317 3311 4390 Apostoli
3333 4316 3533 4374 omnia

1888 4409 2279 4481 intelligentes
2309 4425 2490 4482 pauca
2519 4413 2936 4481 exposuerunt,
2971 4412 3036 4463 ut
3063 4407 3134 4463 ad
3171 4407 3405 4463 easdem
3436 4422 3530 4462 re-

1887 4498 2054 4571 gulas
2085 4503 2291 4553 caetera
2312 4499 2558 4569 posteris
2588 4496 2965 4570 intelligenda
2994 4495 3404 4568 relinquerent.

1958 4586 2188 4642 CAPUT
2211 4586 2357 4641 Xlll.
2389 4588 2521 4641 -1.
2540 4586 2694 4642 Deeo
2708 4586 2862 4657 quod
2880 4585 3163 4657 scriptum
3197 4584 3362 4640 estin
3385 4585 3529 4640 Deu-

1886 4675 2227 4743 teronomio,
2266 4675 2440 4731 Videte
2471 4692 2540 4731 ne
2576 4676 2979 4731 obliviscamini
3025 4677 3405 4730 testamentum
3427 4674 3529 4729 Dei

1886 4767 2050 4822 vestri
2075 4764 2212 4835 quod
2240 4767 2573 4837 conscripsit,
2597 4770 2647 4820 et
2673 4766 2890 4835 faciatis
2916 4764 3064 4819 vobis
3083 4764 3291 4835 efﬁgies
3310 4771 3359 4818 et
3385 4764 3525 4817 ima-

1887 4857 2073 4923 gines:
2106 4854 2268 4908 addit
2297 4854 2471 4909 etiam
2496 4854 2875 4924 dicens,Deus
2905 4857 3078 4909 vester
3104 4854 3251 4921 ignis
3269 4851 3524 4921 estedam,

1886 4946 1935 4999 et
1960 4947 2105 4998 Deus
2125 4943 2309 4997 zelans
2340 4944 2515 5011 (Deut.
2550 4960 2622 5010 1v,
2652 4944 2743 5009 23,
2772 4944 2884 5013 24).
2919 4942 3049 4997 Haec
3079 4941 3253 4997 verba
3282 4940 3353 4996 de
3372 4939 3532 4995 Scri—

1888 5031 2075 5104 pturis
2095 5032 2200 5087 hoc
2215 5034 2386 5088 modo
2401 5031 2497 5087 ille
2508 5032 2856 5089 Adimantus
2879 5031 3200 5104 pr0posuit.
3218 5030 3355 5100 Ejus
3374 5028 3529 5085 enim

1890 5120 2213 5177 calumnias
2253 5121 2590 5177 refutandae
2630 5120 3090 5192 refellendasque
3127 5118 3531 5190 suscepimus.

1890 5210 1999 5266 Sed
2024 5214 2079 5265 et
2091 5212 2215 5281 jam
2242 5210 2509 5283 superius
2533 5212 2603 5266 de
2633 5210 2752 5267 zelo
2778 5210 2875 5266 Dei
2902 5225 3033 5266 cum
3054 5206 3536 5276 calumniaretur,

1891 5304 2029 5371 puto
2052 5299 2193 5355 satis
2212 5315 2339 5355 esse
2362 5316 2729 5372 responsum.
2747 5297 3188 5354 Meminerimus
3212 5301 3409 5352 tamen
3423 5312 3538 5353 non

1892 5388 2081 5446 solum
2110 5388 2211 5457 ibi,
2244 5390 2345 5445 sed
2378 5390 2552 5446 etiam
2584 5388 2700 5455 hic,
2740 5389 2824 5445 sic
2852 5402 2988 5442 eum
3035 5386 3109 5442 de
3138 5385 3258 5443 zelo
3290 5384 3391 5442 Dei
3422 5385 3538 5441 cri-

1956 5631 1972 5664 ¹
2004 5629 2159 5688 Editi,
2215 5633 2451 5691 sequente
2482 5643 2579 5680 eos.
2630 5628 2811 5690 Abest,
2864 5641 2964 5689 eos,
2996 5642 3026 5678 ι
3056 5628 3181 5679 Mss.
3222 5630 3273 5677 et
3302 5641 3333 5677 a
3360 5639 3533 5691 graeco

1887 5694 2039 5743 textu
2067 5693 2326 5743 Apostoli.
2711 5726 2720 5736 .

1950 5758 2019 5819 (α)
2046 5756 2067 5807 ι
2096 5756 2344 5817 Rstract.,
2374 5769 2492 5820 cap.
2521 5758 2600 5819 22,
2631 5770 2690 5810 n.
2716 5758 2764 5809 3.
