4012 6460
397 377 512 438 M7

885 375 1201 436 CONTRA
1243 373 1722 437 ADIMANTUM
1769 374 2180 435 MANICHEI
2222 373 2728 444 DISCIPULUM,
2777 375 2841 433 S.
2885 369 3317 434 AUGUSTINI

3693 365 3811 427 148

397 508 686 564 minatum
721 508 1075 579 Sccipturas,
1109 513 1172 562 ut
1209 508 1556 579 adjungeret
1585 507 1763 562 etiam
1794 507 1944 578 quod
1979 507 2050 562 de
2157 506 2313 569 Quod
2332 501 3814 574 cunieiscommemoratumfuerit,quemadmodum

397 597 729 654 simulacris
745 614 854 651 non
869 597 1125 652 colendis
1144 597 1200 650 in
1220 596 1334 652 illis
1361 597 1524 651 libris
1549 596 1878 668 praecipitur
1893 614 1925 649 a
1941 603 2044 649 Do-

399 686 557 742 mino
591 687 704 742 Deo
736 691 963 754 nostro;
998 686 1162 756 quasi
1197 703 1308 741 non
1352 687 1425 740 ob
1458 686 1614 740 aliud
1666 685 2050 756 reprehendat

399 775 587 831 zelum
617 776 736 843 Dei,
772 775 884 830 nisi
919 777 1071 846 quod
1106 774 1202 830 illo
1234 775 1360 846 ipso
1391 774 1511 829 zelo
1539 793 1571 829 a
1605 774 1763 829 cultu
1813 774 2050 828 simula-

402 882 632 921 crorum
666 865 1076 936 prohibemur:
1111 864 1233 918 vult
1263 881 1400 935 ergo
1431 865 1609 919 videri
1644 865 1830 918 favere
1871 881 1933 917 se
1970 862 2052 917 si-

401 953 693 1010 mulacris.
727 953 888 1016 Quod
925 958 1228 1024 propterea
1258 954 1495 1016 faciunt,
1531 957 1594 1006 ut
1625 952 1963 1006 miserrima:
1993 955 2052 1007 et

401 1059 625 1098 vesanae
648 1059 764 1097 suas
783 1047 950 1096 sectas
970 1043 1146 1097 etiam
1172 1042 1531 1113 Paganorum
1555 1041 1864 1095 concilient
1887 1041 2053 1094 bene-

402 1130 737 1186 volentiam.
753 1131 900 1186 Huic
924 1137 1115 1186 autem
1143 1131 1312 1201 Legis
1334 1128 1585 1201 capitulo
1610 1129 1750 1183 illud
1767 1128 2054 1198 evangeli-

407 1238 538 1276 cum
554 1221 818 1291 opponit,
847 1221 939 1275 ubi
958 1221 1195 1292 quidam
1214 1219 1540 1274 accessitad
1565 1218 1894 1287 Dominum,
1911 1222 1966 1270 et
1979 1216 2059 1270 ait

406 1309 522 1364 illi:
558 1309 819 1378 Magister
849 1310 1001 1373 bone,
1033 1309 1163 1380 quid
1182 1311 1391 1379 faciens
1412 1309 1580 1362 vitam
1603 1311 1869 1361 aeternam
1886 1308 2058 1377 possi-

409 1399 579 1453 debo?
626 1398 729 1453 Cui
762 1399 1059 1469 respondit
1099 1397 1298 1452 Jesus:
1353 1397 1492 1464 Quid
1522 1413 1606 1451 me
1653 1398 1963 1462 interrogas
1992 1395 2060 1448 de

413 1489 584 1543 bono?
613 1488 773 1542 Nemo
807 1488 996 1554 bonus,
1022 1488 1131 1541 nisi
1161 1502 1300 1540 unus
1321 1491 1468 1540 Deus
1489 1485 1675 1556 (illarc.
1702 1502 1757 1551 x,
1786 1485 1847 1538 t7
1869 1489 1917 1539 et
1950 1485 2058 1554 18).

413 1577 486 1633 Ut
519 1593 585 1630 ex
621 1577 728 1631 hoc
761 1575 1024 1630 videlicet
1052 1575 1344 1630 contraria
1377 1575 1488 1629 ista
1516 1591 1644 1630 esse
1687 1573 2060 1639 arbitremur,

413 1665 554 1736 quia
575 1665 631 1719 in
659 1666 798 1737 Lege
821 1664 1052 1732 dicitur,
1073 1665 1210 1720 Deus
1241 1665 1385 1735 ignis
1406 1664 1566 1730 edax,
1588 1667 1662 1730 et,
1688 1665 1826 1718 Deus
1848 1663 2060 1729 zelans,

411 1754 471 1809 in
506 1754 812 1825 Evangelio
836 1758 1050 1822 autem,
1079 1755 1246 1809 Nemo
1278 1755 1468 1818 bon-us,
1499 1755 1614 1809 nisi
1643 1769 1786 1807 unus
1806 1758 1964 1808 Deus.

485 1844 540 1896 2.
574 1844 641 1897 Et
666 1843 735 1898 de
766 1842 888 1897 zelo
921 1843 1156 1913 quidem
1177 1845 1298 1911 jam
1335 1832 1677 1914 responsum
1711 1847 1816 1910 est,
1843 1858 1956 1896 non
1982 1841 2065 1895 sic

416 1948 546 1989 esse
576 1931 689 1986 ista
717 1932 891 1986 verba
921 1931 977 1985 in
1010 1932 1324 2002 Scripturis
1357 1933 1562 2003 posita,
1583 1939 1648 1987 ut
1676 1931 1932 2002 aliquam
1965 1929 2064 1984 Dei

422 2021 916 2093 perturbationem
932 2021 1189 2076 cruciatu
1200 2037 1325 2075 mve
1347 2021 1804 2093 signiﬁcent:sed
1824 2020 1961 2090 quia
1979 2019 2066 2071 ni-

421 2109 503 2165 hil
531 2111 775 2182 dignum
806 2110 876 2164 de
898 2109 1011 2164 Deo
1044 2109 1157 2163 dici
1190 2115 1400 2180 potest,
1433 2115 1738 2182 propterea
1775 2125 1959 2179 usque
1995 2110 2062 2162 ad

422 2199 536 2254 ista
568 2203 907 2271 perventum
937 2203 1044 2264 est,
1080 2215 1203 2269 quis
1227 2215 1360 2253 cum
1385 2199 1652 2253 homines
1680 2198 1920 2269 indigna
1940 2213 2068 2251 esse

421 2287 772 2359 putaverint,
804 2291 1089 2358 cogantur
1118 2287 1360 2356 discere,
1392 2287 1568 2342 etiam
1601 2287 1701 2342 illa
1722 2304 1848 2358 qua
1869 2301 2070 2340 conve-

419 2378 647 2431 nienter
675 2376 747 2430 de
775 2376 1053 2431 ineffabili
1086 2376 1283 2430 divina
1313 2375 1650 2431 excellentia
1667 2393 1728 2431 se
1748 2375 1937 2430 dicere
1959 2374 2070 2428 exi-

417 2465 680 2531 stimant,
704 2465 1085 2536 indignaesse
1109 2466 1415 2535 majestate
1429 2465 1526 2520 Dei
1555 2483 1567 2533 ;
1592 2467 1764 2536 cujus
1785 2464 2070 2537 sapientia

415 2571 549 2610 cum
573 2555 929 2610 descensura
958 2558 1112 2609 esset
1143 2571 1330 2625 usque
1361 2555 1432 2609 ad
1467 2570 1680 2625 corpus
1712 2553 2064 2620 humanum,

415 2644 578 2716 prius
611 2660 797 2714 usque
829 2644 898 2698 ad
936 2643 1194 2699 humana
1225 2643 1398 2698 verba
1421 2644 1740 2698 descendit.
1767 2644 1906 2698 Ecce
1928 2641 2064 2710 dixi,

417 2731 746 2787 descendit:
781 2733 932 2802 quod
966 2735 1205 2786 verbum
1251 2732 1297 2787 si
1331 2733 1620 2788 discutere
1650 2748 1897 2803 cmpero,
1933 2749 2068 2803 pro-

420 2823 543 2894 prie
574 2838 667 2876 me
695 2822 912 2876 dixisse
944 2839 1055 2876 non
1077 2821 1272 2888 video;
1306 2839 1416 2877 non
1443 2822 1596 2876 enim
1633 2826 1820 2892 potest
1837 2821 2070 2876 descen-

420 2913 578 2977 dere,
593 2910 702 2966 nisi
728 2911 879 2982 quod
898 2911 1071 2966 etiam
1099 2911 1168 2965 de
1185 2911 1310 2965 loco
1330 2911 1386 2965 in
1406 2911 1598 2965 locum
1619 2911 1835 2966 moveri
1857 2913 2066 2980 potest.

418 3001 564 3057 Nam
598 3000 696 3070 qui
729 2999 1048 3063 descendit,
1084 3000 1274 3053 locum
1304 2999 1661 3070 superiorem
1694 3000 1978 3064 deserere,
2013 3003 2070 3054 et

419 3089 755 3144 inferiorem
777 3094 968 3159 petere
991 3087 1235 3142 videtur.
1253 3088 1350 3143 Dei
1377 3093 1570 3143 autem
1593 3088 1910 3160 Sapientia,
1935 3105 2068 3143 cum

421 3182 544 3234 tota
575 3175 790 3248 ubique
816 3183 1022 3248 praesto
1056 3177 1151 3242 sit,
1187 3176 1345 3232 nullo
1372 3182 1536 3247 pacto
1573 3178 1822 3249 migrare
1845 3178 1915 3232 de
1946 3177 2070 3233 loco

421 3267 481 3321 in
513 3265 704 3321 locum
738 3270 948 3337 potest.
977 3265 1054 3320 De
1086 3283 1198 3336 qua
1219 3266 1474 3321 Joannes
1498 3266 1556 3320 in
1580 3266 1885 3338 Evangelii)
1908 3265 2069 3330 dicit,

421 3358 705 3426 tanquam
737 3354 1016 3408 dominici
1049 3355 1294 3425 pectoris
1326 3355 1635 3427 particeps.
1667 3357 1760 3410 Ait
1799 3340 1975 3422 enim,
2010 3357 2073 3410 In

423 3444 518 3499 hoc
551 3443 756 3499 mundo
785 3452 924 3508 erat,
978 3448 1028 3498 et
1062 3445 1298 3499 mundus
1340 3462 1442 3517 per
1471 3448 1655 3511 ipsum
1683 3449 1863 3516 [actus
1892 3448 1989 3510 est,
2022 3453 2074 3500 et

422 3534 657 3589 mundus
685 3551 815 3588 eum
844 3550 953 3588 non
973 3536 1250 3605 coynovit:
1269 3539 1323 3590 et
1352 3539 1546 3590 tamen
1568 3535 1692 3606 ipse
1725 3534 1996 3606 adjungit
2019 3540 2074 3588 et

424 3623 584 3689 dicit,
616 3625 678 3678 In
705 3639 808 3678 sua
834 3626 1057 3694 propria
1081 3625 1246 3689 venit,
1278 3629 1328 3678 et
1355 3626 1447 3679 sui
1473 3641 1600 3679 eum
1616 3641 1724 3679 non
1755 3627 2074 3690 receperunt

425 3714 798 3780 (Joan.1,10,
837 3715 942 3782 11).
995 3716 1283 3779 Quomodo
1334 3714 1428 3768 hic
1477 3719 1618 3779 erat,
1679 3719 1734 3768 et
1783 3714 2073 3784 quomodo

426 3802 603 3868 venit,
622 3801 736 3856 nisi
757 3805 894 3872 quia
917 3802 1014 3857 illa
1034 3802 1369 3858 sublimitas
1388 3803 1722 3871 ineli‘abilis,
1747 3807 1811 3857 ut
1826 3803 2076 3857 homini-

427 3891 540 3945 bus
564 3896 860 3962 congruat,
878 3890 1151 3945 humanis
1179 3893 1339 3946 sonis
1355 3891 1842 3962 signiﬁcandaest
1859 3909 1872 3958 ;
1891 3897 1954 3946 ut
1970 3909 2073 3946 au-

428 3983 544 4034 tem
577 3979 717 4033 deos
750 3979 1014 4033 homines
1047 3980 1238 4047 faciat,
1269 3980 1465 4035 divino
1488 3980 1975 4051 estintelligenda
1997 3980 2074 4034 si-

429 4067 646 4122 lentio?
660 4068 854 4122 Potest
884 4084 1019 4138 ergo
1053 4069 1211 4122 reddi
1235 4068 1403 4133 ratio,
1435 4085 1613 4139 quare
1636 4069 1714 4123 ita
1735 4068 1952 4124 dictum
1978 4070 2072 4123 sit:

429 4173 543 4212 non
577 4161 769 4211 tamen
813 4163 1001 4226 potest
1028 4157 1240 4226 aliquid
1285 4159 1354 4211 de
1401 4162 1511 4212 Deo
1543 4158 1716 4228 digne
1755 4157 1888 4228 dici,
1924 4159 2075 4229 quod

430 4245 691 4316 ideojam
717 4245 1022 4316 indignum
1041 4253 1150 4312 est,
1167 4247 1305 4316 quia
1326 4246 1514 4317 potuit
1535 4247 1842 4302 dici.Tolle
1866 4249 1934 4302 de
1956 4247 2076 4303 zelo

427 4351 679 4390 errorem
711 4340 769 4389 et
797 4335 1077 4403 dolorem,
1112 4335 1250 4405 quid
1277 4335 1601 4390 remanebit
1628 4335 1806 4404 aliud,
1833 4336 1944 4391 nisi
1978 4354 2074 4391 vo-

427 4422 623 4478 luntas
646 4423 983 4478 custodiens
1007 4425 1354 4490 castitatem,
1370 4427 1428 4479 et
1449 4427 1881 4495 corruptionem
1899 4425 2078 4480 vindi-

429 4529 567 4567 cans
598 4512 963 4583 conjugalcm
987 4513 1014 4566 ?
1059 4513 1180 4576 Quo
1221 4512 1402 4582 igitur
1449 4513 1640 4582 verbo,
1685 4515 1796 4569 nisi
1830 4513 1950 4570 zelo
1981 4516 2076 4569 Dei

431 4601 642 4656 melius
673 4607 871 4672 posset
902 4601 1207 4666 insinuari,
1251 4603 1403 4672 quod
1447 4619 1722 4658 vocamur
1753 4604 1821 4658 ad
1873 4605 2074 4675 conju-

431 4691 593 4762 gium
625 4689 746 4755 Dei,
780 4695 836 4744 et
862 4707 976 4744 non
1008 4689 1131 4744 vult
1163 4707 1268 4745 nos
1291 4691 1444 4762 turpi
1465 4707 1660 4746 amore
1691 4694 2079 4764 corrumpi,et

431 4779 603 4851 punit
634 4778 1061 4850 impudicitiam
1098 4784 1376 4848 nostram,
1409 4784 1464 4835 et
1495 4780 1684 4852 diligit
1709 4781 2078 4846 castitatem?

431 4868 557 4924 Non
589 4869 745 4923 enim
777 4868 995 4923 frustra
1024 4867 1197 4940 vulgo
1235 4868 1346 4923 dici
1396 4869 1575 4925 solet:
1625 4870 1732 4935 Qui
1763 4889 1876 4926 non
1905 4872 2074 4940 zelat,

429 4973 545 5013 non
578 4961 756 5013 amat.

499 5047 551 5099 3.
585 5047 670 5102 Ad
705 5046 813 5100 hoc
843 5046 1020 5100 etiam
1053 5046 1302 5116 pertinet
1344 5048 1495 5119 quod
1530 5047 1750 5104 dictum
1783 5054 1891 5116 est,
1937 5050 2078 5106 edax

427 5137 602 5206 ignis:
631 5137 701 5190 de
734 5153 849 5206 quo
871 5135 1171 5206 disputare
1203 5153 1313 5191 non
1339 5137 1541 5207 debeo,
1575 5139 1676 5193 sed
1700 5141 1894 5210 potius
1916 5140 2075 5211 ipsos

425 5225 800 5295 interrogare,
818 5241 991 5295 quem
1019 5225 1209 5294 ignem
1233 5225 1440 5281 dixerit
1460 5227 1744 5284 Dominus
1766 5245 1828 5284 se
1851 5229 2075 5285 venisse

425 5313 656 5368 mittere
687 5313 744 5367 in
778 5312 933 5368 hunc
966 5315 1274 5368 mundum.
1311 5319 1425 5371 Hoc
1455 5316 1609 5372 enim
1642 5318 1863 5373 dictum
1896 5324 1984 5373 est
2014 5319 2073 5372 in

425 5401 758 5472 Evangelio,
794 5403 948 5472 quod
983 5401 1066 5456 illi
1097 5420 1370 5460 accusare
1406 5423 1520 5461 non
1555 5412 1820 5477 possunt,
1865 5424 1978 5462 non
2013 5413 2075 5463 ut

424 5491 722 5546 Christum
759 5493 1061 5558 honorent,
1112 5493 1212 5548 sed
1257 5499 1319 5547 ut
1349 5494 1642 5566 decipiant
1688 5495 2070 5551 Christianos.

492 5705 508 5738 ι
542 5700 699 5765 Apud
731 5701 816 5751 Er.
845 5701 1010 5765 Lugd.
1041 5703 1151 5753 Ven
1182 5707 1236 5753 et
1263 5705 1410 5764 Lov.,
1456 5704 1754 5756 insinuari?
1783 5705 1888 5766 Quo
1917 5719 2068 5755 voca-

430 5779 562 5826 mur,
595 5769 695 5815 etc.
725 5766 796 5814 Μ.

2161 598 2437 650 Dominus
2470 595 2700 659 dixerit,
2735 597 2918 664 Ignem
2942 595 3066 648 veni
3095 595 3315 647 mittere
3344 595 3404 646 in
3435 591 3814 662 terram(Luc.

2160 701 2260 744 ιιι,
2293 684 2418 753 49);
2453 683 2651 737 miseri
2685 684 2924 737 dicunt:
2961 683 3069 736 Sed
3097 681 3240 735 illud
3275 680 3431 735 aliud
3466 685 3573 735 est.
3594 679 3819 745 Quibus

2162 775 2585 844 respondemus
2612 789 2624 826 :
2662 773 2727 826 Et
2759 773 2866 826 hoc
2892 771 3046 826 aliud
3072 776 3178 840 est,
3214 770 3330 824 noli
3365 776 3644 825 metuere.
3668 769 3815 824 Nam

2163 863 2286 934 ipse
2317 861 2584 916 Christus
2617 861 2876 931 loquitur
2907 861 3081 914 etiam
3111 861 3166 913 in
3200 859 3389 914 Veteri
3414 859 3815 925 Testamento,

2165 967 2298 1006 cum
2331 951 2488 1016 dicit,
2508 953 2610 1020 Ego
2627 968 2748 1004 sum
2780 951 2922 1021 ignis
2953 950 3282 1018 edax(Deut.
3314 965 3389 1012 IV,
3420 949 3510 1011 24,
3542 951 3593 1002 et
3617 965 3690 1013 ix,
3717 947 3814 1018 3);

2166 1039 2265 1110 qui
2300 1039 2554 1110 loquitur
2597 1040 2652 1093 in
2698 1039 3027 1109 Evangelio,
3074 1039 3224 1109 quod
3277 1037 3469 1108 ignem
3504 1036 3724 1090 venerit
3755 1035 3813 1089 in

2165 1128 2324 1183 hunc
2356 1129 2640 1182 mundum
2676 1129 2923 1195 mittere,
2975 1129 3032 1182 id
3074 1132 3182 1196 est,
3214 1127 3468 1180 Verbum
3501 1124 3623 1190 Dei,
3657 1125 3815 1195 quod

2166 1224 2255 1273 est
2275 1219 2572 1290 ipse.Nam
2597 1223 2817 1272 veteres
2831 1217 3030 1288 utique
3051 1216 3382 1287 Scripturas
3400 1217 3668 1286 exposuit
3686 1219 3820 1286 post

2169 1307 2652 1363 resurrectionem
2684 1307 3011 1379 discipulis,
3036 1306 3318 1378 incipiens
3340 1305 3580 1378 aMoyse
3607 1310 3664 1360 et
3687 1306 3820 1360 Pro-

2171 1397 2360 1467 phetis
2385 1397 2916 1467 omnibus,quando
2935 1395 3045 1467 ipsi
3072 1394 3345 1466 discipuli
3368 1395 3560 1466 ignem
3583 1411 3644 1449 se
3661 1410 3823 1450 acce-

2172 1485 2328 1557 pisse
2351 1486 2596 1540 confessi
2631 1490 2788 1555 sunt,
2815 1484 3107 1539 dicentes:
3134 1486 3322 1540 Nonne
3340 1499 3432 1538 cor
3450 1493 3703 1539 nostrum
3727 1499 3825 1538 ar-

2171 1575 2300 1630 dens
2330 1583 2449 1629 erat
2465 1577 2523 1629 in
2553 1581 2706 1629 nobis
2723 1576 2778 1628 in
2802 1575 2909 1642 via,
2929 1591 3052 1628 cum
3071 1575 3308 1645 aperiret
3328 1575 3483 1628 nobis
3509 1572 3830 1644 Scripturas

2172 1665 2322 1732 (Luc.
2356 1681 2505 1725 xxiv,
2538 1664 2673 1734 32)?
2698 1665 2825 1735 Ipse
2857 1663 3113 1734 estignis
3133 1663 3276 1717 edax
3299 1679 3312 1716 :
3339 1661 3637 1716 consumit
3665 1662 3828 1716 enim

2186 1758 2436 1807 veterem
2470 1753 2642 1807 vitam
2679 1753 2911 1807 divinus
2941 1770 3124 1819 amor,
3157 1757 3212 1807 et
3243 1753 3480 1806 innovat
3503 1751 3825 1806 hominem:

2175 1847 2241 1896 ut
2261 1859 2328 1897 ex
2357 1859 2422 1897 eo
2447 1844 2597 1913 quod
2627 1848 2774 1898 Deus
2803 1843 2956 1911 ignis
2973 1846 3062 1896 est
3091 1842 3254 1911 edax,
3276 1842 3448 1896 faciat
3477 1847 3540 1896 ut
3558 1858 3690 1896 eum
3719 1857 3826 1895 nos

2176 1948 2469 1999 amemus;
2496 1947 2562 1985 ex
2585 1948 2650 1986 eo
2672 1937 2864 1986 autem
2890 1933 3043 2003 quod
3066 1932 3218 1987 Deus
3239 1930 3434 1986 zelans
3455 1930 3695 2001 est,ipse
3717 1947 3826 1986 nos

2176 2025 2350 2076 amet.
2376 2021 2560 2076 Nolite
2582 2037 2716 2092 ergo
2739 2021 2943 2076 timere
2967 2021 3181 2092 ignem,
3207 2021 3361 2092 quod
3388 2024 3478 2075 est
3496 2021 3647 2075 Deus
3673 2019 3823 2076 ‘Lsed

2176 2101 2377 2164 timete
2410 2110 2627 2180 ignem,
2659 2126 2834 2180 quem
2867 2110 3090 2182 paravit
3120 2109 3406 2164 haereticis
3437 2115 3610 2164 Deus.

2248 2200 2299 2253 4.
2336 2200 2498 2264 Quod
2531 2200 2686 2254 enim
2717 2200 3064 2255 Adimanlus
3095 2197 3270 2269 elegit
3299 2200 3368 2255 de
3403 2198 3705 2268 Evangelio
3739 2198 3828 2254 1ου

2178 2304 2510 2360 cum,quem
2535 2288 2670 2343 huic
2695 2288 2862 2360 Legis
2889 2288 3144 2360 capitulo
3164 2292 3444 2360 tanquam
3467 2289 3830 2344 contrarium

2178 2379 2331 2450 apud
2359 2378 2661 2449 imperitos
2686 2379 2980 2449 objiceret,
3001 2378 3099 2433 ubi
3120 2378 3200 2433 ait
3216 2378 3521 2443 Dominus,
3544 2380 3716 2433 Nemo
3741 2378 3830 2433 bo.

2177 2484 2299 2532 nus,
2333 2469 2447 2521 nisi
2478 2484 2617 2521 unus
2647 2469 2804 2534 Deus,
2837 2466 3375 2538 quotiesinvenitur
3395 2467 3624 2522 bonitas
3650 2467 3749 2521 Dei
3771 2468 3831 2521 in

2179 2557 2367 2611 Veteri
2392 2557 2787 2626 Testamento,
2823 2557 2955 2627 quis
2987 2573 3297 2611 numerare
3319 2555 3614 2611 sutticiat?
3637 2555 3830 2611 Unum

2177 2651 2374 2700 tamen
2411 2662 2645 2716 ponam,
2677 2646 2830 2716 quod
2865 2646 3124 2717 quotidie
3147 2646 3202 2699 in
3239 2644 3494 2700 Ecclesia
3523 2649 3826 2701 cantatur:

2180 2735 2788 2803 Conﬁteminiliomino,
2804 2738 3068 2806 quoniam
3087 2738 3276 2801 bonus,
3302 2738 3564 2807 quoniam
3579 2739 3636 2791 in
3660 2753 3834 2792 sicci:-

2179 2827 2292 2879 lum
2323 2825 2702 2879 misericordia
2721 2827 2838 2896 ejus
2861 2826 3034 2897 (Psal,
3060 2842 3229 2893 cxvn,
3251 2826 3273 2880 4
3292 2867 3304 2891 ,
3327 2827 3438 2896 29).
3463 2826 3628 2881 Certe
3650 2832 3705 2881 et
3725 2825 3836 2881 hoc

2177 2913 2386 2968 zelanti
2418 2915 2553 2983 Deo,
2579 2914 2729 2968 sicut
2750 2915 3044 2969 Manichazi
3077 2915 3432 2982 existimant,
3457 2916 3683 2970 videtur
3704 2932 3836 2971 esse

2179 3003 2561 3070 contrarium,
2596 3009 2653 3057 et
2687 3009 2879 3058 tamen
2919 3005 2975 3058 in
3010 3004 3173 3059 libris
3213 3004 3438 3060 Veteris
3468 3005 3831 3061 Testamenti

2179 3095 2464 3146 cantatur.
2493 3092 2634 3147 Item
2667 3110 2764 3147 rex
2794 3093 2912 3158 ille,
2937 3094 3189 3165 quicum
3219 3093 3336 3148 tilio
3359 3111 3464 3149 suo
3486 3095 3722 3165 nuptias
3747 3095 3834 3149 fa-

2180 3185 2354 3246 ceret,
2389 3181 2610 3235 invenit
2632 3182 2786 3236 inter
2807 3183 3244 3238 discumbentes
3268 3183 3563 3238 hominem
3587 3200 3703 3239 non
3727 3183 3835 3238 ha-

2180 3271 2410 3326 bentem
2445 3276 2658 3325 vestem
2695 3272 3009 3342 nuptialem
3039 3289 3051 3338 ;
3085 3277 3143 3327 et
3163 3289 3296 3327 eum
3333 3272 3518 3344 primo
3540 3273 3711 3328 amici
3737 3290 3836 3328 no-

2182 3360 2338 3415 mine
2361 3360 2682 3431 appellans,
2709 3361 2982 3416 manibus
3015 3368 3071 3416 et
3101 3363 3346 3432 pedibus
3371 3362 3658 3433 colligatis
3682 3363 3836 3418 mitti

2173 3450 2356 3522 jussit
2389 3450 2445 3503 in
2479 3451 2750 3504 tenebras
2772 3451 3084 3506 exteriores
3107 3453 3469 3522 (Matth.xxu,
3500 3452 3683 3523 2-13):
3710 3469 3842 3507 mo-

2183 3538 2324 3594 lcste
2356 3539 2817 3610 intelligentibus
2844 3557 2958 3594 non
2984 3540 3213 3595 videtur
3235 3542 3446 3596 bonus.
3474 3541 3540 3596 Et
3570 3542 3616 3596 si
3642 3541 3844 3614 ipsum

2185 3627 2491 3700 quisquam
2528 3629 2852 3700 capitulum
2886 3629 3183 3701 Evangelii
3217 3635 3588 3702 proponeret,
3609 3641 3663 3686 et
3690 3630 3850 3686 sicut

2182 3718 2319 3772 facit
2349 3717 2696 3773 Adimantus
2728 3719 2798 3773 de
2828 3718 3020 3773 Veteri
3051 3720 3450 3789 Testamento,
3477 3721 3558 3774 ita
3583 3721 3846 3792 Evange-

2183 3807 2326 3861 lium
2360 3806 2721 3862 calumniose
2752 3812 3074 3874 accusaret,
3106 3807 3356 3864 laudans
3390 3807 3583 3880 potius
3615 3809 3845 3864 Veteris

2183 3895 2859 3963 Testamentilibros,ubi
2876 3897 2986 3952 scri
2995 3905 3158 3968 ptum
3173 3897 3637 3969 est,Conﬁtemini
3650 3902 3845 3953 Domi-

2182 4001 2274 4053 no,
2307 3988 2567 4056 quoniam
2589 3987 2777 4053 bonus,
2811 3988 3072 4058 quoniam
3089 3989 3146 4042 in
3177 3989 3440 4044 saeculum
3462 3987 3841 4044 misericordia

2183 4077 2330 4146 ejus;
2355 4081 2412 4129 et
2433 4076 2860 4144 reprehendens
2877 4075 2934 4129 in
2958 4076 3136 4145 Novo,
3160 4077 3314 4147 quod
3342 4083 3578 4131 vocatus
3595 4077 3840 4133 conviva

2185 4165 2242 4218 in
2263 4170 2489 4218 tantum
2511 4164 2863 4236 supplicium
2880 4171 3341 4236 proptervestem
3362 4165 3634 4233 mittitur;
3655 4171 3711 4220 et
3729 4166 3840 4222 hoc

2185 4253 2557 4308 fraudulenta
2588 4255 2962 4325 perversitate
3008 4255 3242 4309 assidue
3274 4256 3506 4322 faceret,
3548 4260 3614 4310 ut
3634 4257 3838 4312 omnia

2186 4343 2310 4397 loca
2329 4343 2579 4398 lenitatis
2607 4344 2676 4398 de
2697 4343 2884 4398 Veteri
2904 4345 3277 4399 Testamento
3305 4344 3686 4416 colligeret,et
3707 4344 3838 4402 loca

2185 4432 2507 4488 severitatis
2537 4434 2606 4487 de
2628 4433 2803 4498 Novo,
2830 4439 2885 4486 et
2906 4433 3024 4488 haec
3047 4434 3158 4488 sibi
3189 4434 3430 4489 adversa
3448 4450 3574 4489 esse
3597 4439 3839 4490 conten-

2185 4522 2362 4591 deret,
2382 4521 2630 4577 laudans
2648 4521 2846 4590 Vetus,
2865 4527 2919 4577 et
2943 4523 3372 4594 reprehendens
3395 4523 3648 4580 Novum:
3668 4523 3837 4580 simio

2184 4610 2318 4664 liter
2348 4612 2630 4666 inveniret
2659 4611 2956 4682 imperitos
2974 4621 3025 4666 el
3046 4613 3373 4667 divinarum
3399 4613 3836 4686 Scripturarum

2187 4700 2594 4755 miserabiliter
2615 4701 2866 4772 ignaros,
2892 4701 3107 4772 quibus
3132 4702 3510 4773 persuaderet
3533 4707 3710 4758 Vetus
3729 4721 3834 4775 po-

2183 4789 2302 4844 tius
2334 4790 2796 4857 Testamentum,
2831 4807 3006 4861 quam
3037 4791 3257 4846 Novum
3286 4808 3409 4847 esse
3439 4792 3833 4848 retinendum.

2186 4879 2345 4945 Quod
2369 4895 2504 4933 cum
2537 4879 2630 4934 isti
2664 4896 2731 4933 ex
2749 4879 2862 4934 alia
2883 4886 3042 4949 parte
3065 4881 3304 4947 faciunt,
3324 4881 3381 4936 id
3412 4887 3522 4948 est,
3540 4880 3720 4938 Vetus
3744 4898 3834 4938 re-

2184 4968 2628 5039 prehendentes,
2665 4969 2830 5040 quasi
2864 4969 3218 5025 contrarium
3251 4970 3427 5037 Novo,
3472 4971 3654 5026 miror
3675 4973 3833 5042 quod

2185 5073 2298 5112 non
2315 5057 2569 5128 cogitant
2584 5073 2752 5128 posse
2765 5057 3018 5129 aliquem
3035 5057 3346 5129 aliquando
3377 5063 3694 5131 utrumque
3711 5059 3836 5115 lau-

2185 5146 2322 5201 dare
2342 5162 2354 5213 ;
2373 5146 2753 5218 fraudemque
2771 5146 3014 5202 istorum
3034 5155 3084 5201 at
3113 5164 3201 5216 lue
3224 5147 3506 5204 malitiam
3523 5149 3610 5205 vel
3634 5148 3833 5205 dolere

2182 5239 2461 5304 tanquam
2497 5234 2826 5303 hominum,
2857 5236 2942 5291 vel
2989 5253 3187 5291 cavere
3218 5242 3499 5309 tanquam
3531 5238 3833 5295 haeretico-

2184 5339 2337 5393 rum,
2369 5322 2453 5377 vel
2478 5322 2718 5380 irridere
2737 5328 3018 5395 tanquam
3041 5324 3119 5379 im
3129 5324 3441 5396 peritorum
3470 5332 3527 5382 et
3547 5327 3833 5399 superbo-

2182 5427 2332 5467 rum.

2253 5500 2488 5557 CAPUT
2525 5503 2668 5558 XIV.
2700 5533 2771 5544 —
2802 5504 2851 5558 1.
2903 5503 2980 5558 De
3025 5520 3090 5558 eo
3124 5504 3278 5575 quod
3312 5503 3598 5577 scriptum
3649 5510 3740 5562 est
3769 5506 3829 5562 in

2181 5593 2654 5647 Deuteronomio:
2685 5591 2992 5648 Secundum
3021 5592 3362 5649 desiderium
3380 5596 3587 5652 animw
3606 5603 3720 5653 tuae
3739 5612 3828 5652 oc-

2244 5772 2260 5806 ί
2299 5767 2452 5833 Apud
2478 5768 2564 5819 Er.
2592 5767 2760 5832 Lugd.
2791 5767 2922 5820 Ven.
2957 5771 3009 5820 at
3037 5769 3188 5831 Lam,
3215 5770 3306 5834 qui
3334 5774 3410 5822 est
3436 5770 3589 5824 Deus.
3659 5772 3732 5824 lt.
