4012 6486
140 422 248 483 153

138 553 322 610 tentias
348 552 602 624 Domini,
629 569 743 624 qua
765 553 1065 609 verissime
1088 554 1247 621 dicit,
1276 570 1388 609 non
1408 552 1773 626 coinquinari

140 641 514 698 hominemiis
531 659 657 713 quas
676 642 1479 715 perescamingrediunturin
1500 641 1773 698 eum.llla

140 731 289 786 enim
313 730 600 786 sententia
622 731 802 786 servis
824 748 999 787 onera
1016 730 1292 803 imponit;
1314 732 1559 802 istajam
1580 731 1773 787 liberis

138 820 341 891 jugum
373 820 591 875 excutit
611 819 927 875 servitutis.
951 820 1020 874 Et
1040 820 1141 875 illa
1164 824 1359 875 tamen
1383 820 1465 875 sic
1490 819 1645 874 dicta
1666 824 1773 889 est,

144 914 205 963 ut
231 924 527 963 servorum
577 924 753 964 onera
802 908 976 963 ﬁdem
1016 908 1405 981 praenuntient
1436 907 1774 965 liberorum.

146 997 339 1053 Omnia
360 998 532 1065 enim,
554 996 706 1051 sicut
723 996 862 1051 dicit
876 996 1207 1068 Apostolus,
1228 998 1285 1052 in
1300 999 1487 1067 ﬁgura
1501 1000 1776 1067 continge-

148 1087 269 1141 bant
298 1086 451 1147 illis;
480 1088 687 1155 scripta
733 1089 856 1141 sunt
904 1091 1091 1141 autem
1116 1095 1339 1157 propter
1366 1103 1463 1141 nos
1484 1089 1525 1153 ¹,
1558 1088 1616 1142 in
1648 1103 1780 1157 quos

144 1176 266 1246 ﬁnis
293 1176 622 1231 saeculorum
652 1176 863 1231 obvenit
892 1177 933 1247 (Ι
970 1178 1101 1231 Cor.
1134 1193 1188 1243 x,
1224 1176 1328 1246 11).
1364 1175 1421 1230 Si
1453 1192 1588 1247 ergo
1620 1175 1678 1231 in
1713 1176 1778 1230 ﬁ-

145 1280 345 1337 guram
401 1264 819 1337 contingebant
847 1282 970 1336 quas
1004 1265 1396 1336 patiebantur,
1428 1265 1484 1320 in
1531 1266 1781 1337 ﬁguram

145 1352 500 1425 accipiebant
533 1371 660 1426 quas
702 1355 1111 1410 mouebantur.

206 1461 258 1514 2.
283 1460 428 1515 Cum
455 1477 590 1531 ergo
619 1460 730 1516 ista
748 1461 1122 1532 respondero,
1141 1466 1196 1516 et
1215 1459 1321 1517 hoc
1340 1462 1513 1517 modo
1530 1478 1644 1517 non
1659 1477 1786 1516 esse

146 1550 431 1606 contraria
457 1549 572 1605 duc
606 1549 720 1604 ista
749 1549 1003 1621 capitula
1035 1550 1105 1605 de
1126 1550 1375 1622 singulis
1396 1550 1787 1606 Testamentis

146 1638 349 1694 collata
385 1643 809 1709 monstraverc,
843 1640 995 1711 quod
1030 1638 1139 1694 iste
1172 1640 1434 1695 facturus
1456 1644 1562 1710 est,
1587 1644 1789 1694 contra

149 1744 316 1801 quem
351 1728 493 1782 dicit
526 1727 940 1800 gravissimum
982 1729 1383 1784 testimonium
1416 1730 1582 1784 testis
1614 1744 1788 1800 quem

148 1822 341 1871 contra
371 1816 771 1871 adversarium
806 1818 929 1888 ipse
960 1817 1279 1888 produxit?
1305 1819 1429 1889 ipse
1452 1818 1605 1873 enim
1630 1834 1787 1873 com-

147 1905 487 1961 memoravit
517 1906 587 1960 de
617 1904 927 1976 Evangelic
960 1906 1387 1972 testimonium,
1428 1908 1667 1961 Domino
1700 1905 1785 1960 di-

146 2000 303 2051 cente
334 2010 453 2049 non
486 1993 847 2064 coinquinari
870 1993 1167 2049 hominem
1192 1995 1264 2050 iis
1286 1996 1436 2051 escis
1461 2011 1581 2065 qua:
1604 1994 1788 2063 ingre-

146 2083 386 2138 diuntur
417 2082 473 2136 in
505 2099 637 2137 eum
668 2098 681 2137 :
733 2086 790 2138 et
840 2082 965 2153 ipse
997 2099 1029 2136 a
1059 2084 1341 2139 carnibus
1372 2084 1787 2138 abstinendum

145 2178 427 2244 tanquam
459 2171 531 2227 ab
564 2171 887 2227 immundis
920 2172 1069 2227 escis
1103 2189 1336 2228 monere
1368 2178 1424 2227 et
1445 2173 1650 2228 docere
1675 2188 1788 2227 non

147 2265 350 2317 cessat.
387 2265 454 2315 Et
485 2266 679 2315 tamen
712 2260 895 2316 sensit
924 2266 1204 2331 quantam
1240 2261 1469 2333 plagam
1503 2262 1615 2317 sibi
1642 2261 1791 2318 inﬂi-

146 2355 314 2423 geret,
337 2356 398 2405 et
411 2354 631 2421 quanto
648 2350 761 2404 ictu
781 2365 1159 2421 repercussus
1176 2366 1236 2405 se
1250 2350 1373 2422 ipse
1388 2350 1694 2407 sauciaret.
1710 2351 1791 2407 Ne

148 2442 273 2513 quis
291 2440 452 2494 enim
470 2455 603 2494 eum
618 2438 1002 2509 interrogaret
1020 2442 1076 2494 et
1091 2438 1325 2505 diceret,
1342 2440 1639 2502 Quomodo
1654 2456 1789 2512 ergo

148 2528 465 2601 prohibetis
486 2526 761 2582 carnibus
790 2528 966 2596 vesci,
986 2527 1034 2582 si
1066 2527 1341 2583 dominus
1365 2528 1522 2596 dicit,
1548 2528 1698 2584 sicut
1725 2534 1789 2584 tu

149 2618 267 2688 ipse
298 2632 746 2682 commemoras,
778 2616 928 2671 Nihil
959 2625 1035 2671 est
1068 2616 1378 2687 ingrediens
1408 2619 1467 2672 in
1493 2617 1788 2688 hominem,

148 2708 506 2777 coinquinans
526 2722 684 2766 eum;
705 2706 795 2760 sed
815 2722 877 2761 ea
900 2722 1018 2777 quae
1036 2705 1338 2777 procedunt
1359 2708 1430 2761 de
1444 2722 1525 2774 eo,
1549 2709 1793 2778 coinqui-

148 2800 321 2850 nant?
343 2793 526 2850 voluit
544 2793 713 2866 quasi
732 2794 1007 2850 adhibere
1028 2795 1372 2850 medicinam
1394 2795 1519 2850 sine
1537 2812 1715 2850 causa
1732 2796 1790 2850 in

149 2884 440 2941 mortifero
462 2882 719 2939 vulnere.
753 2883 846 2939 Sic
876 2883 1029 2938 enim
1065 2884 1260 2955 posuit
1282 2884 1476 2955 ipsum
1500 2883 1790 2957 evangeli-

148 2990 272 3030 cum
298 2973 726 3029 testimcuium.
752 2972 812 3027 ln
837 2973 1167 3045 Evangelio,
1192 2972 1404 3045 inquit,
1425 2973 1565 3028 dicit
1584 2974 1654 3028 ad
1676 2979 1793 3028 tur-

147 3063 274 3118 bam
301 3063 585 3119 Dominus
612 3079 624 3117 :
656 3062 878 3129 .4udite,
905 3066 955 3116 et
977 3061 1305 3133 intelligite:
1327 3063 1486 3118 Nihil
1506 3066 1586 3118 est
1606 3064 1792 3131 ingre-

148 3151 294 3206 diens
327 3153 388 3206 in
420 3153 718 3217 hominem,
740 3152 1106 3222 coinquinans
1125 3168 1272 3218 eum,
1297 3157 1353 3206 et
1376 3156 1601 3207 caetera.
1628 3153 1789 3217 Quod

148 3258 276 3313 ergo
292 3239 1093 3296 commemoravitDominum
1110 3240 1218 3296 hoc
1236 3241 1307 3295 ad
1324 3242 1555 3296 turbam
1575 3241 1793 3297 dixisse

148 3330 282 3385 nihil
309 3330 467 3385 aliud
489 3330 757 3396 ostendit,
782 3330 892 3385 nisi
919 3346 1035 3385 non
1057 3346 1117 3385 se
1142 3330 1489 3402 ignorantia,
1510 3331 1607 3385 sed
1629 3330 1794 3387 mali-

151 3419 220 3473 tia
242 3420 447 3475 fecisse
470 3419 625 3490 quod
652 3419 784 3473 fecit
808 3438 820 3475 :
851 3424 915 3474 ut
947 3424 1147 3491 postea
1176 3420 1391 3475 diceret
1414 3421 1791 3477 Auditcribus

151 3509 267 3563 suis
288 3508 359 3563 ad
383 3509 623 3563 turbam
652 3509 965 3563 Dominum
988 3509 1101 3563 ista
1128 3508 1387 3564 locutum
1413 3526 1560 3581 esse,
1585 3528 1698 3566 non
1718 3512 1790 3565 ad

152 3614 361 3669 paucos
384 3602 640 3663 sanctos,
666 3597 868 3669 quales
892 3614 952 3652 se
976 3596 1086 3669 ipsi
1108 3597 1289 3653 videri
1308 3596 1513 3653 volunt
1532 3617 1545 3666 ;
1567 3603 1627 3653 ut
1645 3615 1792 3670 quo-

152 3687 301 3742 niam
321 3704 462 3743 suos
481 3686 790 3741 Auditores
804 3692 1082 3757 tanquam
1105 3686 1293 3741 adhuc
1308 3686 1645 3742 immundos
1665 3704 1791 3758 per-

151 3777 387 3831 mittunt
402 3776 680 3831 carnibus
698 3775 873 3845 vesci,
890 3775 1000 3829 sibi
1019 3779 1214 3829 autem
1233 3775 1532 3846 quasijam
1554 3776 1792 3831 mundis

150 3881 274 3921 cum
288 3864 640 3920 sceleratum
662 3867 834 3935 atque
854 3862 1138 3918 nefarium
1156 3879 1281 3918 esse
1297 3864 1791 3932 arbitrantur,hoc

149 3954 315 4010 etiam
341 3954 657 4009 Dominum
678 3951 932 4008 sensisse
951 3952 1236 4021 videatur,
1258 3952 1411 4023 quod
1436 3970 1550 4008 non
1574 3970 1790 4024 paucos

145 4047 393 4109 sanctos,
419 4043 522 4098 sed
548 4042 751 4097 turbas
774 4042 885 4096 ista
911 4042 1191 4096 docuerit.
1217 4041 1259 4096 Ο
1282 4041 1579 4097 hominem
1605 4042 1787 4114 pessi-

145 4147 322 4198 mum,
348 4148 623 4188 securum
644 4131 712 4186 de
735 4130 1086 4203 negligentia
1099 4131 1329 4201 generis
1348 4130 1590 4185 humani
1608 4132 1677 4185 ad
1693 4147 1786 4187 cc-

141 4220 441 4277 cultandas
469 4220 839 4291 deceptiones
862 4218 1031 4274 suasi
1057 4219 1181 4274 Non
1205 4219 1358 4274 enim
1386 4220 1658 4275 credebat
1679 4220 1784 4275 ali-

142 4326 306 4381 quem
356 4312 628 4381 existere,
680 4309 779 4381 qui
825 4309 1103 4379 arriperet
1130 4308 1533 4380 Evangelium,
1567 4314 1623 4363 et
1652 4325 1786 4364 cum

141 4400 374 4456 scientia
394 4400 632 4469 legeret,
665 4402 722 4454 et
743 4398 1026 4453 inveniret
1049 4397 1344 4452 hominem
1380 4397 1438 4452 in
1471 4397 1621 4468 ipsis
1655 4416 1786 4469 pra-

140 4489 211 4543 tis
242 4490 461 4561 quibus
492 4502 697 4560 greges
720 4504 858 4542 suos
885 4485 1165 4541 Dominus
1191 4485 1397 4556 pascit,
1426 4484 1665 4557 laqueos
1692 4487 1785 4542 in-

141 4580 317 4633 cautis
341 4584 399 4634 et
424 4577 627 4632 minus
650 4576 907 4648 providis
929 4575 1406 4630 abscondentem.
1432 4575 1573 4629 Nam
1601 4576 1671 4630 de
1693 4575 1785 4631 his

139 4668 319 4723 verbis
349 4666 629 4723 commoti
662 4662 957 4737 discipuli,
992 4669 1047 4720 et
1070 4681 1181 4719 non
1209 4664 1509 4719 credentes
1532 4666 1783 4736 proprie,

141 4756 233 4811 sed
249 4757 441 4827 potius
455 4756 701 4828 ﬁgurate
718 4754 1031 4809 Dominum
1047 4751 1307 4807 locutum
1328 4751 1529 4817 fuisse,
1550 4768 1683 4807 cum
1697 4752 1783 4807 di-

141 4851 284 4901 ceret
301 4863 413 4900 non
434 4842 806 4916 coinquinari
828 4841 1127 4897 hominem
1147 4840 1217 4896 iis
1235 4857 1362 4912 quae
1381 4857 1482 4911 per
1512 4840 1672 4896 cibos
1691 4840 1784 4896 in-

140 4934 481 5006 grediuntur
511 4934 570 4989 in
594 4949 749 4999 eum,
776 4932 1050 5003 quoniam
1074 4930 1260 4986 Judaei
1285 4934 1452 4985 erant
1471 4930 1647 4985 etiam
1670 4928 1782 5002 ipsi

140 5022 423 5095 discipuli,
438 5022 537 5095 qui
552 5022 858 5094 fugiendos
877 5020 1268 5091 quarumdam
1288 5018 1553 5075 carnium
1575 5018 1736 5074 cibos
1751 5036 1785 5074 a

141 5113 380 5183 pueritia
408 5112 748 5166 institutum
781 5113 1145 5181 acceperant,
1174 5108 1511 5163 accedentes
1544 5108 1614 5161 ad
1647 5123 1781 5163 eum

140 5200 399 5257 dixerunt
419 5200 473 5257 ei
500 5217 513 5255 :
539 5200 655 5256 Scis
678 5200 809 5272 quia
836 5198 1106 5253 Pharisaei
1126 5197 1313 5252 audito
1338 5198 1494 5252 verbo
1509 5197 1531 5230 ³
1552 5195 1781 5253 scanda-

138 5290 286 5346 lizati
312 5289 489 5346 sunt?
515 5292 579 5345 At
609 5289 704 5344 ille
734 5288 1059 5357 respondens
1106 5288 1224 5342 ait:
1281 5285 1469 5341 Omnis
1514 5286 1781 5357 plantatio

138 5398 293 5451 quam
316 5396 427 5437 non
437 5378 723 5453 plantavit
743 5379 907 5434 Pater
926 5393 1075 5433 meus
1097 5374 1361 5442 caelestis,
1384 5375 1770 5431 eradicabitur.

198 5629 370 5688 ιδίας..
417 5623 784 5689 contingebant
839 5623 944 5674 illis
994 5625 1206 5689 prapter
1257 5636 1366 5685 nos,
1417 5625 1542 5687 etc;
1570 5625 1779 5675 omissis

136 5692 317 5750 verbis,
345 5690 547 5753 scripta
570 5694 688 5737 sunt
708 5690 897 5753 autem.

196 5755 215 5789 ³
242 5748 497 5813 ιιηιϋιὶὶ,
528 5751 621 5802 hoc
665 5750 832 5801 verbo.
878 5749 1055 5813 Abest,
1086 5749 1193 5812 hoc,
1224 5763 1255 5799 a
1294 5748 1417 5798 Mss.
1452 5753 1504 5800 et
1532 5763 1564 5800 a
1594 5763 1766 5815 graec

137 5818 273 5868 textu
300 5815 595 5881 Evangelii.

1564 422 1800 484 LIBER
1842 422 2079 487 UNUS.

3409 426 3527 486 I54

1885 554 2060 618 Sinite
2083 555 2209 611 illos
2229 572 2251 619 ;
2273 556 2403 610 caci
2420 558 2567 625 sunt,
2593 562 2643 611 et
2665 554 2826 611 duces
2844 570 3051 611 cwcoru
3060 573 3132 611 m.
3156 556 3336 611 Caecus
3353 561 3537 612 autem

1884 644 1936 698 si
1953 658 2097 700 exeo
2117 642 2372 698 ducatum
2393 648 2628 714 prastet,
2653 644 2887 699 amboin
2908 644 3122 718 foveam
3144 644 3364 700 cadunt.
3386 644 3534 700 Cum

1885 748 2021 804 ergo
2040 732 2446 787 inﬁdelitatem
2469 732 2803 787 Judaecrum
2830 732 3249 803 plantationem
3275 732 3538 805 appella-

1885 825 1971 876 ret
1990 838 2164 892 quam
2190 838 2300 876 non
2322 820 2607 893 plantavit
2628 821 2792 876 Pater
2822 820 3091 889 celestis,
3115 827 3313 877 tamen
3345 822 3539 878 adhuc

1888 910 2086 965 Petrus
2106 915 2321 981 putans
2338 926 2465 965 esse
2486 909 2648 964 illam
2670 909 3029 981 parabolam,
3050 915 3105 965 et
3126 914 3431 982 propterea
3450 926 3538 966 re-

1889 999 2207 1071 prehensos
2228 999 2460 1054 Judaaos
2482 1003 2537 1054 et
2558 1016 2738 1054 caecos
2763 999 2969 1070 dictos,
2994 1000 3147 1070 quod
3172 1016 3298 1055 eam
3323 998 3539 1055 intelli-

1886 1103 2019 1159 gere
2050 1105 2165 1144 ncn
2200 1088 2512 1159 potuerint,
2582 1089 2939 1158 respondens
2996 1088 3141 1143 dixit
3172 1089 3261 1144 ei:
3296 1090 3542 1146 Edissere

1887 1177 2043 1233 nobis
2069 1178 2394 1249 parabolam
2416 1179 2598 1232 istam.
2622 1177 2691 1231 Et
2718 1176 2811 1231 ille
2839 1176 3317 1232 manifestissime
3340 1183 3540 1233 osten-

1891 1266 2034 1321 dens
2056 1283 2169 1322 non
2196 1282 2322 1322 esse
2346 1266 2709 1338 parabolam,
2731 1266 2831 1321 sed
2852 1266 3143 1337 propriam
3163 1265 3539 1333 locutionem,

1892 1354 2036 1410 dixit
2062 1355 2132 1409 ad
2166 1372 2263 1411 eos
2293 1373 2305 1409 :
2342 1354 2542 1409 Adhuc
2571 1360 2621 1410 et
2650 1372 2740 1409 vos
2768 1356 2891 1409 sine
2921 1355 3201 1410 intellectu
3232 1356 3361 1410 estis
3382 1356 3542 1411 ?Non

1892 1443 2211 1515 intelligitis
2231 1446 2358 1517 quia
2380 1460 2541 1499 omne
2570 1443 2710 1514 quod
2733 1446 2791 1498 in
2814 1460 2870 1498 os
2892 1444 3083 1510 intrat,
3103 1445 3162 1499 in
3187 1452 3429 1499 ventrem
3450 1462 3539 1500 va-

1892 1532 1991 1603 dit,
2016 1541 2067 1589 et
2092 1535 2147 1588 in
2170 1549 2435 1588 secessum
2453 1536 2727 1589 emittitur
2746 1536 2771 1586 .9
2794 1533 2921 1601 Quae
2943 1538 3126 1587 autem
3144 1532 3455 1603 procedunt
3475 1533 3541 1589 de

1892 1636 2010 1689 ore,
2034 1621 2099 1675 de
2117 1620 2274 1677 corde
2296 1629 2512 1690 exeunt,
2546 1630 2602 1676 et
2642 1637 2703 1675 ea
2732 1622 3094 1692 coinquinant
3140 1620 3435 1677 hominem.
3470 1624 3543 1678 De

1893 1710 2051 1767 corde
2070 1710 2215 1766 enim
2234 1719 2433 1765 exeunt
2452 1713 2805 1779 cogitationes
2821 1711 3002 1777 malae,
3030 1710 3346 1777 homicidia,
3371 1711 3535 1767 adul-

1896 1800 2033 1856 teria
2038 1843 2055 1870 ,
2061 1803 2184 1870 forn
2193 1801 2395 1855 ication
2403 1815 2475 1861 es,
2482 1802 2632 1871 furta
2642 1843 2653 1865 ,
2660 1800 2803 1869 falsa
2817 1802 3061 1854 testimon
3069 1800 3201 1869 ia,bl
3206 1798 3505 1871 asphemiae
3514 1815 3536 1861 ;

1893 1888 2013 1945 haec
2030 1894 2157 1943 sunt
2187 1905 2305 1960 qua:
2335 1889 2697 1959 coinquinant
2725 1889 3018 1942 hominem.
3052 1889 3167 1942 Non
3199 1888 3328 1942 lotis
3357 1897 3541 1942 autem

1893 1979 2152 2032 manibus
2180 1978 2533 2043 manducare,
2566 1995 2677 2033 non
2698 1978 3017 2048 coinquinat
3038 1978 3310 2032 hominem
3329 1976 3535 2048 (Matth.

1896 2084 1988 2133 xv,
2015 2066 2228 2137 10-20).
2258 2067 2338 2121 De
2360 2084 2474 2122 non
2498 2066 2634 2123 lotis
2665 2070 2861 2122 autem
2897 2065 3173 2121 manibus
3201 2066 3390 2121 Judaei
3416 2083 3539 2121 mc-

1895 2160 2095 2211 verant
2116 2154 2517 2227 qusestionem,
2543 2157 2713 2226 cujus
2739 2155 3043 2211 occasione
3063 2154 3347 2211 Dominus
3368 2170 3537 2227 gene-

1896 2244 2094 2300 raliter
2118 2245 2189 2299 de
2212 2244 2283 2299 iis
2304 2262 2431 2315 quae
2456 2244 2513 2299 in
2533 2261 2598 2299 cs
2616 2244 2857 2313 intrant,
2878 2249 2934 2298 et
2953 2244 3009 2298 in
3024 2249 3282 2298 ventrem
3296 2244 3536 2311 vadunt,

1896 2337 1952 2388 et
1972 2332 2030 2386 in
2054 2349 2350 2388 secessum
2378 2333 2746 2399 emittuntur,
2772 2333 2880 2388 hoc
2904 2337 3011 2400 est,
3038 2333 3105 2387 de
3125 2332 3417 2388 alimentis
3437 2349 3538 2388 nc-

1896 2422 2037 2477 stris
2057 2422 2581 2479 dixitsententiam.
2601 2422 2945 2493 Quanquam
2963 2438 3097 2493 ergo
3121 2421 3448 2477 convocatis
3467 2421 3538 2476 ad

1897 2527 1958 2567 se
1980 2510 2167 2567 turbis
2189 2528 2321 2566 eum
2346 2511 2563 2566 dixisse
2587 2511 2866 2583 scriptum
2886 2511 2982 2578 sit,
3002 2512 3113 2566 Non
3132 2510 3273 2582 quod
3292 2512 3465 2565 intrat
3480 2511 3540 2565 in

1896 2615 1953 2656 os
1976 2602 2295 2672 coinquinat
2318 2601 2613 2669 hominem,
2645 2602 2740 2655 sed
2768 2600 2907 2672 quod
2934 2600 3178 2671 procedit
3207 2616 3276 2654 ea:
3299 2615 3389 2655 ore
3405 2616 3427 2653 :
3450 2604 3541 2653 ta-

1898 2706 2031 2744 men
2045 2689 2153 2744 iste
2168 2706 2281 2761 quo
2301 2692 2506 2745 timore
2524 2690 2629 2744 hoc
2646 2690 2933 2744 addiderit
2949 2689 3138 2743 verbis
3163 2688 3309 2755 suis,
3325 2688 3540 2759 quibus

1897 2777 2235 2848 hujusmcdi
2252 2779 2651 2833 testimonium
2667 2778 3099 2847 ccmemoravit,
3117 2777 3259 2832 satis
3279 2781 3536 2849 apparet,

1897 2867 2238 2939 sicut'paulc
2262 2871 2397 2923 ante
2415 2867 2636 2922 dictum
2660 2872 2767 2933 est,
2793 2871 2857 2922 ut
2872 2866 3109 2923 haberet
3127 2867 3281 2938 quod
3301 2882 3538 2937 respon-

1898 2957 2057 3012 deret
2079 2957 2165 3011 eis
2187 2956 2287 3028 qui
2310 2956 2418 3013 sibi
2442 2958 2823 3028 questionem
2844 2956 3180 3021 movissent,
3200 2972 3305 3010 cur
3322 2954 3537 3027 prima-

1898 3050 1985 3101 tes
1999 3046 2447 3101 Manichazcrum
2467 3048 2629 3101 nefas
2643 3046 2752 3101 sibi
2772 3062 2898 3101 esse
2912 3046 3250 3101 existimant
3266 3043 3541 3099 carnibus

1896 3135 2048 3191 vesci
2067 3152 2078 3190 :
2099 3135 2361 3190 videlicet
2378 3140 2440 3190 ut
2458 3135 2597 3191 illud
2619 3136 2771 3207 quod
2790 3135 3073 3191 Dominus
3094 3134 3193 3200 ait,
3208 3132 3539 3188 turbistan-

1896 3228 2047 3292 tum,
2075 3241 2189 3279 non
2215 3224 2423 3280 Electis
2446 3226 2806 3281 concessisse
2828 3224 3142 3279 videretur.
3170 3223 3279 3278 Sed
3312 3238 3445 3277 cum
3473 3238 3541 3277 ex

1897 3313 2392 3385 consequentibus
2418 3313 2778 3368 declaratum
2804 3313 2881 3368 sit
2898 3313 3070 3368 etiam
3092 3312 3255 3368 Petro
3274 3327 3539 3367 seorsum

1896 3403 2300 3475 interroganti,
2320 3403 2812 3474 audientibusque
2833 3401 3158 3474 discipulis,
3178 3417 3325 3473 quos
3338 3400 3539 3471 utique

1897 3494 1969 3549 ad
1991 3492 2222 3549 culmen
2251 3492 2515 3548 Ecclesiae
2542 3493 2911 3557 producebat,
2937 3492 3015 3546 ita
3038 3489 3408 3562 respondisse
3428 3488 3537 3546 Do-

1898 3582 2147 3648 minum,
2181 3585 2247 3637 ut
2281 3598 2467 3652 neque
2494 3598 2596 3653 per
2616 3580 2951 3653 parabolam
2975 3597 3038 3636 se
3062 3579 3161 3634 illa
3183 3579 3400 3635 dixisse
3421 3582 3535 3633 tes-

1896 3675 2056 3727 tatus
2087 3671 2185 3737 sit,
2218 3675 2274 3725 et
2304 3671 2374 3725 ad
2406 3686 2609 3726 omnes
2644 3671 2930 3741 pertinere
2952 3667 3396 3735 monstraverit;
3424 3683 3539 3722 non

1895 3759 2115 3815 habent
2144 3760 2239 3815 isti
2275 3759 2427 3814 unde
2456 3759 2722 3814 auferant
2751 3759 2910 3814 cibos
2946 3758 3016 3813 de
3054 3757 3317 3812 faucibus
3349 3755 3538 3812 homi-

1896 3865 2060 3915 num,
2095 3854 2151 3905 et
2181 3851 2312 3905 easi
2349 3846 2559 3920 laqueo
2586 3847 3021 3920 superstitionis
3052 3847 3400 3918 astringant.

1966 3958 2020 4013 3.
2056 3955 2340 4012 Fortassis
2372 3954 2587 4026 aliquis
2634 3971 2837 4010 eorum
2883 3954 3070 4009 dicat:
3106 3953 3372 4009 Edissere
3404 3967 3539 4023 ergo

1895 4044 2033 4118 quid
2069 4044 2359 4117 signiﬁcet
2388 4060 2520 4100 caro
2552 4042 2731 4115 porci,
2766 4048 2822 4098 et
2852 4041 3081 4109 cameli,
3127 4046 3183 4095 et
3213 4040 3453 4112 leporis,
3482 4044 3541 4095 et

1894 4135 2075 4202 milvi,
2096 4138 2152 4189 et
2172 4134 2349 4198 corvi,
2374 4138 2431 4188 et
2447 4137 2807 4195 csetercrum,
2834 4148 2867 4186 a
2888 4131 3104 4202 quibus
3124 4130 3539 4185 abstinendum

1894 4222 1952 4278 in
1986 4224 2133 4295 Lege
2167 4222 2520 4294 praecipitur.
2552 4220 2715 4285 Nolo,
2749 4220 2886 4291 quia
2911 4220 3151 4289 longum
3180 4224 3286 4274 est.
3312 4218 3423 4274 Sed
3452 4219 3540 4274 fac

1895 4329 1987 4367 me
2010 4330 2124 4367 non
2152 4310 2653 4383 posse;numquid
2683 4315 2985 4381 pr0pterea
3007 4308 3203 4363 nullus
3223 4307 3450 4380 potest?
3473 4308 3541 4363 Et

1892 4402 2165 4472 suntjam
2180 4398 2934 4455 voluminainnumerabilia
2949 4398 3005 4452 in
3021 4399 3232 4469 quibus
3248 4399 3360 4452 ista
3373 4413 3541 4468 expo-

1892 4491 2005 4547 sita
2021 4496 2177 4546 sunt.
2213 4490 2392 4546 Nobis
2417 4494 2613 4543 tamen
2643 4488 2715 4542 ad
2746 4487 2852 4543 hos
2883 4486 3227 4542 refellendcs
3257 4485 3402 4541 satis
3429 4489 3536 4556 est,

1892 4581 2045 4651 quod
2063 4596 2161 4633 eas
2174 4578 2604 4634 observationes
2621 4578 2889 4631 umbram
2907 4592 3034 4631 esse
3057 4576 3410 4646 futurorum,
3425 4591 3539 4629 non

1891 4686 2017 4741 ego,
2052 4669 2150 4723 sed
2185 4666 2496 4739 Apostolus
2528 4666 2691 4735 dicit,
2718 4682 2848 4720 cum
2877 4665 3050 4719 etiam
3073 4670 3230 4719 vetat
3253 4663 3541 4719 serviliter

1892 4756 2209 4828 observari,
2230 4757 2328 4811 sed
2351 4762 2546 4812 tamen
2569 4754 2787 4826 aliquid
2813 4754 3142 4826 signiﬁcare
3162 4753 3434 4818 declarat,
3453 4751 3539 4806 di-

1891 4864 2027 4903 cens
2051 4864 2063 4901 :
2090 4847 2255 4902 Nemo
2276 4861 2400 4915 ergo
2429 4861 2515 4900 vos
2536 4844 2749 4916 judicet
2781 4846 2841 4898 in
2870 4844 3010 4908 cibo,
3040 4851 3139 4897 aut
3170 4845 3229 4897 in
3258 4850 3408 4912 potu,
3440 4848 3539 4896 aut

1887 4938 1946 4993 in
1964 4940 2122 5008 parte
2143 4936 2259 4989 diei
2278 4936 2428 5003 festi,
2452 4942 2546 4988 aut
2567 4935 2884 4998 nenmeniae,
2906 4936 3002 4987 aut
3023 4930 3540 4999 sabbatorum,qu

1886 5029 1964 5081 est
1999 5025 2192 5080 umbra
2219 5026 2539 5094 futurorum
2568 5022 2798 5093 (Coloss.
2838 5038 2899 5075 II.
2936 5022 3019 5083 16,
3057 5020 3163 5091 17).
3200 5019 3303 5074 Illa
3336 5019 3540 5090 itaque

1888 5114 2085 5170 futura
2099 5130 2224 5184 quae
2243 5112 2359 5167 illis
2374 5111 2883 5167 observationibus
2898 5109 3539 5181 signiﬁcabantur,pcs-

1889 5208 2163 5276 teaquam
2196 5217 2299 5274 per
2331 5202 2643 5256 Dominum
2674 5201 2877 5256 Jesum
2903 5199 3200 5253 Christum
3234 5200 3537 5265 venerunt,

1887 5292 2090 5349 ablatae
2109 5295 2251 5347 sunt
2268 5290 2507 5345 serviles
2528 5290 2958 5345 observationes
2978 5303 2991 5341 :
3012 5287 3109 5342 sed
3132 5301 3335 5341 earum
3356 5285 3534 5341 inter-

1887 5380 2239 5453 pretationes
2254 5384 2530 5434 tenentur
2544 5394 2577 5433 a
2593 5374 3542 5447 liberis.Quidquidenimfuturam

1885 5469 2204 5525 Ecclesiam
2235 5467 2610 5539 signiﬁcavit,
2643 5465 2947 5537 prophetia
2977 5469 3084 5519 est.
3119 5464 3308 5520 Habes
3338 5468 3535 5519 autem

1884 5558 2157 5615 eumdem
2181 5555 2512 5629 apostolum
2539 5555 2825 5611 dicentem
2851 5572 2865 5610 :
2893 5554 3167 5626 Spiritum
3188 5553 3361 5611 nolite
3378 5568 3537 5625 sper-

1948 5812 1966 5847 ί
2004 5806 2161 5868 Editl,
2191 5817 2293 5856 eos.
2322 5804 2387 5859 At
2415 5804 2560 5867 Mem,
2590 5816 2712 5856 eas:
2746 5801 2967 5869 scilicet,
2994 5805 3190 5868 fauces.
