4638 6456
744 362 863 423 1:5

742 509 893 561 nere,
913 493 1260 567 prOphetiam
1280 496 1448 551 nolite
1461 497 1847 567 exstinguere;
1876 499 2063 551 omnia
2080 498 2254 568 legite,
2269 512 2394 568 qum

749 584 892 640 bona
911 593 1041 639 sunt
1062 588 1234 639 tenete
1259 586 1303 653 (Ι
1332 584 1504 640 Thess.
1530 603 1586 649 ν,
1617 586 1825 658 19-21).
1862 588 2131 658 Legenda
2151 592 2239 641 est
2260 604 2392 655 ergo

749 672 1049 743 Scriptura
1072 673 1284 738 divina,
1310 678 1364 729 et
1387 675 1639 747 Spiritus
1664 676 1849 730 sancti
1874 676 2231 746 dispensatio
2256 692 2391 747 cog-

744 762 1058 827 noscenda,
1094 767 1150 817 et
1180 762 1463 818 intuenda
1491 765 1793 835 prophetia
1822 782 1834 819 :
1859 770 1916 820 et
1940 765 2252 835 rejicienda
2274 781 2394 819 car-

745 852 895 906 nalis
925 851 1197 918 servitus,
1246 856 1302 906 et
1352 852 1607 908 liberalis
1651 853 2033 926 intelligentia
2065 854 2389 909 retinenda.

813 940 1040 995 CAPUT
1074 940 1219 995 XVI.
1255 972 1319 981 —
1353 942 1402 995 1.
1442 948 1515 997 De
1544 959 1610 998 eo
1668 944 1823 1013 quod
1887 943 2171 1014 scriptum
2213 946 2302 997 est
2327 941 2385 996 in

744 1028 1223 1085 Deuteronomio:
1248 1030 1477 1086 Observa
1506 1041 1559 1086 et
1586 1034 1865 1101 sancti/ica
1898 1032 2045 1086 diem
2068 1048 2228 1102 quem
2244 1048 2383 1101 prae-

744 1121 885 1189 cepit
899 1118 1007 1173 tibi
1028 1121 1314 1175 Dominus.
1330 1119 1436 1174 Sea:
1451 1120 1639 1174 diebus
1657 1120 1846 1174 labora
1857 1120 1953 1189 bis,
1972 1123 2021 1173 et
2042 1120 2209 1187 facies
2230 1134 2387 1173 omne

746 1224 879 1281 Opus
910 1217 1105 1270 tuum;
1134 1212 1364 1278 septima
1394 1225 1517 1265 vero
1546 1209 1634 1263 die
1663 1210 1874 1264 sabbati
1902 1208 2131 1279 epulare
2158 1210 2386 1263 Domino

746 1298 851 1353 Deo
872 1307 987 1367 tuo,
1034 1299 1251 1353 nullum
1277 1301 1484 1369 faciens
1514 1315 1647 1369 opus
1677 1300 1790 1369 ipse
1818 1302 1897 1366 tu,
1930 1301 2028 1352 aut
2056 1298 2206 1366 ﬁlius
2237 1307 2384 1363 tuus,

747 1389 843 1442 aut
858 1387 1115 1457 ﬁliatua,
1139 1393 1237 1441 aut
1257 1404 1398 1459 puer
1417 1393 1562 1455 tuus,
1588 1388 1886 1457 autpuella
1909 1395 2025 1453 tua,
2052 1388 2139 1442 bos
2161 1391 2304 1453 tuus,
2332 1392 2386 1441 et

744 1478 933 1531 asinus
961 1481 1111 1542 tuus,
1145 1479 1328 1530 omnia
1349 1478 1603 1547 jumenta
1634 1482 1748 1538 tua,
1783 1480 1831 1531 et
1861 1477 2081 1532 colonus
2113 1483 2263 1531 tuus.
2297 1476 2387 1531 Sic

743 1572 929 1620 autem
942 1565 1175 1635 quiescet
1187 1581 1372 1619 servus
1385 1574 1507 1620 tuus
1521 1575 1571 1620 et
1585 1566 1787 1619 ancilla
1806 1570 1919 1630 tua,
1937 1565 2387 1637 quemadmodum

742 1660 797 1708 et
824 1656 904 1708 tu.
938 1652 1197 1708 Memento
1243 1658 1506 1725 quoniam
1548 1671 1733 1710 servus
1763 1657 1925 1724 fuisti
1954 1657 2012 1709 in
2055 1657 2306 1725 ﬁgi/pta,
2336 1662 2387 1709 et

742 1742 887 1797 eruit
916 1746 967 1797 te
985 1742 1247 1797 Dominus
1274 1744 1411 1797 Deus
1438 1747 1562 1797 tuus
1585 1744 1643 1796 in
1668 1760 1837 1797 manu
1852 1744 2064 1814 potenti
2084 1752 2133 1796 et
2155 1741 2384 1796 brachio

741 1831 971 1886 excelso.
1006 1831 1207 1886 Idcirco
1229 1834 1487 1903 praecepit
1517 1833 1622 1886 tibi
1650 1833 1912 1886 Dominus
1939 1830 2209 1885 custodire
2237 1830 2386 1885 diem

740 1921 1031 1991 septimum
1065 1921 1241 1991 (Deut.
1276 1937 1328 1983 ν,
1366 1921 1572 1993 12-15).
1608 1921 1673 1975 Et
1703 1920 1912 1975 iterum
1936 1920 1993 1975 in
2018 1920 2224 1975 Genesi
2249 1918 2387 1974 scri-

743 2012 910 2081 pturn
942 2013 1031 2063 est
1056 2010 1551 2079 quemadmodum
1580 2010 1820 2064 Abrahae
1845 2011 1914 2064 de
1945 2009 2388 2064 circumcisione

742 2096 1046 2169 loquitur:
1082 2100 1483 2154 Testamentum
1511 2116 1691 2155 meum
1720 2100 1947 2169 custodi,
1991 2098 2200 2168 inquit,
2235 2107 2289 2153 tu
2338 2101 2388 2153 et

741 2203 922 2243 semen
954 2195 1130 2254 tuum,
1164 2188 1308 2260 quod
1334 2190 1438 2243 erit
1464 2193 1579 2258 post
1637 2194 1703 2244 te.
1764 2191 1870 2243 Hoc
1898 2197 1974 2243 est
2006 2196 2387 2243 testamentum

742 2293 928 2332 meum
958 2278 1099 2349 quod
1126 2278 1365 2333 servabis
1412 2279 1560 2333 inter
1590 2294 1697 2345 me,
1727 2286 1777 2333 et
1822 2287 1873 2332 te
1903 2286 1953 2333 et
1979 2294 2161 2332 semen
2188 2281 2345 2331 tuum
2369 2293 2381 2332 :

740 2382 905 2422 omne
924 2367 1303 2423 masculinum
1323 2369 1680 2423 circumcides
1701 2369 1760 2422 in
1780 2383 1943 2422 carne
1959 2368 2225 2439 praeputii
2241 2369 2384 2434 ipso-

742 2472 868 2510 rum
888 2456 1398 2527 ;etsithocsignum
1417 2459 1723 2512 testamenti
1740 2458 1887 2513 inter
1901 2466 2047 2512 meet
2061 2472 2165 2512 vos.
2187 2456 2387 2513 Octava

740 2554 924 2601 autem
939 2545 1027 2601 die
1044 2546 1452 2602 eircumdidetis
1472 2563 1657 2603 omnes
1672 2548 1935 2603 masculos
1948 2547 2003 2600 in
2021 2556 2176 2618 gente
2187 2556 2384 2611 vestra,

740 2638 805 2691 ut
821 2637 989 2690 etiam
1001 2634 1353 2691 dominatum
1365 2640 1419 2691 et
1430 2642 1805 2707 comparatum
1817 2636 2231 2692 circumcidatis
2241 2652 2385 2707 pra-

743 2726 827 2780 ter
845 2724 1217 2793 alienigenam
1235 2742 1247 2779 :
1262 2736 1312 2780 et
1328 2726 1538 2781 hocerit
1553 2731 1932 2782 testamentum
1944 2728 2001 2780 in
2019 2734 2175 2796 gente
2189 2733 2383 2780 vestra.

742 2813 807 2868 Et
835 2816 1013 2869 omnis
1039 2815 1317 2871 masculus
1374 2817 1471 2887 qui
1523 2832 1635 2871 non
1670 2817 2028 2872 circumcidet
2056 2817 2387 2888 praeputium

742 2904 1115 2976 suum,perdet
1145 2908 1396 2961 animam
1424 2922 1580 2962 suam
1600 2906 1663 2961 de
1682 2907 1863 2961 media
1888 2906 2199 2977 plcbe,quia
2218 2914 2386 2960 testa-

743 2999 992 3051 mentum
1017 3011 1201 3051 meum
1221 2997 1467 3052 dissolvit
1496 2997 1649 3068 (Gen.
1675 3014 1812 3065 xxu,
1836 2995 2017 3067 9-14).
2043 2995 2171 3050 Haec
2190 2995 2391 3050 omnia

745 3084 921 3140 verba
936 3084 1158 3139 Veteris
1171 3085 1551 3155 Testamenti,
1570 3090 1635 3140 ut
1651 3086 1734 3140 eis
1755 3086 1825 3140 de
1846 3085 1998 3140 Novo
2018 3085 2390 3139 Testamento

747 3174 1107 3243 adversetur,
1143 3176 1415 3246 proponit
1447 3174 1818 3245 Adimantus,
1854 3179 1911 3229 et
1942 3173 2234 3229 contraria
2264 3188 2392 3228 esse

748 3262 1004 3319 afﬁrmat
1016 3280 1082 3319 ea
1096 3280 1225 3336 quae
1246 3264 1525 3319 Dominus
1544 3263 1683 3320 dicit
1700 3263 1754 3318 in
1776 3262 2084 3334 Evangelio
2102 3263 2172 3317 de
2195 3278 2390 3334 prose-

748 3352 899 3427 lyto:
925 3357 1026 3410 Vae
1044 3355 1216 3421 vobis,
1238 3354 1447 3411 Scriba:
1467 3362 1519 3409 et
1537 3355 1809 3409 Pharisaei
1825 3354 2145 3425 hypocrita),
2166 3353 2262 3423 qui
2278 3354 2393 3407 cir-

748 3445 1136 3500 cumitismare
1152 3453 1202 3499 et
1219 3450 1428 3500 terram
1450 3454 1512 3499 ut
1527 3444 1749 3514 faciatis
1767 3460 1941 3498 unum
1960 3442 2295 3514 proselytum
2312 3450 2398 3505 :et

748 3549 874 3588 cum
893 3535 1138 3603 feceritis
1162 3535 1265 3589 erit
1284 3534 1437 3605 ﬁlius
1457 3533 1740 3603 gehennae,
1765 3534 1938 3587 multo
1950 3534 2076 3605 plus
2092 3549 2256 3604 quam
2272 3534 2395 3587 estis

748 3638 841 3678 vos
862 3622 1069 3695 (Matth.
1095 3640 1253 3687 XXIII,
1282 3624 1393 3692 15).
1423 3623 1595 3686 Quasi
1622 3639 1751 3677 vero
1776 3626 2081 3693 propterea
2111 3620 2395 3676 Dominus

750 3713 1113 3784 proselytum
1126 3712 1280 3767 dicat
1295 3712 1481 3766 lilium
1495 3712 1795 3783 gehennae,
1813 3710 1947 3779 quia
1960 3710 2397 3764 circumciditur

751 3805 809 3858 et
825 3801 1139 3856 sabbatum
1163 3801 1431 3857 observat
1448 3818 1460 3868 ;
1480 3805 1662 3856 etnon
1678 3800 1872 3871 potius
1898 3799 2037 3870 quia
2062 3798 2395 3853 Judazorum

751 3906 991 3963 pravam
1023 3890 1524 3945 conversationem
1556 3893 1571 3925 ¹
1608 3890 1835 3961 cogitur
1864 3888 2101 3955 imitari,
2136 3904 2248 3942 non
2283 3904 2399 3959 qua

752 3979 1063 4035 observant
1094 3984 1378 4051 praecepta
1434 3979 1619 4051 Legis,
1672 3977 1774 4033 sed
1808 3994 1923 4049 qua
1948 3978 2168 4032 faciunt
2199 3982 2400 4031 contra

753 4068 986 4141 Legem.
1020 4071 1179 4135 Quod
1215 4067 1326 4124 alio
1355 4067 1480 4123 loco
1503 4068 1574 4122 de
1606 4067 1698 4122 his
1720 4067 2091 4139 apertissime
2113 4066 2272 4131 dicit,
2298 4065 2397 4119 ubi

752 4158 835 4214 ait
854 4159 1008 4229 quod
1034 4158 1309 4229 rejiciunt
1329 4157 1670 4213 mandatum
1696 4157 1817 4227 Dei,
1843 4161 1905 4211 ut
1929 4172 2096 4211 suam
2117 4155 2399 4210 constitu-

752 4248 973 4303 tionem
996 4248 1344 4303 confirment
1369 4247 1468 4319 (Id.
1491 4263 1583 4312 xv,
1608 4246 1729 4317 3-5)
1757 4262 1769 4299 :
1801 4246 1941 4317 quia
1960 4262 2094 4300 cum
2122 4249 2232 4298 Lex
2256 4261 2398 4316 pras-

753 4337 971 4410 ceperit
994 4335 1265 4393 honorari
1288 4341 1514 4408 patrem
1531 4341 1586 4391 et
1606 4341 1871 4401 matrem,
1894 4332 2397 4405 institueruntipsi

756 4427 1052 4500 quomodo
1083 4426 1518 4483 exhonorentur
1548 4430 1836 4497 parentes.
1875 4424 1939 4478 Et
1978 4423 2119 4478 item
2152 4439 2284 4477 cum
2318 4422 2401 4477 eis

753 4516 898 4571 dicit
920 4534 932 4571 :
957 4517 1046 4572 Va:
1071 4518 1239 4583 vobis,
1264 4515 1473 4571 Scriba?
1493 4520 1544 4569 et
1570 4514 1841 4581 Pharisae,
1859 4515 1956 4585 qui
1971 4512 2180 4567 habetis
2199 4513 2401 4567 clavem

752 4607 917 4677 regni
934 4606 1215 4676 caelorum,
1232 4622 1334 4659 nec
1348 4606 1455 4675 ipsi
1474 4605 1714 4670 intratis,
1730 4620 1830 4658 nec
1840 4604 1979 4658 alios
1987 4603 2308 4673 permittitis
2322 4602 2403 4655 in-

754 4698 912 4750 trare
936 4696 1084 4767 (Luc.
1110 4711 1188 4761 x1,
1207 4694 1319 4765 52).
1341 4693 1442 4747 Vel
1463 4709 1595 4747 cum
1616 4692 1728 4747 alio
1744 4694 1863 4747 loco
1878 4691 2401 4763 praecepitaudien-

750 4784 913 4841 tibus
926 4785 967 4852 ³,
994 4787 1057 4838 ut
1088 4783 1263 4838 dictis
1286 4782 1710 4837 Pharisaeorum
1734 4787 1790 4836 et
1813 4780 2148 4836 Scribarum
2177 4779 2401 4835 obtem-

754 4876 1045 4947 perarent,
1078 4872 1230 4927 facta
1290 4887 1425 4928 vero
1481 4886 1681 4925 eorum
1733 4887 1848 4925 non
1882 4869 2275 4924 imitarentur.
2308 4869 2405 4923 Ait

752 4963 910 5019 enim
941 4979 954 5020 :
987 4962 1162 5032 Super
1190 4960 1507 5017 cathedram
1558 4961 1741 5031 Moysi
1766 4960 1951 5014 sedent
1979 4976 1991 5013 :
2038 4975 2160 5030 quae
2189 4960 2401 5027 dicunt,

751 5053 931 5125 facite
950 5068 972 5114 ;
1002 5051 1095 5107 sed
1115 5068 1234 5123 quae
1257 5050 1488 5121 faciunt,
1513 5052 1693 5119 facere
1714 5051 1884 5104 nolite
1908 5065 1920 5103 :
1951 5048 2139 5103 dicunt
2162 5052 2330 5119 enim,
2354 5052 2405 5103 el

751 5157 863 5198 non
883 5141 1101 5216 faciunt
1121 5140 1327 5213 (Matth.
1352 5154 1488 5193 xxm
1510 5140 1543 5191 2
1564 5143 1615 5193 et
1638 5139 1714 5205 3).
1739 5141 1860 5202 Quo
1883 5138 2005 5193 loco
2024 5137 2403 5192 etauctorita-

754 5236 873 5288 tem
900 5232 1067 5303 Legis
1087 5247 1213 5301 quae
1232 5246 1334 5301 per
1350 5231 1582 5300 Moysen
1601 5228 1735 5282 data
1754 5233 1859 5292 est,
1881 5229 2188 5283 confirmat
2208 5228 2403 5281 Domi-

755 5334 889 5385 nus,
923 5322 980 5371 et
1009 5322 1206 5371 tamen
1231 5315 1518 5371 cavendos
1545 5324 1602 5369 et
1624 5315 1925 5387 fugiendos
1946 5332 2074 5371 esse
2096 5332 2285 5370 mores
2308 5330 2404 5370 eo-

756 5422 888 5462 rum
911 5406 1012 5478 qui
1040 5404 1173 5478 Legi
1202 5421 1375 5476 quam
1402 5410 1744 5476 acceperant
1760 5421 1875 5459 non
1898 5405 2403 5476 obtemperabant,

822 5651 839 5684 ¹
874 5648 1127 5698 Nonnulli
1162 5648 1301 5706 Mss.,
1332 5648 1625 5697 Jndzorum
1653 5646 1879 5711 perditos
1914 5661 2091 5708 mores,
2130 5648 2180 5697 et
2210 5659 2403 5705 eorum,

751 5725 968 5776 prauam
998 5712 1444 5776 conversationem.

818 5774 842 5810 ³
868 5775 1024 5837 Editi,
1050 5766 1365 5842 preceperit.
1393 5774 1582 5826 Melius
1608 5772 1733 5825 Mss.
1759 5771 2017 5839 pracepit.

1230 362 1544 425 CONTRA
1587 364 2073 428 ADIMANTUM
2117 365 2528 428 MANlClLEl
2573 366 3075 444 DISClPULUM,
3124 366 3187 429 S.
3235 366 3663 431 AUGUSTINI

4035 364 4151 426 156

2502 498 2683 569 aperti
2692 498 2769 554 ssi
2780 515 2871 554 me
2885 499 3301 555 ostendit.lstis
3315 503 3509 553 autem
3528 497 4004 570 perversitatibus
4017 497 4149 553 suis

2502 587 2808 656 faciebant,
2844 592 2908 643 ut
2932 605 3064 643 cum
3096 588 3309 659 aliquis
3338 587 3573 660 gentilis
3604 588 3671 642 ad
3710 588 3916 660 Legem
3939 603 4147 643 eorum

2502 676 2834 747 transisset,
2865 677 2921 731 id
2955 681 3065 742 est,
3101 678 3287 733 factus
3319 682 3472 733 esset
3503 675 3854 748 proselytus,
3907 676 4153 731 haberet

2502 782 2691 821 mores
2721 783 2945 832 eorum,
2977 774 3030 821 et
3062 767 3223 822 fieret
3263 766 3418 821 filius
3467 765 3763 839 gehennae,
3798 765 3981 821 multo
4016 763 4151 836 plus

2501 871 2677 926 quam
2711 856 2821 926 ipsi
2856 861 3071 911 essent.
3106 856 3331 911 Dabant
3352 856 3501 910 enim
3522 871 3795 927 magnam
3820 870 4057 926 operam
4084 856 4151 907 ut

2495 943 2734 999 Judaaus
2768 945 2927 1000 fieret
2960 944 3173 1016 aliquis
3202 962 3269 1000 ex
3300 944 3607 1008 Gentibus,
3640 949 3696 999 et
3721 943 3991 999 Judaeum
4025 942 4146 997 fac-

2494 1038 2619 1088 tum
2651 1035 2937 1105 cogebant
2967 1052 3106 1089 suos
3139 1050 3328 1089 mores
3363 1034 3654 1104 pessimos
3685 1032 3923 1087 imitari.

2563 1124 2617 1177 2.
2644 1124 2841 1194 Neque
2864 1122 3008 1178 illud
3033 1124 3185 1195 quod
3210 1124 3283 1179 de
3306 1122 3582 1193 Apostolo
3605 1126 3885 1193 tanquam
3908 1125 4149 1177 contra-

2495 1210 2648 1265 rium
2670 1217 3112 1282 commemorat,
3137 1212 3324 1283 potuit
3340 1212 3637 1266 advertere
3654 1210 4003 1265 Adimantus
4021 1226 4151 1264 ma-

2495 1300 3022 1367 nichzeus,omnino
3035 1317 3151 1356 non
3169 1318 3297 1356 esse
3309 1299 3833 1371 contrarium;quia
3846 1304 4003 1355 totus
4015 1299 4150 1369 ejus

2494 1388 2700 1445 oculus
2719 1406 2831 1444 non
2853 1390 2921 1443 ad
2944 1390 3410 1461 inquisitionem,
3431 1390 3530 1445 sed
3548 1390 3617 1444 ad
3635 1387 4144 1460 reprehensionem

2494 1478 2804 1549 Scripturae
2838 1478 3099 1533 intentus
3130 1484 3272 1533 erat.
3305 1480 3738 1534 Commemorat
3768 1477 3924 1532 enim
3945 1476 4144 1531 dicen-

2492 1570 2607 1621 tem
2626 1566 2966 1637 Apostolum
2987 1583 2999 1621 :
3026 1566 3394 1622 Circumcisus
3418 1568 3629 1639 aliquis
3648 1575 3866 1621 vocatus
3884 1574 3964 1621 est
3982 1565 4009 1620 ‘3
4027 1581 4144 1621 non

2493 1654 2728 1711 adducat
2749 1658 3098 1726 praputium.
3122 1657 3183 1711 In
3200 1657 3477 1728 praeputio
3499 1659 3619 1725 quis
3639 1663 3857 1711 vocatus
3877 1662 3954 1710 est
3974 1656 4000 1708 .9
4032 1670 4149 1710 non

2491 1744 2929 1800 circumcidatur
2943 1762 2956 1799 :
2972 1747 3105 1816 quia
3116 1748 3446 1817 praeputium
3464 1746 3613 1800 nihil
3626 1745 4148 1811 est,etcircumcisio

2491 1834 2635 1888 nihil
2659 1838 2759 1903 est,
2788 1834 2882 1889 sed
2910 1834 3218 1890 observatio
3258 1843 3647 1906 praceptorum
3677 1835 3777 1889 Dei
3806 1834 3851 1906 (Ι
3884 1833 4004 1891 Cor.
4037 1851 4146 1899 vn,

2495 1924 2559 1977 18
2582 1928 2630 1978 et
2647 1923 2909 1995 19).Quid
2925 1924 3081 1978 enim
3098 1924 3464 1980 manifestius
3483 1940 3659 1995 quam
3678 1922 4138 1995 hocApostolum

2496 2012 2827 2085 praecipere,
2844 2013 3321 2084 utunusquisque
3338 2012 3489 2068 sicut
3505 2020 3741 2067 vocatus
3755 2018 3897 2078 erat,
3915 2011 3997 2066 sic
4012 2028 4141 2066 ma-

2495 2100 2693 2157 neret?
2709 2101 3166 2157 Advenientibus
3178 2102 3334 2157 enim
3352 2103 3547 2169 rebus,
3563 2118 3813 2173 quarum
3829 2106 3994 2156 erant
4011 2117 4143 2155 um-

2496 2191 2610 2246 bra:
2644 2188 2753 2244 illae
2782 2190 3237 2255 observationes,
3271 2191 3326 2245 id
3360 2196 3553 2245 actum
3583 2195 3691 2250 est.
3733 2190 4148 2246 ostenderetur

2494 2278 2553 2333 in
2579 2278 2722 2351 ipsis
2744 2279 2968 2333 umbris
2983 2296 3097 2334 non
3111 2296 3239 2334 esse
3254 2297 3415 2351 spem
3434 2281 3786 2351 ponendam,
3807 2280 3906 2335 sed
3922 2278 3979 2334 in
3995 2278 4144 2352 ipsis

2494 2368 2669 2424 rebus
2699 2385 2845 2440 quas
2876 2367 2986 2423 illa:
3019 2369 3238 2424 umbrae
3262 2369 3673 2439 significabant
3691 2385 3819 2425 esse
3841 2373 4139 2439 venturas,

2494 2455 2551 2510 id
2574 2462 2681 2527 est,
2705 2456 2999 2512 Christum
3023 2461 3080 2513 et
3107 2457 3443 2513 Ecclesium.
3478 2459 3543 2513 Et
3574 2462 3876 2530 propterea
3897 2456 3996 2512 illa
4010 2458 4138 2528 jam

2493 2546 2691 2601 omnia
2721 2546 2917 2601 inania
2946 2551 3149 2602 erant:
3188 2563 3293 2602 nec
3324 2554 3519 2602 tamen
3551 2564 3619 2603 ea
3648 2552 3932 2619 tanquam
3965 2546 4144 2603 noxia

2494 2635 2865 2702 removenda,
2890 2636 2990 2690 sed
3004 2640 3286 2706 tanquam
3304 2635 3602 2708 superﬂua
3615 2636 4040 2691 contemnenda
4060 2637 4135 2690 A-

2496 2722 2759 2795 postolus
2792 2724 3087 2796 praecipit;
3122 2731 3185 2779 ut
3216 2724 3263 2779 si
3287 2725 3416 2795 quis
3437 2724 3675 2781 Judteus
3698 2724 3927 2780 Christo
3949 2725 4141 2781 credi-

2496 2812 2700 2879 disset,
2729 2817 2961 2885 propter
2989 2812 3366 2869 offensionem
3398 2830 3639 2869 suorum
3663 2830 3776 2869 non
3801 2813 4142 2886 prohibere-

2498 2905 2594 2955 tur
2624 2901 2684 2956 in
2714 2901 2860 2973 ipsis
2891 2902 3205 2974 superﬂuis
3237 2919 3560 2971 remanere,
3598 2918 3701 2958 nec
3739 2907 3935 2958 tamen
3968 2901 4027 2957 in
4059 2901 4145 2958 eis

2499 2989 2746 3046 salutem
2767 3008 2934 3046 suam
2961 2992 3341 3047 constitutam
3366 2996 3629 3064 putaret:
3660 3008 3774 3048 non
3798 2992 3953 3046 enim
3979 2992 4152 3065 signa

2497 3077 2618 3146 illa,
2652 3080 2752 3135 sed
2782 3096 2849 3135 ea
2879 3097 3003 3152 quas
3035 3080 3127 3136 his
3158 3080 3566 3153 significantur
3601 3080 3661 3135 in
3688 3080 3937 3136 salutem
3972 3081 4149 3136 intro-

2499 3169 2741 3224 ducunt.
2776 3170 3025 3242 Ideoque
3050 3172 3384 3242 prmputium
3412 3169 3557 3225 nihil
3587 3179 3687 3236 est,
3715 3174 3769 3225 et
3788 3170 4146 3225 circumcisio

2498 3259 2644 3312 nihil
2671 3266 2769 3325 est,
2817 3261 2913 3315 sed
2958 3261 3262 3315 observatio
3307 3260 3693 3315 mandatorum
3741 3260 3857 3315 Dei.
3891 3259 3961 3314 Et
3990 3258 4146 3331 quod

2502 3346 2617 3403 alio
2646 3347 2769 3403 loco
2800 3349 2912 3404 ait:
2951 3350 3173 3407 Utinam
3199 3357 3251 3405 et
3277 3348 3672 3405 abscinduntur
3690 3350 3787 3421 qui
3808 3364 3898 3405 vos
3917 3356 4146 3405 contur-

2505 3436 2631 3493 bant
2662 3436 2862 3506 (Galat.
2900 3456 2954 3504 v,
2991 3439 3078 3510 12)
3108 3463 3123 3505 ;
3156 3455 3271 3493 non
3304 3438 3443 3510 quia
3464 3438 3834 3494 circumcisio
3860 3437 4153 3494 contraria

2504 3531 2595 3582 est
2625 3526 2955 3600 Evangelio,
2989 3527 3129 3582 dicit
3156 3527 3490 3600 Apostolus,
3519 3530 3672 3583 sicut
3692 3526 4015 3594 Manichtei,
4042 3544 4151 3599 pu-

2505 3620 2669 3671 tant:
2704 3617 2803 3671 sed
2836 3616 2979 3671 illud
3011 3622 3101 3672 est
3124 3616 3433 3688 Evangelio
3479 3616 3859 3683 contrarium,
3892 3621 3957 3672 ut
3986 3616 4155 3688 quis-

2507 3722 2620 3777 que
2652 3722 2772 3761 rem
2806 3707 3099 3777 deserens,
3135 3723 3263 3778 quas
3297 3723 3397 3776 per
3438 3704 3598 3761 illam
3631 3706 3902 3761 umbram
3935 3706 4163 3778 figura-

2506 3802 2623 3866 tur,
2647 3795 2834 3866 ipsius
2866 3797 3085 3851 umbrae
3117 3800 3399 3868 sequatur
3427 3795 3793 3851 inanitatem.
3814 3795 3977 3859 Quod
4001 3794 4157 3851 vole-

2507 3886 2650 3940 bant
2680 3884 2778 3956 qui
2812 3885 3095 3941 Gentibus
3126 3884 3184 3939 in
3217 3885 3516 3940 Christum
3550 3885 3924 3940 credentibus
3942 3886 4159 3957 jugum

2508 3975 2974 4031 circumcisionis
3032 3975 3411 4047 imponebant
3464 3976 3633 4046 quasi
3666 3975 3737 4030 ad
3774 3973 4021 4030 salutem
4056 3990 4160 4030 ne-

2508 4065 2847 4133 cessarium,
2881 4082 3015 4121 cum
3068 4067 3193 4136 jam
3250 4082 3364 4121 non
3400 4070 3554 4121 esset
3587 4066 3795 4120 umbra
3824 4066 3883 4121 in
3916 4081 4160 4138 corpore

2509 4156 2836 4227 figuranda,
2869 4156 2966 4211 sed
3003 4171 3095 4210 res
3120 4155 3249 4226 ipsa
3278 4156 3336 4209 in
3379 4154 3550 4210 corde
3580 4154 3882 4227 gestanda.

2580 4246 2634 4299 3.
2660 4246 2729 4300 Et
2749 4246 2902 4316 quod
2938 4244 3103 4315 dicit,
3131 4245 3255 4300 Dies
3284 4245 3602 4311 observatis,
3633 4248 3685 4300 et
3712 4244 3958 4309 sabbata,
3988 4247 4041 4300 et
4068 4261 4159 4300 so-

2511 4334 2821 4390 lemnitates
2844 4358 2858 4399 ;
2892 4336 3057 4389 timeo
3086 4350 3195 4403 vos,
3218 4350 3286 4389 ne
3305 4336 3522 4405 frustra
3542 4333 3910 4389 laboraverim
3929 4335 3991 4388 in
4008 4334 4162 4390 vobis

2511 4422 2612 4491 (Id.
2631 4441 2705 4490 1v,
2742 4424 2801 4477 lO
2822 4432 2873 4478 et
2897 4424 2984 4494 11)
3013 4448 3027 4491 ;
3052 4440 3166 4478 non
3193 4422 3277 4477 sic
3303 4422 3585 4493 scriptum
3610 4426 3699 4478 est
3720 4426 3783 4477 ut
3803 4422 4159 4480 Adimantus

2512 4512 2695 4584 ponit.
2724 4511 2847 4568 Non
2880 4510 3035 4567 enim
3069 4511 3338 4567 nominat
3368 4510 3448 4565 ibi
3480 4510 3789 4567 sabbatum
3819 4510 4158 4583 Apostolus.

2512 4599 2663 4655 Dicit
2682 4598 2835 4654 enim
2856 4615 2867 4653 :
2888 4600 3010 4655 Dies
3034 4600 3328 4655 observatis
3347 4604 3399 4654 et
3418 4614 3611 4665 annos,
3632 4602 3682 4653 et
3700 4603 3978 4669 tempora:
3999 4601 4166 4657 timeo

2512 4706 2622 4761 vos,
2649 4706 2719 4745 ne
2737 4692 2959 4760 frustra
2979 4690 3353 4745 laboraverim
3375 4691 3435 4744 in
3450 4690 3619 4745 vobis.
3643 4689 3753 4745 Sed
3772 4693 3941 4761 putat
3951 4705 4080 4746 esse
4093 4692 4169 4748 de

2513 4779 2754 4835 sabbato
2776 4780 2998 4834 dictum
3019 4779 3046 4833 ‘l
3078 4778 3371 4849 Numquid
3406 4782 3462 4833 et
3497 4795 3602 4834 nos
3634 4794 3749 4834 non
3773 4778 4020 4835 dicimus
4045 4780 4165 4837 ista

2513 4886 2625 4925 non
2651 4885 2777 4924 esse
2799 4869 3178 4934 observanda,
3200 4869 3301 4923 sed
3325 4866 3425 4922 illa
3445 4867 3640 4939 potius
3662 4884 3789 4940 qua
3811 4867 3905 4924 his
3926 4868 4160 4941 signiﬁ-

2513 4964 2721 5014 cantur
2746 4957 2875 5013 Pllli
2897 4957 3055 5013 enim
3082 4973 3149 5013 ea
3170 4956 3457 5013 serviliter
3486 4956 3894 5024 observabant,
3930 4974 4044 5013 non
4067 4957 4158 5013 in-

2514 5048 2841 5121 telligentes
2858 5048 2929 5103 ad
2953 5065 3201 5119 quarum
3224 5064 3416 5102 rerum
3438 5045 3924 5118 significationem
3942 5053 4158 5120 etprae-

2515 5137 2939 5193 nuntiationem
2959 5136 3458 5209 pertinerent.Hoc
3474 5137 3528 5190 in
3548 5135 3630 5191 eis
3645 5134 4161 5208 culpatApostolus

2512 5232 2570 5283 et
2599 5226 2659 5282 in
2695 5227 2971 5283 omnibus
3003 5227 3102 5299 qui
3142 5227 3404 5282 serviunt
3435 5229 3711 5282 creaturae
3748 5225 3946 5297 potius
3977 5243 4161 5298 quam

2513 5316 2771 5372 Creatori
2792 5316 2963 5388 (Rom.
2994 5315 3158 5387 1,25).
3174 5315 3320 5370 Nam
3347 5330 3451 5369 nos
3464 5330 3695 5387 quoque
3716 5318 3775 5370 et
3796 5314 4159 5373 dominicum

2514 5407 2667 5462 diem
2695 5411 2752 5462 et
2771 5404 2993 5461 Pascha
3013 5404 3351 5460 solemniter
3376 5401 3763 5469 celebramus,
3791 5407 3848 5458 et
3867 5404 4163 5474 quaslibet

2514 5496 2659 5551 alias
2679 5495 3029 5551 cbristianas
3046 5493 3275 5549 dierum
3293 5490 3655 5548 festivitates.
3670 5492 3779 5548 Sed
3796 5491 4159 5563 quiaintelli-

2513 5586 2709 5658 gimus
2732 5602 2844 5657 quo
2873 5583 3218 5655 pertineant,
3240 5596 3354 5637 non
3368 5580 4161 5653 temporaobservamus,sed

2514 5691 2640 5747 quae
2658 5658 3205 5745 illissignificantur
3225 5670 3608 5746 temporibus.
3633 5670 3933 5726 Μαιλίοὴωί
3957 5676 4153 5729 autem

2515 5762 2600 5819 sic
2646 5778 2716 5819 ea
2738 5761 3198 5836 reprehendunt,
3228 5758 3398 5832 quasi
3427 5758 3623 5817 nullos
3653 5758 3779 5818 dies
3806 5763 3867 5818 at
3890 5764 4161 5834 tempora
