4638 6468
819 437 934 497 163

819 566 1143 624 divitiarum
1170 563 1247 617 est
1272 560 1452 631 (Prov.
1486 573 1622 626 xvu,
1654 571 1759 611 sec.
1798 551 1978 624 LXX).
2022 548 2188 605 Unde
2217 541 2469 600 exsultat

818 653 1132 728 Apostolus
1150 650 1381 705 dicens:
1410 648 1579 715 Quasi
1598 645 1742 700 nihil
1764 644 2042 709 habentes,
2065 642 2119 694 et
2138 636 2326 693 omnia
2343 647 2466 728 pos-

821 724 1148 813 sidentes(Il
1170 740 1291 795 Cor.
1315 755 1392 803 x1,
1426 741 1543 807 to):
1583 736 1630 790 si
1666 751 1801 805 ergo
1833 733 1891 787 in
1922 731 2077 786 Novo
2097 724 2467 782 Testamento

821 838 1030 907 praeter
1054 835 1328 887 (sternam
1357 824 1785 899 possessionem
1810 837 1939 893 quae
1952 817 2317 892 promittitur
2337 827 2470 867 san-

820 902 952 987 ctis,
972 920 1151 990 hujus
1183 932 1414 990 quoque
1446 910 1839 986 possessionis
1862 926 1989 981 quis
2012 905 2335 961 transitura
2357 902 2467 965 est,

821 1007 1232 1082 multiplicatio
1263 1022 1378 1062 non
1410 1002 1797 1065 subtrahitur,
1832 1005 1887 1054 et
1916 1001 2077 1054 tanto
2109 997 2172 1049 lit
2211 990 2464 1082 uberior,

822 1077 1043 1174 quanto
1074 1093 1470 1167 contemptius
1503 1091 1873 1165 possidetur;
1916 1101 2134 1159 quanto
2167 1079 2357 1174 magis
2389 1077 2465 1174 in

824 1167 1018 1245 Veteri
1047 1187 1420 1243 Testamento
1478 1179 1732 1237 carnalis
1780 1176 1977 1249 populi
2040 1172 2279 1245 praemia
2326 1167 2469 1223 talia

821 1293 948 1335 esse
979 1277 1328 1341 debuerunt,
1361 1272 1489 1344 ipso
1520 1276 1713 1326 tamen
1746 1283 1861 1322 uno
1884 1270 1939 1321 et
1960 1279 2091 1319 vero
2118 1266 2228 1315 Deo
2252 1258 2463 1331 guber-

816 1372 1018 1423 natore
1049 1363 1315 1421 omnium
1345 1365 1670 1430 temporum
1704 1353 1901 1412 omnia
1924 1369 2028 1425 pro
2051 1355 2316 1420 tempore
2342 1362 2466 1401 mo-

818 1456 1057 1513 derante
1088 1458 1147 1509 et
1177 1448 1667 1508 administrante?

884 1590 940 1645 2.
971 1588 1080 1644 Sed
1104 1602 1175 1642 ne
1196 1584 1255 1640 in
1283 1582 1423 1639 solis
1447 1580 1588 1636 Novi
1614 1575 1977 1635 Testamenti
1998 1572 2164 1629 libris
2184 1570 2280 1628 isti
2314 1567 2467 1625 arbi-

813 1682 1043 1735 trentur
1073 1676 1193 1730 hinc
1231 1688 1358 1729 esse
1409 1672 1763 1737 contempta,
1819 1664 2063 1721 audiant
2122 1659 2465 1734 prophetam

814 1768 1186 1839 abjicientem
1206 1761 1382 1817 talem
1410 1758 1833 1821 felicitatem,et
1855 1758 1926 1808 ad
1952 1769 2133 1807 unum
2155 1750 2465 1839 Dominum

818 1837 1002 1913 Deum
1017 1851 1477 1924 confugiendum
1501 1863 1630 1902 esse
1648 1850 1978 1901 cantantem
2008 1841 2089 1895 Ita
2106 1840 2256 1895 enim
2281 1837 2463 1904 dixit;

820 1948 897 2002 De
916 1944 1103 2014 gladio
1124 1942 1366 2012 maligno
1379 1954 1508 1993 erue
1528 1951 1632 2001 me,
1656 1944 1706 1990 et
1728 1935 1910 1989 exime
1932 1948 2017 1985 me
2035 1930 2100 1985 de
2122 1945 2291 1983 manu
2312 1926 2467 1997 ﬁlio-

820 2051 948 2090 rum
976 2033 1308 2096 alienorum,
1335 2043 1563 2100 quorum
1604 2041 1661 2079 os
1695 2025 1929 2078 locutum
1961 2023 2036 2074 est
2068 2020 2385 2082 vanitatem,
2420 2022 2470 2069 et

820 2120 1046 2176 dextera
1056 2133 1243 2173 eorum
1262 2114 1483 2170 dextera
1501 2112 1831 2182 iniquitatis.
1843 2111 2085 2176 Quorum
2099 2107 2157 2176 ﬁl
2165 2107 2207 2159 ii
2220 2106 2335 2173 ipso
2344 2120 2469 2157 rum

816 2209 966 2265 velut
984 2206 1211 2263 novella
1234 2201 1593 2259 constabilitas
1638 2202 1695 2254 in
1728 2200 2010 2269 iuventute
2054 2212 2173 2250 sua.
2199 2194 2351 2248 Filia
2378 2206 2466 2247 eo-

818 2314 947 2353 rum
957 2296 1273 2356 composita
1292 2301 1343 2347 et
1360 2300 1569 2346 ornatae
1591 2289 1731 2344 velut
1751 2284 2057 2341 similitudo
2074 2283 2279 2352 templi.
2293 2281 2467 2336 Cella-

820 2389 909 2444 ria
924 2401 1119 2441 eorum
1132 2380 1628 2455 plena,eructantia
1640 2393 1709 2432 ex
1726 2376 1826 2431 hoc
1840 2377 1897 2430 in
1913 2374 2029 2430 hoc.
2052 2373 2179 2429 Oves
2191 2387 2377 2425 eorum
2394 2371 2469 2439 fe-

824 2474 1040 2545 cunda,
1072 2470 1501 2543 multiplicantes
1531 2469 1588 2522 in
1616 2466 1858 2521 exitibus
1892 2465 2009 2518 suis
2036 2480 2050 2530 ;
2093 2462 2245 2518 boves
2275 2474 2469 2515 eorum

823 2580 1039 2622 crassae.
1070 2565 1191 2617 Non
1212 2563 1291 2615 est
1309 2559 1473 2612 ruina
1494 2556 1653 2626 scpis,
1678 2571 1775 2609 nec
1811 2555 2013 2617 exitus,
2047 2568 2227 2622 neque
2260 2550 2471 2604 clamor

824 2658 886 2712 in
908 2654 1107 2726 plateis
1136 2666 1341 2706 eorum.
1378 2653 1605 2702 Beatum
1630 2645 1895 2699 dixerunt
1920 2641 2183 2714 populum
2221 2640 2313 2693 cui
2356 2639 2470 2692 haec

823 2746 989 2807 sunt;
1010 2742 1194 2796 beatas
1210 2738 1444 2811 populus
1463 2736 1619 2808 cujus
1642 2734 1909 2789 Dominus
1922 2734 2063 2787 Deus
2085 2731 2267 2799 ipsius
2292 2730 2466 2800 (Psal.

821 2849 975 2901 CLIII,
1015 2830 1220 2897 11-15).
1255 2825 1573 2881 Attendant
1620 2838 1756 2893 ergo
1808 2821 2102 2893 quomodo
2153 2818 2470 2873 irrideatur

822 2923 940 2978 ista
962 2917 1209 2975 felicitas
1230 2916 1288 2970 in
1302 2913 1641 2970 hominibus
1663 2910 1943 2982 impiis,et
1961 2914 2082 2964 tota
2095 2905 2391 2963 beatitudo
2410 2905 2469 2959 in

822 3011 938 3068 Deo
956 3007 1078 3063 solo
1097 3007 1450 3061 inconcussa
1472 2999 1799 3073 ﬁgaturJlli
1824 2999 1981 3054 enim
2003 2997 2208 3052 dicunt
2232 2997 2470 3051 beatum

825 3096 1109 3172 populum
1132 3094 1223 3149 cui
1246 3093 1366 3147 haec
1385 3096 1559 3157 sunt;
1584 3090 1684 3145 sed
1710 3090 1915 3144 beatus
1930 3086 2181 3159 populus
2196 3085 2365 3155 cujus
2382 3086 2472 3139 est

826 3185 1111 3243 Dominus
1144 3188 1294 3238 Deus
1322 3180 1531 3253 ipsius.
1558 3179 1719 3246 Quod
1744 3182 1937 3232 autem
1967 3175 2142 3231 etiam
2162 3173 2305 3229 illud
2330 3190 2471 3229 con-

826 3275 1075 3333 trarium
1098 3287 1225 3329 esse
1245 3274 1590 3343 putaverunt
1614 3265 1885 3322 huicloco
1901 3264 2126 3320 Veteris
2138 3264 2471 3319 Testamen-

828 3368 895 3431 ti,
919 3364 1070 3436 quod
1095 3362 1377 3418 Dominus
1391 3358 1491 3423 ait,
1511 3357 1698 3414 Omnis
1719 3357 1814 3429 qui
1828 3356 2090 3426 confusus
2101 3355 2474 3426 fueritmeaut

825 3455 989 3512 verba
1009 3467 1131 3507 mea
1148 3452 1205 3506 in
1230 3457 1386 3521 gente
1409 3450 1518 3503 ista
1538 3446 1790 3502 adultera
1812 3448 1860 3500 et
1882 3445 2199 3515 peccatrice,
2220 3450 2269 3498 et
2296 3442 2473 3496 Filius

828 3539 1441 3611 hominisconfundetur
1462 3537 1644 3602 illum,
1660 3552 1787 3592 cum
1806 3536 2017 3590 venerit
2032 3543 2088 3588 ut
2100 3534 2279 3605 gloria
2292 3533 2472 3588 Patris

823 3636 913 3691 sui
930 3642 979 3690 et
1001 3631 1163 3687 laude
1180 3639 1493 3685 sanctorum
1516 3626 1703 3695 (Marc.
1728 3642 1849 3694 νιιι,
1875 3624 1966 3691 38)
1999 3624 2150 3694 quod
2189 3621 2475 3694 pertineat

828 3725 900 3779 ad
913 3725 1314 3791 contemptum
1339 3733 1527 3772 rerum
1546 3713 1958 3786 temporalium
1982 3730 2095 3767 non
2122 3710 2472 3773 video.Quod

832 3812 880 3868 si
914 3815 1217 3883 propterea
1240 3806 1510 3877 pertinet,
1537 3821 1608 3859 ne
1630 3803 1843 3874 aliquis
1882 3801 2118 3856 territus
2156 3800 2224 3855 de
2264 3799 2470 3855 talium

833 3896 1029 3955 rerum
1049 3895 1303 3959 damnis,
1319 3893 1613 3949 Christum
1635 3891 1892 3947 conﬁteri
1913 3895 2013 3945 aut
2029 3890 2355 3954 erubescat,
2372 3893 2475 3945 aut

832 3984 1202 4057 timeat,quid
1219 3982 1599 4053 habentquod
1620 3980 2106 4035 dicunt‘lDicimus
2122 3979 2198 4034 ita
2218 3995 2347 4034 esse
2364 3979 2476 4034 ista

832 4093 1077 4133 munera
1104 4072 1291 4134 Dei,ut
1312 4077 1507 4127 tamen
1521 4071 1638 4125 sint
1661 4070 1948 4135 infima,et
1966 4069 2021 4122 in
2043 4067 2475 4139 comparatione

830 4164 1106 4224 salutaris
1135 4160 1539 4224 confessionis,
1578 4176 1692 4214 non
1746 4158 1933 4215 solum
1980 4158 2318 4228 amittenda,
2371 4157 2474 4212 sed

824 4254 977 4310 ultro
1010 4251 1187 4307 etiam
1252 4248 1646 4321 projicienda:
1710 4247 2048 4303 carnalibus
2100 4250 2295 4301 tamen
2351 4244 2474 4301 haec

828 4340 1188 4402 amantibus,
1210 4343 1267 4393 et
1316 4337 1575 4392 nondum
1599 4335 1964 4407 capientibus
1990 4336 2282 4407 promissa
2311 4333 2475 4389 cznle-

830 4430 963 4498 stia,
989 4445 1060 4483 ne
1089 4426 1163 4482 ab
1193 4425 1364 4481 idolis
1394 4431 1450 4480 et
1479 4424 1845 4480 daemonibus
1876 4427 1989 4479 ista
2007 4422 2473 4496 peterent.’_utili-

832 4525 920 4575 ter
949 4534 984 4573 a
1014 4515 1259 4571 Domino
1289 4515 1404 4570 Deo
1434 4531 1561 4570 esse
1592 4512 1869 4586 pollicita.

905 4648 1140 4708 CAPUT
1172 4649 1313 4704 XIX.
1346 4680 1414 4689 —-
1446 4650 1496 4705 1.
1537 4654 1611 4704 De
1642 4666 1707 4705 eo
1742 4648 1893 4719 quod
1946 4646 2230 4719 scriptum
2280 4650 2369 4701 est
2415 4645 2474 4701 in

832 4748 978 4814 Lege
1001 4755 1014 4793 :
1036 4743 1144 4807 Ego
1168 4754 1289 4793 sum
1310 4740 1405 4811 qui
1424 4738 1646 4794 divitias
1667 4737 1731 4793 do
1774 4737 1973 4793 amicis
1990 4737 2143 4802 meis,
2164 4740 2214 4791 et
2247 4751 2477 4807 pauper-

833 4841 995 4889 tatem
1024 4829 1270 4886 inimicis
1300 4829 1453 4883 meis.
1490 4828 1633 4883 Huic
1663 4825 1963 4882 sententiae
1994 4824 2137 4880 illud
2176 4829 2480 4897 opponunt

837 4922 991 4994 quod
1025 4919 1309 4977 Dominus
1341 4917 1499 4983 dicit,
1523 4917 1679 4971 Beati
1690 4930 1957 4987 pauperes
1976 4914 2195 4985 spiritu,
2220 4917 2480 4985 quoniam

840 5014 1088 5085 ipsorum
1109 5013 1187 5063 est
1207 5024 1439 5078 regnum
1458 5004 1932 5076 ccelorum(Malth.
1946 5020 1999 5069 v,
2023 5003 2077 5074 3)
2104 5018 2117 5056 :
2136 5007 2211 5071 et,
2240 5005 2318 5059 Vae
2336 5004 2480 5060 vobis

839 5100 1123 5165 divitibus,
1147 5099 1275 5169 quia
1295 5097 1611 5167 percepistis
1631 5094 2056 5150 consolationem
2076 5096 2309 5147 vestram
2324 5096 2477 5156 (Luc.

836 5207 916 5259 vr,
937 5189 1051 5261 24).
1077 5187 1186 5242 Sed
1208 5202 1313 5240 cur
1330 5183 1535 5240 nolunt
1550 5187 1607 5238 et
1625 5182 1739 5237 alia
1756 5182 1813 5236 in
1833 5179 2140 5251 Evangelio
2176 5182 2481 5238 contueri?

841 5277 951 5336 Ubi
972 5277 1128 5333 enim
1143 5274 1255 5331 scri
1265 5279 1423 5346 ptum
1441 5272 1713 5338 est,Beati
1719 5285 1989 5342 pauperes
1999 5271 2485 5343 spiritu,quoniam

844 5370 1090 5440 ipsorum
1105 5368 1181 5420 est
1195 5380 1426 5433 regnum
1446 5360 1821 5419 ccelorum:ibi
1848 5358 2114 5431 sequitur
2131 5361 2309 5416 :Beati
2323 5371 2486 5419 mnes

839 5458 1096 5531 quoniam
1115 5455 1228 5523 ipsi
1251 5452 1567 5507 haereditate
1594 5448 1937 5522 possidebunt
1951 5450 2176 5503 terram.
2212 5456 2350 5506 Ecce
2379 5450 2482 5507 ha-

840 5548 985 5603 bent
1020 5543 1241 5600 amicos
1273 5541 1373 5597 Dei
1396 5540 1728 5595 haereditate
1751 5545 1911 5593 terrai
1936 5537 2140 5592 divites
2165 5539 2305 5595 fieri.
2339 5542 2483 5597 Cum

840 5640 1040 5693 autem
1072 5631 1144 5686 ad
1178 5634 1397 5684 tantam
1430 5634 1743 5700 egestatem
1776 5626 1936 5682 dives
1969 5625 2065 5681 ille
2088 5627 2395 5698 redigitur,
2422 5634 2487 5685 ut

845 5724 919 5781 ab
942 5739 1007 5778 eo
1020 5734 1273 5793 paupere
1293 5733 1464 5788 quem
1486 5716 1834 5789 neglexerat,
1859 5714 2040 5788 digito
2059 5715 2215 5771 brevi
2239 5715 2298 5771 in
2333 5734 2488 5791 aqua

844 5812 1028 5869 tincto
1048 5806 1233 5866 arenti
1248 5804 1460 5879 linguae
1477 5822 1594 5863 suae
1608 5805 1913 5864 humorem
1928 5803 2135 5862 stillari
2148 5805 2489 5880 deprecetur

1310 425 1623 489 CONTRA
1664 414 2144 484 ADIMANTUM
2190 405 2601 475 ΜΑΝΙΟΗΕῙ
2644 405 3153 483 DISCIPULUM,
3200 410 3266 472 S.
3311 406 3743 473 AUGUSTINI

4122 405 4249 466 164

2595 538 2742 609 (Luc.
2773 556 2886 605 xv1,
2914 542 3027 614 24),
3062 541 3393 613 intelligant
3424 540 3715 612 quomodo
3759 538 3902 593 ﬂant
3948 552 4246 610 pauperes

2591 626 2813 684 inimici
2844 631 2961 701 Dei,
2994 636 3051 686 et
3081 632 3137 686 id
3187 648 3315 687 esse
3365 636 3719 702 cognoscant
3767 627 3921 698 quod
3973 627 4031 682 in
4088 627 4246 699 Lege

2589 717 2872 790 scriptum
2904 726 2996 775 est
3024 737 3036 777 :
3073 724 3189 792 Ego
3222 738 3345 776 sum
3374 722 3473 792 qui
3501 719 3723 774 divitias
3754 717 3819 773 do
3849 718 4045 773 amicis
4073 718 4245 785 meis,

2587 813 2639 861 et
2665 809 3050 880 paupertatem
3079 812 3323 865 inimicis
3352 815 3503 864 meis.

2658 916 2711 969 2.
2742 914 2889 971 Nam
2921 916 3064 972 istas
3095 916 3326 971 divitias
3348 913 3701 987 temporales
3723 920 3774 969 et
3798 913 3857 968 in
3880 911 4059 968 veteri
4086 911 4247 968 Scri-

2592 1006 2765 1074 ptura
2787 1021 2914 1060 esse
2937 1010 3303 1077 contemptae
3325 1011 3381 1060 et
3400 1005 3673 1076 superius
3688 1001 3943 1065 docui,et
3963 1001 4247 1057 innume-

2590 1093 2875 1149 rabilibus
2893 1093 3035 1149 locis
3059 1095 3156 1166 qui
3180 1094 3368 1166 legere
3388 1092 3654 1159 voluerit,
3672 1091 3946 1149 inveniet.
3970 1090 4137 1147 Unde
4150 1095 4249 1147 est

2589 1183 2762 1239 etiam
2785 1182 2929 1238 illud
2954 1200 2966 1239 :
2991 1183 3182 1239 Melius
3207 1192 3286 1239 est
3303 1182 3578 1239 modicum
3605 1182 3777 1252 justo,
3814 1197 3976 1252 super
4012 1181 4247 1236 divitias

2584 1281 2929 1344 peccatorum
2949 1274 3150 1329 multas
3174 1274 3342 1343 (Psal.
3366 1289 3553 1339 xxxvx,
3582 1272 3690 1343 16).
3715 1275 3781 1325 Et
3813 1269 3953 1325 illud
3981 1286 3995 1325 :
4020 1272 4245 1325 Bonum

2588 1363 2732 1418 mihi
2756 1361 2849 1418 lex
2876 1364 2992 1418 oris
3022 1365 3123 1430 tui,
3154 1379 3319 1435 super
3343 1362 3525 1417 millia
3556 1362 3684 1416 auri
3711 1362 3760 1415 et
3790 1360 4006 1429 argenti
4054 1359 4240 1427 (Psal.

2587 1466 2780 1517 cxvni,
2811 1451 2923 1523 72).
2954 1451 3023 1506 Et
3051 1451 3196 1507 illud
3223 1468 3238 1507 :
3272 1452 3491 1508 Iudicia
3523 1451 3619 1506 Dei
3646 1466 3777 1505 vera
3823 1449 4120 1520 iustiﬁcata
4174 1449 4241 1503 in
4338 1469 4343 1477 ε

2588 1539 2833 1607 idipsum
2854 1539 3300 1607 ’,desiderabilia
3310 1556 3477 1612 super
3489 1555 3693 1595 aurum
3712 1540 3762 1594 et
3777 1538 4018 1609 lapidem
4036 1537 4239 1609 pretio-

2585 1645 2705 1683 sum
2729 1628 2970 1684 multum
2990 1630 3160 1700 (Psal.
3185 1647 3345 1693 xvm,
3374 1629 3479 1701 10).
3507 1629 3573 1684 Et
3602 1628 3742 1683 illud
3766 1646 3785 1682 :
3818 1631 4012 1683 Beatus
4030 1628 4121 1681 vir
4140 1627 4243 1698 qui

2588 1720 2795 1773 invenit
2809 1720 3213 1788 sapientiam,et
3234 1719 3563 1773 immortalis
3584 1719 3682 1789 qui
3695 1716 3839 1771 videt
3848 1715 4235 1788 prudentiam.

2589 1807 2790 1861 Melius
2820 1816 2897 1861 est
2924 1809 3071 1861 enim
3101 1807 3260 1860 illam
3291 1822 3546 1873 mercari,
3580 1820 3745 1875 quam
3766 1804 3896 1858 auri
3923 1811 3973 1858 et
4014 1802 4241 1873 argenti

2588 1894 2882 1951 thesauros.
2910 1898 3211 1951 Pretz’osior
3229 1899 3311 1949 est
3337 1904 3522 1949 autem
3545 1894 3827 1964 lapidibus
3856 1894 4099 1959 optimis,
4123 1906 4240 1946 non

2588 1987 2797 2039 resistit
2811 1986 2898 2039 illi
2919 1986 3097 2039 ullum
3116 1986 3323 2039 malum
3342 2005 3360 2049 ,-
3376 1985 3507 2039 bene
3526 1988 3657 2038 nota
3668 1986 3746 2036 est
3761 1982 4013 2036 omnibus
4041 1996 4239 2051 appro-

2586 2075 2985 2145 pinquantibus
3014 2076 3085 2145 ei,
3117 2083 3166 2128 et
3188 2077 3264 2128 eis
3285 2076 3381 2145 qui
3399 2072 3744 2128 considerant
3768 2089 3890 2126 eam
3914 2072 4231 2142 diligenter.

2590 2164 2756 2220 Omne
2776 2168 2960 2218 autem
2980 2166 3280 2234 pretiosum
3301 2179 3406 2218 non
3431 2166 3507 2218 est
3531 2163 3622 2216 illi
3641 2163 3874 2229 dignum
3913 2161 4093 2232 (Prov.
4143 2176 4232 2231 ιιι,

2591 2254 2792 2321 13-15).
2829 2258 2893 2307 Et
2924 2252 3065 2307 illud
3092 2269 3103 2307 :
3132 2256 3366 2324 Propter
3387 2253 3484 2307 hoc
3504 2252 3706 2323 optavi,
3728 2254 3779 2306 et
3799 2250 3958 2305 datus
3978 2252 4055 2304 est
4090 2250 4239 2304 mihi

2587 2358 2796 2408 sensus,
2820 2347 2871 2397 et
2894 2343 3217 2409 invocavi,et
3244 2358 3337 2397 ven
3348 2344 3389 2397 it
3414 2344 3470 2395 in
3487 2357 3574 2396 me
3591 2342 3824 2410 spiritus
3842 2340 4210 2410 sapientiaaE
4214 2345 4235 2393 ι

2586 2434 2868 2503 praeposui
2890 2433 3047 2486 illam
3065 2433 3251 2499 regnis
3272 2433 3293 2465 ¹
3313 2435 3363 2486 et
3388 2430 3623 2493 sedibus,
3648 2435 3699 2485 et
3730 2429 4060 2483 honestatem
4084 2428 4236 2482 nihil

2590 2536 2705 2574 esse
2733 2520 2871 2575 dumi
2900 2519 2969 2574 ad
2988 2522 3455 2591 comparationem
3480 2521 3671 2590 ipsius.
3690 2519 3793 2573 Nec
3810 2519 4125 2588 comparavi
4145 2517 4237 2572 illi

2591 2607 2825 2670 lapidem
2845 2610 3141 2679 pretiosum
3163 2627 3181 2662 :
3206 2610 3465 2678 quoniam
3478 2624 3635 2663 omne
3655 2623 3858 2660 aurum
3878 2607 3936 2660 in
3956 2621 4234 2676 compara-

2594 2698 2744 2751 tione
2766 2698 2921 2751 illius
2942 2714 3109 2751 arena
3130 2702 3202 2751 est
3224 2699 3504 2767 exigua,el
3521 2705 3781 2767 tanquam
3803 2696 3977 2749 lutum
3993 2696 4233 2749 estima-

2594 2785 2743 2840 bitur
2792 2795 3081 2855 argentum
3127 2786 3197 2841 ad
3246 2786 3571 2857 illam(Sap.
3623 2785 3887 2851 v11,7-9).
3915 2784 4043 2838 Haec
4064 2780 4163 2837 isti
4186 2782 4233 2837 si

2590 2879 2691 2929 aut
2714 2874 2967 2944 legerent
2990 2880 3090 2931 aut
3118 2892 3229 2930 non
3253 2875 3431 2946 impie
3454 2874 3731 2946 legerent,
3754 2873 4016 2927 viderent
4036 2871 4236 2927 omnia

2591 2962 2651 3018 in
2678 2962 3340 3035 utriusque'l‘estamenti
3365 2960 3838 3034 scripturis,etad
3852 2959 4232 3032 repetendum

2593 3056 2651 3107 et
2680 3052 2751 3107 ad
2786 3052 3149 3125 fugiendum,
3185 3058 3241 3108 et
3269 3052 3339 3107 ad
3367 3052 3720 3108 sumendum
3754 3056 3812 3105 et
3840 3050 3912 3105 ad
3963 3048 4234 3119 rejicien-

2595 3142 2735 3197 dum
2769 3142 2879 3198 sibi
2911 3143 3323 3198 concordantia
3352 3147 3409 3198 et
3439 3142 3564 3197 suis
3594 3140 3879 3213 gradibus
3907 3139 4197 3194 ordinata.

2664 3249 2894 3305 CAPUT
2933 3249 3045 3305 XX.
3071 3282 3140 3290 —
3166 3250 3214 3305 1.
3243 3254 3317 3305 De
3339 3266 3403 3303 eo
3425 3249 3579 3321 quod
3621 3247 3905 3318 scriptum
3931 3250 4021 3301 est
4043 3246 4102 3300 in
4129 3244 4233 3299 Le-

2592 3355 2699 3411 ge:
2725 3339 2786 3394 Si
2805 3340 3224 3395 ambulaveritis
3250 3340 3309 3393 in
3340 3339 3482 3411 lege,
3514 3342 3566 3393 et
3590 3340 3867 3409 praecepta
3896 3351 4020 3390 mea
4058 3342 4235 3391 custo-

2593 3428 2812 3483 dieritis
2830 3446 2851 3490 ;
2875 3428 3009 3484 dabo
3037 3428 3254 3500 pluvias
3287 3432 3521 3499 tempore
3549 3443 3668 3494 suo,
3699 3434 3751 3481 et
3785 3424 4043 3496 producet
4089 3428 4235 3479 terra

2590 3519 2802 3588 fructus
2820 3528 3020 3582 suos,et
3039 3519 3260 3573 arbores
3279 3521 3517 3589 poma.et
3536 3515 3960 3573 vindemiwtuee
3974 3513 4235 3569 messibus

2593 3607 2896 3673 succedent,
2922 3617 2973 3662 et
2993 3609 3135 3662 satio
3155 3608 3442 3662 vindemiis
3464 3624 3482 3660 :
3503 3614 3551 3660 el
3569 3604 3986 3669 saturabimini,
4008 3610 4061 3656 et
4080 3603 4233 3656 sede-

2596 3697 2722 3751 bitis
2747 3698 2807 3751 in
2825 3713 2956 3768 pace
2979 3699 3038 3752 in
3061 3702 3209 3752 terra
3230 3700 3487 3759 vestra,et
3509 3695 3875 3759 dormielis,et
3891 3708 3999 3747 non
4021 3693 4127 3746 erit
4146 3690 4238 3762 qui

2595 3802 2684 3842 vos
2707 3790 2947 3842 terreat:
2970 3790 3021 3841 et
3036 3786 3265 3857 perdam
3289 3801 3499 3839 omnem
3524 3782 3766 3839 l'elluam
3788 3798 3856 3837 ex
3877 3786 4023 3836 terra
4035 3785 4235 3836 vestra:

2594 3878 2645 3931 et
2663 3878 3009 3948 persequemi
3030 3877 3280 3931 inimicos
3311 3877 3531 3938 vestros,
3555 3882 3605 3928 et
3633 3872 3824 3927 cadent
3878 3875 4005 3925 ante
4041 3885 4130 3924 vos
4178 3870 4237 3924 in

2597 3966 2733 4039 glad
2741 3968 2793 4022 io
2822 3983 2834 4020 :
2856 3970 2909 4020 et
2932 3967 3287 4036 insequentur
3306 3966 3548 4035 quinque
3562 3979 3631 4019 ea:
3646 3962 3792 4017 vobis
3812 3969 4103 4029 centum,et
4123 3975 4240 4014 cen-

2597 4066 2714 4110 tum
2745 4072 2817 4109 επ
2845 4056 2992 4109 vobis
3016 4058 3414 4125 persequentur
3441 4053 3620 4108 decem
3649 4051 3852 4119 millia,
3886 4052 3936 4104 et
3958 4048 4239 4105 concident

2597 4145 2816 4199 inimici
2833 4145 3003 4198 vestri
3022 4152 3149 4197 ante
3171 4159 3257 4198 vos
3282 4144 3340 4197 in
3360 4141 3545 4211 gladio
3563 4159 3584 4204 ,'
3606 4149 3656 4196 et
3680 4141 3914 4205 veniam,
3936 4142 3985 4194 et
4024 4138 4239 4193 benedi-

2595 4249 2716 4288 cam
2736 4248 2845 4301 vos,
2865 4241 2914 4287 et
2931 4233 3307 4302 multiplicabo
3328 4248 3438 4296 vos,
3462 4239 3513 4286 et
3524 4230 3815 4301 disponam
3844 4244 3951 4283 vos.
3998 4227 4237 4283 Mandu-

2598 4321 2789 4377 cabitis
2812 4324 2959 4376 vetus
2979 4320 3116 4392 quod
3136 4322 3477 4380 inveteravit.
3500 4330 3552 4374 et
3585 4320 3888 4391 projicietis
3923 4326 4075 4373 vetus
4110 4320 4240 4373 ante

2596 4427 2794 4466 novum
2808 4410 3457 4482 (Levit.xxvx,3-10).Jam
3476 4410 3769 4464 neminem
3793 4412 4018 4479 oportet
4030 4412 4237 4478 postu-

2600 4499 2719 4555 lare
2758 4517 2791 4556 a
2810 4500 2999 4569 nobis,
3030 4505 3093 4554 ut
3115 4499 3235 4555 haec
3249 4499 3631 4554 ostendamus
3663 4514 3839 4569 quam
3855 4500 4238 4568 congruenter

2598 4588 2681 4643 illi
2706 4588 2917 4661 populo
2941 4589 3094 4645 Deus
3117 4585 3823 4660 promiserit.Multaenim
3848 4586 3916 4641 de
3941 4584 4047 4639 hac
4068 4602 4127 4639 re
4147 4584 4241 4639 di-

2598 4678 2890 4746 ximus,ct
2913 4678 3002 4735 cui
3032 4695 3206 4750 parva
3228 4686 3381 4745 sunt,
3407 4676 3582 4731 nimis
3610 4676 3813 4731 tardus
3848 4680 3953 4730 est.
3995 4673 4104 4729 Sed
4147 4678 4238 4729 ta-

2602 4784 2734 4823 men
2759 4768 2913 4839 quod
2934 4768 3105 4822 etiam
3129 4767 3263 4821 huic
3286 4768 3409 4821 loco
3433 4767 3504 4821 de
3546 4766 3701 4821 Novo
3747 4765 4118 4819 Testamento
4155 4763 4241 4818 di-

2600 4863 2886 4913 cuntesse
2909 4856 3302 4912 contrarium:
3328 4854 3472 4910 illud
3495 4854 3760 4910 videlicet
3780 4854 3935 4925 quod
3961 4853 4240 4909 Dominus

2602 4948 2701 5017 ait,
2751 4946 2925 5003 Nolite
2963 4954 3188 5017 portare
3235 4961 3453 5010 aurum,
3494 4960 3671 5016 neque
3719 4946 4027 5014 argentum,
4066 4958 4241 5014 neque

2601 5052 2851 5093 nummos
2865 5038 2921 5091 in
2934 5037 3084 5090 zonis
3096 5035 3424 5097 vestris;non
3432 5051 3622 5105 peram
3636 5036 3694 5089 in
3706 5035 3995 5104 via,neque
4006 5032 4141 5087 duas
4153 5040 4238 5088 tu-

2601 5130 2774 5193 nicas,
2784 5142 2952 5196 nequs
2967 5125 3524 5196 calceamenta,neque
3541 5125 3780 5194 virgam;
3794 5122 3995 5191 dignus
4006 5130 4083 5177 est
4093 5122 4241 5176 enim

2604 5216 2888 5289 operarius
2900 5214 3253 5269 mercedesua
3276 5212 3478 5284 (Matth.
3494 5230 3548 5279 x,
3568 5213 3602 5266 9
3617 5215 3669 5267 et
3693 5211 3779 5285 10)
3804 5230 3817 5268 :
3843 5211 3982 5283 quid
4029 5210 4238 5266 mirum

2606 5306 2655 5363 si
2676 5305 2797 5361 hac
2820 5302 3197 5375 Evangelistis
3215 5302 3559 5357 donaverit?
3580 5300 3872 5373 Numquid
3899 5300 3957 5355 in
3980 5300 4088 5355 hoc
4132 5299 4238 5355 mi-

2605 5394 2913 5452 nisterium
2936 5391 3187 5465 populus
3209 5391 3491 5447 Judaicus
3517 5390 3872 5447 vocabatur?
3893 5393 4027 5457 Quae
4051 5399 4240 5445 tamen

2606 5485 2805 5540 omnia
2833 5480 3218 5556 spiritualiter
3248 5481 3669 5553 perscrutanda
3698 5484 3857 5545 sunt,
3892 5496 3963 5535 ne
3986 5478 4111 5551 ipse
4132 5478 4239 5535 Do-

2670 5696 2685 5729 ι
2721 5692 2875 5748 Editi,
2905 5691 2960 5739 in
2979 5687 3265 5748 semetipsa.
3298 5686 3522 5745 Quidam
3552 5702 3680 5738 vero
3710 5689 3851 5748 Mss.,
3882 5688 3940 5737 in
3986 5686 4240 5749 idipsum;

2605 5769 2763 5820 quam
2792 5754 3072 5820 lectionem
3102 5750 3255 5820 sequi
3284 5750 3420 5820 solet
3450 5752 3798 5820 augustinus.

2656 5820 2717 5869 ⁸0
2739 5830 2894 5869 mnes
2920 5816 3069 5876 Mss.,
3095 5812 3416 5877 regimoniis.
3446 5812 3625 5866 Graios
3653 5818 3735 5865 est
3763 5812 4030 5880 sheptrdn.
