4638 6498
148 505 3526 554 Μ--ξΞ--ῄ-

1301 542 3525 571 mw

851 646 969 747 S.
1061 648 1765 749 AURELII
1867 652 2800 762 AUGUSTINI

1363 846 1650 907 HIPPON
1665 848 1880 910 ENSIS
1934 849 2285 912 EPISGOPI

478 1021 1150 1144 CONTRA
1236 1022 2190 1150 EPISTOLAM
2276 1030 2310 1150 Ι

1330 1022 2190 1150 ΡΙΞΤΟΙΑΑΜ
2276 1030 2646 1152 MAN
2657 1032 3162 1160 ICHfEI

881 1241 1230 1352 QUAM
1326 1243 1827 1340 VOCANT
1922 1247 2769 1346 FUNDAMENTI.

1398 1453 1728 1540 LIBER
1798 1453 1955 1539 UN
1968 1453 2112 1541 US
2148 1445 2242 1539 (⁸).

140 1728 334 1779 Refellit
360 1729 568 1790 priores
595 1729 773 1799 partes
801 1727 1370 1800 Epistolailtianichaai,
1399 1729 1684 1778 ostendens

702 1794 866 1840 tione.
899 1803 1116 1839 nonnisi
1149 1797 1350 1840 incerta
1378 1797 1430 1840 et
1458 1792 1690 1840 absurda
1758 1808 1766 1839 ι

702 1792 866 1849 tione,
899 1792 1116 1839 nonnisi
1149 1792 1350 1841 incerta
1378 1797 1430 1841 et
1458 1792 1690 1841 absurda

1770 1743 2029 1808 s‘umipro‘
2050 1733 2340 1808 manifesta.
2365 1749 2524 1808 quam
2554 1735 2920 1797 pollicebatur,
2953 1742 3004 1788 et
3033 1754 3130 1803 pro
3162 1744 3303 1792 certa
3337 1744 3515 1808 cogni-

1758 1792 2068 1844 eliramenta
2097 1798 2208 1846 suis
2237 1792 2588 1848 sectatoribus
2618 1792 2940 1864 proponere.

1607 1942 2033 1956 ..ψ-’-

194 2057 416 2114 CAPUT
446 2057 750 2114 PRIMUM.
785 2089 850 2098 -—
882 2057 932 2113 1.
992 2060 1245 2114 Haeretici
1295 2059 1540 2114 sanandi
1576 2063 1757 2128 magis

131 2165 285 2218 quam
309 2146 597 2219 perdendi.
633 2146 822 2201 Unum
847 2163 1046 2202 verum
1076 2153 1250 2201 Deum
1275 2149 1754 2219 omnipotentem,

129 2253 189 2292 ex
212 2253 322 2308 quo
346 2236 565 2304 omnia,
590 2252 690 2308 per
711 2253 883 2307 quem
905 2237 1122 2298 omnia.
1149 2237 1204 2291 in
1232 2253 1345 2306 quo
1360 2237 1574 2306 omnia,
1595 2243 1650 2293 et
1666 2255 1757 2293 ro-

128 2326 241 2396 gavi
273 2331 327 2380 et
355 2341 518 2398 rogo,
555 2330 616 2380 ut
649 2325 706 2380 in
736 2325 1046 2380 refellenda
1074 2331 1131 2380 et
1177 2326 1524 2380 revincenda
1555 2326 1754 2382 haeresi

126 2420 320 2479 vestra,
347 2414 674 2479 Manichaei,
699 2414 791 2470 cui
824 2419 881 2468 et
909 2431 1011 2469 vos
1043 2415 1291 2469 fortasse
1323 2415 1756 2486 imprudentius

122 2520 285 2576 quam
309 2503 664 2558 malitiosius
683 2503 1137 2567 adhesistisﬁet
1156 2504 1294 2558 mihi
1315 2509 1564 2559 mentem
1587 2520 1754 2574 paca-

123 2598 231 2647 tam
248 2599 420 2664 atque
434 2592 893 2663 tranquillam,et
908 2592 1096 2663 magis
1117 2593 1187 2646 de
1200 2596 1390 2646 vestra
1404 2593 1756 2647 correctione

120 2697 282 2752 quam
314 2683 383 2736 de
417 2681 797 2736 subversione
829 2680 1199 2752 cogitantem.
1236 2683 1575 2750 Quanquam
1600 2681 1752 2736 enim

122 2769 391 2826 Dominus
426 2788 530 2842 per
563 2787 700 2825 suos
733 2786 928 2824 servos
961 2786 1137 2841 regna
1168 2771 1472 2824 subvertat
1501 2769 1751 2836 erroris;

118 2859 262 2930 ipsos
291 2864 493 2915 tamen
534 2859 822 2924 homines,
874 2859 930 2913 in
977 2863 1261 2930 quantum
1297 2859 1563 2913 homines
1595 2863 1752 2924 sunt,

119 2949 508 3003 emendandos
537 2964 665 3003 esse
687 2949 899 3019 potius,
929 2965 1104 3019 quam
1130 2948 1659 3018 perdendosjubet.
1687 2948 1755 3003 Et

117 3037 389 3109 quidquid
413 3037 700 3092 divinitus
720 3041 852 3091 ante
876 3036 1017 3090 illud
1039 3036 1312 3091 ultimum
1339 3036 1620 3106 iudicium
1635 3037 1754 3091 vin-

116 3126 348 3192 dicatur,
378 3127 502 3182 sive
525 3143 625 3196 per
648 3125 946 3197 improbos
979 3125 1097 3180 sive
1130 3142 1232 3196 per
1255 3126 1468 3193 justos,
1503 3125 1620 3180 sive
1652 3142 1754 3196 per

114 3215 423 3270 nescientes
453 3215 570 3270 sive
596 3231 698 3285 per
718 3214 985 3281 scientes,
1009 3215 1127 3269 sive
1148 3213 1368 3268 occulte
1387 3214 1506 3268 sive
1525 3213 1748 3284 palam;

115 3319 217 3358 non
242 3305 310 3358 ad
326 3304 630 3359 interitum
648 3303 974 3368 hominum,
991 3305 1088 3358 sed
1108 3304 1178 3358 ad
1199 3303 1548 3358 medicinam
1563 3303 1750 3359 valere

111 3394 454 3449 credendum
481 3397 604 3448 est:
634 3409 808 3466 quam
835 3393 932 3464 qui
957 3393 1304 3463 respuerint,
1332 3396 1585 3446 extremo
1609 3410 1748 3463 sup-

111 3481 269 3551 plicio
292 3485 722 3554 praeparantur.
739 3482 1098 3554 Quapropter
1115 3498 1244 3535 cum
1265 3481 1321 3534 in
1346 3481 1452 3535 hac
1474 3480 1752 3536 universi-

110 3575 217 3625 tate
241 3589 461 3640 rerum,
488 3570 602 3625 alia
625 3570 741 3625 sint
763 3587 886 3640 quae
917 3570 1105 3626 valent
1132 3571 1198 3624 ad
1235 3569 1591 3640 corporalem
1623 3570 1747 3624 vin-

109 3660 332 3732 dictam,
358 3664 519 3715 sicut
537 3660 710 3732 ignis,
732 3669 787 3713 et
805 3675 1113 3727 venenum,
1130 3660 1456 3723 etmorbus,
1474 3664 1527 3713 et
1544 3664 1749 3714 caetera

107 3749 436 3820 hujusmodi
460 3767 472 3816 ;
499 3750 613 3804 alia
638 3749 849 3820 quibus
871 3750 1020 3819 apud
1047 3749 1306 3818 seipsum
1331 3765 1442 3801 non
1467 3747 1747 3803 molestiis

109 3840 354 3911 corporis
373 3839 597 3905 sui,sed
616 3839 1002 3909 cupiditatum
1021 3853 1259 3892 suarum
1277 3837 1499 3907 laqueis
1514 3836 1745 3892 animus

105 3928 393 4000 puniatur,
425 3928 599 3983 sicuti
624 3932 710 3983 est
731 3926 1329 3995 damnum,exsilium,
1351 3927 1586 3988 orbitas,
1607 3942 1743 3980 con-

105 4017 356 4087 tumelia,
387 4023 446 4072 et
479 4017 571 4070 his
603 4015 856 4080 similia;
892 4014 1154 4086 quadam
1179 4031 1311 4069 vero
1335 4031 1446 4069 non
1472 4015 1589 4069 sint
1610 4031 1740 4069 cru-

107 4106 409 4170 ciamenta,
444 4106 546 4160 sed
580 4105 745 4175 quasi
774 4105 1030 4158 fomenta
1050 4109 1106 4157 et
1127 4101 1441 4156 lenimenta
1466 4101 1743 4173 languen-

103 4190 1747 4264 tium,utsuntconsolationes,exhortationes,disputatio-

107 4299 202 4338 nes
224 4301 235 4350 ;
256 4289 312 4338 et
328 4297 713 4356 quaecumque
737 4285 877 4336 sunt
897 4280 1287 4334 taliazhorum
1307 4280 1570 4334 omnium
1585 4298 1740 4351 quaa-

103 4372 227 4426 dam
247 4373 420 4428 etiam
442 4387 545 4444 per
567 4370 751 4425 malos
771 4370 1094 4425 nescientes
1112 4374 1630 4440 operatursumma
1643 4370 1741 4424 Dei

96 4461 345 4529 justitia,
369 4462 638 4532 quedam
664 4465 854 4514 autem
872 4475 969 4530 per
982 4458 1231 4513 scientes
1248 4458 1447 4513 bonos.
1463 4458 1742 4513 Nostrum

103 4551 272 4620 igitur
304 4551 416 4605 fuit
449 4549 661 4620 eligere
687 4553 744 4602 et
774 4553 974 4619 optare
1001 4545 1268 4612 meliora,
1302 4549 1364 4599 ut
1396 4547 1466 4600 ad
1489 4552 1738 4602 vestram

102 4641 512 4695 correctionem
540 4638 764 4692 aditum
785 4637 1154 4704 haberemus,
1177 4651 1286 4688 non
1302 4633 1359 4687 in
1376 4635 1742 4689 contentione

100 4733 153 4782 et
172 4728 545 4784 aemulatione
563 4733 619 4782 et
638 4725 1268 4799 persecutionibus;sed
1289 4729 1588 4778 mansuete
1602 4740 1743 4777 con-

105 4817 360 4887 solando,
392 4815 670 4873 benevole
701 4815 1079 4882 cohortando,
1114 4812 1320 4868 leniter
1348 4812 1699 4884 disputando
1725 4828 1738 4866 :

105 4908 247 4962 sicut
272 4907 563 4979 scriptum
586 4909 694 4970 est,
725 4905 952 4960 Servum
973 4908 1154 4957 autem
1176 4903 1398 4958 Domi-ni
1412 4918 1520 4957 non
1540 4911 1744 4973 oportet

105 4995 327 5065 litigare
339 5013 360 5059 ;
374 4996 470 5050 sed
485 4996 665 5049 mitem
678 5011 790 5049 esse
801 4992 873 5047 ad
885 5009 1086 5059 omnes,
1103 4991 1409 5057 docibilem,
1422 4993 1742 5062 patientem,

103 5087 156 5140 in
177 5087 446 5142 modestia
469 5086 852 5155 corripientem
873 5084 1088 5137 diversa
1106 5083 1398 5136 sentientes
1419 5081 1459 5151 (l
1472 5081 1489 5134 [
1519 5082 1654 5135 Tim.
1681 5097 1741 5149 Il,

106 5176 186 5241 13,
208 5176 320 5247 25).
345 5176 631 5231 Nostrum
655 5190 790 5246 ergo
813 5172 922 5228 fuit
941 5171 1084 5228 velle
1108 5170 1215 5225 has
1237 5175 1429 5243 partes
1451 5174 1740 5242 expetere:

1868 2061 1969 2117 Dei
2000 2066 2089 2118 est
2116 2062 2444 2121 volentibus
2497 2069 2553 2121 et
2601 2067 2934 2137 petentibus
2983 2069 3197 2124 donare
3228 2071 3377 2140 quod
3412 2071 3514 2127 bo-

1867 2167 2006 2206 num
2038 2157 2144 2210 est.

1935 2240 2171 2296 CAPUT
2204 2243 2270 2296 II.
2304 2273 2372 2282 —-
2400 2246 2454 2298 2.
2494 2243 2689 2301 Causae
2716 2261 2816 2300 cur
2861 2248 3048 2302 mitius
3077 2247 3350 2314 agendum
3377 2265 3504 2303 cum

1865 2329 2191 2385 Mante/iacis.
2224 2331 2308 2385 llli
2332 2331 2390 2386 in
2414 2348 2514 2387 vos
2540 2333 2797 2398 saeviant,
2822 2335 2918 2405 qui
2943 2337 3208 2390 nesciunt
3229 2353 3360 2392 cum
3390 2354 3504 2409 quo

1867 2416 2061 2472 labore
2092 2434 2291 2473 verum
2326 2418 2673 2484 inveniatur,
2706 2424 2762 2474 et
2792 2437 2966 2490 quam
3001 2421 3235 2478 difﬁcile
3261 2439 3502 2479 cavean-

1866 2509 1962 2558 tur
1989 2521 2232 2560 errores.
2270 2504 2354 2560 llli
2387 2506 2445 2559 in
2479 2523 2580 2562 vos
2613 2508 2869 2573 saeviant,
2905 2509 3003 2578 qui
3037 2510 3302 2562 nesciunt
3327 2525 3502 2580 quam

1867 2609 2062 2647 rarum
2112 2598 2167 2647 et
2215 2595 2463 2648 arduum
2514 2594 2590 2649 sit
2655 2595 2910 2650 carnalia
2965 2595 3376 2666 phantasmata
3399 2596 3503 2668 pia

1868 2683 2081 2737 mentis
2113 2682 2419 2738 serenitate
2453 2698 2748 2753 superare.
2787 2683 2870 2737 llli
2907 2684 2962 2737 in
2988 2701 3086 2739 vos
3110 2685 3369 2752 saeviant,
3403 2685 3504 2756 qui

1867 2770 2134 2824 nesciunt
2166 2787 2296 2825 cum
2329 2775 2548 2842 quanta
2571 2772 2912 2827 difficultate
2933 2778 3171 2828 sanetur
3193 2774 3397 2830 oculus
3421 2774 3504 2829 in-

1863 2858 2090 2914 terioris
2145 2860 2423 2928 hominis,
2486 2866 2547 2913 ut
2605 2861 2790 2931 possit
2827 2861 3036 2916 intueri
3071 2861 3251 2917 solem
3285 2880 3500 2921 suum:

1865 2964 1977 3002 non
2012 2947 2187 3002 istum
2220 2964 2392 3018 quem
2427 2965 2526 3002 vos
2558 2948 2745 3003 colitis
2777 2948 2993 3004 ccelesti
3026 2966 3284 3021 corpore,
3317 2951 3502 3007 oculis

1863 3037 2089 3099 carneis
2120 3048 2177 3091 et
2205 3037 2511 3091 hominum
2562 3041 2618 3092 et
2667 3053 2939 3107 pecorum
2975 3036 3292 3109 fulgentem
3326 3043 3499 3111 atque

1861 3126 2184 3181 radiantem
2211 3143 2224 3192 ;
2259 3125 2359 3181 sed
2393 3125 2560 3180 illum
2593 3126 2662 3180 de
2692 3141 2803 3194 quo
2837 3127 3119 3198 scriptum
3143 3132 3232 3182 est
3253 3144 3354 3198 per
3376 3144 3501 3198 pro-

1861 3214 2118 3285 pbetam,
2153 3213 2311 3269 Ortus
2349 3218 2429 3269 est
2458 3215 2597 3268 mihi
2616 3214 2857 3285 justitiae
2884 3216 2965 3270 sot
2994 3214 3263 3281 (Malach.
3298 3232 3374 3281 ιν,
3402 3215 3496 3288 2);

1861 3306 1918 3356 et
1948 3304 2015 3356 de
2051 3318 2165 3373 quo
2197 3303 2416 3356 dictum
2449 3306 2538 3357 est
2584 3302 2643 3358 in
2685 3303 3002 3375 evangelio,
3034 3305 3173 3359 Erat
3196 3305 3380 3359 lumen
3409 3321 3499 3361 ve-

1859 3406 2006 3456 rum,
2038 3391 2177 3460 quod
2233 3391 2514 3445 illuminat
2565 3407 2776 3446 omnem
2803 3392 3075 3446 hominem
3103 3395 3409 3448 venientem
3438 3394 3500 3448 in

1859 3479 2003 3532 hunc
2035 3479 2298 3533 mundum
2346 3482 2528 3546 (Joan.
2565 3496 2602 3544 ι,
2634 3479 2709 3549 9).
2765 3479 2851 3534 Illi
2885 3479 2941 3533 in
2975 3496 3073 3534 vos
3107 3480 3363 3546 saeviant,
3396 3479 3497 3552 qui

1860 3568 2127 3622 nesciunt
2157 3569 2372 3639 quibus
2421 3568 2691 3638 suspiriis
2741 3572 2795 3622 et
2841 3567 3156 3640 gemitibus
3183 3569 3301 3635 fiat,
3337 3578 3396 3623 ut
3426 3585 3494 3624 ex

1857 3655 2396 3728 quantulacumque
2439 3661 2600 3727 parte
2646 3657 2831 3728 possit
2880 3657 3120 3727 intelligi
3150 3657 3320 3713 Deus.
3357 3658 3493 3714 Pos-

1855 3751 2063 3813 tremo,
2100 3745 2182 3800 illi
2208 3745 2267 3800 in
2298 3763 2398 3800 vos
2431 3745 2687 3810 saeviant,
2721 3746 2820 3817 qui
2854 3763 3152 3817 nunquam
3179 3746 3278 3801 tali
3301 3763 3493 3803 errore

1856 3825 2080 3905 decépti
2112 3840 2272 3900 sunt,
2305 3834 2465 3906 quali
2496 3851 2594 3889 vos
2629 3835 2896 3906 deceptos
2925 3834 3140 3890 vident.

1925 3923 2155 3980 CAPUT
2187 3925 2279 3978 ΙΙΙ.
2302 3954 2370 3963 -—
2393 3924 2446 3977 3.
2472 3924 2806 3993 Augustinus
2827 3923 3106 3994 quondam
3127 3925 3486 3981 manichzrus.

1855 4015 1969 4084 Ego
1985 4017 2175 4067 autem
2192 4013 2291 4084 qui
2306 4012 2403 4067 diu
2421 4013 3052 4083 multumquejactatus
3066 4015 3300 4069 tandem
3314 4015 3494 4086 respi-

1853 4104 2007 4156 cere‘
2036 4101 2193 4172 potui
2219 4099 2355 4172 quid
2382 4101 2457 4155 sit
2486 4099 2586 4155 illa
2618 4100 2942 4167 sinceritas,
2975 4118 3100 4171 qum
3138 4102 3264 4156 sine
3297 4103 3488 4159 inanis

1854 4190 2058 4245 fabulae
2080 4189 2406 4244 narratione
2426 4188 2766 4260 percipitur;
2789 4189 2888 4260 qui
2919 4207 3095 4244 vanas
3129 4190 3491 4263 imaginatio-

1854 4297 1956 4335 nes
1983 4279 2163 4333 animi
2197 4278 2307 4332 mei
2341 4279 2514 4334 variis
2545 4277 2916 4349 Opinionibus
2940 4279 3350 4350 erroribusque
3373 4280 3489 4336 col-

1851 4369 2030 4424 lectas
2051 4368 2141 4422 vix
2164 4370 2341 4422 miser
2364 4368 2546 4422 merui
2575 4367 2814 4422 Domino
2838 4366 3158 4436 opitulante
3180 4370 3490 4425 convince-

1853 4474 1947 4524 re;
1983 4457 2081 4528 qui
2117 4473 2206 4512 me
2237 4456 2306 4510 ad
2340 4456 2747 4528 detergendam
2781 4456 3086 4527 caliginem
3115 4459 3346 4521 mentis,
3370 4464 3490 4515 tam

1851 4547 2014 4601 tarde
2044 4545 2500 4600 clementissimo
2534 4546 2756 4599 medico
2791 4546 3019 4600 vocanti
3053 4545 3491 4618 blandientique

1853 4635 2115 4705 subjeci:
2149 4635 2242 4702 qui
2274 4634 2373 4688 diu
2406 4633 2554 4704 flevi,
2591 4633 3174 4689 utincommutabilis
3197 4641 3253 4690 et
3274 4636 3490 4693 imma-

1851 4723 2118 4779 culabilis
2144 4722 2472 4777 substantia
2493 4722 2934 4776 concinentibus
2953 4722 3165 4778 divinis
3189 4723 3372 4781 Libris
3395 4742 3484 4781 se-

1852 4829 1914 4868 se
1943 4812 2084 4867 mihi
2111 4811 2459 4883 persuadere
2480 4811 2832 4865 intrinsecus
2853 4810 3230 4881 dignaretur;
3260 4813 3360 4884 qui
3381 4814 3485 4870 de-

1851 4901 2026 4973 nique
2057 4900 2252 4955 omnia
2284 4898 2383 4954 illa
2413 4899 2712 4970 figmenta,
2747 4915 2873 4971 qua
2905 4915 3003 4954 vos
3035 4899 3316 4956 diuturna
3347 4918 3488 4957 con-

1852 4990 2160 5046 suetudine
2189 4986 2517 5060 implicatos
2548 4993 2604 5042 et
2634 4987 2978 5043 constrictos
3008 4991 3227 5053 tenent,
3252 4993 3309 5044 et
3331 5006 3486 5062 quaa-

1853 5078 1956 5135 sivi
1988 5078 2234 5146 curiose,
2290 5083 2346 5133 et
2385 5082 2602 5132 attente
2650 5076 2867 5146 audivi,
2899 5079 2957 5132 et
3002 5083 3218 5133 temere
3249 5079 3488 5148 credidi,

1853 5174 1909 5224 et
1929 5167 2214 5222 instanter
2236 5166 2452 5238 quibus
2475 5165 2632 5237 potui
2659 5163 2944 5237 persuasi,
2972 5168 3029 5219 et
3048 5165 3324 5223 adversus
3348 5168 3494 5227 alios

1286 5340 1601 5379 ADMONITIO
1642 5340 1710 5378 PP
1721 5364 1732 5377 .
1779 5337 2302 5378 BENEDIC’I‘INORUM.

161 5453 234 5502 Ad
267 5450 666 5502 emendandum
699 5450 895 5500 librum
932 5453 1119 5499 contra
1150 5447 1437 5510 Epistolam
1483 5447 1762 5497 Manichmi
1813 5445 2139 5510 contulimus
2183 5445 2453 5510 editiones
2475 5442 2711 5510 Am._Er._
2737 5445 2788 5491 et
2819 5444 3094 5510 Lov._cum
3121 5446 3493 5510 antiquissimo

100 5514 402 5565 Corbeiensi
434 5515 638 5570 codice,
668 5527 786 5562 cum
817 5505 1246 5570 Gemmeticensi,
1277 5511 1532 5575 Casalino,
1564 5511 1886 5570 Colbertino,
1919 5508 2227 5569 Sorbonico,
2262 5507 2545 5558 Victorinis
2588 5506 2817 5564 duobus,
2859 5509 2910 5554 et
2938 5505 3148 5556 duobus
3206 5505 3493 5575 vaticanis,

102 5591 322 5643 cumque
352 5577 520 5627 variis
556 5576 872 5626 lectionibus
902 5577 1142 5638 quinque
1173 5574 1524 5636 Belgicorum.

180 5695 668 5777 Comparavzmus
692 5701 992 5774 praeterea
1023 5710 1118 5752 eas
1144 5710 1334 5752 omnes
1363 5690 1639 5752 editiones
1669 5689 1838 5750 initio
1867 5688 2037 5749 Retr.
2068 5696 2125 5747 et
2145 5688 2448 5758 Confess.,
2483 5695 2523 5745 t.
2561 5687 2589 5743 1
2626 5693 3006 5746 memoratas.
3045 5687 3126 5750 M.

155 5829 225 5892 (α)
255 5829 499 5894 Scriptus
528 5827 736 5883 circiter
763 5838 968 5878 annum
1004 5826 1112 5874 397.

1914 5823 1931 5858 ί
1965 5819 2086 5871 Sola
2115 5819 2274 5871 editio
2303 5820 2450 5878 Lov.,
2479 5816 2780 5881 perspicere.
