4638 6498
842 437 955 496 175

840 566 1213 639 pertinaciter
1225 583 1258 622 a
1270 566 1387 621 nim
1398 582 1611 637 oseque
1625 567 1878 635 defendi;
1896 568 2098 624 saevire
2116 568 2174 624 in
2194 585 2291 623 vos
2307 567 2492 623 omni-

1597 435 1914 497 CONTRA
1962 436 2410 499 EPISTOLAM
2455 433 2888 507 MANlCH/El,
2940 438 3004 495 S.
3051 431 3480 497 AUGUSTINI

4128 423 4233 483 176

2600 566 2919 622 Videamus
2942 566 3123 639 igitur
3146 564 3279 636 quid
3309 581 3400 619 me
3421 564 3624 618 doceat
3653 559 4025 629 Manichacus,
4057 562 4113 614 et
4136 574 4237 629 po-

842 672 916 712 no
940 672 1054 711 non
1070 672 1485 727 possum,quos
1519 658 1671 712 sicut
1693 656 2094 729 meipsumillo
2124 656 2491 729 tempore,ita
2595 656 2893 711 tissimum
2915 655 3081 711 illum
3101 654 3543 711 consideremus
3571 650 3807 717 librum,
3833 666 4005 721 quem
4026 647 4237 703 Funda-

846 761 1002 801 nunc
1036 744 1215 800 debeo
1247 745 1561 816 sustinere,
1594 750 1651 801 et
1680 751 1846 801 tanta
1876 747 2158 819 patientia
2187 745 2489 802 vobiscum

846 849 1034 906 agere,
1068 838 1289 905 quanta
1320 850 1547 890 mecum
1578 845 1823 907 egerunt
1847 836 2092 907 proximi
2116 836 2251 904 mei,
2277 851 2410 890 cum
2432 834 2492 889 in

847 927 1033 980 vestro
1067 923 1337 995 dogmate
1368 924 1636 980 rabiosus
1670 930 1727 980 et
1757 940 1943 980 caecus
1965 941 2243 981 errarem.

920 1012 973 1069 4.
997 1010 1071 1068 Ut
1087 1018 1281 1069 autem
1298 1012 1530 1069 facilius
1548 1014 1889 1081 mitescatis,
1909 1018 2097 1070 etnon
2120 1013 2358 1069 inimico
2376 1013 2494 1069 ani-

854 1116 950 1158 mo
972 1101 1245 1173 vobisque
1259 1102 1582 1175 pernicioso
1596 1102 1738 1158 mihi
1754 1103 2165 1174 adversemini,
2190 1102 2330 1157 illud
2352 1118 2494 1174 qua-

2598 743 2778 799 menti
2799 743 3115 815 Epistolam
3130 742 3344 809 dicitis,
3367 741 3463 796 ubi
3480 746 3670 795 totum
3686 755 3830 812 pene
3844 738 3997 810 quod
4016 735 4237 792 creditis

2599 834 2951 888 continetur.
2986 835 3121 905 Ipsa
3177 831 3331 887 enim
3380 831 3549 886 nobis
3595 828 3695 885 illa
3728 834 3987 900 tempore
4018 826 4237 882 miseris

2601 923 2835 995 quando
2866 922 3013 977 lecta
3060 926 3171 989 est,
3222 919 3537 975 illuminati
3583 918 3923 974 dicebamur
3952 934 3985 972 a
4016 915 4233 971 vobis'.

2600 1012 2763 1067 Csrte
2794 1011 2875 1067 sic
2906 1011 3145 1083 incipit:
3180 1010 3524 1066 Manichmus
3572 1008 3846 1078 apostolus
3888 1009 4011 1064 Jesu
4039 1004 4241 1062 Christi

2596 1100 2945 1173 providentia
2972 1101 3068 1156 Dei
3094 1102 3302 1155 Patris.
3336 1104 3473 1156 ch
3524 1101 3652 1154 sunt
3680 1098 3942 1153 salubria
3974 1097 4149 1163 verba,
4179 1094 4240 1150 de

856 1190 943 1247 vis
955 1189 1156 1261 judice
1180 1191 1496 1263 impetrare
1520 1209 1610 1248 me
1632 1210 1665 1247 a
1690 1191 1852 1249 vobis
1875 1196 2120 1265 oportet,
2151 1197 2213 1246 ut
2233 1208 2302 1247 ex
2333 1196 2499 1247 utra-
2597 1192 2832 1262 perenni
2854 1206 2916 1245 ac
2938 1192 3057 1245 vivo
3075 1192 3245 1261 fonte.
3269 1190 3400 1245 Jam
3419 1205 3551 1244 cum
3574 1189 3723 1243 bona
3746 1187 4041 1260 patientia,
4057 1184 4104 1241 si
4122 1183 4240 1257 pla-

857 1295 967 1352 que
998 1284 1160 1352 parte
1190 1280 1379 1336 omnis
1409 1280 1739 1353 arrogantia
1772 1281 2115 1352 deponatur.
2148 1281 2328 1337 Nemo
2362 1298 2498 1337 nos-

858 1376 1012 1424 trum
1040 1368 1193 1425 dicat
1208 1369 1330 1440 jam
1360 1386 1421 1425 se
1440 1368 1729 1425 invenisse
1748 1370 2085 1426 veritatem:
2106 1371 2190 1426 sic
2203 1387 2331 1426 eam
2350 1386 2502 1441 quae-

856 1473 1078 1528 ramus,
1112 1458 1280 1529 quesi
1311 1459 1383 1513 ab
1417 1460 1685 1530 utrisque
1717 1459 2036 1515 nesciatur.
2070 1460 2155 1515 Ita
2186 1460 2341 1515 enim
2368 1457 2501 1513 dili-

855 1555 1054 1618 genter
1082 1551 1139 1603 et
1169 1547 1533 1603 concorditer
1561 1548 1742 1619 quaeri
1779 1548 2009 1619 poterit,
2044 1548 2092 1602 si
2124 1548 2284 1603 nulla
2314 1551 2502 1603 teme-

856 1634 1009 1691 raria
1036 1637 1488 1708 praesumptione
1518 1637 1753 1693 inventa
1792 1642 1849 1692 et
1878 1637 2111 1709 cognita
2140 1653 2268 1693 esse
2299 1637 2504 1692 creda-

855 1727 971 1780 tur.
1009 1727 1115 1779 Aut
1147 1724 1197 1779 si
1228 1724 1335 1780 hoc
1364 1742 1397 1780 a
1428 1726 1589 1781 vobis
1622 1726 1936 1798 impetrare
1960 1744 2073 1781 non
2099 1743 2363 1797 possum,
2387 1723 2502 1780 sal-

856 1816 974 1869 tem
1034 1812 1177 1868 illud
1237 1813 1556 1879 concedite,
1613 1820 1679 1869 ut
1728 1832 1828 1870 vos
1860 1820 2142 1885 tanquam
2178 1815 2505 1886 incognitas

858 1918 1015 1957 nunc
1047 1901 1304 1973 primum
1354 1902 1615 1971 audiam,
1665 1920 1823 1958 nunc
1872 1904 2129 1976 primum
2165 1904 2503 1959 discutiam.

857 1989 889 2046 J
898 1994 1096 2045 ustum
1127 1995 1265 2062 puto
1294 2008 1423 2047 esse
1454 1992 1606 2063 quod
1641 1991 1870 2062 postulo
1898 2008 1911 2046 :
1940 1992 2049 2047 hac
2071 2010 2210 2048 sane
2232 1993 2357 2063 lege
2384 2008 2504 2048 ser-

860 2082 1012 2150 vata,
1046 2084 1110 2134 ut
1140 2080 1441 2136 vobiscum
1475 2098 1591 2136 non
1620 2097 1799 2151 orem,
1834 2098 1949 2136 non
1981 2081 2384 2138 conventicula
2414 2098 2506 2138 ce-

863 2168 1104 2239 lebrem,
1128 2185 1244 2224 non
1266 2168 1563 2224 Manichaei
1587 2186 1798 2226 nomen
1822 2169 2125 2241 accipiam,
2152 2171 2200 2225 si
2228 2187 2339 2226 non
2363 2169 2509 2225 mihi

866 2257 937 2312 de
967 2257 1241 2313 omnibus
1272 2257 1448 2314 rebus
1476 2260 1546 2314 ad
1570 2258 1819 2315 salutem
1847 2258 2054 2315 animai
2080 2260 2510 2331 pertinentibus

866 2345 993 2401 sine
1024 2344 1144 2402 ulla
1172 2345 1417 2419 caligine
1466 2348 1753 2403 rationem
1801 2349 2170 2420 perspicuam
2207 2348 2506 2404 dederitis.

934 2434 1165 2492 CAPUT
1185 2439 1279 2492 IV.
1307 2468 1374 2478 —
1393 2437 1447 2492 5.
1471 2438 1810 2506 Argumenta
1832 2436 1968 2509 ﬁdei
1990 2438 2301 2495 catholicae.
2329 2440 2391 2493 In
2415 2455 2507 2494 ca-

863 2523 1081 2581 tholica
1102 2525 1257 2581 enim
1280 2525 1556 2595 Ecclesia,
1576 2531 1641 2581 ut
1657 2527 1921 2581 omittam
1938 2527 2395 2583 sincerissimam
2416 2544 2508 2583 sa-

863 2612 1166 2686 pientiam,
1189 2615 1261 2671 ad
1293 2616 1462 2686 cujus
1485 2616 1875 2686 cognitionem
1902 2617 2067 2688 pauci
2095 2615 2429 2689 spirituales
2450 2616 2510 2672 in

862 2700 972 2757 hac
990 2702 1107 2758 vita
1129 2703 1494 2774 perveniunt,
1523 2708 1587 2759 ut
1608 2721 1736 2761 eam
1759 2722 1827 2761 ex
1849 2706 2093 2760 minima
2115 2705 2352 2777 quidem
2380 2723 2510 2777 par-

865 2794 945 2860 te,
977 2792 1113 2862 quia
1141 2792 1408 2849 homines
1440 2798 1599 2862 sunt,
1634 2795 1730 2849 sed
1762 2799 1957 2850 tamen
1994 2795 2119 2849 sine
2151 2794 2513 2850 dubitatione

867 2886 1240 2952 cognoscant:
1258 2886 1524 2938 ceteram
1539 2883 1753 2954 quippe
1767 2886 1999 2938 turbam
2018 2901 2135 2939 non
2148 2883 2514 2955 intelligendi

865 2968 1273 3037 vivacitas,sed
1294 2971 1567 3027 credendi
1588 2971 1935 3044 simplicitas
1957 2972 2317 3028 tutissimam
2344 2973 2512 3030 facit:

870 3062 936 3113 ut
955 3074 1091 3130 ergo
1116 3058 1266 3114 hanc
1293 3060 1558 3115 omittam
1583 3060 1953 3132 sapientiam,
1978 3078 2151 3131 quem
2176 3061 2234 3115 in
2261 3061 2516 3118 Ecclesia

871 3163 1001 3203 esse
1020 3146 1307 3204 catholica
1327 3165 1442 3204 non
1465 3148 1701 3205 creditis
1726 3167 1739 3218 ;
1769 3149 1954 3205 multa
1985 3156 2125 3205 sunt
2154 3150 2269 3207 alia
2297 3168 2425 3222 quae
2455 3151 2515 3206 in

873 3234 1003 3306 ejus
1026 3236 1248 3308 gremio
1273 3253 1365 3292 me
1376 3237 1712 3308 justissima
1732 3241 1986 3294 teneant
2010 3239 2191 3295 Tenet
2211 3240 2515 3297 consensio

876 3324 1226 3396 populorum
1238 3330 1413 3398 atque
1424 3326 2199 3399 gentium:tenetauctoritas
2215 3329 2515 3385 miraculis

878 3413 1170 3484 inchoata,
1195 3430 1299 3486 spe
1320 3415 1562 3485 nutrita,
1586 3414 1866 3472 cbaritate
1884 3422 2398 3487 aucta,vetustate,
2419 3420 2515 3474 {ir-

878 3508 1036 3559 mata
1054 3506 1071 3539 ¹
1099 3522 1111 3560 :
1130 3508 1289 3561 tenet
1306 3505 1376 3560 ab
1393 3504 1521 3577 ipsa
1536 3505 1672 3561 sede
1689 3504 1844 3561 Petri
1870 3507 2140 3578 apostoli,
2164 3509 2253 3563 cui
2276 3526 2514 3580 pascen-

873 3590 979 3647 das
992 3609 1127 3649 oves
1140 3610 1279 3650 suas
1295 3600 1427 3666 post
1438 3595 2206 3653 resurrectionemDominus
2220 3614 2514 3654 commen-

870 3681 1047 3749 davit,
1081 3699 1269 3753 usque
1301 3684 1372 3739 ad
1407 3688 1749 3755 prasentem
1786 3685 2187 3757 episcopatum
2220 3688 2514 3744 successio

869 3771 1276 3827 sacerdotum:
1308 3777 1468 3828 tenet
1498 3777 1791 3844 postremo
1843 3774 2039 3846 ipsum
2071 3775 2377 3833 Catholicae
2409 3794 2514 3833 na-

867 3875 1023 3928 men,
1048 3861 1204 3932 quod
1230 3878 1344 3917 non
1368 3862 1496 3918 sine
1519 3878 1697 3919 causa
1718 3862 1870 3919 inter
1886 3868 2005 3920 tam
2030 3864 2246 3921 multas
2265 3866 2514 3923 haereses

866 3948 951 4004 sic
973 3948 1087 4006 ista
1110 3948 1366 4007 Ecclesia
1389 3950 1513 4008 sola
1534 3952 1806 4019 obtinuit,
1840 3958 1905 4009 ut
1933 3970 2065 4009 cum
2101 3971 2305 4011 omnes
2335 3956 2512 4012 haere-

866 4035 964 4092 tici
996 4053 1059 4092 se
1090 4037 1404 4097 catholicas
1435 4039 1550 4096 dici
1580 4039 1779 4113 velint,
1814 4042 2097 4114 quaerenti
2124 4048 2319 4100 tamen
2352 4062 2513 4116 pere-

864 4125 1034 4198 grina
1066 4126 1262 4198 alicui,
1285 4127 1385 4184 ubi
1410 4129 1480 4184 ad
1506 4128 1859 4186 Catholicam
1886 4136 2283 4201 conveniatur,
2310 4134 2511 4191 nullus

866 4213 1371 4273 haareticorumvel
1390 4216 1691 4274 basilicam
1716 4237 1881 4275 suam
1908 4220 1993 4276 vel
2025 4222 2263 4277 domum
2300 4224 2511 4279 audeat

867 4306 1195 4362 ostendere.
1225 4311 1343 4362 Ista
1371 4323 1507 4379 ergo
1539 4311 1625 4363 tot
1652 4312 1707 4363 et
1735 4314 1899 4365 tanta
1922 4311 2178 4366 nominis
2204 4312 2507 4369 christiani

864 4391 1247 4450 charissima”
1276 4394 1511 4451 vincula
1542 4400 1695 4452 recte
1726 4397 2025 4453 hominem
2056 4403 2253 4455 tenent
2278 4402 2510 4457 creden-

860 4486 982 4537 tem
1009 4482 1070 4538 in
1096 4483 1381 4539 catholica
1440 4483 1716 4552 Ecclesia,
1769 4485 1999 4542 etiamsi
2031 4494 2267 4560 prapter
2296 4495 2507 4546 nostrae

862 4569 1256 4643 intelligentia
1315 4572 1649 4630 tarditatem
1706 4574 1795 4630 vel
1832 4575 1965 4631 vitae
1998 4577 2264 4632 meritum
2297 4577 2507 4634 veritas

861 4660 1121 4716 nondum
1153 4678 1215 4717 se
1245 4662 1615 4734 apertissime
1645 4664 1939 4720 ostendat.
1972 4666 2137 4736 Apud
2162 4684 2263 4722 vos
2285 4672 2503 4738 autem,

857 4747 959 4803 ubi
990 4747 1137 4805 nihil
1168 4749 1377 4805 horum
1409 4755 1498 4807 est
1526 4752 1678 4821 quod
1709 4768 1798 4807 me
1827 4752 2033 4808 invitet
2054 4770 2119 4809 ac
2143 4759 2353 4823 teneat,
2379 4756 2504 4812 sola

856 4842 1134 4908 personat
1162 4840 1424 4895 veritatis
1457 4839 1829 4911 pollicitatio:
1875 4858 2000 4912 qua:
2032 4843 2266 4913 quidem
2300 4844 2350 4901 si
2383 4851 2501 4901 tam

859 4926 1171 4983 manifesta
1228 4932 1611 4997 monstratur,
1675 4933 1737 4984 ut
1794 4930 1851 4984 in
1884 4930 2128 4986 dubium
2158 4933 2354 4989 venire
2385 4952 2499 4990 non

857 5015 1064 5087 possit.
1095 5019 1486 5088 praeponenda
1513 5022 1603 5073 est
1628 5018 1901 5074 omnibus
1924 5019 2042 5075 illis
2066 5021 2260 5090 rebus,
2286 5023 2499 5093 quibus

856 5105 918 5160 in
947 5105 1240 5162 Catholica
1292 5110 1530 5174 tenear;
1580 5107 1631 5162 si
1683 5113 1878 5163 autem
1930 5112 2335 5167 tantummodo
2368 5129 2496 5184 pro-

829 5186 1132 5263 'mittitur,
1164 5200 1222 5250 et
1269 5212 1384 5250 non
1440 5196 1764 5267 exhibetur,
1810 5214 1980 5253 nemo
2016 5216 2108 5254 me
2140 5202 2394 5257 movebit
2425 5203 2497 5257 ab

854 5296 922 5337 ea
952 5282 1063 5338 ﬁde
1092 5300 1218 5354 quae
1264 5286 1528 5340 animum
1580 5301 1776 5340 meum
1826 5290 1914 5342 tot
1952 5292 2009 5343 et
2038 5290 2218 5345 tantis
2250 5291 2495 5347 nexibus

852 5370 1186 5427 christianos
1219 5373 1485 5447 religioni
1506 5374 1528 5409 ³
1558 5375 1849 5447 astringit.

920 5460 1150 5517 CAPUT
1172 5463 1237 5518 V.
1265 5495 1330 5505 —
1349 5465 1403 5519 6.
1425 5464 1627 5521 Contra
1648 5467 1876 5521 titulum
1896 5468 2156 5538 Epistolae
2178 5470 2489 5531 Manio/139i.

908 5684 923 5747 ξ
954 5683 1010 5732 In
1035 5685 1338 5736 Corbeiensi
1364 5688 1562 5747 codice,
1595 5688 1761 5746 deest,
1802 5691 1952 5738 aucta
1977 5692 2243 5741 vetustate.

908 5746 929 5812 ξ
958 5747 1073 5797 1)υο
1102 5748 1248 5812 Mse.,
1276 5746 1584 5800 clarissima.

908 5808 929 5846 ³
960 5811 1077 5863 Am.
1108 5816 1161 5862 et
1192 5808 1378 5864 omnes
1406 5813 1549 5876 Mss.,
1578 5812 1865 5876 religionis.

2604 1284 2713 1343 cet,
2748 1280 3031 1335 attendite
3057 1279 3195 1350 quid
3229 1295 3509 1350 quaeram.
3542 1276 3665 1333 Non
3710 1276 3879 1332 credo
3910 1274 4089 1332 istum
4115 1286 4239 1330 esse

2605 1368 2936 1441 apostolum
2968 1368 3205 1423 Christi.
3232 1369 3435 1433 Quaeso
3458 1384 3529 1423 ne
3553 1366 3971 1433 succenseatis,
3998 1368 4055 1420 et
4073 1362 4243 1419 male-

2606 1458 2794 1513 dicere
2825 1457 3139 1529 incipiatis.
3170 1456 3369 1513 Nostis
3400 1457 3556 1513 enim
3591 1472 3682 1511 me
3712 1454 4009 1521 statuisse,
4042 1451 4183 1508 nihil
4211 1468 4246 1507 a

2606 1548 2770 1603 vobis
2797 1547 3088 1618 prolatum
3116 1552 3334 1602 temere
3356 1548 3609 1602 credere.
3636 1547 3837 1611 Quaero
3858 1560 3994 1616 ergo
4016 1543 4143 1615 quis
4174 1540 4250 1596 sit

2606 1636 2716 1692 iste
2736 1636 3086 1692 Manichacus
3110 1637 3136 1691 '?
3160 1635 3605 1707 Respondebitis
3635 1652 3647 1689 :
3673 1633 3990 1706 Apostolus
4020 1630 4248 1688 Christi.

2608 1726 2732 1781 Non
2756 1726 2961 1782 credo:
2992 1725 3130 1797 quid
3154 1726 3280 1796 jam
3299 1725 3458 1780 dicas
3482 1729 3582 1780 aut
3605 1723 3805 1791 facias,
3832 1740 3946 1779 nan
3970 1720 4246 1788 habebis;

2610 1814 2988 1885 promittebas
3012 1814 3166 1868 enim
3190 1813 3499 1869 scientiam
3524 1813 3807 1878 veritatis,
3831 1816 3887 1868 et
3918 1828 4071 1866 nunc
4097 1809 4250 1881 quod

2612 1902 2805 1959 nescio
2836 1902 2994 1975 cogis
3025 1908 3089 1957 ut
3118 1904 3373 1958 credam.
3421 1901 3801 1975 Evangelium
3833 1901 3978 1957 mihi
4009 1902 4253 1955 fortasse
4344 1960 4345 1964 η

2613 1991 2869 2048 lecturus
2892 2009 2975 2059 es,
2998 1996 3055 2046 et
3076 1992 3211 2047 inde
3234 1992 3535 2047 Manichasi
3555 2008 3864 2064 personam
3884 1990 4136 2047 tentabis
4154 2005 4253 2045 as-

2613 2096 2822 2137 serere.
2840 2080 2893 2134 Si
2913 2096 3047 2153 ergo
3066 2081 3354 2137 invenires
3373 2081 3649 2153 aliquem,
3671 2081 3770 2153 qui
3788 2078 4094 2151 Evangelia
4110 2094 4253 2133 non-

2614 2169 2754 2223 dum
2804 2169 3007 2234 credit,
3040 2169 3178 2239 quid
3235 2170 3454 2225 faceres
3486 2170 3699 2224 dicenti
3730 2168 3857 2236 tibi,
3890 2168 4013 2223 Non
4043 2164 4256 2221 credo?

2616 2256 2731 2330 Ego
2764 2274 2892 2313 vero
2925 2257 3231 2329 Evangelia
3256 2275 3369 2314 non
3400 2259 3717 2324 crederem,
3749 2258 3863 2313 nisi
3894 2273 3986 2312 me
4017 2253 4255 2311 catholi-

2615 2364 2693 2401 ca:
2725 2346 2991 2403 Ecclesiae
3042 2353 3425 2403 commoveret
3473 2348 3809 2403 auctoritas.
3871 2344 4091 2410 Quibus
4120 2359 4256 2415 ergo

2616 2435 3011 2508 obtemperavi
3043 2435 3398 2507 dicentibus,
3433 2436 3611 2492 Crede
3643 2435 3949 2508 Evangelia
3985 2453 3997 2504 ;
4044 2451 4145 2489 cur
4173 2433 4258 2488 eis

2618 2542 2732 2579 non
2756 2524 3148 2595 obtemperem
3172 2525 3498 2581 dicentibus
3523 2525 3687 2593 mihi,
3723 2525 3849 2580 Noli
3882 2525 4111 2580 credere
4142 2523 4259 2578 Ma-

2618 2613 2855 2669 nichaais
2884 2614 2910 2668 ‘l
2932 2613 3087 2685 Elige
3110 2615 3249 2686 quid
3274 2614 3436 2671 velis.
3460 2614 3516 2670 Si
3544 2614 3779 2679 dixeris,
3805 2614 3984 2670 Crede
4007 2610 4257 2669 Catholi-

2619 2701 2704 2755 cis
2729 2717 2742 2767 ;
2767 2700 2878 2771 ipsi
2903 2717 2996 2755 me
3019 2706 3259 2756 monent
3281 2706 3343 2756 ut
3365 2700 3584 2757 nullam
3620 2702 3793 2757 ﬁdem
3825 2700 4259 2757 accommodem

2618 2789 2780 2845 vobis
2804 2806 2817 2843 :
2844 2795 3196 2861 quapropter
3215 2807 3327 2846 non
3349 2808 3589 2861 possum
3610 2790 3724 2845 illis
3743 2791 4003 2858 credens,
4024 2790 4135 2844 nisi
4154 2786 4262 2843 tibi

2621 2895 2736 2933 non
2759 2880 3010 2933 credere.
3038 2882 3088 2933 Si
3115 2879 3351 2946 dixeris,
3374 2880 3503 2936 Noli
3521 2879 3834 2936 Catholicis
3857 2880 4114 2947 credere;
4142 2894 4261 2932 non

2620 2974 2773 3022 recte
2796 2966 2969 3023 facies
2994 2985 3093 3039 per
3113 2969 3487 3041 Evangelium
3517 2986 3609 3024 me
3640 2986 3842 3041 cogere
3865 2969 3936 3024 ad
3963 2964 4264 3024 Manichazi

2622 3057 2817 3126 fidem,
2840 3058 2976 3128 quia
3000 3057 3112 3129 ipsi
3138 3058 3439 3130 Evangelia
3463 3058 3776 3114 Catholicis
3809 3057 4259 3130 praedicantibus

2623 3145 2866 3201 credidi.
2881 3146 2940 3201 Si
2965 3152 3159 3202 autem
3182 3148 3418 3215 dixeris,
3435 3148 3607 3204 Recto
3629 3148 3925 3204 credidisti
3948 3144 4263 3202 Catholicis

2622 3234 3002 3291 laudantibus
3033 3237 3413 3309 Evangelium
3439 3255 3452 3307 ;
3486 3238 3586 3293 sed
3617 3255 3733 3293 non
3768 3243 3917 3294 recte
3938 3236 4053 3292 illis
4075 3234 4261 3291 credi-

2623 3324 2759 3380 disti
2790 3324 3253 3396 vituperantibus
3312 3327 3691 3383 Manicheum
3718 3344 3732 3384 :
3778 3342 3963 3398 usque
3995 3326 4137 3383 adeo
4169 3341 4270 3380 me

2624 3412 2870 3469 stultum
2895 3418 3087 3485 putas,
3112 3420 3176 3469 ut
3198 3414 3359 3470 nulla
3386 3416 3611 3471 reddita
3636 3417 3856 3471 ratione
3875 3416 4026 3487 quod
4047 3414 4133 3470 vis
4150 3430 4277 3469 cre-
4344 3456 4345 3467 χ

2623 3503 2782 3570 dam,
2806 3503 2955 3572 quod
2981 3520 3095 3558 non
3118 3503 3204 3559 vis
3230 3520 3344 3559 non
3369 3505 3602 3560 credam
3625 3504 3652 3559 (Ι
3670 3503 3853 3561 Multo
3872 3504 4269 3575 enimjustius
4344 3512 4345 3515 ‘

2624 3596 2795 3662 atque
2825 3593 3055 3647 cautius
3083 3593 3253 3659 facio,
3313 3593 3361 3648 si
3404 3592 3718 3650 Catholicis
3773 3594 4052 3665 quoniam
4085 3593 4272 3649 semel

2624 3680 2864 3747 credidi,
2888 3681 2959 3735 ad
2983 3687 3037 3737 te
3060 3698 3173 3736 non
3198 3686 3454 3754 transeo,
3480 3683 3594 3740 nisi
3618 3699 3711 3738 me
3732 3700 3848 3739 non
3880 3682 4113 3738 credere
4137 3682 4275 3753 jus-

2625 3771 2791 3841 seris,
2811 3771 2911 3825 sed
2933 3771 3413 3827 manifestissime
3426 3788 3491 3827 ac
3503 3772 3871 3844 apertissime
3886 3772 4032 3827 scire
4045 3770 4274 3844 aliquid

2622 3859 2846 3915 feceris.
2870 3858 3147 3925 Quocirca
3169 3861 3219 3916 si
3244 3861 3387 3916 mihi
3413 3862 3695 3918 rationem
3721 3862 4055 3917 redditurus
4073 3877 4158 3928 es,
4183 3861 4281 3916 di-

2623 3948 2789 4004 mitte
2823 3948 3219 4021 Evangelium.
3254 3950 3313 4005 Si
3346 3950 3417 4005 ad
3452 3950 3832 4023 Evangelium
3864 3955 3920 4006 te
3951 3954 4137 4019 tenes,
4170 3966 4278 4023 ego

2621 4055 2714 4094 me
2737 4038 2807 4093 ad
2829 4055 2927 4094 eos
2950 4044 3199 4106 teneam,
3224 4038 3439 4111 quibus
3464 4040 3933 4113 pracipientibus
3956 4039 4277 4112 Evangelia

2621 4116 2840 4182 credidi
2865 4152 2880 4195 ;
2912 4133 2968 4183 et
2998 4128 3448 4199 hisjubentibus
3474 4129 3575 4185 tibi
3606 4129 3845 4185 omnino
3867 4146 3980 4185 non
4006 4129 4269 4186 credam.

2620 4216 2782 4280 Quod
2817 4216 2865 4271 si
2892 4218 3035 4273 forte
3059 4218 3115 4271 in
3139 4218 3449 4290 Evangelia
3479 4217 3700 4291 aliquid
3727 4218 4171 4291 apertissimum
4206 4219 4277 4274 de

2620 4305 2923 4361 Manichaai
2969 4306 3298 4379 apostolatu
3337 4307 3597 4364 invenire
3630 4308 3909 4381 potueris,
3938 4308 4276 4364 infirmabis

2620 4394 2763 4449 mihi
2785 4394 3214 4452 Catholicorum
3239 4398 3671 4468 auctoritatem,
3706 4398 3805 4469 qui
3830 4398 4041 4470 jubent
4068 4401 4138 4452 ut
4165 4396 4277 4453 tibi

2618 4501 2732 4539 non
2752 4485 2983 4541 credam
3010 4503 3022 4542 :
3050 4503 3168 4557 qua
3188 4485 3648 4556 inﬁrmata,jam
3672 4503 3776 4542 nec
3808 4485 4119 4558 Evangelia
4146 4503 4276 4542 cre-
4338 4497 4345 4549 ε

2616 4574 2750 4628 dere
2782 4579 2999 4644 potero,
3035 4574 3175 4646 quia
3204 4591 3305 4645 per
3333 4592 3431 4630 eos
3460 4574 3543 4629 illi
3574 4575 3930 4631 credideram
3958 4593 3972 4643 ;
4008 4575 4087 4629 ita
4122 4573 4283 4629 nihil

4338 4520 4346 4567 τ

2615 4663 2770 4734 apud
2800 4680 2890 4718 me
2916 4663 3143 4731 valebit,
3168 4664 3452 4735 quidquid
3486 4664 3619 4720 inde
3642 4664 3974 4736 protuleris.
4006 4664 4286 4735 Quapro-

2614 4757 2741 4823 pter
2771 4753 2820 4807 si
2853 4751 2997 4807 nihil
3034 4753 3413 4809 manifestum
3437 4753 3508 4808 de
3530 4753 3832 4809 Manichaai
3856 4751 4191 4826 apostalatu
4218 4752 4283 4808 in

2614 4841 2921 4913 Evangelia
2945 4842 3251 4914 reperitur,
3281 4841 3591 4898 Catholicis
3615 4843 3811 4914 potius
3834 4842 4065 4898 credam
4089 4858 4283 4913 quam

2560 4923 2581 4954 ’
2611 4930 2805 4987 tibi.Si
2821 4936 3015 4986 autem
3032 4930 3251 5002 aliquid
3268 4931 3404 4988 inde
3424 4932 3802 4989 manifestum
3818 4948 3921 5005 pro
3942 4930 4282 4988 Manichaeo

2612 5018 2842 5092 legeris,
2876 5036 2981 5075 nec
3036 5019 3173 5075 illis.
3236 5037 3340 5077 nec
3397 5021 3543 5077 tibi:
3586 5020 3723 5087 illis,
3756 5022 3896 5092 quia
3926 5021 3999 5076 de
4028 5024 4085 5075 te
4120 5020 4284 5076 mihi

2612 5110 2839 5164 mentiti
2874 5114 3049 5177 sunt;
3074 5108 3180 5164 tibi
3204 5115 3421 5181 autem,
3442 5111 3583 5182 quia
3597 5127 3722 5166 eam
3741 5111 4095 5181 scripturam
4116 5108 4284 5164 mihi
4343 5108 4345 5116 ⁴

2609 5198 2855 5270 profers,
2887 5199 2979 5254 cui
3011 5215 3114 5270 per
3140 5198 3272 5255 illos
3302 5200 3689 5269 credideram,
3723 5200 3825 5272 qui
3859 5198 4006 5256 mihi
4031 5198 4282 5255 mentiti

2674 5512 2690 5544 ί
2707 5509 2843 5559 Editi
2866 5511 2979 5558 Am.
3008 5512 3063 5558 et
3080 5511 3184 5570 Er.,
3211 5510 3449 5562 inclinati
3470 5511 3778 5572 dicebamus,
3804 5514 3983 5563 Amen.
4008 5513 4167 5571 Lov.,
4194 5512 4283 5563 in-

2606 5571 2784 5635 clinati
2813 5572 3123 5621 ducebamur
3150 5588 3180 5621 a
3204 5574 3358 5623 vobis.
3385 5576 3497 5625 Duo
3518 5578 3661 5635 Mss,
3685 5571 3943 5626 inclinati:
3963 5573 4283 5624 discebalur

2604 5649 2637 5683 a
2664 5634 2826 5683 nobis.
2856 5635 3093 5683 Tandem
3124 5638 3516 5687 vetustissimus
3543 5639 3877 5689 Corbeiensis
3900 5638 4068 5687 codex
4095 5652 4108 5687 :
4136 5639 4280 5687 Illu-

2602 5697 2791 5764 gninati
2810 5696 3106 5764 dicebamvr
3126 5712 3157 5746 a
3176 5699 3331 5764 vobis.
3358 5701 3520 5751 Favet
3540 5702 3666 5752 huic
3686 5702 3900 5753 lectioni
3924 5700 4071 5764 quod
4100 5701 4279 5764 infra,
4336 5720 4345 5733 4

2602 5759 2659 5808 in
2679 5760 2927 5829 capite_25
2947 5758 3141 5829 legitur
3160 5762 3225 5829 de
3247 5763 3432 5829 eadem
3456 5765 3724 5829 npistolaﬁ:
3755 5779 3867 5829 quae
3884 5758 4276 5829 fere-omnibus

2602 5822 2690 5884 qui
2718 5821 2860 5885 apud
2892 5834 2977 5870 vos
3005 5822 3295 5877 [Numinati
3321 5821 3581 5895 dicuntiir,
3621 5821 4200 5889 sokt'esse'noﬁssima.

4342 5914 4345 5957 l
