4638 6490
132 470 238 531 177
1565 469 1799 531 LIBER
1843 470 2079 533 UNUS.
3402 476 3519 539 I78

128 602 273 657 sunt.
307 600 417 656 Sed
452 598 607 655 absit
636 602 701 655 ut
728 613 833 672 ego
880 599 1188 672 Evangelio
1219 616 1335 656 non
1381 601 1633 655 credam.
1668 600 1755 655 Illi

125 690 265 747 enim
297 690 564 757 credens,
597 706 712 745 non
744 688 973 745 invenio
1005 691 1298 761 quomodo
1332 690 1552 761 possim
1582 690 1756 744 etiam

1868 600 2046 658 Filius
2077 606 2133 659 et
2147 603 2400 674 Spiritus
2419 602 2848 670 sanctus,vobis
2874 604 3049 661 etiam
3072 605 3511 679 confitentibus,

1866 708 1982 745 non
2016 692 2235 763 dispari
2268 696 2476 747 natura
2506 692 2870 764 capulentur,
2903 710 3007 749 cur
3049 694 3344 751 hominem
3378 715 3509 754 sus-

124 779 219 834 tibi
251 777 915 850 credere.Apostolorum
946 778 1101 833 enim
1135 779 1537 850 nomina,quae
1564 778 1642 833 ibi
1676 777 1761 833 le-
1865 785 2098 851 ceptum
2132 799 2164 836 a
2195 782 2413 852 Spiritu
2445 787 2648 837 sancto
2702 782 3103 849 Manicheum,
3135 802 3250 839 non
3287 787 3508 854 putatis

121 872 330 942 guntur
358 867 573 939 (Matth.
601 884 656 938 ι,
695 867 834 935 2-4;
869 868 1033 923 Mmc.
1069 885 1151 936 In,
1201 869 1387 937 13-19,
1420 872 1472 922 et
1525 869 1650 922 Luc.
1683 884 1757 933 v1,

125 957 319 1027 13-16),
355 973 469 1012 non
498 956 648 1011 inter
677 973 737 1011 se
767 956 1068 1011 continent
1098 973 1306 1011 nomen
1342 956 1661 1011 Manichaei.
1695 958 1757 1010 In

121 1046 302 1101 locum
335 1051 533 1100 autem
566 1044 864 1101 traditoris
894 1045 1106 1100 Christi
1140 1046 1271 1116 quis
1302 1045 1663 1112 successerit,
1699 1045 1754 1100 in

122 1133 512 1205 Apostolorum
545 1134 782 1190 Actibus
812 1134 1063 1206 legimus
1094 1136 1228 1205 (Act.
1264 1134 1411 1204 1,26)
1437 1151 1448 1187 :
1486 1133 1577 1188 cui
1608 1132 1755 1190 libro

120 1239 344 1279 necesse
392 1226 483 1278 est
516 1239 608 1278 me
656 1223 908 1292 credere,
941 1223 987 1278 si
1022 1223 1189 1277 credo
1240 1221 1567 1293 Evangelio,
1609 1238 1752 1291 quo-

118 1312 269 1367 niam
293 1316 603 1383 utramque
625 1312 985 1383 Scripturam
1011 1311 1281 1367 similiter
1297 1310 1438 1365 mihi
1472 1310 1755 1365 catholica

113 1400 475 1457 commendat
504 1401 912 1456 auctoritas.In
946 1401 1146 1455 eodem
1180 1400 1357 1455 etiam
1382 1399 1530 1453 libro
1555 1399 1624 1453 de
1656 1415 1750 1454 vo-

110 1489 327 1545 catione
360 1494 534 1562 atque
582 1488 913 1561 apostolatu
954 1488 1115 1543 Pauli
1168 1487 1637 1560 vulgatissimam
1665 1491 1748 1543 te-

107 1594 305 1634 nemus
335 1577 645 1633 historiam
679 1578 1038 1651 (Id.1x).Lege
1070 1576 1213 1632 mihi
1238 1577 1442 1647 jam,si
1477 1582 1661 1647 potes,
1687 1576 1746 1631 in

106 1667 425 1740 Evangelio,
445 1668 546 1722 ubi
578 1667 930 1723 Manichacus
960 1667 1258 1739 apostolus
1290 1666 1480 1721 dictus
1509 1675 1593 1721 est
1617 1684 1630 1733 ;
1657 1664 1744 1721 vel

106 1756 161 1813 in
188 1755 384 1829 aliquo
413 1756 527 1813 alio
558 1755 823 1824 libro,cui
850 1757 1078 1826 mejam
1103 1755 1418 1810 credidisse
1442 1755 1737 1813 confiteor.

103 1851 188 1901 An
217 1845 360 1902 illud
389 1845 648 1902 lecturus
676 1862 760 1913 es,
793 1845 892 1900 ubi
932 1844 1211 1917 Spiritum
1263 1848 1531 1899 sanctum
1568 1860 1741 1915 para-

103 1933 305 1991 oletum
338 1933 626 1991 Dominus
654 1934 924 2007 promisit
972 1932 1265 2005 Apostolis
1286 1933 1313 1987 ‘I
1361 1933 1440 1989 De
1471 1950 1586 2004 quo
1618 1932 1740 1988 loco

99 2024 223 2081 vide
252 2027 398 2097 quot
425 2028 483 2079 et
530 2028 749 2095 quanta
780 2023 918 2092 sint,
951 2040 1075 2095 quas
1108 2039 1200 2078 me
1254 2026 1523 2078 revocent
1553 2026 1609 2102 et
1639 2022 1737 2077 de-

98 2116 348 2170 terreant
376 2129 450 2169 ne
479 2112 793 2168 Manichan
825 2113 1077 2167 credam.

160 2201 386 2259 CAPUT
421 2201 516 2257 VI.
550 2233 619 2243 —
646 2203 702 2256 7.
748 2200 856 2257 Cur
901 2200 1202 2273 apostolum
1251 2201 1455 2256 Christi
1500 2216 1554 2254 se
1600 2202 1735 2254 scri-

93 2292 272 2363 pserit.
307 2294 513 2358 Quaero
544 2291 721 2357 enim,
747 2307 851 2346 cur
880 2290 1137 2361 epistolae
1171 2289 1350 2360 hujus
1384 2288 1735 2360 principium

94 2382 184 2448 sit,
218 2381 552 2437 Manicheeus
600 2380 878 2452 apostolus
926 2381 1051 2436 Jesu
1106 2380 1356 2441 Christi;
1387 2383 1445 2433 et
1492 2395 1605 2433 non
1637 2379 1732 2447 sit,

94 2469 421 2525 Paracletus
447 2470 746 2541 apostolus
768 2470 907 2525 Jesu
940 2467 1173 2523 Christi.
1198 2468 1253 2521 Si
1286 2472 1479 2522 autem
1516 2468 1734 2522 missus

90 2575 120 2615 a
148 2558 373 2615 Christo
405 2557 740 2614 Paracletus
788 2557 1168 2612 Manichmum
1220 2556 1399 2621 misit,
1434 2572 1537 2610 cur
1582 2554 1730 2627 lego,

87 2647 413 2705 Manichaeus
468 2648 743 2718 apostolus
787 2648 909 2703 Jesu
960 2646 1207 2707 Christi;
1248 2651 1304 2699 et
1352 2661 1464 2699 non
1516 2644 1730 2715 potius,

86 2735 437 2791 Manicheeus
491 2735 791 2806 apostolus
840 2734 1113 2790 Paracleti
1154 2735 1181 2789 ‘2
1231 2734 1290 2791 Si
1340 2734 1488 2788 dicis
1536 2734 1729 2804 ipsum

85 2841 203 2881 esse
233 2825 559 2895 Christum,
593 2825 690 2896 qui
724 2828 812 2879 est
841 2824 1016 2880 etiam
1048 2824 1303 2896 Spiritus
1333 2828 1731 2891 sanctus,con-

82 2914 310 2970 tradicis
341 2914 459 2987 ipsi
490 2914 821 2986 Scriptura,
855 2913 954 2969 ubi
988 2913 1267 2968 Dominus
1318 2912 1416 2976 ait,
1450 2913 1514 2965 Et
1552 2912 1731 2965 alium

83 3004 425 3060 Paracletum
451 3005 681 3059 mittam
709 3004 858 3059 vobis
888 3004 1078 3074 (Joan.
1135 3019 1247 3070 Juv,
1282 3002 1391 3071 16).
1425 3000 1485 3055 Si
1534 3016 1725 3056 autem

84 3091 287 3148 Christi
321 3109 539 3148 nomen
566 3093 694 3147 ideo
725 3096 878 3147 recte
919 3091 1169 3163 positum
1206 3095 1395 3162 putas,
1427 3106 1540 3145 non
1592 3089 1730 3160 quia

85 3180 200 3253 ipse
230 3186 319 3238 est
349 3181 642 3250 Christus,
676 3180 777 3252 qui
809 3184 866 3235 et
897 3180 1247 3242 Paracletus,
1279 3179 1379 3234 sed
1411 3178 1549 3249 quia
1577 3177 1732 3248 ejus-

85 3269 205 3325 dem
237 3276 379 3326 sunt
410 3269 587 3325 ambo
610 3268 988 3336 substantiae;
1023 3268 1079 3322 id
1113 3272 1222 3332 est,
1254 3284 1369 3322 non
1402 3267 1542 3338 quia
1574 3284 1728 3322 unus

83 3364 183 3428 est,
198 3361 297 3416 sed
333 3359 480 3431 quia
510 3375 692 3413 unum
727 3362 892 3413 sunt:
929 3360 1152 3428 poterat
1181 3360 1237 3410 et
1267 3356 1483 3410 Paulus
1515 3355 1725 3425 dicere,

84 3448 293 3503 Paulus
324 3445 635 3520 apostolus
666 3446 765 3501 Dei
810 3445 1019 3513 Patris;
1062 3444 1201 3516 quia
1229 3444 1374 3499 dixit
1420 3443 1723 3511 Dominus,

83 3540 191 3607 Ego
218 3541 269 3594 et
298 3539 480 3593 Pater
506 3552 677 3591 unum
706 3551 898 3590 sumus
929 3534 1025 3604 (Id.
1061 3551 1117 3603 x,
1149 3534 1258 3605 30).
1286 3533 1587 3603 Nusquam
1621 3533 1727 3587 hoc

81 3626 257 3682 dicit:
308 3627 412 3682 sed
463 3642 570 3680 nec
616 3624 931 3697 quisquam
980 3622 1387 3695 Apostolorum
1433 3622 1618 3676 Patris
1664 3638 1726 3676 se

80 3714 404 3787 apostolum
440 3713 820 3780 scribit.Quid
855 3712 965 3767 sibi
996 3728 1131 3783 ergo
1161 3712 1283 3766 vult
1312 3710 1423 3766 ista
1454 3710 1726 3765 novitas?

76 3806 271 3860 Nonne
301 3804 473 3859 vobis
527 3803 759 3857 videtur
789 3801 984 3857 nescio
1034 3818 1210 3873 quam
1257 3799 1511 3855 redolere
1560 3798 1722 3853 falla-

75 3891 214 3949 ciam
238 3893 265 3950 ?
293 3894 466 3949 Certe
498 3892 547 3946 si
600 3890 744 3945 nihil
778 3891 1059 3945 interesse
1107 3890 1424 3944 arbitratus
1472 3893 1580 3953 est,
1623 3905 1728 3943 cur

74 3998 182 4037 non
208 3981 366 4038 varie
392 3981 456 4037 in
487 3979 617 4035 aliis
647 3978 911 4052 epistolis
933 3978 1261 4050 apostolum
1285 3977 1497 4033 Christi
1530 3994 1592 4032 se
1624 3994 1723 4032 no-

75 4071 252 4127 minat
279 4088 293 4139 ;
327 4071 387 4125 in
422 4068 579 4133 aliis,
611 4067 890 4123 Paracleti
912 4066 939 4121 ‘?
970 4067 1080 4122 Sed
1115 4066 1326 4121 Christi
1361 4083 1592 4137 semper
1620 4082 1723 4120 au-

72 4158 203 4228 divi,
254 4158 750 4232 quotiescumque
780 4156 971 4213 audivi
1006 4175 1021 4209 :
1055 4154 1331 4210 Paracleti
1384 4160 1578 4209 autem
1620 4170 1723 4209 nec

72 4247 265 4304 semel.
301 4247 455 4313 Quid
500 4246 610 4301 hoc
639 4262 765 4301 esse
795 4262 985 4301 causas
1033 4245 1410 4308 arbitramur,
1445 4244 1557 4299 nisi
1588 4244 1725 4314 quia

71 4335 166 4392 illa
194 4336 500 4410 superbia.
535 4339 722 4391 mater
751 4334 1015 4391 omnium
1049 4332 1726 4404 hereticorumﬁmpulit

70 4424 393 4494 hominem,
426 4430 494 4481 ut
525 4441 641 4480 non
673 4424 923 4480 missum
956 4440 1017 4479 se
1048 4440 1082 4479 a
1110 4422 1400 4479 Paracleto
1442 4421 1611 4477 vellet
1639 4422 1722 4476 vi-

74 4516 187 4571 deri
224 4534 237 4571 :
272 4516 377 4571 sed
414 4515 498 4570 ita
529 4519 891 4586 susceptum,
925 4517 989 4567 ut
1017 4513 1142 4584 ipse
1190 4510 1522 4566 Paracletus
1570 4512 1723 4565 dice-
1764 4570 1769 4573 _

71 4604 271 4660 retur?
304 4605 478 4661 Sicut
504 4603 680 4659 Jesus
712 4602 978 4657 Christus
1007 4602 1325 4667 bomo,non
1357 4616 1391 4654 a
1423 4600 1520 4654 Dei
1556 4598 1722 4669 Filio,

68 4693 121 4749 id
169 4699 259 4751 est
303 4694 542 4749 Virtute
588 4697 644 4748 et
690 4690 985 4762 Sapientia
1028 4690 1149 4753 Dei,
1205 4707 1307 4761 per
1355 4705 1530 4760 quam
1573 4689 1725 4743 facta

69 4788 203 4838 sunt
233 4782 460 4847 omnia,
497 4781 716 4836 missus
746 4785 872 4847 est;
907 4780 1006 4835 sed
1050 4780 1131 4833 ita
1159 4782 1467 4850 susceptus
1516 4794 1721 4833 secun-

70 4871 205 4927 dum
240 4870 599 4927 catholicam
630 4870 826 4938 fidem,
860 4874 924 4923 ut
950 4868 1077 4941 ipse
1105 4876 1257 4923 esset
1299 4867 1399 4923 Dei
1436 4866 1633 4937 Filius,
1665 4866 1720 4920 id

70 4965 171 5031 est,
200 4960 261 5016 in
312 4960 415 5015 illo
446 4960 578 5030 ipso
610 4958 712 5013 Dei
742 4956 1039 5029 Sapientia
1087 4957 1367 5013 sanandis
1411 4955 1723 5027 peccatori-

71 5048 211 5106 bus1
244 5052 563 5122 appareret
596 5066 609 5103 :
642 5047 725 5103 sic
755 5063 818 5102 se
848 5046 946 5102 ille
974 5044 1157 5102 voluit
1187 5063 1220 5100 a
1247 5045 1463 5117 Spiritu
1498 5048 1719 5110 sancto,

73 5152 236 5211 quem
270 5138 550 5194 Christus
583 5135 869 5207 promisit,
901 5135 1082 5190 videri
1114 5151 1241 5189 esse
1271 5138 1630 5205 susceptum,
1662 5138 1727 5188 ut

63 5225 185 5300 jam
218 5244 356 5284 cum
391 5225 677 5282 audimus
708 5224 1091 5280 Manicheum
1124 5224 1402 5295 Spiritum
1432 5228 1722 5291 sanctum,

73 5315 479 5389 intelligamus
512 5313 838 5386 apostolum
890 5312 1031 5369 Jesu
1062 5312 1298 5379 Christi,
1332 5312 1388 5367 id
1431 5318 1538 5375 est,
1585 5312 1726 5366 mis-

72 5421 195 5462 sum
228 5423 260 5462 a
310 5405 458 5462 Jesu
508 5402 755 5470 Christo,
789 5402 887 5472 qui
941 5418 1075 5458 eum
1117 5418 1179 5457 se
1231 5401 1551 5457 missurum
1601 5416 1728 5456 esse

74 5495 360 5567 promisit.
394 5490 733 5565 Singularis
772 5490 1017 5547 audacia
1045 5490 1177 5557 ista,
1228 5495 1285 5545 et
1316 5489 1605 5545 inell‘abile
1636 5506 1727 5544 sa-

76 5584 380 5657 crilegium
406 5582 421 5638 ι

142 5674 375 5731 CAPUT
413 5671 615 5727 VII.——
643 5669 1049 5727 8.Manichazus
1079 5670 1330 5741 Spiritus
1358 5674 1577 5724 sanctus
1607 5684 1729 5738 quo-

75 5764 234 5821 modo
262 5762 513 5820 creditus
544 5778 577 5815 α
603 5759 854 5815 suis.Sed
888 5763 1081 5815 tamen
1106 5774 1461 5830 quasro,cum
1494 5762 1663 5812 Pater
1677 5762 1734 5814 et

142 5917 157 5953 ί
185 5914 271 5968 Er.
304 5917 360 5969 et
388 5914 547 5977 Lov.,
573 5909 880 5978 pectoribus.
916 5898 1257 5979 Castigantur
1284 5924 1348 5964 ex
1377 5910 1495 5965 Am.
1530 5913 1581 5962 et
1611 5911 1732 5963 Ilss.

1862 871 2259 940 turpe,natum
2291 887 2358 924 ex
2389 875 2633 941 utroque
2660 886 2796 925 sexu
2829 872 3172 943 praedicare;
3208 874 3502 931 hominem

1862 962 2057 1013 autem
2089 963 2424 1029 susceptum
2460 959 2531 1013 ab
2566 958 2863 1030 unigenita
2893 959 3189 1030 Sapientia
3240 961 3362 1027 Dei,
3395 980 3499 1020 na-

1862 1051 1989 1101 tum
2022 1048 2093 1101 de
2123 1048 2346 1118 virgine
2375 1048 2607 1102 credere
2638 1047 2964 1103 formidatis
2985 1048 3012 1102 ?
3042 1048 3097 1102 Si
3130 1064 3262 1105 caro
3294 1050 3499 1107 huma-

1860 1153 1953 1206 na,
1986 1136 2032 1192 si
2067 1137 2411 1191 concubitus
2441 1136 2569 1206 viri,
2603 1136 2651 1191 si
2686 1141 2888 1191 uterus
2935 1136 3198 1193 mulieris
3249 1155 3361 1195 non
3396 1158 3498 1213 po-

1858 1226 1972 1279 tuit
2023 1224 2330 1295 inquinare
2380 1224 2663 1295 Spiritum
2714 1230 3019 1291 sanctum;
3064 1228 3356 1297 quomodo
3405 1245 3503 1301 po-

1855 1314 1971 1368 tuit
2038 1319 2239 1368 uterus
2289 1314 2528 1384 virginis
2576 1314 2884 1385 inquinare
2936 1314 3035 1369 Dei
3086 1316 3440 1387 Sapientiam
3470 1317 3500 1373 ‘2

1856 1403 2211 1458 Manichmus
2242 1418 2377 1473 ergo
2405 1402 2513 1457 iste
2544 1403 2644 1473 qui
2675 1403 2746 1459 de
2777 1407 2979 1458 sancto
3005 1403 3226 1475 Spiritu
3249 1410 3301 1461 et
3334 1422 3502 1462 evan-

1854 1491 2038 1563 gelica
2064 1490 2306 1546 lectione
2353 1490 2655 1563 gloriatur,
2690 1506 2926 1546 necesse
2972 1497 3060 1547 est
3089 1494 3254 1548 vobis
3292 1510 3497 1550 conce-

1852 1580 1949 1635 dat
1982 1582 2023 1649 ⁸,
2072 1582 2173 1634 aut
2201 1579 2450 1634 missum
2500 1596 2561 1634 se
2608 1595 2736 1635 esse
2778 1596 2813 1634 a
2849 1578 3068 1651 Spiritu
3120 1586 3340 1653 sancto,
3392 1588 3495 1639 aut

1850 1671 2210 1739 susceptum.
2243 1667 2301 1722 Si
2353 1668 2571 1723 missus
2601 1672 2709 1733 est,
2752 1667 3035 1740 Paracleti
3063 1685 3124 1724 se
3162 1670 3489 1740 apostolum

1847 1758 2043 1823 dicat;
2077 1756 2125 1813 si
2170 1761 2498 1828 susceptus,
2553 1756 2830 1811 concedat
2881 1756 2932 1811 ei
2983 1756 3282 1812 hominem
3315 1758 3336 1793 ³
3364 1775 3486 1814 ma-

1845 1850 1995 1903 trem
2026 1864 2199 1918 quem
2230 1846 2489 1917 suscepit
2520 1844 2859 1916 unigenitus
2896 1843 3096 1914 Filius,
3129 1846 3177 1900 si
3207 1845 3258 1901 ei
3310 1863 3482 1919 quem

1845 1937 2103 2009 suscepit
2133 1935 2385 2007 Spiritus
2412 1938 2648 1989 sanctus
2668 1932 2931 1989 concedit
2949 1938 3007 1989 et
3026 1936 3487 2006 patrem.Credat

1842 2026 2173 2098 virginitate
2194 2024 2386 2079 Marias
2401 2023 2657 2079 Verbum
2691 2022 2785 2077 Dei
2817 2038 2931 2078 non
2963 2039 3091 2080 esse
3119 2023 3485 2095 pollutum,si

1843 2115 2153 2171 concubitu
2190 2116 2495 2185 parentum
2521 2128 2762 2167 suorum
2781 2111 3061 2183 Spiritum
3079 2117 3345 2169 sanctum
3369 2131 3484 2171 non

1842 2203 2103 2276 potuisse
2135 2202 2314 2275 pollui
2342 2206 2407 2257 ut
2435 2194 2742 2257 credamus
2774 2199 3230 2268 hortatur.Quod
3254 2203 3300 2258 si
3334 2204 3487 2259 dixe-

1842 2292 2111 2359 ritis,non
2144 2292 2201 2346 in
2234 2296 2399 2346 utero
2427 2290 2515 2346 vel
2547 2295 2683 2345 ante
2714 2294 2965 2357 uterum,
2998 2291 3099 2346 sed
3125 2293 3251 2361 jam
3282 2297 3485 2348 natum

1841 2381 2219 2437 Manicheum
2252 2398 2285 2435 a
2316 2380 2535 2451 Spiritu
2566 2384 2769 2435 sancto
2800 2395 2927 2435 esse
2958 2382 3487 2453 susceptum,sufﬁ-

1840 2472 1919 2526 cit
1948 2476 2012 2526 ut
2041 2470 2339 2526 fateamini
2369 2470 2647 2525 habuisse
2676 2486 2910 2524 carnem
2937 2469 3009 2524 de
3028 2469 3149 2525 viro
3179 2475 3237 2526 et
3266 2471 3482 2527 femina

1839 2564 2219 2633 procreatam.
2247 2562 2387 2614 Cum
2419 2556 2573 2612 enim
2606 2574 2707 2613 vos
2748 2574 2860 2612 non
2893 2558 3147 2613 timentis
3174 2558 3396 2615 viscera
3424 2563 3483 2614 et

1838 2649 2184 2721 sanguinem
2209 2646 2511 2703 Manichasi
2541 2647 2611 2702 de
2634 2646 2892 2701 humano
2916 2647 3227 2702 concubitu
3254 2647 3483 2703 venien-

1834 2743 2035 2808 tem,et
2066 2738 2343 2792 intestina
2374 2737 2510 2791 fimo
2542 2735 2865 2807 plena,qua3
2896 2734 2997 2790 illa
3026 2751 3159 2791 caro
3192 2735 3475 2807 gestabat,

1835 2832 1891 2883 et
1912 2827 2004 2882 his
2031 2826 2302 2882 omnibus
2326 2842 2440 2880 non
2468 2824 2716 2879 credatis
2728 2824 3186 2879 contaminatum
3210 2841 3337 2881 esse
3354 2825 3477 2897 Spi-

1836 2916 2012 2971 ritum
2044 2920 2334 2982 sanctum,
2368 2933 2401 2969 ιι
2428 2930 2544 2985 quo
2574 2913 2740 2968 illum
2791 2913 3082 2969 hominem
3131 2918 3470 2985 susceptum

1835 3021 1963 3061 esse
1988 3003 2252 3060 creditis:
2285 3020 2390 3058 cur
2418 3019 2522 3074 ego
2572 3006 2800 3057 uterum
2829 3001 3173 3074 virginalem
3201 3007 3260 3058 et
3288 3003 3473 3059 intac-

1833 3097 1893 3150 ta
1916 3092 2195 3166 genitalia
2225 3091 2618 3158 relormidem,
2649 3095 2707 3145 et
2735 3107 2851 3145 non
2888 3091 3080 3162 potius
3111 3090 3344 3147 credam
3376 3092 3477 3148 Sa-

1835 3182 2110 3254 pientiam
2157 3181 2257 3237 Dei
2286 3180 2347 3235 in
2398 3179 2541 3251 ipsis
2572 3179 2851 3235 maternis
2881 3180 3201 3236 visceribus
3240 3179 3478 3237 homine

1834 3276 2102 3341 suscepto
2116 3269 2551 3327 immaculatam
2568 3269 2973 3340 sinceramque
2987 3269 3304 3325 mansisse?
3324 3270 3475 3335 Qua-

1834 3365 2071 3432 propter
2117 3360 2393 3431 quoniam
2442 3358 2558 3413 sive
2609 3357 2879 3427 missum,
2913 3358 3032 3414 sive
3077 3364 3415 3431 susceptum
3444 3375 3479 3415 a

1834 3449 2126 3505 Paracleto
2148 3466 2209 3503 se
2229 3448 2581 3503 Manichaeus
2610 3451 2798 3502 vester
2825 3446 3244 3518 affirmet,nihil
3268 3448 3478 3503 horum

1834 3539 2044 3611 poterit
2092 3537 2353 3593 obtinere
2388 3554 2399 3591 :
2437 3553 2542 3607 ego
2566 3537 2691 3607 jam
2741 3535 2966 3591 cautior
2994 3552 3181 3608 neque
3225 3536 3476 3592 missum

1833 3645 1966 3685 eum
1999 3627 2190 3693 credo,
2225 3642 2409 3698 neque
2441 3629 2801 3696 susceptum.

1902 3716 2134 3772 CAPUT
2185 3715 2351 3796 Villa
2387 3746 2452 3754 —
2508 3714 2561 3767 9.
2622 3714 2841 3769 Festum
2895 3712 3115 3768 natalis
3170 3713 3473 3770 Manichaei.

1832 3806 1977 3862 Nam
2012 3805 2165 3876 quod
2200 3802 2424 3858 addidit
2464 3802 2684 3870 dicens,
2715 3802 3057 3872 providentia
3110 3804 3211 3858 Dei
3255 3804 3476 3865 Patris;

1833 3896 1971 3967 quid
2006 3893 2164 3948 aliud
2216 3891 2460 3947 ambivit
2488 3891 2628 3949 Jesu
2676 3890 2904 3947 Christo
2955 3892 3273 3961 nominato,
3304 3894 3475 3964 cujus

1833 4000 1894 4039 se
1925 3982 2065 4037 dicit
2095 3980 2446 4053 apostolum,
2478 3986 2534 4035 et
2558 3980 2673 4035 Deo
2704 3980 2890 4049 Patre,
2911 3980 3080 4051 cujus
3112 3980 3475 4051 providentia

1833 4072 2081 4128 missum
2116 4088 2176 4125 se
2208 4070 2348 4125 dicit
2379 4087 2411 4123 a
2442 4068 2605 4135 Filio,
2642 4068 2755 4123 nisi
2801 4073 2864 4123 ut
2891 4069 3172 4140 Spiritum
3203 4074 3471 4125 sanctum

1833 4161 2029 4234 ipsum
2079 4159 2315 4214 tertium
2364 4174 2492 4213 esse
2543 4157 2961 4212 crederemus?
2991 4158 3081 4212 Sic
3120 4158 3273 4213 enim
3325 4158 3473 4214 scri-

1834 4250 1949 4305 bit:
1975 4247 2301 4303 Ma-nichwus
2330 4247 2606 4318 apostolus
2632 4248 2760 4302 Jesu
2783 4246 2986 4302 Christi
3009 4246 3359 4318 providentia
3380 4248 3477 4302 Dei

1830 4336 2291 4407 Patris.Spiritus
2321 4340 2561 4391 sanctus
2595 4337 2929 4391 nominatus
2960 4352 3073 4391 non
3092 4340 3199 4402 est,
3223 4336 3323 4407 qui
3346 4352 3474 4390 ma-

1830 4427 1986 4482 xime
2016 4425 2217 4480 debuit
2246 4426 2316 4480 ab
2341 4440 2407 4479 eo
2441 4424 2858 4496 nominari,qui
2884 4425 3053 4480 nobis
3082 4424 3476 4496 apostolatum

1833 4532 2006 4572 suum
2038 4513 2319 4569 Paracleti
2369 4512 2755 4585 promissione
2781 4514 3172 4580 commendat,
3206 4518 3270 4569 ut
3305 4530 3478 4569 evan-

1834 4605 2019 4678 gelica
2049 4603 2392 4657 auctoritate
2423 4602 2724 4673 imperitos
2743 4602 3155 4673 premat.Quod
3177 4618 3309 4657 cum
3335 4619 3369 4657 a
3386 4618 3481 4658 vo-

1831 4695 1924 4750 bis
1957 4690 2629 4765 quaeritur,respondetis
2661 4691 2862 4762 utique
2886 4690 3199 4747 Manichan
3218 4690 3479 4763 apostolo

1835 4781 2446 4851 nominato,Spiritum
2480 4784 2749 4835 sanctum
2773 4779 3131 4851 paracletum
3166 4780 3475 4851 nominari,

1834 4889 1959 4944 quas
1991 4871 2050 4925 in
2080 4871 2205 4942 ipso
2236 4869 2429 4924 venire
2460 4868 2735 4939 dignatus
2764 4873 2870 4924 est.
2904 4869 3104 4932 Quaero
3135 4886 3290 4941 ergo,
3324 4870 3479 4924 sicut

1835 4961 2106 5033 superius
2138 4959 2422 5025 dicebam,
2453 4974 2633 5029 quare
2660 4957 3014 5014 exhorreatis
3046 4974 3179 5013 cum
3212 4957 3353 5013 dicit
3379 4974 3473 5013 ca-

1834 5049 2049 5105 tholica
2080 5047 2493 5111 Ecclesia,eum
2522 5047 2580 5101 in
2613 5063 2727 5119 quo
2760 5046 2915 5101 venit
2936 5046 3129 5102 divina
3156 5047 3471 5119 Sapientia,

1836 5143 2039 5195 natum
2071 5153 2199 5192 esse
2228 5137 2299 5191 de
2327 5136 2550 5207 virgine
2575 5152 2587 5190 :
2624 5152 2756 5191 cum
2787 5152 2887 5191 vos
2917 5152 3051 5191 eum
3082 5135 3140 5189 in
3165 5152 3280 5208 quo
3300 5135 3474 5206 Spiri-

1835 5232 1963 5284 tum
1992 5232 2258 5282 sanctum
2292 5225 2521 5280 venisse
2555 5224 2895 5303 przedicalis,
2920 5229 3122 5279 natum
3148 5225 3219 5279 de
3258 5223 3476 5280 femina

1836 5318 1957 5373 viro
1980 5317 2161 5371 mixta
2182 5314 2325 5370 nihil
2353 5315 2655 5370 horreatis.
2690 5315 2834 5378 Quid
2858 5330 2994 5385 ergo
3019 5313 3176 5369 aliud
3214 5314 3479 5384 suspicer

1839 5405 2173 5471 nescio,nisi
2205 5404 2343 5475 quia
2371 5403 2478 5459 iste
2510 5402 2992 5474 Manichzeus,qui
3023 5419 3124 5473 per
3149 5402 3361 5459 Christi
3385 5419 3483 5459 no-

1841 5512 1974 5551 men
2007 5494 2075 5548 ad
2108 5492 2515 5565 imperitorum
2566 5493 2794 5547 animos
2842 5490 3068 5546 aditum
3118 5490 3345 5563 quaerit,
3379 5508 3483 5564 pro

1840 5583 2071 5641 Christo
2104 5582 2228 5653 ipso
2260 5597 2323 5637 se
2353 5580 2461 5636 coli
2494 5580 2820 5636 voluit.Hoc
2840 5580 2997 5636 unde
3018 5580 3485 5651 conjiciam,bre-

1840 5673 1988 5728 viter
2017 5669 2387 5727 dicam.Cum
2421 5685 2569 5740 saepe
2602 5686 2633 5723 a
2663 5668 2824 5725 vobis
2853 5685 3173 5740 quaererem
3204 5668 3304 5725 illo
3333 5673 3488 5726 tem-

1910 5792 1928 5824 ί
1959 5788 2113 5844 Editi,
2145 5800 2336 5835 necesse
2364 5789 2435 5834 est
2465 5786 2521 5833 ut
2549 5783 2695 5834 nobis
2721 5784 3106 5836 concedatMss.
3136 5799 3490 5845 vero,necesse

1844 5855 1918 5903 est
1945 5850 2083 5901 vobis
2110 5848 2365 5899 concedat.

1908 5915 1931 5951 ³
1958 5913 2044 5964 Sic
2070 5912 2323 5964 meliores
2350 5911 2475 5963 Mss.
2510 5909 2648 5963 Editi
2674 5921 2821 5971 vero,
2850 5908 3066 5962 homini.
