4638 6474
124 448 233 510 181

124 581 391 638 recedam
426 596 437 635 :
473 580 705 652 suscepi
738 579 892 635 enim
927 579 1090 652 prius
1118 580 1421 637 vobiscum
1455 583 1537 637 sic
1578 599 1767 655 agere,

126 678 186 727 ut
216 688 332 725 non
364 686 470 741 ego
494 687 597 725 vos
618 672 878 736 doceam,
902 671 1057 740 quod
1081 672 1396 741 superbum
1427 672 1668 726 fortasse
1686 690 1773 725 ar-

127 760 456 826 bitramini;
491 760 589 813 sed
616 763 893 829 tanquam
930 760 1052 829 ipse
1085 776 1117 813 a
1163 760 1324 814 vobis
1355 761 1574 815 discere
1607 761 1769 815 stud-

128 848 452 920 eam,quod
485 864 687 902 novem
722 848 892 901 annis
917 865 1027 902 non
1064 848 1241 919 potui.
1276 850 1636 920 QuaprOpter
1664 850 1765 903 ha-

129 939 231 993 beo
281 938 499 1009 quibus
545 936 777 992 Litteris
826 937 1057 990 credam
1090 938 1159 990 de
1214 938 1461 991 adventu
1517 937 1766 1008 Spiritus

131 1026 332 1096 sancti,
368 1026 586 1097 quibus
619 1040 708 1079 me
732 1025 960 1079 credere
985 1025 1032 1078 si
1068 1025 1406 1095 prohibetis,
1444 1043 1515 1079 ne
1556 1032 1769 1081 temere

128 1116 354 1171 credam
377 1115 534 1187 quod
567 1113 782 1179 nescio;
807 1113 891 1167 sic
911 1113 1063 1168 enim
1088 1114 1285 1168 soletis
1308 1131 1562 1180 monere;
1588 1114 1769 1169 multo

129 1206 318 1259 minus
348 1204 557 1258 vestris
585 1202 795 1257 litteris
824 1204 1077 1257 credam.
1113 1204 1320 1267 Quare;
1352 1210 1453 1257 aut
1483 1220 1685 1257 omnes
1706 1202 1771 1256 li-

124 1295 285 1348 bros‘
316 1295 544 1349 auferte
577 1293 647 1348 de
684 1291 894 1356 medio,
929 1297 985 1345 et
1016 1292 1370 1362 disputando
1406 1292 1645 1361 pandite
1675 1307 1769 1346 ve-

125 1384 372 1451 ritatem,
434 1383 503 1437 de
563 1398 679 1453 qua
728 1381 999 1435 dubitare
1050 1398 1162 1435 non
1212 1382 1597 1450 possimzaut
1627 1380 1769 1435 tales

125 1473 374 1543 proferte
405 1470 611 1537 libros,
659 1470 873 1542 quibus
916 1485 1028 1524 non
1062 1468 1207 1523 mihi
1258 1486 1390 1523 cum
1439 1470 1771 1540 arrogantia

124 1560 458 1633 imponatur
486 1560 641 1631 quod
674 1560 927 1625 credam,
949 1559 1045 1613 sed
1066 1558 1405 1613 exhibentur
1425 1558 1550 1613 sine
1570 1559 1770 1613 fraude

126 1651 275 1722 quod
308 1650 556 1705 discam.
591 1648 875 1714 Fortasse,
898 1646 1116 1718 inquis,
1153 1653 1209 1701 et
1239 1648 1356 1701 haec
1388 1646 1635 1717 epistola
1668 1651 1758 1701 ta-

128 1740 198 1796 lis
225 1743 332 1795 est'
370 1737 513 1797 Nolo
547 1754 681 1809 ergo
707 1737 767 1791 in
785 1737 913 1807 ejus
934 1736 1133 1791 limine
1158 1736 1403 1791 ulterius
1423 1736 1722 1790 immorari
1750 1753 1763 1790 :

128 1831 398 1884 interiora
428 1827 755 1883 videamus.

191 1917 419 1975 CAPUT
456 1917 550 1972 XI.
573 1947 643 1957 -ο
667 1916 752 1969 12.
781 1916 1065 1970 Veritatem
1096 1915 1385 1986 pollicetur
1414 1915 1763 1984 Manichacus,

124 2023 226 2062 non
253 2007 490 2061 exhibet.
510 2036 575 2045 —
593 2005 719 2061 Haec
736 2006 883 2069 sunt,
900 2006 1099 2074 inquit,
1116 2003 1361 2057 salubria
1384 2004 1563 2072 verba,
1587 2019 1658 2057 ex
1678 2018 1767 2069 pe-

122 2096 275 2152 renni
300 2112 366 2151 ac
394 2097 516 2149 vivo
536 2097 722 2165 fonte;
757 2110 877 2164 qua:
902 2095 1000 2163 qui
1027 2094 1290 2155 audierit,
1322 2096 1372 2146 et
1402 2092 1600 2146 eisdem
1643 2093 1764 2161 pri-

120 2203 265 2241 mum
291 2185 610 2253 crediderit,
658 2182 853 2239 deinde
909 2198 1035 2254 qua?
1086 2184 1374 2236 insinuant
1423 2181 1763 2247 custodierit,

121 2292 398 2346 nunquam
429 2276 538 2330 erit
576 2274 743 2328 morti
768 2273 1057 2341 obnoxius,
1090 2288 1281 2326 verum
1327 2279 1526 2325 aeterna
1560 2275 1608 2324 et
1649 2271 1762 2340 glo-

123 2368 263 2420 riosa
289 2366 408 2419 vita
439 2364 691 2435 fruetur.
727 2364 868 2417 Nam
897 2363 1137 2431 profecto
1168 2360 1353 2415 beatus
1400 2362 1476 2414 est
1499 2360 1763 2430 judican-

126 2453 239 2519 dus,
275 2455 370 2525 qui
418 2453 523 2507 hac
553 2451 743 2506 divina
792 2453 1087 2505 instructus
1115 2450 1417 2519 cognitione
1446 2448 1639 2521 fuerit,
1668 2464 1768 2519 per

126 2560 278 2615 quam
295 2543 560 2597 liberatus
581 2542 641 2595 in
660 2542 998 2610 sempiterna
1022 2541 1132 2593 vita
1146 2538 1511 2607 permanebit.
1532 2538 1601 2591 Et
1621 2536 1762 2603 hinc,

128 2636 188 2686 ut
213 2632 442 2697 videtis,
479 2629 819 2703 pollicitatio
851 2633 958 2695 est,
993 2628 1251 2682 nondum
1303 2626 1581 2681 exhibitio
1624 2625 1766 2679 veri-

136 2720 259 2777 t'atis
286 2738 301 2775 :
333 2727 392 2777 et
421 2738 525 2775 vos
556 2735 785 2791 quoque
815 2718 1278 2773 animadvertere
1310 2716 1581 2770 facillime
1606 2720 1765 2787 pote-

133 2810 251 2874 stis,
286 2810 395 2865 isto
426 2808 716 2863 velamine
746 2806 1038 2878 quoslibet
1083 2822 1308 2860 errores
1353 2806 1533 2859 fucari
1576 2820 1765 2875 posse,

131 2903 191 2953 ut
220 2898 627 2970 imperitorum
659 2895 871 2950 animis
901 2911 1003 2966 per
1033 2899 1297 2965 ornatam
1324 2894 1567 2964 januam
1592 2893 1765 2947 laten-

129 2992 209 3042 ter
234 2987 513 3059 irrepant.
554 2985 612 3041 Si
645 2986 798 3040 enim
848 2984 1256 3039 diceretzllaec
1308 2988 1447 3038 sunt
1496 2983 1770 3054 pestifera

128 3076 311 3139 verba,
345 3093 414 3131 ex
447 3091 736 3130 venenoso
760 3074 953 3140 fonte;
987 3090 1114 3144 qua;
1138 3072 1234 3143 qui
1266 3072 1536 3137 audierit,
1570 3077 1624 3125 et
1655 3070 1766 3125 eis-

130 3166 251 3220 dem
279 3166 538 3234 primum
568 3162 1117 3230 crediderit,deinde
1150 3178 1276 3232 qum
1308 3160 1609 3215 insinuant
1637 3177 1765 3214 cus-

129 3254 376 3319 todierit,
436 3269 742 3324 nunquam
775 3251 883 3305 erit
929 3252 1055 3304 vitaz
1103 3249 1518 3315 restituendus,
1565 3264 1767 3303 verum

132 3343 325 3413 prenali
358 3348 417 3398 et
447 3358 781 3396 aerumnosa
812 3344 994 3394 morte
1025 3338 1313 3393 afficietur
1333 3340 1490 3409 (nam
1518 3339 1768 3410 profecto

132 3432 299 3487 miser
329 3430 824 3501 estjudicandus,
869 3429 967 3499 qui
1020 3429 1127 3482 hac
1173 3428 1397 3482 inferna
1434 3427 1769 3498 implicatus

130 3521 415 3592 imperitia
442 3520 638 3588 fuerit,
672 3535 771 3590 per
800 3534 975 3589 quam
1009 3518 1315 3572 demersus
1368 3517 1427 3570 in
1466 3517 1769 3586 sempiter-

134 3609 217 3664 nis
246 3609 607 3665 cruciatibus
640 3607 1053 3679 permanebit);
1096 3608 1145 3660 si
1190 3622 1325 3677 ergo
1372 3606 1481 3660 hoc
1533 3606 1767 3671 diceret,

134 3715 323 3754 verum
356 3700 617 3754 diceret:
644 3698 744 3753 sed
777 3696 923 3751 libro
956 3695 1089 3751 huic
1124 3712 1258 3750 nom
1292 3694 1483 3750 solum
1539 3694 1767 3748 nullum

134 3788 457 3844 conciliaret
489 3786 769 3842 lectorem
784 3803 806 3847 ;
838 3787 936 3841 sed
961 3802 1163 3841 omnes
1194 3785 1251 3839 in
1286 3801 1532 3855 quorum
1559 3800 1768 3838 manus

135 3876 447 3947 incidisset,
486 3876 547 3931 in
581 3874 837 3930 maxima
869 3874 1001 3929 odia
1023 3874 1355 3929 concitaret.
1379 3874 1767 3937 Quamobrem

137 3966 200 4019 ad
223 3967 644 4038 consequentia
663 3969 1055 4018 transeamus.
1091 3978 1195 4017 nec
1219 3979 1324 4017 nos
1346 3962 1461 4017 ista
1478 3962 1772 4032 decipiant

136 4070 251 4125 quae
276 4059 533 4127 possunt
555 4070 682 4109 esse
706 4052 874 4108 bonis
895 4057 951 4107 et
978 4050 1167 4114 malis,
1199 4051 1387 4106 doctis
1418 4056 1475 4106 et
1521 4051 1771 4105 indoctis

136 4146 301 4199 verba
329 4143 690 4199 communia.
712 4142 859 4205 Quid
892 4157 1024 4211 ergo
1056 4140 1321 4212 sequitur
1345 4144 1367 4195 Ρ

206 4234 287 4288 13.
321 4235 463 4299 Pax,
488 4231 702 4303 inquit,
729 4233 835 4285 Dei
854 4228 1188 4293 invisibilis,
1221 4237 1271 4285 et
1300 4230 1545 4284 veritatis
1572 4231 1775 4285 notitia

138 4324 206 4377 sit
232 4339 352 4377 cum
376 4322 621 4396 [ratibus
650 4320 855 4374 sanctis
889 4322 937 4374 et
959 4317 1321 4383 charissimis,
1361 4319 1457 4389 qui
1492 4318 1774 4373 mandatis

142 4411 444 4467 aetatibus
474 4409 701 4466 credunt
719 4409 933 4480 pariter
956 4412 1116 4478 atque
1133 4407 1460 4461 deserviunt.
1489 4408 1569 4461 Ita
1594 4408 1689 4471 sit,
1714 4411 1777 4461 ut

145 4500 292 4555 dicit.
328 4501 474 4555 Nam
517 4503 576 4553 et
600 4498 711 4552 ista
732 4497 983 4568 benigna
1018 4501 1072 4550 et
1107 4495 1515 4566 acceptissima
1557 4495 1776 4566 optatio

143 4596 241 4645 est.
261 4591 514 4645 Tantum
548 4586 990 4642 meminerimus
1004 4584 1126 4639 haec
1148 4590 1204 4639 et
1218 4602 1250 4638 a
1263 4584 1429 4639 bonis
1444 4585 1777 4640 doctoribus

145 4685 197 4734 et
218 4696 249 4733 a
268 4676 678 4750 deceptoribus
698 4674 811 4729 dici
835 4675 1233 4745 posse.ltaque
1252 4674 1297 4728 si
1324 4674 1484 4729 nulla
1508 4674 1614 4729 nisi
1640 4673 1779 4729 talia

142 4767 366 4835 diceret,
400 4766 675 4823 omnibus
705 4763 1014 4836 legendum
1064 4768 1119 4817 et
1147 4762 1615 4833 amplectendum
1654 4780 1780 4819 esse

148 4858 536 4913 concederem.
563 4854 677 4909 Nec
698 4852 797 4908 illa
819 4870 944 4924 quis
968 4852 1157 4906 adhuc
1181 4859 1529 4923 sequuntur,
1559 4854 1777 4923 impro-

149 4943 713 5015 bavsrim:adjungit
733 4942 909 5009 enim,
930 4940 1032 4997 Sed
1059 4950 1112 4995 et
1141 4942 1367 4996 dextera
1387 4943 1614 4996 luminis
1636 4946 1783 4997 tuea-

150 5039 298 5090 turet
317 5036 523 5105 eripiat
558 5048 646 5087 vos
675 5032 741 5084 ab
763 5032 917 5086 omni
955 5032 1326 5085 incursatione
1351 5032 1651 5099 maligna“,
1670 5040 1720 5087 μι
1750 5049 1784 5086 a

153 5122 349 5194 laqueis
371 5122 584 5177 mundi.
610 5122 677 5175 Et
699 5120 935 5175 omnino
958 5120 1240 5189 quidquid
1261 5118 1318 5173 in
1341 5120 1783 5191 hujusepistolaa

155 5212 435 5284 principio
468 5210 755 5282 scriptum
788 5213 895 5274 est,
930 5209 1111 5262 donec
1132 5208 1396 5263 veniatur
1426 5210 1494 5263 ad
1524 5226 1781 5277 causam,

153 5300 275 5356 nolo
308 5300 757 5372 reprehendere,
784 5314 854 5352 ne
880 5296 938 5352 in
972 5298 1144 5351 rebus
1180 5297 1502 5353 minoribus
1534 5298 1783 5353 multum

156 5406 327 5461 operis
362 5393 769 5445 consumatur.
803 5386 934 5441 Jam
962 5401 1097 5456 ergo
1131 5386 1628 5441 evidentissimam
1662 5385 1786 5458 pol-

165 5476 536 5535 licitationem
570 5476 826 5532 hominis
854 5474 1177 5530 videamus.

230 5567 455 5625 CAPUT
480 5568 674 5622 Xll.—
702 5566 785 5620 14.
824 5565 1191 5619 Deliramenta
1210 5564 1792 5623 Manichaeiﬁrzlium

220 5816 502 5877 ’Eliti,aut
521 5816 712 5865 vestros
732 5812 892 5877 libros
912 5826 1097 5861 omnes.
1116 5814 1293 5864 Abest.
1308 5816 1511 5871 vestros,
1528 5829 1558 5863 a
1577 5816 1698 5866 Mss.

227 5881 248 5919 Ι
275 5875 604 5932 Corbeisnsis
623 5878 809 5941 codex,
835 5875 902 5928 ab
931 5879 1071 5930 omni
1097 5876 1384 5935 incursione
1412 5877 1661 5943 maligna.

1574 450 1809 510 LIBER
1852 452 2090 516 UNUS.

3408 456 3525 517 182

1881 590 2007 640 ante
2036 589 2232 643 mundi
2259 592 2699 646 constitutionem
2715 590 3075 645 commissum.
3097 619 3166 629 —-
3190 593 3334 645 Deeo
3358 591 3528 659 igitur

1886 673 2093 745 inquit,
2127 683 2303 747 frater
2331 679 2688 734 delectissime
2720 681 2942 733 Pattici‘
2973 679 3037 733 de
3058 694 3161 750 quo
3182 678 3325 732 mihi
3351 678 3525 743 signi-

1881 762 2076 831 ﬁcasti,
2097 766 2299 833 dicens,
2341 770 2497 823 Nosse
2518 773 2566 822 te
2594 783 2788 839 cupere
2816 768 3118 838 cujusmodi
3145 770 3224 821 sic
3266 768 3527 821 nativitas

1883 852 2011 908 Adae
2044 863 2092 907 et
2125 856 2265 923 Eme,
2300 865 2484 911 utrum
2518 858 2675 911 verbo
2705 858 2814 910 sint
2838 856 3001 910 iidem
3047 857 3270 926 prolati,
3301 872 3371 909 an
3403 856 3524 924 pri-

1882 945 2141 1011 mogeniti
2172 961 2239 998 ea:
2282 962 2503 1016 corpore
2543 963 2560 998 :
2594 945 3007 1016 respondebitur
3035 945 3135 999 tibi
3166 953 3223 998 ut
3251 944 3520 1012 congruit.

1878 1031 2119 1101 Namque
2146 1033 2211 1086 (te
2240 1036 2376 1088 tiisa
2403 1036 2676 1104 plerisque
2699 1036 2758 1088 in
2796 1036 2967 1088 variis
2996 1036 3282 1103 scripturis
3299 1033 3525 1087 relatio-

1880 1120 2169 1190 nibusque'
2189 1122 2451 1177 dissimili
2469 1126 2632 1178 modo
2662 1126 2927 1178 insertum
2957 1126 3116 1193 atque
3135 1136 3524 1177 commemora-

1880 1215 1993 1261 tum
2015 1212 2111 1263 est.
2146 1212 2483 1281 Quapropter
2502 1214 2703 1266 veritas
2726 1214 2883 1266 istius
2918 1212 2999 1265 rei
3020 1220 3080 1266 ut
3112 1226 3226 1265 sese
3268 1211 3428 1264 habet
3456 1208 3523 1262 ab

1878 1298 2148 1352 universis
2168 1304 2287 1370 fere
2306 1302 2553 1370 gentibus
2603 1303 2913 1369 ignoratur,
2954 1308 3004 1355 et
3034 1300 3101 1354 ab
3144 1298 3397 1353 omnibus
3429 1298 3524 1368 qui

1878 1387 2039 1439 etiam
2067 1387 2132 1441 de
2152 1388 2249 1442 hoc
2267 1389 2365 1442 diu
2383 1390 2727 1460 multumque
2756 1390 3131 1460 disputarunt.
3157 1387 3218 1442 Si
3237 1390 3383 1443 enim
3409 1386 3522 1441 illis

1875 1490 2037 1544 super
2065 1476 2196 1531 Adw
2225 1480 2273 1530 et
2295 1478 2421 1533 Eva:
2448 1480 2796 1546 generatione
2838 1480 3174 1549 provenisset
3219 1477 3512 1545 manifesto

1876 1579 2210 1635 cognoscere,
2225 1583 2510 1637 nunquam
2530 1569 2863 1637 corruptioni
2893 1575 2943 1622 et
2962 1569 3128 1622 morti
3146 1583 3205 1620 su
3215 1566 3510 1635 bjacerent.

1877 1655 2239 1709 Manifestam
2262 1672 2397 1726 ergo
2422 1655 2811 1727 cognitionem
2843 1656 3014 1726 hujus
3038 1657 3117 1710 rei
3153 1654 3319 1709 nobis
3349 1652 3523 1725 polli-

1874 1750 2056 1809 cetur,
2092 1758 2163 1797 ne
2193 1744 2547 1814 corruptioni
2595 1761 2659 1798 ac
2710 1745 2881 1799 morti
2928 1743 3323 1814 subjiciamur.
3370 1742 3435 1796 Et
3474 1740 3522 1796 si

1874 1832 2064 1885 adhuc
2098 1849 2301 1903 parum
2338 1841 2441 1897 est,
2476 1834 2599 1887 vide
2634 1833 2771 1903 quid
2832 1840 3107 1904 sequatur
3146 1850 3159 1887 :
3200 1832 3521 1887 Necessario

1872 1935 2027 1991 ergo,
2063 1922 2268 1990 inquit,
2298 1923 2464 1991 plura
2493 1925 2617 1977 sunt
2656 1930 2753 1977 ant
2799 1921 3289 1985 commemoranda,
3336 1928 3396 1974 ut
3450 1918 3521 1973 ad

1874 2010 2021 2063 istud
2042 2012 2366 2079 mysterium
2387 2012 2632 2065 sineulla
2650 2013 2821 2081 possit
2834 2012 3196 2081 ambiguitate
3212 2007 3511 2081 perveniri.

1874 2097 1991 2151 Hoc
2023 2107 2104 2153 est
2143 2100 2293 2169 quod
2330 2100 2611 2169 dicebam,
2633 2100 2712 2153 sic
2737 2100 2880 2154 mihi
2901 2098 3282 2155 demonstrari
3309 2098 3516 2153 debere

1871 2186 2191 2251 veritatem,
2225 2192 2285 2243 ut
2314 2189 2384 2242 ad
2402 2189 2668 2243 eamdem
2696 2190 2817 2244 sine
2837 2188 2953 2243 ulla
2974 2188 3355 2259 ambiguitate
3379 2202 3506 2258 per-

1872 2276 2120 2330 veniam.
2155 2277 2313 2341 Quod
2338 2277 2385 2331 si
2431 2278 2553 2349 ipse
2602 2294 2714 2333 non
2758 2277 3144 2349 polliceretur,
3178 2293 3267 2331 me
3314 2281 3508 2331 tamen

1875 2364 1979 2419 hoc
2011 2366 2235 2436 exigere
2264 2370 2321 2419 et
2351 2367 2611 2437 ﬂagitare
2633 2368 2950 2438 oportebat,
2976 2370 3040 2421 ut
3062 2370 3222 2420 tanta
3244 2364 3510 2421 mercede

1875 2454 2225 2524 cognitionis
2273 2454 2715 2509 evidentissima!
2746 2460 2919 2526 atque
2950 2454 3285 2509 certissimae
3319 2470 3386 2508 ex
3416 2469 3509 2508 ca-

1873 2542 2085 2596 tholico
2116 2542 2428 2597 christiano
2451 2542 2812 2613 quibuslibet
2834 2542 3363 2597 contradicentibus
3387 2556 3509 2595 ma-

1873 2628 2159 2684 nichaaum
2194 2647 2287 2685 me
2319 2631 2440 2684 fieri
2468 2648 2581 2686 non
2615 2632 2876 2702 puderet.
2907 2632 3033 2686 Jam
3081 2631 3261 2703 igitur
3310 2629 3511 2685 audia-

1875 2735 2007 2774 mus
2038 2720 2177 2789 quid
2212 2719 2434 2774 afferat.

1948 2809 2029 2862 15.
2071 2808 2216 2864 Unde
2245 2811 2295 2863 si
2324 2810 2423 2863 tibi
2452 2810 2688 2879 videtur,
2715 2809 2922 2881 inquit,
2945 2809 3198 2864 ausculta
3212 2810 3369 2879 prius
3389 2821 3515 2879 qua!

1873 2898 2079 2963 fuerint
2111 2902 2236 2951 ante
2264 2900 2701 2952 constitutionem
2736 2898 2946 2965 mundi,
2970 2906 3020 2953 et
3039 2913 3142 2969 quo
3184 2903 3340 2968 pacto
3364 2911 3513 2968 prx-

1875 2987 2014 3040 tium
2026 2988 2093 3039 sit
2115 2988 2404 3055 agitatum,
2431 2990 2487 3040 ut
2506 2989 2677 3056 possis
2699 2988 2927 3041 luminis
2948 2991 3027 3057 sej
3034 3002 3232 3057 ungere
3252 2994 3513 3041 naturam

1873 3091 1937 3129 ac
1957 3075 2323 3129 tenebrarum.
2349 3076 2478 3130 Jam
2506 3075 2859 3131 incredibilia
2880 3080 2935 3130 et
2956 3076 3098 3131 falsa
3126 3075 3363 3131 omnino
3378 3092 3515 3145 pro-

1876 3164 2085 3236 posuit.
2112 3164 2251 3229 Quis
2272 3163 2425 3218 enim
2448 3165 2643 3219 credat
2664 3170 2795 3219 ante
2815 3165 3291 3221 constitutionem
3310 3162 3515 3218 mundi

1877 3254 2062 3307 ullum
2094 3254 2354 3323 praelium
2379 3253 2554 3308 fuisse
2585 3254 3016 3309 commissum?
3047 3255 3113 3309 Et
3142 3258 3334 3307 tamen
3357 3253 3407 3307 si
3428 3255 3517 3307 est

1876 3341 2169 3410 credibile,
2200 3343 2371 3396 modo
2393 3359 2498 3396 nos
2522 3359 2633 3397 non
2667 3344 2914 3411 credere,
2939 3342 3036 3397 sed
3061 3357 3403 3413 cognoscere
3422 3356 3515 3394 ve—

1879 3432 2097 3485 nimus.
2115 3432 2259 3484 Nam
2286 3432 2385 3501 qui
2418 3431 2559 3485 dicit
2580 3436 2783 3485 Persas
2808 3437 2861 3486 et
2882 3431 3124 3502 Scythas
3147 3435 3277 3485 ante
3305 3428 3519 3484 multos

1876 3536 2061 3574 annos
2084 3536 2280 3574 secum
2310 3519 2578 3586 bellasse,
2601 3535 2720 3574 rem
2752 3520 2894 3573 dicit
2919 3519 3251 3574 credibilem
3279 3536 3292 3585 ;
3328 3534 3518 3573 meam

1877 3614 2070 3664 tamen
2106 3626 2281 3679 quam
2314 3608 2398 3662 vel
2433 3609 2689 3662 auditam
2722 3607 2811 3662 vel
2834 3606 3041 3663 lectam
3066 3624 3379 3679 possumus
3401 3622 3520 3661 cre-

1878 3699 2034 3763 dere,
2069 3715 2180 3751 non
2215 3702 2509 3768 expertam
2534 3696 3133 3767 comprehensamque
3153 3711 3518 3767 cognoscere.

1877 3789 2019 3841 Cum
2052 3803 2186 3857 ergo
2218 3785 2395 3839 istum
2424 3786 2812 3857 repudiarem,
2835 3786 2881 3841 si
2904 3785 3016 3841 tale
3040 3784 3257 3857 aliquid
3281 3785 3516 3851 diceret;

1880 3893 1992 3932 non
2018 3878 2167 3930 enim
2189 3892 2255 3930 ea
2280 3874 2564 3946 promisit,
2589 3892 2715 3945 qua:
2739 3880 2965 3947 cogeret
2996 3876 3247 3939 credere,
3271 3874 3366 3929 sed
3391 3890 3521 3945 qum

1881 3983 2107 4039 possem
2142 3965 2267 4020 sine
2289 3964 2407 4019 ulla
2430 3964 2810 4035 ambiguitate
2834 3980 3177 4034 cognoscere
3199 3964 3518 4035 :quomodo

1881 4073 2011 4111 eum
2052 4072 2163 4109 non
2200 4054 2539 4125 repudiabo,
2573 4054 2803 4123 quando
2838 4070 2949 4108 non
2983 4054 3152 4107 modo
3185 4054 3401 4107 incerta
3427 4052 3518 4106 di-

1882 4145 1979 4213 cit,
2016 4144 2114 4199 sed
2146 4144 2319 4198 etiam
2351 4141 2758 4196 incredibilia?
2788 4142 2895 4197 Sed
2931 4141 3112 4213 quid?
3144 4141 3191 4197 si
3224 4140 3520 4213 aliquibus

1883 4233 2206 4288 rationibus
2237 4248 2305 4285 ea
2334 4230 2641 4301 perspicua
2658 4231 2958 4302 etcognita
2976 4229 3174 4285 faciet?
3196 4231 3521 4285 Audiamus

1882 4338 2040 4394 ergo,
2074 4320 2121 4375 si
2154 4336 2489 4392 possumus,
2526 4335 2661 4373 cum
2705 4324 2826 4375 tota
2870 4320 3151 4391 patientia
3181 4324 3239 4374 et
3286 4318 3523 4374 lenitate

1885 4410 2037 4482 quod
2064 4408 2339 4479 sequitur.

1954 4500 2190 4555 CAPUT
2208 4498 2429 4552 XlII.—
2456 4500 2540 4553 16.
2570 4503 2709 4555 Duae
2732 4498 3061 4554 substantiae
3080 4498 3397 4555 contrariae.
3423 4497 3525 4551 Re-

1884 4606 2051 4660 gnum
2080 4588 2327 4642 luminis.
2348 4591 2556 4643 Incerta
2587 4603 2681 4657 pro
2710 4589 2869 4642 certis
2900 4586 3046 4641 tradi
3066 4604 3099 4641 a
3129 4585 3526 4643 Manichea—

1889 4680 2012 4734 Hzec
2040 4676 2545 4749 quippe,inquit,in
2568 4676 2789 4731 exordio
2806 4676 3182 4745 fuerunt,du.2
3202 4675 3526 4731 substantia?

1887 4785 1919 4821 a
1932 4767 2290 4822 sessedivisae.
2300 4768 2361 4820 Et
2374 4768 2545 4821 tumin
2556 4768 2601 4820 is
2614 4782 2642 4836 q
2652 4766 2831 4819 uiztem
2847 4766 3146 4836 imperium
3160 4764 3373 4819 tenebat
3386 4765 3528 4818 Deus

1888 4858 2048 4911 Pater
2070 4858 2125 4909 in
2146 4872 2243 4909 sua
2259 4860 2443 4910 sancta
2467 4858 2632 4925 stirpe
2649 4859 2959 4925 perpetuus,
2985 4857 3044 4909 in
3074 4856 3281 4907 virtute
3301 4856 3523 4921 magni-

1888 4948 2041 5017 ﬁcus,
2074 4955 2272 5000 natura
2320 4946 2439 5015 ipsa
2484 4960 2659 5008 verus,
2690 4945 2998 4998 aeternitate
3041 4942 3267 5014 propria
3314 4956 3527 5007 semper

1888 5035 2193 5099 exsultans,
2235 5035 2559 5088 continens’
2617 5033 2760 5104 apud
2788 5048 2843 5087 se
2884 5033 3193 5103 sapentiam
3233 5034 3284 5085 et
3338 5045 3527 5084 sensus

1890 5124 2125 5179 vitales:
2154 5139 2254 5193 per
2282 5139 2411 5193 quos
2431 5125 2449 5157 ⁴
2480 5124 2650 5177 etiam
2695 5121 2976 5175 duodecim
3010 5119 3253 5175 membra
3297 5120 3529 5173 luminis

1890 5214 1981 5268 sui
2008 5211 2441 5278 comprehendit,
2470 5213 2628 5281 regni
2669 5210 2924 5265 videlicet
2950 5209 3166 5279 proprii
3193 5207 3412 5263 divitias
3441 5210 3529 5279 af-

1892 5303 2137 5371 ﬂuentes.
2172 5302 2229 5355 In
2261 5315 2582 5372 unoquoque
2624 5302 2805 5354 autem
2850 5297 3223 5353 membrorum
3261 5298 3379 5369 ejus
3406 5305 3537 5355 sunt

1963 5507 1975 5538 ¹
1998 5502 2483 5561 Editi,dilectissime
2506 5501 2703 5550 audisti
2719 5502 2880 5551 Vetus
2901 5498 3067 5549 codex
3084 5500 3389 5551 Corbeinsis
3415 5505 3539 5553 ante

1898 5566 2039 5615 mille
2070 5580 2240 5615 annos
2261 5562 3237 5626 scriptus,|oco,audisti.babet,Pattici
3253 5579 3271 5613 :
3292 5563 3428 5614 forte
3449 5579 3542 5615 no-

1898 5644 2023 5678 men
2054 5631 2191 5677 illius
2221 5630 2305 5679 cui
2336 5629 2615 5690 Epistulam
2646 5628 2792 5690 dedit
2826 5628 3169 5690 Manicbmus.

1962 5694 1982 5727 9
2016 5694 2133 5741 Am.
2158 5697 2211 5739 et
2242 5688 2417 5753 plures
2448 5696 2583 5747 .\-lss.,
2614 5688 3122 5753 revetationibusque.

1962 5756 1983 5789 ³
2012 5756 2096 5803 Sic
2128 5751 2261 5827 Mss.‘
2298 5754 2432 5803 Editi
2468 5766 2624 5827 ‘vero,
2673 5754 2962 5800 eternitate
2991 5751 3203 5817 prppria
3254 5751 3540 5812 exsultans,

1901 5818 2563 5944 “esseesset...
2591 5890 2763 5942 σα...
