4638 6478
766 440 881 501 183

764 575 1046 631 recondita
1074 574 1257 630 millia
1287 575 1777 629 innumerabilium
1798 583 1847 629 et
1870 576 2257 630 imnzcnsorum
2290 576 2409 629 the-

763 681 1075 720 saurorum.
1111 669 1232 735 Ipse
1264 681 1389 719 vero
1448 666 1614 719 Pater
1643 666 1703 718 in
1747 680 1845 719 sua
1887 664 2045 719 laude
2081 666 2413 735 pracipuus,

763 753 1147 821 magnitudine
1193 753 1782 823 inrompreheusilnlis,
1832 754 2091 823 capulata
2122 754 2280 809 habet
2307 753 2416 807 sibi

765 840 922 897 beata
946 850 996 896 et
1018 843 1254 911 gloriosa
1277 842 1501 912 saecula,
1530 859 1700 913 neque
1722 858 1968 911 numero,
1992 859 2167 914 neque
2184 844 2414 913 prolixi-

762 935 875 987 tate
901 932 1258 999 aestimanda,
1291 948 1413 985 cum
1435 934 1629 1003 quibus
1659 933 1808 987 idem
1827 932 2056 986 Sanctus
2077 937 2235 1003 atque
2256 933 2409 987 illus-

761 1023 867 1075 tris
899 1022 1064 1075 Pater
1090 1031 1145 1075 et
1172 1023 1386 1089 genitor
1413 1022 1577 1091 degit,
1611 1022 1766 1076 nullo
1807 1023 1868 1075 in
1897 1024 2082 1091 regnis
2123 1022 2241 1082 eius
2271 1022 2409 1076 insi-

760 1109 964 1179 gnibus
993 1114 1085 1164 aut
1116 1110 1396 1180 indigente
1424 1118 1519 1164 aut
1544 1110 1762 1179 inﬁrmo
1792 1111 2102 1164 constituto.
2124 1111 2205 1165 Ita
2226 1115 2413 1164 autem

760 1197 998 1268 fundata
1024 1202 1151 1253 sunt
1171 1200 1419 1270 ejusdem
1447 1198 1895 1268 splendidissima
1920 1215 2097 1266 regna
2135 1214 2305 1269 supra
2334 1198 2414 1252 lu-

763 1285 941 1341 cidam
972 1289 1022 1341 et
1054 1286 1267 1341 beatam
1296 1291 1526 1354 terram,
1560 1290 1616 1341 at
1656 1303 1689 1341 a
1713 1286 1870 1340 nullo
1900 1303 2144 1358 unquam
2171 1294 2268 1342 aut
2297 1302 2411 1342 mo-

760 1376 879 1431 veri
905 1381 1000 1430 aut
1028 1377 1247 1432 concuti
1273 1378 1504 1447 possint.

836 1482 921 1536 17.
955 1486 1085 1537 Haec
1118 1480 1259 1536 mihi
1292 1483 1443 1536 unde
1471 1481 1823 1552 probaturus
1863 1486 1971 1549 est,
2005 1487 2108 1538 aut
2138 1483 2256 1537 haec
2286 1483 2410 1555 ipse

763 1570 917 1626 unde
950 1570 1211 1642 cognovit
1234 1571 1261 1624 ?
1301 1570 1428 1625 Noli
1460 1588 1552 1625 me
1586 1576 1796 1643 terrere
1838 1571 2117 1627 Paracleti
2153 1574 2406 1628 nomine.

758 1661 973 1729 Primo,
998 1659 1136 1729 quia
1173 1676 1284 1715 non
1309 1661 1542 1715 credere
1574 1660 1887 1731 incognita,
1915 1661 2015 1716 sed
2034 1665 2191 1716 certa
2204 1678 2409 1734 cogno-

757 1766 919 1805 scere
949 1749 1188 1815 accessi,
1224 1767 1255 1803 a
1279 1750 1438 1804 vobis
1466 1749 1577 1820 ipsi
1602 1750 1789 1804 factus
1817 1750 2091 1805 timidior.
2116 1749 2229 1805 Vos
2252 1751 2405 1806 enim

761 1840 969 1904 nostis,
1013 1845 1228 1893 temere
1277 1839 1646 1893 credentibus
1675 1855 1851 1910 quam
1899 1838 2267 1894 vehementer
2312 1840 2405 1894 in-

759 1926 979 1984 sultare
1004 1927 1242 1982 soleatis
1276 1943 1288 1982 :
1324 1927 1641 1997 praesertim
1675 1944 1808 1982 cum
1841 1927 1986 1999 ipse,
2019 1926 2121 1998 qui
2144 1929 2266 1998 jam
2294 1946 2403 1983 cm-

760 2016 849 2089 pit
877 2016 1097 2071 incerta
1129 2032 1387 2085 narrare,
1410 2015 1650 2086 plenam
1699 2032 1764 2071 ac
1814 2016 2046 2071 ﬁrmam
2097 2017 2401 2073 scientiam

759 2104 934 2177 paulo
966 2112 1096 2160 ante
1128 2105 1479 2176 promiserit.

833 2211 1071 2268 CAPUT
1101 2212 1323 2266 XlV.—
1339 2212 1910 2266 Pollicebaturrerum
1931 2216 2205 2267 certarum
2216 2214 2400 2284 cogni-

761 2301 984 2372 tionem,
1016 2304 1069 2355 et
1100 2302 1340 2371 imperat
1370 2301 1704 2356 incertarum
1752 2301 1936 2371 ﬁdem.
1970 2301 2207 2373 Deinde,
2257 2320 2399 2373 quo-

759 2388 917 2444 niam
951 2388 1000 2443 si
1031 2389 1176 2443 mihi
1208 2389 1352 2444 fides
1373 2388 1714 2460 imperanda
1733 2391 2035 2462 est,magis
2057 2406 2149 2445 me
2180 2395 2400 2446 teneret

756 2476 861 2532 illa
891 2476 1210 2549 Scriptura,
1246 2477 1344 2532 ubi
1378 2475 1525 2549 lego,
1551 2477 1777 2533 venisse
1798 2478 2079 2550 Spiritum
2100 2485 2396 2547 sanctum,

750 2569 809 2621 et
837 2565 1142 2636 Apostolos
1174 2565 1493 2637 inspirasse
1524 2567 1663 2637 (Act.
1715 2580 1787 2633 n,‘
1815 2567 1943 2637 1-4),
1998 2568 2211 2639 quibus
2261 2586 2395 2625 eum

748 2652 1036 2711 Dominus
1067 2671 1129 2710 se
1159 2654 1481 2710 missurum
1513 2671 1641 2711 esse
1671 2655 2018 2727 promiserat
2055 2659 2232 2725 (Joan.
2279 2675 2393 2723 x1v,

750 2743 837 2811 16,
868 2744 980 2814 26).
1014 2744 1392 2815 Quapropter,
1425 2748 1525 2798 aut
1570 2760 1637 2799 ea
1666 2762 1791 2815 quae
1838 2745 1980 2800 dicit
2029 2746 2211 2816 proba
2249 2746 2392 2802 mihi

745 2848 881 2888 vera
913 2848 1059 2898 esse,
1087 2836 1153 2886 ut
1183 2833 1457 2887 ostendas
1501 2849 1624 2904 qua:
1665 2850 1778 2888 non
1824 2850 2065 2905 possum
2116 2836 2391 2903 credere;

748 2925 850 2977 aut
879 2938 1013 2977 eum
1046 2920 1147 2993 qui
1180 2921 1341 2989 dicit,
1384 2923 1567 2992 proba
1600 2922 1741 2976 mihi
1789 2922 2073 2993 Spiritum
2122 2930 2391 2979 sanctum

747 3025 896 3075 esse,
948 3015 1011 3065 ut
1058 3011 1289 3065 credam
1348 3027 1474 3080 quae
1526 3028 1639 3065 non
1688 3015 1848 3082 potes
1903 3012 2228 3068 ostendere.
2275 3014 2392 3085 Ego

746 3115 1004 3167 namque
1034 3098 1381 3153 catholicam
1437 3099 1609 3154 ﬁdem
1644 3100 1936 3170 profiteor,
1984 3105 2040 3155 et
2088 3117 2190 3173 per
2232 3101 2391 3157 illam

746 3201 842 3242 me
872 3176 942 3242 ad
974 3190 1193 3242 certam
1228 3187 1531 3242 scientiam
1574 3194 1984 3259 perventurum
2015 3207 2144 3246 esse
2174 3208 2389 3260 praesu-

745 3276 889 3345 mo;:
924 3280 985 3330 tu
1018 3292 1150 3331 vero
1183 3277 1280 3347 qui
1311 3277 1487 3332 fidem
1519 3294 1705 3333 meam
1753 3277 2095 3334 labefactere
2142 3280 2390 3350 conaris,

744 3368 961 3420 certam
993 3365 1274 3420 scentiam
1307 3367 1490 3435 trade,
1524 3368 1571 3421 si
1607 3370 1769 3438 potes
1797 3385 1810 3434 ;
1844 3373 1910 3422 ut
1965 3369 2023 3423 id
2082 3371 2234 3440 quod
2276 3386 2391 3426 cre-

740 3454 885 3522 didi,
914 3459 1132 3510 temere
1165 3471 1258 3510 me
1314 3455 1637 3511 credidisse
1686 3457 2023 3513 convincas.
2088 3460 2206 3514 Duo
2253 3466 2392 3515 sunt

740 3558 868 3615 quas
900 3543 1045 3598 mihi
1083 3545 1304 3615 profers
1341 3561 1352 3600 :
1389 3562 1573 3600 unum
1605 3561 1741 3601 cum
1775 3546 1923 3601 dicis
1944 3547 2229 3618 Spiritum
2253 3566 2387 3604 san-

741 3636 900 3687 ctum
932 3648 1062 3688 esse
1092 3633 1192 3703 qui
1227 3633 1506 3705 loquitur,
1530 3639 1586 3690 et
1609 3634 2389 3703 alterum,cumdicismani-

741 3723 867 3776 esta
895 3736 1022 3776 esse
1054 3737 1181 3792 quae
1214 3722 1493 3792 loquitur.
1542 3724 1862 3795 Utrumque
1893 3724 1997 3779 abs
2029 3729 2081 3779 te
2112 3725 2240 3781 sine
2272 3725 2392 3780 ulla

741 3809 1104 3864 dubitatione
1138 3826 1484 3881 cognoscere
1517 3811 1690 3866 debui
1711 3828 1721 3865 :
1741 3812 1840 3867 sed
1864 3828 1977 3867 non
2003 3829 2134 3867 sum
2158 3830 2388 3881 avarus;

746 3914 934 3953 unum
969 3897 1175 3952 horum
1210 3900 1369 3954 doce.
1424 3898 1677 3955 Ostende
1727 3900 1881 3955 hunc
1921 3916 2048 3956 esse
2080 3886 2388 3973 ‘Spiritum

741 3995 1031 4053 sanctum,
1056 3991 1114 4041 et
1144 3988 1377 4042 credam
1403 4005 1534 4043 vera
1566 4005 1694 4045 esse
1724 4006 1851 4060 quae
1883 3990 2043 4061 dicit,
2069 3996 2124 4045 et
2154 3992 2387 4047 credam

739 4075 1024 4146 Spiritum
1056 4081 1321 4131 sanctum
1358 4093 1505 4143 esse,
1531 4077 1760 4133 etiamsi
1786 4079 2064 4133 nesciam.
2090 4080 2389 4152 Numquid

742 4164 969 4235 aquius
1000 4169 1100 4219 aut
1129 4165 1566 4221 benevolentius
1595 4171 1788 4221 tecum
1821 4167 1912 4239 agi
1939 4169 2170 4238 potest?
2199 4170 2388 4225 Sedtu

739 4268 847 4308 nec
878 4252 986 4307 hoc
1021 4270 1125 4308 nec
1156 4253 1298 4307 illud
1326 4253 1479 4309 vales
1512 4256 1838 4311 ostendere.
1874 4256 2029 4311 Nihil
2064 4256 2222 4312 aliud
2270 4258 2385 4315 ele-

739 4341 899 4413 gisti,
932 4342 1046 4397 nisi
1104 4340 1345 4399 laudare
1402 4345 1557 4415 quod
1607 4344 1814 4411 credis,
1864 4349 1919 4400 et
1960 4344 2200 4402 irridere
2231 4350 2385 4419 quod

739 4431 1080 4485 credo.Cum
1104 4431 1281 4503 igitur
1304 4432 1477 4487 etiam
1503 4449 1603 4502 ego
1625 4432 1881 4488 vicissim
1906 4433 2215 4491 laudavero
2233 4438 2383 4506 quod

739 4520 934 4583 credo,
967 4525 1025 4574 et
1053 4522 1205 4591 quod
1253 4521 1440 4576 credis
1486 4521 1758 4589 irrisero;
1811 4522 1949 4593 quid
2001 4529 2168 4595 putas
2218 4526 2386 4582 nobis

739 4622 867 4662 esse
889 4608 1302 4678 judicandum,
1322 4610 1535 4681 quidve
1559 4610 1890 4666 faciendum
1910 4612 2034 4688 nisi
2072 4618 2135 4667 ut
2161 4631 2258 4671 eos
2291 4632 2382 4671 re-

741 4694 1104 4768 linquamus,
1137 4698 1234 4769 qui
1271 4715 1376 4754 nos
1410 4698 1659 4754 invitant
1705 4704 1862 4755 certa
1902 4717 2270 4775 cognoscere,
2330 4709 2386 4760 et

740 4791 944 4858 postea
971 4788 1262 4858 imperant
1289 4792 1353 4842 ut
1380 4788 1595 4843 incerta
1617 4789 1957 4857 credamus;
1978 4794 2034 4844 et
2057 4807 2153 4847 eos
2178 4809 2381 4862 sequa-

739 4889 892 4942 mur,
924 4876 1022 4947 qui
1056 4892 1162 4931 nos
1193 4876 1438 4932 invitant
1469 4878 1628 4949 prius
1658 4878 1908 4946 credere,
1944 4880 2095 4950 quod
2120 4883 2381 4938 nondum

737 4963 1004 5021 valemus
1026 4965 1265 5029 intueri,
1288 4972 1352 5022 ut
1385 4968 1513 5038 ipsa
1543 4967 1655 5021 ﬁde
1674 4966 2015 5024 valentiores
2046 4970 2202 5039 facti,
2227 4973 2381 5043 quod

737 5054 1026 5110 credimus
1045 5055 1367 5125 intelligere
1391 5058 1995 5133 mereamur,,nonjam
2019 5057 2378 5118 hominibus.

737 5142 837 5196 sed
869 5141 996 5213 ipso
1029 5142 1144 5198 Deo
1175 5142 1529 5199 intrinsecus
1562 5134 1814 5202 mentem
1849 5152 2109 5203 nostram
2160 5149 2379 5206 illumi-

732 5235 909 5286 nante
940 5235 1111 5302 atque
1143 5232 1413 5287 ﬁrmante
1434 5233 1461 5286 ?

810 5335 888 5390 18.
918 5336 987 5391 Et
1017 5337 1291 5407 quoniam
1326 5340 1560 5409 quaesivi
1596 5341 1748 5396 unde
1775 5342 1917 5397 mihi
1952 5345 2176 5416 probet,
2222 5364 2377 5403 nunc

728 5440 923 5496 quaero
957 5426 1109 5479 unde
1142 5426 1264 5497 ipse
1296 5430 1647 5500 cognoverit.
1673 5431 1728 5484 Si
1753 5432 1893 5487 dielt
1922 5434 2030 5489 sibi
2061 5453 2187 5492 esse
2219 5454 2374 5493 reve-

727 5512 913 5569 latum
945 5531 978 5568 a
1007 5514 1222 5586 Spiritu
1245 5524 1462 5584 sancto,
1496 5536 1777 5589 suamque
1806 5527 2060 5577 mentem
2094 5526 2374 5582 divinitus

727 5602 1103 5674 illustratam,
1132 5609 1196 5659 ut
1226 5622 1293 5660 ea
1316 5624 1441 5678 quae
1468 5608 1629 5680 dicit,
1656 5614 1809 5665 certa
1840 5616 1897 5666 et
1921 5613 2228 5669 manifesta
2279 5632 2371 5671 co-

729 5698 1052 5764 gnosceret;
1081 5694 1202 5765 ipse
1235 5696 1523 5768 signiﬁcat
1553 5699 1691 5770 quid
1718 5700 1944 5755 intersit
1975 5701 2127 5757 inter
2158 5720 2369 5775 cogno-

726 5786 953 5837 scereet
966 5784 1247 5840 credere.l
1253 5803 1355 5857 pse
1368 5787 1523 5843 enim
1547 5791 1863 5862 cognsocit,
1884 5789 1974 5844 cui
2004 5791 2370 5862 apertissime

723 5868 838 5927 ista
862 5876 1294 5933 monstrantur:
1310 5875 1394 5932 eis
1415 5882 1611 5936 autem
1636 5878 1853 5951 quibus
1870 5878 1991 5935 hac
2009 5884 2225 5953 narrat,
2250 5895 2367 5938 non

1538 442 1850 502 CONTRA
1894 441 2339 503 EPISTOLAM
2386 420 2822 517 MANICI’LEI,
2870 447 2933 502 s.
2978 441 3407 504 AUGUSTINI

4065 442 4187 504 184

2525 573 2913 644 cognitionem
2946 574 3228 645 insinuat,
3263 575 3360 629 sed
3393 573 3798 630 credulitatem
3826 575 4058 632 suadet.
4077 571 4183 632 Cui

2524 664 2791 734 quisquis
2822 668 3037 718 temere
3070 664 3455 730 consenserit,
3490 664 3847 719 Manichacus
3878 664 4138 720 efﬁcitur
4170 684 4185 733 ;

2525 768 2638 807 non
2677 760 2827 807 certa
2858 754 3283 823 cognoscendo,
3317 753 3416 807 sed
3438 753 3659 807 incerta
3690 753 4014 821 credendo;
4040 771 4184 826 qua-

2524 838 2604 894 les
2636 857 2741 896 nos
2776 842 3076 912 imperitos
3096 841 3562 896 adolescentulos
3587 841 3903 912 aliquando
3923 841 4175 915 decepit.

2520 927 2735 983 Debuit
2761 945 2896 1001 ergo
2940 946 3054 984 non
3090 930 3257 983 nobis
3304 929 3561 1001 polliceri
3612 931 3939 997 scientiam,
3987 948 4179 1003 neque

2522 1018 2890 1072 manifestam
2960 1017 3373 1089 cognitionem,
3426 1035 3615 1090 neque
3665 1018 3736 1073 ad
3782 1019 3837 1073 id
3893 1020 4180 1090 queritur

2527 1104 2653 1160 sine
2686 1105 2803 1161 ulla
2834 1107 3211 1178 ambiguitate
3243 1107 3705 1178 perventionem;
3740 1108 3840 1163 sed
3864 1108 4055 1165 dicere
4078 1126 4181 1181 po-

2525 1193 2641 1249 tius
2674 1195 2785 1249 sibi
2816 1196 2932 1250 ista
2962 1212 3087 1251 esse
3137 1200 3479 1266 monstrata,
3532 1195 3663 1251 illos
3713 1202 3906 1252 autem
3957 1198 4177 1269 quibus

2523 1289 2836 1338 narrantur
2857 1285 3089 1339 credere
3122 1284 3235 1339 sibi
3269 1285 3478 1340 debere
3501 1301 3627 1356 quas
3663 1286 3950 1342 nesciunt.
3985 1288 4099 1344 Sed
4122 1288 4176 1343 si

2523 1370 2629 1426 hoc
2660 1371 2895 1445 diceret,
2927 1373 3060 1445 quis
3096 1390 3206 1429 non
3240 1374 3295 1429 ei
3327 1374 3725 1445 responderet.
3759 1374 3818 1430 Si
3851 1391 3987 1448 ergo
4019 1375 4179 1433 inco-

2520 1461 2682 1532 gnita
2710 1462 3040 1517 crediturus
3071 1479 3229 1529 sum,
3260 1479 3365 1518 cur
3414 1480 3526 1518 non
3560 1480 3623 1519 ea
3672 1463 3867 1535 potius
3916 1467 4173 1535 credam,

2520 1566 2650 1621 quae
2676 1551 2794 1619 jam
2828 1550 3214 1606 consensione
3233 1551 3532 1607 doctorum
3557 1553 4047 1625 indoctorumque
4082 1571 4178 1610 ce-

2518 1637 2839 1705 lebrantur,
2873 1656 2975 1712 per
2999 1657 3202 1695 omnes
3255 1640 3501 1712 populos
3532 1641 3881 1712 gravissima
3910 1644 4172 1698 auctori-

2517 1730 2636 1781 tate
2664 1727 2893 1783 ﬁrmata
2923 1729 3109 1784 sunt?
3138 1729 3255 1783 Hoc
3285 1730 3383 1783 ille
3416 1736 3683 1785 metuens
3734 1748 3806 1788 ne
3857 1731 3969 1787 sibi
4013 1732 4172 1789 dice-

2517 1821 2694 1885 retur,
2729 1817 3579 1890 oﬂ'undit_nebulasimperitis;
3602 1821 3860 1891 primum
3884 1819 4171 1893 pollicens

2514 1921 2707 1959 rerum
2741 1915 3031 1961 certarum
3064 1907 3474 1977 cognitionem,
3497 1913 3553 1963 et
3584 1914 3785 1980 postea
3807 1909 4164 1967 incertarum

2512 1992 2808 2066 imperans
2844 1996 3038 2051 fidem.
3070 1996 3171 2051 Cui
3204 2002 3399 2053 tamen
3431 1998 3478 2052 si
3514 1997 3622 2053 hoc
3653 1997 3903 2065 dicatur,
3940 2004 4004 2055 ut
4034 2000 4164 2056 sal-

2510 2087 2627 2138 tem
2659 2083 2744 2139 vel
2775 2083 2884 2139 sibi
2918 2084 3037 2139 haac
3069 2086 3269 2140 doceat
3318 2102 3442 2141 esse
3488 2090 3833 2154 monstrata,
3888 2088 4163 2146 similiter

2510 2172 2725 2240 deficit,
2757 2177 2812 2228 et
2842 2172 2949 2228 hoc
2982 2190 3213 2246 quoque
3244 2180 3308 2229 ut
3338 2176 3646 2231 credamus
3681 2177 3868 2247 jubet.
3903 2178 4044 2243 Quis
4074 2179 4158 2235 fe-

2510 2265 2599 2315 rat
2618 2266 2843 2317 tantam
2878 2262 3168 2318 fallaciam
3193 2268 3535 2336 tantamque
3566 2265 3941 2337 superbiam?

2579 2350 2813 2406 CAPUT
2836 2351 2948 2406 XV.
2983 2383 3051 2392 —
3080 2353 3158 2408 l9.
3193 2354 3309 2408 Non
3354 2355 3530 2408 solum
3560 2356 3792 2422 incerta,
3838 2357 3938 2411 sed
3980 2358 4151 2412 etiam

2504 2441 2652 2510 falsa
2680 2456 2793 2496 esse
2824 2457 2941 2513 qua
2962 2442 3154 2496 tradit.
3188 2442 3624 2497 Deltrameutum
3651 2443 3717 2498 de
3746 2451 3893 2499 terra
3922 2452 3974 2500 et
4000 2451 4160 2516 gente
4256 2486 4257 2489 η

2513 2530 2862 2585 tenebrarum
2884 2531 3043 2597 iuxta
3092 2531 3236 2586 latus
3264 2540 3428 2589 terra?
3470 2535 3676 2589 sanctae
3706 2548 3770 2588 ac
3803 2534 4153 2605 substantiae,

2505 2619 2953 2689 Dei.ConfuIatur
2981 2621 3180 2690 primo,
3214 2623 3308 2675 tua
3330 2623 3539 2675 natura:
3566 2621 3663 2676 Dei
3686 2630 3877 2693 partes
3893 2632 3947 2679 et
3970 2624 4151 2680 latera

2503 2708 2700 2763 tribuit
2732 2711 2997 2779 tanquam
3040 2725 3143 2764 sua
3172 2710 3315 2764 mole
3343 2726 3441 2782 per
3470 2711 3713 2766 locorum
3740 2714 3916 2784 spatia
3947 2712 4161 2769 disten-

2503 2797 2693 2851 datur.
2728 2797 2874 2862 Quid
2910 2815 3023 2852 non
3075 2797 3266 2853 solum
3325 2799 3564 2866 incerta,
3619 2800 3722 2855 sed
3778 2801 3956 2857 etiam
4003 2802 4156 2860 falsa

2502 2901 2631 2940 esse
2661 2902 2784 2955 qua
2815 2885 2977 2951 dicit,
3012 2891 3123 2941 Deo
3155 2892 3209 2942 et
3240 2887 3488 2943 Domino
3531 2893 3728 2944 nostro
3759 2889 3904 2943 mihi
3958 2891 4155 2962 opitu-

2502 2972 2657 3029 lante
2689 2976 3124 3031 monstravere?
3154 2977 3300 3041 Quid
3351 2977 3643 3033 infelicius
3700 2978 3815 3033 ista
3862 2982 4152 3051 supersti-

2500 3064 2658 3117 tione
2692 3063 2933 3119 inveniri
2970 3070 3186 3136 potest,
3217 3082 3343 3136 quee
3394 3083 3506 3121 non
3559 3068 3729 3123 modo
3771 3085 3884 3123 non
3917 3069 4155 3126 exhibet

2500 3152 2782 3208 scentiam
2817 3170 2995 3224 quam
3040 3154 3329 3225 promittit
3378 3161 3552 3228 atque
3596 3156 3919 3225 veritatem,
3952 3160 4052 3214 sed
4086 3176 4155 3215 ea

2500 3240 2641 3295 dicit
2688 3258 2814 3313 quas
2874 3243 3245 3299 vehementer
3295 3249 3435 3300 sunt
3488 3245 3744 3301 scientiae
3800 3246 4153 3321 veritatique

2500 3331 2833 3385 contraria?
2865 3331 3026 3396 Quod
3060 3332 3118 3386 in
3142 3332 3528 3404 sequentibus
3562 3334 3933 3392 manifestius
3978 3354 4154 3409 appa-

2500 3417 2669 3474 rebit.
2714 3420 2797 3473 Ita
2828 3420 2982 3474 enim
3025 3419 3398 3477 dicit:Ju.tta
3446 3439 3617 3476 unam
3665 3439 3792 3480 vero
3828 3434 4045 3495 partem
4085 3444 4154 3482 ac

2500 3507 2642 3562 latus
2670 3508 2904 3562 illustris
2930 3510 3085 3563 illius
3114 3525 3180 3564 ac
3212 3518 3415 3567 sanctae
3443 3515 3604 3566 terrae
3632 3521 3755 3567 erat
3782 3514 4144 3571 tenebrarum

2499 3604 2645 3652 terra
2668 3598 2949 3669 profunda
2979 3606 3027 3653 et
3053 3600 3323 3655 immensa
3343 3601 3815 3671 magnitudine,in
3846 3620 3962 3674 qua
3991 3604 4152 3660 habi-

2499 3685 2715 3741 tabant‘
2757 3688 2919 3755 ignea
2965 3703 3209 3759 corpora,
3240 3705 3442 3760 genera
3488 3691 3691 3746 scilicet
3739 3694 4021 3764 pestifera.
4054 3695 4154 3750 Hic

2500 3776 2740 3845 inﬁnitae
2765 3778 3026 3841 tenebrae,
3059 3795 3134 3832 ea:
3160 3778 3349 3834 eadem
3376 3784 3662 3835 manantes
3691 3786 3899 3837 natura
3950 3784 4151 3838 inesti-

2497 3865 2750 3929 mabiles,
2779 3882 2906 3921 cum
2934 3868 3177 3936 propriis
3205 3869 3405 3938 fetibus
3435 3886 3453 3923 :
3484 3870 3632 3923 ultra
3661 3887 3795 3940 quas
3814 3880 3970 3927 erant
3991 3888 4152 3943 aquae

2496 3971 2724 4010 caenosa:
2752 3971 2816 4010 ac
2835 3956 3065 4010 turbidae
3094 3973 3220 4011 cum
3251 3959 3363 4011 suis
3384 3956 3883 4028 inhabitatoribus;
3913 3976 4153 4033 quorum

2498 4044 2730 4098 interius
2762 4047 2912 4099 venti
2939 4046 3228 4100 horribiles
3254 4062 3320 4100 ac
3346 4046 3689 4103 vehementes
3710 4065 3836 4103 cum
3862 4066 3960 4105 suo
3985 4052 4150 4122 prin-

2495 4134 2611 4204 cipe
2639 4137 2689 4189 et
2717 4134 3084 4203 genitoribus.
3116 4136 3354 4190 Rursum
3385 4137 3541 4204 regio
3591 4138 3755 4205 ignea
3781 4141 3833 4193 et
3877 4142 4150 4212 corrupti-

2498 4221 2623 4276 bilis
2650 4238 2773 4277 cum
2801 4224 2915 4277 suis
2945 4223 3193 4278 ducibus.
3227 4225 3362 4279 Pari
3390 4241 3541 4281 more
3567 4227 3875 4283 introrsum
3893 4245 4025 4297 gens
4053 4247 4150 4286 ca-

2497 4311 2683 4381 liginis
2736 4328 2800 4366 ac
2847 4312 2997 4381 fumi
3022 4313 3207 4383 plena,
3268 4314 3328 4368 in
3356 4331 3468 4386 qua
3528 4316 3856 4372 morabatur
3884 4319 4150 4376 immanis

2493 4402 2747 4470 princeps
2774 4402 3027 4456 omnium
3055 4405 3107 4457 et
3135 4401 3268 4467 dux,
3302 4402 3505 4458 habens
3537 4406 3687 4459 circa
3732 4422 3789 4461 se
3816 4408 4150 4464 innumera-

2496 4489 2629 4544 biles
2659 4492 2954 4559 principes,
2990 4507 3221 4563 quorum
3249 4494 3495 4548 omnium
3526 4495 3640 4564 ipse
3665 4497 3782 4549 erat
3811 4512 3965 4551 mens
3988 4500 4150 4571 atque

2492 4582 2653 4652 origo
2673 4598 2692 4634 :
2714 4581 2905 4651 haeque
2923 4584 3151 4649 fuerunt
3177 4586 3392 4637 natura:
3410 4584 3651 4654 quinque
3667 4593 3830 4641 terra?
3849 4587 4142 4657 pestiferae.

2563 4671 2650 4723 20.
2686 4669 2744 4724 Si
2778 4670 2996 4725 aerium
3031 4669 3114 4725 vel
3146 4671 3323 4726 etiam
3350 4672 3653 4726 aetherium
3685 4689 3895 4744 corpus
3927 4674 4150 4732 diceret

2492 4773 2620 4814 esse
2654 4763 2923 4813 naturam
2954 4759 3075 4826 Dei,
3110 4760 3365 4830 profecto
3388 4759 3730 4816 irrideretur
3753 4763 3823 4817 ab
3844 4763 4147 4835 omnibus,

2492 4848 2589 4919 qui
2624 4847 2923 4919 sapientiae
2951 4846 3333 4920 veritatisque
3356 4855 3625 4904 naturam
3660 4867 3761 4922 per
3791 4851 3953 4908 nulla
3988 4850 4146 4909 loco-

2492 4952 2621 4990 rum
2641 4934 2830 5007 spatia
2854 4936 3169 4992 distentam
3194 4942 3369 5009 atque
3386 4938 3681 5006 diffusam,
3700 4939 3825 4995 sine
3848 4939 3968 4996 ulla
3988 4940 4146 4998 mole

2490 5041 2763 5097 magnam
2796 5031 2852 5080 et
2882 5026 3277 5098 magniﬁcam,
3312 5044 3416 5081 nec
3446 5027 3503 5081 in
3538 5032 3697 5100 parte
3729 5028 4038 5099 minorem,
4070 5034 4129 5086 et

2492 5114 2551 5169 in
2590 5120 2751 5185 parte
2781 5115 3086 5184 majorem,
3119 5115 3218 5169 sed
3253 5132 3355 5186 per
3380 5117 3575 5171 omnia
3598 5116 3881 5188 aequalem
3905 5134 4143 5175 summo

2492 5203 2665 5274 Patri,
2700 5220 2804 5259 nec
2833 5203 2992 5258 aliud
3027 5203 3337 5259 habentem
3375 5205 3467 5260 hic
3517 5213 3574 5260 et
3605 5207 3762 5261 aliud
3818 5206 3978 5275 alibi,
4038 5209 4143 5264 sed

2486 5292 2706 5365 ubique
2737 5292 3050 5364 integram,
3081 5292 3299 5363 ubique
3333 5302 3678 5365 praesentem
3722 5294 4146 5369 qualicumque

2485 5383 2607 5438 acie
2632 5382 2752 5452 jam
2777 5381 3087 5437 serenioris
3118 5382 3333 5436 mentis
3367 5382 3581 5438 intueri
3618 5383 3834 5440 valent.

2555 5471 2789 5527 CAPUT
2821 5470 2964 5525 XVI.
2991 5502 3056 5509 —
3078 5472 3332 5525 Animam
3363 5473 3560 5543 ipsam,
3582 5477 3685 5529 etsi
3724 5475 4010 5531 mutabilis
4028 5478 4128 5546 sit,

2479 5578 2582 5632 per
2600 5563 2777 5632 spatia
2801 5561 3035 5615 locorum
3056 5575 3165 5614 non
3188 5561 3448 5617 distendi.
3471 5566 3614 5619 Nam
3641 5568 3752 5620 tota
3765 5572 3929 5621 sentit
3942 5566 4004 5621 in
4023 5568 4141 5623 sin-

2479 5651 2600 5721 guli
2625 5650 2873 5719 partibus
2902 5649 3159 5718 corporis.
3179 5649 3283 5702 Sed
3311 5650 3451 5721 quid
3466 5651 3656 5707 dicam
3681 5654 3750 5708 de
3774 5654 4013 5710 veritate
4035 5661 4125 5713 at-

2481 5754 2590 5810 que
2621 5736 2926 5809 sapientia,
2948 5754 3075 5809 quae
3099 5754 3302 5793 omnes
3326 5739 3535 5795 animas
3557 5742 3849 5813 potentias
3872 5750 4133 5819 superat;

2544 5892 2563 5926 ί
2594 5889 2751 5954 Editi,
2782 5888 3039 5941 habitant.
3067 5889 3135 5943 At
3161 5890 3308 5953 Msa.
3336 5890 3659 5946 habitabant.
