4638 6488
156 472 263 535 185
1591 472 1824 535 LIBER
1868 472 1988 535 UNl

1712 472 1824 533 lER
1868 472 2102 535 UNUS.
3428 473 3544 534 186

152 620 275 662 cum
306 604 497 678 ipsius
530 605 739 661 animae
762 609 973 661 natura
994 623 1120 678 quae
1150 606 1449 661 mutabilis
1478 605 1790 675 invenitur,

148 693 304 749 nullo
336 696 505 751 modo
538 695 797 751 locorum
825 696 1016 766 spatia
1050 698 1303 766 quadam
1330 696 1479 751 mole
1501 712 1606 750 sua
1628 710 1792 749 occu-

148 783 280 855 pet?
310 784 601 855 Quidquid
633 784 789 839 enim
818 784 1077 855 qualibet
1102 785 1487 839 crassitudine
1511 789 1597 838 est
1615 785 1654 847 ¹,
1676 799 1789 837 non

152 877 334 945 potest
365 873 478 927 nisi
517 872 701 928 minui
736 890 837 944 per
867 880 1080 945 partes,
1122 873 1387 928 habendo
1428 872 1586 927 aliud
1618 872 1710 928 hic
1736 874 1792 925 et

151 960 299 1016 aliud
322 960 680 1017 alibi.Minor
697 966 784 1017 est
805 963 958 1017 enim
975 961 1196 1035 digitus
1213 978 1389 1033 quam
1413 967 1534 1017 tota
1555 976 1787 1026 manus;

149 1054 202 1105 et
231 1050 419 1105 minor
450 1054 537 1105 est
568 1051 788 1121 digitus
810 1067 963 1106 unus
981 1066 1156 1122 quam
1172 1051 1285 1105 duo
1303 1092 1316 1116 ,
1340 1054 1395 1105 et
1416 1048 1552 1104 alibi
1572 1047 1782 1104 estiste

147 1137 379 1209 digitus,
413 1138 552 1193 alibi
584 1137 699 1208 ille,
721 1138 856 1193 alibi
890 1130 1090 1194 caetera
1114 1134 1520 1202 manus.Quod
1546 1155 1659 1193 non
1688 1154 1779 1192 so-

145 1225 259 1282 lum
283 1227 338 1281 in
372 1227 627 1282 molibus
658 1244 963 1300 corporum
992 1227 1357 1283 articulatis’
1377 1225 1778 1281 videmuszsed

148 1316 314 1372 etiam
336 1321 501 1372 terra:
529 1334 665 1389 pars
696 1318 807 1373 ista
838 1334 947 1372 non
973 1324 1061 1372 est
1081 1318 1159 1372 ibi
1188 1318 1283 1371 ubi
1309 1316 1423 1380 illa,
1447 1316 1585 1389 quia
1604 1331 1779 1371 suum

142 1404 327 1459 locum
359 1421 603 1477 quaeque
635 1406 883 1462 obtinet:
919 1412 974 1460 et
1003 1422 1137 1477 pars
1169 1406 1435 1461 humoris
1467 1405 1658 1460 minor
1676 1404 1782 1459 mi-

144 1509 294 1555 nore,
328 1499 384 1549 et
406 1494 595 1564 major
625 1496 844 1566 majore
864 1494 986 1549 loco
1017 1500 1133 1556 est,
1153 1500 1210 1550 et
1239 1494 1351 1549 alia
1376 1511 1509 1566 pars
1525 1498 1612 1549 est
1628 1492 1781 1547 circa

141 1580 403 1651 fundum,
422 1581 538 1637 alia
557 1582 707 1638 circa
726 1599 855 1637 oras
877 1582 1087 1654 poculi.
1114 1583 1397 1638 Similiter
1415 1582 1565 1638 aeris
1588 1585 1779 1654 partes

143 1686 274 1725 suos
305 1687 552 1742 quaeque
582 1671 829 1744 implent
860 1670 1051 1739 locos;
1085 1689 1189 1727 nec
1222 1672 1343 1727 fieri
1378 1675 1569 1743 potest
1594 1676 1657 1726 ut
1683 1686 1781 1725 aer

141 1775 248 1831 quo
264 1759 543 1830 impletur
561 1760 677 1815 haec
709 1761 940 1825 domus,
963 1760 1141 1816 simul
1164 1778 1361 1816 secum
1380 1761 1438 1817 in
1453 1761 1653 1815 eadem
1672 1759 1778 1814 do-

140 1864 227 1903 mo
252 1848 466 1904 habere
490 1850 672 1920 possit
695 1850 871 1904 etiam
893 1848 1056 1904 illum
1084 1866 1274 1906 aerem
1294 1866 1465 1922 quem
1492 1848 1664 1904 vicini
1683 1849 1782 1904 ha-

138 1937 308 1993 bent:
344 1937 611 2009 lucisque
640 1939 823 2011 ipsius
854 1938 967 1995 alia
998 1957 1131 2011 pars
1162 1940 1490 1993 infunditur
1510 1955 1610 2010 per
1630 1938 1780 1993 hanc

140 2027 471 2091 fenestram,
505 2027 617 2081 alia
657 2044 761 2099 per
796 2028 993 2095 illam;
1042 2034 1097 2084 et
1130 2030 1317 2099 major
1347 2045 1447 2100 per
1478 2030 1778 2099 majorem,

139 2130 235 2187 per
264 2116 553 2171 minorem
585 2122 777 2172 autem
812 2117 1021 2173 minor.
1045 2118 1158 2173 Nec
1185 2117 1420 2173 omnino
1445 2122 1636 2190 potest
1652 2133 1781 2172 esse

142 2203 368 2276 aliquod
400 2221 635 2278 corpus,
667 2206 786 2261 sive
816 2205 1045 2262 caeleste
1080 2207 1200 2262 sive
1222 2211 1512 2276 terrestre,
1546 2207 1664 2262 sive
1685 2222 1779 2261 ae-

142 2292 285 2348 rium
331 2293 453 2349 sive
482 2294 814 2359 humidum,
858 2296 1009 2366 quod
1044 2312 1157 2351 non
1191 2296 1387 2351 minus
1428 2296 1501 2351 sit
1536 2295 1595 2350 in
1622 2300 1782 2367 parte

140 2399 305 2455 quam
330 2384 386 2438 in
409 2388 567 2438 toto:
601 2399 790 2455 neque
821 2383 939 2439 ullo
970 2385 1141 2439 modo
1163 2385 1347 2457 possit
1368 2385 1427 2439 in
1457 2384 1580 2440 loco
1602 2385 1781 2455 hujus

139 2471 311 2543 partis
344 2471 524 2527 simul
548 2471 759 2528 habere
791 2472 962 2527 aliam
995 2478 1248 2544 partem;
1283 2474 1382 2528 sed
1410 2473 1566 2528 aliud
1599 2473 1692 2528 hic
1724 2477 1782 2529 et

138 2559 284 2615 aliud
315 2560 457 2616 alibi
480 2561 702 2617 habens
735 2578 836 2633 per
866 2561 1145 2633 quaelibet
1173 2563 1363 2634 spatia
1384 2561 1638 2618 iocorum
1665 2562 1781 2618 dis-

136 2650 272 2704 tanti
295 2655 349 2705 et
379 2650 1037 2722 dividua,velpotius.ut
1070 2652 1152 2707 ita
1182 2651 1393 2717 dicam,
1418 2651 1601 2706 sectili
1627 2654 1779 2707 mole

138 2736 735 2794 distenditur.Animw
753 2756 887 2795 vero
907 2740 1367 2809 natura,eliamsi
1391 2757 1505 2797 non
1532 2740 1631 2795 illa
1652 2742 1778 2812 ejus

136 2828 383 2898 potentia
400 2829 806 2884 consideretur
820 2845 930 2901 qua
951 2829 1219 2899 intelligit
1230 2830 1662 2897 veritatem,sed
1680 2830 1780 2885 illa

136 2912 365 2969 inferior
394 2931 514 2986 qua
551 2915 809 2971 continet
840 2933 1051 2988 corpus
1092 2922 1147 2972 et
1189 2918 1366 2973 sentit
1396 2917 1455 2973 in
1501 2935 1773 2990 corpore:

138 3002 288 3058 nullo
320 3005 499 3059 modo
524 3002 821 3059 invenitur
864 3005 1121 3061 locorum
1156 3006 1366 3078 spatiis
1397 3007 1595 3079 aliqua
1628 3007 1779 3064 mole

138 3091 403 3147 distendi.
439 3092 584 3147 Nam
617 3093 867 3166 singulis
900 3095 990 3149 sui
1040 3097 1298 3167 corporis
1331 3095 1629 3167 particulis
1658 3100 1779 3152 tota

136 3187 335 3253 praesto
366 3188 484 3250 est,
515 3199 649 3237 cum
686 3189 806 3238 tota
837 3184 1013 3239 sentit
1043 3186 1100 3238 in
1134 3185 1417 3257 singulis:
1452 3202 1557 3240 nec
1588 3186 1779 3241 minor

134 3285 258 3340 pars
288 3273 418 3341 ejus
453 3271 512 3328 iu
544 3271 727 3344 digito
771 3276 877 3342 est,
925 3277 983 3327 et
1024 3275 1209 3343 major
1239 3274 1295 3327 in
1330 3275 1584 3345 brachio,
1626 3276 1779 3330 sicut

134 3358 252 3431 ipse
272 3361 497 3431 digitus
522 3348 755 3435 brachio
774 3362 966 3416 minor
994 3366 1110 3429 est;
1130 3362 1228 3417 sed
1256 3362 1471 3434 ubique
1485 3368 1649 3418 tanta
1669 3371 1774 3430 est,

134 3448 260 3518 quia
291 3449 513 3520 ubique
534 3452 654 3503 tota
670 3454 779 3505 est.
798 3448 941 3507 Cum
957 3450 1113 3505 enim
1141 3452 1776 3525 tangiturdigitus,non

134 3553 229 3608 per
256 3543 445 3593 totum
480 3554 691 3609 corpus
715 3538 912 3609 sentit,
933 3546 989 3594 et
1010 3545 1201 3595 tamen
1227 3546 1346 3596 tota
1365 3542 1559 3598 sentit.
1572 3544 1775 3597 Totam

135 3627 279 3681 enim
314 3632 508 3683 tactus
540 3626 637 3682 ille
658 3644 772 3683 non
794 3627 963 3695 latet;
994 3630 1149 3700 quod
1174 3647 1286 3685 non
1314 3629 1496 3698 ﬁeret,
1518 3632 1631 3687 nisi
1654 3636 1778 3687 tota

133 3720 333 3785 prasto
364 3722 542 3772 esset.
577 3716 692 3772 Nec
722 3716 806 3771 sic
836 3722 959 3771 tota
990 3722 1195 3788 praesto
1219 3722 1326 3787 est,
1361 3735 1492 3774 cum
1516 3721 1778 3791 tangitur

135 3804 342 3876 digitus
364 3810 421 3860 et
442 3806 623 3860 sentit
642 3806 695 3859 in
712 3806 985 3878 digito,ut
1007 3812 1277 3862 castarum
1293 3809 1521 3863 deserat
1543 3825 1773 3882 corpus,

136 3897 186 3948 et
212 3910 337 3949 sese
367 3895 441 3949 ad
478 3911 659 3949 unum
694 3893 858 3949 illum
892 3895 1082 3950 locum
1113 3896 1171 3950 in
1216 3913 1328 3967 quo
1359 3900 1536 3953 sentit
1573 3900 1776 3972 agglo-

136 3988 325 4038 meret.
358 3984 469 4038 Sed
502 3999 632 4038 cum
666 3988 786 4038 tota
807 3984 1057 4039 seutitin
1091 3985 1271 4056 digito
1299 4002 1529 4055 manus,
1559 3987 1776 4045 sialius

134 4068 288 4127 locus
319 4077 600 4145 tangatur
621 4072 677 4127 in
712 4074 874 4145 pede,
901 4090 1005 4129 nec
1038 4074 1115 4129 ibi
1148 4075 1363 4130 desinit
1393 4080 1515 4131 tota
1536 4078 1775 4134 sentire:

136 4165 301 4233 atque
333 4162 413 4217 ita
460 4163 521 4216 in
554 4161 803 4233 singulis
850 4163 1205 4218 distantibus
1254 4164 1397 4220 locis
1446 4169 1566 4221 tota
1599 4166 1776 4223 simul

136 4250 311 4319 adest,
344 4267 462 4307 non
495 4267 681 4305 unum
713 4251 987 4307 deserens
1021 4258 1083 4307 ut
1114 4253 1173 4307 in
1206 4252 1382 4308 altero
1418 4259 1538 4309 tota
1566 4254 1660 4322 sit,
1683 4271 1778 4311 ne-

135 4353 239 4410 que
270 4340 349 4396 ita
380 4345 704 4412 utrumque
732 4345 940 4396 tenens
971 4345 1037 4395 ut
1067 4342 1241 4396 aliam
1273 4346 1496 4414 partem
1529 4343 1623 4399 hic
1674 4344 1776 4401 ba-

134 4426 278 4496 beat,
302 4434 360 4484 et
391 4430 529 4484 alibi
566 4429 737 4484 aliam
766 4446 779 4497 ;
804 4430 905 4485 sed
937 4430 1233 4485 sufficiens
1260 4432 1528 4487 exhibere
1560 4448 1621 4488 se
1652 4433 1777 4488 sin-

134 4518 279 4588 gulis
308 4518 453 4573 locis
486 4516 663 4573 simul
694 4523 896 4587 totam,
930 4520 1205 4590 quoniam
1226 4524 1346 4575 tota
1371 4520 1548 4575 sentit
1578 4521 1635 4576 in
1660 4523 1779 4577 sin-

135 4604 300 4679 gulis,
336 4608 485 4663 satis
514 4608 770 4663 ostendit
799 4623 860 4663 se
900 4607 1164 4663 locorum
1190 4609 1394 4679 spatiis
1426 4627 1538 4665 non
1571 4611 1775 4666 teneri.

198 4696 424 4752 CAPUT
443 4696 613 4751 XVII.
631 4727 697 4737 —
711 4698 985 4752 Memoria
996 4700 1142 4768 capit
1154 4699 1524 4753 maximorum
1538 4700 1779 4755 locorum

134 4785 411 4855 imagines.
439 4785 668 4851 Quid,si
702 4786 829 4856 ejus
852 4785 1193 4841 memoriam
1214 4787 1681 4859 cogitemus,non
1698 4805 1780 4845 re-

134 4890 255 4928 rum
274 4873 864 4946 intelligihilium,sed
880 4874 1087 4929 harum
1102 4892 1508 4947 corporearum
1533 4894 1709 4949 quam
1723 4882 1780 4934 et

136 4960 325 5018 bestia:
357 4964 574 5019 habere
602 4962 1115 5035 sentiuntur(nam
1147 4968 1203 5019 et
1234 4981 1335 5036 per
1356 4965 1481 5021 loca
1502 4971 1637 5022 nota
1652 4967 1778 5023 sine

137 5066 318 5108 errore
341 5052 615 5124 jumenta
636 5050 1208 5124 pergunt,etcubilia
1222 5070 1327 5108 sua
1347 5054 1368 5087 ³
1390 5053 1585 5109 bestia:
1616 5070 1778 5126 repe-

140 5142 281 5207 tunt,
302 5146 358 5196 et
379 5157 557 5196 canes
587 5140 957 5195 dominorum
976 5156 1217 5196 suorum
1239 5157 1481 5213 corpora
1502 5159 1775 5214 recogno-

137 5234 316 5299 scunt,
332 5234 391 5285 et
411 5229 771 5285 dormientes
792 5228 1138 5301 plerumque
1166 5230 1777 5298 immurmuraut,etin

134 5316 398 5374 latratum
412 5318 731 5389 aliquando
743 5320 1245 5390 erumpunt,quod
1270 5320 1430 5375 nullo
1452 5322 1622 5377 modo
1646 5338 1778 5394 pos-

134 5413 255 5464 sent
283 5407 399 5464 nisi
428 5409 489 5463 in
524 5422 724 5463 eorum
750 5408 1034 5464 memoria
1053 5408 1309 5465 visarum
1334 5427 1527 5465 rerum
1560 5410 1647 5467 vel
1675 5428 1777 5485 per

133 5510 332 5570 corpus
353 5503 679 5570 utcumque
703 5513 1009 5553 sensarum
1037 5503 1411 5554 versarentur
1433 5499 1774 5572 imagines);

193 5678 207 5711 ¹
238 5677 314 5724 Ita
344 5676 471 5725 Mss.
502 5674 568 5724 At
596 5673 745 5730 editi.
773 5674 1113 5725 crassitudine
1137 5674 1463 5727 distenditur.

186 5737 207 5771 ³
235 5738 390 5810 ξρίιί,
420 5739 475 5810 in
509 5736 796 5809 .mobilibus
830 5752 1095 5810 corporum
1132 5738 1395 5810 _arti_cuiis.
1439 5739 1775 5804 Castigantur

133 5801 323 5865 auxilio
353 5800 551 5851 veteris
573 5800 937 5865 manuscripti
959 5802 1305 5851 Corbeiensis.

187 5863 208 5898 ³
236 5863 390 5926 Editi,
422 5866 472 5915 et
500 5861 733 5915 cubicula
760 5861 871 5915 sua;
911 5863 1248 5929 Castigantur
1278 5878 1345 5916 ex
1371 5866 1771 5931 manuscriptis.

1901 604 2030 676 quis
2063 605 2235 677 digne
2268 605 2523 678 cogitet,
2554 605 2653 660 ubi
2681 604 3129 677 capianturistaa
3150 604 3549 678 imagines,ub

1901 700 2225 765 gestentur,
2258 696 2341 750 vel
2376 696 2474 749 ubi
2508 695 2877 749 formentur?
2898 695 2953 749 Si
2985 694 3138 751 enim
3164 712 3274 749 non
3308 700 3547 767 possent

1899 798 2027 838 esse
2059 784 2307 853 majores
2339 800 2515 856 quam
2550 782 2731 839 nostri
2762 784 3021 854 corporis
3052 785 3347 855 quantitas
3364 788 3541 856 tenet,

1900 872 2115 927 diceret
2145 872 2547 944 aliquis,intra
2572 874 2695 944 ipsa
2718 873 2809 927 sui
2831 873 3087 943 corporis
3117 873 3305 943 spatia
3326 874 3543 945 quibus

1899 965 1956 1016 et
1986 960 2085 1015 illa
2116 962 2503 1030 concluditur,
2556 961 2661 1016 has
2691 961 2977 1033 imagines
3007 962 3263 1016 animam
3286 963 3539 1034 ﬁgurare

1893 1052 2067 1120 atque
2091 1050 2510 1106 servare.Nunc
2526 1066 2654 1106 vero
2673 1066 2806 1105 cum
2830 1050 3201 1121 perexiguam
3225 1055 3388 1105 terra:
3410 1069 3540 1123 par-

1889 1140 2005 1193 tem
2038 1143 2280 1211 occupet
2301 1155 2533 1212 corpus,
2566 1140 2987 1193 immensarum
3012 1138 3312 1210 regionum
3331 1144 3388 1195 et
3408 1139 3537 1196 cceli

1889 1242 1955 1281 ac
1978 1230 2140 1281 terra;
2171 1227 2457 1300 imagines
2487 1227 2719 1282 animus
2745 1226 2944 1293 volvit,
2963 1227 3176 1298 quibus
3198 1230 3535 1284 catervatim

1888 1314 2321 1371 discedentibus
2344 1333 2409 1371 ac
2427 1316 2877 1371 succedentibus
2896 1332 3009 1370 non
3031 1317 3093 1371 fit
3124 1321 3410 1389 angustus
3427 1334 3439 1372 :
3456 1322 3537 1373 at—

1888 1420 2002 1476 que
2032 1405 2166 1459 hinc
2196 1423 2257 1461 se
2287 1405 2538 1461 ostendit
2570 1422 2684 1460 non
2733 1406 3011 1460 diffusum
3044 1420 3172 1460 esse
3213 1422 3314 1477 per
3352 1406 3534 1479 locos,

1888 1493 2026 1565 quia
2044 1494 2428 1549 maximorum
2459 1494 2717 1550 locorum
2741 1494 3097 1564 imaginibus
3121 1510 3231 1550 non
3257 1496 3424 1567 quasi
3449 1513 3540 1552 ca-

1888 1580 2064 1652 pitur,
2098 1583 2195 1637 sed
2224 1583 2416 1654 potius
2446 1598 2543 1638 eas
2573 1583 2765 1653 capit;
2800 1599 2913 1637 non
2942 1583 3076 1636 sinu
3101 1581 3319 1654 aliquo,
3351 1584 3450 1639 sed
3482 1585 3537 1639 vi

1888 1671 2263 1741 potentiaque
2295 1671 2588 1733 ineffabili,
2613 1688 2727 1740 qua
2749 1670 2881 1726 licet
2908 1671 2992 1726 eis
3021 1675 3077 1725 et
3105 1671 3315 1727 addere
3348 1672 3535 1744 quoli-

1890 1759 1987 1814 bet
2014 1764 2070 1813 et
2090 1760 2412 1826 detrahere,
2435 1765 2491 1815 et
2519 1760 2577 1814 in
2605 1765 2918 1832 angustum
2952 1777 3048 1815 eas
3080 1760 3441 1828 contrahere,
3473 1766 3531 1817 et

1889 1863 1990 1920 per
2019 1848 2309 1903 immensa
2339 1849 2680 1920 expandere,
2700 1853 2755 1903 et
2785 1849 3055 1904 ordinare
3076 1854 3139 1903 ut
3155 1847 3308 1917 velit,
3332 1854 3387 1905 et
3407 1867 3533 1922 per-

1887 1938 2143 2007 turbare,
2177 1942 2234 1992 et
2263 1938 2663 2009 multiplicare,
2696 1942 2753 1993 et
2781 1938 2851 1992 ad
2883 1938 3231 2009 paucitatem
3264 1937 3532 2011 singula-

1889 2024 2186 2080 ritatemve
2229 2025 2505 2098 redigere.

1959 2160 2041 2216 CA
2053 2159 2188 2215 PUT
2225 2160 2414 2216 XVIII.
2440 2192 2504 2201 —
2524 2159 2871 2231 Intelligendi
2896 2161 3133 2231 potentia
3157 2158 3220 2215 de
3242 2174 3428 2214 rerum
3447 2174 3531 2215 ve-

1888 2250 2051 2306 ritate
2081 2250 2251 2321 deque
2286 2250 2404 2322 ipsa
2433 2251 2758 2321 cogitatione
2776 2249 3009 2320 judicat.
3031 2248 3177 2315 Quid
3187 2250 3312 2320 jam
3334 2248 3405 2303 de
3430 2247 3531 2303 illa

1888 2338 2096 2411 loquar
2109 2338 2504 2410 potentia,qua
2520 2336 3531 2410 intelligiturveritas,quaistisipsis

1889 2444 2016 2500 quae
2032 2428 2100 2483 de
2115 2426 2371 2499 corporis
2386 2442 2561 2483 sensu
2578 2427 2800 2482 haustae
2818 2424 3528 2499 figurantur,imaginibus

1888 2532 2015 2573 sese
2048 2534 2147 2589 pro
2176 2518 2418 2572 veritate
2435 2516 2865 2589 opponentibus
2896 2531 3108 2586 magna
3122 2513 3420 2570 vivacitate
3439 2530 3527 2569 re-

1887 2605 2153 2661 sistitur?
2174 2608 2300 2672 Qua
2315 2606 2543 2660 videtur
2570 2605 2767 2674 aliam,
2786 2605 2941 2660 verbi
2957 2605 3162 2677 gratia,
3180 2618 3374 2659 veram
3397 2619 3525 2659 esse

1886 2693 2316 2766 Carthaginem,
2336 2693 2508 2749 aliam
2534 2710 2710 2766 quam
2733 2692 2994 2765 cogitans
3006 2692 3193 2764 fingit,
3216 2696 3272 2748 et
3296 2708 3398 2763 pro
3420 2708 3527 2748 suo

1886 2782 2125 2839 arbitrio
2156 2787 2276 2838 tota
2309 2782 2581 2838 facilitate
2610 2786 2931 2838 commutat
2955 2797 2968 2837 :
3006 2798 3073 2837 ex
3102 2781 3303 2836 eadem
3332 2782 3527 2836 venire

1886 2871 2162 2928 facilitate
2196 2872 2648 2927 innumerabiles
2670 2872 2943 2936 mundos,
2969 2871 3026 2925 in
3058 2869 3271 2941 quibus
3294 2868 3526 2941 Epicuri

1886 2961 2157 3033 cogitatio
2212 2960 2719 3016 innumerabiliter
2765 2960 3131 3032 peregrinata
3171 2963 3285 3015 est:
3336 2963 3412 3025 et,
3458 2976 3527 3016 ne

1885 3051 2073 3106 multa
2102 3054 2417 3121 consecter,
2450 3065 2518 3104 ex
2561 3050 2761 3105 eadem
2815 3050 3009 3104 venire
3062 3047 3523 3105 facilitateistam

1885 3145 2099 3197 terram
2124 3139 2272 3196 lucis
2299 3156 2401 3211 per
2421 3138 2608 3211 spatia
2629 3139 2857 3195 inﬁnita
2878 3139 3172 3209 diffusam,
3192 3142 3247 3193 et
3266 3137 3526 3210 quinque

1885 3233 2055 3285 antra
2085 3229 2275 3301 gentis
2302 3229 2671 3284 tenebrarum
2697 3245 2828 3285 cum
2862 3226 3291 3283 habitatoribus
3312 3226 3524 3295 suis,in

1885 3319 2100 3391 quibus
2131 3318 2429 3373 Manichaai
2451 3318 2859 3390 phantasmata
2888 3318 3144 3374 veritatis
3176 3317 3287 3372 sibi
3313 3333 3525 3373 nomen

1885 3424 2030 3463 ausa
2060 3411 2199 3462 sunt
2222 3423 2526 3478 usurpare.
2549 3405 2692 3471 Quid
2716 3411 2801 3460 est
2818 3421 2953 3477 ergo
2971 3405 3091 3460 haec
3119 3405 3377 3476 potentia
3398 3421 3524 3475 quae

1882 3496 1996 3553 ista
2024 3495 2335 3551 discernit?
2366 3494 2625 3550 Profecto
2668 3499 3136 3566 quantacumque
3182 3494 3277 3557 sit,
3335 3496 3391 3547 et
3436 3492 3525 3548 his

1790 3617 1821 3627 -ι
1885 3584 2159 3641 omnibus
2193 3585 2380 3655 major
2396 3589 2505 3649 est,
2536 3587 2592 3637 et
2623 3583 2748 3639 sine
2771 3582 2890 3637 ulla
2907 3582 3007 3637 tali
3025 3599 3217 3637 rerum
3239 3581 3524 3653 imagina-

1886 3674 2043 3730 tione
2071 3675 2377 3747 cogitatur.
2411 3672 2558 3728 Huic
2595 3672 2785 3728 inveni
2818 3672 3024 3745 spatia,
3059 3673 3105 3727 si
3138 3676 3333 3743 potes;
3374 3670 3525 3727 hanc

1887 3764 2147 3820 diffunde
2162 3762 2606 3835 perlocos,hanc
2620 3761 2859 3817 infinita:
2881 3762 3050 3817 molis
3066 3765 3125 3816 tu
3137 3778 3293 3816 more
3307 3762 3525 3817 disten-

1886 3853 1974 3909 de.
2009 3852 2269 3908 Profecto
2302 3851 2349 3907 si
2384 3851 2528 3907 bene
2575 3851 2815 3923 cogitas,
2866 3867 2980 3906 non
3014 3854 3197 3921 potes.
3236 3848 3523 3922 Quidquid

1885 3944 2040 4000 enim
2072 3942 2179 3997 tibi
2219 3940 2334 3996 tale
2372 3940 2708 4007 occurrerit,
2749 3939 2983 4010 judicas
3020 3939 3150 4011 ipsa
3178 3938 3525 4011 cogitatione

1885 4033 2067 4088 secari
2103 4046 2276 4103 posse
2324 4047 2426 4102 per
2454 4034 2667 4101 partes,
2702 4029 2962 4099 facisque
2991 4028 3071 4083 ibi
3095 4028 3264 4083 aliam
3297 4032 3524 4099 partem

1883 4120 2377 4186 minorem,'aliam
2396 4120 2697 4190 majorem,
2712 4123 2997 4190 quantum
3017 4119 3236 4190 placet;
3256 4117 3398 4172 illud
3422 4135 3525 4174 au-

1884 4214 2001 4267 tem
2032 4209 2228 4282 ipsum
2259 4224 2374 4280 quo
2406 4208 2520 4264 ista
2540 4208 2793 4278 judicas,
2813 4209 3002 4263 cernis
3034 4224 3161 4263 esse
3191 4224 3369 4279 supra
3389 4207 3521 4275 ista,

1886 4316 2003 4355 non
2028 4298 2137 4355 loci
2169 4298 2497 4365 altitudine,
2532 4298 2632 4353 sed
2663 4296 2929 4369 potentias
2961 4296 3258 4369 dignitate,

1954 4432 2185 4489 CAPUT
2224 4432 2361 4487 XIX.
2386 4462 2454 4472 —
2473 4432 2563 4486 21.
2606 4430 2666 4486 Si
2694 4433 2884 4487 anima
2909 4446 3009 4501 per
3036 4430 3176 4486 locos
3202 4447 3312 4487 non
3334 4435 3523 4487 exten-

1884 4523 2055 4593 ditur,
2086 4523 2255 4577 multo
2293 4524 2479 4575 minus
2519 4522 2675 4576 Deus.
2722 4521 2929 4587 Quare,
2979 4521 3028 4575 si
3065 4520 3321 4576 animam
3352 4521 3523 4576 toties

1888 4610 2248 4679 mutabilem,
2265 4609 2381 4665 sive
2398 4609 2686 4664 variarum
2709 4608 3073 4664 voluntatum
3090 4611 3280 4675 turba,
3300 4609 3421 4665 sive
3437 4610 3523 4665 af-

1886 4701 2132 4756 fectibus
2150 4716 2250 4771 pro
2274 4715 2465 4754 rerum
2486 4698 2649 4770 copia
2666 4697 2752 4753 vel
2769 4698 2963 4769 inopia
2986 4714 3113 4753 sese
3130 4698 3519 4766 ﬂectentibus,

1886 4789 2005 4846 sive
2021 4787 2706 4860 ipsisinnumerabilibus
2723 4786 2875 4841 ludis
2894 4787 3520 4859 phantasmatum,sive

1886 4878 2171 4933 oblivione
2202 4880 2257 4931 et
2288 4875 2589 4942 memoria,
2621 4876 2738 4931 sive
2770 4876 3034 4931 doctrina
3054 4879 3109 4930 et
3130 4876 3447 4947 imperitia;
3471 4877 3519 4933 si

1885 4982 2021 5038 ergo
2043 4968 2321 5025 animam.
2341 4970 2405 5019 ut
2435 4963 2571 5029 dixi,
2598 4964 2689 5018 bis
2706 4968 2878 5035 atque
2900 4964 3238 5035 hujusmodi
3257 4964 3523 5020 motioni-

1885 5057 1996 5112 bus
2011 5055 2181 5111 toties
2203 5053 2542 5109 mutabilem
2556 5053 2759 5119 ,sentis
2774 5070 2883 5109 non
2908 5054 3156 5108 diffundi
3176 5055 3521 5124 extendique

1885 5161 1989 5218 per
2010 5144 2187 5211 locos,
2204 5144 2301 5198 sed
2332 5144 2530 5198 omnia
2549 5142 2688 5198 talia
2708 5143 2897 5213 spatia
2920 5144 3189 5213 potentias
3219 5143 3521 5201 vivacitate

1883 5250 2192 5307 superare:
2228 5233 2367 5305 quid
2399 5233 2470 5288 de
2501 5233 2627 5303 ipso
2658 5232 2773 5286 Deo
2805 5232 3178 5303 cogitandum
3206 5236 3306 5287 aut
3334 5232 3533 5289 existi-

1884 5324 2163 5380 mandum
2188 5328 2298 5388 est,
2317 5322 2417 5393 qui
2441 5337 2619 5393 supra
2640 5337 2842 5376 omnes
2860 5321 3170 5376 rationales
3192 5326 3416 5378 mentes
3436 5322 3528 5379 in-

1882 5428 2210 5470 concussus
2250 5415 2425 5483 atque
2463 5409 2957 5465 incommutabilis
2998 5427 3243 5466 manens
3271 5454 3285 5480 ,
3318 5412 3529 5470 tribuit

1882 5502 2037 5574 quod
2054 5501 2263 5572 cuique
2279 5500 2654 5555 tribuendum
2666 5498 2965 5563 est?0uem
2983 5499 3209 5556 facilius
3222 5500 3416 5574 eloqui
3429 5520 3530 5559 au-

1881 5592 1977 5647 det
2006 5591 2405 5661 anima,quam
2419 5587 2694 5642 videre:et
2716 5604 2889 5657 quem
2909 5594 3067 5645 tanto
3093 5589 3525 5664 minuseloqui-

1878 5684 2219 5753 tur,quanto
2243 5678 2527 5734 sincerius
2552 5678 2745 5733 videre
2765 5679 3144 5749 potuerit.0ui
3164 5684 3355 5736 tamen
3380 5681 3525 5748 si,ut

1878 5769 2324 5825 Manichaeorum
2345 5767 2755 5838 phantasmata
2786 5768 3438 5841 perstrepuntJocorum
3452 5787 3523 5827 ex

1879 5875 1999 5918 una
2025 5863 2188 5932 parte
2217 5857 2621 5929 determinato,
2636 5873 2703 5915 ex
2719 5856 2851 5914 aliis
2879 5856 3167 5917 immenso
3184 5857 3373 5930 spatio
3398 5862 3535 5945 ten--l
