4638 6470
747 439 865 500 187

751 571 1015 627 daretur:
1050 568 1423 641 quantalibet
1452 569 1511 625 in
1542 587 1608 625 eo
1640 570 1958 641 particulae,
1978 574 2033 624 et
2063 572 2398 623 innumera—

755 659 900 716 bilia
932 661 1115 714 frusta
1145 660 1259 714 alia
1292 662 1532 727 majora,
1558 660 1668 715 alia
1698 659 1925 713 minora
1958 676 2059 730 pro
2092 656 2400 730 cogitantis

755 749 996 805 arbitrio
1031 748 1410 815 metircntur;
1437 754 1497 802 ut
1520 748 1801 816 bipedalis
1825 747 1878 801 in
1900 765 1985 811 eo,
2006 747 2161 802 verbi
2190 746 2395 818 gratia,

753 853 888 909 pars
920 841 1046 891 octo
1078 837 1344 907 partibus
1369 836 1557 891 minor
1578 843 1728 891 esset
1746 852 1921 907 quam
1948 838 2141 891 decem
2155 835 2394 906 pedalis.

746 926 809 981 Id
829 925 985 980 enim
1006 942 1241 980 necesse
1267 930 1353 978 est
1373 924 1669 995 contingat
1706 925 1979 979 omnibus
2014 924 2394 993 naturis,quaa

750 1014 1004 1087 pertalia
1019 1015 1209 1085 spatia
1225 1014 1677 1083 ditiuszeubiquc
1698 1019 1826 1067 tota:
1846 1030 1972 1067 esse
1993 1030 2102 1066 non
2129 1017 2392 1083 possunt:

747 1104 901 1175 quod
934 1103 990 1157 in
1026 1103 1155 1174 ipsa
1188 1104 1384 1157 anima
1406 1120 1519 1157 non
1541 1103 1851 1164 invenitur,
1871 1107 1923 1156 et
1944 1102 2110 1156 abeis
2138 1101 2235 1171 qui
2261 1118 2395 1155 con-

748 1194 1005 1249 siderare
1026 1191 1147 1246 haec
1181 1209 1293 1246 non
1318 1190 1528 1261 valent,
1553 1191 1886 1246 deformiter
1906 1192 1972 1245 de
2000 1189 2097 1243 illa
2128 1194 2183 1243 et
2211 1189 2393 1260 turpi-

746 1282 836 1336 ter
868 1280 1144 1336 creditur.

816 1368 1055 1425 CAPUT
1095 1368 1206 1423 XX.
1231 1400 1294 1408 —
1324 1370 1410 1422 2'2.
1448 1369 1883 1431 Deliramentum
1914 1366 1979 1422 de
2011 1366 2221 1438 duplici
2246 1371 2398 1422 terra

751 1460 1044 1529 refellitur.
1078 1458 1480 1513 Verumtamen
1525 1474 1655 1512 cum
1681 1457 2016 1511 carnalibus
2049 1458 2261 1511 animis
2283 1457 2396 1512 for-

748 1550 907 1604 tasse
936 1564 1049 1603 non
1082 1547 1167 1601 sic
1210 1547 1499 1618 agendum
1533 1550 1641 1612 est,
1675 1546 1773 1600 sed
1807 1546 2276 1600 descendendum
2311 1550 2399 1600 est

749 1637 942 1708 potius
974 1636 1042 1691 ad
1068 1652 1267 1690 eorum
1302 1634 1816 1707 cogitationes,qui
1839 1640 2108 1689 naturam
2130 1635 2395 1705 incorpo—

748 1742 907 1781 ream
939 1724 1369 1796 etspiritualem
1403 1724 1709 1795 cOgitando
1731 1724 1923 1795 potius
1945 1724 2109 1794 sequi
2130 1723 2262 1789 ’,νεὶ
2283 1740 2397 1778 non

746 1816 986 1879 audent,
1017 1814 1105 1869 vel
1134 1815 1392 1869 nondum
1426 1817 1653 1879 valent;
1689 1813 1768 1867 ita
1801 1817 1865 1867 ut
1895 1829 1999 1867 nec
2020 1813 2208 1883 ipsam
2240 1812 2395 1883 cogi-

743 1902 1024 1958 tationem
1051 1919 1218 1958 suam
1243 1903 1443 1956 eadem
1476 1901 1825 1972 cogitatione
1847 1901 2397 1967 considerent,etin-

745 1993 981 2047 veniant
1010 2008 1137 2045 eam
1172 1990 1331 2045 nullo
1363 1992 1622 2045 locorum
1656 1990 1847 2060 spatio
1879 1990 1948 2043 de
1975 1990 2397 2061 ipsislocorum

751 2080 1338 2153 spatiisjudicantem
1363 2080 1402 2132 ².
1434 2080 1868 2134 Descendamus
1901 2096 2036 2150 ergo
2086 2080 2155 2133 ad
2200 2094 2398 2133 eorum

753 2186 983 2237 sensus,
1017 2174 1075 2224 et
1114 2186 1443 2241 quaeramus
1474 2170 1545 2223 ab
1577 2168 1680 2235 eis,
1704 2170 1874 2240 juxta
1903 2184 2077 2239 quam
2108 2172 2316 2239 partem
2350 2170 2398 2223 et

744 2258 920 2328 juxta
949 2257 1102 2327 quod
1137 2257 1299 2323 latus,
1319 2256 1469 2311 sicut
1500 2255 1849 2311 Manichteus
1880 2256 2040 2326 dicit,
2069 2257 2307 2311 illustris
2331 2256 2397 2310 il-

752 2346 859 2401 lius
874 2349 1329 2402 acsanctaeterrae
1344 2353 1471 2400 erat
1495 2346 1842 2399 tenebrarum
1873 2348 2041 2399 terra.
2059 2344 2203 2399 Dicit
2216 2344 2305 2399 eni
2318 2362 2368 2399 ω
2381 2388 2394 2412 ,

744 2438 910 2508 juxta
939 2452 1108 2489 unam
1134 2440 1350 2507 partem
1378 2452 1441 2490 ac
1470 2436 1767 2498 latus;nec
1794 2434 1935 2489 dicit
1954 2451 2128 2506 quam
2150 2440 2395 2506 partem,

744 2524 833 2579 vel
866 2525 1019 2596 quod
1054 2524 1229 2589 latus,
1263 2525 1527 2579 dextrum
1561 2541 1631 2577 an
1666 2523 1991 2579 sinistrum.
2027 2524 2134 2578 Sed
2163 2521 2396 2594 quodli-

749 2612 847 2669 bet
876 2613 1116 2684 eligant,
1165 2612 1309 2667 illud
1360 2618 1512 2668 certe
1544 2612 1920 2667 manifestum
1963 2616 2071 2676 est,
2119 2628 2234 2665 non
2284 2611 2397 2666 dici

755 2719 938 2758 unum
972 2701 1145 2768 latus,
1180 2702 1293 2757 nisi
1319 2702 1414 2757 ubi
1447 2707 1534 2756 est
1578 2707 1636 2756 et
1663 2700 1907 2756 alterum
1939 2700 2112 2755 latus.
2148 2700 2253 2756 Ubi
2287 2716 2395 2755 au-

751 2796 868 2848 tem
899 2791 986 2847 vel
1017 2790 1129 2846 tria
1159 2790 1245 2846 vel
1269 2791 1433 2863 plura
1464 2796 1603 2846 sunt
1630 2790 1831 2858 latera,
1855 2791 2183 2861 autﬁgurte
2215 2789 2398 2844 ambi-

750 2886 849 2937 tus
868 2880 1217 2953 intelligitur
1239 2880 1495 2952 undique
1517 2880 1887 2945 terminatus,
1914 2884 2015 2934 aut
2036 2879 2085 2934 si
2111 2896 2177 2934 ex
2198 2879 2397 2949 aliqua

751 2976 911 3044 parte
940 2970 1001 3025 in
1032 2970 1388 3026 immensum
1422 2973 1595 3042 patet,
1628 2986 1697 3024 ex
1727 2969 1798 3023 iis
1826 2973 2021 3023 tamen
2068 2984 2192 3039 qua
2218 2966 2398 3022 latera

754 3060 1047 3124 dicuntur,
1082 3075 1317 3113 necesse
1349 3063 1432 3113 est
1462 3058 1721 3113 ﬁniatur.
1754 3057 1959 3112 Dicant
1984 3072 2140 3127 ergo,
2187 3072 2255 3110 ex
2286 3054 2397 3110 alio

750 3147 951 3216 latere,
980 3146 1065 3203 vel
1085 3165 1152 3203 ex
1184 3147 1313 3202 aliis
1342 3147 1642 3216 lateribus,
1668 3147 1805 3217 quid
1826 3147 2256 3218 adjungebatur
2286 3149 2398 3199 ter-

756 3255 833 3294 ras
865 3236 1097 3303 lucis,si
1130 3254 1197 3293 ex
1220 3254 1334 3293 uno
1353 3237 1529 3291 latere
1557 3234 2398 3307 eratgenstenebrarum‘tNon

758 3327 995 3383 dicunt:
1028 3328 1126 3382 sed
1154 3344 1286 3381 cum
1322 3332 1682 3398 praamuntur
1713 3331 1776 3380 ut
1808 3324 2023 3392 dicant,
2050 3323 2278 3378 infinita
2309 3323 2401 3377 di-

757 3421 898 3473 cunt
927 3432 1055 3471 esse
1078 3415 1192 3471 alia
1224 3416 1403 3471 latera
1432 3421 1595 3471 terra
1619 3414 1776 3469 illius
1805 3430 1976 3484 quam
2008 3412 2154 3467 lucis
2177 3416 2400 3481 vocant,

754 3505 810 3561 id
845 3509 954 3573 cst,
986 3521 1087 3576 per
1116 3504 1344 3560 inlinita
1374 3503 1563 3575 spatia
1593 3501 1869 3571 distendi,
1893 3506 1949 3556 et
1980 3499 2138 3555 nullo
2163 3500 2277 3555 ﬁne
2308 3516 2401 3554 co-

751 3594 959 3650 hiberi.
993 3594 1107 3649 Nec
1152 3592 1493 3665 intelligunt
1524 3594 1651 3663 jam
1686 3608 1800 3647 non
1843 3606 1971 3646 esse
2006 3588 2211 3659 latera,
2245 3589 2401 3660 quod

755 3683 1060 3756 quibusvis
1091 3683 1274 3738 tardis
1305 3682 1557 3753 ingeniis
1590 3681 2028 3752 apertissimum
2081 3685 2187 3734 est.
2240 3680 2403 3733 Tunc

758 3773 917 3828 enim
944 3776 1139 3828 essent
1168 3772 1368 3838 latera,
1412 3789 1460 3826 si
1508 3770 1721 3824 ﬁnibus
1772 3769 1895 3824 suis
1926 3768 2401 3823 terminarentur.

761 3861 908 3926 Quid
941 3861 1011 3916 ad
1046 3878 1157 3929 me,
1179 3862 1385 3932 inquit,
1405 3861 1449 3915 si
1484 3876 1597 3914 non
1630 3858 1945 3913 sintlatera
1966 3858 1992 3911 ?
2023 3858 2131 3912 Sed
2162 3874 2294 3912 cum
2318 3857 2403 3911 di-

762 3967 943 4016 ceres,
966 3952 1139 4023 juxta
1168 3967 1337 4005 unam
1366 3959 1573 4022 partem
1611 3965 1676 4004 ac
1726 3949 1890 4013 latus,
1952 3947 2125 4002 aliam
2176 3963 2406 4018 quoque

756 4044 980 4113 partem
1014 4040 1133 4094 sive
1164 4045 1379 4110 partes,
1414 4044 1470 4094 et
1495 4038 1649 4093 aliud
1686 4038 1838 4091 latus
1868 4035 1986 4091 sive
2019 4034 2201 4089 latera
2239 4052 2404 4107 coge-

758 4129 864 4184 bas
892 4128 1158 4200 intelligi.
1194 4129 1337 4183 Nam
1370 4130 1417 4183 si
1450 4143 1630 4182 unum
1664 4131 1893 4181 tantum
1919 4123 2071 4179 latus
2102 4130 2245 4190 erat,
2279 4129 2406 4177 tan-

760 4222 887 4272 tum
912 4219 1081 4290 juxta
1110 4217 1265 4273 latus
1299 4217 1411 4272 dici
1444 4214 1662 4280 debuit,
1695 4231 1808 4269 non
1847 4215 2011 4283 juxta
2041 4230 2216 4268 unum
2243 4214 2403 4267 latus.

766 4307 929 4364 Sicut
958 4307 1015 4362 in
1044 4324 1282 4379 corpore
1314 4310 1513 4361 nostro
1562 4310 1711 4359 recte
1750 4302 1999 4358 dicimus
2029 4319 2157 4357 esse
2185 4302 2405 4373 aliquid

757 4397 931 4468 juxta
962 4414 1144 4453 unum
1176 4396 1434 4464 oculum,
1467 4394 1605 4466 quia
1623 4398 1710 4447 est
1727 4391 2407 4461 alteroculus;autjuxta

768 4503 945 4541 unam
980 4485 1323 4552 mamillam,
1345 4485 1483 4556 quia
1505 4487 1590 4539 est
1607 4481 1882 4538 altera.Si
1916 4487 2109 4536 autem
2141 4481 2408 4536 dicamus

758 4578 928 4647 juxta
958 4593 1142 4630 unum
1194 4591 1425 4643 nasum,
1460 4578 1558 4627 aut
1601 4573 1773 4641 juxta
1821 4588 2003 4625 unum
2037 4569 2406 4638 umbilicum,

763 4682 894 4722 cum
926 4664 1077 4721 alius
1107 4681 1221 4720 non
1251 4664 1398 4727 sit,a
1428 4662 1613 4717 doctis
1631 4666 1688 4715 et
1707 4660 2041 4714 abindoctis
2061 4660 2405 4713 ridebimur.

762 4755 870 4812 Sed
908 4772 1022 4810 non
1047 4759 1101 4809 te
1130 4753 1319 4808 verbis
1340 4768 1566 4823 premo:
1605 4751 1847 4805 tortasse
1866 4751 2020 4803 enim
2040 4765 2223 4803 unum
2239 4748 2407 4819 quasi

764 4843 1002 4898 unicum
1035 4841 1327 4914 appellare
1356 4840 1612 4895 voluisti.

832 4931 1065 4987 CAPUT
1102 4930 1242 4987 XXI.
1275 4961 1339 4971 ——
1371 4929 1635 4984 Eamdem
1666 4935 1868 4983 terram
1893 4926 2052 4997 lucis,
2084 4927 2135 4980 si
2154 4934 2319 4982 terra:
2339 4930 2411 4981 te-

758 5022 1052 5078 nebrarum
1068 5021 1348 5092 jungitur,
1368 5035 1480 5073 esse
1496 5033 1832 5089 corpoream.
1857 5018 2057 5087 Figura
2077 5024 2241 5072 terra?
2261 5024 2409 5071 tene-

765 5113 992 5167 brarum
1011 5112 1221 5182 junctae
1246 5126 1366 5163 cum
1397 5117 1547 5162 terra
1578 5108 1733 5161 lucis.
1767 5106 1910 5171 Quid
1945 5121 2079 5176 ergo
2110 5110 2230 5160 erat
2243 5106 2411 5175 juxta

760 5200 905 5255 illud
928 5200 1083 5254 latus
1106 5205 1290 5265 terra},
1312 5212 1486 5266 quam
1518 5195 1809 5250 illustrem
1836 5211 1901 5249 ac
1927 5199 2188 5249 sanctam
2212 5196 2411 5250 vocas?

761 5290 941 5355 Terra,
979 5288 1196 5359 inquis,
1229 5287 1593 5342 tenebrarum.
1615 5284 1785 5347 Quid,
1809 5284 2003 5339 deista
2026 5290 2179 5338 terra
2200 5284 2407 5339 saltem

764 5378 1034 5435 concedis
1065 5377 1214 5447 quod
1249 5392 1524 5447 corporea
1571 5373 1731 5429 erat?
1778 5374 2021 5428 Necesse
2070 5378 2159 5429 est
2206 5379 2261 5429 te
2301 5374 2409 5430 hoc

766 5468 985 5534 dicere;
1014 5465 1485 5536 quandoquidem
1518 5462 1715 5518 omnia
1746 5479 1988 5532 corpora
2026 5462 2161 5517 inde
2193 5462 2408 5519 asseris

768 5556 1050 5629 originem
1082 5556 1309 5610 ducere.
1338 5553 1484 5617 Quid
1517 5569 1674 5625 ergo,
1699 5569 1914 5623 quaeso,
1944 5553 2211 5623 quamvis
2234 5551 2405 5621 tardi,

830 5720 846 5753 ί
879 5717 1207 5768 Corbeiensis
1238 5720 1388 5765 vetus
1417 5715 1602 5771 codex,
1634 5713 1909 5774 cogitando
1937 5712 2187 5775 persequi.

825 5781 846 5815 ³
871 5781 1028 5839 Editi,
1061 5781 1323 5829 inveniant
1354 5792 1465 5826 eam
1498 5779 1719 5826 locorum
1750 5777 1917 5836 spatia
1949 5776 2011 5823 de
2039 5774 2163 5839 τρεῖς
2183 5774 2409 5839 locorum

752 5843 937 5907 spatiis
948 5836 1289 5909 iudicantem.
1320 5840 1686 5895 Emendantur
1707 5853 1774 5891 ex
1800 5836 2108 5890 Corbeien’si
2138 5836 2342 5889 codice.

1520 437 1839 499 CONTRA
1881 434 2324 497 EPISTOLAM
2371 433 2810 513 MANICBJEI,
2856 437 2922 499 S.
2966 438 3391 502 AUGUSTINI

4036 435 4152 497 188

2512 568 2780 638 quamvis
2796 569 3055 625 carnales
3070 570 3357 639 homines,
3373 586 3443 625 ne
3458 570 3565 625 hoc
3578 568 3816 641 quidem
3833 568 4147 641 aliquando

2508 658 3149 730 animadvertitis,quod
3166 658 3445 715 lateribus
3463 659 3571 715 sibi
3588 659 3760 731 jungi
3779 666 4019 729 utraque
4038 658 4152 712 ista

2505 751 2659 802 terra
2692 765 2802 803 non
2839 748 3039 819 possit,
3086 748 3196 804 nisi
3229 754 3383 803 esset
3414 754 3659 820 utraque
3699 751 4008 820 corporea?
4039 750 4153 803 Cur

2506 853 2641 906 ergo
2677 838 2842 891 nobis
2866 838 3170 893 dicebatur
3192 839 3385 893 nescio
3404 856 3518 909 qua
3535 842 3549 873 ί
3567 838 3818 893 caecitate
3845 836 4153 909 perversis,

2506 928 2873 981 tenebrarum
2905 932 3129 981 tantum
3165 933 3379 982 terram
3429 928 3609 983 fuisse
3652 926 3734 981 vel
3766 944 3893 982 esse
3942 942 4155 997 corpo-

2507 1031 2704 1081 ream;
2741 1015 2893 1070 illan
2930 1033 3062 1071 vero
3082 1014 4154 1087 quaeterraluminisdicereturincor-

2506 1120 2738 1174 porcam
2771 1110 2828 1160 et
2859 1106 3222 1176 spiritualem
3256 1106 3408 1161 credi
3442 1105 3743 1176 Oportere?
3772 1104 4153 1175 Expergisca-

2506 1210 2640 1247 mur
2670 1194 2985 1265 aliquando
3037 1195 3301 1250 homines
3350 1196 3507 1251 boni.
3550 1200 3608 1249 et
3638 1198 3845 1249 saltem
3868 1192 4155 1248 admoniti

2507 1280 2661 1351 quod
2697 1280 3041 1336 facillimum
3082 1289 3169 1337 est
3217 1283 3613 1353 attendamus,
3655 1283 3803 1337 duas
3833 1286 4017 1336 terras
4039 1280 4157 1336 sibi

2506 1367 2788 1425 lateribus
2803 1387 2914 1425 non
2930 1388 3099 1442 posse
3112 1373 3237 1442 conj
3251 1371 3526 1444 ungi,nisi
3545 1372 3816 1442 utraque2
3829 1371 3905 1426 sit
3918 1386 4154 1442 corpus.

2575 1477 2663 1530 23.
2696 1479 2811 1532 Aut
2858 1478 2907 1532 si
2956 1479 3025 1533 ad
3078 1478 3191 1533 ista
3231 1478 3405 1533 etiam
3439 1479 3618 1533 crassi
3651 1482 3707 1533 et
3744 1478 3891 1533 tardi
3923 1494 4155 1545 sumus,

2506 1578 2701 1634 quaero
2734 1570 2929 1619 utrum
2963 1570 3019 1621 et
3049 1566 3176 1637 ipsa
3202 1572 3353 1621 terra
3382 1568 3753 1622 tenebrarum
3790 1583 3973 1621 unum
3998 1565 4157 1621 latus

2508 1651 2796 1719 habuerit,
2819 1657 2875 1708 et
2906 1654 3377 1720 caterainﬁnita,
3401 1656 3723 1710 sicutterra
3752 1654 4159 1711 lucis.Nonita

2507 1741 2779 1807 credunt;
2813 1743 3021 1797 timent
3052 1744 3205 1798 enim
3240 1762 3309 1799 ne
3342 1745 3455 1800 Deo
3479 1745 3743 1799 videatur
3770 1743 4030 1816 aequalis.
4056 1743 4155 1797 Di-

2506 1836 2796 1902 cuntergo
2811 1831 2972 1887 illam
2991 1850 3091 1904 per
3105 1834 3455 1904 profundum
3475 1835 3826 1889 immensam
3848 1832 4157 1905 etperlon-

2507 1935 2673 1991 gun‘.:
2710 1938 2945 1976 sursum
2977 1937 3177 1978 versus
3209 1929 3403 1978 autem
3439 1940 3616 1995 supra
3638 1923 3832 1978 illam3
3855 1923 4045 1995 spatia
4067 1923 4159 1977 in-

2507 2009 2667 2063 ﬁnite
2698 2009 3001 2066 inanitatis
3033 2012 3350 2067 affirmant.
3379 2013 3445 2067 Et
3476 2030 3547 2067 ne
3569 2013 3698 2083 ipsa
3729 2012 3815 2067 vel
3848 2011 4152 2083 simplum,

2507 2101 2661 2152 terra
2677 2104 2868 2153 autem
2903 2099 3145 2155 luminis
3167 2102 3413 2172 duplum
3438 2108 3636 2157 tenere
3660 2102 3942 2169 videatur,
3969 2117 4153 2172 angu-

2508 2192 2803 2242 stanteam
2820 2206 2852 2243 a
2865 2190 3095 2244 duobus
3109 2189 3282 2244 etiam
3300 2189 3907 2260 lateribus.Tanquam
3928 2190 3977 2245 si
4000 2206 4155 2245 unus

2507 2276 2674 2348 panis
2696 2278 2801 2337 (sic
2832 2279 2988 2333 enim
3010 2280 3161 2350 quod
3194 2278 3649 2336 diciturt‘acilius
3670 2280 3850 2334 videri
3878 2280 4156 2350 potest)in

2506 2364 2759 2434 quadrae
2782 2371 3034 2437 quatuor
3046 2366 3403 2421 decussatim
3422 2367 3788 2434 formetur,in
3804 2367 4020 2439 quibus
4036 2372 4157 2423 tres

2505 2454 2622 2507 sint
2653 2455 2930 2520 candidae,
2966 2472 3083 2510 una
3113 2456 3309 2527 nigra:
3343 2457 3515 2512 modo
3556 2458 3625 2511 de
3668 2456 3856 2512 tribus
3886 2456 4156 2513 candidis

2502 2541 2639 2597 tolle
2671 2542 3130 2611 distinctionem,
3162 2552 3218 2599 et
3254 2546 3339 2600 fac
3369 2544 3501 2601 illas
3526 2551 3581 2601 et
3603 2563 3839 2601 sursum
3870 2563 4076 2601 versus
4098 2550 4157 2602 et

2504 2631 2777 2686 deorsum
2810 2650 3035 2700 versus,
3068 2640 3127 2689 et
3157 2635 3416 2707 undique
3448 2640 3598 2690 retro
3632 2636 3924 2691 infinitas:
3966 2635 4050 2690 sic
4081 2635 4154 2691 ab

2504 2720 2588 2776 eis
2619 2737 2746 2775 esse
2777 2722 3031 2776 creditur
3058 2728 3212 2778 terra
3241 2723 3407 2779 lucis.
3432 2723 3593 2779 Illam
3611 2742 3744 2780 vero
3762 2725 3989 2797 nigram
4011 2742 4152 2797 qua-

2504 2809 2670 2865 dram
2704 2811 2791 2864 fac
2822 2811 3094 2867 deorsum
3126 2828 3328 2868 versus
3361 2818 3418 2868 et
3451 2820 3601 2869 retro
3629 2814 3941 2879 inﬁnitam,
3972 2830 4154 2885 supra

2504 2915 2567 2954 se
2607 2903 2799 2954 autem
2852 2899 3201 2956 immensam
3245 2902 3584 2959 inanitatem
3618 2904 3869 2959 habere:
3912 2904 3996 2958 sic
4027 2903 4158 2975 opi-

2505 2993 2724 3043 nantur
2753 2993 2967 3044 terram
2990 2992 3544 3047 tenebrarum‘.Sed
3574 2992 3694 3048 haec
3724 2992 3900 3048 nimis
3917 2992 4158 3047 attentis

2506 3082 2561 3133 et
2584 3078 2848 3133 studiose
2865 3078 3300 3149 inquirentibus
3315 3081 3480 3153 quasi
3498 3086 3717 3137 secreta
3731 3082 4155 3137 demonstrant.

2577 3166 2807 3222 CAPUT
2846 3167 3014 3223 XXII.
3042 3200 3105 3208 —
3123 3170 3326 3239 Figura
3339 3168 3653 3228 terrazlucis
3667 3170 3884 3243 fcedior.
3906 3170 4155 3226 Verum-

2507 3260 2700 3311 tamen
2734 3256 2782 3310 si
2814 3257 2889 3310 itn
2914 3263 3021 3324 est,
3056 3264 3293 3329 apparet
3316 3264 3527 3315 terram
3551 3261 3922 3316 tenebrarum
3945 3277 3978 3315 a
3998 3265 4155 3316 terra

2510 3344 2658 3400 lucis
2688 3346 2917 3401 duobus
2936 3346 3219 3402 lateribus
3234 3349 3491 3420 tangi.Et
3506 3349 3708 3419 utique
3722 3350 3770 3403 si
3784 3350 4013 3404 duobus
4031 3353 4159 3404 tan-

2509 3434 2685 3506 gitur,
2720 3435 2949 3490 duobus
2979 3436 3155 3490 etiam
3188 3438 3395 3509 tangit.
3428 3439 3592 3494 Certe
3610 3439 3776 3511 juxta
3804 3455 3980 3492 unum
4011 3438 4159 3494 latus

2508 3532 2627 3579 erat
2656 3528 2807 3577 terra
2829 3526 3197 3580 tenebrarum

2579 3631 2669 3684 24.
2704 3630 2920 3685 Deinde
2952 3648 3126 3703 quam
3148 3633 3296 3688 foeda
3314 3633 3501 3703 ﬁgura
3521 3634 3709 3689 terris“
3729 3634 3877 3691 lucis
3895 3640 4160 3707 apparet,

2512 3723 2791 3790 tanquam
2826 3720 2965 3774 fissa
2997 3720 3218 3793 ungula
3250 3722 3416 3794 nigro
3459 3724 3713 3794 quodam
3736 3741 3919 3779 cuneo
3963 3726 4168 3780 subter

2513 3813 2752 3878 arctato,
2773 3807 2905 3863 illac
2935 3812 3163 3864 tantum
3190 3811 3354 3865 ﬁnita
3372 3828 3487 3883 qua
3511 3813 3961 3879 ﬁnditur,hians
3984 3813 4167 3870 etiam

2514 3900 2570 3951 et
2585 3901 2789 3967 patens
2804 3897 3054 3969 desuper
3076 3899 3416 3971 interposito
3436 3900 3594 3956 inani
3614 3902 3895 3974 quidquid
3910 3920 3942 3957 a
3960 3920 4168 3975 super-

2514 3985 2814 4040 ficieterras
2828 3988 3200 4043 tenebrarum
3216 4006 3453 4045 sursum
3466 4007 3671 4046 versus
3685 3991 4039 4047 immensum
4055 3998 4168 4049 est.

2514 4076 2697 4140 Quam
2729 4076 2935 4131 deinde
2966 4077 3172 4133 melior
3192 4078 3379 4149 ipsius
3396 4084 3563 4135 terras
3578 4081 3949 4136 tenebrarum
3975 4081 4167 4154 ﬁgura

2514 4163 2871 4219 ostenditur:
2907 4165 3195 4236 siquidem
3214 4166 3311 4222 illa
3327 4168 3513 4235 findit,
3539 4168 3660 4224 haec
3683 4169 4059 4237 ﬁnditur;illa
4079 4172 4167 4226 in-

2515 4252 2746 4319 seritur,
2781 4252 2902 4308 bmc
2932 4254 3269 4327 interpatet;
3299 4256 3396 4312 illa
3426 4257 3485 4311 in
3519 4273 3580 4313 se
3605 4257 3749 4312 nulli
3769 4257 4037 4314 inanitati
4061 4260 4168 4316 dat

2516 4340 2730 4405 locum,
2764 4341 2884 4397 haac
2915 4343 2987 4397 ab
3019 4343 3287 4401 inferiore
3308 4350 3535 4401 tantum
3571 4352 3732 4418 parte
3752 4346 3881 4403 laxa
3911 4364 4025 4403 non
4050 4354 4161 4421 est,

2516 4446 2631 4499 quo
2649 4430 2842 4485 hostili
2865 4433 3471 4505 cuueosubimpletur.
3499 4435 3718 4491 Indocti
3735 4453 3870 4510 ergo
3892 4437 4165 4496 homines

2516 4520 2737 4575 etavari
2768 4538 2899 4577 cum
2917 4524 3197 4594 majorem
3225 4523 3503 4580 honorem
3518 4524 4165 4583 tribuuntmultitudini

2517 4609 2771 4681 partium
2806 4628 2979 4683 quam
2998 4612 3228 4680 unitati,
3263 4618 3438 4668 utsex
3452 4619 3647 4686 partes
3672 4615 3877 4671 darent
3896 4616 4167 4672 terraelu-

2516 4698 2743 4765 cis,tres
2770 4699 3045 4756 deorsum
3077 4708 3425 4770 versus,tres
3456 4719 3690 4758 sursum
3715 4705 4171 4769 versus,malue-

2516 4793 2653 4843 runt
2682 4790 2971 4861 penetrari
3024 4794 3239 4846 terram
3292 4790 3440 4847 lucis
3474 4809 3647 4865 quam
3683 4797 4004 4864 penetrare.
4040 4794 4172 4852 Tali

2582 5021 2599 5053 ί
2632 5019 2715 5067 Er.
2748 5023 2804 5091 et
2832 5021 2978 5091 ῐλοτν.ζ
3009 5021 3272 5091 dicebatur
3299 5037 3329 5071 a
3358 5023 3523 5091 nescio
3543 5037 3663 5087 qua,
3696 5029 3796 5074 etc.
3829 5025 4163 5091 Prmpositio,

2516 5096 2566 5139 a,
2586 5095 2703 5149 non
2734 5088 2812 5131 est
2841 5084 2982 5145 apud
3012 5085 3127 5134 Am.
3157 5099 3334 5149 neque
3362 5087 3417 5134 in
3449 5084 3573 5136 Mss'.

2583 5146 2603 5211 ξ
2630 5148 2771 5211 Mss”
2804 5148 3089 5211 utrumque.

2581 5208 2602 5242 δ
2630 5208 2765 5257 Editi
2785 5211 2943 5273 vulgo
2968 5208 3061 5268 sic,
3089 5226 3182 5274 per
3194 5209 3509 5274 profundum
3523 5212 3822 5259 immensam
3836 5226 3856 5260 :
3874 5214 3923 5261 et
3938 5227 4035 5274 per
4056 5213 4168 5265 lon-

2514 5281 2637 5338 gum
2649 5286 2849 5320 sursum
2874 5288 3046 5338 versus
3062 5277 3151 5321 aut
3161 5287 3317 5335 supra
3336 5274 3497 5338 illam,
3516 5278 3616 5323 etc.
3634 5274 3936 5338 Castigandi
3960 5290 4024 5325 ex
4040 5277 4166 5329 Mss.

2518 5336 2611 5401 qui
2636 5350 2749 5397 pro,
2781 5340 2890 5395 aut,
2913 5336 3132 5401 habent,
3162 5340 3360 5401 autem,
3393 5341 3445 5385 et
3473 5336 3574 5386 hoc
3607 5342 3760 5401 pacto
3785 5336 3950 5387 Verba
3979 5339 4168 5391 distin-

2518 5398 2704 5465 guunt,
2734 5412 2827 5460 per
2853 5398 3511 5465 ρνοριηιίιυῃἰηιηπαενηεαιζι⁸
3529 5405 3577 5447 et
3603 5398 3944 5465 perlongum:
3965 5416 4166 5454 sursum

2516 5460 2693 5527 uersus
2717 5460 2886 5510 autem
2920 5460 3073 5527 supra
3099 5460 3292 5527 _illam,_
3336 5466 3435 5510 etc.
3472 5460 3614 5511 Nam
3649 5460 4167 5527 intra'comparatur

2516 5531 2657 5593 terra
2684 5525 2781 5593 ista
2811 5524 3222 5593 quadraanigraa
3255 5522 3487 5593 deorsum
3536 5540 3725 5593 versus,
3771 5527 3921 5593 quod
3944 5522 4043 5593 'est
4072 5544 4167 5593 per

2516 5587 2862 5653 profundum,
2895 5594 2943 5636 et
2972 5589 3126 5643 retro,
3161 5586 3305 5649 quod
3336 5591 3413 5635 est
3442 5601 3537 5649 per
3567 5586 3804 5652 longum;
3828 5586 4089 5652 inﬁnite;

2518 5653 2601 5718 ut
2633 5650 2723 5718 Hic
2768 5651 2894 5699 editi
2925 5648 3146 5709 addunt,
3195 5662 3268 5698 nc
3295 5648 3360 5697 ab
3398 5650 3471 5698 ei:
3513 5663 3618 5700 esse
3662 5652 3919 5715 creditur,-
3953 5654 4099 5718 quod
4131 5669 4165 5705 ει

3135 5686 3146 5709 ,
3195 5686 3265 5698 νῖν
3295 5686 3359 5697 ww
3398 5686 3468 5698 νη
3513 5686 3617 5700 uvvv
3662 5686 3703 5700 ν,
3719 5686 3875 5700 ιιι-ὀισι
3898 5689 3914 5715 ,

2518 5715 2639 5763 Mss.
2669 5712 2833 5761 abest.

2546 5778 2599 5891 ἰι
2631 5777 2685 5823 In
2720 5775 2875 5825 editis
2905 5773 3102 5825 omissa
3131 5777 3245 5824 erat
3271 5788 3392 5835 vox,
3424 5775 3607 5840 terra;
3627 5789 3749 5840 quas
3777 5777 3834 5827 in
3862 5776 3987 5829 Mss.
4012 5792 4165 5845 reps-

2546 5854 2561 5891 ι
2588 5852 2668 5891 ur.
