4638 6472
724 410 835 473 191

722 542 879 599 bona
902 560 973 599 an
994 542 1233 599 mala.Si
1257 544 1431 612 bona,
1456 547 1579 600 erat
1599 559 1735 616 ergo
1756 542 1953 615 aliqua
1969 548 2181 599 natura
2193 544 2364 613 bona,

728 649 855 704 quas
878 649 990 688 non
1015 634 1340 704 pertinebat
1371 634 1442 688 ad
1469 638 1687 688 Deum:
1722 634 1876 705 quod
1901 633 2059 688 nullo
2087 635 2255 688 modo
2278 633 2365 687 di-

725 738 852 777 cere
874 723 1183 777 audebitis.
1210 722 1266 777 Si
1295 727 1488 777 autem
1515 722 1815 787 mala,non
1838 738 1973 793 ergo
1997 722 2095 777 illa
2113 739 2255 793 gens
2280 726 2365 777 te-

725 811 1038 867 nebrarum
1072 811 1196 865 sola
1226 817 1435 866 natura
1468 812 1622 867 mala
1642 816 1783 867 erat.
1811 818 1896 865 An
1926 814 2208 883 l'ortejam
2232 811 2366 866 inde

724 906 1123 971 assumpserat
1145 907 1368 971 partem
1393 899 1648 971 aliquam
1672 900 1845 970 Deus,
1870 918 2047 972 quam
2069 901 2127 954 in
2150 905 2362 955 terram

721 988 873 1045 lucis
896 994 1336 1054 converteret,et
1356 989 1702 1061 superillam
1726 1007 1834 1045 sua
1856 1007 2032 1061 regna
2051 989 2366 1044 stabiliret?

721 1082 803 1135 De
832 1082 954 1134 tota
982 1094 1118 1149 ergo
1150 1078 1206 1133 id
1252 1079 1502 1144 fecisset,
1534 1084 1598 1133 ut
1621 1079 1744 1150 jam
1787 1078 1926 1134 olim
1962 1078 2115 1133 mala
2154 1083 2364 1133 natura

721 1167 887 1223 nulla
915 1170 1087 1223 esset.
1122 1167 1283 1231 Quod
1308 1168 1357 1222 si
1391 1184 1501 1222 non
1543 1168 1613 1222 de
1644 1167 1834 1223 aliena
1865 1167 2198 1223 substantia
2227 1166 2364 1222 fecit

711 1257 932 1311 terram
965 1253 1134 1321 lucis,
1171 1258 1349 1309 restat
1379 1259 1443 1309 ut
1472 1271 1597 1310 eam
1630 1255 1701 1310 de
1733 1255 1912 1311 nihilo
1946 1255 2159 1310 fecerit.

787 1343 1019 1398 CAPUT
1056 1344 1223 1400 XXV.
1254 1375 1319 1384 —
1358 1345 1557 1398 27.15.13
1583 1344 1759 1399 nihilo
1808 1346 1987 1399 creari
2032 1361 2128 1415 per
2172 1345 2359 1401 Omni-

713 1436 991 1504 potentem
1010 1432 1144 1487 bona
1166 1432 1286 1487 alia
1298 1435 1427 1487 aliis
1440 1434 1813 1503 inferioraJn
1829 1435 2010 1502 ﬁgura
2021 1434 2359 1503 conjunctio-

716 1523 810 1575 nis
838 1521 1073 1575 duarum
1093 1522 1827 1593 terrarum,qualiseumque
1858 1522 2124 1593 fingatur,
2153 1539 2362 1593 semper

716 1610 893 1664 inesse
906 1609 1308 1679 deformitatem
1327 1614 1423 1665 aut
1444 1610 1865 1665 absurditatem.
1889 1612 2095 1680 Quare,
2118 1611 2166 1665 si
2198 1612 2360 1667 vobis

709 1698 836 1769 jam
864 1699 1251 1769 persuadetur
1281 1715 1451 1769 posse
1482 1698 1704 1770 aliquid
1740 1700 1877 1754 boni
1899 1700 2357 1771 omnipotentem

713 1785 902 1842 Deum
930 1787 1001 1842 de
1033 1786 1213 1843 nihilo
1245 1788 1453 1853 facere,
1484 1788 1673 1845 venite
1696 1788 1753 1842 in
1774 1787 2127 1843 Catholicam
2157 1794 2251 1857 ;et
2271 1789 2360 1843 di-

710 1873 875 1939 scite,
900 1891 1105 1930 omnes
1130 1882 1372 1930 naturas
1394 1894 1539 1948 quas
1566 1878 1699 1932 fecit
1725 1883 1875 1932 Deus
1897 1882 1953 1933 et
1975 1878 2357 1943 condidit,ex-

711 1963 990 2020 eellentia
1004 1964 1284 2035 gradibus
1298 1965 1922 2031 ordinatas,asummis
1940 1983 2127 2037 usque
2141 1967 2210 2023 ad
2227 1967 2356 2022 inﬁ-

714 2069 865 2121 mas,
886 2070 1089 2109 omnes
1112 2054 1315 2125 bonas,
1340 2056 1440 2110 sed
1464 2054 1608 2111 alias
1633 2055 1763 2112 aliis
1785 2073 1911 2112 esse
1925 2057 2176 2129 potiores
2197 2074 2209 2112 :
2231 2073 2357 2113 eas-

717 2158 832 2214 que
862 2142 1044 2197 factas
1074 2158 1202 2197 esse
1250 2143 1320 2197 de
1369 2144 1571 2209 nihilo,
1624 2161 1757 2199 cum
1808 2145 1960 2200 Deus
2008 2145 2212 2200 artifex
2259 2160 2360 2215 per

715 2231 1064 2303 sapientiam
1084 2249 1251 2287 suam
1276 2233 1760 2304 potentialiter,ut
1780 2235 1859 2290 ita
1873 2236 2356 2306 dicam,operare-

714 2324 836 2387 tur,
869 2325 934 2375 ut
962 2325 1158 2392 posset
1185 2338 1313 2377 esse
1343 2324 1496 2392 quod
1532 2340 1645 2379 non
1677 2328 1836 2379 erat:
1870 2329 1926 2379 et
1957 2327 2015 2379 in
2066 2330 2354 2397 quantum

668 2406 688 2422 °
714 2414 889 2479 esset,
914 2410 1133 2465 bonum
1156 2415 1346 2476 esset;
1367 2411 1425 2467 in
1450 2418 1734 2482 quantum
1761 2417 1956 2468 autem
1980 2415 2271 2481 deﬁceret,
2294 2432 2356 2471 se

710 2516 828 2556 non
850 2500 922 2555 de
950 2505 1059 2555 Deo
1090 2499 1375 2572 genitum,
1408 2502 1506 2556 sed
1541 2502 1611 2557 ab
1639 2502 1766 2574 ipso
1799 2502 1869 2558 de
1900 2502 2082 2559 nihilo
2137 2505 2353 2560 factum

710 2589 1062 2645 ostenderet.
1094 2589 1240 2655 Quid
1269 2589 1424 2645 enim
1458 2607 1557 2645 vos
1588 2595 1801 2662 teneat,
1856 2591 1904 2646 si
1953 2593 2353 2665 consideretis,

710 2694 828 2735 non
849 2677 1124 2732 invenitis
1145 2695 1297 2734 :cum
1314 2683 1529 2734 terram
1544 2678 1787 2736 luminis
1804 2698 1981 2752 quam
2000 2682 2351 2755 describitis,

712 2783 901 2838 neque
923 2766 1032 2823 hoc
1064 2783 1191 2822 esse
1221 2768 1373 2838 quod
1400 2768 1550 2823 Deus
1572 2774 1660 2824 est
1681 2771 1920 2841 possitis
1937 2771 2147 2837 dicere,
2172 2789 2245 2828 ne
2266 2772 2352 2844 ip-

716 2872 783 2913 sa
810 2855 908 2911 Dei
938 2860 1150 2912 natura
1178 2856 1430 2912 fasditate
1450 2858 1684 2928 quadrae
1706 2858 1865 2914 illius
1892 2859 2229 2927 inarctetur;
2253 2878 2353 2917 ne-

716 2961 831 3018 que
852 2946 922 3001 de
942 2944 1040 3000 illo
1062 2945 1341 3017 genitam,
1374 2964 1446 3002 ne
1478 2946 1861 3003 nihilominus
1891 2948 1999 3004 hoc
2022 2951 2175 3020 quod
2198 2950 2353 3007 Deus

710 3038 802 3091 est
822 3033 1417 3107 cogaturiutelligi,et
1442 3037 1511 3091 ad
1537 3038 1800 3092 eamdem
1815 3038 2242 3096 deformitatem
2263 3056 2352 3095 re-

709 3122 878 3179 deat‘
908 3140 921 3189 ;
948 3139 1053 3178 nec
1080 3122 1330 3179 alienam
1362 3124 1432 3181 ab
1464 3125 1582 3193 illo,
1614 3143 1686 3181 ne
1716 3127 1774 3182 in
1808 3125 1995 3183 alieno
2019 3144 2197 3199 regna
2217 3145 2350 3184 eum

708 3212 998 3285 posuisse,
1024 3217 1082 3268 et
1098 3230 1211 3269 non
1237 3215 1511 3284 duas,sed
1537 3220 1651 3271 tres
1676 3221 1914 3273 naturas
1928 3217 2118 3273 dicere
2140 3234 2350 3291 urgea-

710 3300 856 3358 mini
884 3319 896 3368 ;
920 3318 1106 3373 neque
1137 3303 1207 3357 ab
1231 3304 1431 3359 eodem
1458 3304 1527 3358 de
1551 3304 1739 3361 aliena
1766 3306 1973 3361 factam
1999 3306 2350 3375 substantia,

715 3405 790 3448 ne
808 3394 907 3446 aut
928 3391 1146 3446 bonum
1181 3392 1335 3447 aliud
1361 3393 1532 3448 fuerit
1555 3399 1762 3466 praeter
1782 3395 1987 3462 Deum,
2014 3401 2117 3451 aut
2134 3396 2351 3452 malum

716 3484 922 3553 praeter
946 3484 1177 3552 gentem
1208 3482 1604 3539 tenebrarum.
1641 3484 1923 3540 Remanet
1952 3485 2132 3557 igitur
2168 3487 2352 3554 vobis,

721 3572 789 3625 ut
805 3570 874 3625 de
895 3569 1076 3626 nihilo
1096 3575 1311 3626 terram
1337 3571 1578 3627 luminis
1602 3573 1785 3629 Deum
1814 3575 2017 3631 fecisse
2035 3575 2353 3632 fateamini:

717 3662 776 3715 et
806 3675 920 3715 non
951 3659 1127 3715 vultis
1158 3661 1391 3716 credere
1420 3663 1573 3732 quod
1607 3663 1655 3718 si
1690 3679 1968 3735 magnum
1995 3663 2230 3735 aliquod
2266 3667 2361 3721 bo-

720 3764 886 3815 num,
920 3749 1075 3819 quod
1105 3754 1300 3805 tamen
1330 3750 1429 3805 illo
1462 3751 1588 3822 ipso
1618 3758 1772 3807 esset
1801 3753 2063 3808 inferius.
2098 3754 2251 3810 Deus
2290 3771 2359 3811 ex

720 3835 908 3893 nihilo
941 3838 1126 3893 facere
1156 3839 1378 3910 potuit:
1415 3841 1605 3912 potuit
1635 3841 1835 3909 etiam,
1863 3842 2003 3913 quia
2032 3842 2221 3899 bonus
2246 3849 2357 3901 est.

713 3930 773 3982 et
803 3927 947 3983 nulli
978 3927 1131 3983 bono
1163 3928 1401 4000 invidet,
1437 3931 1625 3987 facere
1656 3931 1906 3986 alterum
1934 3932 2176 4002 bonum,
2203 3935 2356 4005 quod

713 4014 814 4072 illo
845 4016 1034 4088 priore
1064 4022 1216 4073 esset
1248 4019 1519 4088 inferius;
1547 4020 1736 4091 potuit
1766 4025 1819 4076 et
1852 4022 2112 4086 tertium,
2146 4022 2239 4077 cui
2271 4038 2361 4078 se-

718 4106 979 4162 cundum
1013 4113 1528 4180 praeponeretur,et
1549 4109 1759 4165 deinde
1784 4126 1969 4181 usque
1992 4110 2063 4165 ad
2091 4110 2360 4167 inﬁmum

717 4194 936 4252 bonum
962 4202 1302 4253 naturarum
1330 4199 1614 4254 factarum
1634 4198 1898 4253 ordinem
1921 4199 2154 4269 ducere,
2181 4200 2363 4256 donec

716 4286 1069 4343 universitas
1099 4304 1326 4355 earum,
1359 4305 1475 4343 non
1507 4304 1748 4343 numero
1780 4288 2085 4344 indeﬁnito
2142 4290 2364 4346 incerta

718 4374 1033 4441 difﬂueret,
1066 4377 1166 4431 sed
1200 4382 1353 4432 certo
1383 4376 1700 4431 terminata
1739 4377 2102 4434 consisteret.
2151 4380 2265 4434 Aut
2312 4379 2363 4434 si

721 4479 830 4520 nec
868 4465 939 4519 de
970 4464 1154 4520 nihilo
1185 4466 1359 4520 istam
1390 4464 1630 4521 luminis
1664 4471 1876 4520 terram
1928 4466 2110 4522 Deum
2159 4468 2364 4524 fecisse

718 4551 893 4608 vultis
925 4554 1112 4622 fateri,
1145 4570 1262 4609 non
1292 4553 1402 4610 erit
1433 4554 1620 4610 exitus
1652 4571 1766 4626 quo
1798 4559 1991 4610 tantas
2040 4557 2363 4628 turpitudi-

724 4657 828 4697 nes
853 4645 910 4696 et
945 4644 1067 4697 tam
1098 4642 1411 4715 sacrilegas
1444 4642 1749 4714 opiniones
1780 4644 2059 4700 evadatis.

792 4733 885 4786 28.
915 4733 1030 4786 Aut
1058 4729 1245 4787 videte
1267 4738 1439 4801 certe,
1466 4732 1743 4804 quoniam
1768 4733 2012 4789 liberum
2037 4739 2128 4790 est
2147 4736 2363 4792 carnali

724 4820 1061 4891 cogitationi
1094 4820 1507 4891 phantasmata
1538 4822 1732 4894 qualia
1766 4822 2001 4878 libuerit
2021 4824 2270 4896 opinari,
2295 4841 2365 4881 ne

726 4909 874 4965 forte
904 4908 1142 4981 possitis
1174 4910 1345 4965 aliam
1379 4912 1627 4967 formam
1658 4928 2031 4985 quacumque
2062 4914 2196 4970 huic
2227 4930 2364 4969 con-

716 4999 1270 5070 junctioniduarum
1299 5004 1587 5055 terrarum
1609 4999 1866 5057 invenire
1884 5019 1955 5057 ne
1978 5008 2097 5057 tam
2122 5004 2367 5060 detesta-

719 5086 859 5144 bilis
880 5094 939 5145 et
958 5091 1277 5144 aversanda
1301 5106 1492 5145 rerum
1519 5090 1692 5145 facies
1714 5091 1909 5146 animo
1933 5098 2230 5149 occurrat:
2249 5097 2364 5148 ter-

722 5193 849 5233 ram
876 5177 1096 5233 scilicet
1116 5178 1231 5245 Dei,
1266 5177 1384 5233 sive
1417 5178 1490 5233 sit
1520 5180 1784 5249 ejusdem
1820 5186 2037 5235 natura:
2081 5182 2250 5251 cujus
2280 5186 2368 5237 est

722 5264 899 5332 Deus,
924 5265 1045 5321 sive
1067 5267 1326 5336 diversa,
1352 5266 1409 5321 in
1443 5284 1558 5338 qua
1584 5274 1777 5323 tamen
1806 5268 1901 5324 Dei
1927 5286 2105 5340 regna
2124 5270 2367 5327 fundata

722 5354 864 5421 sint,
889 5354 968 5409 ita
992 5354 1216 5427 ingenti
1244 5355 1395 5411 mcle
1417 5373 1516 5428 per
1545 5358 1902 5413 immensum
1935 5361 2150 5429 jacere,
2179 5365 2242 5415 ut
2267 5375 2369 5431 per

726 5443 1023 5499 inﬁnitum
1038 5447 1323 5516 porrectis
1341 5450 1395 5501 et
1417 5445 1630 5517 apertis
1645 5447 1926 5502 membris
1934 5447 2367 5520 jaceat,quibus

726 5532 1046 5589 foedissime
1059 5538 1231 5605 atque
1247 5536 1398 5607 turpi
1409 5536 1486 5591 ssi
1498 5553 1586 5591 me
1600 5537 1671 5591 ab
1688 5536 1943 5592 inferiori
1952 5542 2113 5609 parte
2128 5538 2237 5593 reci
2248 5538 2369 5611 piat

724 5623 899 5682 etiam
941 5621 1137 5694 ipsum
1188 5624 1486 5681 immensae
1533 5626 1961 5699 magnitudinis
2012 5627 2365 5683 inarctatum

788 5814 806 5852 ι
838 5809 1141 5864 Corbeiensi
1173 5811 1289 5874 M3,,
1319 5812 1558 5866 redeatis.

1496 411 1811 477 CONTRA
1851 408 2294 473 EPISTOLAM
2339 408 2775 485 MANICHEI,
2825 409 2890 470 S.
2935 407 3358 473 AUGUSTINI

4011 407 4129 467 199

2476 542 2641 597 illum
2667 559 2919 598 cuneum
2937 545 3103 596 terrm
3118 545 3210 596 ten
3220 540 3633 597 ebrarum.Sed
3657 538 3943 612 quidquid
3961 538 4121 595 aliud

2478 631 2820 686 inveneritis
2863 632 3084 703 ﬁguris,
3111 647 3225 702 quo
3257 630 3525 685 duzeistte
3546 634 3712 685 terrea
3744 628 3855 683 sibi
3877 630 4130 699 conjun-

2471 725 2704 791 gantur,
2727 718 2917 774 delere
2943 721 3198 791 profecto
3222 718 3520 781 Μαιλίοὺωί
3542 718 3765 773 litteras
3792 734 3905 773 non
3924 724 4120 790 potes-

2472 808 2568 863 tis:
2592 825 2706 862 non
2734 808 2863 863 dico
2887 807 3036 863 alias
3064 808 3281 879 quibus
3303 808 3637 879 expressius
3656 807 3770 862 ista
3785 806 4117 879 descripsit;

2470 897 2735 952 fortassis
2761 898 2916 952 enim
2944 898 3083 968 quia
3109 897 3481 968 paucioribus
3523 902 3671 952 notas
3718 901 3877 967 sunt,
3922 896 4121 952 minus

2470 986 2712 1058 periculi
2737 988 2950 1049 habere
2970 988 3279 1042 videantur
3306 1003 3318 1041 :
3344 987 3443 1042 sed
3466 986 3609 1041 istas
3630 987 3788 1058 ipsas
3810 987 3879 1041 de
3900 985 4119 1058 quibus

2469 1091 2623 1129 nunc
2644 1075 2854 1147 agitur,
2882 1074 3149 1147 Epistolas
3176 1076 3583 1145 Fundamenti,
3613 1093 3739 1147 quea
3764 1075 3879 1131 fere
3919 1075 4116 1130 omni—

2465 1163 2577 1218 bus
2600 1164 2697 1235 qui
2721 1164 2875 1235 apud
2897 1181 3000 1219 vos
3025 1163 3345 1219 illuminati
3369 1172 3649 1219 vocantur
3680 1163 3826 1219 solet
3851 1181 3979 1220 esse
4007 1181 4116 1220 no-

2464 1251 2713 1307 tissima.
2740 1252 2840 1307 Hic
2863 1253 3077 1325 quippe
3105 1253 3185 1307 ita
3228 1253 3518 1309 scribitur:
3558 1254 3731 1309 Juxta
3775 1269 3947 1308 unam
3991 1268 4118 1310 vero

2459 1346 2675 1412 partem
2698 1358 2762 1397 ac
2790 1343 2936 1397 latus
2966 1343 3124 1397 illius
3145 1340 3389 1397 illustris
3408 1359 3476 1396 ac
3496 1346 3696 1397 sanctae
3714 1344 4023 1407 ἰεννιεβναι
4038 1346 4117 1398 te-

2462 1431 2765 1487 nebrarum
2794 1438 2941 1486 terra
2968 1431 3249 1505 profunda
3274 1438 3325 1486 et
3343 1433 3612 1487 immensa
3636 1431 4042 1502 magnitudine.

2533 1520 2765 1576 CAPUT
2795 1521 2983 1577 XXVI.
3016 1552 3084 1562 —
3116 1520 3488 1576 Coractantur
3514 1521 3828 1587 Manichzz,
3860 1523 3972 1576 sive
4002 1525 4120 1576 tor—

2465 1610 2613 1666 tuosa
2635 1611 2807 1665 latere
2825 1610 3257 1680 eonjunctionem
3279 1612 3320 1665 il
3327 1611 3438 1665 lam
3448 1612 3574 1681 ﬁeri
3588 1611 3917 1677 dieant,sive
3927 1625 4117 1679 curvo,

2461 1701 2575 1754 sive
2594 1708 2758 1754 recto.
2782 1701 2844 1755 In
2860 1700 2958 1754 hoc
2981 1702 3142 1755 tertio
3161 1715 3365 1769 genere
3385 1701 3667 1767 iunctura:
3677 1708 3814 1755 esset
3824 1699 4121 1756 concordia

2461 1792 2511 1844 et
2519 1788 2875 1860 pulchritudo
2888 1790 3109 1859 utrique
3123 1793 3292 1846 terra?
3306 1805 3405 1844 con
3416 1792 3656 1845 veniens.
3666 1788 3812 1855 Quid
3827 1793 4119 1861 exspecta-

2463 1893 2594 1933 mus
2615 1876 2871 1950 amplius
2891 1880 2913 1933 ?
2932 1879 3226 1933 Tenemus
3253 1878 3409 1934 enim
3432 1878 3771 1949 quodjuxta
3792 1879 3943 1933 latus
3966 1882 4109 1934 erat.

2460 1967 2761 2031 Quomodo
2787 1967 2926 2023 libet
2948 1969 3073 2037 jam
3102 1967 3303 2040 ﬁngite
3326 1968 3567 2039 ﬁguras,
3590 1972 3647 2022 et
3669 1966 4021 2039 qualislibet
4040 1967 4109 2022 li-

2462 2061 2772 2111 neamenta
2792 2055 3132 2124 describite;
3159 2054 3344 2112 moles
3366 2061 3519 2112 certe
3539 2055 3640 2111 illa
3660 2056 3960 2112 immensas
3990 2060 4109 2111 ter-

2461 2161 2535 2199 res
2558 2145 2954 2209 tenebrarum,
2984 2149 3086 2199 aut
3109 2150 3261 2200 recto
3286 2144 3465 2200 latere
3485 2146 3553 2199 ad
3556 2146 3919 2216 jungebatur
3939 2149 4105 2199 terra;

2459 2232 2739 2295 lucis,aut
2757 2250 2953 2303 curvo,
2987 2238 3381 2289 auttortuoso.
3408 2234 3518 2289 Sed
3535 2235 3583 2289 si
3600 2238 3861 2290 tortuose
3888 2252 3901 2301 ;
3926 2240 3985 2289 et.
4006 2233 4111 2289 illa

2460 2326 2659 2377 sancta
2683 2329 2836 2377 terra
2864 2327 3193 2377 tortuosum
3227 2322 3401 2378 habet
3423 2322 3575 2378 latus
3598 2341 3616 2377 :
3639 2340 3771 2378 nam
3799 2322 3849 2379 si
3871 2324 4000 2395 ipsa
4020 2340 4107 2379 re-

2461 2416 2619 2468 ctum
2645 2411 2819 2467 habet
2846 2410 3020 2477 latus,
3044 2416 3102 2466 et
3123 2416 3386 2468 tortuose
3409 2412 3587 2481 hujus
3608 2411 3786 2467 latere
3810 2414 4096 2485 tangitur,

2457 2500 2813 2573 interpatent
2828 2517 3084 2556 cavernae
3102 2502 3368 2573 quaedam
3384 2501 3683 2573 profundae
3699 2518 3798 2572 per
3813 2501 4110 2557 inﬁnitum

2457 2590 2682 2658 inanes,
2716 2605 2821 2644 nec
2845 2591 2970 2661 jam
3007 2594 3412 2661 supraterram
3433 2594 3660 2645 tantum
3685 2593 3699 2626 ί
3726 2591 4104 2646 tenebrarum

2456 2679 2716 2735 inanitas
2733 2683 2877 2743 erat,
2893 2678 3045 2733 sicut
3059 2679 3261 2734 audire
3283 2678 3639 2735 solebamus.
3656 2680 3817 2745 Quod
3836 2679 3881 2735 si
3897 2679 3980 2735 ita
3992 2684 4107 2750 est,

2457 2773 2678 2841 quanto
2700 2768 2912 2823 melius
2934 2773 3057 2823 erat
3078 2774 3143 2823 ut
3165 2785 3225 2823 se
3252 2767 3551 2840 aliquanto
3575 2769 3807 2841 longius
3831 2773 3985 2825 terra
4015 2769 4108 2825 lu-

2457 2857 2637 2913 minis
2662 2861 3183 2928 removeret,atque
3198 2857 3301 2913 illa
3320 2858 3576 2913 inanitas
3598 2858 4104 2926 tantainteresset,

2456 2964 2528 3003 ne
2558 2946 2797 3002 omnino
2828 2952 3026 3018 posset
3051 2964 3085 3002 a
3114 2946 3488 3003 tenebrarum
3519 2952 3674 3003 terra
3701 2964 3770 3003 ex
3799 2946 3918 3003 ulla
3939 2952 4104 3018 parte

2456 3036 2713 3107 contingi
2734 3036 2761 3091 ‘I
2784 3036 2901 3092 imo
2923 3036 3098 3091 etiam
3120 3040 3351 3092 tantum
3380 3037 3639 3109 spatium
3667 3036 4101 3109 pateretinanis

2455 3124 2963 3198 profunditatis,ut
2982 3125 3029 3180 si
3050 3142 3167 3197 qua
3181 3126 3372 3196 gentis
3384 3125 3541 3181 illius
3555 3124 4098 3197 orireturimprobi-

2455 3220 2567 3279 tas,
2595 3213 2824 3269 etiamsi
2847 3218 3061 3270 temere
3083 3213 3381 3269 transilire
3402 3214 3461 3269 in
3482 3213 3644 3271 illam
3662 3213 3876 3270 vellent
3891 3216 4104 3286 princi-

2456 3320 2559 3377 pes
2570 3304 2942 3359 tenebrarum
2959 3303 3257 3376 (quoniam
3278 3320 3382 3359 nec
3400 3303 3590 3360 volare
3604 3308 3819 3375 posunt
3834 3321 4099 3376 corpora,

2458 3394 2570 3449 nisi
2595 3410 2723 3448 aere
2739 3410 3012 3465 corporeo
3029 3394 3601 3466 supportentur),per
3615 3393 3757 3448 illud
3773 3393 3946 3449 inane
3963 3410 4109 3466 prse-

2461 3482 2707 3554 cipitati,
2741 3487 2795 3537 et
2826 3483 2964 3554 quia
2988 3483 3285 3537 inﬁnitum
3306 3483 3578 3539 deorsum
3606 3499 3808 3538 versus
3832 3487 4004 3550 esset,
4031 3484 4106 3537 ad

2462 3572 2689 3627 nullum
2707 3571 3022 3644 aliquando
3037 3571 3942 3643 fundumpervenientes,etiamsi
3958 3588 4112 3628 sem-

2465 3678 2568 3735 per
2597 3668 2833 3733 possent
2860 3661 3069 3727 vivere,
3103 3677 3407 3732 nunquam
3430 3666 3628 3716 tamen
3663 3662 3803 3716 dum
3827 3662 4105 3717 deorsum

2464 3767 2695 3823 semper
2718 3750 3003 3819 feruntur,
3030 3751 3517 3821 possentnocere?
3532 3751 3585 3804 Si
3604 3755 3798 3806 autem
3823 3767 3994 3806 curvo
4017 3750 4108 3806 la-

2463 3844 2583 3896 tere
2605 3839 3215 3911 adjungebatur,terra
3232 3838 3617 3910 quoquelucis
3632 3856 3807 3895 curvo
3820 3857 3949 3896 eam
3971 3840 4109 3895 sinu

2464 3929 2801 3986 deformiter
2816 3927 3146 3999 recipiebat'
3161 3930 3274 3983 Aut
3291 3927 3340 3983 si
3354 3928 3769 3985 introrsusista
3789 3929 3957 4002 quasi
3976 3946 4104 4001 spe-

2464 4018 2550 4075 cie
2571 4017 2785 4073 theatri
2811 4033 2985 4072 curva
3002 4020 3146 4084 erat,
3172 4034 3409 4072 curvam
3432 4022 3597 4072 terra:
3620 4016 3860 4073 luminis
3879 4023 4104 4090 partem

2463 4107 2564 4163 tali
2597 4106 2728 4162 sinu
2753 4110 3047 4178 receptam
3072 4122 3185 4161 non
3211 4105 3289 4161 mi
3301 4123 3411 4161 nus
3433 4106 3677 4162 deformi
3701 4106 4109 4179 copulatione'
4179 4162 4187 4170 ,

2465 4195 2941 4267 amplectebatur.
2964 4198 3079 4249 Aut
3100 4194 3149 4249 si
3169 4194 3283 4251 ista
3303 4212 3544 4250 curvum
3568 4195 3819 4252 habebat
3838 4195 4013 4261 latus,
4051 4202 4112 4253 et

2466 4284 2565 4342 illa
2578 4290 2820 4351 rectum,
2840 4300 2956 4339 non
2985 4300 3053 4338 ex
3068 4287 3189 4338 toto
3216 4300 3342 4339 eam
3361 4283 3539 4340 latere
3552 4284 3887 4355 attingebat.
3912 4285 3977 4340 Et
3997 4286 4113 4341 uti-

2466 4391 2582 4446 que
2608 4373 2818 4429 melius
2845 4376 2987 4441 erat,
3021 4372 3174 4428 sicut
3199 4390 3378 4444 supra
3408 4372 3548 4441 dixi,
3575 4378 3641 4429 ut
3670 4372 3834 4430 nulla
3858 4391 3927 4430 ex
3947 4379 4114 4447 parte

2467 4463 2845 4535 contingeret,
2874 4466 3220 4533 tantumque
3240 4461 3414 4517 inane
3438 4463 3768 4530 interesset,
3784 4467 3849 4519 ut
3871 4470 3926 4519 et
3946 4464 4112 4536 justo

2466 4552 2770 4609 intervallo
2790 4557 3100 4621 utramque
3120 4556 3333 4606 terram
3350 4553 4115 4625 sejungeret,ettemerarios

2467 4643 2765 4714 improbos
2787 4658 2888 4713 per
2918 4640 3211 4695 inﬁnitum
3236 4640 3561 4713 praecipites
3585 4641 3729 4697 nihil
3756 4659 3960 4699 nocere
3982 4659 4111 4714 per-

2469 4732 2746 4789 mitteret.
2765 4732 2923 4797 Quod
2940 4730 2989 4786 si
3003 4736 3156 4785 recto
3168 4728 3345 4785 latere
3366 4730 3518 4786 latus
3533 4736 3754 4786 rectum
3770 4733 4111 4804 attingebat,

2469 4839 2583 4878 non
2597 4821 2761 4876 video
2786 4820 3023 4891 quidem
3050 4818 3248 4890 aliqua
3267 4819 3353 4874 vel
3380 4820 3746 4892 receptacula
3766 4821 3854 4877 vel
3878 4821 4111 4880 hiatus:

2470 4912 2571 4969 sed
2597 4910 2764 4984 plane
2786 4909 2951 4964 video
2964 4912 3187 4963 tantam
3212 4926 3412 4980 pacem
3431 4914 3774 4982 tantamque
3785 4927 3983 4967 secum
4002 4914 4113 4967 ter-

2469 5018 2548 5058 rae
2578 5000 2888 5071 utriusque
2918 4998 3310 5065 concordiam,
3334 5004 3400 5054 ut
3421 5000 3610 5071 major
3630 4999 3962 5069 conjunctio
3984 5016 4115 5058 esse

2469 5108 2583 5147 non
2601 5087 2957 5163 possit.Quid
2974 5089 3129 5143 enim
3146 5087 3638 5160 speciosius,quid
3652 5089 4114 5160 convenientius,

2469 5195 2648 5252 quam
2675 5182 2896 5233 rectum
2915 5182 3069 5233 recto
3101 5177 3182 5231 ita
3204 5177 3484 5248 ecpulari,
3501 5182 3565 5232 ut
3584 5177 3748 5233 nulla
3764 5195 3832 5234 ex
3849 5184 4009 5249 parte
4030 5180 4114 5235 si-

2471 5286 2583 5325 nus
2614 5266 2921 5339 aliquisvel
2948 5266 3129 5322 ﬂexus
3156 5266 3485 5337 disrumpat
3502 5267 3855 5323 autdirimat
3877 5272 4118 5326 natura-

2469 5358 2584 5414 lem
2610 5374 2675 5412 ac
2693 5357 2963 5412 stabilem
2990 5356 3793 5428 perinﬁnitumspatiumloei
3816 5362 3875 5413 et
3894 5358 3966 5414 ab
3984 5358 4117 5415 inﬁ-

2470 5447 2595 5503 nita
2615 5446 2937 5502 aeternitate
2946 5447 3286 5517 juncturam
3302 5444 3330 5499 ‘I
3347 5444 3479 5508 Qum
3503 5451 3661 5502 recta
3683 5445 3866 5503 latera
3899 5446 4123 5505 utrius-

2471 5553 2583 5609 que
2627 5541 2809 5605 terrae,
2842 5533 3075 5591 etiamsi
3104 5532 3447 5604 interposito
3479 5534 3640 5591 inani
3689 5541 4121 5609 separarentur,

2535 5754 2552 5788 ί
2587 5750 2710 5801 Sola
2740 5750 2901 5799 editio
2926 5750 3075 5809 Lov.,
3111 5748 3275 5797 tanta.

2534 5816 2556 5851 ²
2582 5812 2916 5866 Corbeiensis
2942 5813 3061 5873 Mm,
3089 5812 3398 5863 curvatione.
