4638 6518
182 493 285 553 193

181 640 286 680 non
316 621 506 677 solum
528 638 630 693 per
643 639 703 678 se
722 622 846 693 ipsa
867 622 1111 695 pulchra
1131 624 1491 697 essent,quia
1512 632 1631 681 tam
1656 629 1811 680 recta

182 716 396 769 essent:
434 712 532 767 sed
561 729 573 766 :
601 713 699 767 sed
723 712 1027 783 interjecto
1051 731 1282 785 quoque
1312 714 1612 771 intervallo
1633 714 1712 769 ita
1743 714 1822 769 si-

183 803 234 856 bi
264 806 671 872 congruerent,
692 806 757 856 ut
786 800 920 857 hinc
953 807 1126 875 atque
1158 803 1317 858 illinc
1341 804 1553 876 pariles
1592 804 1824 859 rectitu-

184 890 341 945 dines
368 890 545 944 etiam
579 891 704 945 sine
738 890 857 946 ulla
878 893 1309 962 conjunctione,
1362 892 1490 964 ipsa
1521 898 1712 948 tamen
1744 893 1824 947 si-

189 978 508 1034 militudine
544 980 603 1033 in
636 996 813 1034 unam
858 980 1353 1051 pulchritudinem
1382 986 1397 1017 ί
1430 982 1821 1037 convenirent.

188 1069 319 1125 Cum
354 1072 549 1123 autem
576 1069 799 1124 accedit
822 1069 931 1123 ista
953 1070 1457 1142 conjunctio,quid
1481 1070 1825 1126 concordius

198 1172 258 1211 ac
290 1155 553 1228 pacatius
583 1156 689 1215 hac
716 1162 965 1230 utraque
996 1164 1180 1227 terra;
1212 1159 1351 1231 quid
1387 1177 1516 1215 vero
1547 1160 1720 1214 etiam
1749 1159 1828 1229 ip-

193 1262 253 1301 sa
274 1244 637 1316 copulatione
657 1247 905 1302 duorum
936 1252 1223 1303 rectorum
1244 1248 1493 1304 laterum
1527 1247 1827 1321 pulchrius

196 1334 298 1390 dici
330 1339 431 1389 aut
459 1334 700 1407 cogitari
732 1336 938 1407 possit,
972 1354 1085 1393 non
1116 1337 1365 1394 invenio.

259 1422 495 1479 CAPUT
535 1424 756 1481 XXVII.
791 1455 856 1466 —
886 1426 981 1481 29.
1040 1426 1403 1483 Pulchritudo
1458 1428 1593 1482 recti
1640 1426 1831 1481 lateris

192 1520 360 1585 posset
385 1515 556 1569 terra?
586 1514 936 1569 tenebrarum
963 1515 1186 1571 detrahi
1213 1518 1333 1571 sine
1363 1517 1481 1571 ulla
1500 1515 1835 1570 detractione

192 1602 527 1658 substantiae.
558 1604 653 1658 Sic
679 1611 889 1658 malum
918 1606 1125 1661 animae
1151 1605 1351 1660 accidit
1372 1606 1531 1659 nulla
1546 1605 1730 1659 addita
1750 1604 1837 1658 de-

195 1692 436 1745 tractave
471 1692 809 1746 substantia.
843 1694 1002 1746 Latus
1026 1700 1181 1747 terra
1205 1694 1553 1749 tenebrarum
1572 1696 1630 1748 in
1652 1709 1833 1763 quan-

197 1783 309 1833 tum
335 1788 550 1833 rectum
580 1780 871 1845 esset,boni
890 1782 1105 1852 aliquid
1128 1782 1341 1838 haberet
1362 1801 1395 1838 a
1418 1785 1520 1839 Deo
1540 1782 1832 1838 conditore.

198 1868 335 1934 Quid
360 1868 569 1923 faciam
604 1885 735 1925 cum
758 1872 985 1925 errore'
1015 1872 1299 1941 perversis
1329 1876 1386 1927 et
1413 1870 1837 1926 consuetudine

200 1956 511 2028 implicatis
554 1957 897 2014 miserrimis
919 1959 1131 2014 animis
1151 1959 1178 2014 ?
1198 1960 1317 2016 Non
1342 1959 1497 2015 enim
1530 1959 1721 2015 sciunt
1742 1956 1838 2011 isti

199 2045 462 2100 homines
494 2046 633 2117 quid
667 2045 998 2118 loquantur,
1032 2064 1164 2103 cum
1198 2048 1319 2105 haec
1345 2051 1689 2121 loquuntur:
1725 2062 1837 2101 non

202 2136 351 2190 enim
404 2135 735 2190 attendunt.
790 2136 968 2209 Rogo,
1024 2154 1190 2192 nemo
1228 2155 1327 2193 vos
1358 2144 1545 2209 urget,
1580 2154 1748 2192 nemo
1780 2136 1838 2190 in

203 2229 491 2279 certamen
507 2224 917 2296 promit,nemo
937 2226 1243 2298 praeteritis
1265 2226 1840 2291 insultaterrorihus,

204 2313 308 2368 nisi
334 2312 437 2384 qui
456 2312 711 2368 divinam
732 2314 1191 2371 misericordiam
1216 2322 1485 2388 expertus
1499 2333 1611 2371 non
1636 2320 1743 2381 est,
1777 2318 1843 2369 ut

202 2408 420 2457 careret
453 2403 786 2467 erroribus;
821 2408 1051 2459 tantum
1083 2405 1140 2460 id
1173 2410 1510 2477 agamus,ut
1528 2404 1841 2476 aliquando

204 2491 500 2546 finiantur.
537 2491 849 2547 Intuemini
882 2492 1187 2564 paululum
1229 2494 1354 2549 sine
1392 2493 1757 2549 animositate
1788 2500 1845 2547 et

202 2581 833 2637 amaritudine.0mnes
868 2582 1133 2638 homines
1164 2601 1409 2651 sumus;
1444 2601 1558 2638 non
1591 2600 1717 2651 nos,
1742 2582 1841 2637 sed

201 2686 426 2725 errores
459 2676 514 2725 et
547 2670 829 2725 falsitates
868 2672 1167 2726 oderimus
1194 2682 1232 2726 δ.
1279 2672 1503 2738 Quaeso,
1535 2670 1841 2726 intuemini

202 2759 690 2831 paululum.Deus
722 2759 1499 2832 misericordiarum,adjuva
1528 2763 1843 2829 intuentes,

203 2853 257 2904 et
275 2864 478 2903 verum
503 2849 895 2920 quaerentibus
926 2849 1171 2905 interius
1205 2848 1399 2905 lumen
1424 2850 1844 2913 accende.0uid

205 2942 357 2993 enim
374 2938 839 3010 intelligimus.si
855 2955 966 2994 non
986 2938 1369 3011 intelligimus
1393 2944 1610 2995 rectum
1639 2939 1847 2993 melius

201 3041 325 3081 esse
346 3043 531 3097 quam
565 3044 804 3097 pravum
830 3027 857 3081 ‘?
879 3030 1078 3092 Quaero
1109 3044 1243 3100 ergo
1276 3045 1309 3082 a
1336 3029 1520 3093 vobis,
1541 3029 1589 3082 si
1625 3027 1848 3099 placide

208 3116 594 3186 modesteque
617 3116 903 3187 accipitis,
935 3122 1160 3171 rectum
1193 3116 1349 3173 latus
1383 3122 1549 3172 terra;
1580 3117 1849 3172 tenebra-

203 3220 355 3269 rum,
407 3205 565 3275 quod
620 3209 774 3260 recto
828 3206 995 3261 lateri
1025 3211 1190 3260 terrae
1224 3206 1370 3262 lueis
1401 3207 1765 3278 adjungitur,
1800 3205 1850 3261 si

205 3292 503 3365 quispiam
535 3295 889 3365 depravaret,
920 3294 1219 3351 nullamne
1248 3294 1330 3349 illi
1353 3295 1849 3367 pulchritudinem

205 3382 544 3438 adimeret?
583 3383 829 3439 Necesse
859 3388 949 3439 est
980 3384 1275 3439 fateamini
1307 3386 1353 3439 si
1386 3384 1598 3439 latrare
1632 3383 1848 3455 nolitis,

201 3488 313 3526 non
338 3470 537 3526 solum
562 3472 689 3540 ei,si
710 3472 1077 3544 depravetur,
1100 3473 1589 3545 pulchritudinem
1614 3473 1847 3542 auferri,

198 3562 297 3615 sed
318 3577 449 3616 eam
463 3560 641 3615 etiam
658 3560 1150 3632 pulchritudinem
1165 3579 1340 3636 quam
1356 3580 1488 3618 cum
1504 3568 1657 3617 recto
1672 3561 1849 3617 latere

198 3653 360 3704 terras
394 3650 645 3704 luminis
677 3649 862 3721 potuit
891 3650 1102 3706 habere
1132 3653 1691 3706 communem.llanc
1712 3667 1847 3722 ergo

196 3739 562 3805 auferens,et
586 3740 657 3794 de
690 3745 843 3795 recto
876 3756 1115 3811 pravum
1148 3740 1457 3806 faciens,ut
1487 3740 1847 3795 discordaret

197 3828 351 3899 quod
385 3828 802 3895 concordabat,
836 3834 892 3884 et
922 3828 1257 3885 abhorreret
1287 3831 1438 3901 quod
1471 3831 1846 3901 congruebat,

187 3917 480 3988 numquid
510 3916 771 3989 aliquam
788 3918 923 3973 inde
938 3920 1186 3974 auferret
1200 3920 1593 3974 substantiam
1606 3919 1632 3973 ?
1654 3918 1743 3973 Sic
1757 3936 1847 3973 er-

188 4021 257 4077 go
279 4006 639 4073 discite,non
663 4007 1057 4062 substantiam
1088 4006 1309 4062 malum
1332 4008 1583 4074 esse,sed
1614 4007 1764 4063 sicut
1786 4007 1845 4063 in

189 4110 430 4167 corpore
444 4097 908 4152 commutatione
932 4096 1125 4152 formae
1147 4096 1205 4150 in
1230 4097 1697 4165 deterius,amitti
1723 4110 1850 4169 spe'

194 4183 361 4254 ciem,
415 4182 510 4239 vel
564 4184 763 4256 potius
808 4184 1014 4255 minui,
1056 4190 1111 4241 et
1146 4186 1360 4241 fmdum
1388 4186 1497 4241 dici
1528 4186 1680 4258 quod
1715 4184 1846 4257 pul-

197 4270 404 4327 chrum
441 4277 618 4327 antea
647 4273 971 4341 dicebatur,
1001 4279 1058 4329 et
1087 4273 1395 4345 displicere
1425 4292 1636 4346 corpus
1694 4275 1845 4346 quod

189 4366 320 4416 ante
347 4361 682 4433 placuerat:
710 4363 793 4418 sic
816 4362 875 4417 in
903 4363 1098 4418 animo
1119 4369 1282 4418 recta:
1307 4364 1621 4419 voluntatis
1647 4365 1845 4431 decus,

197 4464 310 4520 quo
344 4452 440 4521 pie
486 4451 774 4523 justeque
823 4453 1055 4521 vivitur,
1112 4458 1475 4508 commutata
1503 4453 1562 4507 in
1595 4452 1851 4509 deterius

194 4537 501 4594 voluntate
535 4540 834 4611 depravari
862 4558 875 4604 ;
905 4558 1019 4613 quo
1042 4546 1277 4613 peccato
1300 4542 1447 4596 effici
1467 4542 1722 4597 animam
1748 4542 1853 4596 mi-

192 4642 409 4693 seram,
445 4645 580 4699 quze
614 4627 921 4685 honestate
970 4635 1135 4685 rectae
1167 4629 1482 4686 voluntatis
1513 4632 1849 4686 beatitatem

191 4717 521 4784 obtinebat,
555 4718 718 4773 nulla
747 4719 947 4774 addita
981 4720 1305 4775 detractave
1337 4720 1686 4775 substantia.

261 4806 349 4859 30.
387 4806 613 4861 Deinde
643 4807 821 4862 etiam
854 4808 996 4863 illud
1030 4808 1298 4880 cogitate,
1332 4809 1465 4880 quia
1508 4809 1614 4865 etsi
1647 4826 1850 4865 conce-

194 4894 405 4951 damus
438 4894 582 4951 aliis
612 4896 806 4952 causis
842 4896 996 4953 latus
1026 4903 1188 4952 terra:
1220 4899 1592 4953 tenebrarum
1628 4899 1849 4954 malum

192 4986 509 5056 esse,quod
538 4985 877 5051 obscurum,
901 4987 1054 5059 quod
1090 4987 1484 5050 tenebrosum.
1514 4986 1601 5043 vel
1632 4988 1679 5043 si
1711 4988 1850 5060 quid

194 5070 350 5127 aliud
385 5072 505 5128 dici
543 5080 752 5145 potest,
788 5092 901 5131 non
938 5080 1133 5131 tamen
1158 5075 1216 5129 in
1249 5092 1313 5130 eo
1336 5076 1486 5146 quod
1514 5082 1732 5131 rectum
1764 5080 1853 5133 est

194 5162 418 5216 malum
452 5168 571 5218 est.
604 5163 767 5219 Sicut
795 5180 930 5237 ergo
979 5166 1232 5220 concedo
1264 5164 1322 5219 in
1354 5165 1479 5235 ejus
1504 5164 1694 5220 colore
1724 5182 1853 5221 esse

194 5248 418 5324 aliquid
457 5250 717 5319 mali,sic
749 5270 984 5309 necesse
1014 5258 1104 5309 est
1134 5258 1191 5309 et
1228 5270 1329 5309 vos
1359 5255 1691 5310 concedatis
1721 5270 1851 5311 esse

194 5340 251 5395 in
278 5342 410 5412 ejus
438 5341 797 5398 rectitudine
821 5342 1039 5415 aliquid
1065 5342 1402 5397 boni.Nefas
1424 5343 1722 5414 estitaque
1745 5342 1851 5399 hoc

197 5434 755 5503 quantumcumque
784 5432 919 5488 boni
950 5432 1090 5503 est‘,
1114 5430 1367 5487 alienare
1392 5432 1461 5487 ab
1482 5431 1699 5487 artifice
1714 5432 1851 5499 Deo,

249 5565 267 5599 ι
302 5564 415 5611 Has
453 5564 910 5628 vocesLiniunam
938 5562 1395 5628 pulchritudinem,
1437 5564 1738 5613 addidimus
1788 5577 1853 5615 ex

188 5628 366 5677 vetere
398 5626 595 5675 codice
631 5626 958 5678 Corbeiensi‘.

247 5692 269 5725 ι
298 5689 459 5747 Editi,
494 5702 615 5736 cum
650 5704 823 5739 errore
851 5694 1013 5749 tanto,
1052 5690 1230 5748 Abest,
1263 5690 1423 5747 tanto,
1454 5705 1485 5738 ιι
1513 5690 1636 5739 Mss.

227 5751 386 5865 d'.Sio
416 5752 551 5801 Mss.
584 5752 649 5801 At
676 5752 823 5813 editi,
854 5768 953 5803 non
980 5766 1084 5813 vos,
1117 5752 1207 5800 sed
1234 5765 1432 5801 errores
1486 5754 1535 5801 et
1592 5750 1855 5817 falsitate:

262 5828 419 5865 smus.

194 5828 419 5865 οαιυιυς.

258 5879 281 5914 ι
307 5878 371 5929 In
402 5876 589 5941 editis,
620 5880 1047 5946 quatumcumquc
1077 5876 1262 5930 bonum
1295 5880 1389 5929 est.

1618 494 1847 553 LIBER
1892 495 2123 557 UNUS.

3450 503 3566 562 194

1926 642 1959 680 a
1988 642 2100 696 quo
2122 642 2249 681 esse
2271 643 2439 683 omne
2463 627 2678 682 bonum
2701 631 2851 700 quod
2873 629 2931 685 in
2960 647 3330 704 quacumque
3354 638 3568 689 natura

1925 720 2033 779 est,
2068 714 2177 769 nisi
2211 717 2523 778 credimus.
2569 719 3059 788 perniciosissimo
3099 738 3381 778 erramus.
3416 722 3568 786 Quo-

1928 805 2099 859 modo
2126 820 2260 875 ergo
2294 804 2389 860 ille
2418 811 2474 860 et
2504 823 2801 861 summum
2834 808 3053 863 malum
3086 826 3213 865 esse
3244 810 3388 866 dicit
3416 811 3567 867 hanc

1926 894 2227 960 terram,in
2253 894 2632 963 cujuslateris
2656 896 3001 953 rectitudine
3022 899 3566 970 invenio,quantum

1928 982 1997 1035 ad
2028 998 2239 1053 corpus
2257 982 2604 1047 attinet,non
2628 1000 2815 1054 parvae
2839 984 3291 1056 pulchritudinis
3312 990 3563 1055 bonum;

1928 1074 1985 1125 et
2016 1070 2087 1124 ab
2119 1070 2512 1142 omnipotente
2543 1078 2715 1142 atque
2748 1074 2966 1144 Optimo
2999 1075 3113 1129 Deo
3135 1091 3261 1130 eam
3283 1076 3409 1131 vult
3438 1092 3567 1133 esse

1932 1160 2167 1230 penitus
2199 1158 2610 1230 alienam,cum
2643 1161 2698 1215 id
2733 1163 2923 1231 ipsum
2960 1165 3175 1218 bonum
3208 1165 3361 1236 quod
3396 1165 3452 1220 in
3481 1164 3581 1220 illa

1931 1248 2284 1316 invenimus,
2318 1249 2407 1303 cui
2442 1249 2536 1303 alii
2573 1249 2947 1307 tribuendum
2978 1252 3073 1319 sit,
3096 1253 3209 1307 nisi
3240 1253 3462 1309 auctori
3484 1254 3581 1309 ho-

1932 1352 2139 1391 norum
2164 1336 2572 1401 omnium,non
2598 1338 2965 1394 inveniamus
2985 1340 3013 1394 ‘I
3044 1340 3153 1395 Sed
3188 1340 3411 1396 malum
3436 1345 3580 1410 erat,

1933 1423 2142 1496 inquit,
2161 1425 2335 1501 etiam
2360 1424 2505 1480 illud
2529 1425 2704 1481 latus.
2730 1427 2876 1482 Puta
2898 1427 3117 1483 malum
3137 1445 3265 1484 esse
3290 1446 3302 1484 :
3328 1429 3583 1487 deterius

1936 1517 2090 1567 esset
2111 1518 2262 1567 certe
2293 1512 2341 1567 si
2374 1530 2490 1567 non
2524 1515 2877 1579 rectum,sed
2910 1515 3223 1571 distortum
3247 1519 3582 1582 esset.Quo-

1938 1601 2109 1655 modo
2132 1600 2309 1672 igitur
2328 1607 2731 1656 estsummum
2758 1602 3117 1673 malum,quo
3141 1610 3328 1675 potest
3358 1605 3580 1677 aliquid

1939 1689 2177 1759 cogitari
2209 1690 2464 1744 deterius
2491 1690 2517 1743 ?
2548 1690 2765 1745 Deinde
2797 1708 3031 1746 necesse
3063 1698 3149 1749 est
3192 1693 3409 1763 aliquid
3444 1694 3580 1750 boni

1940 1779 2036 1845 sit,
2070 1794 2184 1849 quo
2216 1779 2463 1833 carendo
2505 1780 2568 1832 fit
2598 1796 2691 1833 res
2732 1796 3109 1851 quaecumque
3156 1782 3428 1837 deterior.
3481 1783 3583 1838 Ca-

1941 1867 2115 1922 rendo
2143 1872 2337 1922 autem
2370 1868 2717 1922 rectitudine
2748 1870 2908 1923 fieret
2940 1868 3093 1924 latus
3124 1869 3269 1925 illud
3302 1871 3580 1926 deterius.

1942 1957 2097 2011 Inest
2127 1972 2262 2027 ergo
2292 1955 2376 2010 illi
2410 1956 2543 2010 boni
2577 1956 2797 2029 aliquid
2831 1958 3137 2013 rectitudo.
3171 1960 3240 2013 Et
3274 1976 3584 2031 nunquam

1945 2044 2087 2099 mihi
2118 2045 2275 2100 dices
2307 2046 2461 2100 unde
2491 2046 2662 2111 inest,
2698 2046 2807 2101 nisi
2840 2046 2911 2101 ad
2944 2064 3077 2101 eum
3112 2051 3166 2102 te
3198 2049 3586 2116 contuleris,a

1944 2150 2058 2205 quo
2090 2134 2210 2189 sive
2243 2150 2455 2206 magna
2485 2134 2603 2189 sive
2634 2151 2827 2206 parva,
2862 2135 3059 2190 omnia
3087 2140 3281 2191 tamen
3313 2136 3467 2192 bona
3494 2153 3586 2206 es-

1944 2238 2006 2277 se
2038 2223 2340 2277 fateamur.
2375 2223 2483 2277 Sed
2506 2222 2633 2293 jam
2662 2240 2694 2277 a
2730 2222 2932 2279 lateris
2964 2224 3141 2294 hujus
3169 2225 3586 2283 consideratio-

1946 2327 2017 2365 ne
2047 2315 2417 2367 transeamus
2449 2312 2521 2366 ad
2552 2311 2686 2367 alia.

2014 2399 2243 2455 CAPUT
2275 2400 2593 2455 XXVIII.—-
2623 2402 2789 2456 3Lln
2815 2404 2962 2456 terra
2990 2402 3339 2457 tenebrarum
3357 2406 3588 2457 naturas

1945 2491 2186 2561 quinque
2212 2492 2364 2559 ponit
2387 2490 2740 2545 Manichwus.
2776 2521 2839 2531 —
2860 2492 3136 2558 Habitant,
3156 2491 3364 2561 inquit,
3397 2493 3458 2546 in
3488 2492 3590 2547 illa

1946 2587 2093 2633 terra
2126 2580 2284 2649 ignea
2313 2594 2557 2648 corpora,
2604 2595 2806 2649 genera
2842 2580 3046 2634 scilicet
3092 2580 3384 2651 pesti/era.
3439 2579 3587 2636 Cum

1948 2666 2474 2737 dicit,habitabant;
2506 2668 2761 2722 animata
2792 2670 2991 2738 utique
3005 2673 3177 2739 atque
3200 2668 3450 2723 viventia
3465 2668 3591 2724 vult

1946 2756 2329 2828 intelligi.Sed
2359 2773 2429 2810 ne
2450 2757 2518 2811 de
2544 2757 2715 2811 verbo
2738 2756 3082 2812 calumniari
3101 2756 3245 2812 velle
3264 2757 3585 2829 videamur,

1949 2846 2319 2900 attendamus
2372 2846 2515 2900 istos
2564 2862 2763 2900 omnes
2811 2845 3167 2901 habitatores
3212 2852 3376 2901 terra:
3405 2845 3587 2915 illius,

1950 2935 2443 3003 quemadmodum
2474 2936 2534 2989 in
2567 2934 2825 3005 quinque
2856 2951 3069 3005 genera
3096 2935 3222 2989 viva
3250 2934 3584 2991 distribuat.

1951 3025 2047 3079 Hic
2093 3024 2353 3094 inﬁnitae,
2403 3023 2615 3093 inquit,
2662 3024 2920 3093 tenebrae,
2971 3039 3041 3079 ea:
3072 3022 3265 3078 eadem
3307 3038 3593 3079 manantes

1948 3116 2159 3167 natura
2190 3113 2748 3177 inmstimabilesmum
2776 3114 3019 3183 propriis
3050 3112 3273 3184 fetibus:
3297 3113 3445 3167 ultra
3460 3128 3598 3183 quas

1952 3212 2107 3258 erant
2136 3218 2291 3273 aqua:
2315 3216 2541 3258 caenosa:
2569 3218 2633 3257 ac
2661 3200 2895 3257 turbidae
2915 3218 3035 3256 cum
3056 3203 3172 3256 suis
3195 3201 3594 3256 inhabitatori-

1956 3292 2185 3361 bus;qua
2196 3307 2318 3344 rum
2338 3292 2572 3345 interius
2584 3292 2729 3345 venti
2739 3289 3032 3345 horribiles
3047 3298 3097 3345 et
3120 3291 3456 3346 vehementes
3469 3306 3594 3345 cum

1951 3395 2047 3435 suo
2065 3380 2313 3450 principe
2328 3388 2378 3434 et
2397 3378 2757 3447 genitoribus.
2789 3379 3019 3433 Rursum
3036 3394 3185 3447 regio
3210 3380 3373 3447 ignea
3402 3382 3451 3433 et
3472 3395 3592 3434 cor-

1952 3469 2232 3540 ruptibilis
2278 3484 2402 3523 cum
2428 3470 2542 3523 suis
2587 3468 2816 3522 ducibus
2844 3470 2893 3521 et
2912 3468 3247 3522 nationibus.
3276 3468 3419 3521 Pari
3445 3482 3596 3522 more

1950 3560 2257 3613 introrsum
2278 3573 2412 3627 gens
2427 3558 2659 3627 calignis
2675 3573 2738 3611 ac
2757 3558 2902 3626 fumi
2918 3556 3100 3626 plena,
3136 3557 3193 3609 in
3214 3571 3323 3627 qua
3340 3556 3593 3610 moraba-

1951 3657 2039 3702 tur
2063 3647 2322 3701 immanis
2342 3649 2592 3716 princeps
2609 3649 2661 3699 et
2682 3648 2927 3700 omnium
2963 3645 3095 3707 (tux,
3119 3644 3319 3699 habens
3340 3645 3497 3699 circa
3536 3659 3596 3701 se

1946 3735 2377 3793 innumerabiles
2383 3737 2921 3807 principes,quorum
2934 3735 3599 3804 omniumipseeratmens

1947 3832 1998 3883 et
2024 3829 2192 3897 origo:
2219 3830 2409 3895 haeque
2428 3829 2656 3896 fuerunt
2676 3833 2895 3880 naturae
2915 3825 3155 3894 quinque
3180 3832 3343 3878 terrae
3365 3825 3593 3894 pesti/e-

1950 3935 2044 3975 ναξ.
2079 3915 2612 3973 Animadvertimus
2654 3912 2909 3984 quinque
2932 3917 3171 3967 naturas
3194 3910 3362 3983 quasi
3399 3915 3596 3981 partes

1952 4008 2126 4063 unius
2140 4012 2277 4062 natu
2288 4020 2562 4075 rae,quam
2581 4007 2743 4057 vocat
2756 4006 2970 4056 terram
2987 4000 3439 4071 pestiferamﬂae
3454 4002 3597 4055 sunt

1950 4102 2144 4151 autem
2173 4113 2185 4151 :
2229 4095 2501 4161 tenebrae,
2560 4108 2743 4162 aqua,
2776 4090 2950 4156 venti,
2985 4089 3159 4161 ignis,
3196 4089 3415 4154 fumus,
3446 4104 3595 4159 quas

1950 4185 2205 4257 quinque
2236 4190 2475 4240 naturas
2524 4182 2606 4235 sic
2650 4179 2901 4242 ordinat,
2936 4182 2998 4232 ut
3029 4177 3341 4233 exteriores
3373 4176 3594 4232 ceteris

1951 4276 2069 4331 sint
2096 4274 2407 4341 tenebrae,a
2433 4270 2651 4341 quibus
2680 4283 2987 4322 numerare
3021 4266 3406 4338 incipit.lntra
3435 4270 3594 4321 tene-

1951 4365 2106 4430 bras,
2141 4378 2326 4434 aquas
2354 4358 2692 4424 constituit;
2745 4357 2898 4410 intra
2927 4371 3131 4427 aquas,
3167 4360 3407 4422 ventos;
3440 4355 3597 4410 intra

1950 4458 2173 4518 ventos,
2208 4451 2441 4522 ignem;
2474 4448 2629 4502 intra
2660 4446 2875 4515 ignem,
2910 4444 3160 4498 fumum.
3194 4444 3262 4498 Et
3300 4443 3597 4498 habebant

1952 4541 2079 4596 istze
2110 4539 2369 4613 quinque
2393 4541 2615 4592 natura)
2636 4551 2743 4589 sua
2765 4549 3009 4605 qumque
3023 4532 3597 4604 generainhahitato—

1952 4647 2082 4685 rum
2108 4642 2504 4697 suorum,qute
2536 4622 2920 4678 nihilominus
2940 4622 3197 4693 quinque
3228 4622 3597 4685 sunt.Quaaro

1953 4733 2206 4789 namque
2242 4720 2437 4771 utrum
2470 4729 2655 4786 genus
2686 4728 2868 4765 unum
2897 4710 3289 4765 habitantium
3335 4710 3509 4765 fuerit
3537 4709 3597 4764 in

1951 4806 2227 4863 omnibus
2260 4803 2519 4876 quinque
2550 4800 2798 4869 naturis,
2832 4815 2902 4853 an
2937 4798 3165 4854 diversa
3194 4796 3599 4871 genera,sicut

1954 4901 2171 4952 naturae
2204 4894 2343 4965 ipsa:
2384 4892 2622 4946 diversae
2669 4894 2823 4944 sunt.
2887 4887 3118 4943 Diversa
3153 4888 3333 4942 fuisse
3364 4901 3599 4957 respon-

1953 4987 2110 5055 dent,
2144 4989 2201 5040 et
2230 4982 2301 5038 de
2327 4980 2459 5037 aliis
2483 4978 2650 5034 libris
2679 4978 2760 5032 ita
2781 4978 3008 5045 docent,
3034 4976 3189 5047 quod
3220 4974 3468 5031 tenebrae
3491 4973 3595 5030 ha-

1952 5076 2206 5130 buerunt
2236 5074 2531 5143 serpentes
2559 5086 2571 5133 ;
2606 5084 2789 5139 asque,
2825 5070 3110 5135 natantes,
3136 5065 3287 5119 sicut
3318 5068 3455 5119 sunt
3485 5062 3599 5135 pis-

1953 5180 2085 5220 ces:
2120 5161 2295 5230 venti,
2344 5159 2626 5224 volantes,
2684 5155 2835 5210 sicut
2881 5158 3020 5209 sunt
3071 5170 3241 5215 aves;
3274 5152 3427 5225 ignis
3456 5168 3597 5222 qua-

1954 5253 2243 5324 drupedes
2270 5254 2310 5316 1,
2360 5249 2515 5304 sicut
2561 5250 2701 5302 sunt
2731 5244 2887 5317 equi,
2918 5242 3135 5310 leones,
3167 5249 3225 5298 et
3252 5246 3459 5296 caetera
3489 5240 3602 5297 hu-

1947 5340 2210 5412 jusmodi
2246 5356 2258 5405 ;
2294 5340 2512 5405 fumus,
2548 5334 2809 5406 bipedes,
2843 5332 2995 5386 sicut
3034 5334 3173 5385 sunt
3202 5328 3491 5385 homines.

2026 5428 2258 5485 CAPUT
2287 5425 2476 5482 XXIX.
2504 5456 2567 5465 —
2598 5424 2685 5478 32.
2720 5420 3012 5491 Refeltitur
3042 5418 3139 5473 hoc
3176 5419 3604 5475 deliramentum

1956 5520 2098 5587 Quis
2122 5517 2305 5591 igitur
2320 5516 2435 5571 ista
2473 5509 2804 5569 ordinavit?
2826 5507 2956 5579 quis
2973 5507 3273 5563 distribuit
3293 5512 3468 5580 atque
3491 5507 3607 5563 dis-

2020 5754 2037 5788 1
2070 5751 2156 5802 Sic
2189 5749 2310 5798 Mss.
2341 5747 2406 5796 At
2434 5744 2584 5812 editi,
2618 5739 2851 5812 tenebras
2898 5738 3277 5812 habitauerunf
3308 5740 3608 5812 serpentes;

1955 5800 2119 5880 aquas
2140 5813 2399 5880 natantes,
2427 5809 2553 5856 sicut
2568 5800 2698 5880 sunt
2727 5803 2927 5880 pisces,“
2971 5807 3146 5855 ventos
3194 5800 3443 5863 volantes,
3472 5800 3605 5852 sicut

1954 5864 2072 5929 sunt
2095 5888 2249 5939 aves;
2276 5864 2419 5937 ignes
2447 5864 2811 5937 quadrupedes
2841 5864 2941 5917 etc.
