4638 6534
831 391 952 452 203

831 524 1104 595 injuriam
1136 524 1341 595 putare
1375 536 1487 575 non
1522 519 1629 574 hoc
1658 535 1785 574 esse
1806 518 1959 591 quod
1986 522 2137 573 Deus
2158 516 2473 586 est,etideo

831 614 986 671 nolle
1015 628 1141 668 esse
1170 610 1403 682 aliquod
1433 610 1671 677 bonum,
1710 607 1984 680 quoniam
2019 606 2069 663 ei
2124 606 2473 677 praeponitur

831 704 1004 760 Deus.
1036 702 1256 771 Quaeso,
1290 703 1506 772 patere,
1540 702 1748 753 natura
1779 696 1985 753 animae
2019 695 2339 763 rationalis,
2370 694 2471 750 ali-

828 794 1044 863 quanto
1070 789 1264 845 minus
1290 794 1341 843 le
1365 804 1492 844 esse
1515 802 1689 859 quam
1705 786 1857 843 Deus
1874 789 2043 852 est,et
2061 790 2222 842 tanto
2240 784 2466 850 minus,

826 884 892 937 ut
920 883 1053 953 post
1083 878 1279 951 ipsum
1310 880 1367 933 te
1400 874 1609 933 melius
1639 875 1855 948 aliquid
1879 891 1992 931 non
2025 875 2118 931 sit.
2145 874 2467 940 Patere,in-

825 973 1098 1042 quam,et
1120 965 1354 1023 mitesce
1376 965 1460 1021 illi
1487 983 1500 1035 ;
1522 981 1592 1021 ne
1610 968 1664 1021 te
1686 964 1877 1021 adhuc
1898 963 2140 1036 repellat
2159 963 2216 1020 in
2239 962 2463 1031 infima,

824 1057 925 1113 ubi
948 1073 1050 1129 per
1071 1055 1373 1129 angustias
1390 1053 1645 1128 poenales
1659 1053 1833 1110 etiam
1857 1058 2032 1127 atque
2053 1053 2225 1109 etiam
2244 1053 2462 1108 bonum

824 1146 980 1219 quod
1003 1162 1064 1202 es
1085 1145 1324 1201 vilescat
1364 1144 1489 1199 tibi.
1516 1144 1776 1215 Superba
1809 1159 1870 1199 es
1910 1144 1965 1199 in
1996 1144 2197 1211 Deum,
2233 1142 2281 1198 si
2313 1141 2464 1196 indi-

822 1234 1022 1308 gnaris
1053 1235 1205 1305 quod
1228 1238 1281 1289 te
1310 1233 1633 1301 antecedit;
1665 1237 1721 1289 et
1743 1232 1917 1288 nimis
1949 1230 2370 1289 contumeliose
2393 1231 2464 1287 de

820 1324 919 1380 illo
969 1325 1173 1390 sentis,
1214 1322 1264 1378 si
1296 1340 1409 1378 non
1443 1320 1813 1377 inell'abiliter
1841 1320 2155 1394 gratularis
2186 1326 2305 1377 tam
2339 1337 2463 1375 ma-

819 1430 1000 1487 gnum
1019 1415 1235 1468 bonum
1254 1428 1381 1468 esse
1403 1414 1547 1483 te,ut
1569 1410 1728 1467 solus
1746 1411 1821 1467 sit
1838 1410 1933 1466 ille
1952 1410 2460 1483 praestantiorQuo

816 1502 1130 1558 constituto
1154 1504 1324 1572 atque
1347 1500 1741 1568 ﬁrmato,illud
1765 1516 1836 1555 ne
1858 1500 2135 1555 dixeris‘:
2162 1500 2250 1555 Me
2274 1499 2458 1554 solam

813 1599 1078 1646 naturam
1104 1590 1254 1645 Deus
1280 1590 1463 1645 facere
1486 1589 1683 1644 debuit
1707 1606 1719 1657 ;
1764 1587 1976 1644 nollem
2002 1594 2067 1644 ut
2089 1598 2213 1660 post
2239 1604 2330 1643 me
2352 1588 2457 1643 ali—

809 1680 948 1753 quid
980 1680 1114 1736 boni
1144 1680 1325 1734 ﬁeret.
1358 1678 1484 1733 Non
1517 1678 1673 1733 enim
1722 1678 1877 1750 quod
1927 1678 2144 1733 bonum
2194 1682 2284 1734 est
2330 1682 2459 1747 post

807 1768 1147 1840 Deum,jam
1171 1767 1371 1822 debuit
1388 1783 1515 1823 esse
1540 1767 2024 1823 novissimum.Et
2046 1767 2181 1822 hinc
2204 1768 2457 1822 maxime

806 1863 1047 1931 apparet
1061 1861 1339 1929 quantam
1354 1855 1461 1911 tibi
1474 1856 1743 1911 tribuerit
1756 1857 1787 1911 d
1799 1856 2284 1927 ignitatem,quod
2301 1856 2453 1911 Deus

807 1946 908 2020 qui
949 1946 1222 2003 solustibi
1249 1945 1595 2002 naturaliter
1625 1945 1980 2013 dominatur,
2014 1945 2147 2001 fecit
2167 1944 2281 2001 alia
2300 1945 2454 2000 bona

806 2036 1020 2109 quibus
1046 2040 1108 2091 tu
1142 2050 1371 2107 quoque
1418 2034 1820 2091 dominareris.
1857 2035 1971 2090 Nec
2021 2035 2250 2090 mireris
2294 2034 2448 2105 quod

804 2141 961 2180 nunc
991 2124 1096 2180 tibi
1127 2141 1241 2180 non
1272 2123 1432 2180 omni
1460 2123 1632 2179 modo
1663 2124 1942 2192 serviunt,
1966 2128 2022 2179 et
2050 2127 2105 2180 te
2140 2123 2448 2195 aliquando

803 2214 979 2270 etiam
1004 2214 1303 2270 cruciant:
1332 2214 1468 2286 quia
1499 2213 1778 2269 Dominus
1808 2217 1944 2269 tuus
1975 2214 2253 2285 majorem
2288 2217 2447 2283 pote-

801 2307 1011 2359 statem
1042 2302 1216 2359 habet
1245 2302 1305 2357 in
1354 2319 1420 2358 ea
1453 2319 1578 2374 quae
1611 2301 1715 2356 tibi
1747 2301 2021 2370 serviunt,
2064 2318 2239 2373 quam
2272 2306 2334 2356 tu
2385 2300 2444 2358 in

797 2392 926 2465 ipsa
955 2393 995 2461 ³,
1030 2397 1308 2463 tanquam
1346 2392 1406 2447 in
1440 2408 1637 2447 servos
1666 2406 1967 2446 servorum
2001 2408 2263 2447 suorum.
2296 2390 2444 2454 Quid

795 2497 931 2554 ergo
963 2481 1181 2537 mirum
1203 2481 1253 2537 si
1274 2481 1377 2536 tibi
1399 2479 1741 2551 peccanti,id
1765 2484 1855 2537 est
1878 2497 1993 2536 non
2017 2480 2441 2552 obtemperanti

792 2568 1040 2628 Domino
1071 2574 1195 2637 tuo,
1248 2568 1503 2641 poenalia
1540 2569 1750 2639 quibus
1792 2568 2194 2624 dominabaris
2243 2568 2443 2624 effecta

793 2659 976 2715 sunt?
1006 2660 1153 2726 Quid
1185 2658 1347 2729 enim,
1375 2663 1491 2713 tam
1520 2658 1772 2729 justum,
1805 2661 1861 2712 et
1890 2657 2030 2730 quid
2055 2657 2275 2728 justius
2295 2657 2442 2713 Deo?

794 2749 910 2804 Hoc
934 2765 1185 2820 namque
1203 2748 1461 2804 humana
1483 2747 1769 2803 naturain
1790 2748 1975 2802 Adam
2000 2746 2305 2813 meruit,de
2326 2762 2439 2818 quo

792 2854 947 2893 nunc
970 2855 1084 2893 non
1109 2842 1197 2893 est
1218 2836 1560 2908 disputandi
1578 2835 1867 2891 locuszsed
1891 2840 2085 2890 tamen
2111 2836 2441 2891 dominator

784 2926 983 2998 justus
1006 2928 1255 2999 etjustis
1274 2926 1526 2997 praemiis
1552 2924 1802 2996 etjustis
1821 2924 2122 2996 suppliciis
2152 2925 2438 2997 approba-

790 3016 1186 3084 tur,beatitate
1210 3022 1360 3072 recte
1385 3015 1701 3070 viventium
1726 3030 2013 3086 pcenaque
2045 3014 2432 3085 peccantium.

789 3104 906 3161 Nec
935 3111 1132 3160 tamen
1163 3104 1288 3161 sine
1312 3104 1709 3160 misericordia
1730 3102 2002 3158 derelicta
2023 3119 2237 3174 es,qua:
2262 3106 2435 3161 certis

788 3210 983 3251 rerum
1004 3198 1451 3266 temporumque
1474 3193 1759 3248 mensuris
1781 3192 2001 3247 vocaris
2024 3201 2083 3247 ut
2107 3193 2329 3248 redeas.
2352 3194 2434 3249 Ita

784 3288 940 3339 recto
964 3283 1361 3339 moderamine
1384 3280 1655 3337 altissimi
1675 3280 2002 3337 Conditoris
2020 3281 2221 3352 usque3
2241 3281 2311 3337 ad
2336 3281 2435 3337 bo-

783 3389 860 3429 na
879 3377 1108 3430 terrena
1140 3376 1475 3444 perventum
1514 3375 1754 3442 est,quaa
1784 3375 2239 3442 corrumpuntur
2258 3374 2313 3425 et
2343 3387 2431 3426 re-

783 3462 1132 3530 formantur,
1155 3467 1221 3517 ut
1242 3461 1485 3517 haberes
1502 3459 1787 3532 supplicio
1811 3459 1991 3514 mixta
2011 3459 2249 3528 solatia;
2295 3465 2358 3514 ut
2375 3465 2431 3515 et

777 3550 1050 3608 laudares
1084 3556 1264 3606 Deum
1306 3549 1587 3606 delectata
1620 3549 1820 3605 ordine
1850 3549 2158 3615 bonorum,
2184 3554 2239 3604 et
2269 3554 2429 3604 refu-

779 3655 945 3714 geres
974 3641 1035 3697 in
1065 3656 1202 3698 eum
1232 3640 1547 3697 exercitata
1574 3637 1985 3710 experimentis
2012 3637 2320 3693 malorum.
2345 3637 2426 3693 lta

777 3730 839 3786 in
860 3734 1149 3803 quantum
1169 3730 1278 3786 tibi
1307 3733 1537 3786 terrena
1565 3726 1844 3795 serviunt,
1860 3727 2069 3782 docent
2097 3732 2152 3782 te
2174 3743 2299 3783 esse
2318 3728 2425 3783 do-

779 3820 1004 3877 minam
1034 3836 1241 3889 suam;
1287 3820 1348 3876 in
1392 3825 1679 3892 quantum
1720 3821 1915 3872 autem
1962 3815 2207 3872 molesta
2261 3820 2419 3885 sunt,

779 3910 988 3966 docent
1017 3913 1081 3965 ut
1111 3909 1329 3966 servias
1361 3908 1606 3964 Domino
1639 3912 1760 3962 tuo.

850 3999 1085 4055 CAPUT
1113 3998 1403 4055 XXXVIII.
1437 4029 1506 4039 -—
1535 3998 1622 4052 44.
1655 3997 1867 4052 Natura
1906 4012 1942 4050 a
1978 3996 2103 4063 Deo,
2143 3998 2418 4069 corruptio

776 4106 850 4146 ex
863 4088 1438 4161 nihilo.Quapropter
1457 4086 1725 4159 quamvis
1748 4088 1825 4142 sit
1850 4086 2071 4140 malum
2101 4086 2412 4161 corruptio,

772 4185 831 4236 et
861 4179 1124 4250 quamvis
1155 4195 1272 4234 non
1302 4177 1378 4233 sit
1407 4194 1441 4233 a
1470 4177 1776 4232 Conditore
1814 4180 2181 4245 naturarum,
2215 4176 2314 4230 sed
2346 4193 2415 4232 ex

768 4286 835 4325 eo
864 4270 958 4337 sit,
980 4270 1135 4340 quod
1167 4269 1236 4323 de
1268 4266 1450 4323 nihilo
1485 4266 1642 4321 facta:
1675 4269 1809 4320 sunt
1834 4282 1847 4320 :
1868 4271 2063 4320 tamen
2086 4265 2259 4319 etiam
2284 4266 2413 4337 ipsa

764 4357 865 4414 illo
899 4363 1130 4431 regente
1150 4362 1207 4412 et
1226 4357 1587 4430 gubernante
1615 4354 1813 4411 omnia
1842 4371 1968 4424 quae
1994 4352 2234 4418 fecit,sic
2256 4354 2407 4410 ordi-

766 4453 903 4503 nata
931 4456 1037 4516 est,
1062 4453 1127 4503 ut
1156 4463 1271 4502 non
1303 4449 1527 4513 noceat,
1555 4444 1665 4498 nisi
1690 4443 1911 4498 naturis
1933 4442 2151 4499 inﬁmis
2173 4444 2241 4498 ad
2267 4462 2405 4516 sup-

762 4536 1007 4608 plicium
1039 4536 1471 4601 damnatorum,
1492 4541 1546 4589 et
1575 4532 2043 4588 exercitationem
2064 4532 2404 4589 admonitio-

762 4641 1013 4697 nemque
1048 4625 1439 4693 redeuntium,
1473 4627 1536 4678 ut
1566 4622 1882 4677 inhaereant
1914 4626 2023 4676 Deo
2050 4625 2402 4695 incorrupti-

760 4713 1281 4786 bili,maneantque
1312 4711 1819 4783 incorrupti,quod
1852 4728 2033 4765 unum
2066 4714 2153 4766 est
2184 4711 2399 4769 bonum

757 4809 1060 4872 nostrum;
1091 4805 1244 4859 sicut
1272 4821 1374 4875 per
1403 4801 1744 4874 prophetam
1779 4799 2010 4868 dicitur,
2041 4800 2177 4855 Mihi
2212 4812 2397 4859 autem

752 4893 1028 4951 inhaerere
1055 4895 1161 4949 Deo
1198 4893 1397 4950 bonum
1427 4894 1502 4947 est
1532 4889 1701 4961 (Psal.
1747 4906 1905 4958 Ixxn,
1939 4890 2049 4961 28).
2092 4890 2288 4963 Neque
2321 4892 2395 4948 il-

748 4984 850 5040 lud
873 4983 1123 5040 dixeris:
1152 4983 1277 5040 Non
1301 4979 1677 5036 faceretDeus
1702 4982 1940 5033 naturas
1962 4979 2390 5050 corruptibiles.

747 5071 809 5127 In
833 5077 1118 5143 quantum
1141 5070 1297 5126 enim
1334 5073 1551 5124 naturae
1569 5070 1728 5133 sunt,
1756 5071 1902 5122 Deus
1924 5067 2060 5123 fecit
2085 5084 2098 5123 :
2126 5069 2183 5125 in
2207 5086 2391 5140 quan-

743 5164 870 5217 tum
895 5164 1090 5217 autem
1123 5157 1670 5230 corruptibiles,non
1707 5157 1855 5211 Deus
1887 5156 2021 5213 fecit
2049 5174 2061 5225 ;
2096 5175 2209 5213 non
2233 5159 2389 5216 enim

743 5256 835 5306 est
856 5250 927 5306 ab
954 5250 1053 5306 illo
1080 5247 1392 5319 corruptio,
1410 5246 1509 5316 qui
1533 5244 1694 5301 solus
1716 5250 1805 5301 est
1827 5246 2304 5319 incorruptibilis.
2327 5250 2387 5306 Si

741 5338 863 5395 haec
895 5340 1075 5412 capis,
1098 5336 1315 5410 gratias
1345 5350 1451 5407 age
1469 5333 1616 5390 Deo:
1642 5334 1691 5391 si
1714 5351 1828 5391 non
1855 5334 2035 5408 capis,
2059 5338 2312 5410 quiesce,
2332 5343 2387 5395 et

799 5598 815 5632 ί
848 5594 984 5658 Editi
1009 5594 1094 5643 hic
1115 5594 1368 5655 addunt,o
1391 5594 1561 5643 animo
1583 5594 1835 5657 humana;
1855 5595 2000 5658 quod
2022 5610 2052 5646 a
2073 5599 2194 5647 Mss.
2212 5601 2377 5652 abest.

794 5662 815 5695 ³
844 5656 1057 5745 Iunias.
1079 5659 1352 5745 deestgn;
1390 5663 1448 5708 ut
1480 5672 1600 5719 vox,
1640 5659 1772 5723 ipsa,
1799 5656 2111 5711 rationalem
2146 5663 2377 5715 animum

729 5726 1078 5838 regpsliéalttise.
1205 5729 1622 5852 egitifqauosque.

1325 389 1638 450 CONTRA
1684 387 2131 448 EPISTULAM
2177 383 2603 460 MANICHIEI,
2652 385 2719 445 S.
2763 387 3192 449 AUGUSTINI
3238 389 3469 450 LIBER
3511 390 3747 454 UNUS.

4107 396 4211 458 204

2581 514 2699 571 noli
2716 520 2931 572 temere
2953 520 3210 576 nondum
3234 519 3527 577 intellecta
3549 522 3849 589 damnare;
3869 524 4211 598 supplexque

2581 604 2663 660 illi
2687 608 2787 679 qui
2816 607 3010 663 lumen
3035 615 3119 665 est
3144 611 3356 665 mentis
3382 612 3661 677 ‘,attende
3683 622 3743 667 ut
3762 613 4207 685 intelligas.Cum

2580 696 2735 751 enim
2767 696 2997 768 dicitur,
3031 703 3240 753 natura
3270 699 3699 771 corruptibilis;
3738 718 3851 757 non
3886 720 4085 772 unum,
4114 707 4205 761 sed

2577 785 2692 840 duo
2723 786 2955 842 nomina
2988 787 3442 845 dicuntur.1tem
3475 805 3609 845 cum
3641 791 3873 860 dicitur,
3914 792 4064 848 Deus
4090 794 4208 850 fecit

2575 874 2645 928 de
2674 874 2858 930 nihilo
2886 920 2898 943 ,
2930 892 3045 931 non
3076 893 3284 947 unum,
3336 877 3438 932 sed
3482 878 3598 933 duo
3638 879 3878 935 nomina
3925 882 4202 938 audimus.

2580 962 2777 1020 Redde
2806 980 2943 1038 ergo
2968 964 3098 1022 istis
3119 964 3371 1038 singulis
3396 966 3495 1021 illa
3516 966 3772 1040 singula,
3797 973 3861 1024 ut
3892 986 4023 1026 cum
4055 972 4208 1028 audis

2576 1057 2866 1122 naturam,
2900 1055 2971 1110 ad
3003 1055 3185 1111 Deum
3221 1057 3541 1128 pertineat;
3574 1073 3707 1113 cum
3739 1059 3905 1115 audis
3935 1064 4207 1133 corrupti-

2574 1140 2847 1205 bilem,ad
2882 1142 3129 1199 nihilum
3153 1159 3166 1198 :
3188 1143 3269 1199 ita
3297 1148 3492 1199 tamen
3527 1149 3591 1200 ut
3627 1145 3767 1216 ipsae
3795 1149 4204 1222 corruptiones,

2573 1232 2840 1301 quamvis
2869 1248 2983 1287 non
3015 1231 3135 1287 sint
3166 1248 3235 1288 ex
3264 1232 3365 1289 Dei
3398 1238 3540 1302 arte,
3572 1234 3630 1289 in
3677 1237 3803 1306 ejus
3831 1241 4025 1293 tamen
4056 1244 4204 1310 pote-

2572 1323 2721 1375 state
2751 1321 2868 1376 sint
2888 1321 3283 1393 disponenda,
3312 1338 3415 1393 pro
3446 1339 3640 1378 rerum
3674 1324 3877 1381 ordine
3907 1330 3964 1381 et
3992 1328 4206 1385 meritis

2570 1408 3060 1466 animarudeeo
3093 1414 3241 1466 recte
3258 1411 3509 1467 dicimus
3532 1413 3604 1468 ab
3626 1412 3727 1469 illo
3758 1430 3886 1470 esse
3908 1418 4201 1486 praemium

2571 1502 2743 1570 atque
2761 1499 3131 1572 supplicium.
3152 1505 3236 1555 Ita
3252 1500 3404 1555 enim
3430 1517 3544 1557 non
3568 1503 3589 1536 ³
3606 1501 3739 1558 feeit
3754 1480 4200 1576 corruptionem-
4302 1480 4327 1563 .l

2568 1591 2631 1643 ut
2662 1588 2846 1660 possit
2879 1589 3235 1660 corruptioni
3263 1605 3396 1644 eum
3444 1592 3582 1646 dare
3613 1592 3713 1663 qui
3760 1579 4053 1666 corriimpi
4088 1613 4202 1652 me-

2566 1679 2768 1744 ruerit,
2794 1678 2849 1733 id
2874 1686 2982 1747 est,
3005 1677 3105 1749 qui
3142 1679 3345 1750 seipse
3365 1680 3601 1751 coeperit
3624 1684 3915 1752 peccando
3948 1699 4202 1741 corrum-

2564 1782 2719 1838 pere,
2753 1772 2819 1822 ut
2856 1767 3215 1823 cruciantem
3258 1769 3473 1823 sentiat
3501 1771 3933 1842 corruptionem
3966 1773 4199 1843 invitus,

2563 1856 2661 1926 qui
2698 1856 3089 1912 blandientem
3125 1856 3421 1912 commisit
3447 1857 3646 1914 volens
3674 1859 3716 1914 ⁸.

2632 1945 2867 2001 CAPUT
2898 1945 3131 2001 XXXIX.
3163 1975 3234 1987 -—
3263 1947 3350 2002 45.
3385 1947 3528 2001 Mala
3571 1948 3837 2019 quomodo
3876 1952 3988 2006 sint
4018 1969 4053 2007 a
4073 1953 4196 2010 Deo.

2559 2033 2682 2089 Non
2717 2035 2872 2090 enim
2911 2035 2968 2091 in
2992 2035 3197 2091 Vetere
3237 2037 3605 2093 Testamento
3645 2042 3874 2095 tantum
3919 2041 4198 2114 scriptum

2557 2128 2663 2194 est,
2692 2128 2798 2195 Ego
2822 2126 2964 2195 facio
2986 2125 3147 2192 bona,
3173 2128 3224 2180 et
3242 2125 3410 2181 condo
3440 2127 3591 2182 mala
3619 2128 3776 2194 (lsai.
3807 2145 3938 2196 va,
3967 2130 4022 2202 8)
4051 2146 4065 2186 :
4098 2133 4199 2188 sed

2555 2212 2877 2269 evidentius
2908 2213 2965 2268 in
2992 2214 3271 2284 Novo,ubi
3304 2214 3587 2271 Dominus
3618 2216 3781 2283 dicit,
3804 2219 3980 2274 Nolite
4009 2222 4202 2278 timere

2554 2316 2641 2357 eos
2661 2302 2758 2373 qui
2778 2317 2972 2374 corpus
3001 2302 3326 2370 occidunt,et
3344 2304 3590 2374 amplius
3613 2321 3724 2361 non
3746 2305 3948 2363 habent
3962 2309 4092 2381 quid
4111 2313 4198 2381 [a-

2552 2392 2701 2446 ciant
2720 2408 2741 2451 ;
2761 2393 2861 2447 sed
2881 2408 3007 2447 eum
3026 2393 3231 2463 timete,
3246 2393 3344 2464 qui
3374 2409 3499 2448 cum
3519 2409 3711 2465 corpus
3732 2396 4007 2467 occiierit,
4039 2398 4201 2457 habet

2544 2483 2866 2551 potestatem
2884 2483 3134 2537 animam
3160 2484 3379 2537 mittere
3399 2484 3459 2537 in
3478 2481 3785 2551 gehennam
3812 2486 4019 2556 (Matth.
4041 2488 4193 2557 x,28,

2550 2575 2599 2624 et
2630 2571 2758 2624 Luc.
2799 2585 2900 2641 χιι,
2936 2570 3010 2641 li).
3048 2569 3397 2626 Voluntaria;
3436 2576 3634 2628 autem
3666 2576 4025 2647 corruptioni
4061 2578 4196 2634 addi

2541 2657 2765 2729 judicio
2788 2658 2983 2713 divino
3007 2659 3289 2731 poenalem
3314 2661 3766 2732 corruptionem,
3786 2665 4195 2724 manifestissi-

2550 2764 2642 2803 me
2664 2747 2965 2819 apostolus
2985 2747 3200 2803 Paulus
3221 2752 3547 2816 attestatur,
3568 2766 3701 2806 cum
3723 2751 3894 2808 dicit:
3915 2756 4192 2827 Templum

2546 2839 2698 2892 enim
2718 2838 2818 2892 Dei
2835 2846 3090 2893 sanctum
3111 2838 3364 2907 est,quod
3378 2840 3506 2893 estis
3527 2855 3619 2894 vos
3632 2857 3651 2893 :
3664 2843 3908 2913 quisquis
3926 2845 4193 2915 templum

2544 2926 2643 2982 Dei
2666 2928 2992 2998 corruperit,
3024 2930 3332 2997 corrumpet
3361 2927 3521 2983 illum
3550 2929 3688 2984 Deus
3719 2931 3768 3002 (ι
3801 2930 3926 2986 Cor.
3960 2949 4046 3003 xu,
4072 2934 4183 3007 17).

2546 3016 2707 3079 Quod
2738 3015 2785 3071 si
2819 3015 2875 3070 in
2907 3018 3099 3070 vetere
3146 3015 3292 3087 Lege
3323 3014 3542 3072 dictum
3577 3022 3750 3089 esset,
3782 3020 3993 3091 quibus
4023 3021 4191 3078 inve-

2543 3104 2833 3161 ctionibus
2880 3104 2975 3159 isti
3007 3104 3288 3175 impetum
3338 3106 3588 3161 fecerent
3624 3115 3968 3165 accusantes
4017 3114 4189 3182 quasi

2543 3198 2940 3266 corruptorem
2967 3194 3144 3248 Deum
3171 3192 3183 3247 Ι
3208 3195 3369 3259 Quod
3391 3197 3633 3251 verbum
3663 3201 3991 3255 metuentes
4013 3201 4188 3258 multi

2541 3282 2703 3337 latini
2726 3283 3090 3354 interpretes,
3115 3282 3429 3339 noluerunt
3451 3285 3663 3355 dicere,
3685 3299 4058 3360 corroumpel;
4082 3292 4186 3347 sed

2540 3370 2832 3439 dixerunt,
2850 3370 3116 3442 disperdat
3140 3372 3301 3426 illum
3329 3373 3467 3428 Deus
3486 3391 3505 3428 .·
3527 3379 3585 3429 et
3613 3390 3726 3429 non
3749 3375 4046 3433 deviantes
4069 3396 4102 3434 a
4125 3397 4189 3436 re

2538 3460 3073 3532 ipsa,oll‘ensionem
3096 3462 3359 3516 vocabuli
3384 3463 4060 3536 deviarunt.Quanquam
4085 3466 4188 3524 isti

2537 3567 2651 3605 non
2683 3550 2880 3605 minus
2903 3549 3314 3605 inveherentur
3335 3550 3389 3605 in
3413 3552 3763 3623 perditorem
3786 3554 4045 3624 Deum,si
4071 3556 4189 3615 hoc

2534 3639 2592 3693 in
2627 3640 2772 3711 Lege
2794 3646 2976 3694 vetere
3009 3647 3111 3694 aut
3133 3639 3432 3711 Prophetis
3464 3640 3806 3698 invenirent.
3831 3644 3942 3699 Sed
3973 3647 4187 3718 graecis

2530 3727 2962 3800 exemplaribus
2991 3729 3438 3797 convincuntur,
3471 3730 3529 3784 in
3565 3731 3778 3802 quibus
3809 3733 4184 3806 apertissime

2530 3818 2811 3889 seriptum
2838 3821 2945 3889 est,
2974 3818 3229 3889 Quisquis
3260 3819 3524 3890 templum
3573 3821 3669 3877 Dei
3708 3825 4027 3895 corruperit,
4060 3840 4185 3880 cor-

2526 3913 2741 3981 rumpet
2762 3909 2923 3964 illum
2944 3909 3105 3964 Deus.
3131 3908 3291 3973 Quod
3322 3907 3368 3963 si
3403 3908 3537 3981 quis
3568 3910 3640 3964 ab
3669 3910 3753 3967 eis
3782 3919 4180 3985 quaerat,quo-

2527 3999 2699 4055 modo
2730 3998 2948 4053 dictum
2975 3997 3087 4053 sit:
3111 4012 3183 4053 ne
3214 4003 3518 4070 corruptor
3546 4003 3784 4071 putetur
3818 4003 4175 4076 Deus,expo-

2524 4092 2674 4143 nunt
2694 4087 3227 4158 statim,corrumpet
3250 4087 3471 4142 dictum
3501 4091 4018 4163 esse,corruptioni
4052 4101 4176 4149 tra-

2522 4177 2655 4245 det;
2688 4175 2775 4232 vel
2807 4176 2854 4232 si
2885 4193 2998 4247 quo
3028 4175 3139 4231 alio
3191 4178 3362 4232 modo
3407 4182 3670 4248 possunt.
3716 4182 3837 4244 Quo
3888 4181 4082 4237 animo
4115 4184 4173 4239 si

2518 4269 2714 4323 essent
2732 4266 2788 4321 in
2809 4270 3060 4322 veterem
3083 4266 3375 4337 Legem,et
3395 4265 3581 4323 multa
3602 4267 3679 4323 ibi
3704 4269 3971 4324 miranda
3993 4271 4176 4327 intel-

2516 4355 2844 4427 1igerent,et
2873 4355 3133 4411 nondum
3164 4355 3456 4411 intellecta
3477 4373 3592 4411 non
3624 4373 3755 4412 cum
3775 4358 3904 4414 odio
3936 4358 4173 4416 lacera-

2516 4450 2661 4511 rent,
2688 4445 2785 4498 sed
2818 4460 2954 4499 cum
2983 4444 3197 4500 honore
3221 4444 3517 4500 differrent
3544 4445 3585 4500 ³.

2584 4534 2810 4590 CAPUT
2840 4534 2944 4588 XL.
2970 4565 3034 4574 —
3059 4535 3146 4588 46.
3174 4533 3466 4603 Corruplio
3495 4534 3672 4591 tendit
3699 4535 3771 4591 ad
3799 4553 3913 4591 non
3941 4555 4078 4594 esse.
4100 4540 4169 4596 Si

2510 4622 2641 4694 quis
2674 4627 2868 4678 autem
2901 4639 3015 4677 non
3046 4622 3312 4678 creditex
3343 4622 3526 4679 nihilo
3548 4641 3676 4681 esse
3696 4627 4165 4700 corruptionem,

2508 4717 2796 4784 proponat
2824 4711 2935 4768 sibi
2967 4711 3088 4768 haac
3118 4712 3253 4782 duo,
3304 4727 3431 4768 esse
3461 4716 3517 4768 et
3547 4730 3662 4769 non
3693 4731 3842 4785 esse,
3884 4718 4053 4788 quasi
4091 4736 4168 4775 ex

2507 4800 2749 4858 diversis
2779 4801 3077 4874 partibus;
3106 4801 3467 4874 intelligendi
3489 4805 3695 4875 gratia,
3720 4814 3780 4860 ut
3801 4822 3934 4861 cum
3964 4809 4164 4865 tardis

2503 4890 3347 4947 tardiusambulemuszdeinde
3370 4891 3597 4948 velutin
3622 4894 3810 4950 medio
3832 4895 4166 4954 constituat

2502 4980 2812 5052 aliquid,ut
2834 4984 2974 5052 puta
2993 4997 3202 5053 corpus
3229 4981 3565 5049 animantis,
3597 4988 3654 5038 et
3677 4989 3894 5054 quaerat
3924 4985 4031 5041 hoc
4066 5003 4165 5043 se-

2500 5086 2655 5138 cum,
2689 5070 2828 5125 dum
2863 5071 3147 5126 formatur
3173 5069 3319 5125 illud
3352 5087 3562 5143 corpus
3598 5077 3653 5127 et
3683 5073 3966 5140 nascitur,
3999 5076 4156 5133 dum

2498 5164 2746 5233 augetur
2774 5160 2902 5232 ejus
2933 5160 3175 5232 species,
3201 5160 3479 5228 nutritur,
3514 5161 3878 5234 convalescit,
3912 5164 4159 5223 robora-

2556 5478 2572 5510 ¹
2605 5478 2681 5526 Ita
2708 5477 2829 5525 Mss.
2861 5473 2998 5523 Editi
3029 5475 3224 5531 autem,
3257 5473 3347 5536 qui
3375 5472 3542 5523 lumen
3575 5475 3760 5525 mentis
3789 5476 4039 5529 accendit.

2553 5540 2574 5575 ³
2603 5542 2659 5587 In
2686 5538 2839 5603 editis
2868 5536 3005 5603 male
3036 5536 3119 5603 hic
3148 5536 3341 5603 omissa
3372 5542 3495 5603 erat
3514 5540 3774 5601 particula
3801 5554 4021 5603 negans.

2549 5604 2571 5638 δ
2600 5602 2754 5659 Editi,
2786 5600 3134 5665 blandientem
3168 5597 3363 5665 illicita
3400 5597 3743 5665 oblectatione
3772 5597 4142 5665 concupiscen-

2488 5666 2615 5715 tiam
2643 5662 2893 5712 commisit
2934 5658 3122 5710 uolens.
3168 5661 3532 5724 Expunximus
3574 5664 3687 5714 haec
3732 5658 4144 5723 verbafillicita

2486 5728 2820 5796 ablegatione
2847 5723 3442 5796 cvncupiscentiamﬂuaa
3464 5727 3658 5796 absunt
3683 5741 3713 5778 a
3728 5730 4140 5796 manuscriptis.

2548 5793 2570 5829 ι
2596 5789 2750 5851 Editi,
2782 5788 3063 5852 deferrent.
3094 5789 3271 5838 verius
3298 5788 3442 5850 Msa,
3473 5789 3766 5856 differrmt.
