4638 6456
458 439 585 500 213

461 579 586 641 tur,
629 573 702 628 ad
735 572 1262 628 demonstrandum
1321 570 1638 638 Christum,
1672 587 1797 642 qua:
1847 587 1960 624 non
1995 575 2118 624 erat

454 667 670 718 exorta
698 668 819 730 est;
855 679 969 717 non
1003 662 1128 716 ideo
1181 661 1450 715 Christus
1499 665 1670 715 natus
1703 665 1791 713 est
1839 659 1976 729 quia
2019 658 2117 712 illa

452 752 827 818 exstitit,sed
850 752 978 806 ideo
1011 749 1109 804 illa
1138 750 1508 815 exstititquia
1525 749 1787 804 Christus
1811 755 1981 803 natus
2003 754 2110 803 est.

460 840 658 906 Unde,
692 840 742 894 si
773 841 885 894 dici
919 845 1225 911 oporteret,
1261 855 1374 894 non
1430 837 1657 892 stellam
1718 837 1963 905 Christo,
2010 838 2109 892 sed

453 931 765 985 Christum
834 928 1014 984 stella:
1072 927 1256 982 fatum
1323 927 1503 981 fuisse
1567 927 1914 980 diceremus.
1981 931 2108 996 Ipse

449 1020 678 1090 quippe
709 1017 816 1083 illi,
853 1035 966 1072 non
997 1016 1098 1071 illa
1127 1017 1262 1071 huic
1294 1016 1568 1070 nascendi
1613 1015 1804 1069 attulit
1844 1031 2102 1070 causam.

453 1108 502 1163 si
537 1123 684 1179 ergo
719 1112 859 1161 sunt
888 1108 1005 1160 fata
1043 1122 1169 1175 quas
1215 1123 1248 1159 a
1296 1106 1490 1170 fando,
1545 1103 1604 1158 id
1645 1109 1750 1170 est,
1795 1121 1828 1158 a
1857 1104 2102 1159 dicendo

448 1196 757 1268 appellata
784 1201 960 1250 sunt:
987 1195 1266 1266 quoniam
1289 1193 1556 1248 Christus
1586 1192 1836 1248 Verbum
1862 1192 1960 1248 Dei
1991 1197 2098 1260 est,

439 1285 501 1341 in
533 1301 658 1358 quo
681 1289 956 1356 anteqam
987 1284 1374 1351 essent,dicta
1396 1288 1534 1337 sunt
1562 1282 1794 1346 omnia;
1829 1299 1940 1336 non
1969 1299 2099 1336 con-

437 1372 693 1430 sortium
724 1373 986 1430 siderum
1010 1373 1191 1427 fatum
1223 1371 1437 1426 Christi
1459 1375 1564 1437 est,
1586 1372 1681 1425 sed
1716 1372 1897 1424 fatum
1922 1370 2093 1425 etiam

437 1462 716 1518 siderum
746 1462 1012 1518 Christus
1043 1466 1163 1516 est:
1196 1460 1294 1531 qui
1342 1465 1398 1516 et
1447 1461 1636 1530 ipsam
1690 1476 1922 1514 carnem
1983 1461 2092 1514 sub

435 1550 583 1608 emlo
617 1556 882 1607 creatam
914 1567 981 1605 ea
1008 1549 1304 1605 voluntate
1356 1550 1700 1619 assumpsit,
1750 1565 1866 1619 qua
1914 1548 2090 1603 etiam

434 1639 650 1694 coelum
681 1641 936 1704 ereavit;
981 1656 1050 1693 ea
1098 1643 1378 1709 potestate
1429 1638 1697 1708 deposuit
1744 1642 1801 1692 et
1849 1639 2086 1709 recepit,

435 1744 552 1800 qua
580 1729 768 1783 etiam
803 1727 1092 1782 sideribus
1125 1726 1447 1798 imperavit.

502 1815 747 1872 CAPUT
767 1815 1075 1871 VL—Cur
1106 1832 1240 1886 ergo
1275 1833 1387 1870 non
1415 1816 1489 1868 sit
1522 1815 1898 1886 Evangelium
1930 1817 2083 1886 quod

431 1906 502 1962 de
531 1905 652 1961 ista
681 1905 1056 1976 generatione
1088 1910 1375 1968 narratur,
1410 1920 1540 1958 cum
1574 1909 1691 1958 tam
1735 1906 1885 1959 bona
1917 1906 2084 1960 nobis

431 1994 844 2059 annuntietur,
870 1999 936 2048 ut
965 2010 1064 2065 per
1095 1993 1315 2065 ipsam'
1342 1999 1538 2046 nostra
1569 1998 1805 2047 sanetur
1835 1993 2081 2049 infirmi-

428 2083 554 2138 tas?
575 2087 664 2138 An
699 2082 842 2153 quia
860 2081 1150 2136 Mattheus
1182 2098 1294 2135 non
1327 2087 1415 2135 est
1439 2081 1517 2134 ita
1548 2097 1808 2149 exorsus,
1835 2089 1897 2135 ut
1924 2084 2078 2137 dice-

432 2172 797 2236 ret,Initium
823 2172 1109 2240 Evangelii
1129 2173 1255 2226 Iesu
1288 2171 1512 2231 Christi,
1538 2171 1785 2225 sicutait
1826 2172 2074 2239 Marcus;

431 2261 552 2330 sed,
582 2261 756 2316 Liber
781 2261 1155 2331 generationis
1174 2262 1298 2316 Iesu
1330 2259 1574 2314 Christi?
1605 2259 1720 2314 Hoc
1755 2261 1923 2315 modo
1973 2279 2076 2316 nec

429 2348 685 2406 Joannes
709 2349 1088 2422 Evangelium
1129 2349 1436 2420 scripsisse
1492 2348 1737 2417 dicatur,
1788 2350 1924 2419 quia
1969 2368 2073 2405 nec

428 2437 548 2508 ipse
579 2439 683 2507 ait,
710 2437 948 2494 initium
979 2437 1410 2510 Evangelii,aut
1433 2437 1601 2492 Liber
1619 2437 2068 2510 Evangelii;sed,

425 2528 484 2582 In
508 2528 790 2600 principio
817 2535 939 2584 erat
973 2529 1199 2584 Verbum
1229 2528 1408 2599 (Joan.
1443 2544 1484 2596 ι,
1517 2526 1588 2596 1).
1624 2527 1747 2584 Nisi
1779 2526 1923 2582 forte
1948 2533 2066 2584 tam

482 2672 500 2707 ¹
529 2669 658 2735 Tres
679 2669 970 2735 Mas.,quod
992 2671 1088 2718 ista
1113 2669 1175 2718 de
1189 2669 1514 2735 generatione
1529 2672 1942 2735 narraliturmum
1958 2672 2062 2720 tam

429 2731 552 2796 bona
565 2731 714 2796 nobis
735 2731 1311 2795 ann‘untienturmt'per
1342 2733 1592 2796 ipsa.Am.
1611 2736 1662 2781 et
1682 2733 1784 2791 Er.,
1816 2746 1924 2780 cum
1956 2736 2060 2782 tam

425 2792 548 2845 bona
580 2795 735 2846 nobis
762 2796 1155 2855 annuntientur,
1187 2792 1238 2844 ut
1262 2792 1371 2859 ρον(
1390 2797 1573 2858 ipsum.

1861 435 2091 496 LIBER
2132 435 2498 498 TERTIUS.

3758 425 3877 486 2M

2228 570 2462 639 elegans
2493 567 2906 624 vocabulorum
2938 564 3248 622 fabricator
3279 563 3527 618 Faustus
3560 558 3685 625 fuit,
3720 565 3783 614 ut
3813 565 3869 616 et

2232 659 2332 713 hoc
2356 658 2599 714 Joannis
2631 658 2953 726 exordium,
2973 653 3311 710 Verbidium
3329 649 3866 720 nominaverit,pro-

2225 753 2352 818 pter
2385 748 2664 814 Verbum;
2697 747 2848 802 sicut
2874 745 3037 810 illud,
3064 746 3294 814 propter
3319 738 3600 812 genesim,
3630 738 3860 793 Genesi-

2224 837 2384 890 dium
2420 853 2598 891 ausus
2622 842 2708 890 est
2738 834 3047 907 appellare.
3072 832 3180 887 Sed
3205 847 3307 884 cur
3338 845 3449 883 non
3485 827 3679 899 potius
3702 828 3856 899 cogi-

2219 925 2377 992 tatis,
2413 931 2633 995 quanta
2673 922 3036 994 impudentia
3067 918 3318 992 prolixas
3367 916 3493 970 illas
3543 921 3598 970 et
3641 915 3854 986 impias

2215 1014 2445 1069 fabulas
2476 1019 2692 1068 vestras
2723 1011 3088 1083 Evangelium
3123 1005 3477 1062 nominetis?
3508 1005 3653 1070 Quid
3694 1005 3847 1059 enim

2214 1101 2330 1157 illic
2364 1103 2496 1158 boni
2529 1102 2929 1168 annuntialur,
2964 1099 3062 1154 ubi
3113 1097 3328 1152 dicitur
3376 1095 3530 1148 Deus
3573 1093 3848 1148 adversus

2211 1191 2484 1248 rebellem
2518 1192 2709 1247 nescio
2743 1206 2920 1262 quam
2953 1185 3302 1243 contrariam
3337 1183 3703 1253 alienamque
3748 1199 3850 1236 na-

2209 1286 2402 1336 turam
2430 1298 2544 1336 non
2575 1281 2740 1336 aliter
2787 1295 2965 1351 regno
3010 1293 3115 1332 suo
3171 1274 3430 1346 potuisse
3490 1271 3851 1343 prospisccre

2205 1374 2379 1442 atque
2410 1370 2730 1435 consulere,
2762 1368 2874 1423 nisi
2906 1372 3128 1439 partem
3161 1381 3278 1419 sure
3304 1366 3521 1417 naturae
3544 1359 3703 1415 illius
3727 1359 3844 1414 avi-

2202 1460 2308 1515 das
2327 1460 2520 1515 fauces
2549 1458 2938 1515 devorandam
2971 1455 3244 1518 mitteret,
3277 1455 3449 1522 atque
3479 1450 3560 1504 ita
3578 1449 3840 1520 polluen-

2202 1550 2359 1615 dam,
2393 1554 2457 1603 ut
2487 1553 2618 1620 post
2656 1553 2849 1602 tantos
2895 1545 3122 1600 labores
3172 1548 3345 1612 atque
3379 1539 3671 1594 cruciatus
3719 1555 3833 1592 non

2198 1643 2397 1710 posset
2426 1637 2627 1693 saltem
2661 1642 2778 1692 tota
2807 1634 3041 1707 purgari
3061 1633 3087 1687 ‘I
3120 1633 3279 1687 Itane
3309 1634 3428 1684 tam
3460 1627 3648 1682 malus
3682 1646 3830 1682 nun-

2197 1726 2315 1782 tius
2343 1726 2715 1798 Evangelium
2748 1725 2877 1779 est?
2906 1727 3066 1778 Certe
3088 1736 3290 1776 omnes
3318 1718 3416 1789 qui
3439 1734 3619 1789 graece
3643 1717 3727 1771 vel
3753 1723 3833 1772 te-

2197 1815 2390 1869 nuiter
2407 1819 2708 1884 noverunt,
2734 1811 3132 1883 Evangelium,
3164 1810 3385 1863 Bonum
3408 1805 3701 1872 nuntium,
3735 1810 3831 1860 aut

2194 1907 2410 1958 Bonam
2432 1902 2931 1958 annuntiationem
2957 1895 3834 1969 interpretantur.Quomodoest

2193 1998 2387 2046 autem
2413 1993 2519 2047 iste
2537 1993 2724 2047 bonus
2747 1991 3013 2053 nuntius,
3032 1984 3502 2059 quandoquidem
3523 1984 3647 2054 ipse
3679 1983 3830 2038 Deus

2189 2081 2372 2143 vobis,
2388 2081 2508 2136 velo
2527 2081 2637 2136 sibi
2664 2080 2948 2152 opposito,
2978 2077 3174 2149 lugere
3194 2073 3497 2128 nuntiatus
3515 2076 3620 2140 est,
3645 2073 3828 2126 donec

2188 2186 2295 2225 sua
2317 2171 2580 2225 membra
2603 2171 2673 2224 ab
2692 2170 2790 2224 illa
2818 2168 3137 2223 vastatione
3159 2169 3213 2220 et
3230 2161 3722 2219 contaminatione
3746 2177 3827 2216 re-

2188 2263 2465 2328 parentur
2494 2263 2667 2328 atque
2699 2255 3056 2328 purgentur?
3107 2253 3205 2325 qui
3256 2251 3303 2306 si
3344 2249 3661 2322 aliquando
3699 2249 3822 2303 lue-

2183 2349 2311 2401 tum
2341 2347 2575 2408 finierit.
2609 2346 2860 2401 crudelis
2911 2345 3021 2400 erit
3064 2342 3211 2409 Quid
3260 2340 3414 2395 enim
3448 2339 3517 2392 de
3548 2337 3644 2392 illo
3675 2339 3821 2392 male

2182 2436 2395 2490 meruit
2426 2453 2560 2508 pars
2591 2435 2688 2490 illa
2709 2436 2836 2505 ejus
2877 2451 3003 2506 quas
3029 2433 3087 2487 in
3120 2431 3291 2503 globo
3343 2427 3662 2500 ligabitur?
3691 2444 3818 2497 quaa

2181 2523 2461 2594 utiquein
2507 2529 2785 2579 internum
2834 2523 3089 2595 lugenda
3115 2525 3221 2590 est,
3255 2518 3393 2590 quia
3428 2517 3486 2571 in
3529 2519 3811 2572 aeternum

2175 2612 2568 2668 damnabitur.
2593 2613 2704 2669 Sed
2734 2612 3047 2680 evasimus,
3105 2607 3255 2682 quod
3305 2607 3486 2662 istum
3536 2603 3809 2660 nuntium

2175 2702 2445 2773 quisquis
2478 2701 2785 2774 diligenter
2813 2699 3143 2766 adverterit,
3179 2714 3292 2753 non
3342 2695 3571 2768 cogitur
3598 2693 3814 2768 lugere,

2174 2789 2315 2862 quia
2346 2789 2538 2846 malus
2561 2796 2683 2859 est;
2715 2791 2813 2847 sed
2842 2790 3050 2861 ridere,
3082 2787 3221 2860 quia
3251 2784 3437 2842 falsus
3468 2788 3575 2841 est.

1608 3046 1983 3141 LIBER
2081 3048 2635 3145 TERTIUS.

492 3307 723 3364 CAPUT
754 3306 1156 3364 PRIMUM.--
1180 3307 1441 3364 FAUSTUS
1467 3307 1612 3363 dixit
1636 3324 1648 3363 :
1677 3308 1906 3381 Accipis
1936 3326 2067 3379 ergo

430 3397 900 3465 generationem?
924 3395 1202 3470 Equidem
1217 3401 1460 3452 conatus
1476 3396 1573 3452 diu
1590 3414 1722 3452 sum
1745 3397 1852 3453 hoc
1873 3398 2067 3470 ipsum

432 3485 854 3558 qualecumque
885 3491 973 3541 est
1027 3487 1346 3558 pesuadeie
1394 3485 1558 3552 mihi,
1593 3487 1730 3559 quia
1769 3486 1845 3542 sit
1895 3493 2066 3543 natus

435 3574 733 3630 Deuszsed
791 3576 1050 3631 offensus
1090 3576 1338 3630 duorum
1387 3576 1638 3631 maxime
1682 3576 2063 3647 evangelista-

434 3677 550 3716 rum
584 3663 975 3731 dissensione,
1019 3664 1111 3733 qui
1163 3663 1559 3736 genealogiam
1602 3664 1728 3735 ejus
1778 3664 2061 3732 scribunt,

436 3750 586 3806 Luca:
617 3758 674 3807 et
697 3752 1182 3820 MatthaziWatth.
1202 3755 1373 3820 i,l—17
1394 3762 1443 3808 et
1470 3755 1597 3808 Luc.
1623 3753 2068 3824 111,23-38),haesi

437 3838 680 3897 incertus
708 3859 1027 3914 quemnam
1055 3842 1423 3913 potissimum
1437 3842 1890 3914 sequerer.Fieri
1913 3843 2067 3898 enim

431 3942 586 3998 posse
601 3933 882 4000 putabam
895 3937 977 3996 ,ut
991 3932 1127 4003 quia
1139 3932 1414 4002 prascius
1428 3949 1542 3987 non
1563 3948 1897 4002 sum,quem
1912 3948 2070 3987 men-

435 4018 522 4073 tiri
549 4020 970 4085 existimarem,
1008 4021 1131 4092 ipse
1156 4021 1371 4077 diceret
1399 4036 1619 4088 verum;
1645 4026 1701 4076 et
1729 4038 1904 4092 quem
1935 4038 2069 4078 vera

434 4103 600 4177 loqui,
635 4109 758 4181 ipse
792 4110 1033 4164 forsitan
1073 4109 1424 4165 mentiritur.
1461 4110 1694 4165 Infinita
1711 4127 1841 4180 ergo
1865 4127 2065 4166 eorum

433 4198 842 4264 prazlermisssa
863 4197 983 4266 lite,
1007 4198 1492 4254 etinterminabili
1517 4199 2064 4265 mihi,adJoannem

435 4282 800 4359 Marcumque
823 4305 914 4343 me
945 4288 1165 4343 contuli
1191 4305 1202 4343 :
1229 4304 1332 4343 nec
1360 4289 1659 4359 impariter
1686 4305 1718 4342 a
1739 4289 1968 4344 duobus
1990 4290 2060 4345 ad

433 4371 585 4443 duos,
617 4379 769 4434 etab
825 4378 1202 4446 Evangelistis
1234 4377 1304 4432 ad
1337 4377 1598 4448 ejusdem
1635 4377 1890 4432 nominis
1931 4395 2060 4450 pro-

435 4458 685 4520 fessores.
715 4469 975 4531 Quorum
999 4465 1141 4521 mihi
1176 4465 1460 4536 principia
1507 4465 1741 4520 interim
1788 4483 1901 4522 non
1952 4467 2061 4522 im-

436 4551 626 4608 merito
659 4553 1024 4626 placuerunt,
1060 4555 1197 4626 quia
1223 4571 1327 4610 nec
1358 4554 1560 4625 David,
1585 4571 1687 4610 nec
1712 4555 1954 4610 Mariam
1983 4557 2064 4610 in-

438 4636 641 4707 dicunt,
674 4660 780 4699 nec
802 4643 1052 4715 Joseph;
1087 4644 1188 4699 sed
1211 4644 1464 4698 Joannes
1496 4644 1732 4716 quidem
1765 4645 1822 4698 in
1857 4645 2063 4715 princi-

439 4725 521 4793 pio
536 4728 704 4786 fuisse
721 4733 978 4787 Verbum
993 4731 1217 4800 dicit,et
1234 4732 1480 4786 Verbum
1496 4731 1673 4787 fuisse
1687 4733 1838 4803 apud
1853 4732 2059 4804 Deum,

440 4819 487 4866 et
520 4820 686 4874 Deum
719 4822 906 4876 fuisse
931 4821 1179 4876 Verbum
1204 4822 1383 4892 (Joan.
1411 4821 1537 4891 1,4),
1563 4821 1858 4876 Christum
1882 4821 2060 4894 signi-

441 4901 605 4961 ﬁcans
635 4925 648 4963 :
675 4912 903 4966 Marcus
936 4927 1089 4978 vero,
1124 4911 1501 4981 Evangelium,
1523 4910 1731 4981 inquit,
1755 4912 1882 4966 Iesu
1907 4911 2061 4966 Chri-

441 4992 501 5043 sti
526 4994 625 5061 ﬁlii
645 4998 737 5053 Dei
757 5001 964 5072 (Marc.
992 5017 1030 5068 ι,
1066 5000 1117 5071 1)
1150 5015 1162 5053 :
1195 5004 1475 5070 tanquam
1501 4999 1836 5055 Matthaeum
1860 5016 2062 5072 expro-

442 5077 618 5152 brans,
650 5091 744 5159 qui
781 5091 1039 5162 posuerit
1059 5089 1244 5144 [ilium
1267 5088 1466 5144 David.
1495 5089 1617 5144 Nisi
1645 5089 1790 5144 forte
1812 5088 2062 5145 alterum

443 5165 542 5237 hic,
563 5181 614 5228 et
634 5176 878 5235 alterum
913 5179 1006 5234 ille
1031 5179 1340 5234 annuntiat
1360 5182 1582 5234 Jesum.
1609 5179 1739 5234 Haec
1760 5195 1894 5251 ergo
1918 5179 2061 5235 ratio

443 5263 656 5332 est,qua
684 5283 786 5340 ego
815 5285 927 5323 non
963 5268 1183 5339 accipio
1214 5267 1506 5323 Christum
1541 5272 1766 5322 natum.
1798 5269 1882 5323 Tu
1907 5284 2058 5336 vero,

446 5346 487 5399 si
515 5353 701 5410 tantus
729 5374 792 5414 es
817 5357 1046 5413 uthanc
1071 5357 1213 5412 mihi
1248 5356 1473 5412 adimas
1494 5356 2061 5428 oti‘ensionem,efﬁce

447 5439 501 5488 ut
527 5437 665 5496 inter
693 5461 753 5500 se
784 5445 898 5518 ipsi
939 5445 1313 5512 conveniant;
1349 5449 1405 5500 et
1440 5449 1760 5515 utcumque
1791 5460 2057 5500 succum-

445 5520 603 5595 bam;
634 5535 898 5602 quamvis
925 5549 1029 5590 nec
1053 5533 1134 5589 sic
1152 5535 1384 5606 quidem
1408 5534 1650 5605 dignum
1669 5532 1779 5588 erit
1803 5551 1870 5589 ex
1895 5539 2058 5590 utero

449 5617 629 5670 natum
659 5625 886 5680 credere
916 5628 1116 5694 Deum,
1144 5628 1202 5678 et
1233 5624 1412 5678 Deum
1443 5622 1922 5678 Christianorum.

493 5703 722 5797 .CaPUT
753 5713 819 5770 l[.
851 5743 917 5753 —
947 5715 1300 5769 AUGUSTINUS
1318 5711 1615 5784 respondit
1639 5729 1651 5767 :
1677 5713 1720 5768 Ο
1743 5713 1790 5769 si
1822 5712 1915 5785 pio
1934 5717 2055 5770 stu-

455 5785 538 5846 dio
565 5790 792 5869 legisses
822 5802 1224 5875 Evangelium,
1256 5805 1313 5859 et
1340 5818 1407 5858 ea
1437 5818 1564 5876 quae
1596 5806 1649 5859 te
1680 5802 1738 5859 in
1764 5803 2060 5876 Evangeli-

2177 3309 2286 3365 stis
2318 3313 2596 3382 tanquam
2622 3308 3011 3382 repugnantia
3032 3308 3371 3374 movissent,
3396 3306 3671 3379 diligente
3692 3317 3846 3377 quaa‘

2177 3416 2320 3455 rere.
2352 3405 2772 3471 quam_temere
2808 3399 3085 3453 damnare
3123 3397 3461 3451 maluisses:
3500 3401 3564 3450 ut
3611 3395 3816 3450 saltem

2177 3469 2410 3559 propter
2429 3469 2773 3559 ipsamque:
2790 3487 2956 3559 quasi
2972 3487 3156 3558 prima
3171 3486 3356 3540 fronte
3374 3485 3816 3556 occurrit,aper-

2174 3577 2467 3632 tissimam
2503 3577 2971 3648 repugnantiam,
2992 3573 3421 3646 cogitares,nisi
3454 3573 3671 3645 aliquid
3699 3572 3816 3628 illic

2180 3683 2458 3736 magnum
2489 3665 2710 3732 lateret,
2745 3664 2980 3720 difficile
3008 3664 3126 3720 fieri
3159 3663 3417 3736 potuisse
3451 3666 3515 3717 ut
3545 3666 3704 3716 tanta
3734 3661 3816 3717 eis

2179 3755 2494 3811 auctoritas
2515 3755 2572 3809 in
2602 3759 2888 3809 terrarum
2912 3753 3046 3810 orbe
3070 3753 3438 3824 prmberetur,
3464 3768 3579 3823 qua
3597 3751 3708 3806 sibi
3734 3754 3819 3805 tot

2177 3844 2482 3899 hominum
2506 3844 2979 3899 doctissimorum
2997 3842 3229 3912 ingenia
3255 3842 3652 3912 subjugarent.
3670 3840 3814 3903 Quid

2177 3933 2331 3988 enim
2368 3950 2646 4005 magnum
2671 3937 2758 3988 est
2780 3933 2971 3988 videre
2995 3932 3147 4004 quod
3172 3931 3418 3998 vidistis,
3445 3929 3588 3986 alios
3603 3930 3815 3986 Christi

2178 4023 2500 4077 secundum
2535 4039 2767 4078 carnem
2800 4026 3275 4095 progeneratores
3307 4019 3750 4076 commemorari
3783 4036 3817 4074 a

2179 4111 2356 4178 Luca,
2387 4111 2532 4167 alios
2563 4129 2596 4166 a
2627 4111 2914 4179 Matthaeo,
2948 4127 3080 4166 cum
3114 4109 3285 4165 ambo
3329 4107 3546 4180 Joseph
3599 4108 3814 4164 consti-

2177 4203 2365 4270 tuant,
2397 4200 2730 4256 Matthaarus
2762 4201 2832 4255 ad
2866 4215 3039 4272 quem
3076 4199 3367 4268 terminet,
3420 4202 3600 4252 Lucas
3633 4214 3666 4252 a
3697 4213 3812 4269 quo

2175 4289 2416 4360 incipiat
2448 4289 2585 4361 :qui
2636 4293 2869 4360 propter
2915 4287 3208 4359 quoddam
3266 4304 3400 4342 cum
3454 4288 3580 4358 ejus
3630 4291 3812 4342 matre

2177 4382 2442 4432 sanctum
2474 4383 2528 4433 et
2557 4377 2836 4449 virginale
2858 4377 3217 4448 conjugium,
3251 4376 3426 4431 etiam
3459 4375 3583 4447 ipse
3604 4392 3812 4448 parens

2175 4465 2389 4521 Christi
2422 4467 2634 4522 meruit
2662 4465 2939 4538 appellari
2967 4484 2981 4534 ;
3019 4470 3079 4521 ut
3109 4469 3340 4537 propter
3372 4464 3591 4520 virilem
3623 4464 3813 4536 digni-

2173 4559 2372 4623 tatem,
2409 4555 2481 4610 ab
2514 4557 2662 4627 ipso,
2694 4555 2779 4610 vel
2814 4571 3000 4627 usque
3032 4554 3102 4610 ab
3145 4555 3363 4626 ipsum,
3413 4553 3815 4626 generationes

2172 4645 2660 4701 contexerentur?
2718 4645 2864 4709 Quid
2924 4660 3058 4716 ergo
3093 4659 3375 4715 maguum
3407 4647 3494 4699 est
3524 4643 3679 4715 quod
3733 4643 3814 4698 vi-

2174 4733 2367 4804 distis,
2402 4735 2556 4806 quod
2585 4732 2768 4790 alium
2818 4739 3042 4805 patrem
3093 4733 3304 4789 habeat
3349 4732 3564 4804 Joseph
3607 4749 3810 4788 secun-

2175 4823 2313 4878 dum
2379 4823 2738 4891 Matthzeum,
2789 4822 2968 4879 alium
3029 4823 3350 4879 secundum
3410 4822 3682 4890 Lucam;
3756 4824 3814 4876 et

2174 4911 2350 4966 alium
2379 4930 2550 4968 avum
2584 4913 2905 4968 secundum
2936 4913 3137 4978 istum,
3171 4911 3352 4966 alium
3387 4911 3708 4966 secundum
3739 4910 3808 4966 il-

2171 5000 2317 5068 lum,
2350 5005 2406 5056 et
2436 5002 2705 5074 deinceps
2739 5019 2974 5058 sursum
3019 5017 3219 5056 versus
3266 5017 3449 5071 usque
3487 5004 3553 5055 ad
3607 5000 3809 5067 David,

2173 5106 2275 5161 per
2309 5095 2427 5145 tam
2465 5089 2679 5146 multas
2709 5091 3110 5163 generationes
3132 5089 3276 5146 alios
3298 5093 3566 5160 parentes
3587 5090 3714 5161 ejus
3736 5090 3808 5146 ab

2171 5179 2454 5247 isto,alios
2477 5179 2666 5236 abillo
2688 5179 3062 5236 enumerari?
3084 5180 3239 5234 Itane
3263 5183 3380 5234 tam
3403 5183 3660 5250 apertam
3685 5196 3808 5234 ma-

2174 5269 2560 5341 nifestamque
2579 5269 3086 5341 diversitatem,tot
3107 5269 3260 5325 acuti
3283 5273 3338 5325 et
3356 5269 3507 5326 docti
3525 5269 3806 5336 viri,divi-

2171 5375 2382 5413 narum
2415 5359 2846 5430 Scripturarum
2874 5363 3320 5431 pertractatores
3349 5357 3805 5431 diligentissimi,

2171 5463 2285 5502 non
2315 5447 2614 5503 viderent?
2643 5447 2742 5520 qui
2767 5447 3002 5518 quidem
3026 5447 3084 5502 in
3112 5447 3290 5502 latina
3310 5446 3510 5519 lingua
3535 5448 3804 5520 perpauci

2169 5541 2344 5604 sunt;
2379 5553 2475 5593 eos
2507 5541 2700 5592 autem
2733 5536 2789 5591 in
2822 5553 3008 5610 graeco
3030 5537 3164 5608 quis
3198 5537 3503 5592 numeret?
3522 5537 3808 5592 Viderunt

2169 5642 2297 5682 eam
2331 5625 2520 5697 plane.
2553 5627 2697 5691 Quid
2730 5625 2886 5681 enim
2911 5624 3160 5691 facilius,
3192 5630 3292 5681 aut
3332 5626 3464 5698 quis
3497 5625 3803 5698 paululum

2167 5713 2422 5784 intuens,
2470 5715 2582 5772 ista
2613 5731 2727 5772 non
2758 5714 2984 5770 videat?
3013 5714 3119 5770 Sed
3153 5713 3244 5788 pie
3275 5714 3598 5788 cogitantes
3628 5719 3801 5772 tanta

2165 5804 2528 5864 auctoritatis
2556 5804 2954 5876 eminentiam,
2985 5803 3160 5863 latere
3191 5805 3271 5862 ibi
3302 5804 3520 5878 aliquid
3540 5805 3802 5862 credide-
