4638 6444
760 370 881 432 219

1483 376 1794 439 CONTRA
1840 380 2215 446 FAUSTUM
2280 388 2805 465 MANICH/EUM,
2853 393 2922 458 S.
2962 397 3387 466 AUGUSTINI

765 504 948 560 fuisse
969 506 1197 562 deditos
1226 508 1521 566 credimus
1558 528 1570 566 :
1604 511 2003 588 intelligebant
2034 520 2211 589 enim,
2247 541 2408 580 reve-

4045 411 4170 474 220

2519 528 2685 584 roris.
2714 535 2786 585 De
2810 549 2926 603 qua
2957 535 3209 592 novitate
3231 539 3543 609 Apostolus
3562 540 3704 597 dicit
3728 558 3741 597 :
3765 544 4039 613 Profanas
4060 560 4157 598 au-

766 593 924 703 lantLe
938 594 1045 650 sibi
1067 595 1283 703 Spiritu
1300 597 1420 667 Dei,
1439 601 1580 703 quid
1598 606 1847 675 tempori
1868 606 1951 661 illi
1967 618 2329 682 congrueret,
2351 619 2408 670 et
2517 625 2625 672 tem
2646 593 2934 677 verborum
2952 626 3214 681 novitates
3238 593 3379 683 evita
3404 593 3677 695 ;m—ultum
3695 648 3842 688 enim
3862 593 4157 703 proficiunt

770 684 985 755 quibus
1009 686 1197 741 modis
1219 686 1372 742 Deus
1400 706 1500 760 per
1523 689 1652 746 illas
1675 710 1878 750 omnes
1902 713 1991 751 res
2023 704 2219 770 gestas
2240 707 2295 756 et
2318 703 2405 757 di-

768 776 911 839 ctas,
939 774 1132 830 futura
1154 775 1459 847 ﬁguranda
1480 782 1532 833 et
1563 785 2010 851 prmnuntianda
2040 789 2399 862 decerneret;

767 862 1073 933 magisque
1121 864 1477 921 desiderium
1510 885 1709 925 eorum
1751 872 1820 927 de
1857 874 2009 930 Novo
2037 880 2402 938 Testamento

761 956 912 1005 erat:
934 952 1033 1006 sed
1058 957 1345 1023 praesens‘
1370 956 1590 1012 functio
1611 961 1948 1033 corporalis,
1973 966 2042 1019 ad
2071 966 2401 1039 signiﬁcan-

765 1039 841 1095 da
873 1057 1019 1096 nova
1041 1048 1303 1108 ventura,
1336 1044 1848 1114 pollicitationibus
1871 1054 2161 1111 veteribus
2183 1060 2399 1128 praebe-

767 1128 960 1184 batur.
982 1130 1069 1185 Ita
1085 1130 1318 1187 illorum
1338 1132 1643 1191 hominum
1664 1155 1775 1194 non
1800 1143 2026 1196 tantum
2049 1142 2271 1217 lingua,
2296 1149 2397 1203 sed

762 1222 820 1273 et
859 1218 977 1275 vita
1028 1221 1366 1293 prophetica
1414 1224 1545 1284 fuit.
1590 1228 1848 1285 Carnalis
1896 1237 2089 1288 autem
2123 1236 2395 1309 populus,

758 1309 1067 1379 promissis
1095 1310 1225 1365 vitae
1256 1316 1557 1384 praesentis
1589 1316 1926 1375 inhzerebat.
1961 1321 2039 1378 De
2061 1340 2175 1395 quo
2200 1329 2396 1385 tamen

751 1396 924 1452 etiam
957 1399 1170 1471 populo
1224 1400 1633 1477 nihilominus]
1653 1407 2139 1481 significabantur
2180 1416 2393 1475 futura.

820 1488 930 1542 Sed
960 1504 1062 1543 vos
1093 1489 1174 1544 ita
1207 1506 1317 1545 non
1354 1491 1717 1566 intelligitis;
1752 1498 1908 1571 quia,
1942 1500 2094 1557 sicut
2117 1506 2398 1577 propheta

752 1575 917 1643 dixit,
953 1578 1081 1631 Nisi
1106 1578 1471 1653 credideritis,
1502 1601 1613 1639 non
1644 1586 1963 1660 intelligetis
1995 1592 2151 1663 (Isai.
2186 1575 2285 1661 vix,
2315 1598 2393 1669 9).

753 1666 877 1718 Non
902 1664 1054 1720 enim
1079 1666 1219 1723 estis
1248 1669 1461 1725 eruditi
1494 1672 1553 1727 in
1579 1690 1756 1747 regno
1787 1676 2086 1747 ccelorum,
2113 1682 2169 1737 id
2195 1689 2300 1750 est,
2334 1664 2392 1741 in

756 1753 1011 1810 Ecclesia
1029 1755 1243 1813 Christi
1264 1775 1397 1813 vera
1413 1760 1714 1819 catholica.
1731 1767 1891 1831 Quod
1906 1769 1954 1823 si
1970 1771 2198 1843 essetis,
2217 1773 2287 1828 de
2300 1774 2392 1829 di-

752 1842 907 1898 vitiis
921 1849 1256 1902 sanctorum
1278 1848 1730 1922 Scripturarum,
1752 1871 1865 1911 non
1888 1857 2076 1915 solum
2101 1842 2265 1928 nova,
2292 1864 2392 1920 sed

757 1933 931 1987 etiam
954 1938 1148 1990 vetera
1169 1938 1525 2007 proferretis.
1545 1942 1673 2012 Ipse
1691 1944 1906 2017 quippe
1923 1947 2206 2006 Dominus
2221 1952 2389 2009 dicit:

753 2024 1049 2093 Pr0pterea
1069 2027 1251 2080 omnis
1270 2028 1456 2084 scriba
1475 2031 1727 2087 eruditus
1750 2035 1811 2089 in
1837 2052 2002 2108 regno
2026 2040 2299 2108 actorum,
2321 2044 2394 2098 si-

749 2110 903 2165 milis
931 2115 1007 2166 est
1036 2113 1249 2169 homini
1270 2120 1699 2193 patrifamilias,
1729 2127 2034 2196 proferenti
2053 2127 2118 2183 de
2137 2129 2390 2189 thesauro

748 2215 847 2255 suo
866 2216 1004 2255 nova
1030 2210 1081 2257 et
1103 2211 1281 2260 vetera
1302 2206 1511 2278 (Matth.
1545 2226 1673 2279 χιιι,
1702 2212 1813 2284 52).
1842 2215 1906 2269 Et
1932 2214 2079 2288 ideo,
2104 2218 2242 2274 dum
2266 2221 2393 2278 sola

751 2289 1043 2359 promissa
1075 2292 1170 2348 Dei
1204 2311 1348 2350 nova
1381 2301 1577 2354 tenere
1606 2316 1705 2356 vos
1737 2302 2128 2371 arbitramini,
2160 2325 2391 2365 reman-

755 2377 917 2434 sistis
940 2379 997 2435 in
1018 2386 1302 2440 vetustate
1325 2386 1535 2457 carnis,
1560 2394 1617 2444 et
1634 2391 1947 2448 novitatem
1968 2395 2279 2455 induxistis
2302 2416 2390 2456 er-

822 2505 836 2538 ¹
1059 2508 1219 2583 θελοι,
1237 2510 1335 2583 sed
1360 2512 1490 2583 sicut
1506 2518 2052 2583 praesenssParticula,
2074 2523 2219 2582 sicut,
2242 2525 2396 2577 abest

754 2564 821 2615 ab
852 2566 1177 2620 editionibus
1202 2564 1315 2622 aliis
1344 2578 1397 2624 et
1424 2564 1846 2642 ple'risqueilliss:

2512 706 2583 761 ad
2611 711 2973 780 impietatem,
2998 723 3049 769 et
3069 731 3247 772 sermo
3266 733 3455 773 eorum
3474 721 3616 774 sicut
3636 738 3832 776 cancer
3850 725 4041 794 serpit.
4073 723 4157 777 Ea:

2512 797 2709 867 quibus
2732 809 2810 854 est
2834 806 2882 856 Η
2889 818 3189 873 ymenzcus,
3213 813 3263 861 et
3286 806 3553 876 Philetas,
3577 812 3673 880 qui
3691 812 3838 867 circa
3867 814 4154 867 veritatem

2511 884 2926 959 aberraverunt,
2950 892 3190 949 dicentes
3210 899 3663 953 resurrectionem
3666 899 3999 971 jam/actam
4019 917 4152 967 esse,

2508 978 2556 1029 et
2584 976 2745 1045 ﬁdem
2768 982 3131 1049 quorumdam
3156 984 3537 1042 subuerterant
3566 988 3641 1059 (ll
3676 989 3813 1043 Tim.
3848 1006 3911 1056 ιι,
3946 990 4150 1061 16-18).

2508 1063 2590 1118 Ex
2611 1081 2728 1136 qua
2747 1084 2892 1125 vena
2914 1069 3183 1128 falsitatis
3206 1090 3307 1130 vos
3328 1092 3565 1131 manare
3582 1078 3933 1148 cognoscite,
3954 1079 4054 1149 qui
4069 1079 4155 1134 di-

2508 1153 2660 1220 citis,
2685 1173 2839 1213 nunc
2861 1175 2985 1214 esse
2997 1164 3479 1219 resurrectionem
3499 1168 3907 1222 tantummodo
3925 1167 4153 1223 anima-

2507 1258 2637 1298 rum
2662 1261 2764 1315 per
2784 1248 3252 1318 praedicationem
3280 1253 3574 1322 veritatis;
3597 1270 3905 1326 corporum
3929 1262 4149 1326 autem,

2508 1349 2683 1403 quam
2700 1337 3161 1407 praedicaverunt
3174 1342 3453 1414 Apostoli,
3468 1343 3727 1400 futuram
3746 1345 4151 1418 negatis.Quid

2506 1426 2701 1477 autem
2717 1424 3116 1499 spiritualiter,
3133 1432 3457 1487 secundum
3473 1432 3770 1489 hominem
3789 1435 4149 1508 interiorem,

2507 1510 2605 1579 qui
2638 1518 2947 1570 renovatur
2975 1518 3033 1572 in
3065 1520 3360 1590 agnitione
3391 1521 3488 1577 Dei
3522 1523 3744 1592 (Coloss.
3782 1541 3867 1590 ιιι,
3900 1525 4010 1596 10),
4043 1541 4148 1595 po-

2505 1601 2670 1655 testis
2701 1603 2953 1675 cogitare
2980 1623 2994 1674 ;
3027 1623 3159 1662 cum
3190 1626 3290 1681 per
3319 1616 3664 1667 vetustatem
3716 1612 3929 1678 carnis,
3958 1618 4016 1669 et
4046 1630 4152 1685 per

2504 1689 2827 1747 carnalium
2854 1710 3051 1751 rerum
3082 1697 3390 1771 imagines,
3423 1700 3638 1772 quibus
3662 1706 3817 1757 totus
3836 1718 3997 1758 error
4016 1718 4147 1759 ves-

2502 1780 2589 1832 ter
2612 1778 2940 1850 involvitur,
2966 1801 3060 1841 res
3082 1803 3409 1858 corporeae,
3436 1805 3549 1845 non
3569 1791 3940 1862 possessione
3955 1796 4148 1848 tenea-

2500 1864 2595 1936 tis,
2631 1869 2731 1925 sed
2764 1871 3168 1942 phantasmate
3205 1875 3495 1947 sapiatis?
3523 1878 3759 1934 Terram
3808 1880 3962 1935 enim
3995 1880 4144 1936 Cha-

2502 1971 2990 2032 nanteorum,quaa
3014 1964 3325 2019 manifesta
3354 1970 3498 2030 erat,
3516 1972 3572 2020 et
3594 1967 3898 2023 manifeste
3922 1967 4003 2022 illi
4038 1986 4143 2040 po-

2501 2044 2637 2115 pulo
2669 2046 2805 2103 data
2835 2054 2947 2116 est,
2979 2056 3348 2108 contemnere
3397 2070 3519 2118 vos,
3550 2059 3608 2109 et
3637 2055 3896 2111 fastidire
3925 2055 4137 2129 gloria-

2501 2132 2645 2188 mini
2673 2153 2685 2203 ;
2721 2138 2887 2207 quasi
2919 2156 3034 2195 non
3068 2140 3148 2195 ita
3178 2145 3395 2197 terram
3425 2142 3667 2201 luminis
3699 2144 4039 2201 describatis
4067 2162 4139 2201 ex

2501 2239 2619 2278 una
2648 2230 2831 2297 parte,
2864 2245 2897 2283 a
2928 2232 3081 2284 terra
3104 2230 3295 2302 gentis
3317 2232 3714 2300 tenebrarum,
3737 2238 4013 2305 tanquam
4036 2252 4138 2290 cu-

2502 2328 2611 2368 neo
2643 2320 2933 2372 coarctato
2966 2317 3263 2390 disissam,
3300 2326 3363 2375 ut
3392 2338 3579 2392 neque
3601 2322 3658 2376 in
3682 2338 3878 2378 rerum
3899 2325 4145 2379 veritate

2501 2400 2850 2475 inveniatur,
2886 2411 2943 2462 et
2971 2406 3030 2461 in
3064 2408 3488 2479 cogitationum
3537 2418 3861 2467 vestrarum
3894 2412 4150 2468 falsitate

2502 2492 2807 2548 credatur:
2842 2499 2899 2550 et
2928 2494 3056 2551 ideo
3079 2512 3185 2552 nec
3208 2497 3383 2553 vitam
3406 2503 3657 2554 vestram
3680 2500 3818 2555 data
3838 2500 4151 2570 sustineat,

2502 2584 2560 2636 et
2587 2586 2841 2639 mentem
2872 2589 3126 2640 vestram
3159 2585 3490 2643 desiderata
3521 2593 3879 2661 corrumpat.

749 2694 3400 2733 -——____._____._._______._________________________

1925 2807 2303 2906 LIBER
2390 2809 2962 2923 QUINTUS.

826 3045 1056 3103 CAPUT
1079 3048 1388 3105 PRIMUM.
1412 3081 1479 3093 --
1499 3052 1749 3111 Fausrus
1771 3056 2188 3131 dixit:Accipis
2201 3060 2395 3116 Evan-

756 3134 971 3208 gelium
989 3140 1012 3192 Ρ
1028 3141 1087 3191 tu
1105 3154 1197 3194 me
1218 3138 1544 3213 interrogas
1564 3148 1760 3199 utrum
1779 3146 2081 3217 accipiam,
2106 3148 2165 3203 in
2188 3165 2299 3219 quo
2314 3150 2397 3205 id-

755 3223 950 3296 ipsum
971 3226 1228 3297 accipere
1249 3235 1506 3300 apparet,
1540 3232 1671 3301 quia
1691 3248 1817 3304 quae
1830 3235 2001 3305 jubet
2022 3237 2283 3293 observo.
2307 3240 2392 3294 An

754 3338 860 3395 ego
879 3323 949 3378 de
964 3328 1019 3380 te
1039 3327 1513 3396 quaereregdebeo,
1531 3332 1727 3385 utrum
1753 3332 2027 3404 accipias,
2043 3332 2100 3388 in
2121 3351 2235 3406 quo
2255 3335 2392 3391 nul-

752 3410 809 3466 la
828 3411 1163 3484 accipientis
1181 3415 1557 3488 Evangelium
1580 3418 1851 3474 videntur
1878 3422 2130 3477 indicia?
2151 3424 2267 3495 Ego
2293 3441 2393 3496 pa-

750 3505 898 3555 trem
932 3502 1153 3568 dimisi,
1186 3509 1244 3559 et
1291 3509 1560 3575 matrem,
1594 3524 1849 3578 uxorem,
1896 3511 2068 3577 filios,
2103 3517 2160 3566 et
2187 3518 2395 3569 caetera

753 3605 883 3660 quae
912 3591 1289 3664 Evangelium
1324 3595 1484 3663 iubet
1508 3596 1715 3665 (Matth.
1748 3616 1862 3663 XIX,
1890 3601 1982 3669 29)
2011 3618 2023 3667 ;
2057 3606 2113 3657 et
2144 3601 2391 3657 interro-

754 3693 859 3750 gas
882 3685 1079 3735 utrum
1102 3683 1382 3754 accipiam
1409 3686 1825 3758 Evangelium?
1850 3688 1971 3743 Nisi
1993 3690 2184 3746 adhuc
2204 3692 2395 3746 nescis

759 3767 898 3836 quid
923 3768 1163 3839 sitquod
1189 3772 1559 3843 Evangelium
1584 3781 1972 3847 nuncupatur.
1998 3779 2099 3833 Est
2127 3780 2279 3834 enim
2306 3781 2393 3835 ni-

757 3854 836 3910 hil
855 3854 1011 3910 aliud
1033 3874 1206 3929 quam
1234 3861 1583 3931 prmdicatio,
1605 3868 1661 3917 et
1677 3866 2018 3921 mandatum
2036 3867 2394 3941 Christi.Ego

754 3960 1055 4025 argentum
1084 3961 1141 4011 et
1162 3974 1370 4013 aurum
1395 3960 1587 4031 rejeci,
1607 3966 1665 4016 et
1686 3980 1763 4019 ωε
1782 3962 1838 4017 in
1871 3964 2033 4018 zonis
2061 3964 2271 4021 habere
2295 3967 2392 4022 de-

753 4043 896 4111 stiti,
923 4046 1261 4116 quotidiano
1285 4052 1589 4105 contentus
1612 4050 1759 4123 cibo,
1783 4069 1887 4107 nec
1920 4054 1989 4108 de
2019 4055 2271 4111 crastino
2294 4073 2394 4112 cu-

755 4148 913 4200 rans,
939 4151 1041 4190 nec
1068 4137 1221 4191 unde
1242 4141 1439 4193 venter
1458 4139 1791 4211 impleatur,
1812 4148 1913 4197 aut
1935 4160 2147 4215 corpus
2169 4146 2393 4217 operia-

756 4225 871 4289 tur,
907 4223 1362 4282 sollicitudinem
1420 4244 1625 4299 gerens
1690 4230 1789 4303 (Id.
1821 4249 1876 4297 x,
1907 4234 1961 4301 9,
1997 4235 2082 4300 10,
2115 4239 2163 4289 et
2189 4252 2264 4299 vx,
2296 4237 2393 4290 25-

758 4313 853 4377 34)
880 4330 895 4379 ;
928 4317 984 4367 et
1015 4314 1228 4385 quaeris
1259 4333 1292 4370 a
1321 4333 1413 4373 me
1444 4322 1640 4373 utrum
1664 4321 1945 4393 accipiam
1971 4324 2347 4395 Evangelium
2367 4325 2397 4381 ?

758 4411 937 4465 Vides
960 4410 1017 4465 in
1052 4428 1146 4466 me
1175 4413 1385 4470 Christi
1416 4416 1805 4474 beatitudines
1828 4418 1958 4475 illas
1981 4437 2108 4491 quae
2141 4422 2394 4494 Evange.

762 4497 905 4554 lium
934 4501 1151 4556 faciunt
1172 4502 1271 4574 (Id.
1295 4520 1348 4572 v,
1374 4505 1532 4577 3-11)
1564 4521 1577 4573 ;
1603 4512 1661 4563 et
1682 4507 2007 4582 interrogas
2030 4514 2227 4565 utrum
2252 4510 2393 4566 illud

759 4588 1082 4662 accipiam?
1105 4591 1277 4647 Vides
1304 4609 1634 4666 pauperem,
1665 4597 1824 4653 vides
1858 4598 2080 4667 mitem,
2105 4598 2264 4654 vides
2290 4616 2395 4671 pa-

755 4678 1008 4739 ciﬁcum.
1036 4681 1400 4752 puro‘fcorde,
1436 4682 1754 4756 lugentem,
1787 4686 2160 4755 esurientem,
2192 4688 2393 4744 sitien-

755 4770 872 4824 tem
907 4770 1338 4840 persecutiones
1368 4776 1425 4828 et
1455 4774 1587 4829 odia
1616 4776 2004 4832 sustinentem
2040 4784 2273 4849 propter
2294 4779 2389 4848 ju-

754 4856 973 4912 stitiam
992 4876 1004 4925 ;
1022 4862 1079 4913 et
1097 4859 1332 4916 dubitas
1347 4866 1539 4917 utrum
1564 4864 1842 4937 accipiam
1860 4866 2393 4938 Evangelium?Non

754 4965 891 5021 ergo
905 4952 1029 5019 jam
1056 4950 1268 5005 mirum
1288 4955 1375 5006 est
1396 4952 1681 5008 Joannem
1696 4954 2016 5026 Baptistam
2035 4956 2157 5010 viso
2173 4955 2396 5022 Jesu,et

757 5040 883 5109 ejus
898 5038 1036 5094 item
1053 5040 1266 5095 auditis
1281 5040 1841 5113 operibus,quaerere
1854 5043 2045 5099 adhuc
2061 5049 2254 5099 utrum
2271 5045 2394 5118 ipse

758 5139 912 5192 esset
932 5137 1193 5193 Christus
1222 5154 1234 5192 :
1261 5137 1352 5193 cui
1375 5137 1545 5208 digne
1566 5142 1621 5193 et
1644 5139 1848 5193 merito
1868 5139 2040 5195 Jesus
2064 5158 2166 5196 nec
2190 5142 2392 5214 digna-

753 5228 851 5280 tus
875 5226 1107 5297 quidem
1134 5230 1223 5283 est
1246 5227 1580 5283 renuntiare
1598 5227 1750 5298 quod
1778 5229 1899 5299 ipse
1913 5231 2201 5298 esset;sed
2220 5248 2396 5304 opera

754 5332 961 5371 rursus
991 5318 1191 5372 eadem
1214 5316 1323 5384 illi,
1349 5317 1825 5388 quznjamjudum
1849 5318 2133 5389 audierat,
2160 5337 2392 5377 reman-

752 5403 931 5471 davit,
963 5404 1106 5461 Caeci
1132 5406 1336 5473 vident,
1368 5406 1526 5461 surdi
1576 5407 1841 5475 audiunt,
1872 5411 2080 5464 mortui
2103 5414 2397 5483 resurgunt

754 5502 860 5571 (Id.
885 5519 963 5568 ιι,
985 5504 1130 5574 2-6),
1159 5508 1265 5558 etc.
1293 5504 1452 5569 Quod
1475 5519 1579 5577 ego
1612 5520 1843 5575 quoque
1873 5505 2026 5562 circa
2053 5511 2109 5563 te
2138 5524 2251 5563 non
2283 5509 2393 5565 im-

759 5592 968 5647 merito
992 5591 1243 5661 fecerim,
1270 5592 1320 5646 si
1343 5592 1671 5665 perroganti
1695 5598 1891 5648 utrum
1912 5595 2187 5667 accipiam
2208 5601 2395 5653 Evan-

760 5681 978 5756 gelium
1002 5681 1216 5750 dixero,
1236 5679 1443 5737 Omnia
1465 5697 1595 5737 mea
1613 5681 1831 5751 dimisi,
1855 5687 2101 5755 patrem,
2126 5690 2392 5759 matrem,

760 5795 1022 5853 uxorem,
1056 5778 1230 5852 ﬁlios,
1259 5794 1491 5849 aurum,
1523 5783 1852 5853 argentum,
1900 5781 2273 5855 manducare,
2307 5783 2397 5840 bi-

2501 3061 2657 3131 bere,
2688 3063 2949 3134 delicias,
2995 3066 3363 3139 voluptates;
3395 3069 3505 3127 hoc
3544 3070 3651 3128 tibi
3684 3072 3755 3128 ad
3787 3071 4147 3148 interrogata

2496 3152 2641 3209 satis
2664 3169 3013 3226 responsum
3046 3160 3208 3227 puta,
3242 3161 3298 3214 et
3329 3159 3563 3216 beatum
3591 3164 3648 3216 te
3682 3161 3970 3229 futurum,
4001 3163 4051 3219 si
4083 3163 4143 3220 in

2496 3256 2590 3297 me
2620 3258 2736 3297 non
2768 3242 2948 3299 fueris
2979 3245 3432 3303 scandalizatus.

2565 3330 2799 3387 CAPUT
2831 3332 2898 3388 Il.
2931 3365 3001 3375 -—
3031 3336 3139 3390 Sed
3172 3353 3309 3403 non,
3342 3337 3560 3409 inquis,
3593 3338 3853 3411 accipere
3882 3341 4143 3413 Evange-

2495 3419 2643 3475 lium
2664 3420 2774 3477 hoc
2795 3423 2983 3479 solum
3009 3430 3118 3491 est,
3145 3425 3193 3480 si
3213 3428 3361 3496 quod
3388 3428 3681 3500 praecepit,
3718 3428 3926 3496 facias;
3952 3432 4051 3486 sed
4079 3435 4146 3487 ut

2495 3510 2677 3565 etium
2710 3512 2915 3569 credas
2938 3514 3212 3570 omnibus
3242 3532 3369 3586 quis
3402 3517 3462 3571 in
3498 3519 3697 3573 eodem
3735 3519 3952 3590 scripta
3979 3525 4144 3589 sunt,

2498 3615 2755 3670 quorum
2782 3599 3039 3672 primum
3067 3607 3154 3658 est
3175 3602 3341 3670 illud,
3369 3604 3508 3676 quia
3530 3607 3606 3661 sit
3628 3611 3801 3662 natus
3827 3609 4142 3665 Deus'.Sed

2496 3704 2602 3743 nec
2632 3688 2771 3745 item
2804 3694 2894 3746 est
2923 3690 3115 3746 solum
3148 3692 3317 3761 illud,
3353 3694 3729 3766 Evangelium
3765 3698 4043 3768 accipere,
4078 3703 4144 3753 ut

2497 3778 2701 3834 credas
2728 3779 2867 3850 quia
2888 3785 3062 3835 natus
3084 3782 3359 3837 estJesus
3376 3800 3389 3849 ;
3406 3784 3504 3838 sed
3523 3788 3587 3839 ut
3600 3785 3776 3840 facias
3790 3787 3966 3841 etiam
3986 3789 4143 3859 quod

2498 3867 2790 3939 praecepit.
2814 3870 2886 3923 At
2906 3869 2954 3924 si
2978 3885 3070 3924 me
3090 3871 3306 3927 idcirco
3330 3874 3711 3945 Evangelium
3745 3892 3857 3930 non
3884 3876 4147 3948 accipere

2498 3960 2693 4027 putas,
2725 3957 2864 4029 quia
2892 3960 3322 4024 generationem
3356 3964 3750 4034 praetermitto,
3787 3981 3890 4020 nec
3922 3970 3981 4020 tu
4005 3982 4144 4039 ergo

2497 4044 2712 4116 accipis
2739 4070 2753 4112 ;
2786 4049 2842 4101 et
2872 4046 3056 4102 multo
3088 4049 3272 4121 magis
3303 4066 3416 4105 non
3439 4051 3676 4123 accipis,
3698 4053 3833 4124 quia
3855 4062 4145 4127 praecepta

2498 4133 2844 4188 contemnis.
2877 4136 2955 4190 Ac
2984 4151 3087 4207 per
3116 4135 3224 4191 hoc
3257 4137 3489 4193 interim
3516 4156 3684 4210 pares
3709 4157 3935 4209 sumus,
3961 4143 4144 4197 donec

2499 4221 2887 4278 discutiamus
2909 4228 2967 4279 et
2986 4230 3199 4296 partes:
3217 4226 3375 4282 autsi
3392 4227 3497 4282 tibi
3514 4245 3627 4283 non
3645 4230 3982 4300 praejudicat
3997 4248 4143 4303 prae-

2498 4316 2800 4383 ceptorum
2822 4312 2937 4368 ista
2962 4316 3317 4386 contemptio
3344 4317 3414 4370 ad
3440 4317 3720 4387 proﬂtend
3733 4335 3827 4374 um
3855 4319 4020 4391 quia2
4041 4337 4141 4377 ac-

2499 4399 2682 4471 cipias
2702 4401 3102 4474 Evangelium,
3124 4405 3268 4458 mihi
3286 4421 3465 4476 quare
3482 4407 3553 4461 ad
3570 4407 3679 4462 hoc
3696 4409 4033 4480 praejudicet
4045 4426 4144 4481 ge-

2499 4490 2767 4563 nealogia
2786 4491 3064 4547 damnata
3083 4492 3111 4547 ?
3127 4494 3286 4558 Quod
3309 4494 3355 4548 si
3381 4494 3755 4566 Evangelium
3783 4498 4061 4568 accipere,
4084 4498 4145 4554 in

2499 4580 2730 4635 duobus
2752 4580 2844 4637 his
2867 4585 3114 4647 constat,
3140 4585 3203 4637 ut
3225 4582 3391 4653 dicis,
3414 4584 3783 4657 genealogias
3805 4587 4058 4653 credere,
4086 4592 4145 4643 et

2499 4671 3031 4735 servare,mandata
3044 4671 3183 4741 quid
3197 4672 3813 4744 ergoimperfectusim
3824 4676 4141 4746 perfectum

2490 4758 2725 4829 judicas
2747 4758 2775 4813 ?
2796 4758 3046 4831 Uterque
3066 4764 3332 4815 nostrum
3358 4766 3486 4833 eget
3507 4761 3805 4819 alterutro.
3833 4764 3955 4834 Sin,
3980 4765 4136 4835 quod

2498 4846 2712 4902 certius
2733 4851 2840 4918 est,
2866 4848 3126 4919 accipere
3139 4849 3513 4921 Evangelium
3529 4850 3587 4905 in
3603 4850 4135 4909 solaobservatione

2498 4939 2725 4992 constat
2736 4935 3055 4992 ctelestium
3072 4939 3726 5011 mandatorum,duplici
3744 4941 3915 4997 modo
3929 4941 4144 5014 impro-

2498 5025 2612 5081 bus
2635 5041 2718 5093 es,
2744 5026 2867 5097 qui,
2892 5029 2957 5081 ut
2984 5025 3099 5081 dici
3131 5026 3297 5093 solet,
3330 5028 3592 5084 desertor
3621 5046 3835 5102 arguas
3866 5030 4138 5087 militem.

2500 5114 2568 5171 Et
2598 5120 2787 5170 tamen
2820 5130 2946 5188 age,
2981 5132 3290 5188 ponamus,
3325 5117 3464 5189 quia
3492 5118 3574 5173 ita
3594 5119 3703 5186 vis,
3728 5120 3844 5175 duo
3869 5119 3988 5176 haec
4009 5138 4141 5193 par-

2498 5209 2585 5261 tes
2614 5221 2742 5260 esse
2774 5204 2906 5260 fidei
2931 5205 3215 5277 perfectae,
3242 5222 3491 5277 quarum
3518 5224 3635 5263 una
3658 5209 3892 5281 quidem
3917 5215 4147 5266 constet

2498 5294 2558 5349 in
2580 5294 2775 5365 verbo,
2800 5293 2860 5349 id
2883 5299 2973 5350 est
2993 5294 3156 5349 fateri
3189 5293 3488 5351 Christum
3516 5302 3722 5353 natum
3749 5316 3763 5366 ;
3798 5299 3980 5354 altera
4008 5314 4144 5356 vero

2499 5384 2558 5440 in
2586 5400 2773 5454 opere,
2798 5384 2951 5455 quod
2976 5388 3066 5438 est
3085 5384 3411 5439 observatio
3434 5391 3852 5457 praceptorum
3875 5388 4035 5444 :vide
4055 5404 4145 5444 er-

2500 5490 2571 5547 go
2586 5490 2761 5546 quam
2776 5474 3019 5528 arduam
3038 5488 3143 5543 ego
3157 5472 3609 5530 etdifticiliorem
3628 5475 3769 5531 mihi
3788 5482 4007 5549 partem
4026 5479 4143 5534 ele-

2501 5563 2683 5636 gerim
2713 5580 2726 5631 ;
2759 5567 2822 5617 tu
2851 5561 2982 5618 vide
3011 5578 3187 5632 quam
3211 5560 3568 5620 levissimam
3592 5568 3649 5621 et
3668 5564 4006 5622 faciliorem.
4027 5567 4144 5624 Nec

2564 5672 2592 5739 1_
2616 5670 2732 5739 Am.
2762 5669 2846 5717 Er.
2880 5671 2932 5739 et
2960 5668 3105 5739 Mss._,
3129 5668 3251 5731 quia
3274 5671 3427 5739 nqtus
3447 5669 3515 5719 sit
3533 5670 3695 5721 Jesus.
3717 5699 3773 5709 —-
3796 5673 3943 5733 Lov.,
3971 5674 4105 5723 Deus
4124 5689 4147 5739 ,-

2500 5732 2597 5784 βοά
2627 5732 2695 5781 ad
2725 5731 3042 5794 marginem,
3065 5730 3227 5781 Iesus.
3322 5733 3389 5782 ll.

2562 5796 2584 5833 ²
2610 5796 2760 5858 Lov.,
2790 5792 2942 5861 quod.
2971 5792 3040 5845 M.
