4638 6470
789 418 908 480 223

803 556 860 607 ut
889 558 1071 611 omnis
1102 558 1200 628 qui
1226 557 1513 613 crediderit
1540 560 1598 613 in
1618 575 1741 614 eum
1769 577 1883 613 non
1908 570 2120 631 pereat,
2140 560 2230 615 sed
2250 561 2442 616 habeat

795 644 973 699 vitam
991 648 1779 719 zeternam(.loan.m,14,15).
1806 650 1951 715 Quid
1966 650 2442 721 vnltisamplius?

796 730 1024 787 Credite
1053 749 1188 805 ergo
1239 735 1296 789 in
1333 735 1518 789 filium
1554 735 1829 801 hominis,
1881 743 1944 792 ut
1974 738 2236 793 habeatis
2260 738 2439 793 vitam

790 824 1101 891 aeternam;
1135 823 1269 892 quia
1300 824 1426 894 ipse
1456 830 1544 879 est
1571 830 1627 879 et
1657 825 1835 881 Filius
1857 827 1950 880 Dei
1971 827 2069 898 qui
2094 832 2282 899 potest
2303 828 2440 882 dare

784 907 966 964 vitam
1000 919 1269 967 aeternam
1292 930 1304 981 ;
1329 913 1597 986 quiaipse
1623 920 1701 971 est
1730 932 1887 972 verus
1912 919 2052 972 Deus
2077 925 2129 972 et
2148 918 2259 972 vita
2279 922 2439 972 aeter-

786 999 1041 1065 na,sicut
1070 1000 1223 1057 idem
1246 1002 1502 1058 Joannes
1527 1005 1606 1059 ait
1635 1005 1691 1059 in
1716 1006 1974 1077 Epistola
2002 1006 2241 1061 sua.Ubi
2261 1006 2438 1062 etiam

784 1087 926 1142 dicit
946 1089 1357 1146 antichristum
1381 1094 1637 1165 esse,qui
1670 1099 1845 1167 negat
1865 1095 2162 1151 Christum
2183 1095 2244 1149 in
2267 1111 2439 1151 carne

784 1177 1015 1231 venisse
1044 1179 1088 1248 (Ι
1116 1181 1279 1236 Joan.
1311 1199 1366 1248 v,
1398 1185 1486 1249 20,
1519 1188 1573 1238 et
1602 1202 1676 1251 1v,
1699 1184 1774 1255 3).

858 1264 1091 1324 CAPUT
1123 1270 1184 1324 V.
1204 1271 1428 1334 —Quid
1453 1287 1586 1344 ergo
1613 1290 1711 1329 vos
1733 1278 2012 1345 tanquam
2037 1277 2107 1329 de
2131 1274 2435 1329 mandato-

783 1370 915 1409 rum
949 1356 1077 1427 ejus
1103 1359 1720 1431 perfectionejactatis,
1754 1364 1908 1433 quod
1932 1380 1998 1418 ea
2020 1380 2150 1435 quas
2174 1364 2231 1417 in
2254 1365 2438 1418 Evan-

785 1442 937 1514 gelio
968 1451 1254 1518 praecepta
1268 1452 1933 1519 suntoperamini?Quid
1955 1454 2109 1508 enim
2138 1452 2236 1507 illa
2258 1453 2437 1524 prod-

775 1538 998 1601 essent,
1037 1535 1134 1588 ubi
1170 1553 1280 1591 non
1315 1539 1577 1609 estfﬁdes
1608 1557 1763 1608 vera,
1806 1543 2033 1597 etiamsi
2066 1558 2196 1598 vere
2225 1540 2435 1612 imple-

774 1625 979 1675 rentur
1000 1640 1033 1677 a
1062 1624 1465 1683 vobis?Nonne
1485 1630 1734 1685 audistis
1748 1631 2095 1703 Apostolum
2121 1630 2433 1685 dicentem:

777 1709 841 1763 Si
864 1709 1189 1768 distribuam
1205 1719 1398 1771 omnia
1415 1734 1541 1772 mea
1567 1721 1978 1790 pauperibus,et
2000 1721 2219 1775 tradam
2242 1702 2438 1813 corpu‘;

786 1813 972 1853 meum
1002 1806 1059 1854 ut
1089 1802 1340 1868 ardeam,
1362 1806 1681 1863 charitatem
1703 1819 1885 1864 autem
1902 1826 2010 1864 non
2032 1809 2415 1877 habeam,nihi

781 1887 929 1942 mihi
962 1890 1178 1959 piodest
1209 1894 1253 1959 (Ι
1285 1894 1404 1949 Cor.
1437 1912 1559 1965 xm,
1584 1897 1668 1968 3)?
1697 1898 1847 1961 Quid
1873 1914 2010 1970 ergo
2032 1915 2132 1954 vos
2152 1902 2435 1968 tanquam

782 1976 853 2030 de
873 1977 940 2031 ch
951 1978 1191 2034 ristiana
1204 1989 1543 2053 paupertate
1550 1986 1946 2058 jactatis,cum
1964 1987 2284 2043 christiana
2304 1986 2438 2040 cha'

775 2064 944 2121 ritate
966 2070 1240 2125 careatis?
1260 2072 1488 2129 Habent
1506 2074 1661 2130 enim
1685 2076 1836 2131 inter
1865 2094 1947 2144 se,
1989 2094 2163 2149 quam
2188 2077 2436 2131 charita'

771 2158 895 2209 tem
929 2162 1157 2223 vocant,
1189 2159 1366 2215 etiam
1398 2162 1673 2232 latrones,
1698 2165 1809 2220 sibi
1843 2166 2124 2222 debentes
2148 2166 2433 2220 facinoro-

772 2260 897 2299 sam
915 2246 1375 2320 ﬂagitiosamque
1390 2252 1932 2323 conscientiam,sed
1951 2273 2065 2310 non
2086 2256 2431 2310 charitatem

773 2349 952 2404 quam
985 2340 1776 2412 commendatApostolus.Et
1798 2350 2051 2400 uteama
2080 2343 2429 2399 cmterisim-

775 2424 1093 2494 probandis
1123 2429 1618 2503 repudiandisque
1649 2438 1987 2500 secerneret,
2012 2434 2094 2488 ait
2116 2433 2230 2489 alio
2259 2432 2383 2489 loco
2411 2435 2425 2474 ³

772 2513 929 2567 Finis
960 2519 1143 2570 autem
1173 2521 1445 2589 praecepti
1454 2524 1531 2575 est
1543 2522 1784 2577 charitas
1803 2523 1867 2578 de
1886 2523 2043 2578 corde
2063 2527 2423 2595 puro,etcon-

773 2603 1002 2658 scientia
1033 2605 1190 2672 bona,
1219 2616 1269 2661 et
1295 2609 1398 2678 ﬁde
1416 2625 1530 2665 non
1560 2614 1681 2666 ﬁcta
1702 2613 1745 2683 (Ι
1777 2613 1803 2666 7
1814 2614 1913 2667 im.
1940 2613 2077 2685 1,5).
2104 2614 2265 2668 Unde
2287 2629 2422 2685 ergo

771 2689 984 2746 habere
1005 2696 1246 2764 potestis
1261 2713 1452 2753 veram
1470 2699 1811 2756 charitatem
1828 2719 1896 2756 ex
1910 2702 2020 2757 fide
2033 2703 2167 2757 ﬁcta
2183 2719 2248 2757 su
2258 2718 2423 2775 rgen-

769 2781 962 2836 tem‘v‘
990 2787 1106 2837 Aut
1137 2788 1371 2855 quando
1393 2805 1491 2843 vos
1519 2789 1737 2862 pigebit
1755 2792 1925 2846 fidem
1952 2796 2200 2846 vestram
2230 2792 2421 2846 fucare

769 2870 1135 2938 mendaciis”,
1171 2876 1403 2944 quando
1434 2881 1490 2931 et
1522 2879 1776 2948 primum
1809 2879 2103 2935 hominem
2136 2885 2417 2947 vestrum,

769 2973 902 3013 cum
919 2959 1042 3014 suis
1057 2959 1321 3017 hostibus
1337 2964 1393 3019 in
1408 2981 1526 3021 suae
1538 2972 1674 3021 natu
1684 2985 1756 3022 rae
1769 2971 2007 3023 veritate
2022 2969 2415 3037 manentibus,

771 3047 1034 3101 mutabili
1053 3048 1280 3104 fallacia
1291 3052 1601 3110 dimicasse
1615 3057 2024 3127 praedicatis;et
2038 3058 2231 3128 ipsum
2256 3057 2417 3112 Chri-

772 3140 930 3190 stum
965 3137 1063 3207 qui
1098 3138 1257 3206 dicit,
1288 3142 1401 3211 Ego
1428 3159 1552 3197 sum
1588 3148 1791 3201 veritas
1840 3147 2014 3217 (Joan.
2046 3164 2162 3210 xxv,
2184 3148 2239 3219 6)
2285 3163 2414 3218 spe-

772 3225 919 3282 ciem
952 3228 1164 3296 carnis,
1200 3237 1446 3286 mortem
1478 3235 1689 3305 crucis,
1725 3234 1957 3291 vulnera
1988 3236 2298 3307 passionis,
2332 3237 2413 3292 ci-

769 3315 1014 3373 catrices
1058 3320 1522 3389 resurrectionis,
1575 3325 1885 3380 mentitum
1938 3343 2062 3381 esse
2110 3326 2414 3383 suadetis?

765 3407 1015 3464 Proinde
1040 3426 1142 3464 vos
1167 3409 1397 3466 Christo
1446 3416 1636 3469 vestro
1686 3415 1959 3486 anteponi
2003 3414 2199 3482 vultis,
2233 3416 2282 3471 si
2313 3415 2413 3471 illo

766 3497 1205 3567 mentiente,vos
1223 3501 1583 3557 annuntiatis
1601 3503 1986 3558 veritatem.Si
2005 3507 2197 3559 autem
2217 3505 2412 3561 Chris-

766 3587 890 3638 tum
922 3591 1176 3640 vestrum
1199 3590 1405 3642 sectari
1425 3590 1624 3661 vultis,
1647 3592 1775 3661 quis
1807 3610 1920 3647 non
1940 3595 1997 3648 in
2028 3594 2191 3649 vobis
2215 3600 2413 3651 caveat

766 3672 1103 3741 falsitatem,
1140 3680 1204 3729 ut
1232 3675 1289 3729 in
1324 3677 1414 3732 his
1446 3694 1677 3750 quoque
1710 3682 2001 3738 mandatis
2035 3700 2161 3755 quae
2183 3701 2282 3740 vos
2305 3685 2409 3739 im-

765 3762 921 3833 plere
954 3763 1168 3833 dicitis,
1203 3781 1315 3819 non
1346 3766 1422 3820 sit
1455 3767 1564 3823 nisi
1591 3769 1716 3824 sola
1746 3771 2007 3827 fallacia?
2036 3772 2255 3844 Quippe
2278 3790 2409 3829 cum

767 3868 945 3908 ausus
963 3852 1038 3907 sit
1068 3852 1315 3909 Faustus
1334 3855 1521 3912 dicere
1552 3860 1701 3929 quod
1733 3860 1887 3915 assio
1904 3863 2065 3917 zonis
2083 3880 2197 3918 non
2223 3870 2410 3935 porte-

765 3942 870 3997 tis:
895 3940 1003 3996 nisi
1030 3941 1175 3996 forte
1193 3942 1321 3998 ideo
1338 3961 1537 4000 verum
1558 3947 1719 4017 dixit,
1737 3950 1872 4020 quia
1905 3969 2018 4007 non
2040 3970 2115 4007 res
2144 3952 2201 4007 in
2227 3954 2409 4025 zonis,

766 4030 865 4086 sed
900 4033 955 4084 et
985 4045 1191 4085 aurum
1225 4032 1282 4085 in
1317 4033 1542 4090 arcellis
1564 4036 1691 4092 etin
1713 4040 1963 4095 sacculis
1979 4041 2268 4097 habeatis:
2311 4060 2412 4099 nec

775 4118 1343 4189 reprehenderentur
1373 4122 1557 4178 istain
1578 4127 1880 4195 vobis,nisi
1900 4131 2033 4201 quia
2062 4132 2414 4202 profitemini

770 4206 951 4272 aliud,
984 4212 1040 4261 et
1063 4208 1231 4262 aliter
1259 4210 1466 4265 vivitis.
1496 4214 1699 4270 Adhuc
1731 4216 1789 4271 in
1824 4219 1999 4273 rebus
2025 4220 2297 4276 humanis
2326 4224 2414 4276 est

767 4294 875 4358 ille,
899 4295 1294 4367 Constantius,
1329 4300 1501 4356 modo
1520 4303 1643 4372 jam
1663 4304 1840 4360 frater
1868 4313 2065 4363 noster
2094 4309 2413 4366 catholicus

770 4382 1146 4454 Christianus,
1180 4385 1274 4457 qui
1302 4388 1518 4445 multos
1558 4399 1814 4451 vestrum
1858 4397 2053 4452 Romae
2082 4396 2139 4452 in
2172 4398 2411 4454 domum

771 4490 939 4528 suam
959 4485 1977 4556 congregaverat,propterimplenda
1993 4492 2275 4559 praecepta
2294 4489 2411 4544 Ma-

770 4563 1000 4634 nichaei,
1022 4567 1164 4622 satis
1184 4570 1417 4640 quidem
1449 4589 1596 4627 vana
1617 4577 1672 4628 et
1702 4572 1917 4646 inepta,
1938 4578 2035 4631 sed
2066 4581 2259 4631 tamen
2285 4594 2410 4649 quae

772 4669 985 4726 magna
1002 4658 1346 4715 existimatis
1374 4676 1385 4714 :
1404 4661 1619 4731 quibus
1636 4680 1767 4717 cum
1786 4669 1976 4720 vestra
1994 4666 2304 4721 infirmitas
2322 4683 2410 4722 ce-

768 4744 948 4815 deret,
969 4746 1214 4818 dispersi
1234 4749 1375 4804 estis
1407 4752 1656 4822 quisque
1685 4754 1742 4807 in
1776 4754 1926 4808 viam
1945 4772 2133 4811 suam.
2153 4756 2411 4811 Undeilli

766 4835 867 4906 qui
901 4835 955 4889 in
988 4836 1072 4892 eis
1121 4838 1435 4909 perdurare
1476 4845 1803 4908 voluerunt,
1846 4860 1879 4899 a
1908 4850 2097 4900 vestra
2140 4846 2412 4901 societate

765 4925 1027 4982 schisma
1050 4926 1229 4982 feceru
1242 4931 1303 4982 nt
1328 4946 1340 4994 ;
1361 4934 1417 4982 et
1433 4930 1572 5000 quia
1588 4931 1645 4985 in
1667 4934 1864 4987 mattis
1877 4934 2408 5003 dormiunt,Matta-

767 5016 837 5070 rii
857 5016 1283 5090 appellanturza
1297 5033 1477 5089 quoru
1489 5036 1541 5073 m
1562 5023 1759 5076 stratis
1776 5021 1945 5095 longe
1962 5024 2276 5081 dissimiles
2296 5026 2412 5080 fue-

767 5111 904 5161 runt
936 5105 1146 5178 plumae
1181 5107 1398 5177 Fausti,
1423 5112 1479 5163 et
1506 5110 1755 5180 caprinm
1777 5111 2014 5174 lodices.
2040 5131 2153 5185 qua
2174 5115 2408 5171 delicia-

768 5211 895 5249 rum
921 5197 1222 5251 aftluentia
1253 5215 1366 5252 non
1399 5197 1589 5253 solum
1617 5201 1906 5257 Mattarios
1926 5204 2282 5269 fastidiebat,
2306 5205 2408 5259 sed

765 5286 940 5340 etiam
959 5287 1199 5341 domum
1214 5288 1397 5359 patris
1411 5287 1500 5343 sui
1520 5288 1773 5345 hominis
1786 5293 2057 5365 pauperis
2073 5293 2407 5350 Milevitani.

828 5547 855 5617 ί
879 5544 1369 5617 l‘q'manuscripti‘s,
1391 5563 1453 5598 ex
1478 5552 1580 5615 ﬁde
1605 5567 1707 5603 non
1736 5555 1858 5615 ﬁcta
1885 5557 2197 5617 surgentem.

834 5608 855 5679 ξ
880 5606 1092 5682 aliquot
1118 5606 1445 5682 Mss_.,_ﬁd_em
1475 5606 1693 5682 uestram
1730 5606 1936 5682 hiscere
1974 5606 2279 5668 mendaciis.
2307 5618 2409 5667 Alii

769 5672 982 5733 quidam
1005 5685 1123 5720 cum
1155 5672 1309 5721 editis
1340 5676 1454 5724 Am.
1492 5682 1544 5727 et
1570 5680 1673 5736 Er.,
1719 5672 1877 5743 [idem
1923 5684 2139 5728 vestram
2219 5695 2410 5741 ugnare

770 5747 883 5781 cum
914 5736 1206 5785 mendaciis.
1235 5738 1607 5792 Cistercienses
1635 5743 1740 5792 duo
1771 5744 1997 5792 codices.
2023 5742 2085 5791 ob
2114 5696 2268 5792 ﬁlgm
2299 5758 2406 5792 ves-

770 5747 883 5807 cum
914 5736 1206 5785 mendaciis.
1235 5738 1607 5807 Cistercienses
1635 5736 1740 5793 duo
1771 5744 1997 5804 codices,
2023 5742 2085 5791 ob
2111 5736 2271 5807 ﬁdem
2299 5758 2406 5793 ves-

762 5797 899 5847 tram
921 5812 1156 5862 pugnare
1183 5801 1476 5853 mendaciis.

1545 425 1857 483 CONTRA
1908 424 2277 487 FAUS'l‘UM
2326 423 2848 500 MANICHzEUM,
2899 426 2964 485 S.
3008 425 3436 488 AUGUSTINI

4076 431 4198 489 224

2553 560 2777 615 Auferte
2808 576 2942 632 ergo
2972 562 3255 632 perditam
3278 560 3736 627 simulationem,
3764 560 3811 615 si
3838 561 3909 615 de
3928 558 4195 616 moribus

2547 666 2660 704 non
2680 648 3090 712 vultis.sallem
3107 650 3176 704 de
3208 649 3417 705 litteris
3435 650 3644 707 vestris
3666 667 3678 705 :
3696 666 3767 705 ne
3782 648 3982 722 lingua
4003 652 4195 704 vestra

2546 753 2677 792 cum
2708 737 2823 794 vita
2850 743 3066 806 vestra,
3114 743 3390 810 tanquam
3426 739 3524 795 ille
3556 739 3780 812 primus
3828 738 4004 794 homo
4057 753 4192 792 cum

2545 832 2714 898 gente
2742 827 3136 894 tenebrarum,
3163 828 3563 896 mendacibus,
3603 844 3717 883 non
3749 826 4073 893 elementis,
4093 827 4195 882 sed

2541 915 2732 970 verbis
2756 932 3015 987 pugnare
3044 917 3327 972 videatur.

2615 1002 2843 1060 CAPUT
2880 1004 3183 1059 VL—Sed
3216 1022 3288 1060 ne
3313 1004 3372 1060 in
3406 1004 3673 1061 homines
3704 1003 3897 1076 potius
3928 1020 4044 1059 non
4076 1002 4192 1058 im-

2543 1091 2769 1163 plentes
2801 1110 2868 1149 ea
2900 1110 3026 1164 quae
3058 1093 3168 1149 sibi
3210 1095 3647 1165 praecipiuntur,
3695 1111 3873 1165 quam
3910 1093 3969 1148 in
4000 1092 4193 1164 ipsam

2541 1186 2761 1236 sectam
2785 1182 3085 1237 vanissimi
3100 1184 3312 1239 erroris
3337 1200 3429 1238 me
3448 1183 3757 1239 istadicere
3778 1182 4093 1253 quisquam
4108 1197 4198 1235 re-

2540 1269 2887 1341 prehendat,
2918 1270 3027 1326 hoc
3057 1272 3220 1327 dico:
3250 1271 3411 1327 Talia
3432 1276 3571 1327 sunt
3602 1272 3729 1343 ipsa
3760 1274 4045 1343 pracepta
4065 1270 4189 1325 Ma-

2541 1358 2769 1427 nichaei,
2803 1364 2867 1414 ut
2897 1360 2946 1414 si
2977 1375 3044 1414 ea
3075 1377 3187 1415 non
3222 1360 3467 1430 faciatis,
3501 1361 3837 1431 deceptores
3866 1377 3880 1427 ;
3919 1359 3967 1414 si
3990 1364 4192 1413 autem

2539 1448 3016 1520 faciatis,decepti
3034 1449 3388 1520 sitis.Neque
3406 1450 3560 1505 enim
3579 1448 3844 1505 Christus
3863 1448 4025 1503 vobis
4045 1464 4189 1518 prm-

2540 1537 2770 1607 cepitut
2786 1537 3023 1592 herbam
3049 1555 3163 1592 non
3183 1538 3464 1605 evellatis,
3483 1556 3553 1594 ne
3572 1538 3955 1593 homicidium
3983 1552 4189 1607 perpe-

2537 1625 2723 1697 tratis,
2754 1627 2856 1697 qui
2885 1627 3203 1699 discipulos
3236 1645 3374 1683 suos
3407 1644 3507 1697 per
3535 1634 3787 1699 segetem
3811 1630 4189 1681 transeuntes

2540 1720 2598 1770 et
2626 1716 2969 1782 esurientes,
2999 1716 3206 1771 vellere
3240 1718 3434 1787 spicas
3464 1717 3704 1772 sabbato
3746 1732 3861 1771 non
3885 1713 4191 1786 prohibuit

2539 1805 2747 1877 (Matth.
2775 1823 2876 1870 xu,
2910 1807 2984 1873 1),
3036 1807 3191 1860 unde
3235 1805 3598 1861 convinceret
3642 1813 3696 1859 et
3735 1812 4045 1874 praesentes
4074 1802 4187 1858 Ju-

2541 1894 2714 1963 daaos,
2760 1899 2818 1950 et
2861 1895 3086 1949 futuros
3136 1894 3510 1949 Manichacus:
3556 1892 3707 1958 illos,
3754 1892 3891 1963 quia
3939 1892 4184 1947 sabbato

2543 1983 2713 2037 fiebat
2740 2001 2753 2051 ;
2774 1982 2917 2038 istos
2936 1999 3091 2047 vero,
3124 1982 3261 2054 quia
3294 1983 3486 2038 ﬁebat.
3508 1983 3615 2038 Sed
3639 1980 3808 2053 plane
3826 1981 4184 2035 Manichmus

2540 2072 2810 2144 preacepit
2824 2072 3099 2127 utotiosis
3123 2072 3397 2126 manibus
3410 2070 3637 2140 vestris,
3660 2070 3730 2125 de
3753 2069 4082 2125 homicidiis
4101 2071 4185 2124 vi-

2535 2161 2687 2216 vatis
2705 2160 2940 2216 alienis:
2961 2166 3018 2215 et
3037 2161 3137 2216 illa
3160 2160 3392 2231 quidem
3414 2159 3559 2215 falsa
3580 2163 3718 2215 sunt
3733 2158 4181 2225 homicidia,sed

2535 2253 2727 2304 vestra
2756 2255 2893 2305 sunt
2908 2267 3060 2310 vera.
3080 2266 3212 2304 eum
3233 2248 3327 2304 tali
3347 2248 3761 2304 daemoniorum
3783 2248 4046 2303 doctrina
4070 2245 4183 2300 mi-

2533 2354 2695 2393 seras
2725 2338 2952 2393 animas
2980 2338 3308 2393 trucidatis.

2600 2427 2829 2482 CAPUT
2850 2428 2969 2482 νη.
2993 2458 3059 2468 -
3087 2430 3244 2482 Inest
3256 2431 3450 2482 tamen
3474 2425 3571 2481 ille
3603 2425 3910 2480 haereticus
3932 2424 4175 2497 typhus,

2528 2514 3030 2589 intolerabilisque
3060 2516 3355 2588 superbia.
3374 2516 3835 2585 Vides,inquit,in
3852 2530 3938 2569 me
3963 2514 4180 2569 Christi

2529 2605 2895 2661 beatitudines
2926 2608 3056 2661 illas
3086 2622 3204 2678 quas
3236 2606 3602 2677 Evangetium
3629 2605 3874 2673 ['aeiunt;
3903 2607 3954 2659 et
4000 2604 4171 2658 inter-

2523 2711 2681 2766 rogas
2709 2704 2892 2751 utrum
2925 2696 3068 2751 illud
3112 2696 3423 2767 accipiam?
3472 2693 3623 2751 Vides
3650 2708 3971 2765 pauperem,
4015 2692 4167 2747 vides

2522 2786 2735 2849 mitem,
2768 2786 2925 2840 vides
2959 2787 3271 2856 paciﬁcum,
3299 2800 3438 2856 puro
3484 2783 3660 2855 corde,
3693 2784 3990 2854 lugentem,
4035 2797 4167 2837 esu-

2519 2876 2774 2939 rientem,
2805 2877 3098 2940 sitientem,
3128 2876 3530 2945 persecutiones
3568 2876 3617 2929 et
3647 2872 3775 2928 odia
3802 2873 4165 2927 sustinentem

2518 2967 2740 3035 propter
2758 2964 3078 3035 justitiam;
3104 2966 3154 3018 et
3172 2964 3389 3018 dubitas
3412 2967 3599 3018 utrum
3624 2963 3891 3033 accipiam
3918 2962 4166 3029 Evange-

2519 3052 2698 3107 tium?
2727 3052 2785 3107 Si
2816 3052 2923 3108 hoc
2948 3060 3097 3107 esset
3119 3052 3349 3122 justum
3372 3068 3520 3115 esse,
3538 3051 3863 3122 justiﬁcare
3880 3049 4163 3120 seipsum,

2516 3141 2709 3196 verbis
2740 3141 2863 3196 suis
2886 3140 3133 3197 volasset
3167 3142 3225 3195 in
3257 3140 3469 3196 ccelum
3501 3140 3674 3195 homo
3704 3139 3833 3207 iste,
3884 3155 4017 3194 cum
4044 3137 4167 3192 haec

2516 3227 2872 3300 loqueretur.
2907 3231 3017 3285 Sed
3049 3246 3153 3301 ego
3185 3230 3242 3284 in
3275 3229 3515 3285 delicias
3540 3230 3729 3284 Fausti
3758 3245 3870 3282 non
3900 3226 4164 3295 invehor,

2515 3324 2684 3374 notas
2736 3319 3009 3374 omnibus
3058 3319 3432 3374 Auditoribus
3483 3317 3955 3382 Manichaeorum,
3994 3320 4053 3371 et
4080 3314 4165 3371 eis

2514 3407 2767 3463 maxime
2779 3408 2877 3479 qui
2894 3409 3238 3463 suntRomaa
3255 3423 3266 3462 :
3283 3407 3458 3462 talem
3476 3422 3734 3478 propono
3749 3404 4167 3475 manichaeum,

2514 3496 2745 3567 qualem
2777 3496 3153 3552 Constantius
3183 3495 3534 3567 requirebat,
3573 3511 3703 3549 cum
3739 3493 3842 3549 illa
3875 3499 4165 3566 praecepta

2512 3586 3160 3658 exigebatimpleri,non
3193 3584 3426 3657 qualem
3442 3585 3621 3639 videri
3642 3583 3895 3638 nolebat.
3913 3581 4162 3637 Etillum

2511 3680 2704 3731 tamen
2730 3676 3020 3747 quomodo
3036 3676 3200 3730 video
3218 3690 3531 3746 pauperem
3550 3672 3781 3745 spiritu,
3800 3673 3896 3744 qui
3918 3677 4037 3727 tam
4060 3689 4163 3727 su-

2512 3764 2726 3837 perbus
2757 3769 2864 3829 est,
2888 3768 2953 3818 ut
2982 3765 3239 3818 animam
3263 3778 3431 3818 suam
3463 3763 3638 3817 Deum
3671 3762 4001 3827 credat,nec
4025 3778 4164 3834 cap-

2509 3853 2697 3909 tivum
2728 3853 3035 3909 erubescat
3054 3852 3402 3916 *?Quomodo
3435 3851 3659 3919 mitem,
3683 3850 3783 3922 qui
3812 3854 3986 3905 tantae
4018 3867 4163 3906 aue-

2509 3942 2731 3998 toritati
2755 3942 3094 4014 evangelicae
3128 3940 3351 3996 mavult
3380 3940 3686 4005 insultare,
3725 3956 3898 4012 quam
3926 3940 4164 3996 credere

2511 4031 2812 4095 Quomodo
2844 4031 3172 4103 paciﬁcum,
3217 4030 3315 4101 qui
3352 4034 3621 4084 naturam
3656 4029 3844 4100 ipsam
3879 4028 4163 4096 divinam,

2513 4138 2630 4192 qua
2661 4125 2810 4175 Deus
2841 4124 2931 4175 est
2959 4119 3242 4191 quidquid
3275 4123 3384 4185 est,
3416 4118 3516 4188 qui
3557 4117 3718 4173 solus
3749 4133 3877 4172 vere
3902 4121 4007 4186 est,
4028 4134 4164 4189 per-

2514 4216 2745 4282 petuam
2766 4226 2966 4281 pacem
2986 4208 3202 4264 habere
3218 4225 3332 4263 non
3352 4208 3612 4278 potuisse
3631 4207 3838 4278 putat?
3861 4208 4164 4272 Quomodo

2513 4316 2660 4371 puro
2692 4300 2883 4366 corde,
2916 4298 2977 4353 in
3010 4314 3123 4369 quo
3153 4296 3590 4352 tumultuantur
3636 4302 3757 4351 tam
3792 4295 4076 4367 sacrilega
4106 4302 4167 4351 et

2512 4393 2633 4443 tam
2653 4387 2839 4443 multa
2856 4388 3135 4459 ﬁgmenta
3155 4386 3490 4449 ?Quomodo
3506 4384 3824 4456 lugentem,
3846 4384 3957 4440 nisi
3981 4389 4165 4440 Deum

2514 4495 2686 4533 suum
2719 4481 2953 4548 captum
2984 4481 3041 4532 et
3071 4475 3313 4547 ligatum
3341 4492 3354 4540 ;
3388 4476 3568 4530 donec
3588 4474 3845 4529 solvatur
3862 4479 3917 4529 et
3933 4474 4163 4541 evadat,

2514 4583 2582 4622 ex
2612 4567 2864 4639 quadam
2895 4569 3094 4621 tamen
3124 4576 3284 4636 parte
3317 4563 3677 4627 decurtatus,
3724 4580 3850 4634 quae
3880 4562 3941 4616 in
3990 4561 4163 4633 globo

2512 4656 2884 4711 tenebrarum
2909 4670 2943 4708 a
2962 4654 3126 4708 Patre
3149 4652 3446 4723 ligabitur,
3468 4657 3525 4707 et
3546 4668 3661 4706 non
3680 4650 4162 4723 lugebitur?Quo-

2514 4745 2685 4800 modo
2706 4742 3059 4799 esurientem
3082 4748 3139 4797 et
3156 4741 3447 4797 sitientem
3458 4741 3960 4811 justitiam,quam
3978 4744 4161 4794 Faus-

2511 4839 2608 4890 tus
2637 4834 2697 4888 in
2716 4832 2952 4903 scriptis
2972 4831 3096 4887 suis
3124 4848 3236 4886 non
3256 4831 3500 4895 addidit,
3538 4831 3710 4884 credo
3739 4846 3810 4884 ne
3827 4829 3938 4884 sibi
3956 4829 4162 4885 deesse

2509 4924 2822 4991 videretur,
2855 4920 2903 4975 si
2935 4936 3061 4975 eam
3102 4936 3163 4974 se
3188 4919 3378 4975 adhuc
3408 4918 3631 4974 esurire
3661 4935 3727 4974 ac
3756 4916 3919 4973 sitire
3951 4918 4157 4973 fatere-

2510 5012 2658 5067 tur?
2690 5010 2801 5065 Sed
2841 5026 3017 5080 quam
3058 5008 3345 5080 juslitiam
3395 5008 3490 5063 isti
3540 5007 3808 5063 esuriunt
3841 5011 3899 5062 et
3929 5006 4156 5075 sitiunt,

2512 5102 2727 5173 quibus
2759 5100 3010 5171 perfecta
3029 5099 3260 5170 justitia
3289 5097 3419 5165 erit,
3449 5096 3738 5152 damnatis
3761 5096 3819 5151 in
3852 5095 4023 5168 globo
4045 5097 4160 5151 fra-

2511 5191 2702 5246 tribus
2733 5187 2832 5261 qui
2864 5188 3009 5243 nihil
3042 5205 3147 5243 suo
3175 5187 3315 5243 vitio
3366 5190 3769 5258 peccaverunt,
3824 5186 3925 5241 sed
3957 5185 4159 5241 hostili

2510 5280 2665 5347 tabe,
2699 5284 2898 5334 contra
2923 5293 3101 5348 quam
3132 5293 3231 5332 eos
3261 5281 3432 5332 Pater
3470 5275 3632 5331 misit
3656 5276 3700 5344 ³,
3733 5273 4164 5347 inexpiabiliter

2510 5368 2704 5425 infecti
2736 5372 2895 5434 sunt,
2928 5368 3169 5438 insuper
3196 5365 3560 5436 triumphare
3580 5365 3607 5420 ?

2581 5458 2810 5513 CAPUT
2832 5454 3802 5526 VIII.—Quomodolpersecutiones
3819 5453 4163 5509 etodiasus-

2510 5547 2711 5603 tinetis
2729 5543 3516 5618 propterjustitiam,quibus
3538 5543 3659 5598 haec
3684 5541 3986 5614 sacrilegia
4009 5559 4155 5613 prte-

2511 5637 2702 5692 dicare
2726 5641 2782 5691 et
2803 5635 3151 5708 persuadere
3165 5633 3398 5703 justitia
3416 5632 3543 5687 est?
3563 5633 3666 5687 Pro
3688 5649 3805 5704 qua
3824 5630 4004 5702 impia
4025 5647 4154 5701 per-

2574 5746 2589 5779 ¹
2617 5745 2732 5794 Am.
2764 5745 2847 5792 Er.
2879 5746 2933 5791 et
2961 5740 3201 5803 plerique
3237 5742 3379 5801 Mss,
3409 5754 3500 5789 nec
3527 5741 3753 5803 captivus
3781 5738 4056 5788 erubescat.

2576 5807 2599 5842 ²
2623 5808 2739 5857 Am.
2769 5807 2854 5856 Er.
2886 5809 2940 5855 et
2967 5804 3111 5867 Mss.,
3142 5816 3240 5867 quo
3268 5818 3351 5853 eos
3378 5804 3531 5854 Pater
3558 5805 3715 5853 misit.
