  <div class='ocr_page' id='page_1' title='image "/cluster/home/n/w/nwhite01/storage/ocr_20150623/42/umn.31951d02850084t/118.png"; bbox 0 0 4638 6486; ppageno 0'>
   <div class='ocr_carea' id='block_1_1' title="bbox 485 376 587 435">
    <p class='ocr_par' dir='ltr' id='par_1_1' title="bbox 485 376 587 435">
     <span class='ocr_line' id='line_1_1' title="bbox 485 376 587 435; baseline 0 0"><span class='ocrx_word' id='word_1_1' title='bbox 485 376 587 435; x_wconf 76' lang='grc'><strong>229</strong></span> 
     </span>
    </p>
   </div>
   <div class='ocr_carea' id='block_1_2' title="bbox 490 505 2114 578">
    <p class='ocr_par' dir='ltr' id='par_1_2' title="bbox 490 505 2114 578">
     <span class='ocr_line' id='line_1_2' title="bbox 490 505 2114 578; baseline -0.002 -14"><span class='ocrx_word' id='word_1_2' title='bbox 490 506 696 564; x_wconf 87' lang='lat' dir='ltr'>Domini</span> <span class='ocrx_word' id='word_1_3' title='bbox 716 507 1206 578; x_wconf 81' lang='lat' dir='ltr'>justificarentur,</span> <span class='ocrx_word' id='word_1_4' title='bbox 1231 506 1400 575; x_wconf 82' lang='lat' dir='ltr'>cuius</span> <span class='ocrx_word' id='word_1_5' title='bbox 1427 505 1869 563; x_wconf 80' lang='lat' dir='ltr'>resurrectionis</span> <span class='ocrx_word' id='word_1_6' title='bbox 1894 505 2114 576; x_wconf 85' lang='lat' dir='ltr'>dies,ex</span> 
     </span>
    </p>
   </div>
   <div class='ocr_carea' id='block_1_3' title="bbox 491 595 2116 669">
    <p class='ocr_par' dir='ltr' id='par_1_3' title="bbox 491 595 2116 669">
     <span class='ocr_line' id='line_1_3' title="bbox 491 595 2116 669; baseline -0.002 -18"><span class='ocrx_word' id='word_1_7' title='bbox 491 597 571 651; x_wconf 91' lang='lat' dir='ltr'>die</span> <span class='ocrx_word' id='word_1_8' title='bbox 598 595 827 669; x_wconf 86' lang='lat' dir='ltr'>quidem</span> <span class='ocrx_word' id='word_1_9' title='bbox 862 596 1156 667; x_wconf 82' lang='lat' dir='ltr'>passionis</span> <span class='ocrx_word' id='word_1_10' title='bbox 1187 595 1420 663; x_wconf 91' lang='lat' dir='ltr'>tertius,</span> <span class='ocrx_word' id='word_1_11' title='bbox 1440 598 1572 667; x_wconf 89' lang='lat' dir='ltr'>post</span> <span class='ocrx_word' id='word_1_12' title='bbox 1592 595 1746 650; x_wconf 91' lang='lat' dir='ltr'>diem</span> <span class='ocrx_word' id='word_1_13' title='bbox 1767 599 1963 650; x_wconf 91' lang='lat' dir='ltr'>tamen</span> <span class='ocrx_word' id='word_1_14' title='bbox 1988 595 2116 649; x_wconf 88' lang='lat' dir='ltr'>sab-</span> 
     </span>
    </p>
   </div>
   <div class='ocr_carea' id='block_1_4' title="bbox 493 684 2115 759">
    <p class='ocr_par' dir='ltr' id='par_1_4' title="bbox 493 684 2115 759">
     <span class='ocr_line' id='line_1_4' title="bbox 493 684 2115 759; baseline -0.002 -18"><span class='ocrx_word' id='word_1_15' title='bbox 493 685 616 751; x_wconf 87' lang='lat' dir='ltr'>bati,</span> <span class='ocrx_word' id='word_1_16' title='bbox 641 684 747 741; x_wconf 92' lang='lat' dir='ltr'>hoc</span> <span class='ocrx_word' id='word_1_17' title='bbox 769 690 859 741; x_wconf 91' lang='lat' dir='ltr'>est</span> <span class='ocrx_word' id='word_1_18' title='bbox 889 690 1022 757; x_wconf 88' lang='lat' dir='ltr'>post</span> <span class='ocrx_word' id='word_1_19' title='bbox 1051 686 1389 759; x_wconf 87' lang='lat' dir='ltr'>septimum,</span> <span class='ocrx_word' id='word_1_20' title='bbox 1415 689 1655 740; x_wconf 86' lang='lat' dir='ltr'>octavus</span> <span class='ocrx_word' id='word_1_21' title='bbox 1681 684 1825 739; x_wconf 84' lang='lat' dir='ltr'>fuit:</span> <span class='ocrx_word' id='word_1_22' title='bbox 1862 684 2115 755; x_wconf 87' lang='lat' dir='ltr'>profecto</span> 
     </span>
    </p>
   </div>
   <div class='ocr_carea' id='block_1_5' title="bbox 489 772 2117 846">
    <p class='ocr_par' dir='ltr' id='par_1_5' title="bbox 489 772 2117 846">
     <span class='ocr_line' id='line_1_5' title="bbox 489 772 2117 846; baseline -0.003 -15"><span class='ocrx_word' id='word_1_23' title='bbox 489 772 1087 846; x_wconf 87' lang='lat' dir='ltr'>spoliarenturcarnali</span> <span class='ocrx_word' id='word_1_24' title='bbox 1112 774 1432 831; x_wconf 83' lang='lat' dir='ltr'>velamento</span> <span class='ocrx_word' id='word_1_25' title='bbox 1447 773 1782 829; x_wconf 80' lang='lat' dir='ltr'>mortalium</span> <span class='ocrx_word' id='word_1_26' title='bbox 1806 772 2117 828; x_wconf 88' lang='lat' dir='ltr'>desiderio-</span> 
     </span>
    </p>
   </div>
   <div class='ocr_carea' id='block_1_6' title="bbox 492 861 2115 936">
    <p class='ocr_par' dir='ltr' id='par_1_6' title="bbox 492 861 2115 936">
     <span class='ocr_line' id='line_1_6' title="bbox 492 861 2115 936; baseline -0.002 -18"><span class='ocrx_word' id='word_1_27' title='bbox 492 879 607 919; x_wconf 88' lang='lat' dir='ltr'>rum</span> <span class='ocrx_word' id='word_1_28' title='bbox 627 880 640 917; x_wconf 86' lang='lat'>:</span> <span class='ocrx_word' id='word_1_29' title='bbox 664 866 717 917; x_wconf 87' lang='lat' dir='ltr'>et</span> <span class='ocrx_word' id='word_1_30' title='bbox 737 863 930 918; x_wconf 87' lang='lat' dir='ltr'>cordis</span> <span class='ocrx_word' id='word_1_31' title='bbox 947 863 1391 920; x_wconf 86' lang='lat' dir='ltr'>circumcisione</span> <span class='ocrx_word' id='word_1_32' title='bbox 1408 864 1754 936; x_wconf 83' lang='lat' dir='ltr'>gaudentes,</span> <span class='ocrx_word' id='word_1_33' title='bbox 1777 879 1891 917; x_wconf 90' lang='lat' dir='ltr'>non</span> <span class='ocrx_word' id='word_1_34' title='bbox 1908 877 2035 916; x_wconf 81' lang='lat' dir='ltr'>eam</span> <span class='ocrx_word' id='word_1_35' title='bbox 2058 861 2115 915; x_wconf 92' lang='lat' dir='ltr'>in</span> 
     </span>
    </p>
   </div>
   <div class='ocr_carea' id='block_1_7' title="bbox 491 951 2117 1025">
    <p class='ocr_par' dir='ltr' id='par_1_7' title="bbox 491 951 2117 1025">
     <span class='ocr_line' id='line_1_7' title="bbox 491 951 2117 1025; baseline -0.002 -17"><span class='ocrx_word' id='word_1_36' title='bbox 491 968 646 1008; x_wconf 88' lang='lat' dir='ltr'>carne</span> <span class='ocrx_word' id='word_1_37' title='bbox 657 951 1187 1024; x_wconf 85' lang='lat' dir='ltr'>adumbratamfigu</span> <span class='ocrx_word' id='word_1_38' title='bbox 1196 957 1380 1008; x_wconf 89' lang='lat' dir='ltr'>ratam</span> <span class='ocrx_word' id='word_1_39' title='bbox 1391 967 1503 1025; x_wconf 90' lang='lat' dir='ltr'>que</span> <span class='ocrx_word' id='word_1_40' title='bbox 1518 951 1848 1007; x_wconf 86' lang='lat' dir='ltr'>deriderent</span> <span class='ocrx_word' id='word_1_41' title='bbox 1860 955 2117 1022; x_wconf 91' lang='lat' dir='ltr'>tempore</span> 
     </span>
    </p>
   </div>
   <div class='ocr_carea' id='block_1_8' title="bbox 494 1040 2119 1113">
    <p class='ocr_par' dir='ltr' id='par_1_8' title="bbox 494 1040 2119 1113">
     <span class='ocr_line' id='line_1_8' title="bbox 494 1040 2119 1113; baseline -0.001 -19"><span class='ocrx_word' id='word_1_42' title='bbox 494 1040 1359 1111; x_wconf 79' lang='lat' dir='ltr'>VeterisTestamenti,quamvis</span> <span class='ocrx_word' id='word_1_43' title='bbox 1366 1043 1489 1113; x_wconf 87' lang='lat' dir='ltr'>jam</span> <span class='ocrx_word' id='word_1_44' title='bbox 1509 1049 1765 1112; x_wconf 86' lang='lat' dir='ltr'>tempore</span> <span class='ocrx_word' id='word_1_45' title='bbox 1778 1040 2119 1095; x_wconf 87' lang='lat' dir='ltr'>NoviTesta-</span> 
     </span>
    </p>
   </div>
   <div class='ocr_carea' id='block_1_9' title="bbox 496 1127 2118 1203">
    <p class='ocr_par' dir='ltr' id='par_1_9' title="bbox 496 1127 2118 1203">
     <span class='ocr_line' id='line_1_9' title="bbox 496 1127 2118 1203; baseline -0.002 -18"><span class='ocrx_word' id='word_1_46' title='bbox 496 1131 658 1186; x_wconf 90' lang='lat' dir='ltr'>menti</span> <span class='ocrx_word' id='word_1_47' title='bbox 688 1128 811 1186; x_wconf 82' lang='lat' dir='ltr'>ﬁeri</span> <span class='ocrx_word' id='word_1_48' title='bbox 835 1130 1245 1203; x_wconf 79' lang='lat' dir='ltr'>observarique</span> <span class='ocrx_word' id='word_1_49' title='bbox 1266 1147 1381 1187; x_wconf 89' lang='lat' dir='ltr'>non</span> <span class='ocrx_word' id='word_1_50' title='bbox 1409 1134 1698 1202; x_wconf 83' lang='lat' dir='ltr'>cogerent.</span> <span class='ocrx_word' id='word_1_51' title='bbox 1747 1131 1806 1184; x_wconf 90' lang='lat' dir='ltr'>In</span> <span class='ocrx_word' id='word_1_52' title='bbox 1832 1145 1944 1200; x_wconf 91' lang='lat' dir='ltr'>quo</span> <span class='ocrx_word' id='word_1_53' title='bbox 1964 1127 2118 1183; x_wconf 90' lang='lat' dir='ltr'>enim</span> 
     </span>
    </p>
   </div>
   <div class='ocr_carea' id='block_1_10' title="bbox 493 1215 2120 1293">
    <p class='ocr_par' dir='ltr' id='par_1_10' title="bbox 493 1215 2120 1293">
     <span class='ocr_line' id='line_1_10' title="bbox 493 1215 2120 1293; baseline -0.002 -20"><span class='ocrx_word' id='word_1_54' title='bbox 493 1219 737 1274; x_wconf 90' lang='lat' dir='ltr'>membro</span> <span class='ocrx_word' id='word_1_55' title='bbox 759 1219 1176 1293; x_wconf 83' lang='lat' dir='ltr'>congruentius</span> <span class='ocrx_word' id='word_1_56' title='bbox 1190 1219 1497 1292; x_wconf 85' lang='lat' dir='ltr'>expoliatio</span> <span class='ocrx_word' id='word_1_57' title='bbox 1514 1217 1764 1274; x_wconf 85' lang='lat' dir='ltr'>carnalis</span> <span class='ocrx_word' id='word_1_58' title='bbox 1780 1223 1836 1273; x_wconf 90' lang='lat' dir='ltr'>et</span> <span class='ocrx_word' id='word_1_59' title='bbox 1859 1215 2120 1271; x_wconf 83' lang='lat' dir='ltr'>mortalis</span> 
     </span>
    </p>
   </div>
   <div class='ocr_carea' id='block_1_11' title="bbox 492 1305 2122 1381">
    <p class='ocr_par' dir='ltr' id='par_1_11' title="bbox 492 1305 2122 1381">
     <span class='ocr_line' id='line_1_11' title="bbox 492 1305 2122 1381; baseline -0.003 -18"><span class='ocrx_word' id='word_1_60' title='bbox 492 1308 957 1380; x_wconf 67' lang='lat' dir='ltr'>concupiscentia:</span> <span class='ocrx_word' id='word_1_61' title='bbox 974 1310 1461 1381; x_wconf 84' lang='lat' dir='ltr'>figuratur,quam</span> <span class='ocrx_word' id='word_1_62' title='bbox 1478 1309 1631 1364; x_wconf 90' lang='lat' dir='ltr'>unde</span> <span class='ocrx_word' id='word_1_63' title='bbox 1644 1305 1891 1361; x_wconf 83' lang='lat' dir='ltr'>carnalis</span> <span class='ocrx_word' id='word_1_64' title='bbox 1904 1310 1960 1361; x_wconf 91' lang='lat' dir='ltr'>et</span> <span class='ocrx_word' id='word_1_65' title='bbox 1975 1322 2122 1359; x_wconf 90' lang='lat' dir='ltr'>mor-</span> 
     </span>
    </p>
   </div>
   <div class='ocr_carea' id='block_1_12' title="bbox 494 1394 2118 1467">
    <p class='ocr_par' dir='ltr' id='par_1_12' title="bbox 494 1394 2118 1467">
     <span class='ocr_line' id='line_1_12' title="bbox 494 1394 2118 1467; baseline -0.001 -16"><span class='ocrx_word' id='word_1_66' title='bbox 494 1396 616 1452; x_wconf 84' lang='lat' dir='ltr'>talis</span> <span class='ocrx_word' id='word_1_67' title='bbox 653 1398 804 1452; x_wconf 83' lang='lat' dir='ltr'>fetus</span> <span class='ocrx_word' id='word_1_68' title='bbox 859 1397 1161 1454; x_wconf 85' lang='lat' dir='ltr'>exoritur?</span> <span class='ocrx_word' id='word_1_69' title='bbox 1218 1398 1348 1461; x_wconf 88' lang='lat' dir='ltr'>Sed,</span> <span class='ocrx_word' id='word_1_70' title='bbox 1411 1398 1563 1453; x_wconf 88' lang='lat' dir='ltr'>sicut</span> <span class='ocrx_word' id='word_1_71' title='bbox 1609 1397 1750 1452; x_wconf 91' lang='lat' dir='ltr'>dicit</span> <span class='ocrx_word' id='word_1_72' title='bbox 1788 1394 2118 1467; x_wconf 86' lang='lat' dir='ltr'>Apostolus,</span> 
     </span>
    </p>
   </div>
   <div class='ocr_carea' id='block_1_13' title="bbox 496 1484 2124 1555">
    <p class='ocr_par' dir='ltr' id='par_1_13' title="bbox 496 1484 2124 1555">
     <span class='ocr_line' id='line_1_13' title="bbox 496 1484 2124 1555; baseline -0.003 -15"><span class='ocrx_word' id='word_1_73' title='bbox 496 1485 675 1541; x_wconf 82' lang='lat' dir='ltr'>Omnia</span> <span class='ocrx_word' id='word_1_74' title='bbox 689 1487 901 1541; x_wconf 83' lang='lat' dir='ltr'>munda</span> <span class='ocrx_word' id='word_1_75' title='bbox 920 1487 1140 1542; x_wconf 82' lang='lat' dir='ltr'>mundis</span> <span class='ocrx_word' id='word_1_76' title='bbox 1159 1504 1179 1548; x_wconf 89' lang='grc'>,·</span> <span class='ocrx_word' id='word_1_77' title='bbox 1202 1487 1500 1543; x_wconf 78' lang='lat' dir='ltr'>immundis</span> <span class='ocrx_word' id='word_1_78' title='bbox 1522 1490 1706 1542; x_wconf 84' lang='lat' dir='ltr'>autem</span> <span class='ocrx_word' id='word_1_79' title='bbox 1727 1493 1777 1541; x_wconf 92' lang='lat' dir='ltr'>et</span> <span class='ocrx_word' id='word_1_80' title='bbox 1812 1484 2124 1555; x_wconf 84' lang='lat' dir='ltr'>inﬁdelibus</span> 
     </span>
    </p>
   </div>
   <div class='ocr_carea' id='block_1_14' title="bbox 493 1574 2124 1646">
    <p class='ocr_par' dir='ltr' id='par_1_14' title="bbox 493 1574 2124 1646">
     <span class='ocr_line' id='line_1_14' title="bbox 493 1574 2124 1646; baseline -0.001 -19"><span class='ocrx_word' id='word_1_81' title='bbox 493 1576 623 1629; x_wconf 79' lang='lat' dir='ltr'>nihil</span> <span class='ocrx_word' id='word_1_82' title='bbox 653 1578 727 1629; x_wconf 86' lang='lat' dir='ltr'>est</span> <span class='ocrx_word' id='word_1_83' title='bbox 752 1576 1055 1643; x_wconf 76' lang='lat' dir='ltr'>mundum,-</span> <span class='ocrx_word' id='word_1_84' title='bbox 1076 1576 1166 1630; x_wconf 79' lang='lat' dir='ltr'>sed</span> <span class='ocrx_word' id='word_1_85' title='bbox 1194 1577 1400 1646; x_wconf 81' lang='lat' dir='ltr'>polluta</span> <span class='ocrx_word' id='word_1_86' title='bbox 1430 1580 1555 1630; x_wconf 81' lang='lat' dir='ltr'>sunt</span> <span class='ocrx_word' id='word_1_87' title='bbox 1586 1591 1773 1631; x_wconf 87' lang='lat' dir='ltr'>eorum</span> <span class='ocrx_word' id='word_1_88' title='bbox 1802 1583 1855 1629; x_wconf 90' lang='lat' dir='ltr'>et</span> <span class='ocrx_word' id='word_1_89' title='bbox 1894 1589 2045 1628; x_wconf 83' lang='lat' dir='ltr'>mens</span> <span class='ocrx_word' id='word_1_90' title='bbox 2072 1574 2124 1626; x_wconf 83' lang='lat' dir='ltr'>et</span> 
     </span>
    </p>
   </div>
   <div class='ocr_carea' id='block_1_15' title="bbox 491 1661 2120 1737">
    <p class='ocr_par' dir='ltr' id='par_1_15' title="bbox 491 1661 2120 1737">
     <span class='ocr_line' id='line_1_15' title="bbox 491 1661 2120 1737; baseline -0.002 -19"><span class='ocrx_word' id='word_1_91' title='bbox 491 1666 809 1720; x_wconf 77' lang='lat' dir='ltr'>conscientia</span> <span class='ocrx_word' id='word_1_92' title='bbox 832 1667 961 1733; x_wconf 89' lang='lat' dir='ltr'>(Tit.</span> <span class='ocrx_word' id='word_1_93' title='bbox 986 1682 1027 1729; x_wconf 80' lang='grc' dir='ltr'>ι,</span> <span class='ocrx_word' id='word_1_94' title='bbox 1053 1666 1161 1733; x_wconf 86' lang='grc'>15).</span> <span class='ocrx_word' id='word_1_95' title='bbox 1188 1665 1387 1737; x_wconf 89' lang='lat' dir='ltr'>Itaque</span> <span class='ocrx_word' id='word_1_96' title='bbox 1413 1665 1530 1735; x_wconf 87' lang='lat' dir='ltr'>isti,</span> <span class='ocrx_word' id='word_1_97' title='bbox 1555 1665 1652 1736; x_wconf 87' lang='lat' dir='ltr'>qui</span> <span class='ocrx_word' id='word_1_98' title='bbox 1700 1663 1875 1719; x_wconf 90' lang='lat' dir='ltr'>nimis</span> <span class='ocrx_word' id='word_1_99' title='bbox 1918 1661 2120 1717; x_wconf 89' lang='lat' dir='ltr'>mundi</span> 
     </span>
    </p>
   </div>
   <div class='ocr_carea' id='block_1_16' title="bbox 492 1750 2125 1824">
    <p class='ocr_par' dir='ltr' id='par_1_16' title="bbox 492 1750 2125 1824">
     <span class='ocr_line' id='line_1_16' title="bbox 492 1750 2125 1824; baseline -0.002 -17"><span class='ocrx_word' id='word_1_100' title='bbox 492 1752 593 1807; x_wconf 89' lang='lat' dir='ltr'>sibi</span> <span class='ocrx_word' id='word_1_101' title='bbox 622 1752 909 1819; x_wconf 86' lang='lat' dir='ltr'>videntur,</span> <span class='ocrx_word' id='word_1_102' title='bbox 945 1753 1085 1824; x_wconf 88' lang='lat' dir='ltr'>quia</span> <span class='ocrx_word' id='word_1_103' title='bbox 1109 1753 1206 1808; x_wconf 90' lang='lat' dir='ltr'>illa</span> <span class='ocrx_word' id='word_1_104' title='bbox 1230 1755 1492 1809; x_wconf 90' lang='lat' dir='ltr'>membra</span> <span class='ocrx_word' id='word_1_105' title='bbox 1514 1758 1796 1823; x_wconf 91' lang='lat' dir='ltr'>tanquam</span> <span class='ocrx_word' id='word_1_106' title='bbox 1817 1750 2125 1805; x_wconf 89' lang='lat' dir='ltr'>immunda</span> 
     </span>
    </p>
   </div>
   <div class='ocr_carea' id='block_1_17' title="bbox 494 1838 2124 1913">
    <p class='ocr_par' dir='ltr' id='par_1_17' title="bbox 494 1838 2124 1913">
     <span class='ocr_line' id='line_1_17' title="bbox 494 1838 2124 1913; baseline -0.002 -17"><span class='ocrx_word' id='word_1_107' title='bbox 494 1846 947 1905; x_wconf 86' lang='lat' dir='ltr'>aversantur,aut</span> <span class='ocrx_word' id='word_1_108' title='bbox 968 1844 1217 1897; x_wconf 89' lang='lat' dir='ltr'>aversari</span> <span class='ocrx_word' id='word_1_109' title='bbox 1243 1860 1303 1897; x_wconf 89' lang='lat' dir='ltr'>se</span> <span class='ocrx_word' id='word_1_110' title='bbox 1319 1844 1349 1896; x_wconf 81' lang='lat' dir='ltr'>fi</span> <span class='ocrx_word' id='word_1_111' title='bbox 1362 1842 1630 1913; x_wconf 91' lang='lat' dir='ltr'>ngunt,in</span> <span class='ocrx_word' id='word_1_112' title='bbox 1647 1858 1744 1897; x_wconf 90' lang='lat' dir='ltr'>eas</span> <span class='ocrx_word' id='word_1_113' title='bbox 1760 1838 2124 1895; x_wconf 86' lang='lat' dir='ltr'>infidelitatis</span> 
     </span>
    </p>
   </div>
   <div class='ocr_carea' id='block_1_18' title="bbox 492 1930 2124 2001">
    <p class='ocr_par' dir='ltr' id='par_1_18' title="bbox 492 1930 2124 2001">
     <span class='ocr_line' id='line_1_18' title="bbox 492 1930 2124 2001; baseline -0.004 -14"><span class='ocrx_word' id='word_1_114' title='bbox 492 1936 544 1987; x_wconf 86' lang='lat' dir='ltr'>et</span> <span class='ocrx_word' id='word_1_115' title='bbox 569 1931 778 1986; x_wconf 90' lang='lat' dir='ltr'>erroris</span> <span class='ocrx_word' id='word_1_116' title='bbox 796 1930 1205 1986; x_wconf 90' lang='lat' dir='ltr'>immunditias</span> <span class='ocrx_word' id='word_1_117' title='bbox 1225 1932 1576 2001; x_wconf 90' lang='lat' dir='ltr'>inciderunt,</span> <span class='ocrx_word' id='word_1_118' title='bbox 1596 1936 1660 1986; x_wconf 94' lang='lat' dir='ltr'>ut</span> <span class='ocrx_word' id='word_1_119' title='bbox 1678 1947 1809 1985; x_wconf 90' lang='lat' dir='ltr'>cum</span> <span class='ocrx_word' id='word_1_120' title='bbox 1833 1930 2124 1983; x_wconf 86' lang='lat' dir='ltr'>detesten-</span> 
     </span>
    </p>
   </div>
   <div class='ocr_carea' id='block_1_19' title="bbox 494 2016 2126 2092">
    <p class='ocr_par' dir='ltr' id='par_1_19' title="bbox 494 2016 2126 2092">
     <span class='ocr_line' id='line_1_19' title="bbox 494 2016 2126 2092; baseline -0.002 -18"><span class='ocrx_word' id='word_1_121' title='bbox 494 2024 582 2074; x_wconf 90' lang='lat' dir='ltr'>tur</span> <span class='ocrx_word' id='word_1_122' title='bbox 608 2020 1109 2075; x_wconf 90' lang='lat' dir='ltr'>circumcisionem</span> <span class='ocrx_word' id='word_1_123' title='bbox 1142 2020 1357 2086; x_wconf 88' lang='lat' dir='ltr'>carnis,</span> <span class='ocrx_word' id='word_1_124' title='bbox 1389 2037 1566 2092; x_wconf 89' lang='lat' dir='ltr'>quam</span> <span class='ocrx_word' id='word_1_125' title='bbox 1617 2019 1763 2075; x_wconf 80' lang='lat' dir='ltr'>dixit</span> <span class='ocrx_word' id='word_1_126' title='bbox 1809 2016 2126 2089; x_wconf 85' lang='lat' dir='ltr'>Apostolus</span> 
     </span>
    </p>
   </div>
   <div class='ocr_carea' id='block_1_20' title="bbox 492 2105 2126 2182">
    <p class='ocr_par' dir='ltr' id='par_1_20' title="bbox 492 2105 2126 2182">
     <span class='ocr_line' id='line_1_20' title="bbox 492 2105 2126 2182; baseline -0.002 -19"><span class='ocrx_word' id='word_1_127' title='bbox 492 2109 827 2180; x_wconf 72' lang='lat' dir='ltr'>signaculum</span> <span class='ocrx_word' id='word_1_128' title='bbox 849 2109 1094 2180; x_wconf 51' lang='lat' dir='ltr'>justiti?</span> <span class='ocrx_word' id='word_1_129' title='bbox 1120 2110 1253 2179; x_wconf 88' lang='lat' dir='ltr'>ﬁdei</span> <span class='ocrx_word' id='word_1_130' title='bbox 1281 2110 1452 2182; x_wconf 82' lang='lat' dir='ltr'>(Rom.</span> <span class='ocrx_word' id='word_1_131' title='bbox 1487 2126 1560 2175; x_wconf 85' lang='lat' dir='ltr'>1v,</span> <span class='ocrx_word' id='word_1_132' title='bbox 1597 2109 1704 2178; x_wconf 89' lang='grc'>11),</span> <span class='ocrx_word' id='word_1_133' title='bbox 1736 2106 1794 2162; x_wconf 91' lang='lat' dir='ltr'>in</span> <span class='ocrx_word' id='word_1_134' title='bbox 1843 2105 1990 2179; x_wconf 87' lang='lat' dir='ltr'>ipsis</span> <span class='ocrx_word' id='word_1_135' title='bbox 2037 2110 2126 2160; x_wconf 89' lang='lat' dir='ltr'>ta-</span> 
     </span>
    </p>
   </div>
   <div class='ocr_carea' id='block_1_21' title="bbox 498 2196 2126 2253">
    <p class='ocr_par' dir='ltr' id='par_1_21' title="bbox 498 2196 2126 2253">
     <span class='ocr_line' id='line_1_21' title="bbox 498 2196 2126 2253; baseline -0.002 -1"><span class='ocrx_word' id='word_1_136' title='bbox 498 2214 617 2252; x_wconf 88' lang='lat' dir='ltr'>men</span> <span class='ocrx_word' id='word_1_137' title='bbox 631 2196 965 2253; x_wconf 87' lang='lat' dir='ltr'>carnalibus</span> <span class='ocrx_word' id='word_1_138' title='bbox 984 2198 1264 2253; x_wconf 88' lang='lat' dir='ltr'>membris</span> <span class='ocrx_word' id='word_1_139' title='bbox 1282 2196 1478 2252; x_wconf 91' lang='lat' dir='ltr'>divina</span> <span class='ocrx_word' id='word_1_140' title='bbox 1497 2197 1597 2253; x_wconf 88' lang='lat' dir='ltr'>Dei</span> <span class='ocrx_word' id='word_1_141' title='bbox 1613 2198 1705 2253; x_wconf 91' lang='lat' dir='ltr'>sui</span> <span class='ocrx_word' id='word_1_142' title='bbox 1723 2196 1987 2251; x_wconf 89' lang='lat' dir='ltr'>membra</span> <span class='ocrx_word' id='word_1_143' title='bbox 1999 2211 2126 2250; x_wconf 92' lang='lat' dir='ltr'>cre-</span> 
     </span>
    </p>
   </div>
   <div class='ocr_carea' id='block_1_22' title="bbox 496 2285 2127 2359">
    <p class='ocr_par' dir='ltr' id='par_1_22' title="bbox 496 2285 2127 2359">
     <span class='ocr_line' id='line_1_22' title="bbox 496 2285 2127 2359; baseline -0.002 -18"><span class='ocrx_word' id='word_1_144' title='bbox 496 2286 626 2341; x_wconf 86' lang='lat' dir='ltr'>dant</span> <span class='ocrx_word' id='word_1_145' title='bbox 653 2285 926 2359; x_wconf 86' lang='lat' dir='ltr'>colligata</span> <span class='ocrx_word' id='word_1_146' title='bbox 955 2291 1012 2341; x_wconf 89' lang='lat' dir='ltr'>et</span> <span class='ocrx_word' id='word_1_147' title='bbox 1032 2287 1337 2358; x_wconf 87' lang='lat' dir='ltr'>inquinata</span> <span class='ocrx_word' id='word_1_148' title='bbox 1353 2285 1597 2342; x_wconf 89' lang='lat' dir='ltr'>detineri</span> <span class='ocrx_word' id='word_1_149' title='bbox 1618 2304 1631 2342; x_wconf 95' lang='lat'>:</span> <span class='ocrx_word' id='word_1_150' title='bbox 1656 2290 1719 2341; x_wconf 91' lang='lat' dir='ltr'>ut</span> <span class='ocrx_word' id='word_1_151' title='bbox 1735 2302 1868 2341; x_wconf 89' lang='lat' dir='ltr'>cum</span> <span class='ocrx_word' id='word_1_152' title='bbox 1893 2298 2127 2340; x_wconf 90' lang='lat' dir='ltr'>carnem</span> 
     </span>
    </p>
   </div>
   <div class='ocr_carea' id='block_1_23' title="bbox 498 2372 2129 2448">
    <p class='ocr_par' dir='ltr' id='par_1_23' title="bbox 498 2372 2129 2448">
     <span class='ocr_line' id='line_1_23' title="bbox 498 2372 2129 2448; baseline -0.001 -19"><span class='ocrx_word' id='word_1_153' title='bbox 498 2376 854 2431; x_wconf 87' lang='lat' dir='ltr'>immundam</span> <span class='ocrx_word' id='word_1_154' title='bbox 888 2376 1109 2446; x_wconf 90' lang='lat' dir='ltr'>dicunt,</span> <span class='ocrx_word' id='word_1_155' title='bbox 1142 2380 1197 2432; x_wconf 89' lang='lat' dir='ltr'>et</span> <span class='ocrx_word' id='word_1_156' title='bbox 1226 2376 1409 2431; x_wconf 89' lang='lat' dir='ltr'>Deum</span> <span class='ocrx_word' id='word_1_157' title='bbox 1441 2375 1561 2431; x_wconf 91' lang='lat' dir='ltr'>illic</span> <span class='ocrx_word' id='word_1_158' title='bbox 1589 2392 1658 2432; x_wconf 81' lang='lat' dir='ltr'>ex</span> <span class='ocrx_word' id='word_1_159' title='bbox 1687 2380 1869 2448; x_wconf 89' lang='lat' dir='ltr'>parte,</span> <span class='ocrx_word' id='word_1_160' title='bbox 1903 2390 2021 2447; x_wconf 93' lang='lat' dir='ltr'>qua</span> <span class='ocrx_word' id='word_1_161' title='bbox 2049 2372 2129 2428; x_wconf 93' lang='lat' dir='ltr'>ibi</span> 
     </span>
    </p>
   </div>
   <div class='ocr_carea' id='block_1_24' title="bbox 498 2463 2126 2536">
    <p class='ocr_par' dir='ltr' id='par_1_24' title="bbox 498 2463 2126 2536">
     <span class='ocr_line' id='line_1_24' title="bbox 498 2463 2126 2536; baseline -0.002 -17"><span class='ocrx_word' id='word_1_162' title='bbox 498 2468 734 2533; x_wconf 88' lang='lat' dir='ltr'>tenetur,</span> <span class='ocrx_word' id='word_1_163' title='bbox 764 2464 1139 2520; x_wconf 89' lang='lat' dir='ltr'>immundum</span> <span class='ocrx_word' id='word_1_164' title='bbox 1174 2465 1390 2520; x_wconf 90' lang='lat' dir='ltr'>factum</span> <span class='ocrx_word' id='word_1_165' title='bbox 1421 2465 1612 2521; x_wconf 88' lang='lat' dir='ltr'>dicere</span> <span class='ocrx_word' id='word_1_166' title='bbox 1666 2463 2126 2536; x_wconf 83' lang='lat' dir='ltr'>compellantur;</span> 
     </span>
    </p>
   </div>
   <div class='ocr_carea' id='block_1_25' title="bbox 500 2552 2131 2626">
    <p class='ocr_par' dir='ltr' id='par_1_25' title="bbox 500 2552 2131 2626">
     <span class='ocr_line' id='line_1_25' title="bbox 500 2552 2131 2626; baseline -0.001 -19"><span class='ocrx_word' id='word_1_167' title='bbox 500 2553 701 2626; x_wconf 86' lang='lat' dir='ltr'>quippe</span> <span class='ocrx_word' id='word_1_168' title='bbox 724 2570 899 2625; x_wconf 89' lang='lat' dir='ltr'>quem</span> <span class='ocrx_word' id='word_1_169' title='bbox 918 2553 1187 2608; x_wconf 90' lang='lat' dir='ltr'>mundari</span> <span class='ocrx_word' id='word_1_170' title='bbox 1207 2559 1469 2626; x_wconf 89' lang='lat' dir='ltr'>oportere</span> <span class='ocrx_word' id='word_1_171' title='bbox 1484 2553 1932 2624; x_wconf 83' lang='lat' dir='ltr'>asserunt:quod</span> <span class='ocrx_word' id='word_1_172' title='bbox 1950 2552 2131 2606; x_wconf 87' lang='lat' dir='ltr'>donec</span> 
     </span>
    </p>
   </div>
   <div class='ocr_carea' id='block_1_26' title="bbox 502 2641 2131 2714">
    <p class='ocr_par' dir='ltr' id='par_1_26' title="bbox 502 2641 2131 2714">
     <span class='ocr_line' id='line_1_26' title="bbox 502 2641 2131 2714; baseline -0.001 -19"><span class='ocrx_word' id='word_1_173' title='bbox 502 2642 611 2705; x_wconf 86' lang='lat' dir='ltr'>ﬁat,</span> <span class='ocrx_word' id='word_1_174' title='bbox 644 2648 933 2714; x_wconf 86' lang='lat' dir='ltr'>quantum</span> <span class='ocrx_word' id='word_1_175' title='bbox 962 2641 1082 2698; x_wconf 85' lang='lat' dir='ltr'>fieri</span> <span class='ocrx_word' id='word_1_176' title='bbox 1105 2642 1374 2714; x_wconf 89' lang='lat' dir='ltr'>potuerit,</span> <span class='ocrx_word' id='word_1_177' title='bbox 1409 2642 1641 2697; x_wconf 89' lang='lat' dir='ltr'>interim</span> <span class='ocrx_word' id='word_1_178' title='bbox 1667 2658 1822 2697; x_wconf 90' lang='lat' dir='ltr'>nunc</span> <span class='ocrx_word' id='word_1_179' title='bbox 1843 2658 1975 2697; x_wconf 89' lang='lat' dir='ltr'>eum</span> <span class='ocrx_word' id='word_1_180' title='bbox 2000 2656 2131 2711; x_wconf 90' lang='lat' dir='ltr'>per-</span> 
     </span>
    </p>
   </div>
   <div class='ocr_carea' id='block_1_27' title="bbox 504 2728 2132 2804">
    <p class='ocr_par' dir='ltr' id='par_1_27' title="bbox 504 2728 2132 2804">
     <span class='ocr_line' id='line_1_27' title="bbox 504 2728 2132 2804; baseline -0.001 -19"><span class='ocrx_word' id='word_1_181' title='bbox 504 2731 610 2802; x_wconf 90' lang='lat' dir='ltr'>peti</span> <span class='ocrx_word' id='word_1_182' title='bbox 642 2732 841 2786; x_wconf 88' lang='lat' dir='ltr'>omnia</span> <span class='ocrx_word' id='word_1_183' title='bbox 863 2748 988 2803; x_wconf 66' lang='lat' dir='ltr'>que:</span> <span class='ocrx_word' id='word_1_184' title='bbox 1011 2748 1214 2787; x_wconf 89' lang='lat' dir='ltr'>carnes</span> <span class='ocrx_word' id='word_1_185' title='bbox 1238 2732 1561 2804; x_wconf 87' lang='lat' dir='ltr'>patiuntur,</span> <span class='ocrx_word' id='word_1_186' title='bbox 1587 2748 1698 2786; x_wconf 91' lang='lat' dir='ltr'>non</span> <span class='ocrx_word' id='word_1_187' title='bbox 1723 2735 1950 2786; x_wconf 90' lang='lat' dir='ltr'>tantum</span> <span class='ocrx_word' id='word_1_188' title='bbox 1970 2729 2029 2784; x_wconf 90' lang='lat' dir='ltr'>in</span> <span class='ocrx_word' id='word_1_189' title='bbox 2047 2728 2132 2783; x_wconf 86' lang='lat' dir='ltr'>1a-</span> 
     </span>
    </p>
   </div>
   <div class='ocr_carea' id='block_1_28' title="bbox 510 2818 2136 2890">
    <p class='ocr_par' dir='ltr' id='par_1_28' title="bbox 510 2818 2136 2890">
     <span class='ocr_line' id='line_1_28' title="bbox 510 2818 2136 2890; baseline -0.001 -16"><span class='ocrx_word' id='word_1_190' title='bbox 510 2820 638 2875; x_wconf 90' lang='lat' dir='ltr'>hore</span> <span class='ocrx_word' id='word_1_191' title='bbox 668 2825 721 2875; x_wconf 92' lang='lat' dir='ltr'>et</span> <span class='ocrx_word' id='word_1_192' title='bbox 752 2820 951 2876; x_wconf 91' lang='lat' dir='ltr'>dolore</span> <span class='ocrx_word' id='word_1_193' title='bbox 981 2820 1386 2888; x_wconf 84' lang='lat' dir='ltr'>afﬂictionum,</span> <span class='ocrx_word' id='word_1_194' title='bbox 1422 2821 1521 2876; x_wconf 84' lang='lat' dir='ltr'>sed</span> <span class='ocrx_word' id='word_1_195' title='bbox 1554 2821 1728 2875; x_wconf 88' lang='lat' dir='ltr'>etiam</span> <span class='ocrx_word' id='word_1_196' title='bbox 1760 2819 1817 2875; x_wconf 93' lang='lat' dir='ltr'>in</span> <span class='ocrx_word' id='word_1_197' title='bbox 1841 2818 2136 2890; x_wconf 86' lang='lat' dir='ltr'>voluptate</span> 
     </span>
    </p>
   </div>
   <div class='ocr_carea' id='block_1_29' title="bbox 510 2907 2132 2982">
    <p class='ocr_par' dir='ltr' id='par_1_29' title="bbox 510 2907 2132 2982">
     <span class='ocr_line' id='line_1_29' title="bbox 510 2907 2132 2982; baseline -0.002 -18"><span class='ocrx_word' id='word_1_198' title='bbox 510 2908 991 2981; x_wconf 88' lang='lat' dir='ltr'>corruptelarum.</span> <span class='ocrx_word' id='word_1_199' title='bbox 1026 2909 1087 2964; x_wconf 90' lang='lat' dir='ltr'>Ei</span> <span class='ocrx_word' id='word_1_200' title='bbox 1121 2926 1377 2982; x_wconf 86' lang='lat' dir='ltr'>namque</span> <span class='ocrx_word' id='word_1_201' title='bbox 1397 2926 1457 2965; x_wconf 90' lang='lat' dir='ltr'>se</span> <span class='ocrx_word' id='word_1_202' title='bbox 1479 2909 1682 2964; x_wconf 91' lang='lat' dir='ltr'>dicunt</span> <span class='ocrx_word' id='word_1_203' title='bbox 1702 2924 1952 2981; x_wconf 87' lang='lat' dir='ltr'>parcere,</span> <span class='ocrx_word' id='word_1_204' title='bbox 1981 2907 2132 2979; x_wconf 91' lang='lat' dir='ltr'>quod</span> 
     </span>
    </p>
   </div>
   <div class='ocr_carea' id='block_1_30' title="bbox 508 2996 2137 3068">
    <p class='ocr_par' dir='ltr' id='par_1_30' title="bbox 508 2996 2137 3068">
     <span class='ocr_line' id='line_1_30' title="bbox 508 2996 2137 3068; baseline 0 -18"><span class='ocrx_word' id='word_1_205' title='bbox 508 3012 613 3051; x_wconf 92' lang='lat' dir='ltr'>non</span> <span class='ocrx_word' id='word_1_206' title='bbox 644 2998 1065 3068; x_wconf 90' lang='lat' dir='ltr'>concumbunt,</span> <span class='ocrx_word' id='word_1_207' title='bbox 1098 3013 1169 3053; x_wconf 90' lang='lat' dir='ltr'>ne</span> <span class='ocrx_word' id='word_1_208' title='bbox 1192 2998 1359 3053; x_wconf 91' lang='lat' dir='ltr'>nodis</span> <span class='ocrx_word' id='word_1_209' title='bbox 1380 2997 1604 3053; x_wconf 90' lang='lat' dir='ltr'>carneis</span> <span class='ocrx_word' id='word_1_210' title='bbox 1634 2998 1851 3053; x_wconf 87' lang='lat' dir='ltr'>arctius</span> <span class='ocrx_word' id='word_1_211' title='bbox 1874 2996 2137 3068; x_wconf 86' lang='lat' dir='ltr'>implice-</span> 
     </span>
    </p>
   </div>
   <div class='ocr_carea' id='block_1_31' title="bbox 505 3085 2141 3160">
    <p class='ocr_par' dir='ltr' id='par_1_31' title="bbox 505 3085 2141 3160">
     <span class='ocr_line' id='line_1_31' title="bbox 505 3085 2141 3160; baseline -0.001 -19"><span class='ocrx_word' id='word_1_212' title='bbox 505 3090 611 3153; x_wconf 89' lang='lat' dir='ltr'>tur,</span> <span class='ocrx_word' id='word_1_213' title='bbox 635 3090 691 3142; x_wconf 88' lang='lat' dir='ltr'>et</span> <span class='ocrx_word' id='word_1_214' title='bbox 711 3086 1009 3143; x_wconf 86' lang='lat' dir='ltr'>sordidius</span> <span class='ocrx_word' id='word_1_215' title='bbox 1028 3087 1387 3160; x_wconf 89' lang='lat' dir='ltr'>inquinetur.</span> <span class='ocrx_word' id='word_1_216' title='bbox 1408 3088 1553 3143; x_wconf 87' lang='lat' dir='ltr'>Cum</span> <span class='ocrx_word' id='word_1_217' title='bbox 1576 3103 1711 3159; x_wconf 83' lang='lat' dir='ltr'>ergo</span> <span class='ocrx_word' id='word_1_218' title='bbox 1731 3085 2035 3159; x_wconf 81' lang='lat' dir='ltr'>Apostolus</span> <span class='ocrx_word' id='word_1_219' title='bbox 2056 3085 2141 3140; x_wconf 82' lang='lat' dir='ltr'>di-</span> 
     </span>
    </p>
   </div>
   <div class='ocr_carea' id='block_1_32' title="bbox 505 3173 2137 3246">
    <p class='ocr_par' dir='ltr' id='par_1_32' title="bbox 505 3173 2137 3246">
     <span class='ocr_line' id='line_1_32' title="bbox 505 3173 2137 3246; baseline 0.001 -18"><span class='ocrx_word' id='word_1_220' title='bbox 505 3180 608 3240; x_wconf 86' lang='lat' dir='ltr'>cat,</span> <span class='ocrx_word' id='word_1_221' title='bbox 641 3176 835 3232; x_wconf 84' lang='lat' dir='ltr'>Omnia</span> <span class='ocrx_word' id='word_1_222' title='bbox 865 3176 1071 3232; x_wconf 87' lang='lat' dir='ltr'>munda</span> <span class='ocrx_word' id='word_1_223' title='bbox 1120 3178 1359 3243; x_wconf 87' lang='lat' dir='ltr'>mundis,</span> <span class='ocrx_word' id='word_1_224' title='bbox 1401 3175 1599 3246; x_wconf 88' lang='lat' dir='ltr'>utique</span> <span class='ocrx_word' id='word_1_225' title='bbox 1648 3175 1987 3231; x_wconf 87' lang='lat' dir='ltr'>hominibus</span> <span class='ocrx_word' id='word_1_226' title='bbox 2040 3173 2137 3245; x_wconf 90' lang='lat' dir='ltr'>qui</span> 
     </span>
    </p>
   </div>
   <div class='ocr_carea' id='block_1_33' title="bbox 504 3262 2139 3336">
    <p class='ocr_par' dir='ltr' id='par_1_33' title="bbox 504 3262 2139 3336">
     <span class='ocr_line' id='line_1_33' title="bbox 504 3262 2139 3336; baseline -0.002 -17"><span class='ocrx_word' id='word_1_227' title='bbox 504 3269 744 3336; x_wconf 88' lang='lat' dir='ltr'>possunt</span> <span class='ocrx_word' id='word_1_228' title='bbox 774 3265 833 3319; x_wconf 92' lang='lat' dir='ltr'>in</span> <span class='ocrx_word' id='word_1_229' title='bbox 872 3265 1128 3321; x_wconf 91' lang='lat' dir='ltr'>deterius</span> <span class='ocrx_word' id='word_1_230' title='bbox 1157 3264 1472 3321; x_wconf 89' lang='lat' dir='ltr'>voluntatis</span> <span class='ocrx_word' id='word_1_231' title='bbox 1500 3265 1871 3335; x_wconf 78' lang='lat' dir='ltr'>perversitate</span> <span class='ocrx_word' id='word_1_232' title='bbox 1890 3262 2099 3318; x_wconf 90' lang='lat' dir='ltr'>mutari</span> <span class='ocrx_word' id='word_1_233' title='bbox 2124 3286 2139 3329; x_wconf 84' lang='lat'><strong>;</strong></span> 
     </span>
    </p>
   </div>
   <div class='ocr_carea' id='block_1_34' title="bbox 508 3352 2145 3426">
    <p class='ocr_par' dir='ltr' id='par_1_34' title="bbox 508 3352 2145 3426">
     <span class='ocr_line' id='line_1_34' title="bbox 508 3352 2145 3426; baseline 0 -19"><span class='ocrx_word' id='word_1_234' title='bbox 508 3358 716 3423; x_wconf 90' lang='lat' dir='ltr'>quanto</span> <span class='ocrx_word' id='word_1_235' title='bbox 740 3352 931 3425; x_wconf 88' lang='lat' dir='ltr'>magis</span> <span class='ocrx_word' id='word_1_236' title='bbox 954 3354 1151 3409; x_wconf 87' lang='lat' dir='ltr'>omnia</span> <span class='ocrx_word' id='word_1_237' title='bbox 1172 3355 1393 3409; x_wconf 90' lang='lat' dir='ltr'>munda</span> <span class='ocrx_word' id='word_1_238' title='bbox 1408 3353 1799 3425; x_wconf 90' lang='lat' dir='ltr'>suntDeo,qui</span> <span class='ocrx_word' id='word_1_239' title='bbox 1820 3352 2145 3426; x_wconf 87' lang='lat' dir='ltr'>semperin-</span> 
     </span>
    </p>
   </div>
   <div class='ocr_carea' id='block_1_35' title="bbox 506 3442 2144 3514">
    <p class='ocr_par' dir='ltr' id='par_1_35' title="bbox 506 3442 2144 3514">
     <span class='ocr_line' id='line_1_35' title="bbox 506 3442 2144 3514; baseline 0.002 -22"><span class='ocrx_word' id='word_1_240' title='bbox 506 3442 937 3497; x_wconf 78' lang='lat' dir='ltr'>commutabilis</span> <span class='ocrx_word' id='word_1_241' title='bbox 966 3446 1023 3496; x_wconf 92' lang='lat' dir='ltr'>et</span> <span class='ocrx_word' id='word_1_242' title='bbox 1042 3442 1577 3498; x_wconf 87' lang='lat' dir='ltr'>incontaminabilis</span> <span class='ocrx_word' id='word_1_243' title='bbox 1600 3442 1931 3514; x_wconf 86' lang='lat' dir='ltr'>permanet?</span> <span class='ocrx_word' id='word_1_244' title='bbox 1957 3444 2029 3497; x_wconf 89' lang='lat' dir='ltr'>De</span> <span class='ocrx_word' id='word_1_245' title='bbox 2042 3458 2144 3496; x_wconf 87' lang='lat' dir='ltr'>cu-</span> 
     </span>
    </p>
   </div>
   <div class='ocr_carea' id='block_1_36' title="bbox 500 3530 2144 3602">
    <p class='ocr_par' dir='ltr' id='par_1_36' title="bbox 500 3530 2144 3602">
     <span class='ocr_line' id='line_1_36' title="bbox 500 3530 2144 3602; baseline 0.001 -19"><span class='ocrx_word' id='word_1_246' title='bbox 500 3530 595 3600; x_wconf 90' lang='lat' dir='ltr'>jus</span> <span class='ocrx_word' id='word_1_247' title='bbox 617 3530 904 3602; x_wconf 88' lang='lat' dir='ltr'>sapientia</span> <span class='ocrx_word' id='word_1_248' title='bbox 925 3530 1120 3586; x_wconf 91' lang='lat' dir='ltr'>divina</span> <span class='ocrx_word' id='word_1_249' title='bbox 1142 3531 1362 3586; x_wconf 89' lang='lat' dir='ltr'>dictum</span> <span class='ocrx_word' id='word_1_250' title='bbox 1386 3537 1473 3585; x_wconf 91' lang='lat' dir='ltr'>est</span> <span class='ocrx_word' id='word_1_251' title='bbox 1493 3530 1551 3585; x_wconf 88' lang='lat' dir='ltr'>in</span> <span class='ocrx_word' id='word_1_252' title='bbox 1574 3532 1655 3586; x_wconf 89' lang='lat' dir='ltr'>eis</span> <span class='ocrx_word' id='word_1_253' title='bbox 1677 3530 2041 3602; x_wconf 86' lang='lat' dir='ltr'>Libris,quos</span> <span class='ocrx_word' id='word_1_254' title='bbox 2056 3546 2144 3585; x_wconf 91' lang='lat' dir='ltr'>re-</span> 
     </span>
    </p>
   </div>
   <div class='ocr_carea' id='block_1_37' title="bbox 511 3619 2149 3692">
    <p class='ocr_par' dir='ltr' id='par_1_37' title="bbox 511 3619 2149 3692">
     <span class='ocr_line' id='line_1_37' title="bbox 511 3619 2149 3692; baseline 0.001 -20"><span class='ocrx_word' id='word_1_255' title='bbox 511 3619 2055 3692; x_wconf 85' lang='lat' dir='ltr'>prehendendovehementiusinquinamini,quodnihil</span> <span class='ocrx_word' id='word_1_256' title='bbox 2069 3622 2149 3674; x_wconf 83' lang='lat' dir='ltr'>in-</span> 
     </span>
    </p>
   </div>
   <div class='ocr_carea' id='block_1_38' title="bbox 514 3709 2151 3782">
    <p class='ocr_par' dir='ltr' id='par_1_38' title="bbox 514 3709 2151 3782">
     <span class='ocr_line' id='line_1_38' title="bbox 514 3709 2151 3782; baseline 0 -20"><span class='ocrx_word' id='word_1_257' title='bbox 514 3710 802 3779; x_wconf 84' lang='lat' dir='ltr'>quinatum</span> <span class='ocrx_word' id='word_1_258' title='bbox 834 3710 900 3764; x_wconf 85' lang='lat' dir='ltr'>in</span> <span class='ocrx_word' id='word_1_259' title='bbox 928 3725 1050 3764; x_wconf 85' lang='lat' dir='ltr'>eam</span> <span class='ocrx_word' id='word_1_260' title='bbox 1080 3711 1336 3777; x_wconf 84' lang='lat' dir='ltr'>incurrit,</span> <span class='ocrx_word' id='word_1_261' title='bbox 1368 3717 1421 3764; x_wconf 86' lang='lat' dir='ltr'>et</span> <span class='ocrx_word' id='word_1_262' title='bbox 1448 3710 1679 3782; x_wconf 83' lang='lat' dir='ltr'>attingit</span> <span class='ocrx_word' id='word_1_263' title='bbox 1708 3709 1907 3781; x_wconf 86' lang='lat' dir='ltr'>ubique</span> <span class='ocrx_word' id='word_1_264' title='bbox 1932 3712 2151 3780; x_wconf 84' lang='lat' dir='ltr'>propter</span> 
     </span>
    </p>
   </div>
   <div class='ocr_carea' id='block_1_39' title="bbox 512 3798 2151 3870">
    <p class='ocr_par' dir='ltr' id='par_1_39' title="bbox 512 3798 2151 3870">
     <span class='ocr_line' id='line_1_39' title="bbox 512 3798 2151 3870; baseline 0.001 -18"><span class='ocrx_word' id='word_1_265' title='bbox 512 3812 665 3853; x_wconf 78' lang='lat' dir='ltr'>suam</span> <span class='ocrx_word' id='word_1_266' title='bbox 696 3798 1044 3854; x_wconf 86' lang='lat' dir='ltr'>munditiam</span> <span class='ocrx_word' id='word_1_267' title='bbox 1074 3798 1222 3870; x_wconf 76' lang='lat' dir='ltr'>(Sep.</span> <span class='ocrx_word' id='word_1_268' title='bbox 1255 3816 1357 3865; x_wconf 83' lang='lat' dir='ltr'>v11,</span> <span class='ocrx_word' id='word_1_269' title='bbox 1407 3799 1497 3864; x_wconf 86' lang='lat'>25,</span> <span class='ocrx_word' id='word_1_270' title='bbox 1546 3798 1659 3869; x_wconf 80' lang='grc'>24).</span> <span class='ocrx_word' id='word_1_271' title='bbox 1706 3799 2084 3870; x_wconf 87' lang='lat' dir='ltr'>Quapropter,</span> <span class='ocrx_word' id='word_1_272' title='bbox 2119 3815 2151 3853; x_wconf 91' lang='grc' dir='ltr'>ο</span> 
     </span>
    </p>
   </div>
   <div class='ocr_carea' id='block_1_40' title="bbox 514 3885 2154 3959">
    <p class='ocr_par' dir='ltr' id='par_1_40' title="bbox 514 3885 2154 3959">
     <span class='ocr_line' id='line_1_40' title="bbox 514 3885 2154 3959; baseline -0.001 -16"><span class='ocrx_word' id='word_1_273' title='bbox 514 3886 1408 3954; x_wconf 89' lang='lat' dir='ltr'>immundissimavanitas,itane</span> <span class='ocrx_word' id='word_1_274' title='bbox 1421 3885 1689 3959; x_wconf 90' lang='lat' dir='ltr'>displicet</span> <span class='ocrx_word' id='word_1_275' title='bbox 1702 3887 1803 3942; x_wconf 93' lang='lat' dir='ltr'>tibi</span> <span class='ocrx_word' id='word_1_276' title='bbox 1819 3887 1875 3941; x_wconf 89' lang='lat' dir='ltr'>in</span> <span class='ocrx_word' id='word_1_277' title='bbox 1893 3888 2154 3942; x_wconf 89' lang='lat' dir='ltr'>membro</span> 
     </span>
    </p>
   </div>
   <div class='ocr_carea' id='block_1_41' title="bbox 521 3975 2154 4049">
    <p class='ocr_par' dir='ltr' id='par_1_41' title="bbox 521 3975 2154 4049">
     <span class='ocr_line' id='line_1_41' title="bbox 521 3975 2154 4049; baseline 0 -18"><span class='ocrx_word' id='word_1_278' title='bbox 521 3975 2154 4049; x_wconf 89' lang='lat' dir='ltr'>humano,undehumanageneratiopropagatur,signum</span> 
     </span>
    </p>
   </div>
   <div class='ocr_carea' id='block_1_42' title="bbox 522 4065 2161 4139">
    <p class='ocr_par' dir='ltr' id='par_1_42' title="bbox 522 4065 2161 4139">
     <span class='ocr_line' id='line_1_42' title="bbox 522 4065 2161 4139; baseline 0.001 -19"><span class='ocrx_word' id='word_1_279' title='bbox 522 4065 977 4139; x_wconf 83' lang='lat' dir='ltr'>regenerationis</span> <span class='ocrx_word' id='word_1_280' title='bbox 990 4065 1449 4137; x_wconf 66' lang='lat' dir='ltr'>humanae,illum</span> <span class='ocrx_word' id='word_1_281' title='bbox 1465 4065 1555 4121; x_wconf 92' lang='lat' dir='ltr'>cui</span> <span class='ocrx_word' id='word_1_282' title='bbox 1572 4066 1791 4120; x_wconf 90' lang='lat' dir='ltr'>munda</span> <span class='ocrx_word' id='word_1_283' title='bbox 1811 4069 1947 4121; x_wconf 90' lang='lat' dir='ltr'>sunt</span> <span class='ocrx_word' id='word_1_284' title='bbox 1963 4065 2161 4121; x_wconf 86' lang='lat' dir='ltr'>omnia</span> 
     </span>
    </p>
   </div>
   <div class='ocr_carea' id='block_1_43' title="bbox 522 4154 2161 4227">
    <p class='ocr_par' dir='ltr' id='par_1_43' title="bbox 522 4154 2161 4227">
     <span class='ocr_line' id='line_1_43' title="bbox 522 4154 2161 4227; baseline -0.001 -17"><span class='ocrx_word' id='word_1_285' title='bbox 522 4154 695 4210; x_wconf 91' lang='lat' dir='ltr'>Deum</span> <span class='ocrx_word' id='word_1_286' title='bbox 712 4155 971 4227; x_wconf 88' lang='lat' dir='ltr'>jussisse</span> <span class='ocrx_word' id='word_1_287' title='bbox 989 4154 1295 4221; x_wconf 85' lang='lat' dir='ltr'>constitui;</span> <span class='ocrx_word' id='word_1_288' title='bbox 1317 4158 1374 4211; x_wconf 89' lang='lat' dir='ltr'>et</span> <span class='ocrx_word' id='word_1_289' title='bbox 1396 4154 1582 4227; x_wconf 89' lang='lat' dir='ltr'>placet</span> <span class='ocrx_word' id='word_1_290' title='bbox 1600 4154 1698 4209; x_wconf 90' lang='lat' dir='ltr'>libi</span> <span class='ocrx_word' id='word_1_291' title='bbox 1717 4154 1890 4210; x_wconf 89' lang='lat' dir='ltr'>etiam</span> <span class='ocrx_word' id='word_1_292' title='bbox 1914 4154 1970 4208; x_wconf 89' lang='lat' dir='ltr'>in</span> <span class='ocrx_word' id='word_1_293' title='bbox 1996 4154 2161 4226; x_wconf 87' lang='lat' dir='ltr'>ﬂagi-</span> 
     </span>
    </p>
   </div>
   <div class='ocr_carea' id='block_1_44' title="bbox 521 4242 2162 4316">
    <p class='ocr_par' dir='ltr' id='par_1_44' title="bbox 521 4242 2162 4316">
     <span class='ocr_line' id='line_1_44' title="bbox 521 4242 2162 4316; baseline 0.001 -19"><span class='ocrx_word' id='word_1_294' title='bbox 521 4244 768 4316; x_wconf 74' lang='lat' dir='ltr'>tiis,quze</span> <span class='ocrx_word' id='word_1_295' title='bbox 783 4244 883 4301; x_wconf 89' lang='lat' dir='ltr'>illo</span> <span class='ocrx_word' id='word_1_296' title='bbox 898 4245 1160 4299; x_wconf 88' lang='lat' dir='ltr'>membro</span> <span class='ocrx_word' id='word_1_297' title='bbox 1184 4244 1254 4299; x_wconf 90' lang='lat' dir='ltr'>ab</span> <span class='ocrx_word' id='word_1_298' title='bbox 1271 4242 1583 4315; x_wconf 90' lang='lat' dir='ltr'>impudicis</span> <span class='ocrx_word' id='word_1_299' title='bbox 1601 4242 1937 4299; x_wconf 91' lang='lat' dir='ltr'>hominibus</span> <span class='ocrx_word' id='word_1_300' title='bbox 1958 4258 2162 4314; x_wconf 90' lang='lat' dir='ltr'>perpe-</span> 
     </span>
    </p>
   </div>
   <div class='ocr_carea' id='block_1_45' title="bbox 523 4331 2161 4407">
    <p class='ocr_par' dir='ltr' id='par_1_45' title="bbox 523 4331 2161 4407">
     <span class='ocr_line' id='line_1_45' title="bbox 523 4331 2161 4407; baseline -0.001 -19"><span class='ocrx_word' id='word_1_301' title='bbox 523 4335 769 4401; x_wconf 85' lang='lat' dir='ltr'>trantur,</span> <span class='ocrx_word' id='word_1_302' title='bbox 803 4335 999 4407; x_wconf 91' lang='lat' dir='ltr'>ipsum</span> <span class='ocrx_word' id='word_1_303' title='bbox 1032 4338 1210 4389; x_wconf 91' lang='lat' dir='ltr'>Deum</span> <span class='ocrx_word' id='word_1_304' title='bbox 1241 4337 1522 4399; x_wconf 88' lang='lat' dir='ltr'>vestrum,</span> <span class='ocrx_word' id='word_1_305' title='bbox 1556 4332 1647 4387; x_wconf 91' lang='lat' dir='ltr'>cui</span> <span class='ocrx_word' id='word_1_306' title='bbox 1682 4331 1825 4386; x_wconf 88' lang='lat' dir='ltr'>nihil</span> <span class='ocrx_word' id='word_1_307' title='bbox 1871 4336 1957 4387; x_wconf 91' lang='lat' dir='ltr'>est</span> <span class='ocrx_word' id='word_1_308' title='bbox 1991 4348 2161 4387; x_wconf 88' lang='lat' dir='ltr'>mun-</span> 
     </span>
    </p>
   </div>
   <div class='ocr_carea' id='block_1_46' title="bbox 524 4419 2164 4495">
    <p class='ocr_par' dir='ltr' id='par_1_46' title="bbox 524 4419 2164 4495">
     <span class='ocr_line' id='line_1_46' title="bbox 524 4419 2164 4495; baseline -0.001 -18"><span class='ocrx_word' id='word_1_309' title='bbox 524 4422 681 4490; x_wconf 90' lang='lat' dir='ltr'>dum,</span> <span class='ocrx_word' id='word_1_310' title='bbox 716 4440 783 4478; x_wconf 85' lang='lat' dir='ltr'>ex</span> <span class='ocrx_word' id='word_1_311' title='bbox 816 4428 983 4495; x_wconf 90' lang='lat' dir='ltr'>parte</span> <span class='ocrx_word' id='word_1_312' title='bbox 1013 4440 1129 4479; x_wconf 73' lang='lat' dir='ltr'>suae</span> <span class='ocrx_word' id='word_1_313' title='bbox 1162 4427 1381 4477; x_wconf 69' lang='lat' dir='ltr'>naturae</span> <span class='ocrx_word' id='word_1_314' title='bbox 1414 4419 1825 4477; x_wconf 88' lang='lat' dir='ltr'>commaculari</span> <span class='ocrx_word' id='word_1_315' title='bbox 1853 4425 2027 4491; x_wconf 90' lang='lat' dir='ltr'>atque</span> <span class='ocrx_word' id='word_1_316' title='bbox 2046 4437 2164 4476; x_wconf 86' lang='lat' dir='ltr'>cor-</span> 
     </span>
    </p>
   </div>
   <div class='ocr_carea' id='block_1_47' title="bbox 526 4509 2166 4583">
    <p class='ocr_par' dir='ltr' id='par_1_47' title="bbox 526 4509 2166 4583">
     <span class='ocr_line' id='line_1_47' title="bbox 526 4509 2166 4583; baseline -0.001 -18"><span class='ocrx_word' id='word_1_317' title='bbox 526 4511 711 4583; x_wconf 89' lang='lat' dir='ltr'>rumpi</span> <span class='ocrx_word' id='word_1_318' title='bbox 730 4511 911 4578; x_wconf 82' lang='lat' dir='ltr'>?Quid</span> <span class='ocrx_word' id='word_1_319' title='bbox 928 4513 1081 4566; x_wconf 90' lang='lat' dir='ltr'>enim</span> <span class='ocrx_word' id='word_1_320' title='bbox 1098 4511 1381 4583; x_wconf 89' lang='lat' dir='ltr'>patiturin</span> <span class='ocrx_word' id='word_1_321' title='bbox 1396 4510 1570 4566; x_wconf 90' lang='lat' dir='ltr'>variis</span> <span class='ocrx_word' id='word_1_322' title='bbox 1586 4509 1858 4581; x_wconf 90' lang='lat' dir='ltr'>turpibus</span> <span class='ocrx_word' id='word_1_323' title='bbox 1870 4514 2166 4581; x_wconf 87' lang='lat' dir='ltr'>corrupte-</span> 
     </span>
    </p>
   </div>
   <div class='ocr_carea' id='block_1_48' title="bbox 524 4597 2167 4672">
    <p class='ocr_par' dir='ltr' id='par_1_48' title="bbox 524 4597 2167 4672">
     <span class='ocr_line' id='line_1_48' title="bbox 524 4597 2167 4672; baseline -0.002 -17"><span class='ocrx_word' id='word_1_324' title='bbox 524 4599 612 4659; x_wconf 90' lang='lat' dir='ltr'>lis.</span> <span class='ocrx_word' id='word_1_325' title='bbox 638 4617 812 4672; x_wconf 89' lang='lat' dir='ltr'>quem</span> <span class='ocrx_word' id='word_1_326' title='bbox 838 4598 1376 4672; x_wconf 85' lang='lat' dir='ltr'>conjugaliquoque</span> <span class='ocrx_word' id='word_1_327' title='bbox 1390 4599 1702 4654; x_wconf 89' lang='lat' dir='ltr'>concubitu</span> <span class='ocrx_word' id='word_1_328' title='bbox 1721 4597 2167 4669; x_wconf 86' lang='lat' dir='ltr'>creditisinqui-</span> 
     </span>
    </p>
   </div>
   <div class='ocr_carea' id='block_1_49' title="bbox 530 4686 2166 4759">
    <p class='ocr_par' dir='ltr' id='par_1_49' title="bbox 530 4686 2166 4759">
     <span class='ocr_line' id='line_1_49' title="bbox 530 4686 2166 4759; baseline -0.001 -16"><span class='ocrx_word' id='word_1_329' title='bbox 530 4690 646 4743; x_wconf 90' lang='lat' dir='ltr'>nari</span> <span class='ocrx_word' id='word_1_330' title='bbox 670 4689 698 4744; x_wconf 65' lang='grc' dir='ltr'>Τ</span> <span class='ocrx_word' id='word_1_331' title='bbox 720 4690 804 4744; x_wconf 83' lang='lat' dir='ltr'>Ad</span> <span class='ocrx_word' id='word_1_332' title='bbox 824 4688 883 4743; x_wconf 90' lang='lat' dir='ltr'>id</span> <span class='ocrx_word' id='word_1_333' title='bbox 908 4689 1081 4743; x_wconf 90' lang='lat' dir='ltr'>etiam</span> <span class='ocrx_word' id='word_1_334' title='bbox 1110 4688 1261 4759; x_wconf 92' lang='lat' dir='ltr'>quod</span> <span class='ocrx_word' id='word_1_335' title='bbox 1292 4687 1481 4743; x_wconf 90' lang='lat' dir='ltr'>dicere</span> <span class='ocrx_word' id='word_1_336' title='bbox 1504 4686 1703 4742; x_wconf 87' lang='lat' dir='ltr'>soletis</span> <span class='ocrx_word' id='word_1_337' title='bbox 1728 4689 1769 4753; x_wconf 75' lang='grc' dir='ltr'>ί,</span> <span class='ocrx_word' id='word_1_338' title='bbox 1795 4687 2016 4757; x_wconf 85' lang='lat' dir='ltr'>Ergone</span> <span class='ocrx_word' id='word_1_339' title='bbox 2037 4689 2166 4742; x_wconf 86' lang='lat' dir='ltr'>dee-</span> 
     </span>
    </p>
   </div>
   <div class='ocr_carea' id='block_1_50' title="bbox 530 4775 2170 4850">
    <p class='ocr_par' dir='ltr' id='par_1_50' title="bbox 530 4775 2170 4850">
     <span class='ocr_line' id='line_1_50' title="bbox 530 4775 2170 4850; baseline 0 -20"><span class='ocrx_word' id='word_1_340' title='bbox 530 4780 631 4841; x_wconf 89' lang='lat' dir='ltr'>rat,</span> <span class='ocrx_word' id='word_1_341' title='bbox 657 4777 754 4831; x_wconf 93' lang='lat' dir='ltr'>ubi</span> <span class='ocrx_word' id='word_1_342' title='bbox 782 4783 936 4833; x_wconf 89' lang='lat' dir='ltr'>Deus</span> <span class='ocrx_word' id='word_1_343' title='bbox 959 4778 1354 4850; x_wconf 67' lang='lat' dir='ltr'>praefiguraret</span> <span class='ocrx_word' id='word_1_344' title='bbox 1374 4775 1739 4850; x_wconf 85' lang='lat' dir='ltr'>signaculum</span> <span class='ocrx_word' id='word_1_345' title='bbox 1755 4776 1997 4847; x_wconf 75' lang='lat' dir='ltr'>justitiae</span> <span class='ocrx_word' id='word_1_346' title='bbox 2017 4775 2170 4843; x_wconf 84' lang='lat' dir='ltr'>ﬁdei,</span> 
     </span>
    </p>
   </div>
   <div class='ocr_carea' id='block_1_51' title="bbox 531 4864 2173 4938">
    <p class='ocr_par' dir='ltr' id='par_1_51' title="bbox 531 4864 2173 4938">
     <span class='ocr_line' id='line_1_51' title="bbox 531 4864 2173 4938; baseline 0.001 -19"><span class='ocrx_word' id='word_1_347' title='bbox 531 4865 637 4920; x_wconf 89' lang='lat' dir='ltr'>nisi</span> <span class='ocrx_word' id='word_1_348' title='bbox 668 4865 729 4921; x_wconf 89' lang='lat' dir='ltr'>in</span> <span class='ocrx_word' id='word_1_349' title='bbox 761 4866 864 4922; x_wconf 89' lang='lat' dir='ltr'>illo</span> <span class='ocrx_word' id='word_1_350' title='bbox 898 4866 1206 4922; x_wconf 77' lang='lat' dir='ltr'>membro?</span> <span class='ocrx_word' id='word_1_351' title='bbox 1230 4865 1632 4938; x_wconf 87' lang='lat' dir='ltr'>respondetur,</span> <span class='ocrx_word' id='word_1_352' title='bbox 1658 4866 1772 4921; x_wconf 89' lang='lat' dir='ltr'>Cur</span> <span class='ocrx_word' id='word_1_353' title='bbox 1794 4864 1949 4920; x_wconf 91' lang='lat' dir='ltr'>enim</span> <span class='ocrx_word' id='word_1_354' title='bbox 1981 4882 2093 4921; x_wconf 90' lang='lat' dir='ltr'>non</span> <span class='ocrx_word' id='word_1_355' title='bbox 2117 4869 2173 4921; x_wconf 87' lang='lat' dir='ltr'>et</span> 
     </span>
    </p>
   </div>
   <div class='ocr_carea' id='block_1_52' title="bbox 532 4952 2177 5027">
    <p class='ocr_par' dir='ltr' id='par_1_52' title="bbox 532 4952 2177 5027">
     <span class='ocr_line' id='line_1_52' title="bbox 532 4952 2177 5027; baseline 0.002 -20"><span class='ocrx_word' id='word_1_356' title='bbox 532 4952 649 5009; x_wconf 84' lang='lat' dir='ltr'>ibi?</span> <span class='ocrx_word' id='word_1_357' title='bbox 669 4955 890 5026; x_wconf 85' lang='lat' dir='ltr'>Primo,</span> <span class='ocrx_word' id='word_1_358' title='bbox 913 4954 1051 5027; x_wconf 90' lang='lat' dir='ltr'>quia</span> <span class='ocrx_word' id='word_1_359' title='bbox 1071 4954 1269 5011; x_wconf 90' lang='lat' dir='ltr'>omnia</span> <span class='ocrx_word' id='word_1_360' title='bbox 1287 4955 1509 5009; x_wconf 89' lang='lat' dir='ltr'>munda</span> <span class='ocrx_word' id='word_1_361' title='bbox 1533 4953 1791 5019; x_wconf 89' lang='lat' dir='ltr'>mundis,</span> <span class='ocrx_word' id='word_1_362' title='bbox 1816 4958 2034 5025; x_wconf 89' lang='lat' dir='ltr'>quanto</span> <span class='ocrx_word' id='word_1_363' title='bbox 2057 4971 2177 5010; x_wconf 88' lang='lat' dir='ltr'>ma-</span> 
     </span>
    </p>
   </div>
   <div class='ocr_carea' id='block_1_53' title="bbox 532 5041 2177 5116">
    <p class='ocr_par' dir='ltr' id='par_1_53' title="bbox 532 5041 2177 5116">
     <span class='ocr_line' id='line_1_53' title="bbox 532 5041 2177 5116; baseline -0.001 -18"><span class='ocrx_word' id='word_1_364' title='bbox 532 5044 616 5115; x_wconf 79' lang='lat' dir='ltr'>gis</span> <span class='ocrx_word' id='word_1_365' title='bbox 639 5042 755 5100; x_wconf 93' lang='lat' dir='ltr'>Deo</span> <span class='ocrx_word' id='word_1_366' title='bbox 775 5043 805 5099; x_wconf 86' lang='lat'><strong>?</strong></span> <span class='ocrx_word' id='word_1_367' title='bbox 827 5043 1048 5099; x_wconf 91' lang='lat' dir='ltr'>Deinde</span> <span class='ocrx_word' id='word_1_368' title='bbox 1075 5045 1212 5116; x_wconf 91' lang='lat' dir='ltr'>quia</span> <span class='ocrx_word' id='word_1_369' title='bbox 1236 5041 1345 5098; x_wconf 88' lang='lat' dir='ltr'>hoc</span> <span class='ocrx_word' id='word_1_370' title='bbox 1374 5041 1689 5114; x_wconf 85' lang='lat' dir='ltr'>Apostolus</span> <span class='ocrx_word' id='word_1_371' title='bbox 1714 5042 1877 5110; x_wconf 87' lang='lat' dir='ltr'>dixit,</span> <span class='ocrx_word' id='word_1_372' title='bbox 1903 5042 2177 5114; x_wconf 88' lang='lat' dir='ltr'>signacu-</span> 
     </span>
    </p>
   </div>
   <div class='ocr_carea' id='block_1_54' title="bbox 530 5129 2177 5204">
    <p class='ocr_par' dir='ltr' id='par_1_54' title="bbox 530 5129 2177 5204">
     <span class='ocr_line' id='line_1_54' title="bbox 530 5129 2177 5204; baseline 0 -19"><span class='ocrx_word' id='word_1_373' title='bbox 530 5129 649 5187; x_wconf 90' lang='lat' dir='ltr'>lum</span> <span class='ocrx_word' id='word_1_374' title='bbox 679 5133 888 5188; x_wconf 88' lang='lat' dir='ltr'>datum</span> <span class='ocrx_word' id='word_1_375' title='bbox 921 5131 1428 5204; x_wconf 67' lang='lat' dir='ltr'>Ahrahaajustitim</span> <span class='ocrx_word' id='word_1_376' title='bbox 1462 5129 1615 5194; x_wconf 84' lang='lat' dir='ltr'>fidei,</span> <span class='ocrx_word' id='word_1_377' title='bbox 1648 5129 1707 5185; x_wconf 89' lang='lat' dir='ltr'>in</span> <span class='ocrx_word' id='word_1_378' title='bbox 1740 5130 1841 5186; x_wconf 90' lang='lat' dir='ltr'>tali</span> <span class='ocrx_word' id='word_1_379' title='bbox 1873 5130 2177 5187; x_wconf 92' lang='lat' dir='ltr'>circumci-</span> 
     </span>
    </p>
   </div>
   <div class='ocr_carea' id='block_1_55' title="bbox 534 5220 2177 5292">
    <p class='ocr_par' dir='ltr' id='par_1_55' title="bbox 534 5220 2177 5292">
     <span class='ocr_line' id='line_1_55' title="bbox 534 5220 2177 5292; baseline 0 -16"><span class='ocrx_word' id='word_1_380' title='bbox 534 5221 711 5278; x_wconf 80' lang='lat' dir='ltr'>sione.</span> <span class='ocrx_word' id='word_1_381' title='bbox 738 5222 861 5277; x_wconf 91' lang='lat' dir='ltr'>Vos</span> <span class='ocrx_word' id='word_1_382' title='bbox 884 5227 1079 5277; x_wconf 90' lang='lat' dir='ltr'>autem</span> <span class='ocrx_word' id='word_1_383' title='bbox 1106 5220 1283 5277; x_wconf 90' lang='lat' dir='ltr'>nolite</span> <span class='ocrx_word' id='word_1_384' title='bbox 1301 5220 1660 5289; x_wconf 85' lang='lat' dir='ltr'>erubescere,</span> <span class='ocrx_word' id='word_1_385' title='bbox 1684 5220 1732 5275; x_wconf 90' lang='lat' dir='ltr'>si</span> <span class='ocrx_word' id='word_1_386' title='bbox 1761 5220 2023 5292; x_wconf 86' lang='lat' dir='ltr'>potestis,</span> <span class='ocrx_word' id='word_1_387' title='bbox 2043 5236 2177 5276; x_wconf 88' lang='lat' dir='ltr'>cum</span> 
     </span>
    </p>
   </div>
   <div class='ocr_carea' id='block_1_56' title="bbox 534 5309 2179 5384">
    <p class='ocr_par' dir='ltr' id='par_1_56' title="bbox 534 5309 2179 5384">
     <span class='ocr_line' id='line_1_56' title="bbox 534 5309 2179 5384; baseline 0 -19"><span class='ocrx_word' id='word_1_388' title='bbox 534 5311 694 5367; x_wconf 90' lang='lat' dir='ltr'>vobis</span> <span class='ocrx_word' id='word_1_389' title='bbox 716 5311 971 5367; x_wconf 87' lang='lat' dir='ltr'>dicitur:</span> <span class='ocrx_word' id='word_1_390' title='bbox 999 5311 1220 5384; x_wconf 88' lang='lat' dir='ltr'>Ergone</span> <span class='ocrx_word' id='word_1_391' title='bbox 1242 5311 1439 5366; x_wconf 89' lang='lat' dir='ltr'>deerat</span> <span class='ocrx_word' id='word_1_392' title='bbox 1462 5310 1574 5365; x_wconf 91' lang='lat' dir='ltr'>Deo</span> <span class='ocrx_word' id='word_1_393' title='bbox 1586 5314 1774 5365; x_wconf 89' lang='lat' dir='ltr'>vestro</span> <span class='ocrx_word' id='word_1_394' title='bbox 1798 5309 1938 5381; x_wconf 90' lang='lat' dir='ltr'>quid</span> <span class='ocrx_word' id='word_1_395' title='bbox 1962 5313 2179 5382; x_wconf 89' lang='lat' dir='ltr'>ageret,</span> 
     </span>
    </p>
   </div>
   <div class='ocr_carea' id='block_1_57' title="bbox 536 5397 2180 5472">
    <p class='ocr_par' dir='ltr' id='par_1_57' title="bbox 536 5397 2180 5472">
     <span class='ocr_line' id='line_1_57' title="bbox 536 5397 2180 5472; baseline -0.001 -17"><span class='ocrx_word' id='word_1_396' title='bbox 536 5416 604 5455; x_wconf 90' lang='lat' dir='ltr'>ne</span> <span class='ocrx_word' id='word_1_397' title='bbox 620 5418 737 5457; x_wconf 69' lang='lat' dir='ltr'>suae</span> <span class='ocrx_word' id='word_1_398' title='bbox 753 5404 981 5456; x_wconf 61' lang='lat' dir='ltr'>naturai</span> <span class='ocrx_word' id='word_1_399' title='bbox 999 5404 1221 5472; x_wconf 88' lang='lat' dir='ltr'>partem</span> <span class='ocrx_word' id='word_1_400' title='bbox 1238 5399 1366 5455; x_wconf 90' lang='lat' dir='ltr'>istis</span> <span class='ocrx_word' id='word_1_401' title='bbox 1385 5398 1817 5469; x_wconf 70' lang='lat' dir='ltr'>membris,quze</span> <span class='ocrx_word' id='word_1_402' title='bbox 1841 5398 1923 5453; x_wconf 93' lang='lat' dir='ltr'>sic</span> <span class='ocrx_word' id='word_1_403' title='bbox 1944 5397 2180 5470; x_wconf 84' lang='lat' dir='ltr'>despui-</span> 
     </span>
    </p>
   </div>
   <div class='ocr_carea' id='block_1_58' title="bbox 534 5486 2184 5563">
    <p class='ocr_par' dir='ltr' id='par_1_58' title="bbox 534 5486 2184 5563">
     <span class='ocr_line' id='line_1_58' title="bbox 534 5486 2184 5563; baseline 0 -20"><span class='ocrx_word' id='word_1_404' title='bbox 534 5488 713 5557; x_wconf 87' lang='lat' dir='ltr'>tis,im</span> <span class='ocrx_word' id='word_1_405' title='bbox 728 5489 879 5563; x_wconf 90' lang='lat' dir='ltr'>plica</span> <span class='ocrx_word' id='word_1_406' title='bbox 889 5494 975 5545; x_wconf 90' lang='lat' dir='ltr'>ret</span> <span class='ocrx_word' id='word_1_407' title='bbox 988 5490 1015 5544; x_wconf 79' lang='lat' dir='ltr'>‘I</span> <span class='ocrx_word' id='word_1_408' title='bbox 1037 5488 1313 5544; x_wconf 89' lang='lat' dir='ltr'>Pudenda</span> <span class='ocrx_word' id='word_1_409' title='bbox 1325 5489 1561 5560; x_wconf 89' lang='lat' dir='ltr'>quidem</span> <span class='ocrx_word' id='word_1_410' title='bbox 1584 5487 1697 5542; x_wconf 89' lang='lat' dir='ltr'>ista</span> <span class='ocrx_word' id='word_1_411' title='bbox 1709 5486 1984 5542; x_wconf 83' lang='lat' dir='ltr'>dicuntur</span> <span class='ocrx_word' id='word_1_412' title='bbox 1996 5486 2184 5543; x_wconf 89' lang='lat' dir='ltr'>homi-</span> 
     </span>
    </p>
   </div>
   <div class='ocr_carea' id='block_1_59' title="bbox 598 5700 2188 5816">
    <p class='ocr_par' dir='ltr' id='par_1_59' title="bbox 598 5700 2188 5816">
     <span class='ocr_line' id='line_1_59' title="bbox 598 5700 2188 5816; baseline -0.001 -60"><span class='ocrx_word' id='word_1_413' title='bbox 598 5708 618 5816; x_wconf 62' lang='lat'>;</span> <span class='ocrx_word' id='word_1_414' title='bbox 644 5704 867 5815; x_wconf 43' lang='lat' dir='ltr'>[c.odices</span> <span class='ocrx_word' id='word_1_415' title='bbox 898 5705 1018 5756; x_wconf 83' lang='lat' dir='ltr'>Mss.</span> <span class='ocrx_word' id='word_1_416' title='bbox 1050 5718 1158 5756; x_wconf 89' lang='lat' dir='ltr'>non</span> <span class='ocrx_word' id='word_1_417' title='bbox 1209 5705 1386 5771; x_wconf 86' lang='lat' dir='ltr'>pauci,</span> <span class='ocrx_word' id='word_1_418' title='bbox 1436 5703 1628 5754; x_wconf 70' lang='lat' dir='ltr'>Audet:</span> <span class='ocrx_word' id='word_1_419' title='bbox 1672 5703 1787 5768; x_wconf 74' lang='lat' dir='ltr'>iam</span> <span class='ocrx_word' id='word_1_420' title='bbox 1836 5700 2003 5754; x_wconf 83' lang='lat' dir='ltr'>dicere</span> <span class='ocrx_word' id='word_1_421' title='bbox 2048 5702 2188 5769; x_wconf 84' lang='lat' dir='ltr'>quod</span> 
     </span>
     <span class='ocr_line' id='line_1_60' title="bbox 617 5783 727 5816; baseline 0 0"><span class='ocrx_word' id='word_1_422' title='bbox 617 5783 641 5816; x_wconf 76' lang='grc' dir='ltr'><em>ε</em></span> <span class='ocrx_word' id='word_1_423' title='bbox 666 5784 727 5816; x_wconf 75' lang='grc' dir='ltr'>ις.</span> 
     </span>
    </p>
   </div>
   <div class='ocr_carea' id='block_1_60' title="bbox 537 5782 727 5819">
    <p class='ocr_par' dir='ltr' id='par_1_60' title="bbox 537 5782 727 5819">
     <span class='ocr_line' id='line_1_61' title="bbox 537 5782 727 5819; baseline 0.005 -1"><span class='ocrx_word' id='word_1_424' title='bbox 537 5782 727 5819; x_wconf 78' lang='lat' dir='ltr'>valens.</span> 
     </span>
    </p>
   </div>
   <div class='ocr_carea' id='block_1_61' title="bbox 1861 372 2465 435">
    <p class='ocr_par' dir='ltr' id='par_1_61' title="bbox 1861 372 2465 435">
     <span class='ocr_line' id='line_1_62' title="bbox 1861 372 2465 435; baseline 0 -2"><span class='ocrx_word' id='word_1_425' title='bbox 1861 373 2092 433; x_wconf 82' lang='lat' dir='ltr'>LIBER</span> <span class='ocrx_word' id='word_1_426' title='bbox 2135 372 2465 435; x_wconf 84' lang='lat' dir='ltr'>SEXTUS.</span> 
     </span>
    </p>
   </div>
   <div class='ocr_carea' id='block_1_62' title="bbox 3748 401 3868 460">
    <p class='ocr_par' dir='ltr' id='par_1_62' title="bbox 3748 401 3868 460">
     <span class='ocr_line' id='line_1_63' title="bbox 3748 401 3868 460; baseline 0.017 -2"><span class='ocrx_word' id='word_1_427' title='bbox 3748 401 3868 460; x_wconf 78' lang='lat'>230</span> 
     </span>
    </p>
   </div>
   <div class='ocr_carea' id='block_1_63' title="bbox 2226 506 3865 600">
    <p class='ocr_par' dir='ltr' id='par_1_63' title="bbox 2226 506 3865 600">
     <span class='ocr_line' id='line_1_64' title="bbox 2226 506 3865 600; baseline 0.018 -42"><span class='ocrx_word' id='word_1_428' title='bbox 2226 506 2411 600; x_wconf 80' lang='lat' dir='ltr'>nibus</span> <span class='ocrx_word' id='word_1_429' title='bbox 2456 516 2691 579; x_wconf 88' lang='lat' dir='ltr'>propter</span> <span class='ocrx_word' id='word_1_430' title='bbox 2750 517 2955 569; x_wconf 70' lang='lat' dir='ltr'>nostras</span> <span class='ocrx_word' id='word_1_431' title='bbox 3007 518 3376 577; x_wconf 87' lang='lat' dir='ltr'>mortalitatis</span> <span class='ocrx_word' id='word_1_432' title='bbox 3425 530 3865 600; x_wconf 83' lang='lat' dir='ltr'>corruptibilem</span> 
     </span>
    </p>
   </div>
   <div class='ocr_carea' id='block_1_64' title="bbox 2225 596 3862 680">
    <p class='ocr_par' dir='ltr' id='par_1_64' title="bbox 2225 596 3862 680">
     <span class='ocr_line' id='line_1_65' title="bbox 2225 596 3862 680; baseline 0.018 -33"><span class='ocrx_word' id='word_1_433' title='bbox 2225 596 2629 668; x_wconf 79' lang='lat' dir='ltr'>pcenalemque</span> <span class='ocrx_word' id='word_1_434' title='bbox 2687 604 3089 675; x_wconf 89' lang='lat' dir='ltr'>propaginem,</span> <span class='ocrx_word' id='word_1_435' title='bbox 3153 626 3278 680; x_wconf 64' lang='lat' dir='ltr'>qua;</span> <span class='ocrx_word' id='word_1_436' title='bbox 3350 612 3484 670; x_wconf 91' lang='lat' dir='ltr'>inde</span> <span class='ocrx_word' id='word_1_437' title='bbox 3556 596 3862 676; x_wconf 78' lang='lat' dir='ltr'>subsistit:</span> 
     </span>
    </p>
   </div>
   <div class='ocr_carea' id='block_1_65' title="bbox 2226 685 3867 781">
    <p class='ocr_par' dir='ltr' id='par_1_65' title="bbox 2226 685 3867 781">
     <span class='ocr_line' id='line_1_66' title="bbox 2226 685 3867 781; baseline 0.018 -46"><span class='ocrx_word' id='word_1_438' title='bbox 2226 685 2440 781; x_wconf 76' lang='lat' dir='ltr'>quibus</span> <span class='ocrx_word' id='word_1_439' title='bbox 2471 687 2612 781; x_wconf 65' lang='lat' dir='ltr'>casti</span> <span class='ocrx_word' id='word_1_440' title='bbox 2644 689 2922 781; x_wconf 84' lang='lat' dir='ltr'>adhibent</span> <span class='ocrx_word' id='word_1_441' title='bbox 2951 698 3376 770; x_wconf 89' lang='lat' dir='ltr'>verecundiam,</span> <span class='ocrx_word' id='word_1_442' title='bbox 3402 702 3680 775; x_wconf 90' lang='lat' dir='ltr'>impudici</span> <span class='ocrx_word' id='word_1_443' title='bbox 3699 715 3867 781; x_wconf 90' lang='lat' dir='ltr'>petu-</span> 
     </span>
    </p>
   </div>
   <div class='ocr_carea' id='block_1_66' title="bbox 2226 770 3014 847">
    <p class='ocr_par' dir='ltr' id='par_1_66' title="bbox 2226 770 3014 847">
     <span class='ocr_line' id='line_1_67' title="bbox 2226 770 3014 847; baseline 0.014 -22"><span class='ocrx_word' id='word_1_444' title='bbox 2226 770 2493 839; x_wconf 87' lang='lat' dir='ltr'>lantiam,</span> <span class='ocrx_word' id='word_1_445' title='bbox 2526 775 2677 831; x_wconf 87' lang='lat' dir='ltr'>Deus</span> <span class='ocrx_word' id='word_1_446' title='bbox 2700 778 3014 847; x_wconf 84' lang='lat' dir='ltr'>justitiam.</span> 
     </span>
    </p>
   </div>
   <div class='ocr_carea' id='block_1_67' title="bbox 2298 860 3863 956">
    <p class='ocr_par' dir='ltr' id='par_1_67' title="bbox 2298 860 3863 956">
     <span class='ocr_line' id='line_1_68' title="bbox 2298 860 3863 956; baseline 0.019 -43"><span class='ocrx_word' id='word_1_447' title='bbox 2298 860 2526 956; x_wconf 57' lang='grc' dir='ltr'>(ξᾼΡΗΤ</span> <span class='ocrx_word' id='word_1_448' title='bbox 2557 863 2649 918; x_wconf 90' lang='lat' dir='ltr'>IV.</span> <span class='ocrx_word' id='word_1_449' title='bbox 2672 897 2741 905; x_wconf 91' lang='lat'><em>—</em></span> <span class='ocrx_word' id='word_1_450' title='bbox 2765 866 3158 928; x_wconf 88' lang='lat' dir='ltr'>Cessationem</span> <span class='ocrx_word' id='word_1_451' title='bbox 3184 892 3315 931; x_wconf 90' lang='lat' dir='ltr'>vero</span> <span class='ocrx_word' id='word_1_452' title='bbox 3343 880 3656 938; x_wconf 88' lang='lat' dir='ltr'>sabbatoru</span> <span class='ocrx_word' id='word_1_453' title='bbox 3670 885 3863 956; x_wconf 88' lang='lat' dir='ltr'>mjam</span> 
     </span>
    </p>
   </div>
   <div class='ocr_carea' id='block_1_68' title="bbox 2229 949 3868 1045">
    <p class='ocr_par' dir='ltr' id='par_1_68' title="bbox 2229 949 3868 1045">
     <span class='ocr_line' id='line_1_69' title="bbox 2229 949 3868 1045; baseline 0.018 -43"><span class='ocrx_word' id='word_1_454' title='bbox 2229 949 2464 1021; x_wconf 89' lang='lat' dir='ltr'>quidem</span> <span class='ocrx_word' id='word_1_455' title='bbox 2498 968 2915 1024; x_wconf 87' lang='lat' dir='ltr'>supervacuam</span> <span class='ocrx_word' id='word_1_456' title='bbox 2949 960 3219 1019; x_wconf 86' lang='lat' dir='ltr'>ducimus</span> <span class='ocrx_word' id='word_1_457' title='bbox 3252 965 3320 1019; x_wconf 89' lang='lat' dir='ltr'>ad</span> <span class='ocrx_word' id='word_1_458' title='bbox 3346 949 3868 1045; x_wconf 81' lang='lat' dir='ltr'>observandum,ex</span> 
     </span>
    </p>
   </div>
   <div class='ocr_carea' id='block_1_69' title="bbox 2232 1392 3871 1485">
    <p class='ocr_par' dir='ltr' id='par_1_69' title="bbox 2232 1392 3871 1485">
     <span class='ocr_line' id='line_1_70' title="bbox 2232 1392 3871 1485; baseline 0.017 -42"><span class='ocrx_word' id='word_1_459' title='bbox 2232 1392 2404 1485; x_wconf 75' lang='lat' dir='ltr'>nibus</span> <span class='ocrx_word' id='word_1_460' title='bbox 2420 1395 2909 1466; x_wconf 63' lang='lat' dir='ltr'>prmﬁgurandaet</span> <span class='ocrx_word' id='word_1_461' title='bbox 2930 1406 3374 1472; x_wconf 68' lang='lat' dir='ltr'>praenuntiantia</span> <span class='ocrx_word' id='word_1_462' title='bbox 3393 1409 3513 1475; x_wconf 87' lang='lat' dir='ltr'>;illo</span> <span class='ocrx_word' id='word_1_463' title='bbox 3536 1414 3701 1485; x_wconf 87' lang='lat' dir='ltr'>signo</span> <span class='ocrx_word' id='word_1_464' title='bbox 3716 1417 3871 1485; x_wconf 91' lang='lat' dir='ltr'>quod</span> 
     </span>
    </p>
   </div>
   <div class='ocr_carea' id='block_1_70' title="bbox 2231 1477 3870 1566">
    <p class='ocr_par' dir='ltr' id='par_1_70' title="bbox 2231 1477 3870 1566">
     <span class='ocr_line' id='line_1_71' title="bbox 2231 1477 3870 1566; baseline 0.017 -34"><span class='ocrx_word' id='word_1_465' title='bbox 2231 1477 2503 1551; x_wconf 88' lang='lat' dir='ltr'>legimus,</span> <span class='ocrx_word' id='word_1_466' title='bbox 2538 1500 2627 1538; x_wconf 90' lang='lat' dir='ltr'>res</span> <span class='ocrx_word' id='word_1_467' title='bbox 2660 1485 2768 1539; x_wconf 87' lang='lat' dir='ltr'>ista</span> <span class='ocrx_word' id='word_1_468' title='bbox 2789 1495 3105 1557; x_wconf 76' lang='lat' dir='ltr'>praenotata</span> <span class='ocrx_word' id='word_1_469' title='bbox 3126 1498 3211 1547; x_wconf 90' lang='lat' dir='ltr'>est</span> <span class='ocrx_word' id='word_1_470' title='bbox 3236 1512 3411 1566; x_wconf 90' lang='lat' dir='ltr'>quam</span> <span class='ocrx_word' id='word_1_471' title='bbox 3442 1477 3870 1560; x_wconf 45' lang='lat' dir='ltr'>tenemus.-Vos</span> 
     </span>
    </p>
   </div>
   <div class='ocr_carea' id='block_1_71' title="bbox 2233 1569 3867 1648">
    <p class='ocr_par' dir='ltr' id='par_1_71' title="bbox 2233 1569 3867 1648">
     <span class='ocr_line' id='line_1_72' title="bbox 2233 1569 3867 1648; baseline 0.017 -26"><span class='ocrx_word' id='word_1_472' title='bbox 2233 1578 2421 1623; x_wconf 73' lang='lat' dir='ltr'>autem</span> <span class='ocrx_word' id='word_1_473' title='bbox 2455 1569 2581 1626; x_wconf 92' lang='lat' dir='ltr'>volo</span> <span class='ocrx_word' id='word_1_474' title='bbox 2614 1573 2755 1627; x_wconf 91' lang='lat' dir='ltr'>mihi</span> <span class='ocrx_word' id='word_1_475' title='bbox 2786 1575 3012 1645; x_wconf 88' lang='lat' dir='ltr'>dicatis,</span> <span class='ocrx_word' id='word_1_476' title='bbox 3045 1597 3147 1635; x_wconf 92' lang='lat' dir='ltr'>cur</span> <span class='ocrx_word' id='word_1_477' title='bbox 3189 1589 3436 1641; x_wconf 89' lang='lat' dir='ltr'>vestram</span> <span class='ocrx_word' id='word_1_478' title='bbox 3486 1593 3867 1648; x_wconf 87' lang='lat' dir='ltr'>cessationem</span> 
     </span>
    </p>
   </div>
   <div class='ocr_carea' id='block_1_72' title="bbox 2234 1656 3872 1748">
    <p class='ocr_par' dir='ltr' id='par_1_72' title="bbox 2234 1656 3872 1748">
     <span class='ocr_line' id='line_1_73' title="bbox 2234 1656 3872 1748; baseline 0.016 -38"><span class='ocrx_word' id='word_1_479' title='bbox 2234 1656 2429 1748; x_wconf 80' lang='lat' dir='ltr'>nolitis</span> <span class='ocrx_word' id='word_1_480' title='bbox 2450 1658 2692 1748; x_wconf 89' lang='lat' dir='ltr'>implere</span> <span class='ocrx_word' id='word_1_481' title='bbox 2714 1665 2741 1715; x_wconf 85' lang='lat'><strong><em>?</em></strong></span> <span class='ocrx_word' id='word_1_482' title='bbox 2760 1662 2941 1719; x_wconf 58' lang='lat' dir='ltr'>Judaei</span> <span class='ocrx_word' id='word_1_483' title='bbox 2963 1667 3175 1740; x_wconf 90' lang='lat' dir='ltr'>quippe</span> <span class='ocrx_word' id='word_1_484' title='bbox 3198 1673 3439 1729; x_wconf 89' lang='lat' dir='ltr'>sabbato</span> <span class='ocrx_word' id='word_1_485' title='bbox 3461 1682 3743 1748; x_wconf 90' lang='lat' dir='ltr'>suo,quod</span> <span class='ocrx_word' id='word_1_486' title='bbox 3771 1683 3872 1736; x_wconf 88' lang='lat' dir='ltr'>ad-</span> 
     </span>
    </p>
   </div>
   <div class='ocr_carea' id='block_1_73' title="bbox 2232 1744 3867 1836">
    <p class='ocr_par' dir='ltr' id='par_1_73' title="bbox 2232 1744 3867 1836">
     <span class='ocr_line' id='line_1_74' title="bbox 2232 1744 3867 1836; baseline 0.017 -38"><span class='ocrx_word' id='word_1_487' title='bbox 2232 1744 2345 1800; x_wconf 92' lang='lat' dir='ltr'>huc</span> <span class='ocrx_word' id='word_1_488' title='bbox 2377 1747 2686 1804; x_wconf 87' lang='lat' dir='ltr'>carnaliter</span> <span class='ocrx_word' id='word_1_489' title='bbox 2716 1752 2973 1823; x_wconf 90' lang='lat' dir='ltr'>sapiunt,</span> <span class='ocrx_word' id='word_1_490' title='bbox 3007 1774 3120 1811; x_wconf 90' lang='lat' dir='ltr'>non</span> <span class='ocrx_word' id='word_1_491' title='bbox 3154 1760 3343 1816; x_wconf 90' lang='lat' dir='ltr'>solum</span> <span class='ocrx_word' id='word_1_492' title='bbox 3374 1763 3431 1817; x_wconf 90' lang='lat' dir='ltr'>in</span> <span class='ocrx_word' id='word_1_493' title='bbox 3457 1782 3592 1836; x_wconf 85' lang='lat' dir='ltr'>agro</span> <span class='ocrx_word' id='word_1_494' title='bbox 3612 1744 3867 1825; x_wconf 64' lang='lat' dir='ltr'>tructum</span> 
     </span>
    </p>
   </div>
   <div class='ocr_carea' id='block_1_74' title="bbox 2233 1835 3875 1913">
    <p class='ocr_par' dir='ltr' id='par_1_74' title="bbox 2233 1835 3875 1913">
     <span class='ocr_line' id='line_1_75' title="bbox 2233 1835 3875 1913; baseline 0.015 -25"><span class='ocrx_word' id='word_1_495' title='bbox 2233 1835 2460 1890; x_wconf 90' lang='lat' dir='ltr'>nullum</span> <span class='ocrx_word' id='word_1_496' title='bbox 2484 1837 2925 1911; x_wconf 84' lang='lat' dir='ltr'>decerpunt,sed</span> <span class='ocrx_word' id='word_1_497' title='bbox 2942 1860 3046 1899; x_wconf 92' lang='lat' dir='ltr'>nec</span> <span class='ocrx_word' id='word_1_498' title='bbox 3068 1846 3123 1900; x_wconf 91' lang='lat' dir='ltr'>in</span> <span class='ocrx_word' id='word_1_499' title='bbox 3150 1847 3320 1904; x_wconf 91' lang='lat' dir='ltr'>domo</span> <span class='ocrx_word' id='word_1_500' title='bbox 3335 1835 3645 1909; x_wconf 85' lang='lat' dir='ltr'>concidunt</span> <span class='ocrx_word' id='word_1_501' title='bbox 3668 1862 3765 1911; x_wconf 90' lang='lat' dir='ltr'>aut</span> <span class='ocrx_word' id='word_1_502' title='bbox 3784 1875 3875 1913; x_wconf 92' lang='lat' dir='ltr'>co-</span> 
     </span>
    </p>
   </div>
   <div class='ocr_carea' id='block_1_75' title="bbox 2233 1925 3873 2016">
    <p class='ocr_par' dir='ltr' id='par_1_75' title="bbox 2233 1925 3873 2016">
     <span class='ocr_line' id='line_1_76' title="bbox 2233 1925 3873 2016; baseline 0.015 -39"><span class='ocrx_word' id='word_1_503' title='bbox 2233 1928 2440 2016; x_wconf 83' lang='lat' dir='ltr'>quunt.</span> <span class='ocrx_word' id='word_1_504' title='bbox 2475 1925 2587 1981; x_wconf 91' lang='lat' dir='ltr'>Vos</span> <span class='ocrx_word' id='word_1_505' title='bbox 2621 1933 2813 1983; x_wconf 90' lang='lat' dir='ltr'>autem</span> <span class='ocrx_word' id='word_1_506' title='bbox 2834 1937 3122 1989; x_wconf 88' lang='lat' dir='ltr'>cessantes</span> <span class='ocrx_word' id='word_1_507' title='bbox 3144 1936 3378 2007; x_wconf 90' lang='lat' dir='ltr'>quidem</span> <span class='ocrx_word' id='word_1_508' title='bbox 3402 1944 3716 2012; x_wconf 84' lang='lat' dir='ltr'>expectatis</span> <span class='ocrx_word' id='word_1_509' title='bbox 3741 1946 3873 2016; x_wconf 89' lang='lat' dir='ltr'>quis</span> 
     </span>
    </p>
   </div>
   <div class='ocr_carea' id='block_1_76' title="bbox 2231 2013 3875 2099">
    <p class='ocr_par' dir='ltr' id='par_1_76' title="bbox 2231 2013 3875 2099">
     <span class='ocr_line' id='line_1_77' title="bbox 2231 2013 3875 2099; baseline 0.015 -34"><span class='ocrx_word' id='word_1_510' title='bbox 2231 2013 2581 2069; x_wconf 83' lang='lat' dir='ltr'>Auditorum</span> <span class='ocrx_word' id='word_1_511' title='bbox 2606 2021 2927 2075; x_wconf 89' lang='lat' dir='ltr'>vestrorum</span> <span class='ocrx_word' id='word_1_512' title='bbox 2945 2027 3179 2094; x_wconf 88' lang='lat' dir='ltr'>pr0pter</span> <span class='ocrx_word' id='word_1_513' title='bbox 3192 2042 3292 2081; x_wconf 93' lang='lat' dir='ltr'>vos</span> <span class='ocrx_word' id='word_1_514' title='bbox 3306 2031 3627 2099; x_wconf 91' lang='lat' dir='ltr'>pascendos</span> <span class='ocrx_word' id='word_1_515' title='bbox 3640 2013 3875 2090; x_wconf 76' lang='lat' dir='ltr'>cultello</span> 
     </span>
    </p>
   </div>
   <div class='ocr_carea' id='block_1_77' title="bbox 2231 2101 3878 2189">
    <p class='ocr_par' dir='ltr' id='par_1_77' title="bbox 2231 2101 3878 2189">
     <span class='ocr_line' id='line_1_78' title="bbox 2231 2101 3878 2189; baseline 0.014 -34"><span class='ocrx_word' id='word_1_516' title='bbox 2231 2101 2320 2156; x_wconf 86' lang='lat' dir='ltr'>vel</span> <span class='ocrx_word' id='word_1_517' title='bbox 2351 2101 2629 2158; x_wconf 87' lang='lat' dir='ltr'>fascicula</span> <span class='ocrx_word' id='word_1_518' title='bbox 2658 2108 2991 2163; x_wconf 90' lang='lat' dir='ltr'>armatusin</span> <span class='ocrx_word' id='word_1_519' title='bbox 3027 2110 3257 2167; x_wconf 91' lang='lat' dir='ltr'>hortum</span> <span class='ocrx_word' id='word_1_520' title='bbox 3280 2115 3561 2189; x_wconf 87' lang='lat' dir='ltr'>prosiliat,</span> <span class='ocrx_word' id='word_1_521' title='bbox 3586 2119 3878 2178; x_wconf 86' lang='lat' dir='ltr'>homicida</span> 
     </span>
    </p>
   </div>
   <div class='ocr_carea' id='block_1_78' title="bbox 2235 2191 3874 2281">
    <p class='ocr_par' dir='ltr' id='par_1_78' title="bbox 2235 2191 3874 2281">
     <span class='ocr_line' id='line_1_79' title="bbox 2235 2191 3874 2281; baseline 0.013 -36"><span class='ocrx_word' id='word_1_522' title='bbox 2235 2191 2694 2261; x_wconf 90' lang='lat' dir='ltr'>cucurbitarum,</span> <span class='ocrx_word' id='word_1_523' title='bbox 2729 2211 2975 2266; x_wconf 86' lang='lat' dir='ltr'>quarum</span> <span class='ocrx_word' id='word_1_524' title='bbox 3006 2199 3170 2256; x_wconf 92' lang='lat' dir='ltr'>vobis</span> <span class='ocrx_word' id='word_1_525' title='bbox 3201 2202 3420 2271; x_wconf 73' lang='lat' dir='ltr'>afferat,</span> <span class='ocrx_word' id='word_1_526' title='bbox 3448 2207 3662 2263; x_wconf 88' lang='lat' dir='ltr'>mirum</span> <span class='ocrx_word' id='word_1_527' title='bbox 3686 2210 3874 2281; x_wconf 88' lang='lat' dir='ltr'>dictu,</span> 
     </span>
    </p>
   </div>
   <div class='ocr_carea' id='block_1_79' title="bbox 2234 2279 3874 2367">
    <p class='ocr_par' dir='ltr' id='par_1_79' title="bbox 2234 2279 3874 2367">
     <span class='ocr_line' id='line_1_80' title="bbox 2234 2279 3874 2367; baseline 0.013 -34"><span class='ocrx_word' id='word_1_528' title='bbox 2234 2279 2365 2333; x_wconf 88' lang='lat' dir='ltr'>viva</span> <span class='ocrx_word' id='word_1_529' title='bbox 2390 2280 2686 2336; x_wconf 89' lang='lat' dir='ltr'>cadavera.</span> <span class='ocrx_word' id='word_1_530' title='bbox 2710 2282 2854 2338; x_wconf 89' lang='lat' dir='ltr'>Nam</span> <span class='ocrx_word' id='word_1_531' title='bbox 2880 2285 2928 2340; x_wconf 89' lang='lat' dir='ltr'>si</span> <span class='ocrx_word' id='word_1_532' title='bbox 2952 2304 3065 2342; x_wconf 83' lang='lat' dir='ltr'>non</span> <span class='ocrx_word' id='word_1_533' title='bbox 3105 2306 3204 2345; x_wconf 88' lang='lat' dir='ltr'>eas</span> <span class='ocrx_word' id='word_1_534' title='bbox 3238 2294 3466 2365; x_wconf 90' lang='lat' dir='ltr'>occidit,</span> <span class='ocrx_word' id='word_1_535' title='bbox 3502 2297 3638 2367; x_wconf 91' lang='lat' dir='ltr'>quid</span> <span class='ocrx_word' id='word_1_536' title='bbox 3674 2315 3775 2354; x_wconf 92' lang='lat' dir='ltr'>vos</span> <span class='ocrx_word' id='word_1_537' title='bbox 3814 2279 3874 2356; x_wconf 86' lang='lat' dir='ltr'>in</span> 
     </span>
    </p>
   </div>
   <div class='ocr_carea' id='block_1_80' title="bbox 2235 2368 3879 2443">
    <p class='ocr_par' dir='ltr' id='par_1_80' title="bbox 2235 2368 3879 2443">
     <span class='ocr_line' id='line_1_81' title="bbox 2235 2368 3879 2443; baseline 0.012 -19"><span class='ocrx_word' id='word_1_538' title='bbox 2235 2368 2337 2424; x_wconf 90' lang='lat' dir='ltr'>tali</span> <span class='ocrx_word' id='word_1_539' title='bbox 2356 2370 2502 2424; x_wconf 80' lang='lat' dir='ltr'>facto</span> <span class='ocrx_word' id='word_1_540' title='bbox 2526 2372 2857 2428; x_wconf 86' lang='lat' dir='ltr'>metuistis?</span> <span class='ocrx_word' id='word_1_541' title='bbox 2878 2374 3144 2437; x_wconf 89' lang='lat' dir='ltr'>Siautem</span> <span class='ocrx_word' id='word_1_542' title='bbox 3163 2381 3509 2438; x_wconf 90' lang='lat' dir='ltr'>occiduntur</span> <span class='ocrx_word' id='word_1_543' title='bbox 3530 2401 3662 2441; x_wconf 91' lang='lat' dir='ltr'>cum</span> <span class='ocrx_word' id='word_1_544' title='bbox 3686 2388 3879 2443; x_wconf 86' lang='lat' dir='ltr'>decer-</span> 
     </span>
    </p>
   </div>
   <div class='ocr_carea' id='block_1_81' title="bbox 2237 2461 3874 2548">
    <p class='ocr_par' dir='ltr' id='par_1_81' title="bbox 2237 2461 3874 2548">
     <span class='ocr_line' id='line_1_82' title="bbox 2237 2461 3874 2548; baseline 0.013 -38"><span class='ocrx_word' id='word_1_545' title='bbox 2237 2462 2476 2529; x_wconf 89' lang='lat' dir='ltr'>puntur,</span> <span class='ocrx_word' id='word_1_546' title='bbox 2501 2461 2791 2529; x_wconf 89' lang='lat' dir='ltr'>quomodo</span> <span class='ocrx_word' id='word_1_547' title='bbox 2814 2463 2897 2518; x_wconf 88' lang='lat' dir='ltr'>eis</span> <span class='ocrx_word' id='word_1_548' title='bbox 2924 2464 3076 2521; x_wconf 90' lang='lat' dir='ltr'>inest</span> <span class='ocrx_word' id='word_1_549' title='bbox 3092 2468 3227 2538; x_wconf 87' lang='lat' dir='ltr'>vita,</span> <span class='ocrx_word' id='word_1_550' title='bbox 3252 2471 3344 2524; x_wconf 91' lang='lat' dir='ltr'>cui</span> <span class='ocrx_word' id='word_1_551' title='bbox 3369 2474 3680 2545; x_wconf 74' lang='lat' dir='ltr'>purgandae</span> <span class='ocrx_word' id='word_1_552' title='bbox 3700 2481 3874 2548; x_wconf 90' lang='lat' dir='ltr'>atque</span> 
     </span>
    </p>
   </div>
   <div class='ocr_carea' id='block_1_82' title="bbox 2238 2548 3873 2625">
    <p class='ocr_par' dir='ltr' id='par_1_82' title="bbox 2238 2548 3873 2625">
     <span class='ocr_line' id='line_1_83' title="bbox 2238 2548 3873 2625; baseline 0.013 -26"><span class='ocrx_word' id='word_1_553' title='bbox 2238 2548 2559 2601; x_wconf 69' lang='lat' dir='ltr'>recreandas</span> <span class='ocrx_word' id='word_1_554' title='bbox 2585 2550 2990 2607; x_wconf 88' lang='lat' dir='ltr'>manducando</span> <span class='ocrx_word' id='word_1_555' title='bbox 3009 2560 3179 2625; x_wconf 89' lang='lat' dir='ltr'>atque</span> <span class='ocrx_word' id='word_1_556' title='bbox 3202 2562 3485 2615; x_wconf 89' lang='lat' dir='ltr'>ructando</span> <span class='ocrx_word' id='word_1_557' title='bbox 3499 2579 3598 2617; x_wconf 91' lang='lat' dir='ltr'>vos</span> <span class='ocrx_word' id='word_1_558' title='bbox 3612 2567 3873 2624; x_wconf 89' lang='lat' dir='ltr'>asseritis</span> 
     </span>
    </p>
   </div>
   <div class='ocr_carea' id='block_1_83' title="bbox 2239 2636 3873 2725">
    <p class='ocr_par' dir='ltr' id='par_1_83' title="bbox 2239 2636 3873 2725">
     <span class='ocr_line' id='line_1_84' title="bbox 2239 2636 3873 2725; baseline 0.011 -34"><span class='ocrx_word' id='word_1_559' title='bbox 2239 2636 2586 2725; x_wconf 86' lang='lat' dir='ltr'>subvenire?</span> <span class='ocrx_word' id='word_1_560' title='bbox 2605 2637 2879 2709; x_wconf 88' lang='lat' dir='ltr'>Accipitis</span> <span class='ocrx_word' id='word_1_561' title='bbox 2904 2657 3040 2713; x_wconf 89' lang='lat' dir='ltr'>ergo</span> <span class='ocrx_word' id='word_1_562' title='bbox 3061 2644 3317 2701; x_wconf 88' lang='lat' dir='ltr'>viventes</span> <span class='ocrx_word' id='word_1_563' title='bbox 3332 2651 3683 2718; x_wconf 88' lang='lat' dir='ltr'>cucurbitas,</span> <span class='ocrx_word' id='word_1_564' title='bbox 3704 2670 3873 2725; x_wconf 88' lang='lat' dir='ltr'>quas,</span> 
     </span>
    </p>
   </div>
   <div class='ocr_carea' id='block_1_84' title="bbox 2239 2724 3874 2808">
    <p class='ocr_par' dir='ltr' id='par_1_84' title="bbox 2239 2724 3874 2808">
     <span class='ocr_line' id='line_1_85' title="bbox 2239 2724 3874 2808; baseline 0.012 -29"><span class='ocrx_word' id='word_1_565' title='bbox 2239 2724 2287 2779; x_wconf 89' lang='lat' dir='ltr'>si</span> <span class='ocrx_word' id='word_1_566' title='bbox 2321 2724 2587 2795; x_wconf 87' lang='lat' dir='ltr'>possetis,</span> <span class='ocrx_word' id='word_1_567' title='bbox 2622 2726 2907 2798; x_wconf 90' lang='lat' dir='ltr'>deglutire</span> <span class='ocrx_word' id='word_1_568' title='bbox 2925 2730 3249 2789; x_wconf 90' lang='lat' dir='ltr'>deberetis:</span> <span class='ocrx_word' id='word_1_569' title='bbox 3281 2741 3346 2790; x_wconf 91' lang='lat' dir='ltr'>ut</span> <span class='ocrx_word' id='word_1_570' title='bbox 3368 2744 3498 2808; x_wconf 88' lang='lat' dir='ltr'>post</span> <span class='ocrx_word' id='word_1_571' title='bbox 3518 2738 3660 2795; x_wconf 90' lang='lat' dir='ltr'>illud</span> <span class='ocrx_word' id='word_1_572' title='bbox 3690 2724 3874 2799; x_wconf 84' lang='lat' dir='ltr'>unum</span> 
     </span>
    </p>
   </div>
   <div class='ocr_carea' id='block_1_85' title="bbox 2238 2812 3874 2900">
    <p class='ocr_par' dir='ltr' id='par_1_85' title="bbox 2238 2812 3874 2900">
     <span class='ocr_line' id='line_1_86' title="bbox 2238 2812 3874 2900; baseline 0.012 -33"><span class='ocrx_word' id='word_1_573' title='bbox 2238 2812 2472 2883; x_wconf 87' lang='lat' dir='ltr'>vulnus,</span> <span class='ocrx_word' id='word_1_574' title='bbox 2505 2813 2563 2867; x_wconf 91' lang='lat' dir='ltr'>in</span> <span class='ocrx_word' id='word_1_575' title='bbox 2598 2831 2710 2886; x_wconf 93' lang='lat' dir='ltr'>quo</span> <span class='ocrx_word' id='word_1_576' title='bbox 2742 2832 2840 2871; x_wconf 89' lang='lat' dir='ltr'>eas</span> <span class='ocrx_word' id='word_1_577' title='bbox 2871 2834 3001 2874; x_wconf 90' lang='lat' dir='ltr'>cum</span> <span class='ocrx_word' id='word_1_578' title='bbox 3036 2820 3323 2894; x_wconf 90' lang='lat' dir='ltr'>decerpsit</span> <span class='ocrx_word' id='word_1_579' title='bbox 3368 2833 3557 2883; x_wconf 85' lang='lat' dir='ltr'>vester</span> <span class='ocrx_word' id='word_1_580' title='bbox 3610 2832 3874 2900; x_wconf 88' lang='lat' dir='ltr'>Auditor,</span> 
     </span>
    </p>
   </div>
   <div class='ocr_carea' id='block_1_86' title="bbox 2242 2903 3876 2985">
    <p class='ocr_par' dir='ltr' id='par_1_86' title="bbox 2242 2903 3876 2985">
     <span class='ocr_line' id='line_1_87' title="bbox 2242 2903 3876 2985; baseline 0.013 -29"><span class='ocrx_word' id='word_1_581' title='bbox 2242 2919 2374 2957; x_wconf 87' lang='lat' dir='ltr'>reus</span> <span class='ocrx_word' id='word_1_582' title='bbox 2397 2903 3280 2981; x_wconf 82' lang='lat' dir='ltr'>factusest,vestraindulgentia</span> <span class='ocrx_word' id='word_1_583' title='bbox 3302 2912 3876 2985; x_wconf 85' lang='lat' dir='ltr'>liberandus;saltem</span> 
     </span>
    </p>
   </div>
   <div class='ocr_carea' id='block_1_87' title="bbox 2242 2991 3881 3073">
    <p class='ocr_par' dir='ltr' id='par_1_87' title="bbox 2242 2991 3881 3073">
     <span class='ocr_line' id='line_1_88' title="bbox 2242 2991 3881 3073; baseline 0.012 -28"><span class='ocrx_word' id='word_1_584' title='bbox 2242 2991 2514 3062; x_wconf 88' lang='lat' dir='ltr'>deinceps</span> <span class='ocrx_word' id='word_1_585' title='bbox 2538 2992 2606 3046; x_wconf 83' lang='lat' dir='ltr'>ad</span> <span class='ocrx_word' id='word_1_586' title='bbox 2629 2992 2915 3050; x_wconf 78' lang='lat' dir='ltr'>ofﬁcinam</span> <span class='ocrx_word' id='word_1_587' title='bbox 2937 2997 3563 3073; x_wconf 90' lang='lat' dir='ltr'>aqualiculivestri,ubi</span> <span class='ocrx_word' id='word_1_588' title='bbox 3583 3007 3763 3063; x_wconf 88' lang='lat' dir='ltr'>Deum</span> <span class='ocrx_word' id='word_1_589' title='bbox 3786 3026 3881 3064; x_wconf 90' lang='lat' dir='ltr'>ve-</span> 
     </span>
    </p>
   </div>
   <div class='ocr_carea' id='block_1_88' title="bbox 2244 3079 3882 3167">
    <p class='ocr_par' dir='ltr' id='par_1_88' title="bbox 2244 3079 3882 3167">
     <span class='ocr_line' id='line_1_89' title="bbox 2244 3079 3882 3167; baseline 0.012 -33"><span class='ocrx_word' id='word_1_590' title='bbox 2244 3084 2430 3134; x_wconf 86' lang='lat' dir='ltr'>strum</span> <span class='ocrx_word' id='word_1_591' title='bbox 2466 3079 2563 3134; x_wconf 87' lang='lat' dir='ltr'>illo</span> <span class='ocrx_word' id='word_1_592' title='bbox 2600 3080 2795 3152; x_wconf 83' lang='lat' dir='ltr'>praelio</span> <span class='ocrx_word' id='word_1_593' title='bbox 2827 3085 3209 3156; x_wconf 85' lang='lat' dir='ltr'>confractum,</span> <span class='ocrx_word' id='word_1_594' title='bbox 3256 3091 3564 3149; x_wconf 80' lang='lat' dir='ltr'>reformare</span> <span class='ocrx_word' id='word_1_595' title='bbox 3610 3097 3882 3167; x_wconf 88' lang='lat' dir='ltr'>possetis,</span> 
     </span>
    </p>
   </div>
   <div class='ocr_carea' id='block_1_89' title="bbox 2245 3166 3890 3243">
    <p class='ocr_par' dir='ltr' id='par_1_89' title="bbox 2245 3166 3890 3243">
     <span class='ocr_line' id='line_1_90' title="bbox 2245 3166 3890 3243; baseline 0.013 -23"><span class='ocrx_word' id='word_1_596' title='bbox 2245 3166 2441 3222; x_wconf 73' lang='lat' dir='ltr'>illmsae</span> <span class='ocrx_word' id='word_1_597' title='bbox 2462 3173 2635 3239; x_wconf 90' lang='lat' dir='ltr'>atque</span> <span class='ocrx_word' id='word_1_598' title='bbox 2660 3169 2893 3242; x_wconf 66' lang='lat' dir='ltr'>integra:</span> <span class='ocrx_word' id='word_1_599' title='bbox 2916 3175 3299 3243; x_wconf 89' lang='lat' dir='ltr'>pervenirent.</span> <span class='ocrx_word' id='word_1_600' title='bbox 3324 3179 3488 3236; x_wconf 90' lang='lat' dir='ltr'>Nunc</span> <span class='ocrx_word' id='word_1_601' title='bbox 3510 3166 3703 3239; x_wconf 84' lang='lat' dir='ltr'>autem</span> <span class='ocrx_word' id='word_1_602' title='bbox 3729 3190 3890 3242; x_wconf 88' lang='lat' dir='ltr'>ante-</span> 
     </span>
    </p>
   </div>
   <div class='ocr_carea' id='block_1_90' title="bbox 2246 3257 3884 3344">
    <p class='ocr_par' dir='ltr' id='par_1_90' title="bbox 2246 3257 3884 3344">
     <span class='ocr_line' id='line_1_91' title="bbox 2246 3257 3884 3344; baseline 0.013 -36"><span class='ocrx_word' id='word_1_603' title='bbox 2246 3271 2423 3326; x_wconf 89' lang='lat' dir='ltr'>quam</span> <span class='ocrx_word' id='word_1_604' title='bbox 2445 3257 2528 3311; x_wconf 90' lang='lat' dir='ltr'>eis</span> <span class='ocrx_word' id='word_1_605' title='bbox 2551 3258 2914 3315; x_wconf 91' lang='lat' dir='ltr'>conterendis</span> <span class='ocrx_word' id='word_1_606' title='bbox 2936 3261 3140 3318; x_wconf 91' lang='lat' dir='ltr'>dentes</span> <span class='ocrx_word' id='word_1_607' title='bbox 3158 3264 3884 3344; x_wconf 87' lang='lat' dir='ltr'>incumbant,minutatim,</span> 
     </span>
    </p>
   </div>
   <div class='ocr_carea' id='block_1_91' title="bbox 2249 3344 3884 3432">
    <p class='ocr_par' dir='ltr' id='par_1_91' title="bbox 2249 3344 3884 3432">
     <span class='ocr_line' id='line_1_92' title="bbox 2249 3344 3884 3432; baseline 0.012 -33"><span class='ocrx_word' id='word_1_608' title='bbox 2249 3346 2296 3399; x_wconf 92' lang='lat' dir='ltr'>si</span> <span class='ocrx_word' id='word_1_609' title='bbox 2322 3345 2428 3401; x_wconf 92' lang='lat' dir='ltr'>hoc</span> <span class='ocrx_word' id='word_1_610' title='bbox 2449 3344 2641 3416; x_wconf 89' lang='lat' dir='ltr'>palato</span> <span class='ocrx_word' id='word_1_611' title='bbox 2664 3346 2967 3417; x_wconf 89' lang='lat' dir='ltr'>placuerit,</span> <span class='ocrx_word' id='word_1_612' title='bbox 2993 3351 3379 3411; x_wconf 88' lang='lat' dir='ltr'>conciduntur</span> <span class='ocrx_word' id='word_1_613' title='bbox 3401 3375 3433 3411; x_wconf 92' lang='lat' dir='ltr'>a</span> <span class='ocrx_word' id='word_1_614' title='bbox 3454 3360 3617 3415; x_wconf 90' lang='lat' dir='ltr'>vobis</span> <span class='ocrx_word' id='word_1_615' title='bbox 3644 3364 3884 3432; x_wconf 87' lang='lat' dir='ltr'>:quihus</span> 
     </span>
    </p>
   </div>
   <div class='ocr_carea' id='block_1_92' title="bbox 2248 3434 3886 3514">
    <p class='ocr_par' dir='ltr' id='par_1_92' title="bbox 2248 3434 3886 3514">
     <span class='ocr_line' id='line_1_93' title="bbox 2248 3434 3886 3514; baseline 0.013 -29"><span class='ocrx_word' id='word_1_616' title='bbox 2248 3435 2369 3487; x_wconf 89' lang='lat' dir='ltr'>tam</span> <span class='ocrx_word' id='word_1_617' title='bbox 2401 3434 2619 3489; x_wconf 86' lang='lat' dir='ltr'>crebris</span> <span class='ocrx_word' id='word_1_618' title='bbox 2647 3434 2986 3492; x_wconf 85' lang='lat' dir='ltr'>vulneribus</span> <span class='ocrx_word' id='word_1_619' title='bbox 3016 3455 3240 3507; x_wconf 88' lang='lat' dir='ltr'>earum,</span> <span class='ocrx_word' id='word_1_620' title='bbox 3286 3448 3577 3514; x_wconf 88' lang='lat' dir='ltr'>quomodo</span> <span class='ocrx_word' id='word_1_621' title='bbox 3621 3466 3721 3504; x_wconf 91' lang='lat' dir='ltr'>vos</span> <span class='ocrx_word' id='word_1_622' title='bbox 3769 3468 3886 3507; x_wconf 89' lang='lat' dir='ltr'>non</span> 
     </span>
    </p>
   </div>
   <div class='ocr_carea' id='block_1_93' title="bbox 2252 3522 3888 3608">
    <p class='ocr_par' dir='ltr' id='par_1_93' title="bbox 2252 3522 3888 3608">
     <span class='ocr_line' id='line_1_94' title="bbox 2252 3522 3888 3608; baseline 0.012 -32"><span class='ocrx_word' id='word_1_623' title='bbox 2252 3522 2391 3576; x_wconf 89' lang='lat' dir='ltr'>estis</span> <span class='ocrx_word' id='word_1_624' title='bbox 2415 3523 2494 3575; x_wconf 90' lang='lat' dir='ltr'>rei</span> <span class='ocrx_word' id='word_1_625' title='bbox 2514 3524 2537 3577; x_wconf 72' lang='grc' dir='ltr'><strong><em>ἓ</em></strong></span> <span class='ocrx_word' id='word_1_626' title='bbox 2557 3522 2756 3579; x_wconf 83' lang='lat' dir='ltr'>Videte</span> <span class='ocrx_word' id='word_1_627' title='bbox 2787 3528 3277 3596; x_wconf 82' lang='lat' dir='ltr'>quemadmodum</span> <span class='ocrx_word' id='word_1_628' title='bbox 3314 3534 3473 3589; x_wconf 86' lang='lat' dir='ltr'>vobis</span> <span class='ocrx_word' id='word_1_629' title='bbox 3500 3537 3792 3608; x_wconf 86' lang='lat' dir='ltr'>expediret</span> <span class='ocrx_word' id='word_1_630' title='bbox 3823 3545 3888 3595; x_wconf 90' lang='lat' dir='ltr'>ut</span> 
     </span>
    </p>
   </div>
   <div class='ocr_carea' id='block_1_94' title="bbox 2253 3609 3888 3698">
    <p class='ocr_par' dir='ltr' id='par_1_94' title="bbox 2253 3609 3888 3698">
     <span class='ocr_line' id='line_1_95' title="bbox 2253 3609 3888 3698; baseline 0.013 -36"><span class='ocrx_word' id='word_1_631' title='bbox 2253 3609 2406 3681; x_wconf 88' lang='lat' dir='ltr'>quod</span> <span class='ocrx_word' id='word_1_632' title='bbox 2429 3626 2543 3665; x_wconf 87' lang='lat' dir='ltr'>uno</span> <span class='ocrx_word' id='word_1_633' title='bbox 2567 3612 2625 3665; x_wconf 92' lang='lat' dir='ltr'>in</span> <span class='ocrx_word' id='word_1_634' title='bbox 2644 3616 2863 3683; x_wconf 90' lang='lat' dir='ltr'>septem</span> <span class='ocrx_word' id='word_1_635' title='bbox 2878 3613 3084 3671; x_wconf 86' lang='lat' dir='ltr'>diebus</span> <span class='ocrx_word' id='word_1_636' title='bbox 3106 3616 3325 3673; x_wconf 86' lang='lat' dir='ltr'>faciunt</span> <span class='ocrx_word' id='word_1_637' title='bbox 3344 3620 3547 3691; x_wconf 78' lang='lat' dir='ltr'>Judaei,</span> <span class='ocrx_word' id='word_1_638' title='bbox 3576 3641 3677 3680; x_wconf 90' lang='lat' dir='ltr'>vos</span> <span class='ocrx_word' id='word_1_639' title='bbox 3696 3628 3888 3698; x_wconf 91' lang='lat' dir='ltr'>quoti-</span> 
     </span>
    </p>
   </div>
   <div class='ocr_carea' id='block_1_95' title="bbox 2255 3699 3888 3782">
    <p class='ocr_par' dir='ltr' id='par_1_95' title="bbox 2255 3699 3888 3782">
     <span class='ocr_line' id='line_1_96' title="bbox 2255 3699 3888 3782; baseline 0.012 -29"><span class='ocrx_word' id='word_1_640' title='bbox 2255 3699 2347 3754; x_wconf 93' lang='lat' dir='ltr'>die</span> <span class='ocrx_word' id='word_1_641' title='bbox 2370 3700 2711 3765; x_wconf 83' lang='lat' dir='ltr'>faceretis,et</span> <span class='ocrx_word' id='word_1_642' title='bbox 2735 3719 2768 3755; x_wconf 89' lang='lat' dir='ltr'>a</span> <span class='ocrx_word' id='word_1_643' title='bbox 2783 3702 2882 3756; x_wconf 89' lang='lat' dir='ltr'>tali</span> <span class='ocrx_word' id='word_1_644' title='bbox 2908 3703 3080 3759; x_wconf 88' lang='lat' dir='ltr'>etiam</span> <span class='ocrx_word' id='word_1_645' title='bbox 3103 3706 3420 3765; x_wconf 88' lang='lat' dir='ltr'>domestico</span> <span class='ocrx_word' id='word_1_646' title='bbox 3440 3728 3610 3782; x_wconf 84' lang='lat' dir='ltr'>opere</span> <span class='ocrx_word' id='word_1_647' title='bbox 3633 3730 3888 3772; x_wconf 81' lang='lat' dir='ltr'>cessare-</span> 
     </span>
    </p>
   </div>
   <div class='ocr_carea' id='block_1_96' title="bbox 2257 3788 3890 3868">
    <p class='ocr_par' dir='ltr' id='par_1_96' title="bbox 2257 3788 3890 3868">
     <span class='ocr_line' id='line_1_97' title="bbox 2257 3788 3890 3868; baseline 0.012 -27"><span class='ocrx_word' id='word_1_648' title='bbox 2257 3788 2349 3843; x_wconf 83' lang='lat' dir='ltr'>lis.</span> <span class='ocrx_word' id='word_1_649' title='bbox 2382 3788 2513 3843; x_wconf 90' lang='lat' dir='ltr'>Jam</span> <span class='ocrx_word' id='word_1_650' title='bbox 2541 3790 2674 3860; x_wconf 89' lang='lat' dir='ltr'>quid</span> <span class='ocrx_word' id='word_1_651' title='bbox 2708 3789 2841 3862; x_wconf 88' lang='lat' dir='ltr'>igne</span> <span class='ocrx_word' id='word_1_652' title='bbox 2862 3794 3172 3850; x_wconf 66' lang='lat' dir='ltr'>cucurbitae</span> <span class='ocrx_word' id='word_1_653' title='bbox 3221 3798 3543 3868; x_wconf 91' lang='lat' dir='ltr'>patiuntur,</span> <span class='ocrx_word' id='word_1_654' title='bbox 3598 3803 3693 3857; x_wconf 92' lang='lat' dir='ltr'>ubi</span> <span class='ocrx_word' id='word_1_655' title='bbox 3737 3809 3890 3861; x_wconf 88' lang='lat' dir='ltr'>certe</span> 
     </span>
    </p>
   </div>
   <div class='ocr_carea' id='block_1_97' title="bbox 2258 3879 3892 3953">
    <p class='ocr_par' dir='ltr' id='par_1_97' title="bbox 2258 3879 3892 3953">
     <span class='ocr_line' id='line_1_98' title="bbox 2258 3879 3892 3953; baseline 0.009 -19"><span class='ocrx_word' id='word_1_656' title='bbox 2258 3895 2371 3934; x_wconf 88' lang='lat' dir='ltr'>non</span> <span class='ocrx_word' id='word_1_657' title='bbox 2403 3879 2756 3933; x_wconf 80' lang='lat' dir='ltr'>reformatur</span> <span class='ocrx_word' id='word_1_658' title='bbox 2784 3880 2918 3947; x_wconf 90' lang='lat' dir='ltr'>vita,</span> <span class='ocrx_word' id='word_1_659' title='bbox 2954 3899 3077 3953; x_wconf 66' lang='lat' dir='ltr'>qua:</span> <span class='ocrx_word' id='word_1_660' title='bbox 3108 3883 3165 3938; x_wconf 91' lang='lat' dir='ltr'>in</span> <span class='ocrx_word' id='word_1_661' title='bbox 3197 3886 3281 3940; x_wconf 93' lang='lat' dir='ltr'>eis</span> <span class='ocrx_word' id='word_1_662' title='bbox 3301 3888 3434 3941; x_wconf 83' lang='lat' dir='ltr'>est?</span> <span class='ocrx_word' id='word_1_663' title='bbox 3457 3889 3579 3945; x_wconf 91' lang='lat' dir='ltr'>Non</span> <span class='ocrx_word' id='word_1_664' title='bbox 3602 3891 3755 3947; x_wconf 91' lang='lat' dir='ltr'>enim</span> <span class='ocrx_word' id='word_1_665' title='bbox 3782 3894 3892 3948; x_wconf 85' lang='lat' dir='ltr'>fer-</span> 
     </span>
    </p>
   </div>
   <div class='ocr_carea' id='block_1_98' title="bbox 2260 3967 3892 4048">
    <p class='ocr_par' dir='ltr' id='par_1_98' title="bbox 2260 3967 3892 4048">
     <span class='ocr_line' id='line_1_99' title="bbox 2260 3967 3892 4048; baseline 0.01 -26"><span class='ocrx_word' id='word_1_666' title='bbox 2260 3984 2399 4023; x_wconf 91' lang='lat' dir='ltr'>vens</span> <span class='ocrx_word' id='word_1_667' title='bbox 2430 3967 2545 4022; x_wconf 90' lang='lat' dir='ltr'>olla</span> <span class='ocrx_word' id='word_1_668' title='bbox 2573 3974 2774 4023; x_wconf 90' lang='lat' dir='ltr'>sancto</span> <span class='ocrx_word' id='word_1_669' title='bbox 2804 3971 2986 4025; x_wconf 85' lang='lat' dir='ltr'>ventri</span> <span class='ocrx_word' id='word_1_670' title='bbox 3020 3976 3345 4044; x_wconf 89' lang='lat' dir='ltr'>comparari</span> <span class='ocrx_word' id='word_1_671' title='bbox 3368 3982 3591 4048; x_wconf 90' lang='lat' dir='ltr'>potest:</span> <span class='ocrx_word' id='word_1_672' title='bbox 3623 3985 3678 4035; x_wconf 91' lang='lat' dir='ltr'>et</span> <span class='ocrx_word' id='word_1_673' title='bbox 3697 3986 3892 4038; x_wconf 91' lang='lat' dir='ltr'>tamen</span> 
     </span>
    </p>
   </div>
   <div class='ocr_carea' id='block_1_99' title="bbox 2261 4057 3894 4131">
    <p class='ocr_par' dir='ltr' id='par_1_99' title="bbox 2261 4057 3894 4131">
     <span class='ocr_line' id='line_1_100' title="bbox 2261 4057 3894 4131; baseline 0.01 -21"><span class='ocrx_word' id='word_1_674' title='bbox 2261 4057 2537 4126; x_wconf 88' lang='lat' dir='ltr'>irridetis,</span> <span class='ocrx_word' id='word_1_675' title='bbox 2561 4062 2838 4129; x_wconf 88' lang='lat' dir='ltr'>tanquam</span> <span class='ocrx_word' id='word_1_676' title='bbox 2855 4061 3207 4131; x_wconf 88' lang='lat' dir='ltr'>superfluam</span> <span class='ocrx_word' id='word_1_677' title='bbox 3233 4064 3455 4119; x_wconf 84' lang='lat' dir='ltr'>sabbati</span> <span class='ocrx_word' id='word_1_678' title='bbox 3489 4070 3894 4126; x_wconf 86' lang='lat' dir='ltr'>cessationem.</span> 
     </span>
    </p>
   </div>
   <div class='ocr_carea' id='block_1_100' title="bbox 2263 4144 3894 4231">
    <p class='ocr_par' dir='ltr' id='par_1_100' title="bbox 2263 4144 3894 4231">
     <span class='ocr_line' id='line_1_101' title="bbox 2263 4144 3894 4231; baseline 0.01 -32"><span class='ocrx_word' id='word_1_679' title='bbox 2263 4146 2487 4209; x_wconf 85' lang='lat' dir='ltr'>Quanto</span> <span class='ocrx_word' id='word_1_680' title='bbox 2518 4144 2719 4216; x_wconf 90' lang='lat' dir='ltr'>utique</span> <span class='ocrx_word' id='word_1_681' title='bbox 2748 4147 2969 4215; x_wconf 88' lang='lat' dir='ltr'>sanius,</span> <span class='ocrx_word' id='word_1_682' title='bbox 3004 4166 3117 4204; x_wconf 92' lang='lat' dir='ltr'>non</span> <span class='ocrx_word' id='word_1_683' title='bbox 3164 4151 3354 4207; x_wconf 87' lang='lat' dir='ltr'>solum</span> <span class='ocrx_word' id='word_1_684' title='bbox 3394 4170 3521 4210; x_wconf 89' lang='lat' dir='ltr'>eam</span> <span class='ocrx_word' id='word_1_685' title='bbox 3556 4173 3669 4213; x_wconf 91' lang='lat' dir='ltr'>non</span> <span class='ocrx_word' id='word_1_686' title='bbox 3696 4176 3894 4231; x_wconf 90' lang='lat' dir='ltr'>repre-</span> 
     </span>
    </p>
   </div>
   <div class='ocr_carea' id='block_1_101' title="bbox 2265 4234 3897 4317">
    <p class='ocr_par' dir='ltr' id='par_1_101' title="bbox 2265 4234 3897 4317">
     <span class='ocr_line' id='line_1_102' title="bbox 2265 4234 3897 4317; baseline 0.009 -29"><span class='ocrx_word' id='word_1_687' title='bbox 2265 4235 2596 4289; x_wconf 87' lang='lat' dir='ltr'>henderetis</span> <span class='ocrx_word' id='word_1_688' title='bbox 2626 4234 2684 4288; x_wconf 92' lang='lat' dir='ltr'>in</span> <span class='ocrx_word' id='word_1_689' title='bbox 2716 4234 3002 4302; x_wconf 86' lang='lat' dir='ltr'>Patribus,</span> <span class='ocrx_word' id='word_1_690' title='bbox 3037 4242 3270 4309; x_wconf 86' lang='lat' dir='ltr'>quando</span> <span class='ocrx_word' id='word_1_691' title='bbox 3300 4243 3594 4314; x_wconf 84' lang='lat' dir='ltr'>superflua</span> <span class='ocrx_word' id='word_1_692' title='bbox 3615 4263 3729 4302; x_wconf 88' lang='lat' dir='ltr'>non</span> <span class='ocrx_word' id='word_1_693' title='bbox 3756 4248 3897 4317; x_wconf 79' lang='lat' dir='ltr'>fuit;</span> 
     </span>
    </p>
   </div>
   <div class='ocr_carea' id='block_1_102' title="bbox 2262 4324 3897 4407">
    <p class='ocr_par' dir='ltr' id='par_1_102' title="bbox 2262 4324 3897 4407">
     <span class='ocr_line' id='line_1_103' title="bbox 2262 4324 3897 4407; baseline 0.009 -28"><span class='ocrx_word' id='word_1_694' title='bbox 2262 4324 2367 4379; x_wconf 91' lang='lat' dir='ltr'>sed</span> <span class='ocrx_word' id='word_1_695' title='bbox 2402 4326 2576 4377; x_wconf 87' lang='lat' dir='ltr'>etiam</span> <span class='ocrx_word' id='word_1_696' title='bbox 2610 4340 2786 4391; x_wconf 89' lang='lat' dir='ltr'>nunc,</span> <span class='ocrx_word' id='word_1_697' title='bbox 2819 4326 3050 4395; x_wconf 90' lang='lat' dir='ltr'>quando</span> <span class='ocrx_word' id='word_1_698' title='bbox 3073 4327 3197 4396; x_wconf 79' lang='lat' dir='ltr'>jam</span> <span class='ocrx_word' id='word_1_699' title='bbox 3231 4335 3524 4402; x_wconf 86' lang='lat' dir='ltr'>superﬂua</span> <span class='ocrx_word' id='word_1_700' title='bbox 3552 4339 3659 4400; x_wconf 88' lang='lat' dir='ltr'>est,</span> <span class='ocrx_word' id='word_1_701' title='bbox 3708 4335 3897 4407; x_wconf 89' lang='lat' dir='ltr'>ipsam</span> 
     </span>
    </p>
   </div>
   <div class='ocr_carea' id='block_1_103' title="bbox 2269 4411 3902 4496">
    <p class='ocr_par' dir='ltr' id='par_1_103' title="bbox 2269 4411 3902 4496">
     <span class='ocr_line' id='line_1_104' title="bbox 2269 4411 3902 4496; baseline 0.01 -29"><span class='ocrx_word' id='word_1_702' title='bbox 2269 4411 2462 4485; x_wconf 89' lang='lat' dir='ltr'>potius</span> <span class='ocrx_word' id='word_1_703' title='bbox 2493 4413 2786 4483; x_wconf 91' lang='lat' dir='ltr'>teneretis,</span> <span class='ocrx_word' id='word_1_704' title='bbox 2815 4430 2987 4484; x_wconf 88' lang='lat' dir='ltr'>quam</span> <span class='ocrx_word' id='word_1_705' title='bbox 3010 4415 3182 4469; x_wconf 89' lang='lat' dir='ltr'>istam</span> <span class='ocrx_word' id='word_1_706' title='bbox 3200 4423 3450 4474; x_wconf 88' lang='lat' dir='ltr'>vestram</span> <span class='ocrx_word' id='word_1_707' title='bbox 3471 4439 3582 4477; x_wconf 90' lang='lat' dir='ltr'>non</span> <span class='ocrx_word' id='word_1_708' title='bbox 3607 4423 3902 4496; x_wconf 84' lang='lat' dir='ltr'>signiﬁca-</span> 
     </span>
    </p>
   </div>
   <div class='ocr_carea' id='block_1_104' title="bbox 2268 4500 3901 4585">
    <p class='ocr_par' dir='ltr' id='par_1_104' title="bbox 2268 4500 3901 4585">
     <span class='ocr_line' id='line_1_105' title="bbox 2268 4500 3901 4585; baseline 0.005 -30"><span class='ocrx_word' id='word_1_709' title='bbox 2268 4502 2423 4556; x_wconf 89' lang='lat' dir='ltr'>tione</span> <span class='ocrx_word' id='word_1_710' title='bbox 2454 4500 2890 4572; x_wconf 89' lang='lat' dir='ltr'>acceptabilem,</span> <span class='ocrx_word' id='word_1_711' title='bbox 2924 4504 3023 4558; x_wconf 91' lang='lat' dir='ltr'>sed</span> <span class='ocrx_word' id='word_1_712' title='bbox 3056 4522 3248 4561; x_wconf 90' lang='lat' dir='ltr'>errore</span> <span class='ocrx_word' id='word_1_713' title='bbox 3264 4508 3658 4567; x_wconf 90' lang='lat' dir='ltr'>damnabilem</span> <span class='ocrx_word' id='word_1_714' title='bbox 3684 4530 3698 4581; x_wconf 85' lang='lat'><strong>;</strong></span> <span class='ocrx_word' id='word_1_715' title='bbox 3724 4531 3901 4585; x_wconf 82' lang='lat' dir='ltr'>quam</span> 
     </span>
    </p>
   </div>
   <div class='ocr_carea' id='block_1_105' title="bbox 2270 4589 3913 4673">
    <p class='ocr_par' dir='ltr' id='par_1_105' title="bbox 2270 4589 3913 4673">
     <span class='ocr_line' id='line_1_106' title="bbox 2270 4589 3913 4673; baseline 0.009 -29"><span class='ocrx_word' id='word_1_716' title='bbox 2270 4589 2445 4645; x_wconf 90' lang='lat' dir='ltr'>etiam</span> <span class='ocrx_word' id='word_1_717' title='bbox 2480 4606 2594 4644; x_wconf 91' lang='lat' dir='ltr'>non</span> <span class='ocrx_word' id='word_1_718' title='bbox 2626 4589 2923 4661; x_wconf 91' lang='lat' dir='ltr'>implendo</span> <span class='ocrx_word' id='word_1_719' title='bbox 2954 4592 3035 4647; x_wconf 89' lang='lat' dir='ltr'>rei</span> <span class='ocrx_word' id='word_1_720' title='bbox 3069 4594 3211 4649; x_wconf 91' lang='lat' dir='ltr'>estis</span> <span class='ocrx_word' id='word_1_721' title='bbox 3234 4598 3556 4655; x_wconf 88' lang='lat' dir='ltr'>secundum</span> <span class='ocrx_word' id='word_1_722' title='bbox 3576 4602 3913 4673; x_wconf 88' lang='lat' dir='ltr'>opinionem</span> 
     </span>
    </p>
   </div>
   <div class='ocr_carea' id='block_1_106' title="bbox 2271 4679 3914 4761">
    <p class='ocr_par' dir='ltr' id='par_1_106' title="bbox 2271 4679 3914 4761">
     <span class='ocr_line' id='line_1_107' title="bbox 2271 4679 3914 4761; baseline 0.01 -29"><span class='ocrx_word' id='word_1_723' title='bbox 2271 4686 2470 4734; x_wconf 74' lang='lat' dir='ltr'>vestrae</span> <span class='ocrx_word' id='word_1_724' title='bbox 2493 4679 2787 4745; x_wconf 86' lang='lat' dir='ltr'>vanitatis,</span> <span class='ocrx_word' id='word_1_725' title='bbox 2812 4684 2868 4734; x_wconf 93' lang='lat' dir='ltr'>et</span> <span class='ocrx_word' id='word_1_726' title='bbox 2887 4679 3185 4753; x_wconf 89' lang='lat' dir='ltr'>implendo</span> <span class='ocrx_word' id='word_1_727' title='bbox 3207 4685 3370 4740; x_wconf 67' lang='lat' dir='ltr'>vani‘</span> <span class='ocrx_word' id='word_1_728' title='bbox 3399 4690 3719 4745; x_wconf 88' lang='lat' dir='ltr'>secundum</span> <span class='ocrx_word' id='word_1_729' title='bbox 3743 4692 3914 4761; x_wconf 83' lang='lat' dir='ltr'>judi-</span> 
     </span>
    </p>
   </div>
   <div class='ocr_carea' id='block_1_107' title="bbox 2273 4767 3909 4849">
    <p class='ocr_par' dir='ltr' id='par_1_107' title="bbox 2273 4767 3909 4849">
     <span class='ocr_line' id='line_1_108' title="bbox 2273 4767 3909 4849; baseline 0.009 -27"><span class='ocrx_word' id='word_1_730' title='bbox 2273 4768 2427 4823; x_wconf 92' lang='lat' dir='ltr'>cium</span> <span class='ocrx_word' id='word_1_731' title='bbox 2451 4767 2933 4825; x_wconf 89' lang='lat' dir='ltr'>veritatis?dicitis</span> <span class='ocrx_word' id='word_1_732' title='bbox 2956 4770 3111 4827; x_wconf 90' lang='lat' dir='ltr'>enim</span> <span class='ocrx_word' id='word_1_733' title='bbox 3127 4771 3382 4831; x_wconf 89' lang='lat' dir='ltr'>dolorem</span> <span class='ocrx_word' id='word_1_734' title='bbox 3400 4777 3613 4833; x_wconf 86' lang='lat' dir='ltr'>sentire</span> <span class='ocrx_word' id='word_1_735' title='bbox 3633 4779 3909 4849; x_wconf 85' lang='lat' dir='ltr'>fructum,</span> 
     </span>
    </p>
   </div>
   <div class='ocr_carea' id='block_1_108' title="bbox 2274 4857 3911 4937">
    <p class='ocr_par' dir='ltr' id='par_1_108' title="bbox 2274 4857 3911 4937">
     <span class='ocr_line' id='line_1_109' title="bbox 2274 4857 3911 4937; baseline 0.008 -27"><span class='ocrx_word' id='word_1_736' title='bbox 2274 4872 2407 4911; x_wconf 91' lang='lat' dir='ltr'>cum</span> <span class='ocrx_word' id='word_1_737' title='bbox 2441 4857 2511 4912; x_wconf 90' lang='lat' dir='ltr'>de</span> <span class='ocrx_word' id='word_1_738' title='bbox 2540 4857 2743 4913; x_wconf 90' lang='lat' dir='ltr'>arbore</span> <span class='ocrx_word' id='word_1_739' title='bbox 2789 4857 3067 4930; x_wconf 86' lang='lat' dir='ltr'>carpitur,</span> <span class='ocrx_word' id='word_1_740' title='bbox 3123 4863 3340 4919; x_wconf 89' lang='lat' dir='ltr'>sentire</span> <span class='ocrx_word' id='word_1_741' title='bbox 3383 4882 3514 4920; x_wconf 90' lang='lat' dir='ltr'>cum</span> <span class='ocrx_word' id='word_1_742' title='bbox 3565 4868 3911 4937; x_wconf 89' lang='lat' dir='ltr'>conciditur,</span> 
     </span>
    </p>
   </div>
   <div class='ocr_carea' id='block_1_109' title="bbox 2277 4946 3914 5019">
    <p class='ocr_par' dir='ltr' id='par_1_109' title="bbox 2277 4946 3914 5019">
     <span class='ocr_line' id='line_1_110' title="bbox 2277 4946 3914 5019; baseline 0.007 -17"><span class='ocrx_word' id='word_1_743' title='bbox 2277 4963 2410 5002; x_wconf 89' lang='lat' dir='ltr'>cum</span> <span class='ocrx_word' id='word_1_744' title='bbox 2442 4946 2666 5015; x_wconf 89' lang='lat' dir='ltr'>teritur,</span> <span class='ocrx_word' id='word_1_745' title='bbox 2720 4962 2853 5001; x_wconf 89' lang='lat' dir='ltr'>cum</span> <span class='ocrx_word' id='word_1_746' title='bbox 2897 4949 3189 5019; x_wconf 91' lang='lat' dir='ltr'>coquitur,</span> <span class='ocrx_word' id='word_1_747' title='bbox 3235 4967 3369 5007; x_wconf 89' lang='lat' dir='ltr'>cum</span> <span class='ocrx_word' id='word_1_748' title='bbox 3420 4956 3738 5011; x_wconf 88' lang='lat' dir='ltr'>manditur.</span> <span class='ocrx_word' id='word_1_749' title='bbox 3788 4958 3914 5015; x_wconf 88' lang='lat' dir='ltr'>Non</span> 
     </span>
    </p>
   </div>
   <div class='ocr_carea' id='block_1_110' title="bbox 2279 5034 3916 5113">
    <p class='ocr_par' dir='ltr' id='par_1_110' title="bbox 2279 5034 3916 5113">
     <span class='ocr_line' id='line_1_111' title="bbox 2279 5034 3916 5113; baseline 0.009 -24"><span class='ocrx_word' id='word_1_750' title='bbox 2279 5051 2413 5107; x_wconf 88' lang='lat' dir='ltr'>ergo</span> <span class='ocrx_word' id='word_1_751' title='bbox 2444 5034 2731 5089; x_wconf 89' lang='lat' dir='ltr'>debuistis</span> <span class='ocrx_word' id='word_1_752' title='bbox 2759 5036 2936 5103; x_wconf 89' lang='lat' dir='ltr'>vesci,</span> <span class='ocrx_word' id='word_1_753' title='bbox 2978 5036 3088 5092; x_wconf 92' lang='lat' dir='ltr'>nisi</span> <span class='ocrx_word' id='word_1_754' title='bbox 3117 5038 3200 5094; x_wconf 90' lang='lat' dir='ltr'>eis</span> <span class='ocrx_word' id='word_1_755' title='bbox 3231 5058 3359 5113; x_wconf 73' lang='lat' dir='ltr'>quae</span> <span class='ocrx_word' id='word_1_756' title='bbox 3407 5044 3588 5099; x_wconf 90' lang='lat' dir='ltr'>cruda</span> <span class='ocrx_word' id='word_1_757' title='bbox 3635 5050 3691 5100; x_wconf 93' lang='lat' dir='ltr'>et</span> <span class='ocrx_word' id='word_1_758' title='bbox 3732 5046 3916 5103; x_wconf 54' lang='lat' dir='ltr'>illaesa</span> 
     </span>
    </p>
   </div>
   <div class='ocr_carea' id='block_1_111' title="bbox 2280 5126 3917 5196">
    <p class='ocr_par' dir='ltr' id='par_1_111' title="bbox 2280 5126 3917 5196">
     <span class='ocr_line' id='line_1_112' title="bbox 2280 5126 3917 5196; baseline 0.008 -18"><span class='ocrx_word' id='word_1_759' title='bbox 2280 5128 2527 5196; x_wconf 88' lang='lat' dir='ltr'>possunt</span> <span class='ocrx_word' id='word_1_760' title='bbox 2557 5126 2925 5195; x_wconf 89' lang='lat' dir='ltr'>lransvorari,</span> <span class='ocrx_word' id='word_1_761' title='bbox 2959 5131 3023 5181; x_wconf 91' lang='lat' dir='ltr'>ut</span> <span class='ocrx_word' id='word_1_762' title='bbox 3052 5144 3232 5183; x_wconf 91' lang='lat' dir='ltr'>unum</span> <span class='ocrx_word' id='word_1_763' title='bbox 3267 5130 3469 5185; x_wconf 89' lang='lat' dir='ltr'>saltem</span> <span class='ocrx_word' id='word_1_764' title='bbox 3504 5132 3757 5189; x_wconf 91' lang='lat' dir='ltr'>dolorem</span> <span class='ocrx_word' id='word_1_765' title='bbox 3782 5152 3917 5192; x_wconf 87' lang='lat' dir='ltr'>cum</span> 
     </span>
    </p>
   </div>
   <div class='ocr_carea' id='block_1_112' title="bbox 2280 5215 3919 5285">
    <p class='ocr_par' dir='ltr' id='par_1_112' title="bbox 2280 5215 3919 5285">
     <span class='ocr_line' id='line_1_113' title="bbox 2280 5215 3919 5285; baseline 0.007 -16"><span class='ocrx_word' id='word_1_766' title='bbox 2280 5215 2691 5285; x_wconf 88' lang='lat' dir='ltr'>decerpuntur,</span> <span class='ocrx_word' id='word_1_767' title='bbox 2724 5230 2839 5269; x_wconf 91' lang='lat' dir='ltr'>non</span> <span class='ocrx_word' id='word_1_768' title='bbox 2866 5231 2899 5269; x_wconf 89' lang='lat' dir='ltr'>a</span> <span class='ocrx_word' id='word_1_769' title='bbox 2928 5216 3111 5283; x_wconf 89' lang='lat' dir='ltr'>vobis,</span> <span class='ocrx_word' id='word_1_770' title='bbox 3134 5218 3233 5273; x_wconf 90' lang='lat' dir='ltr'>sed</span> <span class='ocrx_word' id='word_1_771' title='bbox 3262 5220 3517 5276; x_wconf 88' lang='lat' dir='ltr'>avestris</span> <span class='ocrx_word' id='word_1_772' title='bbox 3538 5221 3919 5281; x_wconf 86' lang='lat' dir='ltr'>Auditoribus</span> 
     </span>
    </p>
   </div>
   <div class='ocr_carea' id='block_1_113' title="bbox 2284 5306 2638 5374">
    <p class='ocr_par' dir='ltr' id='par_1_113' title="bbox 2284 5306 2638 5374">
     <span class='ocr_line' id='line_1_114' title="bbox 2284 5306 2638 5374; baseline -0.003 -17"><span class='ocrx_word' id='word_1_773' title='bbox 2284 5306 2638 5374; x_wconf 88' lang='lat' dir='ltr'>paterentur.</span> 
     </span>
    </p>
   </div>
   <div class='ocr_carea' id='block_1_114' title="bbox 2353 5390 3922 5474">
    <p class='ocr_par' dir='ltr' id='par_1_114' title="bbox 2353 5390 3922 5474">
     <span class='ocr_line' id='line_1_115' title="bbox 2353 5390 3922 5474; baseline 0.008 -28"><span class='ocrx_word' id='word_1_774' title='bbox 2353 5391 2460 5446; x_wconf 85' lang='lat' dir='ltr'>Sed</span> <span class='ocrx_word' id='word_1_775' title='bbox 2494 5390 2715 5447; x_wconf 87' lang='lat' dir='ltr'>dicitis:</span> <span class='ocrx_word' id='word_1_776' title='bbox 2740 5392 3037 5455; x_wconf 86' lang='lat' dir='ltr'>Quomodo</span> <span class='ocrx_word' id='word_1_777' title='bbox 3064 5396 3440 5452; x_wconf 88' lang='lat' dir='ltr'>subvenimus</span> <span class='ocrx_word' id='word_1_778' title='bbox 3462 5402 3634 5454; x_wconf 68' lang='lat' dir='ltr'>tantae</span> <span class='ocrx_word' id='word_1_779' title='bbox 3678 5402 3824 5474; x_wconf 67' lang='lat' dir='ltr'>vitae,</span> <span class='ocrx_word' id='word_1_780' title='bbox 3872 5402 3922 5459; x_wconf 85' lang='lat' dir='ltr'>si</span> 
     </span>
    </p>
   </div>
   <div class='ocr_carea' id='block_1_115' title="bbox 2289 5695 3924 5828">
    <p class='ocr_par' dir='ltr' id='par_1_115' title="bbox 2289 5695 3924 5828">
     <span class='ocr_line' id='line_1_116' title="bbox 2289 5695 3924 5828; baseline 0.009 -86"><span class='ocrx_word' id='word_1_781' title='bbox 2289 5696 2634 5828; x_wconf 48' lang='lat' dir='ltr'>imipémioEr.</span> <span class='ocrx_word' id='word_1_782' title='bbox 2664 5699 2718 5745; x_wconf 85' lang='lat' dir='ltr'>et</span> <span class='ocrx_word' id='word_1_783' title='bbox 2746 5695 2985 5758; x_wconf 81' lang='lat' dir='ltr'>plerique</span> <span class='ocrx_word' id='word_1_784' title='bbox 3018 5696 3155 5757; x_wconf 66' lang='lat' dir='ltr'>Mss,</span> <span class='ocrx_word' id='word_1_785' title='bbox 3200 5702 3247 5749; x_wconf 82' lang='lat' dir='ltr'>et</span> <span class='ocrx_word' id='word_1_786' title='bbox 3293 5704 3451 5767; x_wconf 83' lang='lat' dir='ltr'>vani;</span> <span class='ocrx_word' id='word_1_787' title='bbox 3498 5704 3695 5757; x_wconf 89' lang='lat' dir='ltr'>omisso</span> <span class='ocrx_word' id='word_1_788' title='bbox 3740 5706 3924 5765; x_wconf 85' lang='lat' dir='ltr'>verbo,</span> 
     </span>
     <span class='ocr_line' id='line_1_117' title="bbox 2404 5782 2562 5809; baseline 0.013 -4"><span class='ocrx_word' id='word_1_789' title='bbox 2404 5798 2405 5805; x_wconf 56' lang='grc' dir='ltr'><strong>η</strong></span> <span class='ocrx_word' id='word_1_790' title='bbox 2448 5782 2493 5809; x_wconf 59' lang='grc' dir='ltr'>Α(</span> <span class='ocrx_word' id='word_1_791' title='bbox 2551 5795 2562 5807; x_wconf 76' lang='grc' dir='ltr'><strong><em>ο</em></strong></span> 
     </span>
    </p>
   </div>
   <div class='ocr_carea' id='block_1_116' title="bbox 2404 5782 2562 5809">
    <p class='ocr_par' dir='ltr' id='par_1_116' title="bbox 2404 5782 2562 5809">
     <span class='ocr_line' id='line_1_118' title="bbox 2404 5782 2562 5809; baseline -0.013 0"><span class='ocrx_word' id='word_1_792' title='bbox 2404 5782 2562 5809; x_wconf 59' lang='grc' dir='ltr'>ηέιὶυυ.</span> 
     </span>
    </p>
   </div>
  </div>
