4638 6518
485 335 588 396 237

481 485 527 537 ιι,
558 469 623 536 ι),
657 469 778 521 tam
811 465 891 521 rei
923 469 1119 522 essent
1149 457 1308 520 illius
1340 463 1619 536 temporis
1651 467 1707 520 et
1726 464 1882 520 illius
1908 463 2111 537 populi

481 555 753 625 homines,
773 556 821 610 si
841 556 1145 612 observare
1167 559 1626 625 contemnerent,
1651 554 1886 626 quando
1905 552 1987 608 sic
2013 551 2115 606 illa

482 646 616 712 ﬁeri,
640 645 750 700 ista
772 661 901 717 quae
924 661 1076 700 nunc
1102 643 1350 700 revelata
1373 648 1530 710 sunt,
1558 647 1697 699 tunc
1729 643 1811 698 sic
1841 657 2111 714 praenun-

483 734 599 790 tiari
634 734 970 805 oportebat;
1012 750 1186 806 quam
1223 750 1329 789 nos
1361 733 1713 804 desipientes
1745 747 2029 800 essemus,
2063 728 2113 784 si

482 839 624 878 nunc
645 823 769 893 jam
805 822 1115 877 manifesto
1163 821 1319 876 Novo
1370 822 1764 891 Testamento,
1805 819 1936 874 illas
1967 834 2110 890 prie-

484 911 828 966 nuntiativas
842 908 1522 983 observationes,aliquid
1538 910 1706 964 nobis
1721 909 1994 980 prodesse
2010 924 2112 979 pu-

483 1008 749 1057 taremus.
785 999 947 1056 Sicut
978 999 1250 1071 sacnilegi
1281 1003 1337 1053 et
1366 999 1552 1070 impii,
1587 997 1635 1053 si
1657 998 1889 1053 eosdem
1916 997 2112 1052 Libros

483 1091 570 1163 qui
598 1093 832 1162 propter
861 1107 969 1146 nos
998 1089 1201 1161 scripti
1252 1094 1407 1157 sunt,
1442 1092 1508 1144 ut
1538 1105 1605 1144 ea
1634 1105 1760 1160 quae
1785 1089 1908 1158 jam
1943 1087 2112 1142 nobis

482 1179 720 1235 revelata
744 1185 802 1234 et
820 1179 878 1234 in
908 1178 1377 1234 manifestatione
1401 1176 1748 1232 annuntiata
1769 1179 1924 1244 sunt,
1947 1179 2112 1232 tanto

481 1274 601 1324 ante
628 1268 745 1324 illis
769 1268 973 1342 ﬁguris
993 1267 1382 1340 praenuntiata
1403 1270 1840 1339 cognoscentes,
1868 1263 2114 1320 ﬁdeliter

478 1364 530 1415 et
551 1359 794 1414 ﬁrmiter
815 1363 1170 1427 teneremus,
1196 1356 1323 1412 ideo
1349 1359 1688 1429 putaremus
1729 1354 2109 1426 abjiciendos,

478 1449 604 1520 quia
624 1465 693 1504 ea
714 1464 842 1520 quae
866 1447 944 1502 ibi
968 1446 1187 1517 scripta
1209 1450 1365 1516 sunt,
1391 1462 1504 1500 non
1522 1445 1643 1514 jam
1661 1445 1966 1500 observare
1983 1460 2107 1498 cor-

478 1536 763 1610 poraliter,
794 1537 894 1592 sed
931 1534 1256 1608 intelligere
1280 1539 1337 1590 et
1378 1534 1562 1590 facere
1593 1533 1972 1606 spiritualiter
2003 1547 2110 1588 nos

476 1626 752 1682 Dominus
771 1626 955 1696 jubet.
983 1624 1192 1696 Scripta
1212 1632 1340 1678 sunt
1355 1623 1511 1678 enim
1531 1626 1746 1694 propter
1764 1639 1878 1686 nos,
1904 1624 1960 1677 in
1981 1637 2110 1694 quos

475 1718 593 1786 ﬁnis
611 1716 941 1773 saeculorum
963 1716 1194 1780 obvenit,
1222 1714 1374 1769 sicut
1394 1713 1533 1768 item
1554 1713 1696 1767 dicit
1713 1712 1864 1767 idem
1884 1716 2111 1783 aposto-

477 1809 561 1860 lus
591 1806 635 1875 (I
672 1805 790 1860 Cor.
823 1822 877 1872 x,
915 1804 1024 1875 11).
1076 1803 1287 1858 Omnia
1343 1802 1496 1856 enim
1557 1817 1685 1873 quae
1729 1807 1862 1856 ante
1890 1801 2111 1872 scripta

476 1899 624 1962 sunt,
660 1899 727 1948 ut
755 1911 861 1949 nos
894 1894 1240 1948 doceremur
1268 1891 1489 1963 scripta
1537 1895 1675 1946 sunt
1705 1892 1877 1963 (Rom.
1905 1907 1996 1958 xv,
2029 1891 2106 1958 4).

475 1985 971 2056 Quapropter,non
989 1982 1342 2036 manducare
1353 1996 1620 2053 azymum
1636 1996 1736 2052 per
1752 1984 2004 2035 statutos
2019 1995 2108 2034 se-

474 2078 620 2146 ptem
656 2073 784 2128 dies
812 2071 1004 2144 (Exod.
1057 2087 1160 2138 xxx,
1202 2071 1312 2139 15),
1363 2073 1625 2141 tempore
1662 2069 1888 2124 Veteris
1921 2070 2110 2124 Testa-

473 2163 642 2218 menti
661 2166 962 2235 peccatum
981 2160 1231 2226 fuit;tem
1240 2174 1375 2231 pore
1389 2162 1582 2213 autem
1597 2157 1735 2213 Novi
1750 2157 2108 2212 Testamenti

471 2271 575 2309 non
599 2257 692 2308 est
715 2257 1014 2324 peccatum
1038 2268 1050 2305 :
1073 2250 1171 2304 sed
1192 2248 1250 2303 in
1271 2265 1371 2318 spe
1396 2248 1570 2302 futuri
1596 2247 1788 2302 saeculi
1813 2263 1982 2318 quam
2004 2246 2109 2301 ha-

469 2343 669 2398 bemus
693 2342 752 2396 in
781 2341 1027 2407 Christo,
1065 2338 1164 2410 qui
1196 2343 1252 2394 et
1280 2337 1535 2392 animam
1564 2341 1823 2393 nostram
1855 2336 2108 2390 induens

461 2431 710 2503 justitia,
744 2436 801 2485 et
827 2445 1035 2501 corpus
1068 2433 1334 2483 nostrum
1365 2426 1610 2481 induens
1646 2424 2104 2495 immortalitate,

468 2527 618 2576 tutos
651 2537 760 2576 nos
792 2520 1049 2584 innovat,
1083 2518 1312 2572 credere
1343 2515 1562 2586 aliquid
1586 2533 1652 2570 ex
1675 2515 1884 2570 veteris
1907 2531 2103 2568 corru-

468 2609 677 2681 ptionis
704 2606 1049 2663 necessitate
1066 2609 1238 2677 atque
1261 2603 1577 2675 indigentia
1595 2620 1698 2659 nos
1721 2620 1998 2674 passuros
2019 2602 2105 2658 vel

471 2702 722 2767 acturos,
756 2711 987 2766 semper
1016 2699 1317 2766 peccatum
1350 2697 1459 2761 est,
1494 2692 1775 2764 quamdiu
1800 2690 2107 2747 volvuntur

470 2787 560 2842 isti
593 2789 820 2858 septem
854 2783 976 2839 dies
1007 2782 1220 2854 quibus
1253 2781 1548 2856 peragitur
1575 2785 1847 2852 tempus:
1875 2781 1974 2836 sed
1999 2780 2107 2837 hoc

464 2875 688 2932 Veteris
701 2873 1058 2931 Testamenti
1074 2872 1436 2943 temporibus
1450 2871 1510 2925 in
1526 2871 1708 2941 ﬁgura
1725 2870 2102 2938 occultatum,

467 2984 497 3021 a
518 2964 874 3038 quibusdam
895 2961 1114 3019 sanctis
1137 2960 1602 3032 intelligebatur;
1627 2964 1888 3031 tempore
1910 2963 2105 3014 autem

464 3052 966 3110 NoviTestamenti
981 3051 1038 3105 in
1054 3048 1203 3104 mani
1215 3048 1516 3104 testatione
1530 3047 1865 3116 revelatum,
1873 3064 1944 3118 po
1950 3065 2024 3120 pu
2035 3046 2105 3102 lis

461 3140 1001 3215 przedicatur.Unde
1018 3138 1138 3195 Seri
1149 3136 1427 3210 pturailla
1439 3142 1578 3192 tunc
1592 3141 1714 3192 erat
1727 3141 2100 3209 praaceptum,

457 3249 608 3288 nunc
630 3229 1066 3288 testimonium.
1097 3226 1516 3299 Scenopegiam
1549 3243 1661 3281 non
1687 3225 1976 3281 celebrare
1998 3224 2102 3280 ali-

455 3322 689 3394 quando
713 3323 1016 3393 peccatum
1051 3317 1160 3372 fuit
1180 3318 1324 3389 (Lev.
1344 3333 1500 3383 XXIII,
1525 3316 1615 3385 34)
1643 3333 1657 3383 ;
1692 3331 1846 3370 nunc
1879 3332 1991 3370 non
2015 3318 2104 3370 est

453 3416 759 3483 peccatum
787 3428 800 3465 :
823 3407 1202 3465 tabernaculo
1227 3411 1422 3462 autem
1447 3405 1544 3460 Dei
1569 3406 1721 3477 quod
1741 3409 1829 3460 est
1851 3403 2102 3460 Ecclesia

453 3518 560 3557 non
593 3497 1025 3572 compaginari,
1074 3512 1303 3567 semper
1335 3500 1638 3567 peccatum
1668 3500 1796 3560 est;
1829 3494 1928 3549 sed
1961 3499 2100 3548 tunc

451 3590 740 3663 agebatur
760 3589 871 3644 sub
888 3591 1172 3659 praecepto
1188 3585 1453 3656 ﬁgurato,
1471 3599 1625 3638 nunc
1645 3582 1854 3655 legitur
1869 3583 1922 3636 in
1939 3582 2100 3636 testi-

454 3679 646 3736 monio
666 3681 943 3734 revelato.
969 3675 1114 3730 Nam
1141 3679 1199 3729 et
1222 3673 1364 3728 illud
1391 3673 1546 3745 quod
1573 3677 1711 3726 tunc
1742 3670 1956 3726 factum
1989 3675 2100 3736 est,

454 3785 564 3823 non
596 3767 900 3822 diceretur
928 3762 1371 3819 tabernaculum
1404 3760 1747 3832 testimonii,
1781 3760 1892 3815 nisi
1924 3758 2098 3815 alicui

451 3855 682 3912 veritati
717 3871 848 3927 quae
874 3870 982 3909 suo
1012 3859 1271 3924 tempore
1300 3849 1645 3905 declaranda
1674 3854 1816 3921 erat,
1846 3850 2101 3923 quadam

455 3940 1305 4018 congruentiasigniﬁcationis
1320 3943 1710 3994 attestaretur.
1736 3939 1923 3994 Lineis
1937 3939 2105 3994 vesti-

455 4035 565 4091 bus
588 4036 845 4091 miscere
868 4046 1208 4104 purpuram,
1233 4033 1290 4085 et
1307 4028 1607 4084 linostima
1626 4032 1782 4083 veste
1812 4027 1974 4083 indui
1998 4028 2103 4083 ali-

452 4126 694 4198 quando
722 4125 1029 4196 peccatum
1056 4119 1164 4175 fuit
1185 4120 1361 4191 (Deut.
1385 4135 1520 4188 xm,
1551 4118 1638 4188 11)
1664 4142 1678 4184 ;
1701 4134 1856 4172 nunc
1881 4133 1992 4173 non
2017 4120 2106 4172 est

452 4217 804 4282 peccatum:
859 4209 1191 4265 inordinate
1235 4207 1447 4277 vivere,
1500 4210 1557 4261 et
1614 4205 1826 4261 diversi
1875 4206 2105 4278 generis

447 4301 856 4374 professiones
879 4297 1020 4353 velle
1047 4298 1309 4367 miscere,
1337 4301 1400 4350 ut
1419 4294 1504 4351 vel
1525 4294 1987 4351 sanctimonialis
2010 4295 2106 4350 ha-

448 4390 578 4445 beat
597 4391 956 4446 ornamenta
974 4390 1313 4458 nuptarum,
1334 4384 1419 4440 vel
1442 4401 1509 4440 ea
1530 4399 1659 4455 qua:
1691 4400 1750 4439 se
1772 4400 1886 4438 non
1919 4385 2105 4440 conti-

446 4496 590 4536 nens
617 4478 853 4551 nupsit,
874 4475 1126 4548 speciem
1146 4474 1383 4546 virginis
1403 4479 1586 4546 gerat,
1607 4472 1765 4529 omni
1785 4475 1955 4529 modo
1974 4490 2104 4546 pec-

445 4573 645 4624 catum
669 4571 767 4624 est
793 4584 808 4635 ;
832 4570 889 4622 et
909 4564 956 4620 si
983 4563 1122 4636 quid
1154 4562 1625 4618 inconvenienter
1656 4577 1725 4616 ex
1756 4561 1982 4617 diverso
2002 4578 2106 4633 ge-

1842 333 2077 394 LIBER
2119 330 2540 395 SEPTIMUS.

3752 340 3870 400 238

2224 478 2359 518 nere
2383 464 2439 518 in
2473 464 2587 520 vita
2616 467 2902 538 cujusque
2933 467 3277 524 contexitur.
3307 468 3517 525 Verum
3548 469 3693 524 illud
3725 475 3867 527 tunc

2223 553 2653 626 ﬁgurabaturin
2673 556 2956 624 vestibus,
2984 558 3137 628 quod
3159 574 3313 613 nunc
3327 558 3722 614 declaraturin
3743 577 3865 615 mo-

2223 642 2404 699 ribus.
2430 643 2577 698 Illud
2597 644 2752 700 enim
2771 650 2892 700 erat
2904 650 3136 718 tempus
3149 647 3538 719 signiﬁcandi,
3556 648 3664 703 hoc
3679 650 3865 704 mani-

2223 732 2495 788 festandi.
2529 734 2676 806 Ergo
2704 733 2832 806 ipsa
2862 735 3183 807 Scriptura,
3233 753 3358 808 quae
3390 743 3528 794 tunc
3561 739 3669 794 fuit
3696 755 3862 794 exac-

2222 820 2334 876 trix
2365 838 2606 894 operum
2634 823 3115 896 signiﬁcantium,
3163 843 3320 881 nunc
3351 827 3516 883 testis
3546 833 3635 883 est
3664 844 3859 884 rerum

2223 910 2679 982 signiﬁcatarum
2691 917 2766 981 ;et
2780 930 2905 985 quae
2919 918 3056 969 tunc
3071 914 3489 971 observabatur
3504 917 3572 982 ad
3589 934 3858 988 praenun-

2220 998 2542 1068 tiationem,
2565 1018 2720 1056 nunc
2738 1002 3013 1057 recitatur
3025 1004 3095 1058 ad
3109 1004 3630 1062 conﬁrmationem.
3648 1007 3857 1063 Bovem

2221 1093 2279 1143 et
2301 1088 2531 1144 asinum
2566 1090 2637 1145 ad
2669 1092 3026 1162 operandum
3055 1092 3300 1164 iungere
3333 1097 3475 1148 tunc
3504 1110 3618 1149 non
3649 1094 3860 1151 licebat

2220 1178 2399 1250 (Deut.
2433 1195 2571 1244 xxxx,
2606 1180 2731 1251 10);
2765 1196 2919 1235 nunc
2964 1180 3116 1236 licet.
3169 1181 3531 1237 Declaratum
3579 1187 3668 1239 est
3700 1183 3856 1239 enim

2222 1283 2323 1339 per
2352 1268 2720 1340 Apostolum,
2752 1285 2885 1324 cum
2917 1270 2987 1325 de
3011 1270 3153 1326 bove
3194 1271 3506 1328 triturante
3534 1288 3647 1328 non
3680 1271 3856 1328 infre-

2223 1358 2414 1412 nando
2445 1357 2805 1429 Scripturam
2829 1357 3123 1427 recoleret,
3148 1359 3433 1415 dicentem
3465 1378 3478 1416 :
3502 1360 3776 1433 Numquid
3796 1360 3861 1417 de

2221 1445 2384 1501 bobus
2405 1461 2542 1501 cura
2557 1447 2757 1502 estDeo
2776 1449 2801 1500 .9
2821 1448 3006 1512 Quare
3027 1463 3162 1519 ergo
3188 1465 3343 1503 nunc
3365 1447 3599 1520 legitur,
3626 1449 3858 1520 quando

2218 1533 2275 1589 id
2303 1537 2453 1607 quod
2474 1535 2904 1607 prohibuitjam
2925 1535 3099 1592 licet?
3116 1536 3259 1601 Quia
3277 1537 3429 1592 idem
3449 1538 3572 1609 ipse
3589 1538 3667 1593 ibi
3686 1553 3859 1594 secu-

2218 1628 2314 1679 tus
2344 1623 2654 1696 Apostolus
2686 1624 2766 1680 ait
2790 1641 2802 1678 :
2836 1626 3062 1696 PrOpter
3080 1642 3177 1681 nos
3201 1625 3484 1698 Scriptura
3503 1628 3640 1682 dicit
3662 1627 3705 1698 (Ι
3731 1627 3853 1683 Cor.

2221 1730 2295 1783 xx,
2319 1713 2372 1780 9,
2410 1715 2515 1786 10).
2541 1713 2609 1768 Et
2637 1714 2837 1786 utique
2857 1713 3104 1786 impium
3127 1719 3216 1770 est
3237 1720 3300 1770 ut
3321 1733 3434 1771 non
3458 1715 3723 1787 legamus
3745 1731 3852 1771 nos

2218 1804 2371 1875 quod
2397 1804 2680 1876 scriptum
2703 1809 2791 1858 est
2814 1809 3048 1875 propter
3071 1821 3174 1859 nos
3201 1821 3213 1860 :
3240 1806 3426 1876 magis
3448 1806 3600 1860 enim
3622 1812 3854 1877 propter

2217 1910 2340 1961 nos,
2368 1892 2584 1964 quibus
2607 1893 3036 1958 manifestatur,
3060 1909 3235 1965 quam
3255 1897 3492 1966 propter
3507 1893 3712 1949 illosin
3731 1893 3855 1965 qui-

2215 1983 2327 2038 bus
2350 1983 2729 2054 ﬁgurabatur.
2749 1982 2957 2038 Bovem
2975 1982 3189 2054 quippe
3206 1987 3259 2038 et
3277 1983 3533 2050 asinum,
3551 1983 3599 2038 si
3620 1998 3854 2039 necesse

2217 2072 2312 2138 sit,
2348 2072 2756 2143 unusquisque
2777 2071 2903 2126 sine
2924 2071 3271 2127 detrimento
3293 2072 3483 2144 operis
3499 2072 3729 2144 jungit:
3755 2089 3853 2128 sa-

2218 2162 2471 2235 pientem
2491 2178 2625 2217 vero
2647 2165 2700 2217 et
2732 2161 3000 2226 stultum,
3035 2177 3150 2216 non
3186 2165 3249 2216 ut
3280 2179 3430 2216 unus
3459 2161 3774 2232 praecipiat,
3799 2165 3856 2217 et

2219 2251 2365 2306 alter
2385 2252 2761 2322 obtemperet,
2787 2250 2886 2305 sed
2908 2249 3126 2321 pariter
3149 2267 3217 2306 ex
3237 2249 3447 2322 aequali
3470 2253 3772 2322 potestate,
3792 2253 3858 2306 ut

2218 2338 2816 2394 annuntientverbum
2837 2338 2956 2409 Dei,
2977 2355 3087 2393 non
3110 2339 3236 2394 sine
3254 2337 3528 2394 seandalo
3546 2338 3855 2410 quisquam

2217 2429 2456 2484 comites
2491 2428 2644 2484 facit.
2672 2429 2869 2500 Itaque
2893 2428 3156 2483 eamdem
3181 2427 3538 2499 Scripturam
3565 2431 3853 2498 tenemus,

2217 2523 2274 2574 et
2305 2523 2444 2575 tunc
2476 2521 2757 2590 potestate
2803 2517 3228 2588 praecipientem
3263 2515 3486 2570 umbris
3518 2516 3851 2587 tegendum,

2218 2609 2370 2680 quod
2405 2625 2560 2662 nunc
2608 2607 2966 2678 aperiretur;
3017 2609 3073 2661 et
3117 2621 3270 2660 nunc
3300 2605 3644 2659 auctoritate
3675 2608 3850 2659 attes‘

2215 2701 2433 2753 tantem
2466 2696 2593 2752 luce
2624 2699 2911 2767 apertum,
2944 2695 3096 2766 quod
3128 2699 3266 2749 tunc
3299 2693 3621 2765 tegebatur.

2286 2787 2366 2842 De
2397 2785 2556 2842 calvo
2589 2789 2782 2839 autem
2815 2788 2872 2839 et
2901 2784 3140 2838 reburro
3169 2783 3359 2854 (Levii.
3393 2799 3516 2850 xm,
3550 2781 3662 2853 40),
3695 2783 3850 2853 quod

2215 2893 2314 2933 eos
2327 2876 2342 2930 i
2353 2874 2779 2931 mmundosLex
2792 2871 3487 2944 dixerit,parumFaustus
3502 2870 3694 2926 attend
3704 2873 3848 2941 erat,

2215 2971 2314 3021 aut
2331 2965 2389 3020 in
2408 2965 2756 3020 mendosum
2769 2962 3028 3017 codicem
3043 2960 3342 3016 inciderat.
3358 2959 3469 3015 Sed
3486 2959 3711 3013 utinam
3725 2959 3851 3031 ipse

2214 3054 2436 3111 calvam
2458 3055 2707 3109 frontem
2731 3051 2943 3107 habere
2962 3049 3300 3117 voluisset‘,
3333 3052 3507 3119 atque
3536 3048 3592 3103 in
3623 3064 3690 3104 ea
3720 3064 3850 3102 cru-

2214 3161 2339 3200 cem
2359 3143 2570 3199 Christi
2586 3143 2761 3213 ﬁgere
2776 3157 2892 3196 non
2907 3139 3266 3196 erubuisset:
3284 3138 3537 3211 profecto
3554 3136 3850 3192 Christum

2213 3234 2584 3300 clamantem,
2616 3236 2725 3302 Ego
2753 3247 2873 3285 sum
2902 3231 3108 3285 veritas
3139 3228 3315 3300 (Joan.
3347 3243 3464 3293 xxv,
3485 3227 3564 3295 6),
3588 3241 3693 3280 nec
3715 3242 3851 3281 cum

2215 3322 2375 3379 falsis
2406 3321 2746 3378 vulneribus
2797 3318 3163 3384 occubuisse,
3207 3333 3309 3372 nec
3342 3332 3474 3371 cum
3510 3313 3672 3370 falsis
3701 3313 3852 3369 cica-

2210 3411 2453 3467 tricibus
2487 3408 2871 3466 resurrexisse
2902 3406 3262 3463 credidisset.
3296 3404 3444 3470 Quin
3469 3403 3646 3459 etiam
3673 3403 3848 3458 dicit:

2209 3503 2315 3572 Ego
2344 3501 2540 3571 fallere
2560 3515 2671 3554 non
2699 3498 2910 3560 didici;
2956 3496 3095 3568 quod
3140 3495 3310 3550 sentio
3353 3494 3560 3564 loquor.
3597 3492 3720 3546 Non
3753 3493 3843 3545 est

2209 3608 2343 3663 ergo
2377 3588 2698 3661 discipulus
2728 3586 2940 3642 Christi
2984 3585 3096 3652 sui,
3136 3600 3309 3654 quem
3345 3581 3520 3637 falsas
3551 3578 3847 3635 cicatrices

2210 3678 2615 3736 dubitantibus
2648 3674 2955 3747 discipulis
2986 3676 3419 3729 demonstrasse
3448 3670 3693 3725 insanus
3725 3667 3845 3740 opi-

2213 3774 2406 3836 natur,
2430 3772 2484 3823 et
2505 3784 2617 3822 non
2643 3766 2830 3822 solum
2855 3765 2926 3819 de
2947 3762 3168 3819 caeteris
3195 3759 3550 3817 vanitatibus
3573 3758 3717 3826 suis,
3743 3757 3843 3813 sed

2210 3859 2386 3915 etiam
2410 3857 2480 3912 de
2501 3857 2630 3929 ipsa
2648 3853 2861 3910 Christi
2892 3851 3121 3908 fallacia
3146 3850 3256 3907 sibi
3287 3854 3569 3921 tanquam
3600 3864 3714 3903 non
3742 3844 3849 3900 fal-

2210 3947 2352 4004 lenti
2382 3945 2506 4002 vult
2535 3944 2690 4001 credi
2718 3959 2730 3998 :
2759 3947 2955 3998 utrum
2976 3939 3204 3996 Christo
3227 3936 3482 4009 melior’,
3506 3953 3622 4009 quo
3646 3933 3849 3990 fallen-

2212 4042 2270 4094 te
2302 4037 2426 4110 ipse
2458 4051 2573 4091 non
2605 4032 2788 4101 fallit;
2821 4049 2895 4087 an
2927 4047 2993 4086 eo
3042 4029 3171 4102 ipso
3206 4045 3321 4084 non
3361 4025 3580 4082 veracis
3610 4022 3850 4091 Christi,

2213 4127 2311 4183 sed
2344 4123 2565 4181 fallacis
2596 4119 2896 4178 Manicheei
2925 4117 3271 4190 discipulus,
3303 4132 3436 4172 cum
3455 4118 3512 4171 et
3531 4114 3591 4171 in
3614 4113 3720 4168 hoc
3746 4110 3852 4166 fal-

2213 4217 2300 4287 lit,
2331 4215 2391 4270 in
2423 4230 2536 4286 quo
2567 4229 2630 4269 se
2661 4228 2777 4268 non
2807 4208 3082 4265 didicisse
3115 4204 3313 4262 fallere
3344 4203 3645 4277 gloriatur.

2278 4374 2652 4447 ‘-Ed_i_tivu180
2682 4372 2756 4422 sic
2789 4367 3224 4447 .ferunt.<-1?}9rea
3241 4366 3674 4447 19693239358
3705 4361 3853 4422 δίει»

2215 4442 2322 4491 Sed
2332 4427 2546 4489 Cutinam
2581 4427 2687 4491 ipse
2718 4434 2913 4483 calvam
2943 4432 3166 4494 frontem
3196 4427 3675 4494 haberepoluisser.

2279 4485 2558 4554 3wSiet-ibim.
2591 4485 2675 4548 Er.
2706 4507 2760 4547 et
2813 4485 3050 4556 plerique
3107 4492 3343 4556 MssLAt.
3393 4491 3540 4550 Lov.,
3570 4487 3678 4538 vult
3699 4485 3857 4536 credi.

2222 4553 2418 4619 Viderit
2446 4564 2559 4628 quis
2588 4565 2760 4610 utrum
2792 4553 2996 4608 Christo
3034 4556 3100 4604 sit
3129 4553 3329 4603 melior.

451 4672 3839 4715 Μ

1596 4768 1974 4864 LIBER
2044 4733 2683 4864 SEPTIMUS.

524 5031 778 5091 CAPUT
811 5027 1126 5087 PRIMUM.
1159 5061 1228 5072 --
1261 5029 1522 5086 Fausws
1552 5027 1733 5084 dixit:
1790 5029 1977 5094 Quare
2009 5044 2120 5084 non

456 5123 648 5179 credis
682 5123 749 5176 in
804 5120 1204 5192 genealogiam
1259 5119 1397 5174 Jesu
1418 5118 1445 5172 Τ
1492 5116 1685 5172 Multas
1718 5118 1956 5189 quidem
1989 5121 2128 5173 sunt

457 5229 674 5284 causas,
709 5210 821 5266 sed
855 5209 1136 5281 palmaris
1167 5207 1288 5276 illa,
1321 5207 1459 5280 quia
1491 5223 1594 5262 nec
1622 5206 1748 5278 ipse
1780 5223 1876 5263 ore
1900 5224 2004 5262 suo
2030 5223 2126 5262 us-

458 5318 637 5372 quam
666 5315 736 5355 se
771 5299 995 5352 fatetur
1016 5304 1239 5370 patrem
1261 5297 1498 5363 habere,
1523 5298 1624 5350 aut
1646 5310 1830 5366 genus
1853 5293 1911 5348 in
1932 5298 2086 5350 terra
2111 5312 2125 5352 :

457 5390 557 5446 sed
583 5405 616 5446 e
642 5385 1027 5458 contra,quia
1048 5404 1163 5443 non
1187 5386 1264 5442 sit
1287 5386 1357 5440 de
1381 5385 1486 5440 hoc
1517 5383 1711 5454 modo,
1732 5382 1866 5454 quia
1899 5400 1934 5437 a
1962 5387 2130 5439 Patre

460 5486 575 5537 Deo
600 5477 992 5552 processerit,
1016 5478 1152 5548 quia
1174 5474 1540 5532 descenderit
1570 5474 1640 5528 de
1670 5471 1832 5543 coelo,
1856 5472 1992 5542 quia
2014 5489 2129 5528 non

457 5570 569 5626 sibi
594 5569 720 5626 sint
747 5570 943 5621 mater
963 5571 1018 5621 et
1034 5566 1262 5632 fratres,
1283 5561 2131 5635 nisiquifecerintvoluntatem

457 5659 648 5716 Patris
674 5656 801 5724 sui,
828 5654 929 5726 qui
953 5655 1010 5709 in
1030 5655 1191 5711 emlis
1214 5659 1322 5710 est.
1349 5654 1431 5708 Ad
1460 5649 2063 5722 haee,illiipsiquibas
2081 5649 2134 5706 ei

460 5745 856 5826 genealogias
883 5743 1207 5816 ascribunt,
1228 5760 1343 5801 non
1362 5758 1498 5800 eum
1516 5744 1650 5800 ante
1669 5738 2029 5798 nativitatem
2047 5756 2136 5799 co-

2233 5023 2506 5100 gnovisse
2529 5020 2824 5076 videntur:
2850 5014 2950 5071 sed
2966 5028 3154 5086 neque
3166 5011 3364 5069 statim
3377 5017 3438 5066 ut
3452 5011 3622 5066 natus
3641 5010 3871 5100 est,quo

2235 5094 2608 5171 crederentur
2628 5126 2695 5165 ea
2717 5104 3041 5177 scripsisse,
3066 5119 3192 5174 qua:
3213 5116 3351 5173 erga
3381 5115 3511 5155 eum
3544 5095 3726 5153 oculis
3748 5094 3873 5151 suis

2235 5204 2489 5261 viderint
2517 5204 2680 5273 gesta
2705 5216 2718 5266 ;
2754 5195 2854 5252 sed
2878 5192 3078 5265 juveni
3097 5193 3223 5263 jam
3247 5194 3303 5246 et
3325 5193 3551 5244 maturo
3575 5184 3873 5255 conjuncti

2238 5297 2375 5349 sunt
2395 5291 2468 5360 ei,
2499 5290 2556 5344 id
2579 5293 2686 5352 est,
2710 5300 2996 5341 annorum
3016 5281 3194 5337 ferme
3215 5279 3484 5350 triginta:
3508 5273 3801 5345 siquidem
3819 5273 3877 5326 et

2238 5388 2379 5438 aetas
2402 5377 2610 5437 ascribi
2637 5374 2848 5432 divinis
2871 5371 3089 5445 potest‘
3115 5369 3240 5425 sine
3272 5362 3654 5437 blasphemia.
3691 5363 3878 5428 Quare

2240 5488 2374 5527 cum
2398 5471 2457 5525 in
2485 5466 2643 5525 omni
2667 5460 3001 5520 testimonio
3024 5458 3278 5515 verilalis
3316 5456 3426 5511 hoc
3449 5468 3676 5525 semper
3701 5448 3880 5522 quaeri

2242 5559 2446 5630 soleat,
2470 5561 2744 5613 utrumne
2775 5551 2904 5624 quis
2935 5548 3202 5618 audierit,
3238 5563 3311 5603 an
3340 5544 3587 5613 viderit;
3619 5540 3715 5598 isti
3746 5555 3880 5595 vero

2313 5750 2327 5784 ¹
2357 5747 2477 5800 Sola
2505 5759 2573 5797 ex
2602 5739 2853 5795 omnibus
2896 5734 3322 5790 Amerbachiana
3363 5733 3546 5796 editio,
3570 5743 3672 5782 non
3697 5728 3884 5796 potest.
