4638 6454
719 348 838 408 239

724 492 832 533 nec
863 470 1096 531 audisse
1124 481 1185 525 se
1218 464 1510 522 fateantur
1539 458 1611 513 ab
1639 455 1768 528 ipso
1795 444 2187 525 generationis
2209 441 2367 497 hunc

728 565 1012 630 ordinem,
1033 562 1135 615 aut
1149 555 1285 628 quia
1302 550 1540 608 omnino
1560 546 1637 603 sit
1652 546 1826 601 natus
1846 558 1859 609 ;
1879 554 1986 594 nec
2002 534 2217 591 vidisse
2234 546 2370 587 ocu-

728 622 825 723 lis,
848 622 1185 727 quialongd
1199 646 1332 717 post
1350 646 1630 710 tempore,
1653 634 1713 688 id
1730 635 1836 697 est,
1856 631 1989 701 post
2003 622 2371 727 Baptismum

733 706 1142 819 cogdoverintu
1161 747 1331 791 eum:
1394 727 1539 784 mihi
1585 727 1643 781 et
1687 720 1848 778 omni
1879 720 2031 773 recte
2054 706 2372 786 judicanti,

732 799 857 895 tam
887 829 1132 889 stUltum
1161 823 1392 880 videtur
1418 818 1529 873 hoc
1559 812 1810 878 credere,
1844 821 2021 880 quam
2048 803 2099 859 si
2121 799 2254 874 quis
2276 812 2378 852 caa-

736 940 870 983 cum
900 928 958 977 et
985 917 1233 976 surdum
1262 913 1470 967 testem
1501 905 1562 960 in
1585 900 1878 974 judicium
1907 896 2092 951 vocet.

1267 961 1638 1057 XUdUerNU's
1667 985 2003 1061 respondit:
2029 982 2215 1046 Quam
2238 973 2383 1032 dicit
2488 974 2695 1046 factum
2727 977 2804 1025 est
2832 967 2978 1023 nihil
3031 965 3209 1037 (Joan.
3259 977 3300 1033 1,
3336 961 3474 1028 1-3),

741 1101 1067 1178 palmarem
1096 1106 1356 1159 causam,
1406 1102 1514 1143 cur
1555 1098 1672 1139 non
1704 1075 1953 1149 accipiat
1982 1066 2384 1178 genealogiam

741 1152 1152 1253 3536mm,
1180 1181 1261 1237 ibi
1290 1152 1658 1251 apertissime
1704 1168 1894 1224 victus
1924 1158 2272 1224 ostenditur,
2304 1152 2385 1253 le:

746 1242 1019 1356 gentibus
1042 1242 1170 1348 ques
1193 1242 1372 1341 supra
1393 1263 1648 1321 diximus
1671 1259 1741 1314 de
1768 1254 1910 1313 Filio
1932 1249 2212 1317 hominis,
2232 1242 2388 1356 qugd

745 1333 1092 1427 :amvcrebro
1115 1378 1176 1418 se
1195 1333 1462 1416 Christus
1488 1367 1616 1408 esse
1635 1350 1886 1404 testatur
1906 1340 2112 1415 (Matth.
2131 1354 2258 1427 χιιι,
2280 1333 2392 1427 10),

749 1421 1065 1517 etde'li‘ilio
1088 1451 1211 1514 Dei,
1235 1442 1525 1519 quomodo
1553 1439 1707 1495 idem
1728 1435 1855 1507 ipse
1873 1427 2189 1489 sitetﬁlius
2203 1421 2394 1480 homi-

752 1550 845 1606 nis
866 1545 966 1619 (ld.
998 1560 1076 1610 1x,
1107 1542 1161 1612 6)
1185 1556 1199 1608 ;
1232 1532 1523 1609 quomodo
1546 1527 1869 1586 secundum
1893 1520 2255 1579 divinitatem
2278 1529 2395 1613 non

752 1602 966 1695 habeat
993 1646 1179 1707 genus
1211 1628 1272 1683 in
1304 1629 1479 1693 terra,
1503 1618 1828 1677 secundum
1849 1626 2081 1669 carnem
2104 1611 2298 1665 autem
2321 1602 2401 1659 sit

756 1745 822 1786 ex
852 1697 1075 1783 semine
1106 1717 1305 1783 David,
1336 1714 1490 1771 sicut
1516 1706 1835 1781 apostolica
1864 1699 2126 1758 doctrina
2154 1697 2403 1752 testatur

755 1781 936 1889 (fiam.
966 1830 1006 1883 1,
1028 1812 1082 1879 3,
1114 1813 1168 1867 et
1198 1806 1249 1863 Il
1451 1817 1514 1870 11,
1539 1800 1616 1868 8).
1648 1794 1812 1853 Unde
1842 1792 2223 1889 oportetcum
2245 1781 2402 1889 credi

760 1859 1258 1973 etvi'n'tellivgi,vetﬁa
1286 1859 1470 1949 'Patre
1499 1859 1707 1945 'ex'isse
1737 1859 1917 1956 (Joan.
1950 1895 2068 1973 xvi,
2096 1875 2211 1973 2_8),
2247 1876 2303 1929 et
2333 1871 2405 1927 de
2438 1859 2446 1867 ’

763 1995 905 2053 ccslo
934 1965 1165 2048 venisse
1193 1983 1293 2057 (Id.
1322 1997 1400 2049 v1,
1430 1978 1542 2050 41),
1575 1983 1627 2033 et
1653 1974 1747 2030 hic
1777 1976 1974 2029 tamen
2003 1965 2407 2057 VerbumAcar:

765 2050 901 2143 nem
920 2082 1135 2137 factum
1153 2050 1306 2131 inter
1320 2068 1587 2128 homines
1603 2062 1903 2120 habitasse
1922 2058 2021 2131 (Id.
2048 2073 2085 2123 1,
2118 2054 2222 2123 14).
2246 2050 2409 2115 Quod

768 2173 819 2231 si
843 2174 1146 2245 propterea
1169 2163 1374 2235 putant
1393 2174 1528 2215 eum
1550 2171 1665 2211 non
1691 2150 1970 2207 habuisse
2000 2146 2060 2201 in
2091 2148 2249 2199 terra
2279 2156 2410 2196 ma-

769 2231 920 2319 trem
950 2231 1039 2315 vel
1068 2231 1274 2329 genus,
1308 2250 1446 2323 quia
1476 2244 1637 2312 dixit,
1675 2243 1808 2312 Quae
1834 2237 1976 2294 mihi
1997 2239 2189 2304 mater,
2212 2232 2293 2287 vel
2318 2231 2414 2302 qui

771 2354 974 2425 fratres
1006 2320 1215 2417 (Mhtth.
1244 2320 1348 2407 x11,
1379 2336 1512 2409 48)?
1532 2334 1798 2405 superest
1815 2326 2074 2425 utetiam
2095 2320 2414 2425 discipulos

774 2408 924 2513 ejus,
959 2408 1175 2509 quibus
1206 2430 1317 2484 hoc
1347 2408 1678 2494 exemplum
1708 2418 1768 2472 in
1799 2432 1861 2473 se
1888 2414 2016 2486 ipso
2048 2408 2317 2483 praebuit,
2351 2411 2415 2463 ut

772 2507 990 2586 terreni
1009 2520 1240 2598 generis
1258 2509 1746 2573 necessitudinem
1772 2507 2008 2578 prepter
2032 2515 2278 2572 regnum
2303 2515 2415 2553 cos-

774 2620 967 2677 lorum
984 2591 1442 2672 contemnerent,
1463 2601 1758 2659 attirment
1774 2611 1889 2651 non
1907 2591 2184 2648 habuisse
2200 2593 2416 2661 patres,

776 2710 918 2783 quia
937 2703 1082 2762 dixit
1110 2701 1214 2768 eis,
1245 2699 1322 2755 Ne
1349 2695 1500 2751 vobis
1530 2689 1727 2746 dicatis
1746 2693 1961 2759 patrem
1979 2683 2038 2737 in
2063 2690 2214 2737 terra
2238 2695 2251 2746 ;
2276 2692 2419 2733 unus

772 2770 921 2862 enim
950 2802 1028 2855 est
1055 2797 1225 2851 Pater
1249 2796 1417 2846 vester
1449 2787 1587 2841 Deus
1636 2780 1741 2853 (Id.
1773 2792 1937 2842 xxm,
1967 2774 2044 2844 9).
2075 2770 2248 2862 Quod
2278 2784 2415 2862 ergo

770 2856 916 2949 istos
937 2889 1008 2944 de
1030 2882 1296 2958 patribus
1318 2874 1535 2941 docuit,
1560 2872 1668 2958 hoc
1693 2870 1819 2940 ipse
1843 2866 1915 2921 de
1935 2858 2120 2919 matre
2142 2865 2200 2916 et
2228 2856 2418 2914 fratri-

774 2981 887 3036 bus
919 2949 1078 3048 prior
1109 2968 1260 3037 fecit,
1295 2967 1450 3021 sicut
1495 2964 1553 3017 et
1598 2957 1714 3014 alia
1762 2955 1970 3015 multa,
2013 2951 2073 3004 in
2106 2949 2325 3021 quibus
2357 2961 2420 3001 se

777 3042 968 3131 nobis,
990 3067 1057 3118 ut
1076 3076 1211 3117 eum
1231 3054 1621 3118 imitaremur,
1645 3044 1921 3118 praebere,
1946 3044 2022 3108 et,
2057 3042 2121 3093 ut
2149 3051 2420 3108 sequere-

780 3174 937 3223 mur,
952 3125 1162 3226 praeire
1182 3146 1460 3219 dignatus
1481 3143 1589 3195 est.
1612 3134 1975 3205 Quapropter
2004 3128 2117 3183 iste
2141 3126 2244 3199 qui
2271 3125 2331 3179 in
2355 3139 2423 3180 eo

783 3214 938 3320 quod
961 3214 1148 3316 putat,
1172 3214 1432 3310 palmare
1459 3228 1543 3285 sic
1563 3223 1837 3289 vincitur,
1861 3234 2037 3291 quam
2052 3218 2247 3288 jaceat
2267 3219 2325 3270 et
2345 3214 2429 3269 in-

780 3304 1049 3395 volvatur
1076 3304 1388 3385 init-steteris
1433 3310 2020 3377 animadvertendum
2059 3310 2170 3362 est.
2204 3304 2428 3376 Quippe

784 3393 888 3501 qui
920 3425 1227 3498 propterea
1256 3412 1400 3471 dicit
1428 3425 1545 3466 non
1576 3402 1932 3462 credendum
1962 3413 2091 3454 esse
2114 3393 2430 3466 Apostolis,

786 3484 889 3589 qui
918 3484 1049 3584 ejus;
1077 3523 1194 3565 non
1232 3501 1423 3560 solum
1455 3495 1736 3560 divinam,
1770 3490 1870 3546 sed
1902 3486 2078 3544 etiam
2111 3484 2431 3540 humanam

1471 322 1782 388 CONTRA
1825 311 2204 380 FAUSTUM
2250 299 2770 371 MANICH/EUM,
2821 298 2887 358 S.
2932 289 3361 357 AUGUSTINI

2478 432 2839 490 nativitatem
2870 425 3387 487 annuntiaverunt,
3422 418 3561 492 quia
3583 419 3783 490 postea
3800 412 4001 486 juveni
4026 411 4127 468 ad-

2478 524 2795 591 haeserunt,
2823 524 2881 575 et
2902 534 3006 574 nec
3030 515 3297 571 viderunt
3316 527 3448 567 eum
3470 514 3696 573 natum,
3722 522 3826 561 nec
3844 522 3905 560 se
3924 504 4033 558 hoc
4052 502 4127 557 ab

2480 612 2579 668 illo
2611 610 2847 667 audisse
2878 609 3166 662 dixerunt.
3221 605 3337 659 Cur
3378 615 3514 672 ergo
3537 592 4016 654 creduntJoanni
4040 592 4129 647 di-

2482 700 2654 771 centi,
2686 703 2749 756 In
2779 698 3053 771 principio
3083 702 3202 751 erat
3236 694 3482 758 Verbum,
3506 694 3557 744 et
3591 687 3816 743 Verbum
3839 686 3957 741 erat
3980 681 4133 754 apud

2486 793 2673 856 Deum,
2703 794 2752 845 et
2778 790 2921 844 Deus
2975 792 3093 841 erat
3150 782 3419 845 Verbum;
3467 779 3568 834 hoc
3604 784 3722 833 erat
3758 776 3819 830 in
3848 772 4130 847 principio

3998 281 4122 341 240

2485 880 2633 954 apud
2660 881 2864 946 Deum;
2897 878 3086 933 omnia
3114 889 3213 946 per
3241 874 3427 942 ipsum
3456 871 3606 941 facta
3628 869 3775 937 sunt,
3800 866 3850 920 et
3872 866 3990 919 sine
4011 864 4136 933 ipso

3525 961 3583 1013 et
3619 961 3826 1012 caetera
3856 970 3983 1025 qua:
4018 950 4136 1007 illis

2494 1042 2763 1135 quamvis
2785 1074 2901 1114 non
2924 1050 3384 1127 intelligentibus
3405 1053 3605 1104 tamen
3628 1044 3857 1118 placent
3879 1042 3906 1099 ?
3929 1042 4142 1099 Dicant

2495 1130 2592 1207 tibi
2618 1150 2727 1206 hoc
2750 1149 3004 1205 Joannes
3026 1141 3253 1209 viderit,
3278 1144 3377 1195 aut
3398 1137 3498 1193 ubi
3528 1154 3591 1193 se
3619 1136 3730 1191 hoc
3761 1135 3833 1189 ab
3863 1132 3990 1205 ipso
4022 1130 4141 1187 Do-

2500 1239 2659 1296 mino
2681 1238 2917 1294 audisse
2937 1232 3164 1290 dixerit.
3188 1227 3483 1300 Quidquid
3507 1225 3664 1281 enim
3687 1221 3960 1291 dixerint,
3985 1221 4144 1276 unde

2501 1329 2611 1386 hoc
2640 1329 2896 1386 Joannes
2935 1323 3084 1380 scire
3133 1319 3410 1394 potuerit,
3458 1316 3593 1371 inde
3640 1313 3935 1369 credimus
3964 1310 4144 1366 etiam

2504 1435 2708 1476 omnes
2731 1414 3173 1473 annuntiatores
3198 1406 3515 1465 nativitatis
3536 1403 3775 1468 Christi,
3795 1401 3853 1456 id
3872 1399 4023 1471 quod
4043 1415 4149 1453 an-

2505 1508 2923 1566 nuntiaverunt
2939 1503 3084 1560 scire
3097 1500 3375 1574 potuisse.
3396 1495 3613 1552 Deinde
3627 1508 3844 1565 quaero,
3859 1490 4013 1546 unde
4026 1504 4148 1545 cre-

2508 1599 2651 1655 dant
2672 1595 2888 1653 dixisse
2913 1592 3244 1656 Dominum,
3269 1590 3403 1657 Quae
3421 1584 3565 1641 mihi
3581 1593 3782 1654 mater,
3806 1585 3901 1637 aut
3920 1581 4019 1652 qui
4035 1581 4153 1651 fra-

2511 1688 2665 1747 tres?
2693 1686 2753 1743 Si
2785 1684 2921 1757 quia
2947 1683 3053 1739 hoc
3084 1677 3451 1752 Evangelista
3497 1674 3774 1740 narravit,
3817 1687 3922 1726 cur
3950 1669 3999 1725 ei
4035 1685 4150 1725 non

2512 1779 2759 1837 credunt
2788 1779 2844 1831 et
2875 1772 3040 1839 illud,
3074 1769 3222 1835 Quia
3252 1771 3439 1823 mater
3469 1765 3597 1835 ejus
3626 1766 3684 1818 et
3706 1763 3910 1817 fratres
3932 1773 4154 1831 quaere-

2514 1870 2658 1925 bant
2678 1882 2811 1923 eum
2834 1862 3050 1936 (Matth.
3072 1877 3174 1925 x11,
3199 1859 3286 1924 48,
3306 1856 3394 1927 46)
3412 1854 3439 1909 ?
3455 1854 3515 1910 Si
3533 1856 3727 1909 autem
3747 1850 3857 1906 hoc
3875 1847 4159 1905 mentitus

2516 1962 2605 2015 est
2623 1956 2775 2029 quod
2800 1952 3008 2009 nolunt
3037 1950 3289 2014 credere,
3322 1944 3610 2018 quomodo
3641 1942 3691 1999 si
3722 1941 3969 1997 credunt
3995 1937 4160 1995 Chri-

2518 2024 2675 2105 stum
2698 2043 2914 2100 dixisse
2933 2040 3087 2113 quod
3109 2036 3318 2094 nolunt
3333 2024 4164 2104 intelligere?DeindesiChri-

2521 2142 2679 2194 stum
2703 2138 2927 2199 natum,
2952 2128 3223 2202 quiajam
3241 2123 3441 2197 juveni
3466 2121 3808 2188 adhaeserat,
3835 2135 3949 2174 non
3972 2114 4166 2189 potuit

2523 2241 2695 2282 nosse
2718 2222 3048 2284 Mattheus,
3074 2217 3227 2272 unde
3252 2213 3443 2287 potuit
3464 2211 3757 2267 Christum
3788 2225 3902 2264 non
3933 2211 4164 2273 natum,

2522 2320 2655 2389 post
2668 2318 2753 2369 tot
2765 2327 2949 2367 annos
2968 2313 3141 2365 natus
3159 2321 3331 2361 nosse
3349 2301 3705 2358 Manichzeus
3717 2300 3743 2354 7
3759 2296 3973 2353 Dicturi
3992 2298 4167 2352 sunt:

2524 2384 2779 2478 Spiritus
2805 2404 3042 2457 sanctus
3063 2397 3171 2452 hoc
3203 2394 3424 2452 sciebat
3451 2391 3553 2463 qui
3583 2393 3705 2446 erat
3733 2389 3793 2443 in
3824 2384 4169 2443 Manicheo.

2526 2473 2627 2552 Ille
2650 2508 2789 2551 sane
2810 2491 2859 2547 si
2887 2487 3139 2561 Spiritus
3161 2487 3400 2541 sanctus
3423 2485 3595 2551 esset,
3617 2496 3751 2535 vera
3773 2477 4033 2533 dixisset.
4057 2473 4173 2530 Sed

2526 2602 2631 2640 cur
2650 2599 2764 2638 non
2788 2579 2984 2653 potius
3007 2577 3077 2632 de
3099 2574 3327 2630 Christo
3349 2569 3654 2643 discipulis
3677 2568 3830 2639 ejus,
3862 2565 3960 2637 qui
3993 2562 4175 2620 etiam

2528 2670 2904 2745 corporaliter
2920 2667 2969 2723 ei
2984 2665 3376 2729 adhaeserunt,
3396 2660 3717 2725 credimus;
3734 2657 3831 2729 qui
3848 2672 3961 2711 non
3978 2652 4178 2709 solum

2529 2744 2932 2837 perDSpiritum
2955 2760 3225 2812 sanctum
3248 2754 3320 2808 ab
3352 2751 3479 2824 ipso
3503 2747 3867 2821 impertitum
3894 2744 4043 2801 scire
4073 2759 4179 2815 po-

2530 2833 2788 2917 tuerunt,
2823 2848 2872 2905 si
2903 2846 3042 2920 quid
3076 2844 3278 2900 lateret
3310 2842 3368 2897 in
3399 2840 3573 2896 rebus
3604 2836 3905 2906 humanis,
3929 2833 4027 2890 sed
4055 2838 4179 2888 tam

2531 2940 2749 2998 recenti
2783 2942 2841 2994 et
2890 2934 3159 3009 praesenti
3209 2931 3512 2997 memoria,
3555 2927 3728 2984 etiam
3761 2923 3883 2982 solo
3915 2923 4179 3001 humano

2534 3046 2735 3098 sensu,
2757 3043 2943 3101 genus
2964 3023 3174 3081 Christi
3192 3020 3517 3078 secundum
3537 3031 3771 3074 carnem
3788 3018 3846 3071 et
3860 3018 4043 3071 totam
4061 3010 4182 3067 ori-

2535 3120 2730 3192 ginem
2762 3112 3168 3188 collegerunt?
3202 3116 3268 3166 Et
3313 3115 3509 3165 tamen
3551 3106 3684 3163 caeci
3716 3109 3774 3162 et
3804 3103 3964 3160 surdi
3998 3105 4183 3158 testes

2535 3211 2812 3266 dicuntur
2841 3205 3119 3279 Apostoli.
3153 3202 3390 3259 Utinam
3421 3205 3485 3256 tu
3520 3215 3635 3255 non
3656 3201 3889 3253 tantum
3912 3208 4100 3249 caecus
4124 3194 4187 3245 et

2538 3300 2755 3357 surdus
2787 3297 3017 3363 fuisses,
3051 3311 3121 3350 ne
3150 3298 3271 3349 tam
3302 3307 3451 3347 vana
3479 3294 3534 3346 et
3573 3285 3855 3358 sacrilega
3884 3283 4142 3339 disceres
4171 3296 4186 3347 ;

2537 3391 2639 3447 sed
2671 3388 2846 3444 etiam
2877 3390 3097 3453 mutus,
3131 3399 3204 3439 ne
3239 3381 3381 3438 talia
3427 3377 3687 3435 diceresl

786 3592 4199 3668 MM

1951 3718 2333 3817 LIBER
2422 3711 3024 3812 OCTAVUS.

2340 3888 2646 3906 _

865 4025 1102 4091 CAPUT
1143 4015 1446 4082 PRIMUM.
1474 4008 1806 4066 --FAUsrus
1857 4000 2037 4091 dixit:
2085 3998 2271 4064 Quare
2318 4008 2437 4091 non

800 4085 1491 4196 scapisTestamentum
1518 4098 1701 4155 Vetus
1722 4095 1749 4150 ?
1788 4090 1934 4158 Quia
1957 4090 2083 4160 jam
2113 4085 2440 4196 praeventus

801 4172 1159 4274 sumrNovo:
1189 4196 1368 4258 veteri
1417 4195 1613 4250 autem
1645 4191 1702 4243 et
1729 4198 1876 4240 novo
1920 4194 2034 4235 non
2064 4172 2352 4237 convenit,
2383 4175 2447 4225 ut

802 4302 1106 4375 Scriptura
1134 4293 1400 4349 testatur.
1449 4282 1618 4349 Nam,
1670 4281 1945 4341 Pannum,
1994 4264 2208 4366 inquit,
2239 4274 2444 4362 novum

801 4352 963 4451 nem;
976 4386 1147 4444 assuit
1177 4375 1494 4437 vestimento
1521 4367 1713 4433 veteri,
1739 4360 1987 4433 alioquin
2006 4355 2187 4427 major
2204 4352 2449 4407 scissura

804 4442 1133 4555 ﬁetWUtauh.
1159 4488 1236 4542 1x,
1262 4469 1349 4532 16,
1371 4474 1421 4521 et
1436 4466 1565 4519 Luc.
1587 4474 1643 4525 v,
1667 4454 1781 4525 36).
1811 4449 1956 4555 Quia
1979 4461 2115 4555 ergo
2145 4442 2447 4539 majorem,

805 4526 977 4631 sicdti
994 4582 1116 4635 vos,
1138 4561 1456 4618 scissuram
1476 4552 1661 4606 facere
1678 4558 1869 4611 caveo,
1890 4534 2277 4594 Christianam
2295 4526 2452 4628 novi-

805 4666 987 4720 tatem
1017 4616 1312 4711 Hebraicze
1342 4638 1617 4701 vetustati
1651 4651 1766 4690 non
1797 4628 2069 4688 misceo‘.
2112 4621 2253 4688 Quis
2296 4616 2450 4713 enim

806 4768 924 4809 non
942 4745 1118 4804 etiam
1142 4735 1445 4796 sordidum
1464 4728 1710 4803 judicet,
1735 4720 1900 4778 novis
1920 4714 2180 4772 vestibus
2203 4704 2449 4775 indutis,

807 4857 924 4897 non
955 4837 1173 4892 donare
1204 4802 1579 4882 inferioribus
1610 4811 1832 4870 vetera2
1855 4808 1882 4863 ?
1926 4802 2305 4897 Quapropter,
2346 4810 2453 4894 ego

810 4883 1236 4987 SdEéQiJAtus
1249 4927 1439 4971 essem
1452 4907 1709 4973 Judzaus,
1729 4905 1794 4956 ut
1810 4897 2046 4953 fuerunt
2057 4885 2347 4987 épostoli,
2366 4883 2455 4987 di-

811 5032 995 5094 gnum
1025 5017 1223 5069 tamen
1270 5007 1395 5061 erat
1441 5014 1557 5066 me,
1605 4993 1761 5049 Novo
1789 4989 2026 5058 accepto
2057 4978 2453 5043 Testamento,

1426 5090 1442 5094 ‘
1659 5082 1703 5094 ι’
1787 5080 1798 5089 ”
1829 5077 1875 5094 ιτ
1928 5086 2139 5094 ναυη-
2159 5067 2453 5094 dudum“

809 5067 995 5165 tia/etiis—
1007 5067 1407 5175 repudiare,ut
1418 5087 1679 5146 fecerunt
1691 5080 1798 5153 ipsi
1809 5077 1995 5134 .Nunc
2010 5086 2143 5171 vero
2156 5071 2213 5125 et
2226 5067 2371 5124 Natu
2382 5081 2454 5119 rae

813 5161 1096 5256 beneﬁcio
1118 5186 1466 5246 consecutus
1491 5180 1554 5232 ut
1574 5174 1683 5230 sub
1708 5164 2008 5226 servitutis
2033 5161 2172 5231 jugo
2206 5172 2321 5211 non
2354 5169 2457 5208 na-

816 5301 1026 5351 scerer,
1085 5284 1143 5337 et
1195 5273 1425 5332 Christo
1474 5264 1618 5322 mihi
1666 5258 1937 5332 protinus
1961 5249 2297 5308 occurrente
2326 5258 2458 5342 cum

816 5377 990 5452 pleno
1012 5331 1249 5428 munere
1270 5356 1558 5418 libertatis
1576 5371 1589 5422 ;
1606 5364 1783 5424 quam
1796 5344 1976 5443 miser
1991 5345 2049 5397 et
2067 5331 2461 5452 stultusetin;

818 5419 995 5539 :uper
1013 5461 1281 5532 ingratus
1315 5466 1432 5517 ero,
1455 5447 1503 5503 si
1538 5459 1631 5500 me
1663 5440 1817 5496 ultra
1845 5432 2118 5491 addixero
2149 5419 2460 5483 servituti?

886 5576 899 5606 ¹
929 5569 1053 5621 Sola
1081 5566 1190 5615 fere
1219 5560 1381 5612 editio
1413 5557 1562 5611 Lov.,
1589 5546 1739 5621 sicuti
1760 5558 1852 5621 ‘vos
1885 5528 2461 5621 sgilisLscl‘ssurgr-nmfnq:

816 5592 1520 5692 cerezuézvg‘tjxaitmam
1545 5592 1852 5663 ’novitatem
1910 5592 2167 5653 Hebraicee
2219 5592 2459 5644 vetustati

814 5706 1197 5824 wi'miféria}.
1230 5745 1415 5812 Lugd.,
1448 5742 1655 5792 veteres.
1687 5736 1756 5787 Μ.

2548 3991 2771 4065 Quippe
2796 3988 3008 4047 Paulus
3028 3986 3156 4042 inde
3181 3982 3417 4041 Galatas
3439 3978 3654 4052 arguit,
3676 3975 3831 4048 quod
3852 3973 3915 4030 in
3939 3972 4199 4030 circum-

2551 4082 2831 4139 cisionem
2863 4077 3210 4143 relabentes,
3241 4074 3313 4129 ad
3348 4071 3584 4127 inﬁrma
3612 4066 3957 4140 repedarent
3978 4067 4037 4119 et
4066 4080 4201 4135 ege-

2556 4188 2632 4227 na
2658 4170 2966 4241 elementa,
3000 4166 3215 4239 quibus
3264 4165 3454 4219 denuo
3498 4158 3714 4216 servire
3742 4154 3958 4211 vellent
3988 4152 4201 4226 (Galat.

2556 4276 2615 4316 1v
2641 4260 2792 4332 etv).
2845 4257 3145 4325 Quomodo
3194 4268 3330 4326 ergo
3378 4250 3437 4305 id
3487 4264 3591 4321 ego
3624 4245 3955 4315 admittam,
3989 4242 4049 4297 in
4082 4258 4203 4315 quo

2558 4349 2737 4406 alium
2768 4350 2995 4405 videam
3025 4341 3417 4418 reprehendi?
3446 4345 3637 4410 Turpe
3666 4338 3756 4392 est
3786 4336 3973 4390 redire
3993 4331 4052 4387 in
4078 4348 4205 4389 ser-
4285 4340 4295 4349 ‘

2555 4439 2824 4507 vitntem,
2853 4439 2953 4494 sed
2982 4435 3216 4507 turpius
3244 4433 3348 4488 ire.

2628 4528 2859 4587 CAPUT
2886 4530 2953 4583 ΙΙ.
2980 4558 3047 4567 -
3064 4528 3427 4580 AUGUSTINUS
3450 4514 3782 4590 respondit:
3803 4513 3935 4569 Jam
3960 4510 4203 4583 quidem

2560 4620 2702 4677 satis
2724 4617 2995 4690 superius
3016 4613 3403 4679 ostendimus,
3426 4622 3607 4679 quare
3628 4608 3685 4661 et
3704 4601 3995 4676 quomodo
4013 4606 4209 4656 tenea-
4286 4624 4301 4671 τ

2561 4726 2695 4766 mus
2724 4706 3124 4764 auctoritatem
3148 4699 3370 4757 Veteris
3417 4692 3798 4762 Testamenti,
3848 4707 3963 4747 non
3994 4690 4065 4746 ad
4100 4690 4205 4745 Ju-

2561 4800 2739 4855 daicze
2763 4794 3059 4853 servitutis
3079 4790 3491 4858 imitationem,
3526 4785 3627 4841 sed
3658 4783 3731 4839 ad
3763 4779 4105 4837 Christianae
4136 4778 4204 4833 li-

2563 4887 2805 4945 bertatis
2823 4882 3312 4943 testiﬁcationem.
3335 4878 3535 4949 Neque
3554 4874 3711 4931 enim
3733 4888 3883 4941 mea,
3917 4869 4018 4924 sed
4052 4874 4208 4940 Apo-

2563 4978 2698 5036 stoli
2726 4994 2833 5034 vox
2862 4979 2971 5046 est,
3006 4974 3148 5044 Quia
3176 4971 3363 5027 omnia
3392 4968 3509 5023 haec
3538 4967 3597 5020 in
3619 4964 3793 5035 ﬁgura
3816 4957 4209 5029 contingebant
4298 4951 4302 4963 ’

2564 5070 2688 5127 illis
2714 5087 2727 5138 ;
2754 5069 2957 5139 scripta
2987 5068 3175 5120 autem
3196 5067 3321 5117 sunt
3339 5060 3559 5131 propter
3576 5070 3695 5120 nos,
3718 5054 3777 5109 in
3799 5065 3930 5124 quos
3949 5048 4079 5118 ﬁnis
4101 5061 4209 5105 sa?-

2564 5136 2817 5216 culornm
2842 5136 3053 5212 obvenit
3081 5154 3127 5224 (I
3165 5157 3289 5206 Cor.
3339 5164 3395 5213 x,
3429 5146 3536 5218 11).
3583 5144 3945 5213 Quapropter
3994 5154 4115 5193 non
4146 5136 4208 5191 in

2566 5248 2845 5306 servitute
2864 5245 3111 5301 facimus
3129 5257 3254 5313 quas
3265 5240 3437 5310 jussa
3453 5233 3674 5291 suntad
3690 5247 3798 5287 nos
3810 5227 4211 5302 praenuntian-

2567 5342 2691 5411 dos,
2718 5338 2819 5395 sed
2840 5336 2901 5391 in
2924 5334 3187 5389 libertate
3206 5330 3458 5401 legimus
3481 5341 3607 5396 quas
3627 5321 3845 5392 scripta
3860 5322 3998 5374 sunt
4016 5318 4091 5375 ad
4107 5332 4215 5374 nos

2566 5407 3019 5485 conﬁrmandos.
3045 5423 3185 5488 Quis
3215 5418 3411 5488 itaque
3428 5417 3554 5487 jam
3577 5428 3692 5467 non
3716 5408 4029 5480 intelligat,
4060 5407 4213 5463 unde

2567 5519 2802 5577 Galatas
2824 5517 3050 5571 revocat
3070 5510 3406 5583 Apostolus,
3432 5521 3543 5561 non
3564 5500 3833 5574 religiose
3848 5497 4213 5569 Scripturam
4299 5546 4301 5552 λ

2568 5602 3033 5665 circumcisionis
3061 5600 3341 5671 legentes,
3375 5595 3474 5650 sed
3500 5593 3628 5665 jam
3660 5586 4075 5660 superstitiose
4105 5586 4211 5641 cir-

2569 5696 2823 5756 cumcidi
2843 5692 3103 5750 volentes
3125 5686 3327 5762 (Galat.
3351 5702 3405 5742 1v
3424 5682 3592 5757 etv)?
3613 5679 3776 5739 Unde
3806 5693 3924 5735 non
3943 5691 4210 5749 pannum
