4638 6544
114 389 207 446 257
1384 382 1615 441 LIBER
1657 382 2187 447 DUODECIMUS.
3371 397 3489 457 258

115 514 662 573 Christusautsancti
680 512 906 569 codices
921 513 1731 569 mentiuntur.Verumtamen
1844 515 2039 571 saeculi
2072 516 2509 574 manist‘estatur
2552 520 2882 577 reformatio
2915 526 3114 577 nostra
3144 523 3203 578 in
3236 526 3488 582 novitate

122 602 362 662 utmulta
392 620 509 658 non
542 602 897 675 colligam,et
918 602 1025 658 hoc
1046 620 1230 658 unum
1254 619 1728 671 commemorem,
1846 605 2082 675 mentis,
2114 607 2441 661 secundum
2476 607 2793 680 imaginem
2831 612 2957 681 ejus
2987 613 3085 682 qui
3115 614 3330 669 creavit
3360 632 3485 683 nos,

116 694 247 767 quod
275 692 477 748 eodem
509 692 633 748 loco
650 690 960 764 Apostolus
982 698 1401 764 consequenter
1422 693 1594 749 dicit:
1618 693 1733 747 Non
1844 691 1996 747 sicut
2025 693 2166 748 dicit
2194 694 2508 765 Apostolus
2530 697 2751 767 (Coloss.
2788 716 2871 770 III,
2907 701 3015 771 10).
3058 701 3148 757 Fit
3177 702 3298 757 viro
3351 704 3488 758 dor-

114 788 453 857 potestautem
472 782 733 839 excidere
752 783 975 838 verbum
996 783 1111 838 Dei.
1128 784 1246 839 Non
1266 785 1416 839 enim
1436 798 1620 841 omnes
1641 783 1735 853 qui
1840 781 2043 837 mienti
2077 784 2289 854 conjux
2339 785 2409 839 de
2447 783 2625 841 latere
2659 785 2809 857 (Gen.
2865 804 2927 860 ιι,
2973 790 3060 861 22)
3099 807 3111 846 :
3149 792 3213 846 fit
3259 792 3484 849 Christo

116 891 161 931 es
188 872 345 930 Israel
369 872 430 927 hi
447 876 575 927 sunt
599 873 889 933 Israelita”;
904 888 1074 944 neque
1098 874 1194 945 qui
1212 877 1342 928 sunt
1361 888 1545 928 semen
1564 872 1734 927 Abra-
1841 870 2109 925 morienti
2142 872 2397 929 Ecclesia
2428 875 2498 929 de
2529 881 2893 933 sacramento
2923 879 3251 951 sanguinis,
3276 882 3374 953 qui
3410 882 3482 939 de

119 965 209 1032 hae,
237 978 412 1018 omnes
446 962 557 1033 ﬁlii
591 979 611 1017 :
639 961 734 1018 sed
768 963 922 1017 Isaac
948 963 1232 1017 vocabitur
1262 963 1363 1018 tibi
1404 978 1589 1017 semen
1608 961 1740 1017 :hoc
1841 959 2019 1016 latere
2050 962 2265 1017 mortui
2285 963 2560 1034 proﬂuxit
2580 965 2755 1036 (Joan.
2779 983 2897 1036 χιχ,
2922 967 3033 1038 34).
3058 968 3311 1025 Vocatur
3332 971 3485 1027 Heva

116 1058 198 1123 est,
227 1065 333 1107 non
365 1050 425 1105 hi
454 1050 552 1123 qui
578 1050 694 1123 ﬁlii
720 1053 925 1116 carnis,
958 1050 1019 1106 hi
1047 1052 1155 1122 filii
1184 1054 1311 1114 Dei;
1340 1052 1443 1107 sed
1477 1052 1587 1121 ﬁlii
1612 1067 1738 1122 pro-
1842 1049 1960 1105 vita
1988 1053 2044 1105 et
2078 1055 2261 1107 mater
2292 1051 2578 1121 vivorum,
2609 1071 2736 1125 quae
2767 1056 2837 1110 de
2866 1056 2972 1111 viri
3004 1057 3093 1112 sui
3126 1056 3303 1115 latere
3335 1061 3489 1116 facta

115 1141 370 1197 missionis
398 1139 742 1212 deputantur
788 1142 842 1196 in
878 1156 1058 1197 semen
1079 1140 1252 1213 (Rom.
1292 1158 1367 1208 1x,
1400 1140 1543 1211 6-8).
1591 1139 1740 1206 Quid
1846 1142 2039 1194 estzet
2071 1140 2212 1195 dicit
2241 1141 2517 1198 dominus
2540 1143 2597 1198 in
2628 1144 2962 1217 Evangelio,
2988 1145 3185 1217 Siquis
3214 1164 3490 1204 nonman-

112 1231 173 1287 ad
201 1230 310 1285 haec
342 1229 681 1301 responsuri
705 1234 864 1296 sunt,
914 1245 1047 1285 cum
1100 1233 1297 1302 aperte
1328 1228 1439 1285 alio
1488 1229 1613 1284 loco
1673 1229 1742 1283 de
1844 1227 2122 1284 ducaverit
2160 1245 2377 1286 carnem
2407 1237 2671 1299 meam,et
2703 1234 2897 1289 biberit
2933 1238 3261 1306 sanguinem
3288 1254 3489 1306 meum,

116 1320 210 1375 hoc
244 1319 464 1375 semine
494 1319 565 1374 ad
618 1318 908 1374 Abraham
962 1318 1224 1374 dicatur:
1267 1320 1329 1374 In
1384 1320 1591 1374 semine
1654 1326 1746 1374 tuo
1847 1316 2066 1372 habebit
2099 1319 2161 1373 in
2192 1335 2246 1374 se
2278 1321 2443 1374 vitam
2474 1321 2573 1390 (1d.
2605 1338 2682 1383 v1,
2716 1322 2827 1389 53).
2864 1327 2929 1377 Et
2959 1325 3159 1381 omnia
3202 1344 3325 1397 quas
3376 1326 3498 1381 illic

123 1408 488 1465 benedicentur
539 1422 721 1464 omnes
779 1416 967 1481 gentes
1022 1412 1182 1465 terrm
1226 1408 1373 1477 (Gen.
1423 1425 1579 1479 xxxx,
1630 1408 1683 1474 4)
1716 1408 1743 1463 ?
1848 1405 2482 1477 leguntur‘enucleate
2520 1410 2977 1484 minutatimque
3008 1418 3278 1484 tractata,
3306 1416 3501 1470 Chris-

123 1498 253 1554 Nam
321 1496 372 1553 si
439 1513 505 1553 eo
579 1501 839 1569 tempore
895 1497 1032 1553 hinc
1113 1498 1571 1570 disputaremus,
1632 1513 1747 1569 quo
1851 1498 2006 1550 stum
2029 1500 2085 1550 et
2110 1497 2423 1553 Ecclesiam
2446 1499 3131 1571 prseloquuntur,sivein
3156 1504 3503 1575 bonisChri-

122 1596 359 1659 tempore
386 1586 495 1641 hoc
525 1586 847 1658 exponebat
886 1586 1199 1658 Apostolus
1245 1587 1466 1657 dicens,
1514 1586 1750 1643 Abrahae
1852 1584 2045 1647 tianis.
2080 1586 2197 1639 sive
2228 1587 2287 1641 in
2312 1587 2890 1660 malis.Nequeenim
2909 1590 3126 1646 frustra
3143 1593 3287 1647 dixit
3314 1599 3499 1664 Apos-

118 1676 262 1732 dictee
284 1683 414 1731 sunt
436 1676 838 1747 promissiones
866 1679 916 1731 et
936 1677 1137 1730 semini
1156 1678 1277 1748 ejus
1310 1693 1330 1731 :
1368 1692 1477 1730 non
1507 1675 1658 1744 dicit,
1688 1675 1749 1730 Et
1854 1672 2031 1741 tolus,
2066 1673 2237 1729 Adam
2266 1677 2362 1746 qui
2392 1683 2470 1731 est
2514 1678 2699 1749 forma
2744 1680 2926 1749 futuri
2972 1683 3147 1750 (Rom.
3196 1698 3251 1748 v,
3300 1682 3410 1752 15);
3441 1685 3500 1739 et

120 1765 421 1831 seminibus,
457 1772 727 1836 tanquam
757 1766 814 1819 in
843 1765 1065 1826 multis;
1094 1766 1198 1820 sed
1228 1769 1492 1837 tanquam
1522 1767 1583 1819 in
1612 1781 1748 1832 uno,
1854 1761 2019 1828 illud,
2056 1764 2339 1835 Relinquet
2367 1766 2522 1821 homo
2549 1771 2764 1837 patrem
2802 1776 2853 1823 et
2878 1773 3132 1837 matrem,
3162 1777 3215 1826 et
3251 1770 3496 1827 adhaere-

121 1858 186 1909 Εἰ
208 1856 404 1909 semini
428 1859 546 1922 tuo,
578 1854 724 1926 quod
752 1862 829 1910 est
865 1853 1114 1909 Christus
1144 1852 1348 1925 (Galat.
1382 1870 1469 1919 ιιι,
1505 1854 1613 1925 16);
1636 1854 1749 1908 for-
1855 1851 1933 1906 bit
1962 1855 2129 1908 uxori
2154 1869 2299 1910 suae:
2331 1862 2382 1909 et
2411 1859 2571 1910 erunt
2600 1855 2706 1911 duo
2737 1857 2797 1911 in
2825 1873 2991 1912 carne
3018 1874 3149 1913 una.
3175 1862 3493 1915 Sacramen-

120 1947 261 1998 tasse
288 1941 504 2014 aliquis
536 1959 651 1998 non
678 1948 798 1998 tam
822 1942 1194 2014 impudenter
1217 1942 1395 1998 nollet
1423 1943 1530 1998 hoc
1555 1942 1751 1998 crede—
1854 1944 1997 2006 tum,
2023 1941 2337 2012 inquit,hoc
2354 1961 2613 2015 magnum
2638 1953 2716 2000 est
2734 1949 3023 2015 egoautem
3070 1947 3187 2003 dico
3210 1949 3269 2002 in
3293 1947 3503 2006 Christo

118 2049 188 2087 re.
209 2036 521 2104 antequam
550 2031 771 2087 videret
802 2048 1005 2087 omnes
1022 2036 1224 2103 gentes
1242 2032 1473 2087 credere
1502 2031 1561 2086 in
1586 2030 1753 2086 Chri-
1854 2038 1905 2086 et
1938 2032 1997 2085 in
2026 2033 2271 2118 Ecclesia
2328 2033 2543 2104 (Ephes.
2594 2050 2647 2102 v,
2707 2035 2795 2104 31,
2854 2034 2964 2104 32).
3001 2034 3139 2098 Quis
3182 2036 3338 2091 euim
3384 2055 3502 2094 non

119 2126 279 2187 stum,
298 2121 400 2192 qui
419 2120 765 2193 praedicatur
782 2138 850 2176 ex
868 2121 1090 2176 semine
1112 2120 1598 2177 Abraham.Nunc
1622 2135 1754 2176 vero
1858 2125 2142 2192 agnoscat
2170 2120 2466 2176 Christum
2498 2139 2563 2178 eo
2595 2124 2766 2179 modo
2798 2122 3106 2195 reliquisse
3136 2124 3386 2192 Patrem,
3409 2127 3509 2199 qui

120 2227 241 2265 cum
264 2210 367 2265 hoc
387 2209 616 2282 impleri
636 2210 962 2276 videamus,
987 2211 1140 2282 quod
1154 2215 1315 2266 tanto
1332 2216 1466 2265 ante
1486 2228 1756 2283 praenun-
1858 2224 1983 2264 cum
2020 2211 2084 2264 in
2121 2212 2306 2280 forma
2337 2212 2434 2265 Dei
2460 2217 2612 2276 esset,
2652 2228 2762 2267 non
2792 2214 3048 2284 rapinam
3078 2214 3384 2270 arbitratus
3424 2220 3506 2271 est

130 2298 322 2353 tiatum
372 2297 648 2370 legimus,
698 2314 833 2353 cum
871 2315 1074 2354 omnes
1124 2302 1325 2371 gentes
1361 2300 1487 2371 jam
1520 2299 1756 2354 benedi-
1859 2314 1973 2354 esse
2000 2300 2231 2371 azqualis
2260 2301 2385 2365 Deo,
2407 2300 2501 2355 sed
2528 2304 2876 2372 semeptisum
2904 2305 3236 2372 exinanivit,
3269 2306 3503 2374 formam

124 2393 315 2442 cantur
344 2388 406 2442 in
438 2388 659 2444 semine
690 2387 955 2451 Abrahae,
988 2387 1079 2443 cui
1115 2387 1336 2443 dictum
1368 2393 1457 2443 est
1486 2392 1619 2443 ante
1650 2405 1750 2444 an-
1858 2390 2002 2444 servi
2032 2390 2300 2460 accipiens
2327 2389 2344 2460 (
2374 2390 2618 2461 Philipp.
2663 2407 2724 2458 ιι,
2756 2392 2811 2461 6,
2839 2392 2896 2464 7)
2928 2408 2941 2445 :
2978 2391 3281 2463 reliquisse
3324 2395 3500 2450 etiam

127 2493 320 2531 norum
351 2476 561 2548 millia,
580 2479 641 2533 In
669 2479 877 2532 semine
905 2481 994 2533 tuo
1013 2478 1409 2534 benedicentur
1422 2493 1608 2533 omnes
1628 2494 1758 2546 gen-
1862 2482 2109 2533 matrem
2141 2494 2494 2551 synagogam
2524 2479 2884 2545 Judzeorum,
2916 2480 3106 2537 Veteri
3129 2482 3503 2539 Testamento

127 2569 197 2619 tes
227 2582 239 2619 :
272 2566 407 2636 quis
436 2569 556 2621 tam
590 2565 964 2637 pertinaciter
1019 2566 1294 2636 insaniat,
1338 2571 1399 2622 ut
1445 2566 1533 2621 vel
1577 2567 1759 2622 alium
1864 2566 2190 2622 carnalater
2218 2567 2689 2635 inhaerentem,et
2717 2569 3031 2625 adhaesisse
3052 2572 3214 2625 uxori
3231 2589 3348 2627 suae
3369 2588 3505 2627 sau-

127 2653 435 2726 Christum,
468 2655 570 2726 qui
601 2672 717 2710 non
750 2658 828 2711 sit
858 2671 928 2710 ex
957 2654 1180 2711 semine
1220 2655 1483 2723 Abrahae,
1520 2660 1763 2711 conetur
1865 2659 1967 2710 ctae
2008 2655 2295 2721 Ecclesiae,
2329 2660 2393 2711 ut
2422 2656 2479 2711 in
2513 2673 2653 2728 pace
2684 2657 2821 2714 Novi
2870 2658 3225 2715 Testamenti
3250 2662 3271 2694 ²
3310 2664 3511 2717 essent

130 2742 423 2813 inducere;
455 2743 543 2799 vel
573 2744 643 2799 de
672 2744 784 2800 isto
832 2761 963 2800 vero
1000 2745 1229 2801 Christo
1273 2745 1605 2817 prOphetias
1658 2747 1761 2800 He-
1868 2745 1981 2800 duo
2012 2744 2068 2799 in
2102 2762 2273 2800 carne
2304 2746 2463 2799 una?
2485 2746 2630 2811 Quia
2645 2762 2779 2802 cum
2803 2748 2880 2801 sit
2899 2747 3052 2803 Deus
3074 2750 3227 2819 apud
3255 2750 3508 2817 Patrem,

128 2832 301 2888 brazas
331 2834 505 2904 cujus
525 2835 714 2906 gentis
746 2838 909 2906 pater
939 2838 1027 2890 est
1055 2834 1370 2905 Abraham,
1401 2834 1565 2906 {nihil
1611 2834 1765 2890 exis-
1869 2850 1970 2905 per
1999 2849 2172 2905 quem
2205 2834 2337 2889 facti
2371 2850 2600 2900 sumus,
2634 2836 2820 2892 factus
2850 2840 2939 2892 est
2968 2853 3069 2907 per
3108 2853 3341 2892 carnem
3374 2854 3509 2909 par-

129 2922 286 2978 timet
317 2923 747 2995 praenuntiasse
769 2922 797 2978 ?
1868 2922 2054 2993 ticeps
2087 2922 2540 2990 nostri,utillius
2574 2923 2779 2994 capitis
2794 2941 3006 2996 corpus
3026 2941 3153 2981 esse
3178 2942 3509 2997 possemus.

193 3012 420 3069 CAPUT
449 3012 571 3068 VII.
604 3043 673 3053 —
702 3012 846 3080 Quis
877 3016 1073 3068 autem
1101 3016 1314 3085 potest,
1348 3030 1465 3068 non
1491 3013 1617 3070 dico
1650 3030 1767 3069 una
1940 3011 2166 3068 CAPUT
2192 3014 2287 3067 IX.
2327 3043 2388 3052 —-
2425 3012 2588 3067 Sicut
2637 3012 2777 3068 Cain
2825 3012 3177 3069 sacrificium
3226 3032 3295 3071 ex
3341 3020 3506 3071 terrai

134 3100 281 3155 brevi
301 3102 703 3172 responsione,
726 3100 951 3173 quales1
976 3102 1034 3157 in
1053 3102 1163 3159 hoc
1188 3102 1591 3174 operehabere
1612 3120 1769 3160 coar-
1871 3101 2157 3156 fructibus
2203 3101 2565 3172 reprobatur,
2617 3101 2757 3157 Abel
2799 3106 2993 3157 autem
3043 3102 3394 3159 sacrificium
3439 3120 3512 3160 ex

136 3194 372 3259 ctamur,
393 3190 496 3246 sed
528 3190 790 3263 quolibet
805 3190 1027 3262 ingenti
1070 3191 1367 3248 volumine
1391 3193 1588 3249 omnia
1610 3210 1766 3249 com-
1872 3190 2077 3245 ovibus
2107 3194 2163 3244 et
2191 3206 2391 3245 earum
2440 3190 2610 3262 adipe
2632 3190 2989 3263 suscipitur;
3022 3191 3103 3247 ita
3132 3191 3273 3247 Novi
3315 3193 3516 3249 Testa-

136 3293 455 3336 memorare
485 3279 771 3352 praeconia
818 3280 1237 3353 Prophetarum
1272 3282 1666 3350 Hebraeorum,
1700 3283 1772 3339 de
1875 3268 2056 3335 menti
2090 3279 2230 3334 ﬁdes
2275 3295 2342 3334 ex
2388 3278 2718 3335 innocentia
2773 3280 2972 3352 gratias
3026 3281 3204 3336 Deum
3244 3281 3516 3351 laudans,

134 3366 372 3425 Domino
404 3372 463 3425 et
493 3370 789 3425 Salvatore
821 3374 1018 3426 nostro
1060 3370 1203 3426 Jesu
1270 3370 1539 3429 Christo?
1591 3389 1772 3445 quan-
1874 3371 2099 3426 Veteris
2129 3371 2487 3426 Testamenti
2518 3369 2761 3426 terrenis
2792 3370 3066 3442 operibus
3097 3372 3469 3443 anteponitur
3500 3391 3515 3431 :

133 3457 445 3529 doquidem
477 3459 671 3515 omnia
700 3476 826 3531 quas
874 3458 992 3514 illis
1040 3460 1412 3517 continentur
1443 3461 1653 3530 Libris,
1684 3461 1772 3519 vel
1877 3459 2016 3533 quia
2047 3460 2151 3515 etsi
2177 3463 2311 3514 ante
2338 3459 2523 3515 Judzei
2555 3463 2707 3515 recte
2734 3459 2833 3515 illa
2862 3460 3161 3528 fecerunt;
3206 3461 3265 3516 in
3323 3478 3389 3517 eo
3437 3469 3520 3517 la-

131 3545 199 3602 de
227 3547 354 3619 ipso
384 3546 543 3604 dicta
573 3556 728 3615 sunt,
759 3548 849 3604 vel
901 3552 1134 3620 propter
1176 3549 1372 3622 ipsum
1418 3550 1772 3607 exercitatio-
1878 3566 2012 3605 men
2063 3546 2421 3604 inﬁdelitatis
2471 3549 2549 3604 rei
2594 3553 2752 3614 eunt,
2804 3548 2942 3620 quia
2979 3548 3205 3605 Christo
3252 3550 3520 3608 veniente

129 3650 257 3690 nem
288 3636 628 3707 querentis,
661 3642 717 3692 et
746 3636 1188 3693 delectationem
1222 3638 1590 3710 invenientis,
1618 3638 1771 3695 mul-
1871 3640 1995 3711 jam
2029 3642 2263 3709 tempus
2297 3637 2436 3694 Novi
2476 3638 2833 3692 Testamenti
2888 3654 2923 3692 a
2980 3642 3238 3708 tempore
3286 3637 3517 3696 Veteris

129 3727 182 3778 to
210 3722 379 3796 plura
407 3724 492 3780 ibi
516 3742 618 3797 per
647 3724 953 3798 allegorias
975 3730 1033 3781 et
1052 3726 1386 3798 aenigmata,
1412 3729 1625 3799 partim
1647 3744 1773 3783 ver-
1876 3726 2230 3784 Testamenti
2261 3742 2375 3781 non
2406 3725 2814 3782 distinxerunt.
2846 3726 3000 3781 Dixit
3040 3727 3195 3781 enim
3240 3727 3393 3784 Deus
3442 3729 3516 3786 ad

129 3810 215 3868 bis
242 3812 387 3870 solis
408 3813 811 3885 insinuantur,
827 3814 1042 3887 partim
1064 3815 1240 3871 etiam
1264 3817 1417 3872 facta
1438 3822 1772 3873 narrantur.
1880 3818 2015 3872 Cain
2052 3834 2064 3871 :
2098 3816 2159 3871 Si
2187 3823 2327 3871 recte
2354 3816 2569 3887 offeras,
2600 3818 2741 3871 recte
2770 3818 2953 3871 autem
2981 3831 3090 3870 non
3122 3816 3363 3883 dividas,
3394 3834 3519 3890 pec-

129 3900 548 3961 Verumtamen
581 3904 693 3961 nisi
727 3904 923 3977 aliqua
951 3906 1029 3961 ibi
1064 3906 1376 3963 manifesta
1405 3913 1623 3975 essent,
1657 3924 1775 3964 non
1880 3907 2034 3962 casti.
2067 3904 2175 3969 Qui
2207 3904 2257 3959 si
2287 3907 2746 3975 optemperasset
2768 3902 2882 3959 Deo
2905 3903 3139 3970 dicenti,
3166 3905 3415 3975 Quiesce;
3453 3905 3524 3961 ad

131 3994 722 4067 comprehenderetur
750 4011 982 4062 sensus,
1010 4013 1126 4067 quo
1156 3996 1331 4052 etiam
1363 3996 1613 4053 obscura
1659 3997 1779 4053 cla-
1884 4000 1934 4053 te
1964 3997 2110 4051 enim
2138 3995 2418 4050 conversio
2443 3994 2581 4065 ejus,
2612 4001 2662 4049 et
2691 4002 2749 4048 tu
2794 3994 3170 4049 dominaberis
3218 3995 3403 4063 illius;
3452 3996 3524 4050 ad

135 4084 803 4158 rescerent.0uanquam
826 4089 883 4141 et
910 4102 979 4141 ex
1008 4084 1125 4142 illis
1148 4102 1273 4158 quas
1296 4086 1500 4158 figuris
1521 4086 1782 4142 involuta
1887 4103 1949 4142 se
1980 4085 2358 4141 convertisset
2383 4087 2685 4156 peccatum
2729 4100 2923 4150 suum,
2958 4082 3069 4138 sibi
3102 4082 3208 4139 hoc
3238 4085 3527 4156 tribuens,

134 4178 287 4241 sunt,
323 4174 373 4230 si
408 4174 677 4247 quaedam
706 4174 867 4231 velut
896 4175 1004 4230 sub
1037 4191 1154 4231 uno
1185 4180 1423 4248 aspectu
1447 4176 1615 4247 quasi
1651 4193 1783 4232 con-
1889 4180 1944 4230 et
1965 4174 2248 4230 conﬁtens
2279 4172 2394 4229 Deo
2421 4189 2433 4227 :
2458 4189 2523 4227 ac
2546 4172 2631 4227 sic
2656 4172 2895 4242 adjutus
2920 4171 3293 4243 indulgentias
3315 4173 3524 4245 gratia,

134 4262 289 4317 texta
327 4268 647 4336 ponantur,
705 4262 785 4319 ita
841 4265 1205 4337 conjungunt
1253 4264 1312 4319 in
1364 4266 1783 4321 contestatione
1888 4265 2012 4337 ipse
2034 4266 2267 4335 peccato
2298 4278 2402 4317 suo
2434 4261 2875 4330 dominaretur;
2908 4278 3020 4317 non
3052 4261 3152 4316 illo
3182 4261 3294 4317 sibi
3338 4262 3526 4318 domi-

134 4349 348 4408 Christi
374 4369 545 4410 voces
576 4368 736 4424 suas,
770 4356 837 4407 ut
866 4353 1124 4425 cujusvis
1153 4353 1348 4409 obtusi
1367 4354 1623 4410 surditas
1653 4371 1785 4410 eru-
1894 4358 2069 4409 nante
2100 4369 2302 4408 servus
2334 4350 2577 4423 peccati,
2598 4351 2833 4406 fratrem
2851 4350 3137 4406 occideret
3156 4350 3528 4408 innocentem

135 4437 349 4497 bescat.
1892 4444 2045 4517 (Gen.
2073 4460 2144 4497 IV.
2179 4441 2321 4511 3-8).
2346 4440 2438 4495 Sic
2469 4444 2527 4495 et
2550 4440 2756 4506 Judaei,
2792 4440 2848 4495 in
2884 4456 3133 4510 quorum
3184 4439 3303 4496 haec
3342 4441 3532 4514 ﬁgura

201 4530 437 4588 CAPUT
467 4531 615 4588 VIII.
639 4531 839 4587 —-Sex
868 4531 1079 4588 diebus
1102 4532 1160 4586 in
1183 4531 1391 4587 Genesi
1415 4548 1789 4589 consumma-
1893 4533 2259 4605 gerebantur,
2292 4530 2342 4585 si
2368 4528 2732 4601 quiescerent
2778 4545 2813 4584 a
2860 4545 2969 4584 sua
3018 4529 3442 4600 pertubatione,
3475 4533 3533 4585 et

132 4617 208 4674 vit
239 4624 393 4676 Deus
426 4621 626 4677 omnia
650 4636 827 4693 opera
848 4638 979 4687 sua,
1012 4620 1261 4693 septimo
1292 4621 1580 4693 requievit
1617 4625 1785 4695 (Gen.
1892 4627 2126 4693 tempus
2167 4616 2754 4690 salutiepergratiam
2774 4618 2831 4671 in
2854 4621 3223 4688 peccatorum
3244 4618 3540 4674 remissio-

136 4724 196 4777 ιι,
228 4710 281 4776 1,
310 4711 391 4782 2).
436 4710 548 4766 Sex
578 4710 847 4765 aetatibus
877 4709 1205 4766 humanum
1226 4726 1414 4783 genus
1438 4715 1544 4766 hoc
1576 4710 1788 4767 szeculo
1898 4727 2032 4766 nem
2091 4712 2494 4782 agnoscentes,
2530 4706 2801 4761 audirent
2829 4705 3128 4762 Christum
3179 4706 3529 4766 discentem.

138 4811 237 4867 per
265 4799 676 4855 successiones
707 4803 1061 4871 temporum,
1092 4800 1194 4855 Dei
1226 4816 1402 4872 opera
1424 4800 1788 4873 insigniunt:
1898 4803 2010 4858 Non
2038 4807 2116 4856 est
2144 4813 2275 4870 opus
2302 4798 2461 4851 sanis
2516 4794 2777 4861 medicus,
2834 4795 2931 4850 sed
2983 4796 3128 4850 male
3170 4795 3495 4852 habentibus
3524 4811 3546 4853 :

138 4902 389 4957 quarum
423 4890 616 4964 prima
636 4893 726 4946 est
753 4891 824 4946 ab
849 4891 1033 4945 Adam
1050 4906 1240 4962 usque
1268 4891 1339 4946 ad
1357 4891 1509 4959 Noe;
1536 4890 1793 4947 secunda
1902 4908 2019 4947 non
2101 4889 2229 4944 veni
2282 4900 2473 4942 vocare
2523 4885 2714 4954 iustos,
2774 4884 2864 4940 sed
2916 4888 3222 4956 peccatores
3264 4886 3324 4941 in
3363 4887 3546 4957 paeni-

139 4976 299 5033 eNoe
318 4995 515 5051 usque
541 4979 611 5034 ad
631 4979 952 5043 Abraham;
978 4979 1169 5049 tertia,
1193 4982 1264 5036 ab
1288 4980 1583 5036 Abraham
1607 4995 1794 5053 usque
1899 4980 2148 5037 nentiam
2178 4974 2393 5047 (Matth.
2416 4991 2490 5042 ιχ,
2526 4973 2615 5044 12,
2649 4973 2773 5045 13);
2825 4977 2881 5029 et
2911 4974 3098 5030 Omnis
3127 4976 3224 5046 qui
3252 4976 3385 5044 facit
3412 4991 3539 5047 pec-

141 5066 206 5121 ad
232 5068 412 5123 David
435 5072 690 5139 ;quarta,
714 5087 747 5125 a
770 5068 949 5125 David
994 5086 1181 5141 usque
1215 5070 1287 5125 ad
1324 5070 1795 5139 transmigratio—
1902 5075 2100 5138 catum,
2132 5082 2318 5123 servus
2348 5072 2422 5121 est
2442 5065 2669 5134 peccati;
2699 5067 2773 5133 et,
2805 5064 2869 5119 Si
2892 5080 2979 5119 vos
3009 5064 3160 5131 ﬁlius
3204 5064 3541 5132 liberaverit,

144 5171 272 5211 nem
296 5158 358 5211 in
382 5157 797 5228 Babyloniam;
822 5158 1026 5229 quinta
1046 5157 1180 5212 inde
1207 5175 1391 5229 usque
1417 5159 1486 5215 ad
1510 5158 1794 5215 humilem
1905 5170 2033 5217 tunc
2062 5173 2185 5213 vere
2205 5155 2369 5211 liberi
2397 5154 2549 5209 eritis
2577 5152 2752 5223 (Joun.
2781 5170 2902 5221 vm,
2932 5153 3023 5221 34,
3053 5154 3141 5223 36)
3168 5170 3181 5209 :
3206 5153 3276 5208 ad
3300 5168 3361 5207 se
3402 5170 3539 5208 con-

142 5244 463 5303 adventum
496 5246 726 5302 Domini
756 5246 941 5302 nostri
969 5251 1105 5302 Jesu
1136 5246 1387 5315 Christi;
1434 5252 1615 5319 sexta,
1668 5265 1796 5320 quis
1904 5248 2215 5306 vertissent
2246 5246 2545 5317 peccatum
2579 5257 2752 5297 suum
2787 5241 2846 5295 in
2880 5242 3263 5307 confessione,
3298 5241 3452 5297 sicut
3483 5241 3544 5297 in

144 5349 298 5391 nunc
328 5336 554 5408 agitur,
578 5336 762 5391 donec
792 5335 1066 5392 Excelsus
1104 5337 1300 5392 veniat
1353 5338 1423 5393 ad
1465 5336 1755 5409 judicium
1780 5353 1795 5405 ;
1909 5338 2136 5397 Psalmo
2157 5334 2439 5405 scriptum
2465 5336 2573 5401 est,
2593 5332 2812 5386 medico
2837 5330 3115 5400 dicentes,
3153 5332 3268 5403 Ego
3285 5330 3425 5397 dixi,
3446 5333 3551 5387 Do-

144 5425 406 5496 septima
428 5441 565 5480 vero
597 5423 947 5497 intelligitur
977 5425 1033 5481 in
1066 5426 1265 5498 requie
1288 5430 1648 5497 sanctorum,
1683 5442 1797 5481 non
1906 5427 2342 5495 mine,miserere
2360 5422 2494 5484 mei;
2514 5436 2650 5474 sana
2673 5421 2926 5475 animam
2952 5435 3150 5490 meam,
3185 5421 3317 5491 quia
3335 5420 3556 5487 peccavi

146 5512 202 5567 in
235 5513 347 5569 hac
380 5513 523 5583 vita,
547 5513 641 5570 sed
661 5513 719 5568 in
736 5513 869 5582 alia,
894 5514 993 5569 ubi
1014 5514 1161 5569 vidit
1182 5514 1637 5586 requiescentem
1656 5532 1799 5587 pau-
1910 5520 2007 5576 tibi
2037 5515 2206 5589 (Psal.
2239 5530 2318 5578 χι,
2348 5511 2423 5582 5);
2455 5514 2512 5565 et
2541 5509 2727 5564 eidem
2760 5513 3014 5580 peccato,
3066 5508 3346 5581 quamdiu
3397 5511 3553 5566 esset

149 5616 342 5674 perem
392 5603 559 5659 dives
606 5602 722 5674 ille,
781 5619 916 5658 cum
966 5605 1117 5675 apud
1165 5604 1382 5660 inferos
1432 5608 1803 5676 torqueretur
1912 5608 2102 5665 adhuc
2132 5605 2190 5659 in
2222 5617 2422 5658 eorum
2452 5597 2682 5654 mortali
2714 5613 2972 5669 corpore,
3001 5614 3102 5669 per
3131 5616 3291 5671 spem
3350 5599 3549 5671 gratias

147 5690 299 5763 (Luc.
328 5711 452 5760 xvr,
499 5693 609 5761 23);
643 5692 739 5748 ubi
774 5709 889 5747 non
922 5692 988 5747 fit
1015 5709 1275 5764 vespera,
1310 5693 1450 5765 quia
1478 5692 1678 5749 nullus
1719 5693 1802 5749 ibi
1910 5696 2077 5754 liberi
2100 5691 2556 5750 dominarentur.
2582 5685 2746 5741 Nunc
2768 5690 2963 5743 autem
2984 5686 3549 5761 ignorautesDeiju-

150 5797 347 5839 rerum
381 5782 651 5839 defectus
680 5785 787 5838 est.
821 5781 992 5838 Sexto
1031 5782 1124 5839 die
1156 5784 1214 5839 in
1263 5782 1471 5841 Genesi
1519 5782 1806 5840 formatur

150 5870 328 5930 homo
362 5872 441 5929 ad
474 5870 793 5945 imaginem
841 5870 945 5927 Dei
972 5869 1127 5944 (Gen.
1175 5890 1218 5945 ι,
1262 5872 1357 5947 27)
1389 5889 1405 5932 z
1435 5876 1600 5934 sexta
1637 5876 1806 5932 estate

219 5981 236 6015 ¹
263 5978 393 6032 Sola
423 5977 592 6031 editio
623 5979 771 6041 Lov.,
801 5977 1043 6042 quadem.

1984 5914 1999 5949 ι
2030 5914 2144 5963 Αω.
2173 5907 2260 5958 Er.
2290 5905 2433 5963 Mss.,
2465 5900 2841 5964 intelliguntur.

1974 5965 2817 6035 iMss.,utpaceNoviTestamenti;
2847 5966 3300 6029 omisso,in,Forte
3337 5964 3498 6017 uie-iv
3516 5978 3554 6014 ι.
