4638 6464
752 283 870 342 259

756 412 1007 481 stitiam,
1041 415 1100 468 et
1156 428 1322 468 suam
1354 412 1608 468 volentes
1635 414 1990 470 constituere
2019 414 2193 485 (Rom.
2226 431 2282 483 x,
2316 414 2392 485 3),

749 501 887 557 elati
910 503 981 557 de
1002 500 1277 573 operibus
1310 501 1491 571 Legis,
1529 518 1644 557 non
1706 502 2002 558 humiliati
2036 503 2107 558 de
2139 501 2393 574 peccatis

748 590 897 655 suis,
927 606 1042 645 non
1067 590 1441 660 quieverunt;
1465 594 1523 645 et
1548 595 1829 662 regnante
1851 596 2085 664 peccato
2108 591 2167 646 in
2192 606 2394 646 eorum

749 678 982 735 mortali
1012 694 1249 750 corpore
1271 678 1342 733 ad
1375 678 1765 735 obediendum
1798 680 2106 735 desideriis
2134 681 2261 750 ejus
2292 679 2393 751 (ld.

746 783 824 836 vr,
857 768 964 837 12),
997 767 1365 822 offenderunt
1407 766 1465 823 in
1521 768 1772 840 lapidem
1812 768 2148 824 offensionis
2186 768 2285 838 (Id.
2319 786 2396 838 iv,

744 856 858 928 32),
882 860 939 911 et
966 858 1311 911 exarserunt
1340 857 1473 912 odio
1506 857 1782 913 adversus
1812 874 1969 923 eum,
2011 858 2180 928 cujus
2224 874 2401 929 opera

742 944 1008 999 videntes
1042 945 1155 1000 Deo
1182 948 1419 1016 accepta
1448 961 1596 1013 esse,
1651 945 1983 1017 doluerunt,
2036 945 2134 1001 illo
2159 946 2257 1017 qui
2289 962 2398 1000 caa-

747 1048 855 1088 cus
886 1037 1062 1088 natus
1088 1035 1213 1103 jam
1251 1034 1506 1102 videbat,
1538 1034 1651 1089 sibi
1702 1035 1949 1105 dicente,
1998 1035 2209 1090 Scimus
2260 1035 2398 1106 quia

738 1124 1049 1193 peccatores
1082 1127 1224 1178 Deus
1252 1138 1363 1179 non
1391 1123 1655 1186 exaudit;
1684 1122 1780 1179 sed
1834 1125 1931 1195 qui
1980 1139 2107 1179 eum
2142 1125 2395 1195 coluerit,

743 1214 798 1266 et
826 1211 1172 1267 voluntatem
1200 1213 1314 1283 ejus
1332 1210 1697 1281 fecerit,hunc
1722 1212 1947 1267 exaudit
1967 1212 2143 1283 (Joan.
2173 1211 2348 1284 1x,31)
2378 1226 2394 1268 :

743 1303 1026 1371 tanquam
1057 1300 1167 1356 hoc
1217 1300 1302 1354 eis
1352 1301 1589 1369 diceret,
1640 1317 1817 1371 super
1859 1301 2210 1355 sacriﬁcium
2256 1300 2397 1356 Cain

746 1404 859 1443 non
896 1388 1151 1460 respicit,
1184 1388 1291 1459 ped
1320 1405 1498 1459 super
1547 1389 1901 1444 sacriﬁcium
1948 1389 2085 1444 Abel
2138 1389 2396 1461 respicit,

744 1478 846 1532 sed
879 1493 1057 1549 super
1077 1476 1432 1532 sacriﬁcium
1465 1476 1604 1532 Abel
1636 1479 1893 1549 respicit.
1930 1477 2132 1550 Ilaque
2184 1478 2398 1532 occidi-

742 1569 839 1620 tur
870 1566 1012 1620 Abel
1045 1565 1235 1620 minor
1264 1571 1403 1619 natu
1447 1581 1482 1620 a
1510 1566 1689 1621 fratre
1721 1568 1941 1636 majore
1974 1571 2144 1620 natu:
2185 1566 2396 1621 occidi-

744 1660 840 1709 tur
876 1654 1141 1710 Christus
1174 1658 1351 1726 caput
1381 1654 1579 1725 populi
1622 1655 1869 1711 minoris
1917 1660 2057 1710 natu
2108 1672 2141 1709 a
2182 1654 2398 1726 populo

746 1741 1084 1798 Judaaorum
1116 1744 1337 1813 majore
1370 1748 1510 1797 natu
1542 1758 1556 1798 :
1590 1742 1686 1798 ille
1715 1742 1775 1798 in
1798 1760 2025 1815 campo,
2050 1744 2156 1798 iste
2177 1742 2235 1797 in
2268 1741 2398 1799 Cal-

747 1832 917 1887 variaa
945 1831 1092 1887 loco.

820 1972 1051 2029 CAPUT
1081 1971 1143 2028 X.
1176 2003 1244 2013 —-
1276 1972 1599 2045 Interrogat
1628 1978 1778 2029 Deus
1808 1972 1966 2043 Cain,
1988 1978 2399 2046 nontanquam

750 2062 993 2134 ignarus
1024 2078 1158 2118 eum
1188 2078 1222 2118 a
1243 2078 1358 2134 quo
1378 2062 1586 2132 discat,
1609 2063 1711 2119 sed
1736 2068 2011 2135 tanquam
2026 2064 2208 2133 judcx
2230 2080 2397 2120 reum

751 2167 926 2224 quem
958 2150 1181 2224 puniat,
1205 2151 1306 2207 ubi
1338 2151 1415 2207 sit
1438 2151 1614 2208 frater
1643 2153 1791 2224 ejus.
1820 2153 2149 2225 Respondet
2170 2154 2264 2210 ille
2296 2169 2396 2210 ne-

757 2240 909 2296 scire
943 2257 1004 2296 se
1035 2257 1139 2295 nec
1169 2242 1296 2312 ejus
1340 2257 1401 2297 se
1451 2258 1578 2297 esse
1626 2243 1950 2297 custodem.
1984 2242 2179 2314 Usque
2203 2243 2396 2300 adhuc

756 2329 893 2399 quid
918 2329 1085 2385 nobis
1111 2330 1467 2401 respondent
1485 2329 1692 2397 Judaei,
1723 2347 1853 2386 cum
1885 2348 1982 2387 eos
2004 2332 2102 2386 Dei
2129 2348 2264 2387 voce
2288 2331 2397 2388 hoc

750 2422 857 2482 est,
891 2423 1222 2474 sanctarum
1245 2418 1682 2490 Scripturarum
1696 2436 1829 2475 voce
1858 2420 2294 2493 interrogamus
2325 2421 2396 2476 de

749 2507 997 2574 Christo,
1031 2507 1144 2562 nisi
1176 2509 1399 2563 nescire
1454 2524 1517 2564 se
1556 2508 1855 2564 Christum
1887 2526 2062 2580 quem
2096 2509 2346 2565 dicimus
2374 2513 2397 2565 Ρ

747 2594 943 2651 Fallax
963 2595 1120 2651 enim
1150 2595 1289 2653 Cain
1313 2595 1621 2668 ignoratio,
1652 2596 1988 2653 Judaaorum
2012 2604 2101 2654 est
2132 2599 2279 2654 falsa
2302 2616 2396 2656 ne-

746 2685 922 2756 gatio.
945 2684 1150 2739 Essent
1171 2688 1366 2740 autem
1390 2686 1643 2757 quodam
1661 2687 1835 2741 modo
1855 2685 2070 2743 Christi
2096 2689 2392 2755 custodes,

747 2774 795 2828 si
818 2772 1197 2829 christianum
1228 2773 1404 2830 ﬁdem
1436 2775 1695 2847 accipere
1737 2779 1794 2831 et
1831 2775 2127 2832 custodire
2173 2777 2394 2833 voluis-

746 2868 894 2918 sent.
923 2862 1067 2918 Nam
1102 2862 1201 2936 qui
1231 2864 1488 2920 custodit
1516 2864 1575 2919 in
1606 2865 1777 2921 corde
1800 2882 1907 2921 suo
1929 2865 2250 2933 Christum,
2277 2883 2393 2923 non

746 2951 888 3008 dicit
916 2953 1069 3024 quod
1116 2952 1275 3024 Cain,
1325 2954 1602 3025 Numquid
1656 2970 1755 3025 ego
1783 2964 1966 3012 custos
2016 2971 2139 3010 sum
2188 2955 2395 3028 fratris

745 3042 856 3094 mei
866 3044 890 3093 .’
920 3042 1064 3096 Dicit
1094 3042 1229 3097 Deus
1288 3042 1424 3098 Cain
1450 3060 1463 3097 :
1525 3043 1663 3112 Quid
1690 3046 1900 3117 fecisti?
1960 3049 2076 3100 Vox
2100 3046 2395 3114 sanguinis

745 3131 942 3201 fratris
973 3131 1057 3185 tui
1074 3130 1281 3187 clamat
1309 3132 1378 3187 ad
1406 3148 1495 3188 me
1515 3132 1579 3188 de
1610 3137 1781 3188 terra.
1810 3134 1903 3189 Sic
1934 3132 2127 3206 arguit
2159 3134 2217 3189 in
2238 3133 2394 3189 Scri-

746 3218 938 3290 pturis
968 3219 1187 3275 sanctis
1218 3237 1328 3276 vox
1349 3220 1544 3277 divina
1561 3221 1815 3279 Judaaos.
1848 3222 2033 3278 Habet
2064 3221 2218 3277 enim
2261 3238 2389 3279 ma-

746 3324 922 3380 gnam
955 3325 1155 3365 vocem
1186 3309 1399 3366 Christi
1429 3312 1672 3383 sanguis
1702 3310 1762 3366 in
1794 3317 1967 3382 terra,
1987 3328 2122 3367 cum
2140 3328 2205 3367 eo
2230 3327 2391 3367 acce-

745 3400 844 3468 pto
876 3398 946 3453 ab
979 3398 1257 3455 omnibus
1286 3400 1563 3473 gentibus
1593 3401 2218 3472 respondetur,Amen.
2265 3405 2393 3457 llteo

744 3490 834 3542 est
850 3485 1005 3543 clara
1021 3505 1127 3544 vox
1148 3489 1474 3561 sanguinis,
1498 3506 1675 3562 quam
1699 3489 2025 3562 sanguinis,
2048 3490 2172 3561 ipse
2197 3491 2389 3562 expri-

746 3576 933 3633 mitex
946 3594 1043 3633 ore
1058 3577 1324 3635 ﬁdelium
1351 3579 1555 3636 eodem
1572 3578 1857 3651 sanguine
1896 3579 2355 3651 redemptorum.

819 3727 1056 3786 CAPUT
1088 3728 1182 3786 Χῐ.
1214 3762 1283 3771 -
1323 3732 1469 3787 Dicit
1507 3733 1647 3787 Deus
1676 3730 1751 3786 ad
1777 3730 2021 3787 Cain:Et
2043 3746 2192 3786 nunc
2217 3732 2392 3788 mate-

750 3816 928 3873 dictus
953 3826 1014 3873 tu
1040 3836 1074 3874 a
1100 3822 1271 3886 terra,
1304 3835 1430 3892 quae
1448 3821 1667 3892 aperuit
1694 3836 1751 3875 os
1779 3836 1935 3874 suum
1962 3822 2213 3893 excipere
2257 3837 2389 3876 san-

747 3908 977 3979 guinem
1006 3910 1212 3979 fratris
1241 3910 1331 3964 tui
1352 3908 1416 3965 de
1439 3926 1610 3963 manu
1640 3912 1762 3971 tua;
1793 3910 2051 3979 quoniam
2080 3909 2392 3981 operaberis

741 4012 974 4065 terram,
996 4006 1050 4053 et
1076 4014 1187 4053 non
1215 3998 1438 4070 adjiciet
1464 4000 1719 4054 virtutem
1746 4014 1913 4054 suam
1967 3998 2099 4054 dare
2128 4000 2233 4055 titi
2253 4016 2273 4054 :
2303 4015 2391 4071 ge-

741 4100 912 4140 mems
941 4093 992 4141 et
1021 4090 1257 4142 tremens
1300 4087 1410 4143 eris
1444 4088 1506 4141 in
1552 4094 1700 4143 terra
1749 4086 1903 4158 (Gen.
1936 4103 2012 4155 IV,
2042 4088 2222 4156 9-12).
2262 4088 2388 4144 Non

740 4173 908 4243 dixit,
940 4174 1245 4231 Maledicta
1290 4179 1474 4243 terra;
1514 4176 1639 4243 sed,
1668 4176 1985 4232 Maledictus
2036 4178 2099 4230 tu
2151 4194 2186 4231 a
2215 4186 2389 4246 terra,

737 4278 861 4336 quae
889 4267 1109 4336 aperuit
1134 4281 1197 4320 os
1227 4282 1391 4320 suum
1417 4266 1665 4338 accipere
1698 4267 2024 4337 sanguinem
2050 4267 2248 4337 fratris
2306 4267 2393 4323 tui

741 4352 807 4407 de
833 4369 1010 4409 manu
1039 4357 1154 4409 tua.
1185 4353 1525 4410 Maledictus
1547 4358 1635 4409 est
1651 4353 1805 4409 enim
1831 4353 2086 4426 populus
2106 4354 2389 4412 Judaicus

750 4440 1007 4499 inﬁdelis
1027 4460 1059 4497 a
1082 4448 1256 4515 terra,
1288 4444 1345 4497 id
1377 4448 1485 4512 est,
1519 4443 1592 4499 ab
1624 4442 1898 4511 Ecclesia,
1931 4461 2056 4514 qua:
2079 4445 2304 4515 apuerit
2324 4461 2388 4502 os

735 4545 911 4585 suum
972 4530 1033 4586 in
1067 4532 1431 4588 confessione
1462 4536 1830 4604 peccatorum
1861 4532 2121 4603 accipere
2149 4533 2387 4605 sangui-

746 4634 879 4674 nem
918 4618 1154 4690 Christi,
1189 4620 1289 4693 qui
1324 4621 1494 4677 fusus
1521 4621 1689 4677 estin
1733 4620 2143 4677 remissionem
2186 4638 2388 4695 pecca-

738 4712 957 4777 torum,
992 4708 1063 4764 de
1084 4727 1261 4766 manu
1295 4709 1684 4783 persecutoris
1708 4708 1957 4766 nolentis
1980 4727 2105 4767 esse
2127 4712 2236 4767 sub
2259 4727 2387 4783 gra-

737 4796 840 4867 tia,
870 4798 970 4853 sed
990 4798 1100 4854 sub
1131 4798 1307 4871 Lege;
1336 4804 1402 4854 ut
1430 4803 1585 4855 esset
1615 4800 1686 4855 ab
1732 4798 1984 4855 Ecclesia
2013 4800 2383 4870 maledictus,

734 4885 790 4940 id
824 4891 934 4958 est,
968 4894 1032 4943 ut
1061 4905 1194 4943 eum
1238 4888 1585 4962 intelligeret
1640 4893 1697 4943 et
1745 4889 2076 4945 ostenderet
2132 4889 2386 4947 Ecclesia

739 4974 1140 5048 maledictum,
1172 4976 1430 5033 discente
1484 4976 1778 5049 Apostolo,
1840 4979 2103 5051 Quimque
2131 4983 2277 5034 enim
2315 4995 2387 5037 ex

744 5081 815 5119 ex
844 5066 1100 5137 operibus
1134 5069 1287 5137 Legis
1313 5077 1465 5133 sunt,
1499 5069 1601 5123 sub
1619 5066 1905 5123 maledicto
1934 5072 2065 5124 sunt
2085 5070 2241 5139 Legis
2262 5069 2386 5142 (Ga-

738 5152 837 5208 lat.
873 5171 960 5223 ιιι,
992 5156 1100 5224 10).
1132 5155 1348 5211 Deinde
1383 5173 1516 5213 cum
1559 5156 1819 5225 dixisset,
1868 5157 2195 5213 Maledicta:
2244 5167 2305 5213 tu
2349 5174 2385 5213 a

742 5250 1042 5314 terra,qua2
1062 5247 1277 5316 aperuit
1298 5262 1353 5301 os
1370 5262 1527 5301 suum
1554 5247 1807 5318 excipere
1833 5248 2165 5318 sanguinem
2186 5247 2385 5317 fratris

744 5334 834 5386 tui
862 5334 933 5387 de
962 5350 1133 5389 manu
1166 5340 1295 5397 tua;
1345 5352 1460 5391 non
1503 5336 1667 5407 dixit,
1716 5335 2001 5399 Quoniam
2051 5334 2383 5407 operaberis

737 5438 864 5477 eam
894 5422 997 5478 sed
1033 5423 1135 5481 ait.
1165 5426 1433 5495 Quoniam
1454 5427 1765 5499 operaberis
1794 5429 2080 5493 terram,et
2099 5441 2207 5480 non
2237 5424 2382 5496 adji-

734 5510 839 5564 ciet
864 5510 1125 5568 virtutem
1154 5532 1318 5571 suam
1355 5516 1496 5572 dare
1537 5517 1658 5571 tibi.
1721 5513 1885 5570 Unde
1941 5531 2055 5569 non
2115 5529 2384 5570 neccesse

738 5600 1008 5656 eamdem
1035 5608 1249 5660 terram
1282 5605 1603 5678 intelligere
1634 5603 1862 5676 operari
1892 5602 2054 5670 Cain,
2087 5618 2215 5674 quas
2246 5618 2381 5675 ape-

732 5688 856 5744 ruit
886 5706 949 5745 os
982 5692 1241 5765 accipere
1270 5694 1613 5768 sanguinem
1644 5691 1845 5748 fratris
1874 5691 1945 5747 de
1992 5706 2171 5748 manu
2202 5691 2330 5764 ejus
2362 5706 2379 5748 :

734 5777 835 5833 sed
870 5778 998 5837 ideo
1024 5781 1371 5841 maledictus
1400 5782 1753 5855 intelligitur
1782 5780 1854 5837 ab
1885 5779 1993 5838 hac
2014 5784 2193 5852 terra,
2240 5796 2383 5855 quo-

727 5865 890 5929 niam
922 5875 1193 5945 Operatur
1220 5857 1438 5932 terram
1465 5888 1596 5945 quae
1644 5887 1760 5927 non
1811 5869 2047 5942 adjiciat
2100 5871 2381 5932 virtutem

1523 279 1840 342 CONTRA
1884 277 2261 342 FAUSTUM
2305 278 2832 351 MANICHEUM,
2881 277 2947 340 S.
3005 276 3431 341 AUGUSTINI

4038 275 4163 336 260

2501 414 2639 470 dare
2670 414 2751 470 illi
2781 440 2795 482 ς
2824 415 2878 469 id
2910 419 3020 481 est,
3054 414 3181 470 ideo
3216 412 3495 486 populum
3517 412 3855 468 Judaaorum
3879 410 4156 467 maledic-

2503 508 2625 559 tum
2658 504 2923 577 agnoscit
2952 507 3010 560 et
3049 503 3303 559 ostendit
3350 500 3627 569 Ecclesia,
3652 500 3934 573 quoniam
3968 501 4161 557 occiso

2505 594 2734 650 Christo
2765 593 2955 649 adhuc
2985 597 3262 665 operatur
3281 597 3575 646 terrenam
3618 590 4159 656 circumcisionem,

2505 688 2800 739 terrenum
2833 683 3166 749 sabbatum,
3198 686 3497 737 terrenum
3529 695 3803 751 azynum.
3854 684 4160 735 terrenum

2506 772 2723 845 pascha
2756 788 2768 827 :
2803 789 2930 844 quae
2961 772 3154 827 omnis
3183 775 3412 825 terrena
3443 768 3702 840 operatio
3734 768 3910 824 habet
3959 767 4157 823 occul-

2503 868 2623 918 tam
2652 863 2924 917 virtutem
2951 859 3342 932 intelligendaa
3372 858 3571 931 gratim
3600 856 3839 927 Christi,
3873 874 4007 929 quae
4040 874 4157 913 non

2504 954 2679 1008 datur
2707 952 2927 1008 Judaeis
2957 950 3015 1006 in
3039 950 3336 1023 impietate
3380 954 3438 1004 et
3483 947 3827 1003 inﬁdelitate
3875 963 4150 1020 perseve-

2504 1042 2937 1115 rantibus,quia
2953 1041 3108 1096 Novo
3123 1042 3141 1077 ⁸
3161 1040 3535 1094 Testamento
3558 1035 3808 1092 revelata
3828 1041 3938 1103 est;
3959 1042 4157 1093 etnon

2502 1130 2947 1187 transeuntibus
2976 1130 3048 1185 ad
3081 1128 3417 1194 Dominum,
3451 1142 3567 1182 non
3598 1125 3683 1182 eis
3714 1126 3980 1182 aufcrtur
4007 1124 4167 1182 vela-

2504 1237 2659 1288 men,
2694 1220 2847 1292 quod
2897 1220 2957 1275 in
2989 1218 3235 1274 lectione
3267 1215 3492 1272 Veteris
3522 1215 3882 1271 Testamenti
3937 1218 4163 1285 manet,

2504 1311 2645 1383 quia
2673 1310 2731 1365 in
2767 1308 2887 1366 solo
2926 1308 3152 1363 Christo
3173 1310 3509 1367 evacuatur,
3534 1320 3650 1358 non
3683 1303 3814 1375 ipsa
3844 1302 4015 1359 lectio
4046 1306 4165 1360 Ve-

2502 1399 2643 1456 teris
2664 1397 3041 1465 Testamenti,
3075 1413 3201 1468 quea
3227 1396 3403 1451 habet
3422 1394 3827 1449 absconditam
3857 1393 4151 1450 virtutem

2503 1489 2603 1545 sed
2632 1488 2897 1543 velamen
2930 1504 3044 1559 quo
3076 1485 3454 1542 absconditur
3495 1484 3567 1555 (li
3618 1483 3738 1539 Cor.
3799 1499 3885 1550 ιιι,
3937 1483 4159 1555 14-16).

2504 1577 2925 1647 ΗιιᾶθζΟ-Ῑινὶεῐο
2957 1578 3013 1630 in
3046 1580 3222 1630 Cruce
3254 1590 3425 1645 passo
3446 1573 3468 1606 ²
3498 1572 3695 1628 velum
3755 1571 3959 1643 templi
4011 1588 4157 1626 con-

2504 1668 2754 1723 scissum
2788 1672 2877 1721 est
2906 1665 3115 1737 (Matth.
3146 1680 3321 1727 xxvn,
3364 1661 3476 1732 51),
3512 1666 3575 1715 ut
3605 1676 3708 1732 per
3750 1660 3965 1716 Christi
4017 1677 4158 1732 pa-

2504 1756 2725 1812 sionem
2742 1755 3067 1812 revelentur
3088 1758 3311 1809 secreta
3331 1754 3829 1807 sacramentorum
3851 1748 4156 1816 ﬁdelibus,

2502 1847 2574 1902 ad
2606 1846 2926 1902 bibendum
2960 1840 3087 1916 ejus
3116 1841 3462 1915 sanguinem
3495 1856 3592 1895 ore
3622 1843 3821 1911 aperto
3844 1838 3902 1895 in
3927 1839 4160 1894 confes-

2503 1937 2666 1992 sione
2695 1933 3160 1990 transeuntibus.
3193 1935 3506 2003 Propterea
3537 1927 3789 2000 pupulus
3838 1927 3957 1993 ille,
3991 1927 4154 1985 sicut

2500 2023 2660 2093 Cain,
2694 2024 2884 2080 adhuc
2915 2028 3187 2095 operatur
3212 2026 3426 2076 terram
3457 2016 3649 2073 adhuc
3678 2021 3905 2072 exercet
3933 2032 4143 2088 opera-

2500 2114 2717 2171 tionem
2752 2113 2919 2185 Legis
2951 2109 3275 2176 carnaliter,
3323 2123 3449 2179 qua:
3481 2122 3597 2161 non
3626 2105 3679 2161 ei
3709 2105 3809 2161 dat
3865 2105 4146 2161 virtutem

2499 2221 2692 2270 suam,
2715 2202 2921 2274 quiain
2943 2218 3007 2257 ea
3026 2217 3139 2256 non
3164 2196 3434 2269 intelligit
3454 2195 3703 2268 gratiam
3747 2194 3983 2250 Christi.
4017 2198 4159 2249 Pro-

2498 2299 2695 2366 pterea
2723 2292 2774 2348 ei
2804 2292 2862 2347 in
2893 2291 3024 2363 ipsa
3052 2295 3207 2346 terra
3234 2303 3413 2359 quam
3459 2284 3725 2341 Christus
3774 2282 4048 2356 portavit,
4090 2282 4155 2338 id

2498 2388 2606 2451 est,
2636 2383 2693 2437 in
2714 2384 2841 2453 ejus
2860 2397 3054 2447 carne,
3077 2379 3187 2451 ipsi
3211 2376 3433 2449 operati
3454 2378 3595 2430 sunt
3617 2372 3865 2429 salutem
3884 2377 4151 2429 nostram

2499 2471 2891 2545 cruciﬁgendo
2912 2470 2988 2524 Cb
3000 2470 3230 2538 ristum,
3247 2466 3343 2537 qui
3368 2469 3634 2522 mortuus
3655 2468 3744 2519 est
3772 2453 4016 2535 propter
4040 2463 4143 2518 de-

2497 2563 2635 2619 licta
2661 2567 2877 2618 nostra.
2901 2561 3015 2615 Nec
3045 2557 3128 2613 eis
3154 2557 3314 2613 dedit
3342 2555 3546 2611 eadem
3568 2559 3721 2609 terra
3749 2552 4027 2608 virtutem
4050 2570 4152 2608 su-

2499 2671 2614 2723 am,
2645 2652 2783 2724 quia
2808 2666 2923 2706 non
2946 2646 3254 2719 justiﬁcati
3280 2649 3418 2702 sunt
3446 2644 3658 2700 virtute
3690 2641 4145 2698 resurrectionis

2498 2744 2647 2813 ejus,
2667 2740 2767 2813 qui
2790 2738 3105 2795 resurrexit
3126 2740 3358 2809 propter
3369 2731 3849 2805 justiﬁcationem
3875 2736 4143 2787 nostram

2496 2833 2673 2905 (Rom.
2708 2847 2783 2895 ιν,
2812 2830 2933 2899 25):
2962 2827 3098 2899 quia
3119 2826 3222 2882 etsi
3249 2823 3547 2894 cruciﬁxus
3567 2824 3645 2876 est
3679 2837 3751 2876 ex
3797 2821 4146 2891 inﬁrmitate,

2496 2921 2592 2977 sed
2619 2922 2752 2977 vivit
2773 2936 2840 2975 ex
2862 2920 3059 2974 virtute
3088 2918 3203 2983 Dei,
3239 2914 3391 2970 sicut
3419 2911 3560 2968 dicit
3586 2909 3901 2983 Apostolus
3924 2909 4000 2982 (II
4014 2908 4141 2965 Cor.

2496 3028 2597 3076 xu,
2626 3010 2701 3081 4).
2737 3010 2863 3063 Haec
2892 3024 3027 3078 ergo
3058 3022 3128 3060 ex
3156 3005 3344 3059 virtus
3372 3006 3539 3057 terras
3568 2999 3748 3067 illius,
3785 3014 3965 3070 quam
4021 3014 4145 3053 non

2499 3098 2757 3157 ostendit
2783 3096 2981 3169 impiis
3011 3108 3067 3151 et
3092 3091 3428 3149 incredulis.
3462 3088 3626 3146 Unde
3669 3104 3774 3144 nec
3805 3102 4145 3159 resurgens,

2497 3189 2582 3245 eis
2612 3205 2645 3243 a
2675 3187 2891 3258 quibus
2914 3189 3038 3240 erat
3057 3181 3373 3239 cruxiﬁxus
3396 3176 3686 3251 apparuit;
3702 3181 3986 3247 tanquam
4004 3174 4149 3231 Cain

2497 3277 2758 3350 operanti
2782 3280 3018 3341 terram,
3054 3278 3117 3329 ut
3145 3286 3392 3345 granum
3422 3267 3563 3323 illud
3595 3265 4006 3335 seminaretur,
4028 3281 4149 3320 non

2497 3370 2834 3425 ostendens“
2852 3364 3052 3420 eadem
3075 3366 3231 3418 terra
3262 3359 3517 3415 fructum
3540 3354 3774 3410 virtutis
3795 3371 3915 3410 suae
3950 3371 3963 3410 :
3990 3357 4152 3425 Quo-

2495 3462 2652 3517 niam
2668 3456 3003 3531 operaberis,
3020 3450 3515 3521 inquit,terram,et
3527 3462 3634 3503 non
3652 3445 3873 3518 adjicite
3886 3445 4153 3500 virtutem

2495 3569 2653 3608 suam
2682 3549 2819 3604 dare
2844 3547 2966 3602 tibi.

2566 3636 2795 3696 CAPUT
2813 3635 3238 3688 XlI.—Gemens
3255 3634 3307 3683 et
3326 3628 3559 3682 tremens
3577 3623 3689 3679 eris
3706 3621 3767 3677 in
3790 3624 3959 3677 terra.
3978 3618 4152 3675 Nunc

2496 3746 2627 3787 ecce
2658 3728 2792 3799 quis
2824 3741 2938 3780 non
2953 3722 3160 3788 videat,
3182 3718 3312 3789 quis
3334 3732 3448 3771 non
3463 3715 3709 3786 agnocat
3729 3710 3790 3766 in
3813 3713 3934 3766 tota
3955 3714 4139 3799 terra,

2497 3798 2864 3893 quacumque
2903 3813 3206 3882 dispersus
3250 3811 3340 3862 est
3388 3802 3484 3860 ille
3532 3798 4141 3893 populus,_quomodo

2495 3888 2690 3983 gemat
2720 3919 2964 3960 maerore
2997 3898 3199 3956 amissi
3247 3894 3430 3967 regni,
3462 3897 3517 3949 et
3543 3894 3753 3947 tremat
3785 3889 3994 3945 timore
4027 3888 4144 3943 sub

2493 3979 3019 4056 innumerabilibus
3052 3985 3281 4062 populis
3326 3979 3713 4039 Christianis?
3746 3979 3998 4049 Ideoque
4018 3992 4145 4033 res-

2495 4086 2700 4162 pondit
2729 4083 2869 4140 Cain
2896 4084 2960 4161 et
2988 4078 3134 4134 dixit
3167 4095 3180 4133 :
3214 4075 3400 4146 Major
3429 4075 3505 4128 est
3532 4085 3705 4162 causa
3735 4083 3882 4162 mea,
3905 4066 3955 4162 si

2492 4155 2579 4235 me
2630 4175 2785 4231 hodie
2805 4189 2839 4227 a
2866 4158 3011 4242 facie
3056 4176 3240 4233 terrae,
3270 4167 3323 4219 et
3351 4180 3384 4218 a
3422 4161 3569 4234 facie
3600 4163 3698 4214 tua
3726 4155 4048 4222 abscondar,
4086 4158 4146 4211 et

2491 4284 2587 4324 ero
2611 4277 2827 4337 gemens
2881 4264 2935 4316 et
2962 4262 3202 4313 tremens
3232 4269 3397 4325 super
3431 4259 3665 4311 terram;
3714 4254 3766 4303 et
3793 4247 3921 4337 erit,
3962 4245 4145 4301 omnis

2492 4358 2589 4430 qui
2612 4333 2884 4410 invenerit
2912 4364 3017 4413 me,
3040 4344 3241 4402 occidet
3268 4358 3375 4398 me.
3406 4340 3553 4395 Vere
3582 4337 3718 4430 inde
3734 4333 3915 4430 gemit
3936 4338 3994 4430 et
4018 4337 4145 4430 tre:

2493 4421 2617 4514 init,
2651 4461 2723 4500 ne
2755 4456 2932 4513 regno
2964 4435 3139 4493 etiam
3193 4437 3421 4489 terreno
3463 4427 3709 4502 perdito,
3763 4424 3880 4481 ista
3924 4421 4147 4478 visibili

2494 4539 2679 4591 morte
2708 4530 3027 4588 occidatur.
3050 4524 3210 4580 Hanc
3227 4520 3367 4577 dicit
3382 4518 3665 4589 majorem
3688 4528 3949 4579 causam,
3965 4526 4149 4583 quam

2491 4623 2651 4680 illam
2670 4620 2823 4693 quod
2842 4619 2895 4674 ei
2916 4622 3073 4673 terra
3102 4629 3217 4670 non
3240 4612 3340 4667 dat
3354 4607 3628 4664 virtutem
3661 4618 3852 4693 suam,
3870 4616 3940 4693 ne
3969 4597 4150 4693 spirit

2490 4689 2726 4769 tualite—r
2748 4707 3033 4764 moriatur
3051 4700 3392 4761 .Carnaliter
3420 4695 3578 4754 enim
3593 4692 3769 4766 sapit,
3786 4695 3846 4748 et
3865 4689 4150 4746 abscondi

2492 4799 2703 4859 atacie
2728 4796 2855 4867 Dei,
2903 4794 2962 4850 id
3010 4797 3117 4862 est,
3175 4790 3390 4847 iratum
3446 4784 3662 4842 habere
3714 4786 3919 4847 Deum,
3970 4792 4150 4867 grave

2491 4908 2606 4949 non
2630 4865 2983 4962 putat,_nisi
3032 4897 3103 4938 ne
3148 4877 3479 4937 inveniatur
3532 4877 3589 4930 et
3635 4870 3957 4964 occidatur.
4004 4865 4147 4964 Car-

2490 4957 2701 5036 naliter
2739 4974 2893 5047 sapit
2922 4977 3204 5043 tanquam
3234 4982 3482 5041 operans
3541 4967 3782 5019 terram.
3814 4957 3986 5028 cujus
4028 4957 4146 5010 vir-

2489 5073 2675 5126 tutem
2724 5081 2839 5121 non
2900 5060 3127 5133 accipit.
3160 5059 3373 5130 Sapere
3402 5056 3599 5111 autem
3645 5047 3975 5108 secundum
4010 5060 4140 5100 car-

2488 5174 2644 5221 nem,
2702 5169 2860 5209 mors
2918 5156 3009 5207 est
3064 5149 3240 5223 (Rom.
3297 5162 3421 5212 VIII,
3477 5145 3554 5212 6).
3622 5143 3808 5209 Quam
3867 5133 3967 5191 ille
4027 5148 4146 5223 non

2488 5246 2844 5318 intelligens,
2922 5242 3139 5298 amisso
3199 5253 3375 5309 regno
3432 5232 3633 5307 gemit,
3675 5233 3733 5286 et
3788 5222 4152 5298 corporalem

2488 5344 2737 5396 mortem
2791 5334 3025 5392 tremit.
3093 5330 3204 5387 Sed
3264 5328 3402 5401 quid
3464 5325 3516 5381 ei
3573 5321 3886 5395 respondet
3941 5318 4148 5373 Deus?

2486 5432 2603 5487 Non
2684 5429 2786 5495 sic,
2868 5424 3097 5497 inquit;
3155 5419 3246 5475 sed
3300 5418 3479 5475 omnis
3526 5415 3622 5487 qui
3679 5408 3941 5467 occiderit
3985 5405 4148 5497 Cain.

2485 5528 2690 5591 septem
2721 5494 2996 5577 vindictas
3026 5510 3263 5566 exsolvet
3294 5525 3307 5564 :
3356 5506 3413 5561 id
3437 5508 3544 5572 est,
3578 5518 3691 5557 non
3725 5499 3809 5555 sic
3846 5494 4151 5591 quomodo

2489 5584 2663 5678 dicis;
2698 5624 2814 5663 non
2845 5599 3130 5675 corporali
3164 5601 3346 5653 morte
3378 5591 3642 5651 interibit
3670 5604 3856 5663 genus
3887 5584 4149 5658 impium

2549 5747 2567 5811 ξ
2597 5743 2723 5811 '_l‘res
2744 5741 2889 5811 Mss"
2920 5750 3032 5811 quae
3053 5748 3085 5784 α
3114 5733 3293 5811 Novo.)

2546 5808 2569 5845 ³
2595 5808 2709 5857 Duo
2743 5795 2891 5866 Mam,
2920 5795 2976 5850 in
2991 5811 3156 5866 _cruce
3170 5795 3365 5866 posito.

2547 5870 2570 5910 ³
2593 5854 2890 5924 Vaticanus
2910 5861 3097 5926 codex,
3130 5854 3231 5913 non
3261 5854 3577 5909 ostendente.
