4638 6488
128 468 235 531 273

127 604 205 658 his
232 600 326 673 qui
356 600 413 655 in
441 598 788 654 sublimitate
807 600 955 663 sunt,
978 604 1040 653 ut
1057 598 1297 669 quietam
1314 605 1366 651 et
1390 593 1759 667 tranquillam

128 694 285 747 vitam
313 704 564 758 agamus,
596 689 657 743 in
687 688 838 743 omni
863 688 1063 758 pietate
1089 691 1140 742 et
1160 686 1431 741 charitate
1450 702 1467 739 :
1492 684 1588 737 hoc
1608 683 1757 737 enim

126 783 309 837 bonum
337 784 394 833 et
424 786 697 848 acceptum
732 784 808 833 est
835 792 1019 831 coram
1066 776 1345 831 Saluatore
1392 783 1576 829 nostra
1625 774 1756 841 Deo,

122 872 209 943 qui
235 884 415 925 omnes
444 867 690 921 homines
718 866 838 920 vult
865 866 1042 920 salvos
1072 866 1213 935 ﬁeri,
1246 872 1297 919 et
1324 866 1384 918 in
1416 864 1753 933 agnitionem

124 961 356 1016 veritatis
384 961 576 1012 venire
605 958 651 1027 (1
684 956 817 1009 Tim.
850 971 910 1024 ιι,
948 955 1081 1025 1-4).
1118 954 1195 1008 Ex
1224 954 1331 1007 hoc
1363 952 1577 1023 quippe
1638 949 1759 1004 illis

124 1047 483 1104 credentibus
512 1049 848 1101 constructa
870 1048 1011 1098 sunt
1035 1042 1331 1096 domicilia
1354 1041 1531 1111 pacis.
1560 1037 1755 1094 basili-

128 1154 199 1192 cae
244 1135 694 1190 Christianarum
745 1132 1285 1203 congregationum,
1336 1134 1393 1184 et
1458 1126 1757 1182 novellatae

123 1226 286 1280 vinea:
312 1224 509 1296 populi
547 1221 827 1284 ﬁdelium,
866 1226 923 1275 et
954 1219 1199 1292 plantati
1235 1218 1418 1285 horti;
1452 1216 1550 1271 ubi
1583 1216 1758 1269 etiam

127 1316 266 1370 inter
295 1312 493 1369 omnia
523 1310 681 1367 olera
710 1325 959 1383 granum
983 1307 1124 1362 illud
1153 1306 1374 1379 sinapis
1401 1309 1623 1377 regnat,
1649 1304 1758 1358 sub

124 1405 281 1474 cujus
302 1400 665 1457 umbraculis
688 1399 856 1470 longe
872 1398 1101 1469 lateque
1130 1395 1612 1468 porrectis,etiam
1636 1392 1761 1449 alti-

127 1496 283 1565 petax
303 1489 580 1562 superbia
601 1488 874 1544 Gentium
893 1492 1177 1558 tanquam
1198 1486 1256 1541 in
1275 1484 1399 1540 coeli
1423 1482 1759 1538 volatilibus

128 1580 504 1651 confugiendo
554 1576 864 1649 requiescit
914 1575 1127 1648 (Matth.
1182 1592 1305 1643 xm,
1356 1574 1445 1641 31,
1477 1573 1584 1643 32).
1613 1571 1758 1626 Nam

128 1670 271 1742 quod
292 1669 467 1725 etiam
494 1672 625 1740 post
648 1664 1020 1738 septuaginta
1041 1663 1469 1731 annos,secund
1481 1679 1579 1717 um
1602 1661 1758 1732 ejus-

128 1761 249 1815 dem
269 1757 535 1814 Jeremiae
562 1755 948 1828 prophetiam,
976 1752 1197 1809 reditur
1225 1770 1293 1808 ex
1320 1752 1671 1823 captivitate,
1702 1753 1761 1805 et

128 1847 400 1919 templum
433 1849 747 1901 renovatur
793 1843 1010 1914 (Jerem.
1054 1859 1210 1908 xxxx,
1262 1842 1351 1909 10,
1403 1845 1453 1896 et
1494 1839 1649 1895 Esdr.
1676 1838 1754 1905 1);

128 1937 246 2007 quis
278 1935 471 1991 ﬁdelis
502 1934 716 1990 Christi
742 1950 857 1987 non
878 1930 1184 2003 intelligat,
1210 1934 1340 2002 post
1356 1928 1585 1985 evoluta
1610 1933 1757 1983 tem-

127 2043 275 2099 pora,
308 2042 436 2097 quae
499 2022 812 2094 septenarii
864 2022 1089 2076 dierum
1141 2019 1366 2074 numeri
1422 2016 1761 2089 repetitione

126 2117 548 2183 transcurrunt,
582 2112 756 2167 etiam
790 2110 978 2178 nobis,
1013 2110 1069 2163 id
1103 2113 1187 2164 est
1239 2107 1505 2162 Ecclesiae
1537 2106 1634 2161 Dei
1687 2106 1758 2160 ad

134 2205 285 2259 illam
308 2198 930 2258 cmlestemJerusalem
944 2216 1012 2253 ex
1024 2198 1202 2269 hujus
1219 2196 1413 2252 sazculi
1438 2195 1762 2267 peregrina-

133 2294 277 2348 tione
308 2291 674 2348 redeundum
697 2289 725 2344 ‘I
754 2289 862 2344 Per
890 2286 1206 2360 quem,nisi
1238 2303 1340 2358 per
1366 2287 1562 2341 Jesum
1593 2282 1761 2340 Chri-

133 2386 278 2437 stum
310 2397 442 2436 vere
477 2379 836 2435 sacerdotem
872 2393 1170 2448 magnum,
1203 2376 1371 2445 cujus
1403 2376 1649 2446 ﬁguram
1671 2388 1764 2445 ge-

132 2473 282 2525 rebat
311 2470 410 2525 ille
434 2469 610 2524 Jesus
642 2467 915 2523 sacerdos
947 2482 1199 2537 magnus
1257 2464 1413 2519 illius
1454 2462 1760 2533 temporis,

132 2577 235 2632 quo
248 2557 893 2631 templumazdiﬁcatum
909 2559 998 2611 est
1013 2559 1143 2626 post
1155 2552 1762 2625 captivitatem?Quem

132 2649 402 2720 propheta
426 2645 740 2702 Zacharias
764 2645 913 2700 vidit
931 2644 986 2699 in
1012 2643 1248 2699 sordido
1262 2642 1489 2707 habitu,
1512 2639 1763 2695 devicto-

134 2754 236 2809 que
259 2738 514 2806 diabolo,
549 2735 646 2807 qui
679 2736 748 2789 ad
768 2736 896 2805 ejus
918 2733 1345 2788 accusationem
1372 2730 1587 2798 stabat,
1612 2727 1765 2783 abla-

131 2830 239 2880 tam
262 2824 344 2880 illi
364 2824 664 2881 sordidam
681 2825 984 2889 vestem,et
1006 2822 1208 2875 datum
1233 2819 1643 2874 indumentum
1661 2816 1764 2872 ho-

133 2914 280 2971 noris
305 2920 362 2970 et
388 2913 590 2987 gloriae
623 2911 814 2983 (Zach.
846 2911 970 2982 111):
1005 2909 1148 2966 sicut
1182 2926 1393 2980 corpus
1420 2907 1560 2963 Jesu
1602 2904 1765 2961 Chri-

132 3004 198 3059 sti
228 3005 377 3076 quod
411 3007 506 3059 est
534 3001 809 3067 Ecclesia,
841 2998 1170 3055 adversario
1201 2998 1261 3052 in
1295 2998 1407 3053 ﬁne
1438 3003 1766 3067 temporum

134 3110 226 3165 per
246 3092 541 3164 judicium
574 3094 864 3162 superato,
898 3105 930 3143 a
961 3087 1121 3143 luctu
1181 3084 1661 3159 peregrinationis
1708 3082 1767 3136 in

134 3182 366 3254 gloriam
382 3180 753 3252 sempiternae
768 3177 975 3234 salutis
989 3174 1499 3239 assumitur.Quod
1514 3174 1689 3228 etiam
1707 3171 1768 3226 in

134 3271 351 3327 Psalmo
364 3267 750 3326 dedicationis
762 3268 972 3324 domus
990 3264 1357 3338 apertissime
1377 3262 1621 3319 canitur:
1633 3260 1772 3316 Con-

131 3362 337 3416 vertisti
366 3360 582 3415 luctum
608 3373 794 3412 meum
824 3358 884 3411 in
913 3354 1189 3424 gaudium
1241 3352 1400 3418 mihi,
1458 3350 1771 3407 conscidisti

132 3466 338 3504 saccum
368 3464 577 3513 meum,
609 3451 663 3501 et
689 3446 985 3501 accinxisti
1010 3459 1097 3499 me
1127 3443 1323 3499 laetitia
1342 3458 1364 3504 ;
1387 3450 1448 3497 ut
1471 3444 1651 3496 cantet
1672 3439 1773 3495 tibi

132 3540 299 3610 gloria
328 3554 455 3593 mea
477 3541 531 3592 et
559 3552 669 3591 non
700 3550 1037 3606 compungar
1064 3532 1235 3603 (Psal.
1268 3548 1421 3597 xxxx,
1455 3531 1541 3599 i2,
1586 3528 1695 3599 13).

200 3627 425 3684 CAPUT
444 3624 715 3680 XXXVII.
761 3653 829 3663 —
864 3621 1003 3689 Quis
1038 3624 1226 3692 potest
1256 3636 1323 3674 ex
1351 3618 1656 3674 occasione
1686 3616 1769 3673 al-

137 3717 309 3772 terius
340 3714 559 3789 Operis,
591 3714 789 3769 omnia
818 3729 943 3783 quae
975 3711 1033 3765 in
1064 3709 1181 3765 illis
1210 3707 1497 3765 veteribus
1526 3707 1693 3779 Legis
1714 3710 1772 3762 et

134 3805 546 3877 Prophetarum
580 3801 748 3857 libris
779 3802 1022 3872 ﬁgurate
1051 3797 1342 3854 Christum
1396 3795 1767 3859 annuntiaut,

134 3894 495 3966 quantalibet
524 3890 809 3947 brevitate
841 3888 1231 3962 perstringere
1258 3890 1280 3941 ?
1307 3886 1425 3941 Nisi
1466 3885 1611 3941 forte
1637 3884 1770 3955 quis

134 3988 293 4056 putat
324 3982 561 4056 ingenio
592 3980 737 4049 ﬁeri,
764 3983 829 4034 ut
849 3995 916 4033 ea
937 3995 1064 4049 quas
1086 3992 1281 4031 rerum
1305 3974 1507 4031 ordine
1542 3990 1644 4045 per
1664 3990 1772 4029 sua

134 4078 390 4145 tempora
402 4066 1102 4131 cucurrerunt,adChristi
1123 4061 1770 4137 signiﬁcationesinter-

136 4161 411 4233 pretando
432 4163 758 4215 vertantur.
782 4157 896 4211 Hoc
918 4156 1059 4210 forte
1079 4152 1261 4209 Judaai
1289 4156 1539 4224 possunt
1558 4152 1770 4221 dicere,

134 4251 245 4306 sive
267 4250 485 4323 Pagani
508 4265 521 4303 :
555 4246 640 4302 eis
660 4249 855 4301 autem
879 4244 976 4315 qui
997 4259 1058 4299 se
1079 4241 1439 4298 Christianos
1462 4239 1653 4311 putari
1675 4254 1773 4293 vo-

132 4339 276 4406 lunt,
307 4336 527 4411 premit
548 4335 831 4391 cervicem
851 4331 1169 4405 apostolica
1190 4331 1524 4397 auctoritas,
1550 4328 1770 4396 dicens,

135 4430 324 4486 Omnia
354 4428 477 4483 hare
509 4428 569 4480 in
622 4424 804 4494 ﬁgura
858 4420 1240 4492 contingebant
1292 4420 1447 4481 illis;
1505 4422 1581 4490 et,
1639 4422 1777 4475 Haec

133 4520 314 4575 omnia
344 4519 549 4589 ﬁgurae
577 4518 785 4570 nostra:
812 4514 1043 4583 fuerunt
1074 4512 1123 4579 (I
1152 4509 1272 4565 Cor.
1302 4526 1360 4573 x,
1394 4508 1482 4575 10,
1512 4507 1588 4579 6).
1627 4506 1773 4562 Nam

136 4608 177 4664 si
202 4606 410 4665 lsmael
442 4610 502 4661 et
532 4601 973 4659 Isaachomines
1006 4599 1145 4667 nati,
1171 4599 1286 4654 duo
1311 4599 1682 4653 Testamenta
1706 4595 1778 4652 si-

137 4698 413 4770 gniﬁcant
442 4693 646 4767 (Galat.
674 4708 749 4758 ιν,
772 4694 863 4758 22,
886 4691 977 4753 22,
998 4690 1088 4759 24)
1112 4706 1125 4755 ;
1150 4688 1290 4760 quid
1318 4686 1670 4742 credendum
1689 4689 1779 4741 est

138 4787 205 4843 de
228 4791 311 4842 tot
342 4783 541 4849 factis,
574 4798 701 4854 quae
734 4780 894 4835 nullo
926 4777 1179 4834 naturali
1213 4793 1345 4837 usu.
1396 4775 1517 4831 ulla
1562 4774 1776 4847 negotii

141 4875 483 4932 necessitate
516 4872 668 4927 facta
698 4869 877 4926 sunt?
908 4867 1140 4923 Nihilne
1171 4864 1543 4938 significant?
1565 4864 1622 4919 Si
1646 4864 1778 4935 quis

142 4971 427 5031 nostrum,
465 4960 568 5034 qui
600 4960 868 5015 Hebraaas
899 4957 1124 5012 litteras
1173 4956 1535 5027 ignoramus,
1585 4953 1642 5008 id
1692 4958 1781 5009 est

142 5056 294 5127 ipsos
318 5067 532 5110 vocum
556 5049 942 5116 characteres,
965 5046 1183 5101 videret
1205 5061 1302 5100 eas
1324 5045 1383 5099 in
1406 5044 1621 5116 pariete
1643 5059 1779 5098 con-

143 5141 706 5216 scriptas,honorato
729 5136 925 5208 aliquo
946 5135 1231 5205 locozquis
1252 5137 1535 5189 essettam
1558 5149 1778 5200 excors,

142 5239 201 5288 ut
223 5249 287 5288 eo
310 5231 489 5287 modo
514 5227 739 5299 pictum
762 5224 1039 5297 parietem
1064 5227 1292 5295 putaret
1312 5220 1782 5293 ?annon'potius

144 5320 495 5393 intelligeret
523 5316 828 5386 scriptum,
856 5318 918 5368 ut
949 5313 995 5368 si
1030 5311 1219 5383 legere
1252 5328 1364 5366 non
1395 5309 1631 5375 valeret,
1669 5326 1781 5365 non

148 5413 333 5464 tamen
369 5405 507 5462 illos
539 5402 732 5473 apices
754 5400 973 5471 aliquid
997 5399 1326 5470 signiﬁcare
1344 5397 1635 5452 dubitaret
1653 5396 1680 5450 ‘l
1704 5397 1788 5452 Ita

152 5498 307 5569 prius
334 5496 441 5551 illa
470 5490 689 5557 omnia,
725 5506 854 5560 quae
884 5493 1021 5544 sunt
1058 5488 1117 5541 in
1170 5485 1346 5541 veteri
1395 5485 1785 5541 instrumento

149 5586 581 5659 Scripturarum
605 5574 1237 5649 sanctarum,quisquis
1252 5591 1364 5630 non
1383 5589 1650 5647 perverso
1663 5574 1787 5629 ani-

218 5864 235 5899 ί
278 5859 435 5926 Apud
462 5857 555 5909 Er.
582 5854 749 5920 Lugd.
776 5854 909 5908 Ven.
934 5853 1081 5915 ιον..
1112 5866 1170 5902 ac
1197 5865 1319 5903 non.
1411 5851 1483 5902 M.

1408 461 1640 522 LIBER
1683 459 2220 526 DUODECIMUS.

3389 476 3511 535 274

1872 609 1967 649 mo
1998 594 2218 665 legerit,
2251 599 2333 655 sic
2364 606 2589 673 oportet
2618 608 2940 675 moveatur,
2971 608 3036 661 ut
3068 603 3290 678 aliquid
3321 623 3385 662 ea
3436 606 3513 664 si-

1868 683 2143 752 gniﬁcare
2175 703 2289 741 non
2323 690 2602 762 ambigat.

1904 772 2170 870 .CAPU’P
2191 776 2479 870 XXXYIII.
2500 810 2567 870 j—
2584 780 2757 835 Verbi
2782 781 2932 836 enim
2965 784 3180 855 gratia;
3204 785 3509 856 numquid,

1869 866 1915 915 si
1950 866 2249 932 oportebat
2280 867 2639 936 adjutorium
2669 870 2791 925 viro
2825 871 3099 927 feminam
3145 874 3288 941 ﬁeri,
3333 874 3507 929 etiam

1870 948 1976 1005 hoc
2009 953 2326 1009 necessitas
2362 955 2476 1010 ulla
2508 959 2765 1029 cogebat,
2796 959 2880 1013 vel
2907 959 3025 1015 ulla
3047 963 3327 1017 suadebat
3349 962 3509 1017 utili-

1868 1042 1981 1103 tas,
2020 1045 2080 1093 ut
2110 1042 2178 1095 de
2210 1043 2555 1101 dormientis
2595 1046 2774 1102 latere
2821 1048 2978 1103 ﬁeret
3016 1049 3166 1119 (Gen.
3202 1068 3262 1119 II,
3302 1053 3385 1117 18,
3417 1053 3507 1117 2l,

1866 1128 1996 1199 22)?
2017 1129 2061 1183 si
2089 1147 2267 1186 causa
2288 1134 2566 1189 evadendi
2590 1135 2789 1191 diluvii
2814 1154 2960 1209 opus
2979 1142 3101 1193 erat
3123 1139 3389 1194 fabricari
3419 1158 3508 1194 ar-

1870 1233 1995 1272 cam
2023 1236 2035 1284 ;
2062 1219 2199 1290 quid
2224 1237 2372 1292 opus
2393 1228 2517 1278 erat
2531 1241 2836 1280 mensuras
2858 1227 3003 1296 ejus,
3024 1232 3123 1281 aut
3148 1228 3305 1299 ipsas
3329 1228 3508 1299 potis-

1868 1305 2086 1361 simum
2107 1308 2543 1378 ﬁeri,autetiam
2570 1314 2804 1385 scriptis
2818 1315 2886 1369 ad
2910 1314 3244 1386 religionem
3267 1318 3509 1388 posteri-

1870 1395 1972 1449 tati
1987 1398 2377 1469 propagandis
2389 1403 2869 1457 commemorari?
2887 1404 2945 1459 Si
2962 1408 3195 1476 propter
3213 1421 3397 1477 genus
3418 1423 3510 1461 re-

1870 1486 2192 1555 parandum
2209 1488 2484 1544 animalia
2504 1489 2721 1545 includi
2742 1494 3205 1565 oportebat;quid
3221 1511 3366 1565 opus
3387 1499 3511 1550 erat

1868 1571 1966 1627 illo
1990 1574 2362 1645 potissimum
2390 1594 2630 1634 numero
2649 1584 2887 1652 septena
2908 1581 2977 1637 de
3003 1584 3260 1651 mundis,
3282 1583 3417 1638 bina
3436 1584 3509 1638 de

1868 1659 2192 1718 immundis
2207 1664 2235 1717 ‘I
2254 1666 2493 1721 Aditum
2515 1668 2585 1721 ad
2606 1684 2797 1723 arcam
2818 1669 2940 1725 ﬁeri
2966 1672 3283 1727 necessitas
3306 1674 3508 1744 utique

1870 1751 2142 1822 cogebat;
2176 1752 2234 1807 in
2266 1752 2442 1810 latere
2473 1759 2667 1811 autem
2702 1758 2843 1826 ﬁeri,
2878 1758 2964 1814 vel
2996 1759 3171 1814 etiam
3215 1761 3506 1817 memoria)

1869 1842 2267 1896 commendari
2300 1859 2401 1913 per
2430 1842 2653 1899 litteras
2712 1846 2811 1918 (Id.
2866 1864 2942 1915 v1,
3003 1848 3199 1918 14υνιι,
3248 1848 3323 1916 3),
3368 1848 3505 1919 quid

1871 1929 2146 1999 cogebat?
2173 1930 2483 1987 Immolare
2506 1932 2947 2004 ﬁliumjubetur
2966 1936 3281 1992 Abraham:
3297 1938 3508 2007 jussus

1870 2016 1979 2072 hoc
1998 2019 2260 2088 fuerit,ut
2278 2021 2404 2090 ejus
2418 2021 2747 2077 obedientia
2768 2023 2870 2078 tali
2892 2024 3065 2078 etiam
3088 2025 3351 2080 examine
3371 2042 3509 2096 pro-

1872 2107 2277 2178 bata,posteris
2294 2110 2709 2179 innotesceret;
2732 2113 3170 2168 convenientius
3195 2114 3354 2185 ligna
3374 2131 3511 2185 por-

1870 2196 2080 2251 taverit
2109 2195 2286 2267 ﬁlius,
2320 2215 2391 2253 ne
2423 2202 2587 2270 pater
2614 2216 2905 2271 senexque
2930 2205 3187 2273 portaret
3215 2220 3229 2271 ;
3278 2220 3391 2258 non
3435 2202 3509 2259 sit

1872 2291 2076 2358 postea
2091 2286 2271 2342 ﬁlium
2288 2288 2455 2344 ferire
2473 2289 2895 2360 permissus,ne
2912 2291 3156 2346 orbitate
3168 2292 3511 2361 gravissima

1874 2392 1938 2430 se
1959 2376 2214 2431 feriretzn
2227 2377 2464 2448 umquid
2489 2378 2662 2433 etiam
2679 2379 2726 2434 si
2751 2379 2910 2435 nullo
2923 2380 3104 2434 etl‘uso
3128 2382 3412 2452 sanguine
3427 2399 3510 2437 re-

1874 2464 2118 2531 diretur,
2144 2464 2338 2519 minus
2357 2471 2507 2521 esset
2529 2467 2809 2538 probatus
2828 2468 3120 2523 Abraham
3138 2469 3166 2523 ?
3185 2472 3297 2523 Aut
3318 2470 3366 2524 si
3381 2471 3509 2541 jam

1876 2570 2023 2624 opus
2053 2560 2176 2609 erat
2206 2554 2403 2625 perﬁci
2430 2556 2807 2622 sacriﬁcium,
2839 2557 3112 2627 etiamne,
3146 2562 3209 2613 ut
3233 2558 3329 2613 ille
3359 2558 3512 2615 aries

1875 2641 1935 2697 in
1966 2658 2135 2712 vepre
2162 2643 2463 2698 adhaerens
2504 2646 2780 2701 cornibus
2829 2651 3130 2717 appareret
3181 2647 3288 2715 (Id.
3347 2646 3513 2718 xxii),

1878 2731 1949 2785 ad
1966 2730 2151 2786 ullum
2176 2737 2557 2803 augmentum
2576 2732 2820 2787 victimae
2835 2734 3201 2806 pertinebat?
3215 2736 3309 2791 Sic
3321 2735 3519 2792 omnia

1880 2836 2012 2876 cum
2046 2820 2512 2887 considerantur,
2545 2827 2603 2877 et
2633 2822 2801 2893 quasi
2836 2824 3130 2895 superflua
3172 2825 3518 2881 necessariis

1880 2912 2147 2964 contexta
2188 2908 2582 2976 inveniuntur,
2637 2910 2956 2967 admonent
3010 2911 3338 2968 humanum
3393 2912 3521 2969 ani-

1883 3014 2066 3067 mum,
2102 2998 2160 3052 id
2191 3001 2281 3053 est
2312 2998 2573 3053 animum
2608 2998 2974 3071 rationalem,
3006 3000 3170 3071 prius
3200 3000 3421 3073 aliquid
3441 3002 3520 3058 si-

1883 3086 2178 3159 gniﬁcare,
2212 3086 2419 3142 deinde
2452 3087 2590 3158 quid
2625 3087 2958 3159 signiﬁcent
2987 3106 3264 3161 querere.

1953 3175 2184 3231 CAPUT
2204 3175 2442 3231 XXXIX.
2476 3206 2545 3216 —-
2582 3176 2777 3247 Itaque
2803 3177 2978 3232 etiam
3020 3179 3131 3250 ipsi
3164 3178 3372 3248 Judtei,
3422 3179 3522 3251 qui

1881 3264 2202 3332 Christum,
2219 3266 2387 3333 cujus
2416 3264 2747 3337 passionem
2768 3283 2874 3321 nos
2891 3268 3345 3339 agnovimus,illi
3368 3269 3523 3324 deri-

1882 3354 2042 3423 dent,
2076 3352 2283 3409 nolunt
2316 3353 2535 3409 talibus
2566 3371 2782 3425 rerum,
2816 3371 2929 3410 non
2955 3360 3183 3411 tantum
3208 3358 3519 3431 dictarum,

1882 3442 1983 3499 sed
2007 3442 2180 3497 etiam
2203 3447 2498 3513 gestarum
2521 3444 2721 3511 ﬁguris
2753 3446 3163 3515 prmuntiatum
3189 3445 3390 3514 videri,
3422 3462 3523 3502 co-

1882 3537 2099 3605 guntur
2117 3548 2150 3585 a
2172 3532 2341 3585 nobis
2364 3532 2582 3586 dicere‘
2611 3530 2749 3603 quid
2766 3531 3241 3604 illasigniﬁcent:
3267 3552 3392 3605 quae
3410 3535 3522 3590 nisi

1883 3620 2101 3691 aliquid
2118 3620 2446 3691 signiﬁcare
2464 3621 2925 3688 concedant,tam
2942 3621 3149 3677 divinae
3160 3622 3523 3678 auctoritatis

1888 3711 2085 3766 Libros
2116 3710 2187 3765 ab
2219 3710 2551 3781 ineptarum
2584 3709 2913 3765 fabularum
2947 3710 3271 3781 ignominia
3293 3729 3405 3767 non
3429 3713 3526 3768 de-

1887 3800 2148 3855 fendunt.
2176 3799 2333 3853 Vidit
2354 3798 2461 3853 hoc
2486 3797 2651 3854 Philo
2673 3799 3029 3871 quidam,vir
3050 3799 3367 3855 liberaliter
3387 3818 3525 3856 eru-

1886 3887 2216 3944 ditissimus
2240 3904 2394 3942 unus
2416 3886 2847 3958 illorum,cujus
2872 3888 3167 3959 eloquium
3185 3889 3363 3943 Graeci
3395 3888 3525 3944 Pla-

1885 3977 2007 4033 toni
2041 3992 2268 4048 aequare
2299 3992 2413 4030 non
2438 3976 2742 4032 dubitant:
2769 3980 2825 4031 et
2846 3982 3090 4033 conatus
3115 3982 3205 4032 est
3222 3977 3421 4049 aliqua
3442 3976 3526 4033 in-

1885 4065 2211 4137 terpretari,
2236 4081 2349 4120 non
2378 4065 2448 4118 ad
2471 4064 2765 4120 Christum
2792 4064 3324 4138 intelligendum,in
3349 4082 3524 4138 quem

1887 4171 2001 4211 non
2025 4153 2348 4209 crediderat
2372 4178 2385 4219 ;
2411 4153 2509 4209 sed
2530 4158 2595 4208 ut
2616 4154 2750 4208 inde
2773 4154 2959 4225 magis
2992 4158 3297 4225 appareret
3336 4171 3523 4226 quan-

1885 4251 2011 4300 tum
2035 4242 2485 4309 intersit,utrum
2511 4242 2580 4297 ad
2602 4242 2900 4298 Christum
2924 4243 3138 4299 referas
3159 4243 3358 4299 omnia
3391 4260 3524 4315 pro-

1889 4337 2017 4405 pter
2036 4349 2210 4403 quem
2225 4348 2355 4387 vere
2376 4332 2459 4386 sic
2482 4331 2637 4387 dicta
2656 4336 2891 4400 sunt,an
2915 4331 3526 4404 praeterillumquasli-

1889 4424 2363 4491 betconjecturas
2377 4420 2636 4491 quolibet
2666 4420 2881 4475 mentis
2912 4420 3183 4475 acumine
3211 4437 3527 4493 persequa-

1890 4512 2218 4582 ris;quantu
2229 4525 2403 4581 mque
2424 4508 2612 4564 valeat
2625 4509 2777 4581 quod
2791 4509 3101 4582 Apostolus
3115 4509 3359 4580 ait,Cum
3377 4515 3530 4565 tran-

1889 4602 2051 4656 sieris
2070 4598 2140 4654 ad
2154 4598 2768 4669 Dominum,auferetur
2778 4599 3019 4654 velamen
3040 4598 3112 4671 (II
3128 4599 3532 4672 Cor.111,16).Ut

1892 4690 2046 4746 enim
2083 4688 2361 4760 quiddam
2395 4687 2658 4757 ejusdem
2683 4686 2941 4743 Philonis
2968 4705 3535 4759 commemorem,ar—

1894 4795 2025 4834 cum
2047 4775 2243 4831 diluvii
2268 4776 2591 4831 secundum
2616 4775 2898 4831 rationem
2918 4776 3157 4831 humani
3177 4780 3434 4849 corporis
3457 4778 3535 4833 fa-

1894 4868 2177 4923 bricatam
2204 4863 2679 4937 volensintelligi,
2702 4870 2981 4936 tanquam
2999 4866 3368 4922 membratim
3401 4883 3533 4923 om-
3641 4935 3645 4938 ,

1896 4955 1993 5011 nia
2007 4952 2414 5026 pertractabat.
2440 4952 2541 5008 Cui
2558 4952 2943 5009 subtilissime
2959 4971 3334 5010 numerorum
3355 4956 3532 5010 etiam

1898 5044 2131 5118 regulas
2144 5041 2489 5109 consulenti,
2514 5048 2900 5115 congruenter
2919 5045 3299 5099 occurrebant
3315 5044 3531 5109 omnia,

1899 5152 2025 5207 qua:
2057 5133 2125 5188 ad
2159 5131 2599 5202 intelligendum
2632 5131 2922 5187 Christum
2970 5131 3115 5186 nihil
3163 5132 3532 5203 impedirent,

1901 5223 2179 5297 quoniam
2202 5219 2262 5276 in
2276 5236 2514 5292 corpore
2534 5219 2793 5275 humano
2815 5220 2988 5275 etiam
3006 5219 3101 5275 ille
3115 5220 3356 5275 humani
3371 5237 3539 5294 gene-

1903 5312 1984 5369 ris
2004 5311 2265 5367 Salvator
2279 5308 2579 5380 apparuit;
2605 5325 2708 5362 nec
2729 5313 2921 5363 tamen
2940 5312 3229 5379 cogerent,
3260 5309 3396 5381 quia
3416 5328 3541 5367 cor-

1903 5418 2014 5474 pus
2038 5400 2363 5454 humanum
2382 5401 2469 5453 est
2491 5397 2692 5467 utique
2715 5396 3081 5452 ethominum
3104 5402 3545 5457 caterorumAt

1905 5490 2005 5545 ubi
2038 5492 2274 5544 ventum
2305 5492 2395 5542 est
2425 5486 2495 5541 ad
2528 5485 2772 5551 ostium,
2804 5486 2957 5556 quod
2990 5486 3049 5541 in
3080 5503 3223 5543 arem
3251 5486 3429 5544 latere
3459 5489 3547 5546 fa-

1906 5584 2068 5635 ctum
2082 5573 2879 5645 est,omnishumaniingenii
2894 5577 3227 5647 conjectura
3240 5578 3552 5636 defecit.Ut

1977 5856 1994 5892 ¹
2030 5855 2151 5906 Am.
2180 5853 2266 5903 Er.
2296 5865 2357 5903 ac
2386 5850 2570 5916 plures
2598 5850 2745 5914 Mn,
2773 5849 2961 5904 dicere.
