4638 6448
884 404 1003 465 275

889 539 1085 591 tamen
1113 532 1331 606 aliquid
1351 532 1891 601 dicerel,inferiores
1913 533 2171 605 corporis
2195 537 2406 606 partes,
2429 549 2531 605 per

894 641 1045 697 quas
1076 623 1241 679 urina
1273 626 1327 678 et
1359 622 1535 678 fimus
1565 627 1902 695 egeruntur,
1928 623 2024 679 illo
2047 623 2194 678 ostio
2218 622 2532 693 signiﬁcari

892 730 1074 772 ausus
1095 717 1184 769 est
1200 712 1453 781 credere,
1476 727 1656 767 ausus
1681 716 1736 767 et
1755 711 2152 782 dicere,ausus
2177 716 2233 768 et
2254 712 2528 768 scribere.

891 803 1016 860 Non
1048 802 1286 868 mirum,
1319 800 1368 856 si
1400 800 1547 857 ostio
1576 816 1689 855 non
1722 801 1955 857 invento
1986 801 2069 857 sic
2095 801 2326 856 erravit.
2370 802 2530 867 Quod

890 891 940 949 ei
973 892 1043 947 ad
1074 890 1373 947 Christum
1405 889 1735 957 transisset,
1767 889 1959 947 ablato
1989 890 2297 961 velamine,
2329 891 2531 947 Sacra-

890 985 1089 1037 menta
1112 979 1378 1035 Ecclesiaa
1410 978 1711 1034 manantia
1739 995 1807 1034 ex
1834 978 2011 1035 latere
2069 979 2327 1035 hominis
2376 979 2532 1035 illius

887 1068 1206 1125 invenisset
1235 1069 1428 1140 (Joan.
1462 1084 1577 1133 x1x,
1601 1068 1711 1138 34).
1737 1068 1882 1123 Nam
1902 1068 2039 1139 quia
2062 1068 2400 1139 praedictum
2420 1072 2530 1135 est,

889 1160 1069 1215 Erunt
1097 1157 1201 1214 duo
1231 1158 1292 1212 in
1322 1172 1487 1212 carne
1517 1173 1626 1212 una
1659 1156 1892 1229 (Gemit,
1918 1158 2045 1228 24);
2078 1161 2382 1229 propterea
2397 1161 2455 1213 et
2476 1158 2533 1213 in

891 1263 1030 1304 arca
1058 1246 1327 1320 quaedam
1359 1244 1439 1301 ibi
1471 1246 1542 1301 ad
1567 1245 1886 1313 Christum,
1908 1247 2168 1317 quaedam
2193 1262 2325 1302 vero
2342 1247 2415 1302 ad
2440 1250 2536 1301 Ec-

890 1335 1127 1394 olesiam
1162 1335 1511 1402 referuntur,
1546 1335 1699 1406 quod
1729 1338 1919 1390 totum
1967 1334 2234 1391 Christus
2289 1339 2396 1390 est.
2441 1334 2536 1390 Sic

890 1430 948 1483 et
976 1425 1035 1480 in
1067 1423 1288 1481 caeteris
1320 1422 1897 1491 interpretationibus
1923 1423 2247 1495 figurarum
2282 1440 2382 1495 per
2410 1425 2537 1478 uni-

888 1530 1124 1571 versum
1156 1516 1375 1568 textum
1408 1512 1615 1567 divinas
1644 1511 1956 1585 Scriptum
1990 1510 2122 1567 licet
2144 1512 2532 1580 considerare,

889 1607 947 1659 et
976 1618 1313 1675 comparare
1343 1617 1555 1657 sensus
1584 1617 1782 1657 eorum
1819 1600 1920 1673 qui
1948 1600 2243 1656 Christum
2263 1600 2342 1655 ibi
2365 1600 2536 1655 intel-

889 1692 1103 1766 ligunt,
1130 1696 1188 1747 et
1216 1707 1415 1747 eorum
1450 1691 1548 1762 qui
1586 1694 1790 1763 prater
1818 1689 2112 1746 Christum
2145 1690 2216 1745 ad
2249 1689 2364 1745 alia
2382 1707 2533 1762 qua:-

888 1781 1031 1838 libet
1059 1797 1128 1837 ea
1156 1781 1502 1852 detorquere
1532 1784 1835 1836 conantur.

960 1887 1194 1944 CAPUT
1215 1887 1327 1942 XL.
1362 1917 1431 1927 —
1464 1885 1579 1941 Nec
1616 1884 1833 1957 Pagani
1874 1885 2044 1941 nobis
2075 1885 2133 1941 in
2166 1885 2276 1942 hoc
2310 1886 2535 1943 obstre-

887 1982 1068 2051 punt;
1100 1991 1291 2047 neque
1321 1975 1478 2031 enim
1512 1974 1731 2030 audent
1761 1975 2175 2041 contradicere,
2210 1990 2280 2030 ne
2299 1975 2399 2031 illa
2420 1993 2534 2031 non

887 2066 1082 2123 solum
1114 2065 1290 2135 dicta,
1322 2065 1423 2120 sed
1455 2064 1632 2119 etiam
1666 2064 1839 2131 facta,
1872 2064 2117 2135 ﬁgurate
2163 2070 2400 2137 accepta
2445 2065 2533 2120 in-

886 2158 1279 2227 terpretemur
1306 2153 1376 2208 ad
1409 2151 1710 2209 Christum
1728 2151 2194 2225 intelligendum:
2212 2154 2535 2225 praesertim

898 2242 1037 2316 quia
1066 2258 1135 2299 ea
1165 2259 1296 2315 quae
1325 2242 1711 2314 prmnuntiata
1754 2241 2159 2315 intelligimus,
2216 2242 2392 2299 etiam
2437 2244 2536 2299 de-

892 2336 1290 2388 monstramus
1320 2329 1596 2402 impleta;
1622 2347 1757 2386 cum
1791 2330 2022 2386 fabulas
2054 2348 2193 2387 suas
2226 2335 2292 2387 ut
2340 2331 2536 2405 aliquo

893 2420 1068 2477 modo
1100 2419 1530 2486 commendent,
1556 2420 1625 2474 ad
1650 2419 1846 2475 nescio
1869 2436 2017 2491 quas
2032 2419 2429 2495 physiologias
2446 2422 2535 2478 vel

895 2510 1241 2583 theologica,
1274 2510 1330 2565 id
1363 2513 1471 2577 est,
1503 2509 1756 2565 rationes
1789 2509 2107 2577 naturales,
2138 2508 2226 2566 vel
2283 2510 2534 2579 divinae,

899 2598 1336 2672 interpretando
1358 2600 1572 2655 referre
1590 2603 1873 2655 conentur
1895 2615 1909 2653 :
1931 2615 1999 2654 ex
2016 2604 2176 2671 parte
2202 2599 2373 2672 plane
2393 2600 2535 2656 satis

898 2686 1283 2756 indicentes',
1310 2687 1508 2758 qualia
1536 2688 1683 2755 sint;
1714 2704 1785 2743 ex
1822 2692 1985 2759 parte
2012 2691 2204 2744 autem
2264 2688 2538 2745 dissimu-

899 2777 1110 2846 lantes,
1143 2778 1285 2833 dum
1317 2793 1386 2833 ea
1413 2776 1606 2833 rident
1634 2777 1694 2832 in
1724 2777 1969 2833 theatris
2000 2793 2127 2849 qua
2183 2784 2537 2834 venerantur

892 2868 954 2925 in
988 2866 1246 2939 templis,
1278 2865 1339 2921 in
1370 2866 1739 2938 turpitudine
1771 2866 2021 2922 nimium
2079 2866 2271 2937 liberi,
2322 2867 2382 2922 in
2430 2884 2535 2922 su-

893 2955 1235 3031 perstitione
1262 2954 1511 3011 nimium
1542 2955 1715 3011 servi.

963 3062 1196 3119 CAPUT
1217 3062 1355 3118 XLI.
1380 3092 1448 3103 ——
1468 3062 1646 3118 Nobis
1660 3065 1855 3119 autem
1871 3061 2138 3135 quisquis
2154 3063 2383 3133 dixerit,
2416 3080 2531 3119 non

888 3151 1021 3209 ideo
1053 3151 1168 3207 alia
1195 3149 1282 3207 vel
1313 3154 1477 3222 gesta
1505 3148 1593 3206 vel
1624 3150 1862 3222 scripta,
1896 3155 1961 3206 ut
1980 3151 2245 3208 Christus
2266 3152 2324 3207 in
2338 3152 2423 3209 eis
2444 3153 2533 3207 in~

892 3239 1228 3312 telligatur;
1260 3244 1496 3309 excepta
1523 3239 1651 3311 ipsa
1696 3243 1860 3295 tanta
1907 3240 2290 3295 consonantia
2336 3257 2530 3297 rerum

889 3330 1395 3402 praefiguratarum
1409 3332 1464 3384 et
1485 3328 2053 3401 nuncimpletarum,
2078 3329 2208 3385 aliis
2234 3331 2531 3402 praasagiis

888 3417 1245 3491 prepheticis
1276 3418 1494 3489 apertis
1551 3418 1996 3489 manifestisque
2054 3419 2327 3488 ferietur;
2359 3420 2531 3476 sicuti

889 3512 979 3563 est
1009 3506 1181 3577 illud,
1212 3508 1275 3563 In
1302 3508 1516 3563 semine
1550 3511 1643 3562 tuo
1674 3507 2070 3563 benedicentur
2093 3524 2276 3565 omnes
2328 3519 2527 3581 gentes.

888 3596 1007 3653 Hoc
1046 3596 1271 3652 dictum
1303 3601 1393 3653 est
1420 3597 1492 3652 ad
1526 3596 1841 3667 Abraham,
1874 3595 1983 3653 hoc
2015 3597 2085 3652 ad
2121 3599 2301 3666 Isaac,
2326 3598 2434 3654 hoc
2456 3601 2529 3655 ad

885 3685 1064 3740 Jacob
1096 3684 1195 3753 (Id.
1232 3701 1372 3753 xxii,
1398 3686 1483 3751 18,
1517 3692 1569 3740 et
1594 3702 1743 3755 xxvr,
1778 3686 1833 3753 4,
1863 3690 1918 3740 et
1976 3703 2173 3753 xxvui,
2210 3688 2318 3759 Ili).
2366 3688 2531 3745 Unde

889 3789 1005 3828 non
1038 3773 1330 3829 immerito
1355 3772 1515 3842 dicit,
1547 3775 1653 3845 Ego
1681 3791 1805 3829 sum
1834 3777 1973 3830 Deus
2001 3775 2295 3846 Abraham,
2318 3781 2368 3832 et
2388 3778 2530 3833 Deus

886 3864 1065 3931 Isaac,
1096 3870 1150 3918 et
1176 3862 1319 3917 Deus
1347 3862 1514 3918 Jacob
1542 3862 1733 3934 (Exod.
1759 3880 1843 3933 ιιι,
1865 3864 1920 3936 6)
1944 3881 1959 3920 :
1988 3864 2389 3935 completurus
2411 3866 2528 3921 uti-

887 3948 1051 4021 tique
1079 3951 1136 4006 in
1171 3950 1574 4007 benedictione
1605 3952 1871 4007 omnium
1916 3952 2204 4025 gentium,
2253 3955 2409 4025 quod
2461 3971 2529 4011 ex

888 4054 1090 4095 eorum
1121 4041 1345 4096 semine
1377 4041 1665 4113 promisit.
1699 4041 1814 4097 Nec
1840 4041 2134 4098 immerito
2163 4043 2288 4115 ipse
2343 4045 2528 4100 Abra-

887 4129 1048 4195 ham,
1079 4146 1214 4185 oum
1246 4130 1374 4199 ejus
1406 4145 1607 4185 servus
1637 4130 1686 4185 ei
1710 4132 1990 4201 jurasset,
2024 4132 2134 4186 sub
2169 4131 2383 4187 femore
2422 4150 2527 4188 suo

878 4220 1061 4292 jussit
1090 4234 1223 4274 eum
1259 4235 1473 4290 ponere
1500 4235 1765 4287 manum,
1789 4220 1943 4287 (Gen.
1976 4236 2129 4283 xxnv,
2150 4221 2206 4287 2,
2228 4220 2307 4288 9),
2336 4221 2528 4278 sciens

885 4307 1023 4364 inde
1072 4311 1383 4363 venturam
1431 4322 1669 4363 carnem
1718 4306 1954 4378 Christi,
1996 4308 2055 4364 in
2102 4326 2216 4381 quo
2262 4311 2523 4366 benedici

885 4412 1091 4453 omnes
1119 4401 1322 4468 gentes
1353 4413 1467 4451 non
1524 4401 1663 4453 tunc
1712 4398 2173 4468 prmnuntiamus
2222 4400 2323 4456 sed
2370 4401 2525 4473 quod

883 4488 1026 4542 tunc
1058 4486 1513 4557 praenuntiatum
1542 4490 1650 4553 est,
1684 4503 1842 4543 nunc
1869 4487 2157 4545 videmus.

958 4593 1188 4649 CAPUT
1211 4593 1381 4649 XLII.
1404 4592 1714 4649 —Vellem
1748 4594 1916 4666 scire,
1950 4596 2068 4652 imo
2100 4597 2313 4653 melius
2344 4598 2527 4654 nesci-

885 4683 1056 4751 erim,
1082 4698 1197 4754 qua
1217 4683 1470 4738 caecitate
1496 4683 1676 4738 animi
1697 4682 1903 4755 legerit
1922 4685 2194 4755 Faustus,
2228 4687 2326 4741 ubi
2358 4704 2524 4743 voca-

884 4771 966 4827 vit
990 4772 1167 4828 Jacob
1199 4771 1349 4827 ﬁlios
1380 4789 1542 4837 suos,
1572 4776 1628 4828 et
1657 4772 1803 4829 dixit
1832 4791 1844 4830 :
1880 4774 2308 4849 Congregamini
2336 4783 2399 4832 ut
2427 4795 2525 4833 an-

883 4862 1133 4917 nuntiem
1161 4862 1310 4917 vobis
1330 4877 1453 4933 qua
1479 4878 1774 4917 occursura
1802 4872 1929 4919 sunt
1946 4864 2095 4920 vobis
2124 4866 2185 4919 in
2213 4868 2523 4923 novissimis

881 4949 1071 5006 diebus
1097 4967 1110 5007 :
1141 4950 1554 5022 congregamini
1582 4959 1634 5006 et
1662 4951 1867 5021 audite,
1900 4953 2013 5023 ﬁlii
2057 4955 2224 5010 Jacob
2254 4973 2276 5019 ;
2317 4956 2520 5023 audite,

880 5039 1073 5107 Israel,
1101 5046 1321 5110 patrem
1346 5047 1613 5093 vestrum.
1650 5038 1753 5094 Hic
1779 5045 1932 5096 certe
1954 5057 2125 5097 nemo
2146 5042 2378 5099 dubitat
2391 5061 2522 5115 pro-

878 5126 1487 5199 pbetantispersonam
1501 5143 1628 5183 esse
1644 5127 2374 5187 dilucidatam.Audiamus
2386 5149 2521 5206 ergo

878 5216 1021 5289 quid
1038 5217 1195 5271 dicat
1215 5215 1334 5271 tilio
1355 5233 1461 5272 suo
1476 5215 1659 5286 Judaa,
1688 5219 1759 5273 de
1776 5220 2114 5289 cujustribu
2145 5220 2412 5277 Christus
2433 5239 2523 5277 ve-

876 5306 965 5360 nit
988 5321 1061 5360 ex
1074 5306 1281 5361 semine
1314 5306 1490 5362 David
1515 5309 1820 5363 secundum
1837 5324 2079 5380 carnem,
2113 5308 2263 5365 sicut
2288 5316 2518 5381 aposto-

874 5392 987 5450 lica
1008 5393 1272 5450 doctrina
1320 5397 1758 5468 testatur(Rom.
1793 5414 1836 5464 1,
1865 5398 1941 5470 3).
1998 5399 2157 5469 Juda,
2206 5398 2422 5470 inquit,
2472 5407 2521 5455 te

878 5481 1108 5539 laudent
1123 5483 1144 5516 ²
1156 5485 1670 5555 fratrestui;manus
1686 5495 1799 5544 tuae
1812 5486 2147 5559 superdorsa
2165 5489 2519 5543 inimicorum

942 5738 957 5799 ξ
988 5734 1262 5799 am._cum
1291 5733 1642 5799 multisﬂlssn
1672 5734 1821 5799 plene
1846 5735 1974 5799 satis
1999 5735 2310 5799 iudicantes.

936 5795 960 5831 ³
985 5796 1063 5847 Ita
1088 5796 1216 5848 Msa.
1243 5795 1399 5861 juxta
1420 5795 1564 5850 LXX.
1593 5795 1834 5861 At‘editi,
1865 5800 1914 5848 te
1943 5795 2246 5850 laudabunt.

1675 399 1987 461 CONTRA
2038 400 2413 463 FAUS'I‘UM
2470 400 2992 474 MANICHEUM,
3042 401 3104 461 S.
3153 400 3579 463 AUGUSTINI

4189 399 4305 459 2'16

2657 532 3213 602 tuorum,adorabunt
3232 537 3281 587 te
3291 533 3399 603 ﬁlii
3408 549 3481 605 pa
3491 534 3592 587 tris
3605 540 3622 587 ι
3630 535 3707 587 ui.
3718 532 3944 589 Catulus
3959 532 4172 589 leonis]
4174 533 4303 600 uda,

2659 621 2727 677 de
2746 625 3148 692 germinatione
3168 624 3316 695 ﬁlius
3332 639 3503 685 meus,
3520 623 3809 679 ascendiin
3827 624 4169 691 recumbens,
4185 622 4307 677 dor-

2651 713 2811 766 misti
2828 716 2887 767 ut
2911 713 3014 778 leo,
3034 722 3086 768 et
3107 718 3168 768 ut
3196 714 3411 768 catulus
3453 713 3645 777 leonis,
3665 714 3786 783 quis
3820 712 4103 767 suscitabit
4134 728 4259 768 eum
4285 717 4308 765 .9

2651 801 2765 856 Non
2790 801 2960 857 deerit
2979 805 3233 874 princeps
3253 819 3322 858 ex
3334 802 3553 870 Juda,et
3574 802 3690 857 dux
3709 804 3782 857 de
3819 802 4131 876 femoribus
4165 803 4306 875 ejus,

2652 889 2820 945 donec
2845 896 3065 947 veniant
3086 907 3211 962 quae
3231 894 3465 963 reposita
3485 898 3616 946 sunt
3634 893 3687 946 ei
3706 909 3726 953 ;
3748 896 3799 946 et
3821 894 3936 962 ipse
3959 894 4309 962 exspectatio

2654 982 2930 1049 gentium,
2960 982 3207 1050 alligans
3236 982 3315 1035 ad
3344 983 3562 1035 vineam
3590 982 3813 1051 pullum
3834 997 4016 1047 suum,
4047 989 4101 1035 et
4119 981 4309 1037 cilicio

2652 1070 2869 1139 pullum
2891 1071 3092 1125 asinae:
3120 1070 3325 1125 Iuvabit
3345 1086 3403 1123 in
3423 1070 3753 1124 vinostolam
3780 1086 3960 1136 suam,
3996 1074 4048 1123 et
4070 1072 4127 1123 in
4171 1086 4308 1125 san-

2656 1160 2823 1229 guine
2845 1174 2965 1216 ave
2996 1161 3263 1214 amictum
3282 1176 3470 1214 suum:
3500 1160 3777 1229 fulgentes
3794 1160 3941 1213 oculi
3962 1160 4082 1229 ejus
4104 1179 4137 1213 α
4152 1160 4311 1229 vino,

2662 1257 2715 1303 et
2742 1248 2928 1303 dentes
2981 1248 3327 1304 candidiores
3391 1249 3533 1303 lacte
3587 1250 3748 1319 (Gen.
3782 1265 3936 1317 χιιι,
3966 1250 4020 1315 1,
4048 1249 4104 1314 2,
4134 1249 4311 1315 8.12}.

2662 1335 2833 1391 Falsa
2856 1337 2975 1393 sint
2995 1338 3129 1409 ista,
3152 1338 3401 1393 obscura
3423 1337 3540 1393 sint
3563 1338 3695 1403 ista,
3719 1337 3767 1393 si
3810 1354 3924 1393 non
3976 1337 4032 1391 in
4079 1337 4314 1393 Christo

2655 1424 3092 1482 evidentissima
3123 1427 3253 1483 luce
3281 1426 3629 1482 claruerunt
3654 1443 3666 1481 :
3694 1426 3740 1482 si
3774 1443 3887 1481 non
3912 1443 4045 1481 eum
4069 1425 4318 1481 laudant

2657 1513 2863 1571 fratres
2886 1515 3016 1585 ejus
3041 1515 3322 1588 Apostoli,
3353 1520 3411 1571 et
3434 1532 3639 1571 omnes
3657 1515 3989 1571 cobearedcs
4013 1516 4165 1586 ejus,
4188 1533 4310 1571 non

2656 1619 2824 1659 suam
2849 1604 3093 1677 gloriam
3118 1605 3577 1677 quaerentes,sed
3603 1604 3867 1676 ipsius:si
3893 1621 4009 1659 non
4034 1609 4313 1661 suntma-

2656 1710 2769 1749 nus
2790 1694 2917 1765 ejus
2935 1711 3112 1767 super
3133 1696 3307 1751 dorsa
3326 1693 3702 1749 inimicorum
3728 1695 3877 1765 ejus;
3902 1694 3949 1749 si
3976 1710 4088 1750 non
4113 1693 4311 1766 depri-

2656 1788 2901 1839 muntur
2920 1788 3095 1855 atque
3116 1783 3513 1839 curvanturad
3539 1782 4189 1849 terram,crescentibus
4204 1800 4307 1855 po-

2658 1870 2779 1943 puli
2788 1888 2814 1927 s
2830 1871 3188 1938 christianis,
3214 1872 3571 1944 quicumque
3594 1870 3674 1928 illi
3695 1870 3885 1927 adhuc
3900 1871 4309 1927 adversantur:

2656 1960 2707 2016 si
2738 1978 2853 2015 non
2884 1977 3016 2016 eum
3050 1961 3440 2016 adoraverunt
3463 1960 3565 2014 filii
3586 1961 3766 2015 Jacob
3788 1961 3847 2015 in
3874 1960 4299 2033 reliquiis,qua:

2657 2066 2759 2123 per
2779 2050 3121 2105 electionem
3145 2050 3345 2121 gratia:
3369 2049 3540 2105 salva:
3565 2050 3726 2105 factae
3752 2055 3891 2105 sunt
3911 2051 4089 2121 (Rom.
4114 2067 4197 2119 ιιι,
4221 2051 4309 2122 5):

2657 2138 2705 2195 si
2726 2154 2839 2195 non
2862 2139 2986 2211 ipse
3000 2138 3225 2194 catulus
3246 2142 3335 2195 est
3356 2137 3846 2211 leonis,quoniam
3863 2140 4155 2195 nascendo
4178 2156 4309 2211 par-

2654 2226 2826 2282 vulus
2856 2228 3041 2282 factus
3066 2231 3185 2294 est;
3216 2231 3451 2300 propter
3482 2227 3585 2283 hoc
3616 2227 3991 2291 additum,De
4012 2230 4299 2298 germina~

2656 2318 2804 2373 tione
2822 2318 2971 2387 ﬁlius
2991 2320 3352 2372 meus.Causa
3374 2317 3587 2389 quippe
3604 2317 3829 2372 reddita
3841 2322 3927 2372 est
3941 2334 4123 2388 quare
4143 2322 4308 2373 catu-

2656 2404 2770 2473 lus,
2793 2406 2852 2461 in
2876 2407 3045 2477 cujus
3069 2405 3242 2461 laude
3262 2405 3399 2461 alibi
3421 2406 3707 2478 scriptum
3733 2410 3842 2474 est,
3860 2406 4091 2461 Catulus
4118 2405 4306 2463 leonis

2653 2496 2852 2566 fortior
2869 2496 3141 2565 jumentis
3170 2496 3350 2565 (Prov.
3383 2511 3515 2565 xxx,
3547 2495 3635 2566 36)
3661 2513 3674 2563 ;
3708 2494 3817 2550 hoc
3833 2499 3941 2565 est,
3964 2495 4144 2551 etiam
4165 2512 4297 2567 par—

2653 2584 2826 2639 vulus
2847 2584 3048 2640 fortior
3069 2584 3393 2655 majoribus
3415 2583 3484 2639 :si
3510 2601 3623 2639 non
3643 2584 3905 2639 ascendit
3928 2584 3986 2639 in
4009 2600 4182 2640 cruce
4210 2602 4297 2641 re-

2656 2673 2960 2740 cumbens,
2991 2690 3124 2729 cum
3157 2671 3437 2729 inclinato
3466 2672 3656 2744 capite
3686 2672 3941 2728 reddidit
3971 2672 4247 2745 spiritum
4273 2691 4285 2728 :

2654 2766 2713 2818 et
2734 2779 2845 2818 non
2872 2762 3146 2818 dormivit
3171 2766 3234 2817 ut
3253 2760 3362 2830 leo,
3382 2762 3521 2833 quia
3544 2761 3672 2817 etin
3699 2762 3827 2834 ipsa
3853 2767 4037 2818 morte
4058 2779 4177 2818 non
4210 2768 4295 2820 est

2655 2851 2867 2917 victus,
2899 2852 2999 2907 sed
3033 2851 3197 2919 vicit;
3232 2856 3291 2907 et
3322 2855 3386 2905 ut
3415 2850 3643 2907 catulus
3672 2850 3878 2922 leonis,
3939 2851 4075 2907 inde
4134 2852 4289 2907 enim

2655 2948 2923 2997 mortuus
2954 2941 3108 2996 unde
3137 2944 3193 2996 et
3224 2945 3427 2996 natus:
3457 2940 3505 2995 si
3528 2958 3641 2996 non
3667 2938 3762 2996 ille
3784 2957 3917 2996 eum
3936 2941 4243 2997 suscitavit
4266 2960 4297 2997 a

2656 3031 2927 3098 mortuis,
2950 3046 3124 3102 quem
3150 3046 3319 3086 nemo
3342 3030 3649 3085 hominum
3665 3029 3827 3098 vidit,
3851 3046 3953 3086 nec
3972 3031 4170 3087 videre
4195 3049 4291 3103 po-

2653 3122 2769 3174 test
2789 3120 2841 3191 (Ι
2874 3121 3006 3175 Tim.
3040 3136 3117 3182 v1.
3152 3120 3258 3191 16).
3293 3120 3372 3174 Eo
3394 3118 3549 3174 enim
3573 3119 3726 3190 quod
3751 3118 3974 3173 dictum
3999 3122 4107 3189 est,
4163 3121 4298 3188 Quis

2653 3209 2940 3264 suscitabit
2970 3225 3093 3264 eum
3108 3212 3132 3261 ?
3152 3210 3296 3265 satis
3314 3224 3587 3280 expressa
3608 3213 3697 3263 est
3715 3213 3995 3279 tanquam
4014 3207 4202 3280 ignoti
4221 3209 4299 3263 si-

2652 3298 2971 3369 gnificatio.
3003 3298 3062 3353 Si
3095 3298 3279 3352 defuit
3310 3298 3584 3369 princeps
3612 3313 3683 3352 ex
3709 3297 3884 3353 Juda.
3906 3302 3963 3352 et
3984 3297 4102 3351 dux
4123 3297 4197 3352 de
4218 3297 4300 3353 fe~

2652 3386 2916 3442 moribus
2945 3387 3094 3456 ejus,
3128 3386 3311 3441 donec
3339 3385 3603 3440 venirent
3634 3389 3961 3457 opportuno
4010 3390 4297 3457 tempore,

2649 3492 2777 3547 quae
2800 3475 3089 3547 promissa
3104 3480 3387 3547 tanquam
3411 3474 3666 3547 reposita
3691 3474 3937 3530 fuerant.
3963 3474 4115 3530 Sunt
4133 3476 4293 3531 enim

2649 3563 2853 3621 littere
2884 3564 3223 3620 certissima:
3246 3563 3499 3619 historias
3522 3562 3781 3636 ipsorum
3812 3580 4044 3635 quoque
4064 3564 4297 3620 Judaao-

2650 3670 2802 3721 rum,
2833 3653 3050 3726 quibus
3074 3653 3404 3708 ostenditur
3424 3653 3679 3725 primum
3704 3652 4089 3725 alienigenam
4114 3655 4290 3710 llero-

2649 3744 2780 3798 dem
2810 3760 3002 3815 regem
3029 3742 3208 3798 fuisse
3232 3742 3288 3796 in
3313 3747 3481 3812 gente
3499 3742 3857 3812 Judaaorum,
3892 3759 4007 3814 quo
4029 3748 4295 3815 tempore

2648 3837 2823 3888 natus
2842 3833 3108 3888 Christus
3126 3836 3214 3887 est
3231 3833 3446 3904 (Matth.
3469 3849 3530 3896 ιι,
3563 3832 3617 3897 3,
3641 3832 3717 3903 7).
3740 3832 3826 3887 Ita
3849 3848 3960 3887 non
3985 3832 4172 3887 defuit
4195 3849 4296 3887 rex

2648 3921 2719 3978 de
2748 3921 2969 3977 semine
2998 3923 3171 3988 Juda,
3200 3922 3380 3977 donec
3405 3920 3669 3976 venirent
3692 3937 3818 3992 quae
3850 3920 4103 3992 reposita
4125 3926 4295 3976 erant

2647 4008 2754 4066 illi.
2782 4010 2890 4065 Sed
2914 4011 3053 4081 quia
3076 4028 3191 4066 non
3216 4010 3355 4065 solis
3377 4010 3595 4066 Judaeis
3617 4009 3889 4065 ﬁdelibus
3905 4010 4120 4080 profuit
4137 4010 4293 4082 quod

2649 4099 3008 4172 promissum
3039 4108 3145 4166 est,
3181 4099 3310 4155 vide
3341 4098 3480 4171 quid
3512 4104 3828 4170 sequatur:
3862 4099 3926 4153 Et
3950 4102 4069 4171 ipse
4106 4116 4297 4171 exspe-

2647 4189 2812 4244 ctatio
2833 4190 3097 4260 gentium.
3133 4189 3260 4259 Ipse
3280 4189 3535 4260 alligavit
3554 4188 3624 4242 ad
3646 4190 3856 4243 vineam
3870 4188 4087 4259 pullum
4103 4206 4294 4255 suum,

2647 4277 2705 4333 id
2737 4282 2850 4345 est,
2881 4276 3159 4351 populum
3194 4294 3392 4348 suum,
3425 4277 3483 4331 in
3515 4276 3703 4333 cilicio
3736 4278 4057 4348 praedicans
4087 4282 4145 4333 et
4173 4278 4294 4335 cla-

2648 4367 3001 4439 mans.Agzte
3013 4384 3133 4440 paen
3142 4368 3881 4439 itentiam;appropinquaril
3895 4368 4043 4423 enim
4060 4384 4294 4437 regnum

2644 4456 2999 4527 σιτίον-απιυά
3008 4456 3552 4528 .111,2).Populorum
3569 4456 4036 4512 autemGentium
4052 4455 4136 4511 illi
4155 4459 4294 4513 sub-

2646 4545 2834 4601 ditum
2859 4545 3265 4618 cognoscimus
3288 4543 3648 4616 pullo,ssinze
3666 4546 4155 4616 comparatum,in
4170 4562 4288 4617 quo

2645 4636 2820 4690 etiam
2846 4634 3232 4691 seditducens
3251 4650 3384 4689 eum
3403 4634 3462 4689 in
3480 4633 3796 4689 Jerusalem
3822 4634 3921 4705 (Id.
3954 4651 4069 4706 xxn,
4102 4636 4285 4708 2-10),

2643 4722 2699 4778 id
2715 4723 2889 4790 est,in
2909 4723 3191 4779 visionem
3212 4723 3612 4794 pacis,docens
3630 4728 3966 4779 mansuetos
3984 4723 4106 4779 vias
4124 4742 4285 4781 suas.

2643 4812 2702 4869 Si
2722 4828 2835 4867 non
2866 4810 3081 4867 lavitin
3098 4810 3230 4866 vino
3249 4810 3456 4867 stolam
3477 4828 3643 4867 suam
3664 4829 3677 4867 :
3702 4813 3827 4883 ipsa
3860 4818 3951 4868 est
3978 4813 4131 4869 enim
4162 4814 4284 4887 glo-

2644 4900 2799 4956 riosa
2828 4898 3105 4970 Ecclesia,
3140 4915 3317 4971 quam
3350 4900 3458 4958 sibi
3492 4900 3743 4968 exhibet,
3806 4918 3917 4956 non
3969 4900 4284 4958 habentem

2644 4987 2936 5045 maculam
2960 4993 3061 5043 aut
3081 5006 3285 5061 rugam
3306 4988 3517 5061 (Ephes.
3539 5007 3591 5055 v,
3608 4990 3699 5061 27)
3727 5006 3740 5046 :
3764 4989 3855 5044 cui
3876 4990 4088 5046 dicitur
4106 4992 4282 5048 etiam

2642 5094 2746 5152 per
2766 5077 3000 5134 Isaiam.
3020 5078 3082 5134 Si
3100 5080 3310 5148 fuerint
3333 5083 3557 5151 peccata
3575 5082 3753 5135 vestra
3768 5081 3906 5134 sicut
3926 5082 4281 5152 phwnicium,

2641 5176 2906 5240 tanquam
2935 5169 3119 5223 nivem
3146 5169 3435 5224 dealbabo
3456 5171 3611 5241 (lsai.
3647 5170 3697 5239 I,
3732 5170 3839 5241 18).
3869 5172 4054 5237 Unde,
4080 5171 4192 5227 nisi
4216 5174 4285 5227 de

2642 5257 2915 5313 dimissis
2937 5258 3228 5329 peccatis?
3255 5258 3313 5313 In
3334 5274 3450 5330 quo
3472 5275 3607 5331 ergo
3627 5258 3781 5323 vino,
3805 5260 3917 5314 nisi
3942 5259 4041 5315 illo
4062 5262 4134 5317 de
4169 5278 4283 5334 quo

2643 5348 2676 5402 d
2687 5346 3040 5419 icitur,quod
3055 5364 3153 5419 pro
3168 5348 3363 5403 multis
3376 5348 3683 5420 eﬂundetur
3697 5350 3757 5403 in
3774 5351 4150 5406 remissionem
4160 5366 4281 5424 pec-

2646 5440 2903 5493 catorum
2932 5436 3140 5509 (Matth.
3173 5437 3437 5504 xxv1,28)
3460 5438 3487 5492 ‘I
3510 5438 3632 5508 lpse
3648 5442 3738 5493 est
3755 5438 3911 5493 enim
3945 5438 4148 5496 botrus
4184 5440 4279 5496 ille

2638 5525 2739 5597 qui
2791 5526 3068 5598 pependit
3094 5526 3153 5582 in
3186 5526 3343 5598 ligno
3388 5526 3568 5598 (Num.
3600 5544 3724 5598 xm,
3746 5528 3859 5595 24).
3892 5531 4206 5600 Propterea
4225 5535 4279 5586 et

2636 5614 2733 5670 hic
2754 5616 2881 5671 vide
2908 5615 3049 5689 quid
3074 5616 3165 5686 adj
3177 5621 3375 5687 ungat,
3398 5616 3464 5671 Et
3495 5618 3554 5671 in
3582 5618 3852 5688 sanguine
3874 5634 3990 5673 uvz
4010 5620 4276 5675 amictum

2633 5721 2814 5760 suum.
2832 5708 2962 5760 Jam
2982 5720 3116 5759 vero
3135 5703 3353 5776 fulgere
3372 5704 3570 5761 oculos
3587 5707 3715 5778 ejus
3733 5724 3765 5761 a
3783 5705 3933 5773 vino,
3952 5706 4051 5764 illa
4067 5708 4129 5764 in
4149 5725 4274 5766 cor~

2633 5809 2774 5867 pore
2801 5794 2930 5865 ejus
2952 5792 3215 5850 membra
3236 5798 3620 5868 cognoscunt,
3645 5794 3859 5868 quibus
3881 5796 4168 5856 donatum
4186 5804 4273 5858 est
