4638 6480
134 427 247 486 289

137 555 383 613 Hebraeis
415 554 878 627 praetermissum
910 571 1038 611 esse
1077 555 1437 611 doceremus.
1470 555 1774 627 Tanquam

136 645 285 702 enim
308 650 464 700 esset
484 660 868 715 consequens,
896 648 957 699 ut
972 643 1191 700 Judais
1210 645 1267 699 in
1286 661 1393 700 sua
1409 644 1660 699 caecitate
1678 645 1775 699 de-

140 734 497 800 monstratis,
532 733 639 789 hoc
662 732 742 788 illi
767 733 990 789 veniret
1012 733 1071 789 in
1106 742 1379 804 mentem,
1417 734 1570 805 quod
1601 734 1777 789 etiam

141 822 305 879 multi
327 824 439 878 sub
464 821 699 878 nomine
720 822 1048 878 Christiano
1076 824 1145 878 ab
1174 823 1301 895 ipsa
1331 823 1660 878 Christiana
1691 840 1778 877 so—

143 913 339 968 cietate
370 913 681 980 deviarent,
716 911 836 983 ipse
865 912 1172 976 Jeremias,
1202 912 1358 967 velut
1389 911 1781 967 catechizaudi

144 1001 402 1058 ordinem
420 1001 1213 1068 nobisinsinuans,continuo
1227 1002 1495 1072 subjecit:
1508 1000 1783 1056 Clamavit

141 1091 364 1163 perdix,
397 1092 745 1159 congregavit
776 1105 899 1161 quae
925 1106 1035 1146 non
1062 1092 1290 1161 peperit,
1321 1092 1532 1160 faciens
1560 1090 1784 1145 divitias

144 1196 266 1235 suas
279 1195 391 1234 non
402 1178 976 1250 cumjudicio.Perdix
992 1178 1144 1234 enim
1164 1178 1341 1234 nimis
1355 1178 1784 1234 contentiosum

147 1267 385 1335 animal,
410 1274 613 1324 notum
631 1276 719 1324 est
736 1272 959 1339 quanta
975 1267 1247 1323 aviditate
1265 1267 1451 1338 ipsius
1470 1268 1789 1323 contentio-

147 1358 235 1414 nis
265 1364 465 1413 currat
488 1356 547 1412 in
578 1356 877 1428 laqueum.
910 1357 1035 1412 Non
1065 1357 1221 1412 enim
1256 1357 1557 1429 disputare
1590 1360 1790 1412 amant

146 1447 418 1514 haeretici,
435 1446 531 1502 sed
548 1463 785 1519 quoquo
800 1447 970 1502 modo
984 1463 1259 1517 superare
1276 1444 1790 1517 impudentissima

149 1535 490 1609 pervicacia,
524 1540 587 1590 ut
620 1540 990 1607 congregent,
1024 1536 1175 1590 sicut
1206 1534 1298 1590 hic
1332 1535 1496 1605 dixit,
1522 1552 1649 1606 qum
1674 1551 1789 1590 non

150 1630 518 1698 pepererunt.
546 1624 909 1681 Christianos
931 1624 1107 1690 enim,
1136 1641 1283 1695 quos
1312 1624 1563 1680 maxime
1580 1624 1791 1679 Christi

152 1715 385 1769 nomine
406 1714 849 1783 seducunt,jam
868 1729 966 1785 per
982 1713 1170 1784 ipsius
1187 1712 1396 1767 Christi
1415 1712 1791 1785 Evangelium

153 1807 318 1858 natos
350 1802 676 1867 inveniunt,
707 1808 763 1856 et
791 1800 1010 1857 faciunt
1042 1801 1173 1855 illos
1206 1801 1437 1856 divitias
1469 1818 1643 1857 suas:
1680 1818 1792 1856 non

154 1908 289 1947 sane
312 1890 705 1961 cumjudicio,
728 1891 826 1944 sed
847 1906 980 1945 cum
1001 1890 1322 1945 temeritate
1341 1890 1792 1945 inconsiderata.

153 1982 274 2037 Non
306 1982 466 2035 enim
500 1978 836 2049 intelligunt
878 1979 956 2033 ibi
999 1995 1128 2034 esse
1158 1995 1355 2033 veram
1389 1978 1705 2045 salubrem,
1740 1983 1798 2034 et

156 2070 408 2141 quodam
442 2068 612 2123 modo
635 2084 973 2139 germanam
997 2072 1172 2139 atque
1194 2067 1505 2123 radicalem
1529 2068 1798 2124 christia-

158 2176 287 2216 nam
324 2157 687 2223 societatem,
721 2157 873 2212 unde
905 2157 1046 2212 istos
1078 2164 1513 2228 separaverunt,
1548 2173 1695 2229 quos
1727 2158 1799 2212 ad

160 2266 296 2304 suas
318 2247 552 2302 divitias
577 2250 1020 2318 congregarunt.
1058 2248 1124 2301 Et
1154 2246 1291 2317 quia
1321 2247 1389 2301 de
1421 2246 1639 2302 talibus
1662 2247 1802 2302 dicit

164 2336 495 2409 Apostolus,
521 2335 675 2391 Sicut
695 2337 842 2391 enim
864 2336 1084 2390 Jamnes
1104 2343 1156 2390 et
1180 2336 1453 2391 Mambres
1484 2338 1802 2391 restiterunt

160 2428 366 2497 Moysi,
391 2427 471 2481 sic
489 2428 539 2480 et
560 2426 655 2480 isti
670 2426 929 2480 resistunt
951 2426 1169 2480 veritati
1184 2442 1205 2485 ;
1226 2425 1471 2479 homines
1486 2428 1666 2479 mente
1680 2441 1801 2479 cor-

160 2518 331 2585 rupti,
369 2514 592 2587 reprobi
618 2516 765 2569 circa
792 2513 959 2584 ﬁdem
974 2532 992 2568 :
1023 2514 1123 2568 sed
1152 2514 1301 2568 ultra
1345 2530 1458 2567 non
1493 2515 1800 2585 proﬁcient,

158 2606 433 2661 dementia
465 2605 613 2661 enim
640 2619 828 2659 eorum
849 2604 1144 2673 manifesta
1165 2604 1270 2657 erit
1290 2602 1561 2673 omnibus,
1584 2604 1727 2659 sicut
1748 2612 1802 2658 et

160 2696 389 2751 illorum
410 2694 521 2763 fuit
540 2693 611 2764 (ll
637 2694 768 2747 Tim.
790 2710 872 2759 III,
896 2693 951 2756 8,
975 2692 1028 2763 9)
1052 2708 1064 2747 ;
1091 2692 1356 2762 sequitur
1376 2697 1431 2747 et
1451 2691 1545 2746 hic
1566 2692 1807 2763 Prophe-

161 2790 237 2849 ta,
260 2788 319 2838 et
340 2782 483 2838 dicit
504 2783 575 2837 de
598 2782 846 2851 perdice,
872 2780 1003 2852 qui‘
1030 2779 1400 2852 congregavit
1420 2797 1546 2851 qua:
1569 2798 1681 2836 non
1709 2798 1805 2853 pe-

163 2873 333 2944 perit,
360 2873 423 2926 In
445 2871 677 2925 dimidio
706 2870 919 2926 dierum
942 2871 1057 2941 ejus
1087 2870 1467 2941 deretinquent
1497 2887 1640 2936 eum,
1675 2875 1727 2925 et
1747 2872 1809 2925 in

163 2963 483 3017 novissimis
506 2962 622 3014 suis
641 2961 749 3014 erit
771 2961 1036 3030 insipiens
1058 2976 1076 3011 :
1109 2959 1166 3013 id
1198 2964 1306 3026 est,
1339 2959 1437 3030 qui
1470 2959 1659 3030 primo
1682 2965 1807 3014 tan-

168 3067 344 3122 quam
366 3067 470 3122 per
491 3048 966 3121 pollicitationem
990 3052 1046 3102 et
1068 3046 1513 3102 ostentationem
1536 3047 1811 3104 excellen-

170 3139 244 3195 tis
273 3137 574 3209 sapientia:
605 3137 937 3203 seducebat,
966 3135 1074 3191 erit
1094 3136 1399 3208 insipiens,
1421 3136 1477 3190 id
1501 3142 1609 3203 est,
1636 3155 1810 3208 appa-

173 3228 320 3283 rebit
350 3227 658 3300 insipiens.
709 3225 807 3280 Eis
855 3225 1071 3296 quippe
1110 3224 1325 3296 quibus
1359 3225 1546 3296 primo
1576 3227 1811 3297 sapiens

167 3323 307 3387 erat,
340 3320 484 3371 tunc
534 3315 645 3370 erit
680 3312 986 3385 insipiens,
1022 3330 1157 3368 cum
1190 3313 1510 3386 apparebit,
1540 3315 1678 3386 quia
1707 3316 1811 3371 de-

170 3406 390 3462 mentia
422 3406 551 3475 ejus
582 3409 718 3459 nota
746 3403 857 3458 erit
885 3401 1183 3458 omnibus.

239 3492 471 3550 CAPUT
503 3492 649 3547 XIII.
685 3523 749 3531 —
784 3491 848 3546 Et
873 3496 1151 3562 tanquam
1180 3491 1276 3547 ille
1300 3508 1471 3563 quem
1491 3493 1813 3548 catechiza-

172 3600 327 3651 mus,
355 3586 645 3655 quaereret
667 3585 721 3636 et
743 3579 978 3646 diceret,
1001 3583 1121 3644 Quo
1144 3596 1279 3651 ergo
1303 3581 1470 3652 signo
1503 3582 1814 3638 manifesto

169 3671 358 3726 adhuc
381 3669 681 3744 parvulus,
709 3674 765 3725 et
786 3669 1047 3724 nondum
1068 3669 1265 3724 valens
1287 3669 1570 3740 liquidam
1596 3671 1814 3726 discer-

169 3778 302 3817 nere
320 3778 353 3816 a
376 3764 463 3815 tot
481 3758 776 3815 erroribus
794 3758 1093 3813 veritatem
1115 3776 1128 3825 ;
1146 3774 1260 3829 quo
1280 3759 1588 3814 manifesto
1605 3760 1817 3815 indicio

167 3850 375 3906 tenebo
398 3847 711 3904 Ecclesiam
733 3846 965 3914 Christi,
993 3847 1048 3901 in
1069 3863 1242 3918 quem
1258 3847 1380 3918 jam
1404 3849 1636 3903 credere
1657 3852 1819 3903 tanta

169 3955 361 3995 rerum
376 3943 553 3994 antea
569 3936 977 4009 praedictarum
995 3936 1147 3991 mani
1160 3936 1464 3992 testatione
1477 3936 1821 4009 compellor?

173 4028 443 4099 sequitur
476 4026 631 4081 idem
667 4024 975 4097 propheta,
1005 4029 1063 4080 et
1094 4030 1373 4096 tanquam
1408 4032 1603 4081 motus
1639 4027 1818 4081 animi

176 4117 302 4187 ejus
333 4115 776 4171 ordinatissime
808 4114 1125 4185 excipiens,
1152 4114 1318 4169 docet
1345 4131 1476 4170 eum
1502 4116 1818 4171 Ecclesiam

182 4204 389 4261 Christi
420 4204 613 4275 ipsam
641 4219 767 4259 esse
784 4202 1140 4273 praedictam,
1164 4219 1291 4272 quae
1313 4204 1586 4259 omnibus
1608 4205 1825 4260 eminet

182 4299 237 4350 et
261 4300 523 4366 apparet.
549 4291 682 4364 Ipsa
702 4292 855 4347 enim
880 4295 966 4348 est
998 4292 1164 4347 sedes
1190 4290 1408 4364 gloriae,
1442 4292 1511 4348 de
1543 4309 1657 4364 qua
1687 4293 1827 4349 dicit

185 4382 532 4455 Apostolus:
554 4382 834 4453 Templum
848 4381 994 4436 enim
1016 4381 1115 4436 Dei
1135 4386 1384 4435 sanctum
1407 4390 1506 4447 est,
1528 4384 1678 4452 quod
1697 4384 1825 4438 estis

184 4488 272 4527 vos
298 4473 343 4543 (Ι
378 4471 499 4527 Cor.
534 4488 620 4537 III,
653 4471 761 4538 17).
794 4469 957 4526 Unde
986 4470 1095 4525 iste
1117 4469 1295 4525 dicit:
1324 4469 1481 4525 Sedes
1505 4479 1688 4526 autem
1710 4472 1824 4542 glo-

185 4564 289 4619 ria?
312 4562 562 4617 excitata
586 4566 686 4627 est,
716 4561 1080 4630 sanctiﬁcatio
1108 4564 1298 4615 nostra
1333 4560 1551 4630 (Jercm.
1576 4576 1712 4628 xvn,
1739 4562 1824 4616 10.

188 4651 547 4722 12).Propter
559 4649 666 4705 hos
678 4649 833 4705 enim
851 4654 1043 4704 motus
1058 4647 1452 4720 parvulorum,
1471 4647 1567 4719 qui
1583 4653 1830 4720 possunt

186 4740 384 4796 seduci
404 4740 476 4794 ab
498 4738 857 4806 hominibus,
878 4737 1407 4793 manifestationem
1427 4738 1710 4792 claritatis
1726 4738 1827 4793 Ec-

185 4828 370 4884 clesia:
426 4828 707 4883 Dominus
754 4843 984 4899 quoque
1017 4826 1361 4899 praevidens,
1392 4827 1489 4893 ait,
1522 4828 1639 4882 Non
1665 4830 1830 4898 potest

186 4920 392 4973 civitas
420 4916 680 4972 abscondi
724 4932 893 4987 supra
940 4918 1176 4970 montem
1203 4916 1495 4969 constituta
1524 4916 1740 4986 (Matth.
1772 4932 1828 4978 v,

188 5008 273 5079 14)
298 5024 310 5063 :
346 5007 489 5078 quia
519 5006 722 5077 utique
751 5005 901 5061 sedes
922 5005 1118 5073 gloriae
1138 5004 1381 5059 exaltata
1401 5012 1495 5071 est,
1519 5005 1831 5075 sanctiﬁca-

186 5098 261 5152 tio
290 5101 506 5162 nostra,
543 5099 607 5149 ut
637 5111 749 5149 non
784 5093 1101 5149 audiantur
1129 5092 1214 5146 illi
1248 5092 1345 5165 qui
1378 5094 1448 5147 ad
1482 5093 1829 5165 religionum

188 5186 481 5240 scissuras
512 5184 843 5249 traducunt,
878 5182 1158 5251 dicentes,
1190 5182 1321 5236 Ecce
1350 5184 1439 5237 hic
1459 5190 1535 5237 est
1565 5182 1829 5253 Christus,

189 5290 306 5329 ecce
334 5274 477 5328 illic.
514 5272 711 5328 Partes
732 5272 888 5327 enim
913 5270 1249 5333 ostendunt,
1283 5270 1563 5338 dicentes,
1594 5274 1725 5327 Ecce
1744 5274 1834 5328 hic

188 5379 305 5418 ecce
334 5363 482 5417 illic.
509 5361 652 5416 Cum
676 5361 776 5416 illa
797 5361 1001 5416 civitas
1024 5376 1201 5432 super
1224 5363 1478 5415 montem
1506 5361 1620 5425 sit;
1656 5378 1830 5433 quem

190 5450 591 5519 montem,nisi
607 5467 739 5505 eum
757 5449 855 5521 qui
870 5449 1191 5505 secundum
1211 5447 1832 5520 prophetiamDanielis

190 5555 255 5595 ex
272 5556 449 5612 parvo
466 5538 659 5611 lapide
676 5539 871 5609 crevit,
889 5544 943 5594 et
958 5538 1145 5595 factus
1164 5541 1250 5593 est
1272 5553 1442 5592 mons
1465 5554 1733 5609 magnus,
1754 5539 1836 5595 ita

194 5634 253 5683 ut
271 5628 546 5702 impleret
567 5629 901 5685 universam
938 5633 1152 5685 terram
1175 5627 1335 5698 (Dan.
1360 5642 1423 5695 ιι,
1446 5627 1536 5692 34,
1558 5627 1696 5697 35)?
1718 5629 1835 5685 Nec

254 5826 271 5859 ¹
305 5825 365 5877 In
394 5820 566 5884 Lugd.
596 5824 650 5871 et
676 5819 830 5879 Ven.,
856 5818 1000 5884 quia.
1029 5818 1098 5869 M.

1313 424 1546 484 LlBElt
1590 424 1929 486 TERTIUS
1975 427 2345 492 DECIMUS.

3412 435 3532 498 290

1886 555 1968 610 illi
1991 559 2327 628 audiantur,
2353 564 2449 633 qui
2476 565 2584 619 sub
2609 566 2844 621 nomine
2866 566 3033 638 quasi
3058 572 3291 622 secretae
3315 572 3371 623 et
3391 585 3532 639 apo-

1883 646 2107 717 crypha:
2130 649 2391 705 veritatis
2412 656 2467 705 et
2489 652 2790 707 hominum
2814 655 3124 725 paucitatis
3149 656 3371 722 dicunt,
3400 658 3531 710 Ecce

1882 736 1942 789 in
1972 736 2268 805 cubiculis,
2317 754 2433 794 ecce
2478 743 2539 796 in
2592 743 2803 797 deserto
2842 744 3048 813 (Matth.
3083 761 3235 809 xxxv,
3267 746 3362 812 25,
3394 746 3486 815 26)
3518 761 3531 798 :

1884 824 2021 895 quia
2048 842 2157 879 non
2176 830 2352 896 potest
2380 830 2641 884 abscondi
2669 830 2867 885 civitas
2886 848 3053 900 super
3072 842 3305 888 montem
3326 834 3531 888 consti-

1884 922 1999 973 tuta-
2017 921 2172 991 quia,
2186 921 2334 976 sedes
2349 919 2543 990 gloria:
2559 920 2809 973 excitata
2829 928 2927 989 est,
2941 920 3308 992 sanctiﬁcatio
3326 930 3531 976 nostra.

1958 1010 2193 1065 CAPUT
2224 1010 2364 1065 XlV.
2392 1040 2461 1049 —
2491 1011 2631 1063 Cum
2666 1024 2800 1080 ergo
2831 1009 3066 1080 gentilis
3097 1009 3205 1064 iste
3233 1010 3325 1065 his
3358 1016 3533 1081 atque

1888 1097 2227 1169 hujusmodi
2242 1098 2371 1154 aliis
2384 1098 2737 1153 testimoniis
2753 1098 3171 1170 PrOphetarum
3187 1101 3256 1154 de
3270 1116 3533 1170 persecu-

1896 1186 2052 1243 tione
2076 1205 2276 1259 regum
2298 1192 2355 1242 et
2375 1188 2743 1259 populorum,
2768 1187 2837 1241 de
2860 1188 2972 1241 ﬁde
2995 1203 3197 1258 regum
3218 1193 3273 1243 et
3297 1187 3537 1259 populo-

1892 1293 2044 1343 rum,
2061 1278 2132 1332 de
2150 1276 2463 1332 abolitione
2481 1276 2790 1346 idolorum,
2811 1276 2882 1331 de
2899 1277 3154 1330 caecitate
3168 1277 3194 1331 J
3208 1277 3531 1346 udaeorum,

1893 1361 1963 1416 de
1994 1363 2335 1433 probatione
2384 1363 2651 1417 codicum
2701 1363 2772 1417 ab
2806 1362 2950 1433 ipsis
2982 1364 3428 1427 custoditorum,
3464 1364 3534 1419 de

1894 1452 2150 1506 amentia
2162 1451 2587 1518 haereticorum,
2603 1451 2673 1505 de
2687 1450 3023 1506 excellentia
3036 1458 3250 1507 sanctae
3266 1451 3533 1507 Ecclesiae

1894 1556 2162 1594 verorum
2178 1546 2231 1594 et
2245 1540 3060 1610 germanorumChristianoru
3073 1547 3287 1610 m,ante
3301 1539 3541 1611 praedic-

1896 1633 1954 1682 ta
1967 1634 2023 1682 et
2042 1646 2191 1683 nunc
2210 1628 2449 1700 impleta
2468 1630 2853 1699 conspiceret;
2873 1630 3009 1699 quid
3028 1630 3538 1685 inveniretﬁdedi-

1898 1717 2091 1787 gnius,
2125 1734 2300 1788 quam
2334 1716 2461 1772 illos
2496 1717 2829 1787 Prophetas,
2883 1719 3099 1789 quibus
3132 1720 3201 1772 de
3233 1718 3537 1775 divinitate

1901 1806 2113 1860 Christi
2134 1805 2371 1877 eligeret
2389 1806 2657 1860 credere?
2676 1805 2898 1861 Etenim
2920 1808 2963 1861 si
2986 1812 3298 1877 antequam
3321 1808 3431 1862 ista
3447 1809 3561 1863 tie--

1902 1900 2050 1964 rent,
2076 1895 2396 1966 ingererem
2422 1895 2622 1966 gentili
2656 1895 2972 1964 Prophetas
3004 1895 3290 1964 Hebraeos,
3325 1897 3546 1968 quibus

1901 2000 1968 2039 ea
1987 1985 2182 2038 futura
2200 1985 2476 2052 crederet,
2497 2000 2624 2053 quae
2642 1983 2792 2037 facta
2811 1985 3068 2038 nondum
3083 1984 3321 2049 videret,
3338 1985 3544 2040 merito

1906 2074 2149 2128 fortasse
2172 2073 2387 2127 diceret
2412 2089 2424 2126 :
2450 2072 2596 2135 Quid
2627 2072 2773 2127 mihi
2794 2077 2884 2127 est
2909 2089 3041 2127 cum
3064 2072 3194 2127 istis
3215 2073 3543 2145 Prophetis,

1904 2178 2053 2232 quos
2088 2162 2239 2216 unde
2271 2177 2502 2216 veraces
2534 2160 2792 2232 probem,
2827 2178 2940 2216 non
2987 2161 3132 2216 mihi
3165 2162 3547 2218 ostenditur?

1905 2250 2049 2305 Cum
2068 2266 2198 2305 vero
2217 2254 2334 2304 tam
2355 2266 2567 2321 magna
2586 2253 2642 2304 et
2657 2254 2776 2304 tam
2794 2250 2975 2304 multa
2990 2267 3116 2321 quae
3134 2252 3543 2321 praedixerunt,

1899 2339 2023 2409 jam
2046 2340 2113 2393 ad
2136 2339 2401 2393 effectum
2423 2339 3069 2411 manifestationemque
3092 2340 3367 2410 perducta
3388 2341 3545 2408 sint;

1908 2428 2079 2500 plane
2096 2427 2209 2494 ille,
2230 2428 2278 2482 si
2300 2444 2602 2498 perversus
2620 2443 2748 2482 eese
2767 2426 2961 2492 nollet,
2984 2444 3087 2483 nec
3109 2428 3218 2483 ista
3236 2428 3353 2484 ullo
3372 2429 3545 2484 modo

1909 2522 2323 2583 contemneret,
2346 2533 2473 2587 quae
2491 2520 2650 2571 tanto
2670 2522 2826 2581 ante,
2848 2523 2902 2570 et
2920 2521 3078 2571 tanto
3098 2522 3378 2588 apparatu
3400 2534 3545 2589 prae-

1907 2605 2156 2660 videnda
2187 2610 2242 2658 et
2271 2604 2707 2676 praenuntiantia
2756 2605 3149 2659 commendari
3185 2609 3543 2673 meruerunt,

1912 2711 2016 2749 nec
2050 2693 2177 2748 illos
2209 2711 2241 2748 a
2273 2693 2489 2764 quibus
2523 2692 2820 2764 prmvideri
2851 2700 2907 2747 et
2935 2695 3311 2764 przenuntiari
3346 2698 3545 2765 potue-

1913 2788 2067 2837 runt.
2093 2782 2281 2837 Nullis
2302 2782 2455 2837 enim
2481 2781 2829 2853 prudentius
2852 2784 3163 2847 credimus,
3189 2782 3274 2838 vel
3300 2784 3368 2837 de
3400 2801 3549 2855 prm-

1915 2871 2100 2927 teritis
2130 2888 2252 2940 qua:
2279 2869 2415 2925 olim
2452 2872 2599 2925 facta
2630 2875 2787 2937 sunt,
2813 2870 2897 2925 vel
2922 2871 2992 2925 de
3020 2870 3231 2926 futuris
3253 2888 3382 2942 quae
3402 2889 3548 2927 non-

1916 2962 2052 3015 dum
2084 2960 2234 3015 facta
2262 2964 2400 3014 sunt
2425 2976 2600 3030 quam
2624 2958 2705 3015 eis
2728 2958 2827 3030 qui
2856 2958 3022 3015 nobis
3046 2960 3217 3015 {idem
3238 2963 3547 3016 verborum

1915 3067 2153 3105 suorum
2189 3054 2307 3103 tam
2366 3048 2569 3103 multis
2624 3053 2862 3120 tamque
2910 3048 3158 3120 magnis,
3207 3066 3332 3120 quae
3364 3050 3434 3105 ab
3466 3049 3551 3106 eis

1916 3138 2189 3211 praedicta
2214 3140 2337 3207 jam
2374 3138 2525 3192 facta
2553 3142 2712 3207 sunt,
2745 3137 3152 3209 probaverunt.

1986 3226 2219 3283 CAPUT
2254 3227 2371 3280 XV.
2405 3258 2472 3266 -
2502 3225 2718 3298 Sibylla
2751 3242 2941 3297 porro,
2974 3225 3061 3283 vel
3093 3226 3342 3298 Sibylla),
3376 3232 3431 3282 et
3453 3228 3555 3283 Or-

1918 3316 2123 3388 pheus,
2147 3320 2203 3369 et
2227 3317 2421 3370 nescio
2445 3315 2578 3386 quis
2608 3317 2865 3379 Hermes,
2890 3320 2945 3370 et
2965 3316 3011 3369 si
3038 3316 3134 3386 qui
3160 3315 3255 3370 alii
3288 3321 3444 3371 vates
3470 3317 3555 3372 vel

1918 3405 2196 3475 theologi,
2227 3404 2314 3459 vel
2348 3405 2659 3475 sapientes,
2692 3403 2781 3458 vel
2816 3403 3144 3476 philosophi
3178 3405 3449 3460 Gentium
3484 3406 3554 3461 de

1920 3494 2061 3550 Filio
2093 3494 2213 3561 Dei,
2245 3498 2345 3548 aut
2374 3493 2444 3548 de
2476 3493 2639 3547 Patre
2672 3493 2784 3547 Deo
2812 3510 2945 3547 vera
2981 3493 3313 3563 praedixisse
3341 3510 3441 3548 seu
3465 3494 3554 3547 di-

1917 3584 2070 3638 xisse
2102 3582 2500 3654 perhibentur,
2528 3580 2675 3635 valet
2700 3581 2931 3651 quidem
2958 3581 3175 3651 aliquid
3200 3582 3269 3636 ad
3298 3586 3556 3653 Pagano-

1920 3689 2050 3727 rum
2073 3670 2387 3725 vanitatem
2411 3670 2837 3736 revincendam,
2862 3687 2978 3724 non
3002 3676 3192 3725 tamen
3217 3672 3284 3725 ad
3308 3671 3554 3726 istorum

1921 3761 2320 3816 auctoritatem
2344 3758 2811 3830 amplectendam
2841 3783 2854 3825 ;
2881 3775 3013 3813 cum
3039 3757 3204 3814 illum
3243 3765 3416 3814 Deum
3451 3776 3557 3816 nos

1922 3851 2109 3905 colere
2131 3848 2518 3913 ostendimus,
2547 3848 2615 3902 de
2637 3864 2751 3919 quo
2773 3864 2876 3901 nec
2901 3846 2983 3901 illi
3011 3852 3195 3903 tacere
3228 3854 3564 3919 potuerunt,

1925 3939 2024 4011 qui
2058 3955 2196 3993 suos
2227 3936 2580 4009 congentiles
2614 3936 2858 4007 populos
2891 3935 3045 3990 idola
3075 3942 3131 3991 et
3163 3938 3448 3993 dazmonia
3471 3955 3565 3993 co-

1926 4027 2097 4083 lenda
2114 4026 2326 4098 partim
2348 4027 2553 4080 docere
2570 4026 2696 4079 ausi
2712 4042 2777 4078 su
2791 4030 2869 4089 ut,
2888 4026 3097 4096 partim
3118 4026 3419 4097 prohibere
3437 4025 3567 4082 ausi

1930 4135 2042 4173 non
2064 4121 2220 4169 sunt.
2240 4113 2401 4169 Atilli
2422 4114 2605 4169 sancti
2625 4120 2892 4168 auctores
2908 4113 3088 4168 nostri
3109 4130 3241 4168 eum
3260 4115 3566 4186 populum,

1927 4222 2052 4261 eam
2077 4203 2521 4275 rempublicam,
2550 4202 2664 4257 tale
2688 4218 2953 4273 regnum,
2981 4202 3300 4273 imperante
3320 4208 3375 4257 et
3397 4204 3566 4273 adju-

1927 4298 2100 4349 vante
2150 4298 2281 4354 Deo,
2315 4297 2781 4363 propagaverunt
2811 4296 2984 4362 atque
3017 4294 3309 4356 rexerunt,
3346 4292 3442 4346 ubi
3476 4308 3568 4345 sa-

1931 4384 2229 4450 crilegium
2253 4384 2426 4446 esset,
2452 4379 2605 4450 quod
2628 4379 2756 4434 istis
2782 4379 2984 4450 religio
3010 4378 3135 4434 fuit.
3171 4384 3371 4451 itaque
3394 4380 3439 4434 si
3466 4378 3568 4450 qui

1932 4472 2045 4527 illic
2068 4470 2125 4524 in
2151 4469 2371 4524 cultum
2397 4468 2844 4523 simulacrorum
2867 4472 2923 4522 et
2944 4469 3276 4523 diemonum
3301 4467 3572 4524 laberen-

1930 4566 2047 4627 tur,
2071 4564 2171 4613 aut
2193 4574 2358 4628 pcena
2379 4556 2802 4628 plectebantur,
2826 4557 2972 4628 ipsis
2994 4574 3114 4613 suae
3135 4556 3467 4628 reipublicae
3488 4555 3575 4611 le-

1932 4649 2123 4723 gibus,
2151 4653 2249 4701 aut
2265 4645 2560 4700 liberrimo
2578 4645 2793 4699 tonitru
2814 4648 2827 4680 ³
2850 4646 3263 4701 coercebantur
3280 4645 3574 4717 propheti-

1934 4738 2017 4793 cis
2033 4736 2289 4791 vocibus.
2315 4735 2473 4790 Unus
2487 4733 2640 4789 enim
2656 4734 2728 4788 ab
2742 4734 2959 4789 eisdem
2977 4734 3275 4789 colebatur
3288 4740 3459 4798 Deus,
3476 4732 3575 4804 qui

1935 4826 2071 4882 fecit
2092 4824 2299 4880 coelum
2323 4829 2381 4878 et
2401 4828 2635 4889 terram,
2661 4822 2997 4894 prOpbelico
3020 4840 3158 4878 sane
3182 4822 3317 4890 ritu,
3339 4821 3446 4877 hoc
3464 4826 3572 4893 est,

1935 4914 2319 4985 significativo
2352 4912 2677 4966 futurorum
2709 4928 2722 4966 :
2757 4911 2853 4982 qui
2888 4911 3033 4966 ritus
3061 4910 3406 4973 aboleretur,
3442 4926 3573 4965 cum
3640 4933 3644 4936 ’

1936 5004 2035 5058 illa
2055 5002 2347 5058 venissent
2368 5017 2495 5071 qua:
2519 5016 2618 5071 per
2639 5017 2771 5055 eum
2792 4999 3273 5071 signiﬁcabantur
3290 5015 3416 5053 esse
3434 5015 3576 5052 ven-

1937 5099 2066 5149 tura
2083 5110 2095 5147 :
2113 5090 2589 5163 quandoquidem
2606 5088 2796 5159 ipsum
2813 5106 3054 5161 regnum
3070 5105 3320 5160 magnus
3335 5087 3575 5158 quidam

1939 5183 2217 5255 propheta
2238 5180 2364 5245 fuit,
2390 5179 2629 5239 ubi‘rex,
2651 5183 2705 5232 et
2728 5178 2996 5233 sacerdos
3015 5178 3259 5249 mystica
3283 5176 3580 5247 signiﬁca-

1940 5272 2094 5326 tione
2122 5268 2872 5340 ungebantur(Deut.xv1u,
2908 5267 3011 5331 15;
3047 5272 3194 5321 Psat.
3230 5282 3291 5331 ιι,
3320 5267 3395 5329 6;
3431 5264 3579 5319 Psal.

1938 5378 2049 5421 crx,
2086 5360 2146 5426 lt;
2183 5362 2201 5411 Ι
2237 5358 2358 5426 Reg.
2392 5373 2447 5426 x,
2484 5358 2532 5420 l,
2563 5364 2613 5410 et
2654 5355 2824 5410 Exod.
2858 5355 3013 5425 xxxx)
3043 5378 3057 5422 ;
3089 5354 3243 5426 quod
3277 5370 3391 5408 non
3427 5359 3581 5419 ante,

1938 5450 2083 5521 ipsis
2106 5462 2337 5518 quoque
2358 5445 2577 5499 Judaeis
2602 5444 3029 5514 ignorantibus,
3054 5461 3116 5497 ac
3142 5461 3241 5515 per
3256 5442 3366 5498 hoc
3384 5442 3581 5498 invitis

1940 5538 2202 5594 ablatum
2234 5540 2344 5604 est,
2378 5534 2490 5589 nisi
2522 5550 2653 5588 cum
2682 5535 2934 5588 venisset
2965 5532 3062 5589 ille
3084 5532 3272 5605 gratia
3294 5531 3584 5604 spirituali

2004 5755 2021 5790 ι
2053 5751 2137 5801 Sic
2164 5749 2281 5799 Am.
2339 5750 2390 5797 et
2446 5747 2571 5812 Mss.
2638 5748 2704 5798 At
2761 5748 2846 5798 Er.
2895 5752 2948 5799 et
2986 5749 3133 5812 Lov.,
3163 5748 3253 5798 aut
3284 5745 3579 5807 liberrime;

1941 5816 2140 5869 omissa
2168 5825 2320 5872 voce,
2347 5810 2557 5860 tonitru.
