4638 6480
860 388 971 447 29!

863 523 1076 575 unctus
1098 523 1248 575 Deus
1270 537 1383 591 prae
1409 519 1789 591 participibus
1811 520 1957 585 suis,
1980 518 2078 574 ille
2100 524 2339 575 sanctus
2364 534 2498 573 san-

860 613 1084 664 ctorum
1138 608 1297 680 (Dan.
1332 626 1408 677 1x,
1458 609 1549 679 24,
1580 617 1632 664 et
1661 609 1810 664 Psal.
1861 626 2007 676 thv,
2037 610 2114 679 8),
2148 608 2297 663 idem
2330 623 2500 662 verus

859 713 958 753 rex
988 697 1345 752 consulendo
1370 696 1559 767 nobis,
1586 702 1640 752 et
1662 696 1818 753 idem
1845 714 2013 753 verus
2035 698 2303 752 sacerdos
2326 712 2387 751 se
2410 696 2497 766 ip-

859 803 991 842 sum
1022 786 1314 841 offerendo
1348 802 1449 857 pro
1481 786 1670 841 nobis.
1693 787 2080 851 Quamobrem
2107 791 2389 857 quantum
2415 784 2501 839 di-

858 878 978 931 stat
1004 876 1076 931 de
1105 874 1319 931 Christi
1351 876 1599 931 adventu
1636 876 1787 931 inter
1818 876 2280 947 praedicationem
2315 876 2497 943 Ange-

856 964 1049 1021 lorum
1078 969 1136 1020 et
1167 964 1594 1020 confessionem
1626 964 2069 1030 daemoniorum,
2095 968 2323 1019 tantum
2350 963 2499 1016 inter

856 1052 1262 1109 auctoritatem
1294 1052 1711 1125 Prophetarum
1743 1058 1800 1109 et
1829 1053 2227 1109 curiositatem
2260 1050 2493 1107 sacrile-

854 1157 1083 1215 gerum.

923 1229 1153 1287 CAPUT
1175 1230 1313 1287 XVI.
1342 1262 1410 1271 —
1433 1231 1533 1287 His
1558 1236 1614 1287 et
1638 1231 1877 1297 talibus,
1911 1248 2035 1300 quis
2063 1247 2218 1285 nunc
2248 1229 2499 1303 breviter

847 1319 1169 1389 tangimus,
1192 1324 1333 1375 tunc
1357 1320 1501 1374 forte
1532 1336 1634 1390 pro
1667 1318 2007 1375 necessitate
2038 1316 2361 1390 depellendi
2395 1333 2493 1372 ve-

848 1408 1069 1463 ternosi
1091 1409 1304 1464 erroris
1328 1407 1628 1480 aliquanto
1650 1407 1825 1463 latius
1850 1407 2188 1480 disputatis,
2213 1412 2267 1463 et
2290 1407 2495 1462 robore

852 1496 1136 1551 uberioris
1150 1497 1510 1568 probationis
1525 1497 1788 1562 assertis,
1813 1497 1910 1552 ille
1932 1496 2165 1568 gentilis
2192 1513 2362 1567 quem
2390 1511 2492 1549 no-

852 1585 943 1639 bis
961 1585 1431 1641 catechizandum
1455 1586 1704 1642 Faustus
1725 1588 2046 1659 proposuit,
2063 1586 2108 1641 si
2134 1584 2380 1640 salutem
2400 1601 2494 1639 su-

854 1691 945 1727 am
972 1675 1220 1745 peccatis
1244 1676 1366 1730 suis
1390 1680 1769 1746 praeponeret,
1792 1677 2045 1746 profecto
2071 1680 2398 1729 moveretur
2420 1674 2491 1727 ad

848 1762 1022 1817 ﬁdem
1048 1780 1060 1818 :
1085 1780 1199 1832 qua
1222 1763 1485 1819 imbutus
1508 1769 1564 1818 et
1586 1764 1643 1817 in
1670 1764 1933 1819 Ecclesiae
1956 1764 2246 1819 catholica:
2272 1762 2492 1832 gremio

847 1849 1131 1907 fovendus
1154 1851 1495 1918 collocatus,
1519 1857 1942 1923 consequenter
1958 1853 2134 1907 etiam
2161 1858 2493 1907 moneretur

845 1955 993 2010 quos
1017 1957 1207 1995 mores
1231 1946 1425 1995 tenere
1443 1941 1696 1996 deberet.
1717 1941 1913 2011 Neque
1940 1948 2098 2012 pertu
2111 1942 2376 1996 rbaretur
2395 1957 2489 1996 eo-

841 2044 973 2082 rum
1000 2027 1395 2097 multitudine,
1420 2028 1479 2083 in
1499 2029 1715 2101 quibus
1732 2046 1799 2084 ea
1819 2047 1931 2084 non
1952 2030 2231 2085 inveniret
2249 2047 2374 2101 quae
2392 2030 2489 2085 ob-

844 2117 1420 2187 servarejuberetur:
1442 2118 1709 2188 quamvis
1725 2135 1857 2173 cum
1879 2135 1943 2174 eo
1962 2118 2335 2190 corporahter
2348 2136 2488 2173 con-

849 2211 1231 2278 gregarentur
1252 2206 1308 2261 in
1332 2206 1663 2269 Ecclesiam,
1689 2212 1744 2263 et
1761 2210 1960 2263 eadem
1981 2208 2352 2263 Sacramenta
2366 2225 2489 2280 per-

846 2293 1125 2366 ciperent.
1158 2294 1342 2350 Sciret
1372 2312 1500 2349 cum
1537 2296 1735 2368 paucis
1768 2297 2159 2353 haereditatem
2195 2298 2316 2361 Dei,
2351 2314 2486 2353 cum

852 2382 1054 2438 multis
1068 2388 1261 2438 autem
1278 2384 1575 2454 signacula
1592 2386 1718 2455 ejus
1737 2386 2301 2458 participandazcum
2320 2386 2483 2459 pauci

846 2472 1280 2527 communicare
1303 2475 1677 2529 sanctitatem
1699 2476 1849 2544 vitae,
1872 2482 1928 2530 et
1944 2477 2162 2530 donum
2184 2475 2485 2531 charitatis

842 2561 1063 2615 diffusae
1082 2560 1140 2615 in
1161 2561 1435 2618 cordibus
1454 2563 1669 2618 nostris
1688 2581 1787 2635 per
1805 2564 2085 2635 Spiritum
2107 2571 2370 2619 sanctum
2388 2565 2482 2636 qui

841 2649 1013 2703 datus
1032 2654 1119 2704 est
1135 2650 1303 2704 nobis
1326 2652 1500 2721 (Rom.
1524 2668 1581 2719 v,
1602 2652 1678 2722 5),
1705 2652 1775 2706 ad
1802 2669 1978 2723 quem
2005 2654 2219 2707 fontem
2244 2654 2482 2708 interio-

840 2754 962 2791 rem
979 2737 1175 2793 nullus
1188 2738 1413 2793 alienus
1429 2741 1678 2808 accedit;
1698 2741 2046 2797 cummultis
2060 2748 2253 2797 autem
2273 2742 2485 2798 sancti-

841 2830 1018 2882 tatem
1041 2827 1425 2891 Sacramenti,
1451 2829 1605 2899 quod
1630 2829 1729 2901 qui
1754 2833 2064 2886 manducat
2083 2836 2137 2886 et
2162 2831 2307 2886 bibit
2330 2832 2479 2887 indi-

842 2915 1283 2986 gne,judicium
1318 2917 1429 2971 sibi
1462 2918 1777 2973 manducet
1806 2924 1861 2974 et
1883 2920 2027 2974 bibit
2048 2923 2091 2990 (Ι
2118 2921 2239 2976 Cor.
2264 2938 2343 2989 ιιι,
2367 2922 2479 2993 20).

843 3005 943 3075 qui
966 3009 1161 3060 autem
1188 3006 1539 3061 manducare
1562 3009 1901 3079 contemnit,
1936 3026 2048 3063 non
2082 3009 2316 3066 habebit
2340 3011 2396 3065 in
2421 3029 2483 3067 se

839 3093 1018 3146 vitam
1048 3096 1232 3159 (Joan.
1266 3110 1345 3161 v1,
1376 3094 1489 3163 54),
1524 3099 1581 3149 et
1604 3094 1729 3149 ideo
1755 3112 1866 3150 non
1893 3099 2187 3169 perveniet
2208 3100 2278 3154 ad
2302 3100 2480 3156 vitam

833 3185 1136 3236 aeternam.
1167 3182 1527 3255 Eosdemque
1545 3200 1780 3254 paucos,
1801 3185 1858 3239 in
1879 3188 2310 3258 comparatione
2328 3190 2477 3245 mul-

834 3269 1112 3325 titudinis
1146 3270 1454 3341 malorum,
1491 3288 1705 3343 paucos
1736 3274 1847 3328 dici
1875 3293 1887 3342 ;
1921 3292 2049 3331 esse
2080 3282 2271 3333 autem
2298 3295 2400 3349 per
2419 3294 2481 3335 se

835 3358 1000 3430 ipsos
1029 3360 1426 3415 consideratos
1449 3360 1507 3415 in
1542 3378 1753 3433 magno
1787 3380 2055 3431 numero,
2087 3366 2329 3423 diffusos
2361 3373 2479 3424 toto

841 3447 981 3503 orbe
1036 3450 1342 3513 terrarum,
1403 3458 1728 3505 crescentes
1775 3450 1928 3507 inter
1972 3454 2211 3521 zizania,
2262 3461 2482 3513 etcum

846 3535 1011 3607 palea
1031 3553 1218 3607 usque
1239 3538 1309 3592 ad
1350 3537 1503 3592 diem
1546 3540 1754 3595 messis
1778 3544 1834 3596 et
1862 3541 2252 3601 ventilationis
2275 3547 2481 3617 (Matth.

843 3642 967 3695 xm,
998 3626 1087 3692 25,
1128 3627 1220 3691 26,
1251 3634 1302 3680 et
1353 3642 1433 3696 Ill,
1488 3628 1595 3699 12).
1650 3630 1761 3684 Hoc
1810 3630 1869 3684 in
1921 3631 2228 3705 Evangelio
2258 3635 2483 3691 dictum

847 3718 954 3784 est,
990 3713 1098 3769 hoc
1129 3732 1162 3770 a
1219 3715 1519 3786 Prophetis
1577 3722 1709 3773 ante
1757 3720 2115 3790 praedictum.
2148 3728 2297 3779 Ante
2327 3726 2483 3780 enim

852 3802 1193 3874 praedictum
1224 3808 1331 3869 est,
1366 3803 1517 3859 Sicut
1539 3806 1726 3861 lilium
1759 3810 1816 3862 in
1847 3810 2026 3865 medio
2057 3813 2369 3883 spinarum,
2401 3817 2487 3870 ita

835 3894 1098 3963 proxima
1127 3909 1249 3947 mea
1300 3895 1359 3947 in
1406 3894 1582 3949 medio
1630 3896 1879 3965 ﬁliarum
1925 3900 2108 3969 (Cant.
2146 3920 2204 3966 ιι,
2235 3904 2310 3974 2).
2346 3907 2485 3960 Ante

840 3981 1184 4051 praedictum
1204 3986 1311 4047 est,
1336 3983 1642 4039 lnhabitavi
1659 3987 1720 4040 in
1740 3987 2113 4044 tabernaculis
2134 3990 2307 4046 Cedar
2321 4008 2341 4052 ,'
2357 4008 2481 4047 cum

839 4068 925 4123 his
956 4070 1057 4139 qui
1085 4070 1321 4125 oderant
1347 4088 1555 4141 pacem,
1587 4090 1739 4129 eram
1762 4078 2025 4147 paciﬁcus
2054 4079 2227 4149 (Psal.
2252 4097 2401 4148 cxxx,
2425 4082 2479 4146 5,

838 4158 916 4229 7).
950 4159 1096 4214 Ante
1127 4160 1464 4229 praedictum
1497 4168 1606 4228 est,
1635 4165 1811 4233 Signa
1842 4167 1897 4220 in
1930 4170 2111 4236 fronte
2132 4172 2251 4224 eos1
2277 4172 2373 4240 qui
2386 4187 2482 4239 ge-

836 4251 992 4302 munt
1013 4253 1065 4303 et
1087 4258 1311 4304 mcerent
1329 4250 1391 4305 ob
1415 4252 1741 4323 iniquitates
1762 4256 1951 4326 papuli
1969 4258 2097 4321 mei,
2116 4274 2231 4328 qua
2251 4260 2393 4327 ﬁunt
2423 4260 2483 4314 in

842 4335 1016 4392 medio
1036 4353 1223 4393 eorum
1244 4339 1467 4411 (Ezech.
1494 4359 1568 4408 ιιι,
1596 4342 1668 4414 1).
1691 4343 1891 4415 Itaque
1911 4344 2019 4401 iste
2037 4347 2288 4418 gentilis,
2306 4364 2481 4418 quem

837 4424 939 4479 tali
974 4425 1226 4499 alloquio
1258 4430 1770 4502 tirmaremus,jam
1789 4434 2130 4490 factuscivis
2145 4442 2480 4493 sanctorum

836 4519 896 4569 et
915 4514 1273 4572 domesticus
1299 4518 1415 4586 Dei,
1440 4536 1545 4575 nec
1560 4520 1686 4591 jam
1717 4521 1940 4579 alienus
1962 4524 2035 4579 ab
2058 4524 2230 4581 Israel
2254 4526 2479 4597 (Ephes.

840 4620 903 4671 ιι,
932 4605 1018 4673 19,
1053 4605 1156 4675 t2),
1179 4606 1278 4661 sed
1304 4624 1472 4663 verus
1503 4609 1782 4678 Israelita,
1816 4611 1872 4665 in
1906 4629 2021 4683 quo
2052 4613 2220 4669 dolus
2252 4631 2367 4670 non
2390 4632 2481 4672 es-

836 4696 929 4747 set
950 4694 1126 4762 (Joan.
1154 4711 1195 4760 1,
1219 4696 1329 4766 47),
1382 4696 1629 4753 disceret
1658 4698 1831 4754 etiam
1868 4701 1982 4756 ista
2010 4702 2183 4757 verba
2213 4719 2276 4758 ex
2314 4706 2483 4761 corde

842 4781 1096 4853 simplici
1112 4783 1321 4851 dicere,
1340 4802 1468 4856 qum
1483 4789 1696 4859 subseq
1709 4792 2338 4848 uentercontexitidem
2357 4793 2482 4866 ipse

837 4872 1121 4926 Jeremias
1146 4890 1159 4927 :
1187 4874 1473 4929 Patientia
1502 4877 1696 4945 Israel,
1733 4881 1968 4934 Domine
1988 4897 2009 4941 ;
2042 4886 2287 4937 universi
2314 4887 2409 4955 qui
2428 4889 2485 4940 te

843 4960 1250 5031 derelinquunt,
1276 4971 1609 5018 terreantur.
1633 4967 1776 5021 Cum
1799 4968 1953 5022 enim
1973 4970 2044 5025 de
2062 4972 2287 5039 perdice
2304 4974 2482 5030 dixis-

838 5054 947 5120 set,
966 5051 1087 5120 qui’
1101 5050 1315 5107 clamat
1338 5056 1394 5107 et
1413 5059 1726 5125 congregat
1744 5073 1872 5127 quae
1904 5074 2017 5113 non
2052 5062 2290 5131 peperit,
2316 5080 2479 5119 com-

837 5139 1134 5194 mendavit
1164 5140 1565 5195 excellentiam
1593 5142 1848 5199 civitatis
1865 5155 2309 5218 supermontem
2327 5156 2482 5223 posi-

834 5232 904 5284 tae
927 5245 1054 5299 quis
1086 5228 1365 5284 abscondi
1401 5246 1514 5285 non
1530 5236 1736 5303 potest,
1756 5235 1904 5291 utab
1924 5236 2174 5294 Ecclesia
2195 5242 2480 5299 catholica

829 5316 1136 5374 hominem
1152 5318 1410 5373 haeretici
1427 5335 1541 5375 non
1561 5325 2271 5395 separent3,dicens,Settes
2295 5338 2476 5389 autem

859 5562 869 5573 .
897 5502 913 5535 ί
950 5502 1291 5574 hov.:_Sig_n_a
1324 5503 1462 5554 Thau
1490 5508 1542 5555 in
1569 5509 1743 5571 fronte
1770 5526 1870 5561 eos.
1906 5515 2084 5574 Abest,
2120 5517 2257 5567 Thau
2280 5520 2346 5569 ab
2368 5521 2479 5571 edi-

836 5564 902 5611 tis
932 5564 1046 5611 aliis
1077 5569 1128 5612 et
1156 5564 1336 5615 a’Mss.
1370 5564 1578 5619 necnon
1604 5586 1634 5622 a
1662 5588 1833 5637 graeco
1864 5577 2007 5627 LXX.

900 5627 920 5659 ³
951 5627 1059 5684 Er.,
1091 5641 1214 5684 quae.
1262 5628 1326 5678 M.

882 5687 936 5769 ξ-
948 5687 1199 5769 ΑιιῖἒλΕιξ,
1230 5690 1483 5769 hominem
1511 5694 1798 5748 hareticum
1844 5715 1947 5769 non
1983 5708 2264 5769 separaret.
2291 5706 2477 5761 Plures

832 5750 976 5811 M‘ss.,
1007 5751 1261 5803 hominem
1297 5754 1585 5809 Ita-relicum
1627 5750 1911 5827 separaret.

1620 387 1931 447 CONTRA
1973 385 2351 449 FAUSTUM
2396 382 2919 457 MANICHEUM,
2967 385 3031 446 S.
3076 383 3503 445 AUGUSTINI

4146 388 4259 447 29$

2628 518 2830 585 gloria:
2848 518 3095 572 exaltata
3114 521 3208 586 est,
3230 516 3595 586 sanctiﬁcatio
3617 520 3825 572 nostra.
3861 516 4076 573 Deinde
4097 518 4262 589 quasi

2624 605 2915 661 veniretin
2942 609 3216 661 mentem.
3246 604 3390 668 Quid
3416 622 3554 676 ergo
3576 605 3825 661 facimus
3842 606 3914 661 de
3930 610 4046 661 tam
4063 607 4263 663 multis

2622 694 2917 766 malis,qui
2931 698 3091 750 tanto
3104 694 3360 765 amplius
3374 694 3589 766 ubique
3604 695 4260 767 permixtisunt,quanto

2619 783 2991 839 excellentior
3004 788 3093 839 est
3108 782 3317 838 Christi
3337 783 3521 855 gloria
3537 784 3592 837 in
3611 783 3834 840 unitate
3847 785 4108 841 omnium
4126 786 4261 857 gen-

2617 872 2763 927 tium
2786 872 2814 927 ‘I
2835 872 3085 942 subjecit
3106 871 3327 941 statim,
3350 873 3637 927 Patientia
3656 873 3851 935 Israel,
3876 874 4121 929 Domine.
4157 879 4253 929 Pa-

2620 959 2833 1015 tienter
2852 960 3005 1015 enim
3051 960 3351 1014 ferendum
3386 964 3474 1014 est
3503 960 3657 1031 quod
3692 960 3791 1026 ait,
3822 961 3999 1017 Sinite
4026 965 4261 1033 utraque

2614 1065 2853 1104 crescere
2875 1065 3043 1119 usque
3061 1049 3137 1103 ad
3155 1064 3379 1103 messem
3400 1048 3613 1117 (Matth.
3643 1065 3765 1115 xm,
3791 1050 3880 1119 30)
3909 1068 3921 1106 :
3950 1066 4053 1105 nec
4076 1051 4258 1119 impa-

2616 1138 2823 1193 tientia
2844 1137 3128 1193 tolerandi
3151 1137 3358 1206 malos,
3384 1137 3794 1209 relinquantur
3816 1138 3971 1210 boni,
3997 1138 4098 1211 qui
4124 1156 4257 1212 pro-

2615 1226 2737 1298 prie
2754 1232 2893 1281 sunt
2913 1243 3124 1298 corpus
3141 1225 3352 1281 Christi
3374 1244 3385 1291 ;
3402 1231 3459 1281 et
3478 1226 3605 1281 ideo
3624 1243 3758 1282 cum
3778 1227 3889 1299 ipsi
3909 1228 4255 1301 relinquun-

2615 1320 2730 1383 tur,
2763 1315 2859 1371 ille
2890 1315 3257 1387 relinquitur.
3294 1315 3454 1371 Unde
3504 1317 3756 1387 subjecit
3795 1322 3971 1389 atque
4002 1318 4255 1385 addidit,

2618 1405 2975 1475 Universiqui
2983 1408 3036 1459 te
3056 1404 3463 1475 derelinquunt,
3483 1408 3794 1460 terreantur
3806 1423 3825 1459 :
3842 1405 4260 1476 confundantur

2612 1496 2711 1565 qui
2734 1497 3072 1549 recesserunt
3094 1495 3151 1547 in
3174 1496 3405 1549 terram.
3429 1496 3602 1548 Terra
3622 1498 3711 1549 est
3729 1493 3881 1549 enim
3906 1493 4079 1549 homo
4102 1495 4173 1549 de
4193 1510 4258 1550 se

2614 1599 2995 1654 praesumens,
3019 1588 3191 1653 atque
3215 1581 3357 1637 alios
3379 1582 3525 1636 utde
3541 1582 3667 1654 ipso
3683 1584 4258 1654 praesumaturindu-

2614 1688 2748 1727 cens
2768 1676 2843 1726 :ct
2858 1671 2986 1725 ideo
3004 1670 3287 1741 sequitur,
3303 1672 3648 1739 Evertentur,
3662 1673 3929 1743 quoniam
3948 1672 4257 1743 derelique-

2612 1765 2741 1815 runt
2770 1764 2975 1830 fontem
3006 1764 3133 1816 vita:
3164 1761 3477 1814 Dominum.
3508 1760 3654 1823 Quid
3678 1761 3835 1815 enim
3859 1760 4014 1816 aliud
4041 1761 4257 1817 clamat

2612 1850 2831 1920 perdix,
2858 1849 2967 1904 nisi
2990 1850 3143 1920 apud
3168 1865 3229 1903 se
3250 1865 3376 1903 esse
3398 1858 3452 1903 et
3472 1866 3505 1903 a
3525 1866 3586 1903 se
3608 1849 3733 1904 dari
3757 1849 3975 1905 fontem
4000 1851 4151 1917 vitas,
4177 1851 4255 1906 ad

2611 1953 2783 2008 quem
2807 1937 3136 2008 congregati
3162 1938 3432 1992 recedant
3451 1954 3484 1992 a
3499 1937 3745 2005 Christo,
3764 1938 3975 1994 Christi
3995 1940 4259 2011 promis-

2610 2026 2772 2081 sione
2791 2027 3037 2097 decepti,
3056 2028 3225 2095 cujus
3244 2026 3612 2095 nominejam
3631 2027 3982 2083 tenebantur
4002 2028 4258 2083 imbuti?

2608 2115 2732 2170 Non
2757 2117 2911 2170 enim
2936 2132 3083 2186 quos
3106 2114 3349 2186 peperit,
3372 2119 3719 2187 congregat:
3741 2116 3842 2171 sed
3863 2123 3925 2171 ut
3942 2123 4256 2191 congreget

2608 2220 2754 2275 quos
2778 2222 2889 2259 non
2906 2204 3148 2275 peperit,
3169 2204 3331 2271 dicit,
3352 2203 3526 2259 Salus
3542 2221 3720 2276 quam
3744 2205 4009 2261 Christus
4031 2208 4253 2278 promi-

2608 2293 2702 2359 sit,
2728 2293 2881 2364 apud
2905 2309 2997 2347 me
3021 2299 3109 2347 est
3134 2310 3147 2359 ;
3171 2308 3276 2365 ego
3300 2293 3473 2348 dabo.
3505 2294 3612 2348 Sed
3636 2293 3765 2349 vide
3787 2295 3923 2365 quid
3945 2295 4053 2352 iste
4070 2296 4251 2367 dicat,

2607 2382 2751 2437 Sana
2773 2398 2878 2447 me,
2902 2383 3145 2451 Domine,
3169 2387 3217 2437 et
3239 2382 3511 2444 sanabor;
3530 2384 3743 2437 salvum
3760 2400 3844 2439 me
3858 2387 3968 2452 fac,
3995 2388 4045 2441 et
4064 2387 4255 2441 salvus

2604 2488 2713 2527 ero.
2740 2471 2902 2526 Unde
2924 2470 3234 2541 Apostolus
3258 2472 3416 2537 dicit,
3443 2474 3606 2527 Nemo
3635 2474 3904 2540 glorietur
3932 2477 3994 2529 in
4032 2475 4255 2533 homine

2606 2564 2649 2633 (Ι
2684 2562 2808 2617 Cor.
2846 2579 2929 2627 ιιι,
2963 2563 3052 2627 21)
3074 2580 3092 2614 :
3124 2568 3181 2616 et
3211 2562 3321 2615 iste
3344 2562 3667 2633 subjungit,
3690 2566 3967 2632 Quoniam
3988 2564 4253 2635 gloriatio

2604 2667 2723 2706 mea
2746 2660 2803 2706 tu
2832 2667 2885 2705 es
2914 2652 3131 2720 (Jerem.
3164 2667 3300 2718 xvu,
3335 2652 3423 2714 13,
3462 2652 3571 2721 14).
3613 2651 3732 2706 Illis
3766 2653 3955 2707 modis
3987 2670 4092 2708 nos
4126 2655 4253 2711 ins-

2604 2740 2858 2794 truimus
2892 2739 3186 2794 hominem
3213 2756 3280 2793 ex
3301 2740 3619 2810 apostolica
3641 2741 4086 2812 propheticaque
4110 2744 4252 2800 doc-

2604 2828 2778 2897 trina,
2804 2834 2865 2882 ut
2885 2827 3202 2882 aediﬁcetur
3222 2844 3399 2898 super
3423 2828 3807 2884 fundamenta
3826 2831 4247 2902 Apostolorum

2603 2924 2660 2974 et
2690 2916 3111 2990 Prophetarum
3145 2917 3359 2989 (Ephes.
3398 2935 3456 2983 ιι,
3488 2919 3602 2989 20,.

2670 3096 2902 3153 CAPUT
2926 3095 3093 3150 XVII.
3120 3124 3187 3137 --
3209 3095 3459 3151 Faustus
3481 3105 3674 3151 autem
3692 3099 3983 3169 quomodo
4000 3116 4247 3171 persua-

2600 3187 2758 3241 deret
2779 3185 3140 3239 divinitatem
3164 3184 3400 3249 Christi,
3427 3184 3644 3239 homini
3665 3187 3887 3257 gentili,
3909 3204 4081 3259 quem
4102 3206 4244 3245 con-

2601 3274 3117 3337 stituitdicentem,
3136 3274 3249 3328 Nec
3264 3274 3568 3343 Prophetis
3581 3276 3751 3329 credo
3764 3276 3834 3330 de
3858 3276 4089 3332 Christo
4106 3296 4119 3343 ;
4137 3295 4245 3335 nec

2601 3363 2830 3418 Christo
2852 3364 2923 3418 de
2944 3362 3283 3433 Prophetis?
3299 3365 3382 3417 An
3403 3364 3629 3418 Christo
3652 3365 3913 3420 crederet
3934 3368 4004 3422 de
4027 3384 4088 3423 se
4111 3368 4244 3439 ipso

2602 3452 2836 3522 dicenti,
2862 3452 2953 3506 cui
2987 3469 3100 3507 non
3132 3452 3390 3507 crederet
3421 3452 3489 3506 de
3521 3453 3653 3508 aliis
3685 3455 4017 3510 testiﬁcanti
4040 3458 4067 3511 Ἰ
4097 3456 4249 3514 Vere

2604 3541 2917 3596 ridiculum
2940 3546 3027 3597 est
3049 3541 3154 3595 hoc
3178 3546 3400 3611 putare.
3422 3542 3601 3606 Quem
3624 3544 3801 3598 semel
3820 3544 3976 3599 enim
3997 3546 4246 3617 dignum

2604 3630 2715 3684 ﬁde
2741 3646 2854 3685 non
2887 3630 3145 3694 duceret,
3179 3634 3277 3683 aut
3306 3630 3543 3685 omnino
3576 3631 3719 3686 nihil
3753 3634 3803 3687 ei
3837 3634 4116 3696 crederet.
4149 3642 4257 3691 aut

2604 3718 2797 3790 potius
2824 3734 2923 3789 pro
2945 3717 3075 3772 aliis
3093 3734 3265 3788 quam
3284 3736 3382 3788 pro
3398 3736 3458 3773 se
3474 3720 3597 3790 ipso
3618 3721 3951 3777 testificanti
3967 3725 4255 3780 crederet.

2603 3808 2705 3862 Hic
2730 3809 2871 3861 forte
2902 3806 3151 3860 Faustus
3174 3806 3399 3871 irrisus,
3425 3808 3675 3879 Sibyllas
3697 3810 3918 3865 homini
3938 3810 4176 3883 legeret,
4195 3818 4259 3870 et

2604 3896 2923 3967 Orpheum.
2950 3899 3006 3949 et
3027 3901 3259 3949 caeteros
3285 3895 3647 3965 hujusmodi,
3666 3899 3712 3953 si
3733 3916 3881 3970 quos
3899 3900 4043 3957 alios
4062 3902 4260 3957 Genti-

2604 3984 2750 4039 lium
2774 3984 3054 4055 reperiret
3073 3984 3144 4038 de
3163 3984 3386 4039 Christo
3408 3985 3627 4057 aliquid
3655 3990 4117 4059 przenuntiasse?
4140 3992 4256 4048 Sed

2604 4091 2718 4129 non
2752 4074 2998 4129 faceret:
3033 4090 3131 4127 eos
3165 4074 3380 4145 quippe
3412 4076 3522 4130 sibi
3555 4076 3884 4149 incognitos
3914 4080 4106 4135 fassus
4138 4086 4253 4149 est,

2603 4163 2822 4229 dicens,
2856 4161 3001 4217 Sane
3029 4164 3081 4217 si
3109 4170 3236 4216 sunt
3264 4164 3484 4233 aliqua,
3519 4174 3580 4220 ut
3607 4168 3762 4236 fama
3793 4172 3892 4234 est,
3925 4167 4159 4239 Sibyllae
4186 4169 4257 4225 de

2604 4253 2816 4307 Christo
2826 4253 3124 4322 praesagia,
3149 4253 3551 4321 autHermetis,
3569 4271 3728 4325 quem
3752 4258 3944 4311 dicunt
3968 4259 4253 4327 Trismegi-

2600 4349 2762 4411 stum,
2787 4350 2881 4396 aut
2903 4342 3108 4412 Orphei
3130 4341 3469 4413 aliorumque
3491 4345 3551 4397 in
3569 4342 3882 4400 Gentilitate
3901 4356 4105 4402 vatum.
4136 4348 4252 4403 Ho-

2607 4446 2739 4485 rum
2764 4446 2899 4503 ergo
2925 4430 3034 4485 iste
3066 4428 3292 4486 litteras
3326 4431 3613 4500 nesciens,
3647 4436 4124 4507 quandoquidem
4152 4454 4256 4509 per

2602 4519 2821 4574 famam
2850 4523 3015 4591 putat
3033 4535 3157 4575 esse
3178 4518 3409 4591 aliquos
3431 4520 3597 4586 tales,
3622 4538 3735 4576 non
3760 4540 3857 4578 eas
3878 4525 4081 4596 utique
4098 4525 4256 4600 lege-

2603 4613 2691 4663 ret
2720 4607 2803 4662 illi
2850 4609 3089 4674 dicenti,
3140 4608 3253 4663 Nec
3302 4608 3603 4680 Prophetis
3635 4612 3831 4678 credo,
3864 4629 3967 4668 nec
3997 4614 4250 4673 Christo.

2599 4697 2746 4762 Quid
2771 4698 2948 4769 igitur
2978 4698 3229 4752 faceret?
3250 4699 3334 4751 An
3359 4698 3641 4769 proferret
3670 4700 4081 4769 Manicheum,
4104 4711 4163 4761 et
4187 4724 4255 4762 ex

2600 4786 2699 4841 illo
2713 4786 3497 4842 commendaretChristum?
3515 4788 3828 4860 Nunquam
3847 4790 3954 4846 hoc
3968 4792 4253 4853 fecerunt:

2603 4877 2703 4931 sed
2728 4876 2922 4948 potius
2944 4876 3013 4930 de
3039 4874 3289 4946 Christo,
3314 4878 3483 4946 cujus
3507 4878 3625 4947 iam
3650 4896 3860 4936 nomen
3882 4881 4101 4952 ubique
4122 4884 4253 4939 dul-

2602 4966 2746 5021 citer
2775 4964 2999 5019 clarum
3031 4969 3141 5031 est,
3171 4964 3552 5022 Manicheum
3582 4983 3814 5039 semper
3838 4973 4251 5030 commendare

2602 5054 2792 5110 conati
2816 5059 2975 5123 sunt,
3000 5058 3063 5107 ut
3087 5054 3194 5109 hoc
3220 5054 3389 5110 melle
3415 5055 3635 5112 scilicet
3654 5060 3924 5114 venenati
3945 5061 4034 5115 sui
4056 5063 4251 5133 poculi

2601 5144 2759 5200 labra
2792 5149 3203 5215 perungerent.
3237 5146 3381 5200 Cum
3413 5145 3567 5201 enim
3615 5146 3881 5203 Christus
3915 5152 4250 5221 promiserit

2601 5234 2747 5301 suis,
2776 5233 3095 5287 missurum
3121 5249 3180 5287 se
3204 5234 3588 5302 Paracletum,
3608 5235 3665 5290 id
3685 5242 3793 5298 est,
3818 5239 4245 5298 consolatorem

2598 5324 2685 5380 vel
2721 5323 3089 5387 advocatum,
3122 5322 3405 5394 Spiritum
3456 5326 3709 5382 veritatis
3749 5328 3932 5395 (Joan.
3964 5347 4079 5397 xxv,
4118 5333 4239 5403 16);

2602 5430 2702 5486 per
2725 5413 2873 5466 hanc
2889 5412 3295 5482 promissionis
3311 5415 3698 5485 occasionem,
3716 5416 3871 5472 hunc
3886 5419 4246 5477 Paracletum

2598 5502 2858 5557 dicentes
2889 5518 3013 5556 esse
3046 5502 3449 5570 Manicheeum,
3473 5505 3557 5559 vel
3583 5506 3639 5560 in
3665 5507 4007 5573 Manichaee,
4034 5511 4242 5565 subre-

2602 5594 2750 5663 punt
2779 5591 2838 5646 in
2867 5590 3177 5646 hominum
3213 5596 3434 5647 mentes
3466 5593 3799 5665 ignorantes
3831 5596 3929 5651 ille
3961 5597 4242 5656 aChristo

2600 5680 2927 5753 promissus
2944 5681 3177 5750 quando
3192 5681 3514 5737 sitmissus.
3532 5685 3637 5750 Qui
3652 5684 4133 5759 autemlegerunt
4149 5704 4241 5748 oa-

2598 5768 2874 5827 nonicum
2893 5768 3131 5841 librum,
3147 5768 3245 5842 qui
3258 5771 3437 5829 Actus
3449 5772 3856 5846 Apostolorum
3868 5774 4237 5851 inscribitur,
