4638 6466
458 415 568 474 301

458 547 789 601 adoraverit
812 564 877 602 ac
895 548 1183 602 lunam.5i
1203 546 1674 618 ergo,inquit,sut2
1689 546 1888 615 gentili
1903 546 2108 615 positas

455 637 774 703 rege,sotem
797 653 964 705 cogar
983 637 1292 702 adorare,et
1309 654 1430 691 cum
1454 638 1723 703 restitero,
1758 635 2108 688 maledictum

453 727 546 780 hoc
579 729 852 789 metuens,
886 727 1079 793 iubear
1107 727 1378 796 cruci/iui,
1409 728 1466 779 in
1498 725 1659 780 aliud
1688 726 1803 792 ejus
1822 725 2104 777 incurram

454 814 825 881 maledictum,
849 815 987 884 quod
1008 815 1261 869 adversus
1284 832 1407 869 eum
1426 815 1778 883 deprompsit.
1799 814 1894 883 qui
1909 810 2102 882 pendet

451 905 504 956 in
531 903 825 973 ligno.Vos
844 904 1079 975 quidem
1105 903 1302 958 nullus
1324 921 1418 958 rex
1436 903 1670 974 gentilis
1689 902 1841 973 cogit
1861 903 2100 956 adorare

454 994 824 1064 solem,quod
846 1009 944 1047 nec
967 992 1089 1064 ipse
1107 993 1190 1048 sol
1211 998 1457 1064 cogeret,
1480 991 1596 1047 siin
1631 997 1780 1045 terra
1813 994 2097 1060 regnaret,

453 1081 592 1151 quia
613 1097 719 1136 nec
741 1098 896 1135 nunc
915 1099 947 1135 a
965 1081 1128 1136 vobis
1149 1081 1255 1136 hoc
1275 1080 1396 1136 vult
1417 1081 1557 1136 fieri:
1581 1080 1678 1134 sed
1701 1080 1849 1134 sicut
1871 1079 2102 1133 Creator

454 1171 576 1241 ipse
609 1170 823 1240 impios
841 1169 1342 1241 blasphematores
1361 1187 1497 1226 suos
1519 1169 1788 1241 usquead
1809 1167 2099 1238 judicium

453 1258 820 1328 sustinet,sic
841 1260 1034 1331 etipsa
1049 1259 1300 1313 cmlcstia
1317 1258 1565 1313 tolerant
1580 1275 1753 1312 vanos
1769 1259 2101 1311 adoratores

452 1365 593 1402 suos
616 1365 806 1419 usque.
824 1349 890 1401 ad
907 1349 1196 1417 judicium
1217 1348 1499 1402 Creatoris
1519 1349 1606 1401 sui
1629 1347 1950 1418 (a).Tame.n
1976 1362 2099 1398 me-

451 1442 710 1491 mentote
736 1437 1130 1491 Christianum
1160 1454 1352 1507 regem
1376 1454 1487 1491 non
1517 1454 1685 1507 posse
1704 1451 1905 1505 cogere
1932 1439 1992 1487 ut
2013 1432 2096 1487 sol

447 1527 832 1580 adoretur.De
848 1527 1044 1596 gentili
1063 1528 1214 1580 enim
1234 1543 1363 1596 rege
1378 1525 1961 1596 exemplumli‘austus
1979 1539 2101 1591 pro-

453 1616 865 1681 posuit,sciens
890 1617 1141 1686 profecto
1168 1616 1234 1668 ad
1256 1615 1511 1670 Gentiles
1532 1616 1817 1686 pertinere
1838 1613 1987 1683 quod
2015 1613 2098 1666 fa-

451 1705 604 1768 citis,
632 1721 766 1758 cum
794 1705 973 1759 solem
1007 1704 1412 1759 adoratisNon
1433 1710 1521 1759 est
1543 1721 1676 1774 ergo
1702 1703 1805 1757 hoc
1829 1700 2096 1757 christia-

454 1811 594 1848 num
623 1795 748 1848 :sed
775 1793 1130 1863 ubiquejam
1158 1793 1354 1864 perdix
1381 1811 1587 1846 nomen
1612 1793 1824 1846 Christi
1848 1791 2098 1863 ponit,ut

457 1888 770 1954 congreget
791 1900 914 1952 qua:
938 1900 1045 1936 non
1070 1883 1699 1954 peperit(Jeremavnd
1717 1881 1989 1952 l).Videti-
2014 1885 2095 1933 ta-

453 1989 586 2025 men
609 1988 788 2042 quam
818 1971 980 2026 facile
1002 1972 1348 2042 respondeat
1364 1972 1659 2034 veritas,et
1679 1988 1817 2025 sana
1836 1969 2098 2023 doctrina

453 2077 632 2131 quam
656 2059 818 2114 facile
838 2060 1169 2130 disrumpat
1197 2060 1349 2114 hunc
1367 2065 1570 2114 vestrae
1589 2060 1926 2130 quzeslionis
1965 2064 2095 2111 tan-

449 2166 624 2219 quam
672 2147 1065 2202 inevitabilem
1094 2157 1149 2202 et
1177 2148 1477 2219 bicipitem
1511 2148 1807 2218 laqueum.
1845 2148 1983 2202 Ecce
2017 2147 2096 2200 fa-

449 2240 679 2292 ciamus
713 2236 967 2308 aliquem
1001 2245 1290 2291 armatum
1329 2238 1486 2306 regia
1533 2243 1814 2308 potestate
1858 2235 2095 2291 commi-

450 2326 574 2380 nari
595 2326 822 2380 homini
845 2326 1184 2395 christiano,
1209 2326 1338 2381 utsi
1361 2327 1538 2381 solem
1560 2328 1798 2381 adorare
1823 2325 2090 2392 uoluerit,

448 2416 849 2486 suspendatur
881 2416 938 2468 in
972 2415 1147 2486 ligno.
1176 2413 1233 2468 Si
1258 2415 1638 2482 declinavere,
1665 2416 1880 2486 inquis,
1919 2413 2090 2469 male-

448 2505 696 2572 dictum,
724 2504 876 2575 quod
906 2505 1016 2558 Lex
1044 2503 1329 2575 prompsit
1354 2504 1410 2557 in
1437 2504 1575 2559 solis
1595 2505 1977 2570 adoratorem,
2012 2503 2092 2557 in-

447 2593 641 2648 cidam
676 2593 734 2646 in
769 2592 909 2647 illud
948 2593 1098 2664 quod
1135 2594 1334 2647 eadem
1371 2594 1481 2648 Lex
1516 2593 1801 2664 prompsit
1850 2593 1901 2645 in
1957 2609 2088 2646 eum

447 2681 547 2751 qui
583 2681 924 2753 pependerit
956 2682 1011 2735 in
1048 2680 1224 2752 ligno.
1248 2686 1328 2735 Ita
1345 2699 1476 2737 vero
1494 2681 1820 2736 turbaberis
1844 2698 1854 2734 :
1879 2683 1975 2734 sed
2004 2686 2089 2742 tu.

445 2769 564 2823 imo
593 2787 699 2824 nec
732 2774 815 2836 tu,
843 2770 978 2841 quid
1016 2775 1070 2823 et
1103 2770 1262 2824 nullo
1295 2775 1531 2841 cogente
1565 2771 1770 2824 adoras
1794 2771 1996 2826 solem.
2023 2772 2093 2823 At

446 2875 578 2913 vero
626 2857 997 2912 Christianus
1041 2860 1362 2913 aedificatus
1407 2875 1582 2929 super
1640 2860 2089 2912 fundamentum

443 2948 858 3019 Apostolorum
879 2955 934 3000 et
952 2946 1370 3017 Prophetarum
1389 2948 1600 3018 (Ep/tes.
1625 2965 1684 3014 11,
1703 2949 1813 3014 ‘30),
1845 2948 2092 3001 attendit

445 3037 713 3109 singulas
744 3055 973 3103 causas,
1007 3044 1063 3091 et
1091 3036 1323 3108 singula
1356 3037 1664 3091 maledicta
1684 3055 1704 3113 :_
1733 3038 1884 3091 videt
1911 3053 2089 3092 unum

446 3127 741 3196 pertinere
775 3126 846 3180 ad
880 3143 1092 3196 corpus
1124 3125 1558 3198 mortale,quod
1592 3126 1748 3198 ligno
1780 3127 2088 3197 suspendi-

447 3223 582 3281 tur;
617 3214 868 3270 alterum
903 3215 972 3268 ad
1006 3216 1289 3284 animum,
1337 3233 1451 3286 quo
1494 3216 1576 3269 sol
1625 3216 1918 3270 adoratur.
1968 3215 2088 3268 Etsi

440 3303 597 3358 enim
635 3321 848 3374 corpus
884 3302 1276 3358 inclinaturin
1298 3304 1612 3373 adurendo,
1640 3305 1871 3358 animus
1895 3309 2084 3357 tamen

444 3398 547 3447 aut
578 3391 717 3447 colit
748 3393 898 3462 quod
935 3392 1150 3455 adorat,
1185 3398 1285 3447 aut
1319 3393 1517 3463 fingit;
1554 3399 1864 3464 utrumque
1896 3397 2085 3446 autem

443 3481 841 3553 perniciosum
877 3485 981 3536 est.
1016 3483 1375 3553 QuaprOpter
1404 3483 1676 3552 quoniam
1715 3481 2086 3536 maledictum

442 3570 502 3624 in
538 3576 791 3640 utroque
827 3587 979 3624 mors
1014 3570 1242 3637 meruit,
1278 3570 1431 3624 sicut
1462 3588 1618 3626 mors
1650 3571 1906 3641 corporis
1940 3570 1995 3623 in
2025 3568 2090 3622 1i-

444 3676 560 3731 gno
593 3659 866 3731 pendere,
915 3659 993 3712 ita
1042 3677 1197 3714 mors
1238 3659 1417 3714 animi
1467 3666 1552 3715 est
1597 3659 1776 3714 solem
1825 3661 2086 3713 adorare.

445 3748 795 3819 Eligendum
826 3752 914 3802 est
949 3747 1124 3819 igitur
1155 3747 1529 3803 maledictum
1565 3749 1620 3802 in
1653 3747 1910 3819 corporis
1933 3765 2090 3801 mor-

449 3843 525 3904 te,
559 3855 675 3908 quo
709 3836 1017 3893 maledicto
1050 3845 1106 3892 et
1140 3837 1330 3908 ipsum
1351 3839 1639 3909 corpusin
1672 3837 2091 3893 resurrectione

448 3925 830 3981 liberabitur:
867 3927 1239 3981 devitandum
1276 3933 1463 3981 autem
1489 3926 1862 3982 maledictum
1888 3928 1942 3980 in
1964 3925 2090 3979 ani-

449 4032 558 4070 mae
609 4019 817 4082 morte,
867 4032 937 4068 ne
992 4032 1121 4069 cum
1172 4032 1278 4070 suo
1323 4033 1559 4087 corpore
1604 4015 1661 4069 in
1704 4021 1915 4069 aeterno
1963 4015 2091 4085 igne

450 4105 784 4160 damnetur.
819 4103 977 4157 Hanc
1009 4105 1161 4158 enim
1197 4104 1575 4174 quazstioncm
1611 4103 1778 4158 nobis
1811 4104 2091 4158 Dominus

446 4192 646 4259 solvit,
681 4194 911 4247 dicens:
947 4193 1124 4246 Nolite
1153 4195 1345 4247 timere
1373 4209 1464 4246 eos
1494 4194 1588 4262 qui
1611 4209 1802 4263 corpus
1823 4192 2091 4256 occidunt,

446 4285 700 4337 animum
730 4289 910 4336 autem
942 4297 1050 4336 non
1077 4290 1299 4352 possunt
1329 4283 1609 4337 occidere:
1641 4282 1732 4336 sed
1759 4298 1882 4336 eum
1913 4285 2096 4335 timete

447 4373 547 4442 qui
579 4372 738 4425 habet
769 4375 1092 4442 potestatem
1121 4381 1172 4425 et
1200 4373 1446 4425 animum
1477 4375 1528 4425 et
1557 4387 1750 4439 corpus
1779 4372 2015 4424 occidere
2037 4372 2093 4423 in

446 4463 754 4531 gehennam
787 4461 933 4529 ignis
979 4461 1192 4530 (Matth.
1240 4478 1294 4525 x,
1344 4462 1456 4530 28).
1504 4461 1805 4529 Tanquam
1860 4461 2092 4528 diceret,

449 4549 640 4604 Nolite
677 4550 881 4603 timere
913 4549 1290 4603 maledictum
1322 4547 1637 4619 corporalis
1680 4548 1908 4615 mortis,
1943 4548 2096 4618 quod

511 4700 587 4759 (a)
617 4699 660 4748 II
692 4699 942 4754 Retract.,
975 4712 1090 4761 cap.
1121 4700 1169 4754 Ἰ,
1203 4711 1256 4746 n.
1292 4700 1338 4746 3.

1654 412 1880 472 LIBER
1925 413 2266 481 QUINTUS
2315 413 2676 474 DECIMUS.

3747 432 3863 487 302

2218 544 2614 612 temporaliter
2637 545 2914 601 solvitur:
2941 549 3040 603 sed
3067 549 3262 607 timete
3287 552 3662 610 maledictum
3688 559 3860 628 spiri-

2217 631 2391 686 tualis
2427 634 2653 699 mortis,
2688 651 2788 705 per
2808 637 2960 706 quod
2988 639 3184 694 anima
3207 641 3262 694 in
3290 648 3568 698 aeternum
3596 661 3727 700 cum
3752 663 3857 702 suo

2215 738 2451 791 corpore
2482 725 2793 777 cruciatur.
2830 730 2968 779 Ecce
3002 744 3111 781 non
3145 734 3228 782 est
3260 732 3578 787 anicularis
3613 735 3856 790 maledi-

2212 809 2345 875 ctio,
2383 812 2477 864 sed
2505 812 2839 882 prophetica
2872 816 3184 886 praedictio,
3223 818 3540 877 ita/edictus
3558 826 3734 878 omnis
3759 828 3856 894 qui

2207 898 2398 968 pendet
2434 901 2491 953 in
2527 898 2700 970 ligno.
2733 902 2821 956 Sic
2854 903 3006 958 enim
3037 908 3223 960 aufert
3257 908 3523 964 Christus
3553 912 3622 966 de
3672 913 3850 968 male-

2212 986 2365 1041 dicto
2398 989 2792 1060 maledictum,
2829 995 3119 1062 quomodo
3151 996 3218 1048 de
3252 1002 3434 1052 morte
3469 1005 3736 1067 mortem,
3780 1002 3848 1056 de

2212 1081 2444 1146 peccato
2470 1083 2792 1148 peccatum.
2827 1080 2919 1135 Sic
2950 1098 3084 1154 ergo
3112 1100 3224 1138 non
3252 1084 3676 1157 blasphemavit
3698 1089 3850 1162 Moy-

2211 1181 2304 1219 ses
2335 1165 2598 1234 dicendo,
2636 1169 2956 1225 Matedirtus
2985 1172 3292 1242 quipendet
3315 1176 3374 1228 in
3397 1176 3546 1245 tigno
3574 1193 3850 1248 :quomo-

2209 1255 2282 1308 do
2316 1271 2424 1308 non
2474 1256 3025 1327 blasphemaverunt
3080 1262 3339 1331 Apostoli
3393 1264 3671 1332 docendo,
3711 1267 3850 1322 Mor-

2209 1348 2333 1397 tuus
2359 1345 2665 1414 est(t1(.'or.
2693 1363 2741 1411 ν,
2770 1349 2856 1413 lli,
2894 1349 2978 1416 15)
3008 1367 3019 1414 ;
3053 1355 3126 1415 et,
3161 1352 3312 1405 Vetus
3342 1352 3497 1407 homo
3519 1360 3698 1410 noster
3726 1372 3850 1411 con-

2209 1431 2352 1500 [ἰάλω
2382 1438 2458 1487 est
2487 1437 2637 1488 cruci
2664 1453 2788 1489 cum
2818 1437 2914 1491 illo
2950 1437 3123 1506 (Hom.
3150 1456 3229 1502 γι,
3272 1441 3360 1506 6);
3399 1447 3473 1504 et,
3516 1443 3591 1496 De
3639 1454 3852 1514 peccato

2209 1520 2491 1576 damnavit
2517 1539 2794 1592 peccatum
2825 1526 2919 1590 (Id.
2954 1544 3074 1596 vm,
3102 1529 3150 1597 3)
3181 1533 3294 1598 fet,
3326 1533 3473 1584 Eum
3497 1535 3593 1601 qui
3616 1550 3722 1587 non
3755 1550 3852 1590 no-

2211 1621 2358 1664 verat
2387 1619 2686 1680 peccatum,
2719 1618 2997 1681 peccatum
3035 1632 3135 1686 pro
3167 1618 3326 1671 nol/is
3355 1621 3484 1688 fecit
3525 1620 3592 1689 (ll
3639 1623 3760 1676 Cor.
3797 1639 3851 1687 v,

2206 1698 2333 1768 ‘21);
2367 1705 2421 1754 et
2456 1699 2640 1755 multa
2671 1702 3030 1771 hujusmodi.
3065 1704 3178 1759 Vos
3211 1713 3401 1760 autem
3436 1723 3567 1762 cum
3599 1709 3850 1765 horretis

2209 1788 2583 1843 maledictum
2617 1791 2930 1860 Christum,
2972 1793 3232 1846 fatemini
3267 1811 3365 1848 vos
3413 1795 3647 1851 horrere
3689 1815 3846 1853 mor-

2209 1881 2321 1930 tem
2369 1876 2602 1932 Christi.
2649 1878 2754 1933 Ubi
2803 1885 3042 1950 apparct
3087 1889 3293 1950 vestra,
3359 1901 3469 1938 non
3534 1887 3848 1942 anicularis

2209 1964 2556 2029 maledictio,
2591 1967 2689 2020 sed
2719 1967 3008 2022 diabolica
3059 1969 3374 2036 simulatio,
3437 1973 3536 2043 qui
3596 1979 3845 2030 mortem

2205 2052 2417 2107 Christi
2449 2055 2730 2124 corporis,
2765 2056 2972 2111 animae
3007 2064 3207 2112 vestrae
3235 2067 3418 2115 morte
3452 2078 3566 2116 non
3586 2063 3844 2120 creditis.

2206 2144 2388 2205 Quam
2424 2148 2618 2197 tamen
2653 2148 2897 2199 mortem
2921 2145 3134 2201 Christi.
3160 2165 3271 2202 non
3297 2165 3512 2215 veram,
3537 2153 3635 2205 sed
3663 2152 3847 2206 simu-

2204 2229 2385 2284 latam
2417 2232 2716 2287 suadetis:
2781 2234 2946 2300 quasi
3005 2252 3120 2289 non
3179 2237 3442 2292 audeatis
3489 2255 3588 2309 per
3638 2256 3847 2295 nomen

2205 2319 2586 2374 christianum
2622 2322 2887 2377 homines
2926 2323 3146 2393 fallere,
3179 2326 3289 2380 nisi
3327 2327 3518 2397 ipsum
3551 2327 3845 2383 Christum

2205 2409 2548 2480 magistrum
2582 2409 2819 2464 fallaciae
2854 2411 3102 2468 faciatis.

2274 2496 2504 2552 CAPUT
2536 2499 2678 2553 XIII.
2715 2531 2777 2540 —
2810 2499 2969 2562 Quod
3006 2506 3196 2556 autem
3221 2502 3456 2558 invidus
3475 2504 3844 2560 continentia:

2200 2585 2289 2642 vel
2322 2587 2638 2656 virginitati
2673 2589 2882 2643 Fausto
2917 2590 3143 2661 Moyses
3176 2592 3336 2646 visus
3365 2597 3472 2658 est,
3509 2593 3646 2664 quia
3678 2594 3842 2658 dixit,

2203 2675 2512 2730 Maledictus
2527 2679 2708 2731 omnis
2730 2679 2827 2747 qui
2855 2694 2967 2732 non
3009 2683 3354 2735 suscitaverit
3379 2699 3557 2736 semen
3592 2685 3650 2738 in
3680 2685 3844 2739 lsract

2205 2766 2505 2832 (Deutxxv,
2529 2766 2582 2828 7)
2610 2782 2622 2830 ;
2654 2765 2850 2836 legant
2882 2766 3088 2821 Isaiam
3148 2768 3518 2837 clamantem,
3556 2773 3681 2828 Ha‘c
3710 2773 3846 2828 dicit

2201 2855 2461 2908 Dominus
2491 2855 2820 2924 spadonibus
2851 2857 3101 2911 omnibus
3119 2875 3135 2911 :
3159 2858 3264 2925 Qui
3280 2859 3678 2915 observaverint
3699 2877 3844 2929 pra)-

2199 2950 2352 3012 cepta
2385 2960 2522 3012 mea,
2555 2949 2606 2996 et
2635 2944 2893 3010 elegerint
2921 2961 3038 3016 quae
3069 2962 3160 3015 ego
3195 2948 3331 3012 voto,
3379 2958 3430 3002 et
3482 2950 3846 3006 custodierint

2201 3036 2578 3086 testamentum
2601 3049 2812 3094 meum;
2837 3033 2972 3087 dabo
2995 3036 3107 3088 iltis
3128 3036 3185 3088 in.
3200 3035 3354 3088 domo
3378 3053 3495 3091 mea
3517 3040 3562 3090 et
3597 3039 3656 3091 in
3691 3055 3845 3094 muro

2199 3137 2316 3175 meo
2335 3123 2510 3175 locum
2529 3123 2892 3187 nominatum,
2920 3123 3194 3177 meliorem
3208 3125 3454 3194 ﬁliorum
3474 3135 3526 3180 et
3543 3125 3803 3195 ﬁliarum
3829 3145 3842 3183 :

2199 3226 2395 3265 nomen
2432 3220 2700 3266 :etcmum
2730 3210 2864 3264 datio
2898 3210 3042 3275 illis,
3074 3221 3126 3267 et
3154 3228 3261 3266 non
3303 3214 3474 3268 deerit
3523 3215 3637 3270 illis
3691 3218 3842 3287 ([ςαί.

2202 3316 2308 3366 va,
2333 3301 2470 3366 4-5).
2504 3299 2678 3353 Autsi
2700 3301 3056 3354 contrarium
3084 3305 3289 3372 putant
3313 3303 3516 3356 Isaiam
3539 3304 3846 3375 Moysi,hic

2200 3389 2280 3444 eis
2314 3390 2557 3460 placeat,
2582 3389 2627 3443 si
2649 3389 2743 3443 ille
2768 3391 3068 3460 displicet;
3092 3409 3204 3446 non
3225 3398 3313 3446 est
3332 3409 3534 3462 parum
3561 3396 3843 3449 adversus

2201 3478 2365 3532 istos.
2393 3479 2567 3532 Nobis
2588 3480 2742 3531 enim
2767 3480 2985 3533 sufficit
3003 3480 3151 3534 scire
3173 3498 3351 3535 unum
3376 3481 3553 3535 Deum
3580 3483 3840 3538 locutum

2199 3573 2255 3621 et
2275 3567 2626 3638 per'Moysen
2649 3571 2706 3621 et
2727 3584 2826 3636 per
2845 3569 3053 3622 Isaiam
3077 3585 3090 3622 :
3116 3577 3171 3623 et
3190 3569 3559 3624 maledictum
3581 3587 3706 3626 esse
3725 3588 3842 3626 om-

2202 3672 2333 3709 nem
2367 3656 2464 3724 qui
2487 3671 2600 3709 non
2619 3657 2987 3710 suscitaverit
3010 3674 3206 3712 semen
3232 3659 3288 3711 in
3317 3659 3508 3724 Israel,
3539 3660 3656 3714 sive
3681 3670 3837 3720 tunc.

2201 3760 2332 3798 cum
2367 3743 2577 3815 populo
2608 3745 2933 3799 secundum
2966 3761 3197 3802 carnem
3241 3748 3613 3819 propagando
3661 3749 3836 3804 etiam

2201 3832 2456 3887 carnalis
2488 3831 2669 3904 prolis
2699 3833 2957 3904 operatio
3016 3834 3072 3888 in
3128 3835 3415 3907 conjugali
3456 3837 3723 3892 castitate
3767 3839 3836 3892 ad

2201 3922 2458 3977 officium
2492 3921 2779 3976 civicum‘
2816 3924 3158 3993 pertinebat,
3212 3925 3330 3978 sive
3362 3942 3537 3988 nunc,
3571 3941 3641 3980 ne
3687 3927 3845 3997 quis-

2203 4031 2383 4085 quam
2421 4013 2806 4085 spiritualiter
2834 4019 3028 4085 natus,
3061 4019 3221 4086 putet
3253 4016 3361 4070 sibi
3395 4016 3602 4071 debere
3624 4018 3846 4073 sufﬁce-

2204 4121 2286 4173 re,
2322 4122 2422 4158 nec
2453 4103 2640 4158 instet
2671 4105 2992 4159 dominicis
3024 4106 3219 4173 lucris,
3251 4107 3465 4176 quibus
3482 4108 3846 4179 quisquepro

2207 4195 2441 4249 modulo
2476 4211 2582 4248 suo
2615 4195 2981 4266 prmdicando
3027 4195 3341 4263 Christum,
3394 4198 3563 4252 debet
3607 4214 3850 4268 genera-

2206 4302 2265 4340 re
2296 4286 2666 4340 christianos.
2723 4291 2801 4340 Ita
2863 4285 2961 4342 illa
3016 4286 3208 4341 divina
3259 4292 3545 4343 sententia
3589 4294 3850 4359 tempora

2208 4375 2517 4444 utriusque
2551 4375 2909 4429 Testamenti
2943 4375 3091 4429 mira
3125 4376 3398 4430 brevitate
3430 4377 3852 4448 complectitur,

2208 4464 2536 4520 Maledictus
2566 4466 2744 4518 omnis
2769 4467 2863 4535 qui
2883 4480 2996 4519 non
3015 4467 3358 4520 suscitaverit
3378 4482 3556 4520 semen
3579 4469 3635 4521 in
3659 4468 3848 4523 Israel.

2276 4573 2288 4604 ι
2324 4570 2494 4619 Editio
2528 4571 2680 4634 Lov.,
2711 4569 2806 4634 ad?
2835 4571 3063 4633 ofﬁcium
3124 4573 3415 4634 con/'ugum.
3471 4577 3532 4621 At
3574 4573 3698 4622 Mss.
3733 4586 3851 4622 cum

2213 4633 2327 4704 Ain.
2362 4638 2413 4703 tt
2442 4635 2507 4703 Er
2532 4671 2544 4688 ,
2570 4633 2639 4680 ad
2665 4633 2893 4694 o/ﬁcium
2929 4633 3159 4692 civicum,
3215 4633 3428 4694 habett,
3476 4639 3582 4694 aut,
3628 4637 3698 4683 ad
3735 4637 3854 4699 ofﬁ-

2209 4710 2340 4744 csum
2370 4709 2574 4743 σιυιιιηι.

1329 4915 1706 5008 LIBER
1787 4913 2324 5024 QUINTUS
2404 4911 2989 5005 DECIMUS.

541 5147 782 5204 CAPUT
815 5146 1127 5203 PRIMUM.
1159 5179 1227 5188 -—
1255 5147 1533 5201 FAUSTUS.
1570 5147 1749 5202 dixit:
1780 5149 1966 5212 Quare
1999 5164 2110 5202 non

467 5238 740 5310 accipitis
763 5238 1203 5292 Testamentum
1233 5236 1583 5300 \'ctus?Quia
1604 5242 1658 5289 et
1681 5253 1850 5290 omne
1875 5254 1971 5290 vas
1997 5236 2111 5307 ple-

456 5346 598 5384 num
616 5329 928 5398 superfusa
946 5343 1058 5381 non
1083 5325 1413 5396 reeipit,sed
1434 5325 1755 5380 effunditzet
1777 5325 2114 5380 stomachus

456 5425 625 5473 satur
643 5416 836 5487 rejimt
863 5415 1362 5486 ingesta.Proinde
1380 5421 1432 5468 et
1451 5415 1632 5469 Judzei
1660 5432 1724 5468 ex
1745 5432 2112 5486 praeoccupa-

456 5511 612 5563 tione
636 5507 904 5578 Moyseos
928 5507 1300 5559 Testamento
1318 5504 1506 5558 Veteri
1535 5503 1750 5564 satiati,
1769 5511 2116 5574 respuerunt

463 5601 689 5654 Novum
716 5614 727 5652 :
756 5601 814 5650 et
835 5613 941 5650 nos
965 5612 1031 5650 ex
1055 5596 1262 5649 (.hristi
1287 5596 1668 5666 μι-ωνιιιιὶὶυιιο
1713 5594 1864 5647 Novo
1903 5594 2112 5660 refodi,

464 5687 806 5760 respuimus
833 5685 1158 5740 Vetus.\"os
1182 5685 1310 5738 ideo
1337 5689 1646 5753 utrumque
1671 5683 1952 5752 accipitis,
1981 5683 2116 5753 quia

453 5779 514 5836 in
536 5782 747 5836 neutro
772 5774 915 5834 estis
939 5774 1117 5848 pleni,
1143 5775 1242 5829 sed
1269 5772 1418 5829 semi
1443 5770 1828 5846 :alterumque
1845 5787 1913 5828 ex
1935 5771 2114 5828 altero

2225 5145 2283 5199 in
2317 5143 2477 5199 vobis
2502 5161 2614 5198 non
2639 5148 2755 5198 tam
2781 5143 3053 5216 repletur,
3079 5163 3251 5217 quam
3277 5145 3702 5217 corrumpitur;
3723 5144 3864 5217 quia

2224 5240 2278 5290 et
2301 5251 2460 5290 sema
2483 5251 2618 5287 vasa
2645 5250 2943 5303 nunquam
2965 5235 3034 5288 de
3053 5234 3655 5306 dissimiliimplentur
3675 5239 3860 5289 mate-

2227 5324 2332 5386 ria.
2356 5325 2450 5378 sed
2474 5324 2542 5377 de
2562 5323 2760 5376 eadem
2783 5340 2845 5376 ac
2865 5323 2970 5376 sibi
2994 5323 3276 5392 simili,ut
3311 5323 3425 5377 vini
3466 5325 3620 5391 vino,
3674 5323 3865 5380 mellis

2231 5412 2478 5474 melle,et
2506 5412 2646 5465 aceti
2669 5417 2830 5466 aceto
2852 5429 2863 5466 :
2885 5411 3097 5482 quibus
3125 5411 3169 5464 si
3195 5411 3507 5467 dissimilia
3537 5418 3592 5468 et
3625 5430 3736 5467 non
3769 5414 3860 5467 sui

2227 5503 2452 5570 generis
2471 5503 2883 5570 superfundes,
2910 5505 2973 5552 ut
2998 5499 3152 5552 melli
3179 5498 3273 5563 t'el,
3297 5505 3353 5554 et
3375 5518 3588 5571 aquam
3625 5502 3777 5563 vino,
3811 5505 3868 5555 et

2227 5601 2388 5647 aceto
2408 5609 2576 5662 garos
2602 5609 2614 5654 ;
2639 5608 2747 5643 non
2778 5589 3013 5660 rcpletio
3036 5591 3338 5644 vocabitur
3355 5593 3494 5657 haec,
3515 5594 3612 5646 sed
3639 5591 3870 5646 adulte-

2229 5684 2536 5738 riuiu.lla:c
2557 5698 2690 5751 ergo
2711 5697 2885 5734 causa
2908 5686 3014 5750 est,
3034 5682 3188 5736 unde
3205 5699 3310 5737 nos
3331 5700 3530 5754 parum
3550 5683 3872 5753 accipimus

2225 5773 2670 5828 Testamentum
2694 5768 2870 5825 Vetus
2889 5786 2901 5824 :
2917 5773 2973 5824 et
2993 5769 3132 5842 quia
3156 5771 3411 5828 Ecclesia
3432 5778 3873 5846 nostra,sponsa
