4638 6474
471 409 580 466 325

471 537 682 600 bus.vel
696 554 789 592 om
802 555 902 592 nes
918 537 1180 592 homines
1194 537 1468 593 omnibus
1482 537 1897 600 hominibus.in
1914 554 2098 609 quan-

470 634 582 682 tum
619 627 888 681 homines
919 632 1077 691 sunt,
1111 625 1336 680 similes
1366 627 1569 698 utique
1601 633 1757 693 sunt,
1783 628 1935 698 quod
1961 631 2017 680 et
2039 626 2098 680 in

468 719 676 773 czeteris
698 714 1054 770 animalibus
1075 714 1286 769 intueri
1312 715 1655 770 facillimum
1689 723 1796 778 est,
1829 716 1912 770 vel
1937 715 2100 770 arbo-

468 808 639 875 ribus,
665 811 729 859 ut
751 805 877 860 olea
899 804 1057 867 oleae,
1081 803 1284 859 laurus
1308 805 1470 859 lauro
1493 805 1703 860 similis
1735 806 1979 872 dicitur;
2005 821 2098 858 ve-

471 912 585 949 rum
601 894 771 948 etiam
797 900 1018 948 natura:
1035 893 1288 963 disparis
1308 899 1444 947 sunt
1462 900 1515 948 et
1533 893 1812 948 dicuntur
1828 893 2010 947 multa
2027 892 2100 946 si-

471 984 636 1050 milia,
664 988 725 1036 ut
742 982 904 1038 oliva:
923 982 1188 1048 oleaster,
1210 987 1266 1036 et
1287 984 1370 1036 far
1388 983 1600 1038 tritico.
1628 984 1698 1038 De
1719 983 1888 1037 rebus
1909 982 2099 1036 adhuc

470 1072 730 1146 proximis
744 1078 799 1127 et
818 1071 1242 1142 attingentibus
1258 1070 1620 1142 loquorznam
1641 1072 1780 1143 quid
1797 1078 1914 1126 tam
1931 1071 2098 1142 longe

470 1163 681 1216 distans
702 1178 735 1216 a
758 1160 900 1214 Filio
923 1160 1044 1228 Dei,
1071 1177 1170 1230 per
1192 1176 1362 1230 quem
1387 1161 1533 1214 facta
1551 1165 1687 1214 sunt
1705 1161 1900 1214 omnia
1919 1162 2096 1229 (Joan.

471 1269 507 1316 ι,
537 1253 608 1320 3),
643 1266 820 1320 quam
855 1265 1033 1320 pecus
1063 1254 1119 1302 et
1149 1247 1298 1319 lapis
1320 1250 1346 1303 ἱ)
1379 1255 1433 1303 et
1471 1255 1667 1303 tamen
1699 1250 1756 1304 in
1790 1244 2098 1320 Evangelio

473 1339 690 1410 legitur.
722 1340 856 1393 Ecce
886 1339 1067 1408 Agnus
1102 1341 1205 1392 Dei
1257 1339 1412 1407 (Ibid.
1464 1339 1554 1408 29)
1581 1356 1594 1404 ;
1626 1344 1683 1393 et
1714 1340 1772 1392 in
1802 1337 2096 1409 Apostolo,

472 1432 618 1483 Petra
648 1435 836 1482 autem
861 1432 980 1482 erat
1034 1427 1288 1482 Christus
1316 1428 1360 1497 (Ι
1413 1427 1532 1482 Cor.
1565 1445 1619 1493 x,
1653 1429 1706 1498 «’i)
1733 1445 1744 1481 :
1781 1444 1906 1498 qua:
1941 1427 2100 1481 nullo

468 1517 949 1602 modo/quisquam
968 1523 1116 1572 recte
1135 1516 1370 1581 diceret,
1393 1518 1438 1570 si
1456 1534 1650 1570 eorum
1667 1517 1923 1586 aliquam
1943 1516 2102 1570 simi-

468 1608 755 1661 litudinem
782 1605 941 1660 nullo
966 1607 1134 1660 modo
1157 1605 1252 1660 ille
1277 1606 1616 1676 susciperet.
1653 1605 1796 1669 Quid
1830 1621 1963 1674 ergo
1989 1604 2101 1658 mi-

471 1713 584 1750 rum
610 1695 655 1748 si
680 1711 791 1749 non
817 1701 905 1748 est
931 1694 1279 1764 dedignatus
1311 1695 1574 1748 Christus
1603 1694 1722 1746 Iieri
1755 1693 1966 1748 similis
1990 1693 2100 1763 ipsi

469 1785 654 1856 Moysi,
689 1783 787 1854 qui
818 1782 1030 1837 similis
1065 1786 1248 1837 factus
1279 1789 1365 1836 est
1388 1784 1498 1846 ovi,
1529 1800 1703 1854 quam
1733 1783 1786 1835 in
1814 1785 1939 1852 ejus
1968 1799 2102 1852 prae-

472 1873 884 1929 nuntiationem
912 1888 1005 1942 per
1023 1873 1215 1941 ipsum
1239 1872 1469 1943 Moysen
1491 1871 1756 1942 praecepit
1773 1871 1922 1924 Deus
1940 1887 2100 1923 nian-

472 1963 653 2016 ducari
683 1979 713 2015 a
738 1961 952 2032 populo
976 1977 1100 2023 suo,
1126 1962 1365 2029 ejusque
1389 1961 1735 2027 sanguinem
1759 1961 1826 2013 ad
1857 1960 2100 2012 tutelam

475 2052 664 2106 salutis
684 2050 968 2114 adhiberi,
989 2056 1044 2103 et
1064 2049 1278 2102 Pascha
1299 2049 1575 2119 appellari
1595 2049 1786 2118 (Exod.
1807 2050 1926 2117 x11),
1948 2047 2102 2118 quod

478 2157 615 2194 nunc
649 2142 702 2193 in
735 2139 970 2192 Christo
1001 2155 1127 2191 esse
1160 2139 1511 2206 completum
1541 2154 1709 2191 nemo
1732 2137 2105 2191 dissimulare

478 2228 778 2301 permittitu
791 2246 814 2282 r
829 2228 856 2280 ‘?
871 2229 1229 2298 Quapropter
1245 2228 1314 2280 de
1329 2227 1448 2281 Scri
1461 2227 1645 2297 pturis
1665 2243 1914 2297 agnosco
1932 2226 2105 2280 dissi-

479 2319 682 2380 milem,
705 2319 773 2371 de
797 2317 1114 2386 Scripturis
1141 2331 1366 2369 mecum
1395 2332 1645 2386 agnosce
1663 2322 1717 2370 et
1736 2321 1795 2368 tu
1815 2316 2104 2369 similem:

475 2425 574 2462 non
599 2408 722 2460 inde
739 2404 1086 2460 dissimilem
1111 2405 1264 2458 unde
1285 2405 1532 2458 similem
1556 2423 1568 2472 ;
1590 2406 1690 2459 sed
1716 2404 1828 2458 alia
1846 2421 2021 2458 causa
2038 2402 2104 2456 il-

474 2497 582 2564 lud,
618 2494 723 2549 alia
756 2493 935 2559 illud;
961 2495 1098 2547 dum
1131 2499 1324 2547 tamen
1353 2499 1668 2564 utrumque
1690 2494 2106 2547 demonstrem.

479 2583 768 2640 Dissimilis
792 2582 1015 2638 homini
1041 2583 1327 2645 Christus,
1353 2583 1488 2652 quia
1507 2583 1659 2637 Deus
1683 2600 1694 2648 ;
1717 2582 2001 2652 scriptum
2023 2586 2110 2635 est

479 2675 616 2729 enim
639 2674 706 2728 de
732 2673 851 2737 illo,
878 2674 993 2743 ()ni
1014 2676 1090 2726 est
1123 2687 1288 2739 super
1312 2674 1498 2725 omnia
1531 2673 1669 2725 Deus
1701 2671 2013 2724 benedictus
2048 2672 2106 2723 in

478 2761 672 2819 saecula
694 2764 869 2832 (Hom.
893 2778 967 2823 ιχ,
995 2762 1050 2829 5)
1073 2776 1084 2813 :
1107 2768 1159 2813 et
1184 2759 1395 2815 similis
1420 2761 1638 2813 homini
1665 2760 1950 2820 Christus.
1975 2759 2114 2828 quia

484 2853 673 2915 homo;
702 2851 839 2922 quia
864 2851 934 2903 de
959 2851 1054 2904 illo
1078 2849 1277 2902 itidem
1306 2850 1587 2920 scriptum
1606 2847 2116 2913 cst,Mediat0rDei

482 2947 523 2995 et
543 2942 836 3008 hominum,
863 2941 1017 2994 homo
1052 2938 1300 2992 Christus
1328 2942 1484 2992 Jesus
1516 2938 1555 3007 (Ι
1586 2939 1717 2990 Tim.
1743 2955 1803 3006 ιι,
1825 2938 1898 3007 5).
1931 2937 2113 2990 Dissi-

487 3030 626 3084 milis
650 3027 932 3100 peccatori
959 3027 1246 3091 Christus,
1271 3026 1403 3096 quia
1427 3043 1656 3098 semper
1674 3031 1940 3080 sanctus:
1964 3031 2018 3080 et
2036 3025 2112 3080 si-

485 3119 623 3174 milis
650 3117 935 3190 peccatori
965 3117 1399 3185 Christus,quia
1424 3122 1567 3170 Deus
1589 3115 1794 3169 Filium
1816 3131 1990 3168 suum
2011 3113 2112 3168 mi-

484 3208 551 3261 sit
579 3207 632 3260 in
666 3205 1116 3261 similitudinem
1177 3206 1371 3259 carnis
1420 3206 1653 3275 peccati,
1687 3210 1750 3258 ut
1780 3205 1849 3258 de
1883 3209 2113 3275 peccato

488 3297 774 3351 damnaret
801 3300 1100 3366 peccatum
1127 3296 1182 3348 in
1209 3311 1381 3348 carne
1407 3296 1580 3358 (Rom.
1614 3311 1739 3356 vm,
1771 3294 1846 3359 3).
1881 3292 2113 3347 Homini

484 3403 539 3440 cx
561 3386 704 3440 coitu
733 3390 869 3441 nato
892 3384 1198 3439 dissimilis
1221 3382 1508 3450 Christus,
1532 3383 1588 3436 in
1611 3389 1895 3453 quantum
1917 3400 1983 3437 ex
2001 3383 2112 3435 vir-

489 3476 609 3544 gine
635 3480 800 3528 natus
825 3480 951 3528 est:
979 3476 1078 3527 sed
1105 3471 1323 3527 homini
1350 3479 1483 3525 nato
1517 3471 1727 3525 similis
1758 3471 2022 3525 Christus
2055 3471 2112 3523 in

489 3571 756 3634 quantum
789 3570 847 3617 et
879 3563 1005 3633 ipse
1054 3577 1122 3614 ex
1176 3560 1391 3614 Iumina
1439 3565 1610 3614 natus
1635 3565 1742 3622 est,
1777 3558 1869 3612 cui
1895 3559 2114 3612 dictum

493 3660 588 3717 est,
621 3654 764 3720 Quod
792 3663 1048 3706 nascetur
1071 3667 1138 3706 ex
1169 3655 1220 3704 te
1241 3660 1510 3712 sanctum,
1533 3647 1810 3702 vocabitur
1831 3649 2000 3702 [vilius
2022 3649 2118 3702 Dei

499 3746 632 3805 (Luc.
663 3759 698 3809 ι,
724 3742 833 3812 35).
861 3739 1092 3796 Homini
1117 3747 1350 3812 propter
1372 3744 1669 3809 peccatum
1693 3753 1867 3792 suum
1891 3742 2117 3791 mortuo

498 3830 787 3884 dissimilis
843 3829 1131 3895 Christus,
1193 3829 1249 3883 in
1308 3834 1591 3900 quantum
1644 3826 1768 3880 sine
1801 3831 2030 3897 peccato
2063 3830 2120 3880 et

503 3921 717 3990 pr0pria
748 3924 1032 3990 potestate
1067 3923 1330 3972 mortuus
1363 3922 1485 3971 est:
1521 3916 1620 3969 sed
1661 3932 1864 3969 rursus
1898 3914 2119 3968 homini

504 4013 713 4063 mortuo
745 4008 956 4062 similis
1005 4007 1282 4074 Christus,
1332 4006 1390 4060 in
1439 4009 1720 4076 quantum
1755 4009 1809 4059 et
1838 4004 1960 4075 ipse
1991 4020 2125 4058 vera

505 4103 673 4153 morte
703 4097 962 4168 corporis
993 4102 1256 4150 mortuus
1289 4100 1394 4150 est.

567 4186 782 4240 CAPUT
806 4186 953 4239 XVI.
982 4217 1050 4225 ——-
1071 4185 1182 4239 Nec
1207 4184 1334 4239 ideo
1359 4183 1539 4255 Moysi
1580 4184 1799 4237 famqu
1827 4182 1926 4236 Dei
1959 4183 2124 4236 dero-

507 4277 733 4343 gaveris,
759 4276 897 4347 quia
918 4291 1052 4329 eum
1076 4278 1431 4343 peccatorem
1458 4274 1658 4334 fuisse,
1685 4278 1739 4326 et
1769 4272 1985 4326 oifenso
2014 4272 2126 4326 Deo

507 4379 601 4417 suo
632 4363 686 4418 in
719 4371 913 4419 monte
945 4365 1204 4418 occisum
1237 4379 1364 4418 esse
1396 4363 1592 4416 dixisti
1627 4363 1804 4432 (Deut.
1837 4379 2025 4425 xxxxv,
2049 4363 2126 4429 5).

509 4451 734 4506 Noverat
764 4452 921 4508 enim
956 4459 1011 4508 et
1055 4453 1178 4524 ipse
1211 4453 1267 4506 in
1305 4451 1544 4506 Domino
1577 4450 1830 4523 gloriari,
1868 4458 1930 4504 ut
1960 4451 2030 4504 ab
2064 4466 2129 4505 eo

511 4539 684 4596 salvus
711 4544 895 4597 tier-et:
923 4559 956 4596 a
979 4559 1091 4612 quo
1117 4547 1171 4596 et
1194 4541 1289 4595 ille
1314 4539 1414 4612 qui
1435 4539 1853 4606 dicit,Christus
1873 4541 2025 4594 Jesus
2043 4555 2130 4594 ve-

513 4630 586 4682 nit
608 4632 661 4683 in
691 4633 832 4686 hunc
858 4631 1123 4686 mundum
1152 4639 1457 4702 peceatores
1487 4629 1662 4684 salvos
1691 4633 2134 4700 facere,quorum

514 4721 703 4786 primus
733 4738 827 4789 rgo
859 4738 982 4776 sum
1005 4720 1049 4790 (Ι
1075 4721 1206 4774 Tim.
1233 4737 1270 4789 1,
1299 4719 1405 4789 15).
1435 4717 1707 4790 Arguitur
1727 4718 1878 4772 enim
1908 4718 2134 4790 Moyses

518 4824 634 4862 voco
658 4810 872 4874 divina,
896 4811 1047 4880 quod
1075 4811 1201 4880 ejus
1225 4809 1370 4863 ﬁdes
1391 4808 1462 4862 ad
1496 4823 1705 4879 aquam
1735 4807 1804 4862 de
1837 4813 1999 4877 petra
2028 4807 2133 4862 eli-

519 4896 794 4952 ciendam‘
823 4898 1189 4970 aliquantum
1217 4897 1552 4951 titubaverit
1575 4897 1756 4966 (Num.
1781 4914 1873 4963 xx,
1902 4897 2132 4962 10-12):

520 4988 655 5055 quod
672 4988 719 5041 ei
739 5005 869 5042 cum
894 4992 1126 5058 peccato
1151 4986 1298 5040 Petri
1321 4990 1509 5056 potest
1532 5002 1658 5039 esse
1681 5002 2011 5051 commune,
2037 4985 2136 5056 qui

521 5073 569 5126 in
585 5076 779 5130 mediis
796 5077 1070 5131 fluctibus
1084 5074 1259 5130 simili
1277 5075 1406 5128 Iidei
1421 5076 1643 5128 deiectu
1661 5075 1733 5127 du
1746 5074 2138 5144 bitavit(.llatth

522 5178 621 5228 XIV,
641 5166 723 5233 10,
747 5167 854 5236 31).
887 5166 1094 5220 Verum
1119 5165 1271 5218 absit
1294 5170 1356 5217 ut
1379 5164 1685 5218 credamus
1709 5163 1841 5217 hinc
1859 5181 1993 5218 eum
2013 5181 2140 5220 esse

525 5250 816 5308 alienatum
843 5255 913 5309 ab
939 5260 1151 5308 aeterna
1171 5253 1447 5308 societate
1480 5260 1839 5316 sanctorum,
1873 5255 1968 5323 qui
2003 5270 2137 5308 cum

528 5349 706 5398 sancto
721 5345 862 5413 Elia,
884 5345 1033 5399 sicut
1053 5342 1424 5414 Evangelium
1447 5342 1725 5412 loquitur,
1748 5342 1959 5396 meruit
1977 5342 2140 5396 clari-

530 5429 678 5485 licato
708 5433 762 5487 in
799 5439 990 5488 monte
1026 5433 1263 5488 Domino
1297 5433 1570 5486 assistere
1602 5430 1806 5501 (Matth.
1836 5449 1970 5494 xvu,
2003 5432 2138 5502 1.5).

530 5515 745 5584 Nam,ut
762 5523 815 5577 in
835 5523 1124 5578 veteribus
1144 5522 1384 5591 legimus
1406 5520 1786 5586 Libris,etiarn
1806 5527 1934 5590 post
1950 5521 2140 5590 ipsum

533 5617 830 5676 peccatum,
854 5620 1138 5685 quantum
1161 5611 1399 5683 sitapud
1421 5613 1596 5665 Deum
1613 5610 1883 5664 meritum
1900 5609 2023 5680 ejus
2039 5627 2141 5680 ap-

593 5796 607 5830 ί
636 5795 740 5846 Am.
771 5804 822 5848 et
850 5801 995 5859 Mss,
1027 5799 1350 5864 ejiciendum.

1677 408 1908 467 LIBER
1950 405 2255 466 SEXTUS
2298 405 2662 466 DECIMUS.

3754 411 3872 472 326

2222 541 2402 608 paret.
2427 538 2537 592 Sed
2563 538 2703 608 quid
2729 554 2914 592 causa:
2939 538 3128 604 fuerit,
3158 544 3221 592 ut
3247 540 3317 593 de
3343 547 3570 609 peccato
3594 543 3719 609 ejus
3751 543 3850 596 tali

2207 632 2391 680 morte
2405 627 2751 681 vindicando
2769 628 2921 680 Deus
2936 628 3308 697 loqueretur?
3323 630 3606 692 Quoniam
3627 631 3845 699 pollici-

2205 720 2302 769 tus
2335 733 2465 768 sum
2496 733 2562 770 ea
2595 715 2718 786 ipsa
2770 718 3166 770 demonstrare
3215 718 3284 770 ad
3331 719 3844 787 pi-amuntiandum

2207 805 2499 858 Christum
2519 805 2957 875 pertinere,qum
2975 812 3034 858 tu
3054 806 3525 875 reprehendenda
3541 806 3842 877 delegeris;

2207 892 2415 947 faciam
2449 893 2598 947 sicut
2650 910 2913 964 possum,
2968 893 3211 947 Domino
3261 895 3592 964 adjuvante,
3641 903 3703 949 ut
3733 896 3841 950 hoc

2205 980 2376 1034 etiam
2408 983 2562 1052 quod
2590 982 2646 1035 in
2683 981 2860 1053 Moysi
2896 987 3077 1035 morte
3112 983 3554 1052 reprehendisti,
3590 983 3837 1054 prophe-

2205 1068 2347 1124 tiam
2375 1070 2551 1126 t'uisse
2575 1071 2642 1123 de
2667 1071 2893 1125 Christo
2918 1077 3066 1126 recte
3089 1071 3547 1142 intelligentibus
3575 1073 3835 1130 doceam.

2276 1204 2503 1259 CAPUT
2533 1205 2707 1260 XVII.
2731 1205 3274 1259 —Sicutcnimmos
3306 1210 3392 1264 est
3421 1205 3748 1261 divinorum
3780 1207 3837 1261 in

2204 1294 2427 1363 Scripta
2440 1295 2515 1348 ris
2532 1295 2746 1348 sanctis
2763 1293 3428 1366 mysteriorum,utidcrn
3445 1293 3842 1350 hoino.iliusa-

2207 1380 2340 1434 liam
2360 1383 2719 1453 atquealiam
2739 1383 3512 1454 prorealiquasigniticanda
3535 1401 3839 1453 personam

2206 1475 2396 1538 gerat;
2419 1477 2553 1524 tunc
2576 1472 2799 1542 Moyses
2817 1471 3008 1542 populi
3030 1471 3359 1524 Judazorum
3379 1473 3486 1525 sub
3507 1473 3649 1541 Lege
3666 1474 3838 1543 positi

2208 1573 2511 1628 personam
2533 1562 2784 1630 gerebat,
2802 1559 3124 1630 eumquein
3142 1559 3472 1629 prephetica
3489 1562 3840 1630 praenuntia-

2206 1646 2360 1699 tione
2384 1648 2495 1717 Iign
2508 1666 2562 1700 ra
2575 1649 2688 1702 bat.
2715 1649 2878 1702 Sicut
2898 1665 3030 1718 ergo
3055 1648 3279 1716 Moyses
3299 1654 3517 1717 petram
3539 1650 3701 1720 virga
3723 1667 3844 1720 per-

2209 1737 2434 1789 cutiens
2452 1737 2520 1790 de
2546 1736 2643 1790 Dei
2671 1739 2878 1790 virtute
2897 1737 3209 1799 dubitavit;
3228 1735 3308 1789 ita
3327 1736 3420 1788 ille
3445 1737 3714 1806 populus,
3740 1739 3840 1808 qui

2208 1825 2318 1877 sub
2348 1825 2484 1894 Lege
2508 1842 2608 1895 per
2631 1825 2859 1896 Moysen
2882 1825 3012 1878 data
3034 1825 3358 1887 tenebatur,
3379 1824 3669 1878 Christum
3692 1826 3842 1895 ligno

2211 1914 2398 1967 crucis
2418 1917 2682 1983 alligo-ns,
2704 1930 2836 1967 eum
2859 1913 3141 1966 Virtutem
3167 1913 3260 1966 Dei
3287 1929 3412 1966 esse
3441 1931 3551 1966 non
3577 1914 3842 1968 credidit.

2211 2003 2317 2055 Sed
2342 2003 2779 2073 sicutpercussa
2795 2009 2955 2072 petra
2973 2001 3221 2055 manavit
3239 2019 3385 2071 aqua
3401 2003 3844 2070 sitientibus;sic

2215 2091 2379 2161 plaga
2394 2091 2694 2144 dominica:
2713 2090 2995 2160 passionis
3013 2090 3210 2143 etfecta
3226 2097 3308 2143 est
3324 2090 3434 2142 vi'a
3455 2093 3843 2147 credentibus.

2214 2179 2505 2232 Hal'iemus
2527 2180 2677 2234 enim
2700 2181 2767 2232 de
2789 2180 2892 2233 hac
2915 2197 2970 2232 re
2995 2178 3479 2248 preclarismmzim
3504 2187 3556 2231 et
3582 2180 3848 2236 iidclissi-

2217 2285 2367 2320 mam
2395 2285 2586 2322 vorem
2607 2267 2883 2338 Apostoli.
2905 2285 3032 2321 eum
3056 2267 3188 2321 inde
3210 2267 3561 2337 loqueretur,
3583 2270 3847 2335 dicentis,

2215 2359 2375 2411 Petra
2399 2369 2580 2411 autem
2605 2362 2722 2411 erat
2742 2357 2994 2411 Christus
3018 2362 3058 2422 (I
3087 2356 3204 2410 Cor.
3231 2373 3283 2422 x,
3307 2357 3378 2424 Ii).
3403 2356 3556 2409 Ilanc
3577 2375 3709 2426 ergo
3729 2376 3849 2411 car-

2217 2449 2403 2500 nalem
2431 2447 2499 2499 de
2523 2447 2731 2500 Christi
2757 2445 3054 2499 divinitate
3085 2445 3543 2514 desperationem
3576 2448 3629 2498 in
3668 2447 3851 2516 ipsius

2216 2535 2427 2590 Christi
2451 2534 2754 2588 altitudine
2779 2541 2927 2588 Ueus
2948 2535 3288 2602 morijubet,
3309 2549 3437 2586 cum
3465 2542 3701 2587 mortem
3725 2552 3850 2588 car-

2221 2626 2308 2679 nis
2337 2624 2513 2694 Moysi
2550 2624 2602 2676 in
2639 2632 2830 2677 monte
2866 2624 3105 2692 imperat
3140 2623 3283 2676 lieri.
3317 2623 3474 2675 Sicut
3508 2625 3655 2674 enim
3697 2631 3854 2692 petra

2219 2714 2502 2779 Christus,
2531 2713 2602 2766 ita
2622 2719 2860 2766 rtinons
2879 2712 3141 2766 Christus
3161 2729 3171 2765 :
3191 2711 3603 2781 pett‘tlhlJliiiib
3626 2712 3851 2766 lurtitu-

2221 2804 2314 2866 du),
2341 2820 2508 2856 mons
2530 2801 2791 2856 eminens
2818 2801 3175 2871 magnitudo.
3202 2799 3342 2860 Quia
3367 2800 3511 2850 sicut
3542 2801 3853 2868 Apostolus

2223 2889 2319 2953 ait,
2349 2889 2504 2942 Petra
2527 2893 2641 2941 erat
2667 2888 2944 2947 Christus;
2971 2888 3048 2939 ita
3070 2887 3192 2956 ipse
3225 2886 3525 2946 Dominus,
3552 2887 3664 2939 Non
3688 2893 3854 2957 potest

2220 2980 2413 3033 civitas
2438 2996 2464 3030 (ι
2476 2978 2688 3031 bsrondi
2709 2994 2874 3046 super
2891 2985 3125 3029 montem
3146 2977 3433 3028 constituta
3454 2976 3657 3042 (Matth.
3679 2993 3711 3028 ν
3733 2978 3816 3046 14)
3838 2995 3850 3034 :

2222 3085 2283 3122 se
2298 3067 2515 3121 Scilicet
2532 3073 2808 3129 montem,
2835 3065 3030 3118 Iideles
3049 3072 3240 3116 autem
3262 3080 3398 3117 suos
3419 3065 3470 3115 in
3492 3063 3579 3116 sui
3605 3065 3855 3118 nominis

2222 3156 2405 3228 gloria
2429 3156 2703 3209 t'undatos
2725 3171 2991 3208 asserens
3009 3153 3319 3207 civitatem.
3342 3153 3655 3206 Prudentia
3671 3152 3859 3208 carnis

2222 3246 2376 3314 vivit,
2399 3261 2532 3298 cum
2553 3253 2830 3314 tanquam
2855 3248 3015 3314 petra
3035 3259 3311 3312 percussa
3327 3241 3535 3295 Christi
3557 3240 3860 3296 humilitas

2223 3337 2279 3388 in
2295 3350 2462 3388 cruce
2475 3331 3158 3387 contemniturzChristus
3171 3331 3322 3384 enim
3340 3332 3647 3384 crucifixus
3660 3330 3877 3385 Judaais

2223 3425 2561 3478 scandalum
2579 3421 2974 3487 est,Gentibus
2990 3425 3180 3473 autem
3199 3419 3357 3472 stulti
3372 3419 3540 3472 tiallt
3556 3419 3863 3488 prudentia

2223 3512 2412 3566 carnis
2432 3512 2696 3578 moritur,
2717 3526 2847 3562 cum
2863 3516 3138 3579 tanquam
3158 3507 3862 3562 montisezniixeiitiaChri-

2225 3607 2353 3654 stus
2371 3598 2635 3655 excelsus
2657 3597 2988 3669 agnoscitur
3017 3614 3028 3650 :
3056 3597 3200 3666 ipsis
3226 3597 3376 3648 enim
3403 3600 3616 3649 vocatis
3641 3595 3861 3652 Judaeis

2225 3696 2274 3744 et
2301 3689 2530 3753 Grmcis,
2557 3687 2818 3742 Christus.
2844 3686 2939 3740 Dei
2966 3685 3149 3739 virtus
3172 3690 3226 3738 et
3267 3684 3358 3738 Dei
3403 3685 3686 3754 sapientia
3709 3690 3796 3739 est
3818 3685 3863 3755 (Ι

2229 3780 2348 3833 Cor.
2377 3795 2417 3847 ι,
2439 3779 2527 3843 23,
2551 3779 2663 3845 24).
2700 3775 2977 3830 Ascendit
3011 3775 3204 3844 itaque
3237 3774 3461 3844 Moyses
3491 3772 3549 3826 in
3582 3779 3862 3840 montem,

2229 3874 2293 3922 ut
2316 3882 2487 3920 carne
2512 3872 2741 3919 mortua
2763 3865 2888 3918 vivo
2911 3865 3118 3935 spiritu
3160 3865 3551 3933 reciperetur:
3582 3879 3695 3931 quo
3722 3862 3865 3915 Fau-

2230 3967 2356 4011 stus
2391 3972 2502 4009 non
2534 3954 2892 4022 ascenderat,
2923 3957 2987 4006 ut
3016 3951 3276 4005 carnales
3321 3949 3644 4004 calumnias
3679 3956 3870 4004 mente

2232 4050 2462 4100 mortua
2485 4043 2841 4113 loqueretur.
2867 4041 3067 4095 Nonne
3089 4040 3274 4110 ipsam
3303 4045 3524 4109 petram
3552 4039 3754 4092 Petrus
3775 4055 3872 4107 per

2234 4132 2601 4206 prudentiam
2637 4149 2664 4184 c
2689 4131 2829 4184 :rnis
2862 4129 3079 4200 percuti
3112 4127 3428 4193 exhorruit,
3464 4145 3594 4180 cum
3628 4127 3871 4180 Domino

2236 4224 2566 4294 passionem
2585 4236 2746 4272 suam
2769 4217 3177 4289 pra‘nuntiunli
3196 4216 3276 4269 ait
3293 4232 3304 4269 :
3322 4217 3746 4279 .elIisi/ﬂomine,
3763 4231 3873 4270 non

2235 4314 2324 4381 ﬁet
2355 4310 2496 4364 isiui
2521 4327 2538 4368 ;
2568 4309 2838 4379 pro/iitius
2871 4315 2981 4360 esto
3012 4306 3155 4359 tibi?
3204 4304 3399 4373 Neque
3432 4304 3586 4357 enim
3620 4303 3876 4374 pepercit

2237 4401 2372 4454 huic
2401 4405 2632 4470 peccato
2663 4396 2958 4462 Dominus,
2984 4411 3114 4448 curn
3144 4393 3192 4446 ei
3228 4393 3518 4447 retulerit:
3554 4393 3682 4447 Redi
3713 4403 3872 4462 retro,

2237 4499 2480 4552 satanas,
2510 4486 2833 4541 scandalum
2868 4483 3017 4537 mihi
3039 4499 3092 4536 es
3117 4501 3134 4536 :
3164 4499 3272 4536 non
3301 4487 3446 4535 enim
3475 4484 3622 4552 sapis
3643 4497 3762 4552 quae.
3782 4483 3878 4535 Dei

2237 4588 2379 4644 sunt,
2413 4577 2504 4630 sed
2526 4591 2649 4646 quae
2669 4579 2793 4626 sunt
2823 4574 3100 4627 hominum
3137 4571 3341 4637 διαίτη.
3377 4572 3740 4638 xv1,22,23).
3768 4574 3882 4625 Aut

2243 4667 2340 4722 ubi
2359 4671 2584 4719 mortua
2601 4670 2686 4717 est.
2707 4665 2816 4716 ista
2833 4659 3080 4715 carnalis
3101 4659 3443 4724 dit'tidentia,
3465 4659 3574 4714 nisi
3593 4658 3649 4712 in
3665 4657 3880 4712 Christi

2242 4754 2679 4828 gloriﬁcatione,
2716 4759 2997 4820 tanquam
3029 4751 3086 4802 in
3121 4750 3335 4802 montis
3367 4747 3714 4802 altitudine?
3739 4747 3879 4802 Nam

2243 4845 2446 4916 utique
2469 4842 2710 4907 vivebat,
2738 4857 2869 4895 cum
2895 4856 3029 4894 eum
3054 4839 3255 4894 timide
3288 4841 3524 4908 negaret
3551 4853 3562 4890 :
3598 4842 3653 4890 et
3683 4835 3883 4906 utique

2246 4940 2474 4989 mortua
2495 4937 2638 5001 erat,
2664 4947 2793 4984 cum
2818 4947 2951 4985 eum
2974 4928 3152 4983 libere
3181 4927 3536 4998 prmdicuret.
3569 4926 3696 4979 Hinc
3728 4925 3880 4978 vive-

2246 5025 2345 5078 bat
2376 5024 2429 5078 in
2465 5022 2660 5084 Saulo,
2693 5038 2821 5074 cum
2861 5017 3198 5073 scandalum
3225 5016 3413 5070 crucis
3439 5017 3733 5069 detestans
3755 5030 3884 5068 vas-

2246 5114 2406 5167 tabat
2436 5111 2817 5165 christianam
2870 5109 3039 5162 Iidem
3093 5107 3229 5176 (Act.
3278 5121 3398 5167 vm,
3434 5105 3528 5169 3):
3564 5108 3619 5156 et
3644 5103 3740 5155 ubi
3773 5101 3885 5156 nisi

2249 5202 2303 5255 in
2341 5202 2436 5254 illo
2471 5207 2663 5254 monte
2697 5205 2923 5252 mortua
2947 5201 3089 5260 erat,
3111 5211 3242 5250 cum
3260 5194 3382 5261 jam
3412 5190 3621 5245 Paulus
3647 5192 3883 5257 diceret,

2257 5294 2377 5347 Viro
2409 5301 2585 5344 autem
2627 5291 2745 5357 jam
2795 5304 2901 5341 non
2954 5302 3072 5353 ego,
3118 5285 3248 5337 vivit
3280 5297 3402 5337 vero
3436 5282 3492 5335 in
3524 5297 3610 5334 me
3644 5279 3889 5335 Christus

2252 5383 2452 5451 (Calai.
2487 5397 2546 5442 11,
2579 5379 2688 5448 20).

2321 5513 2553 5568 CAPUT
2581 5511 2746 5565 XVIII
2795 5541 2858 5548 ——
2884 5509 3022 5573 Quid
3053 5508 3227 5559 habes
3263 5505 3463 5575 igitur,
3498 5504 3768 5557 haeretica
3791 5522 3890 5558 va-

2256 5598 2427 5672 nitas,
2454 5603 2604 5654 unde
2627 5606 2676 5653 te
2699 5608 2864 5668 putes
2887 5617 3049 5666 (mss.-
3070 5614 3107 5647 ρ·
3124 5597 3226 5646 invi
3243 5611 3423 5659 novre,
3449 5610 3558 5646 non
3581 5594 3649 5646 de
3666 5593 3890 5646 Christo

2254 5709 2379 5749 csse
2405 5688 2764 5762 prredietuni,
2789 5697 2998 5736 .wst'm
3029 5685 3195 5735 “iiiis
3218 5683 3537 5749 Prop/selum
3556 5680 3891 5748 defratrihus

2255 5785 2499 5856 ipsorum
2520 5777 2752 5831 similem
2778 5775 2915 5834 tibi;
2938 5772 3172 5843 quando
3197 5789 3265 5826 ne
3288 5772 3422 5825 hinc
3445 5768 3680 5838 quidem
3704 5776 3886 5839 potes,
