4638 6458
891 423 1004 483 327
1648 424 1964 483 CONTRA
2009 422 2380 484 FAUSTUM
2429 380 2949 491 MANlCH/EUM,
2996 419 3059 479 s.
3106 420 3529 479 AUGUSTINI
4194 420 4308 478 39.x

890 557 1048 626 quod
1070 555 1414 610 dissimilem
1442 555 1703 609 ostendis
1725 555 1751 608 ?
1773 555 1913 609 Aliis
1935 555 2090 609 enim
2117 555 2311 610 causis
2343 559 2399 608 et
2424 569 2530 608 nos

893 643 1144 700 similem
1160 643 1545 700 ostendimus.
1559 647 1643 698 An
1659 646 1793 714 quia
1805 643 2087 715 propheta
2099 642 2410 708 dictusest,
2432 641 2530 712 qui

893 742 947 788 et
970 733 1144 789 homo
1167 749 1293 788 esse
1316 733 1595 803 dignatus
1620 737 1729 799 est,
1752 736 1807 785 et
1829 738 1947 786 tam
1972 732 2154 787 multa
2176 733 2370 786 futura
2388 746 2529 801 prae-

893 821 1078 877 dixit?
1096 822 1218 876 Nisi
1239 822 1382 877 forte
1400 819 1556 875 aliud
1578 826 1663 874 est
1681 820 1977 892 propheta,
2000 838 2174 892 quam
2193 819 2366 874 homo
2381 817 2534 872 ultra

892 910 1187 965 humanas
1209 910 1571 980 conjecturas
1592 910 1786 964 futura
1809 910 2207 981 praenuntiant;
2228 908 2255 963 ‘l
2289 907 2447 963 Unde
2478 911 2534 960 et

890 1000 1020 1073 ipse
1042 1000 1112 1054 de
1133 1016 1195 1054 se
1219 998 1346 1070 ipso
1369 1000 1449 1053 ait
1474 1016 1486 1053 :
1512 998 1627 1054 Non
1652 1008 1728 1053 est
1743 999 2012 1069 prOpheta
2040 1001 2157 1053 sine
2177 1000 2395 1055 honore.
2422 995 2536 1049 nisi

892 1088 957 1143 in
984 1089 1171 1159 patria
1201 1103 1303 1141 sua
1333 1089 1554 1156 (Matth.
1588 1104 1709 1151 xm,
1736 1088 1847 1158 .57).
1884 1088 1992 1141 Sed
2020 1087 2089 1141 de
2119 1091 2173 1141 te
2192 1085 2404 1145 videro,
2430 1082 2530 1154 qui

883 1182 943 1233 te
972 1176 1301 1233 convictum
1340 1176 1509 1245 paulo
1541 1182 1673 1231 ante
1705 1177 2008 1231 confessus
2038 1192 2119 1240 es,
2148 1192 2279 1229 cum
2311 1172 2530 1241 dixisti,

889 1266 1046 1339 quod
1077 1272 1133 1320 te
1164 1265 1234 1319 ad
1255 1265 1618 1319 credendum
1654 1264 1958 1335 Evangelio
2000 1264 2283 1335 professio
2314 1267 2416 1317 tua
2446 1261 2534 1317 fe-

888 1354 967 1409 cit
991 1352 1345 1408 obnoxium:
1396 1353 1634 1407 Judaeus
1684 1353 1807 1423 ipse
1856 1354 2130 1424 procedat
2176 1352 2237 1406 in
2272 1351 2533 1407 medium

891 1440 993 1513 qui
1024 1440 1299 1496 cervicem
1335 1442 1533 1513 ajugo
1566 1441 1781 1496 Christi
1827 1440 1979 1496 male
2020 1441 2263 1497 liberam
2296 1439 2446 1504 tolit,
2478 1442 2535 1494 et

892 1531 1019 1585 ideo
1051 1529 1161 1584 sibi
1185 1529 1373 1583 adhuc
1401 1530 1485 1583 fas
1510 1534 1675 1601 putat
1697 1530 1907 1593 dicere,
1932 1530 2211 1585 Mentitus
2228 1534 2317 1585 est
2335 1527 2532 1585 Chris-

892 1626 988 1673 tus
1019 1623 1209 1673 vester
1237 1636 1248 1683 ;
1284 1618 1426 1671 nihil
1461 1619 1530 1672 de
1564 1618 1662 1672 illo
1696 1620 1933 1689 scripsit
1962 1619 2210 1690 Moyses.

958 1707 1192 1763 CAPUT
1212 1707 1347 1761 ΧΙΧ.
1375 1739 1442 1746 —
1464 1708 1627 1761 Dicat
1651 1707 1793 1761 mihi
1833 1725 2006 1778 quem
2034 1707 2374 1779 prophetam
2402 1723 2531 1777 pro-

882 1795 1110 1851 miserit
1130 1796 1306 1859 Deus,
1331 1812 1461 1849 cum
1490 1795 1571 1849 ait
1594 1796 1795 1867 Moysi,
1830 1796 2114 1851 Suscilabo
2145 1798 2261 1850 illis
2296 1796 2533 1865 Prophe-

880 1892 1001 1940 tam
1029 1884 1092 1939 de
1121 1886 1392 1955 fratribus
1430 1901 1635 1948 eorum,
1674 1887 1811 1939 sicut
1842 1890 1912 1949 te,
1958 1886 2065 1948 vel,
2116 1886 2361 1940 similem
2391 1886 2491 1939 tibi
2510 1888 2535 1937 .9

884 1972 1052 2028 Multi
1100 1973 1257 2027 enim
1309 1973 1599 2043 propheta;
1652 1979 1852 2043 postea
1902 1974 2155 2038 fuerunt,
2194 1975 2293 2028 sed
2330 1974 2533 2044 utique

886 2078 1072 2115 unum
1097 2060 1409 2131 quemdam
1437 2060 1679 2131 intelligi
1704 2062 1900 2116 voluit.
1936 2061 2036 2115 llic
2065 2061 2136 2131 ei,
2170 2063 2338 2117 credo
2368 2060 2532 2116 facil-

886 2149 1026 2204 lime
1046 2153 1310 2204 occurret
1332 2164 1638 2203 successor
1667 2147 1760 2203 ille
1792 2148 1990 2220 Moysi,
2025 2150 2119 2218 qui
2154 2149 2435 2221 populum
2464 2166 2532 2204 ex

887 2238 1131 2309 Egypto
1161 2236 1495 2301 liberatum,
1527 2236 1583 2290 in
1612 2242 1823 2291 terram
1850 2238 2258 2309 promissionis
2283 2238 2528 2293 induxit.

886 2327 1066 2390 Quem
1101 2326 1387 2396 cogitans,
1422 2341 1515 2379 me
1546 2326 1733 2380 adhuc
1770 2328 2011 2381 fortasse
2036 2327 2246 2382 ridebit
2267 2342 2529 2398 quaeren-

880 2420 1000 2469 tem
1032 2414 1103 2469 de
1140 2430 1255 2485 quo
1285 2415 1501 2468 dictum
1537 2415 1631 2481 sit,
1667 2414 1951 2472 Suscitabo
1972 2417 2085 2470 illis
2107 2415 2430 2486 Prophetam
2452 2416 2529 2469 si-

881 2505 1070 2558 milem
1094 2504 1231 2564 tibi;
1252 2520 1383 2558 cum
1407 2502 1593 2574 legam
1620 2504 1750 2574 quis
1769 2504 1825 2557 in
1845 2505 2043 2559 eodem
2067 2520 2309 2560 munere
2331 2504 2529 2576 populi

886 2591 1041 2646 illius
1068 2592 1303 2663 regendi
1332 2596 1505 2662 atque
1527 2592 1765 2646 decendi
1793 2592 1971 2664 Moysi
1996 2594 2266 2648 defuncto
2297 2609 2530 2648 succes-

888 2681 1048 2736 serit.
1070 2681 1172 2744 Qui
1194 2697 1326 2735 cum
1351 2696 1435 2735 me
1456 2681 1612 2735 velut
1634 2681 1973 2752 imperitum
1994 2682 2357 2753 riserit(talis
2373 2683 2530 2737 enim

886 2778 945 2825 et
963 2788 997 2825 a
1020 2770 1228 2825 Fausto
1257 2770 1651 2840 describitur),
1677 2786 1790 2825 non
1814 2771 2076 2826 desinam
2108 2771 2404 2826 hominem
2428 2772 2530 2826 ad-

887 2859 1003 2913 huc
1031 2859 1206 2913 etiam
1241 2858 1591 2930 compellare
1616 2862 1656 2926 ¹,
1691 2865 1748 2913 et
1776 2876 1810 2913 a
1840 2876 2043 2914 securo
2073 2860 2191 2914 risu
2226 2860 2295 2913 ad
2330 2876 2530 2914 curam

883 2948 1277 3020 respondendi
1310 2964 1597 3014 revocare,
1644 2949 1953 3018 quaerendo
1986 2954 2161 3019 atque
2192 2948 2528 3020 flagitando,

884 3054 989 3092 cur
1022 3037 1211 3091 eidem
1244 3036 1355 3107 ipsi
1381 3036 1578 3090 futuro
1602 3054 1707 3091 suo
1726 3037 2069 3103 successori,
2096 3039 2151 3090 in
2175 3038 2347 3108 cujus
2369 3053 2531 3092 com-

886 3127 1191 3196 paratione
1222 3125 1588 3195 improbatus
1610 3130 1717 3187 est,
1754 3130 1815 3178 ut
1846 3143 1957 3179 non
1993 3126 2116 3197 ipse
2137 3125 2533 3181 introduceret

882 3212 1170 3285 populum
1204 3214 1260 3268 in
1296 3219 1508 3267 terram
1545 3214 1989 3284 promissionis;
2026 3232 2095 3269 ne
2123 3214 2389 3270 videlicet
2420 3215 2530 3270 Lex

882 3319 987 3374 per
1010 3302 1243 3374 Moysen
1271 3318 1383 3357 non
1400 3303 1468 3357 ad
1488 3302 1854 3367 salvandum,
1870 3304 1966 3358 sed
1984 3304 2051 3357 ad
2070 3304 2527 3359 convincendum

885 3396 1244 3464 peccatorem
1279 3393 1434 3461 data,
1468 3392 1524 3446 in
1576 3408 1822 3462 regnum
1857 3392 2132 3447 caelorum
2164 3392 2530 3448 introducere

882 3485 1192 3552 putaretur
1220 3481 1398 3551 (Joan.
1434 3498 1472 3546 ι,
1506 3482 1614 3553 17),
1647 3483 1746 3536 sed
1778 3482 1964 3553 gratia
1995 3489 2053 3536 et
2082 3482 2291 3537 veritas
2315 3498 2417 3553 per
2434 3482 2527 3537 Je-

880 3585 1013 3624 sum
1036 3568 1333 3624 Christum
1362 3571 1541 3624 facta:
1569 3586 1824 3641 quaeram
1852 3588 1987 3642 ergo
2011 3588 2044 3625 a
2071 3570 2291 3641 Judaeo,
2324 3587 2430 3626 cur
2448 3570 2527 3625 ei-

877 3659 1009 3711 dem
1034 3658 1141 3728 ipsi
1169 3658 1363 3711 futuro
1390 3676 1495 3713 suo
1516 3660 1837 3714 successori
1862 3659 2087 3732 Moyses
2107 3676 2313 3715 nomen
2336 3663 2529 3715 muta-

872 3745 1038 3799 verit.
1056 3744 1555 3800 Vocabaturenim
1578 3748 1658 3800 Au
1669 3748 1842 3812 se’,et
1857 3747 2528 3817 appellaviteumJesum

876 3836 1063 3902 (Num.
1092 3851 1212 3901 xm,
1243 3836 1297 3899 9,
1330 3844 1382 3889 et
1409 3852 1521 3897 xw,
1554 3835 1633 3903 6).
1680 3840 1793 3890 Cur
1822 3836 2072 3907 denique
2102 3841 2241 3891 tunc
2274 3836 2528 3908 appella-

877 3926 1045 3992 verit,
1074 3925 1308 3995 quando
1326 3941 1393 3978 ex
1416 3924 1673 3979 convalle
1715 3925 1935 3979 Pharan
1981 3926 2263 3996 praemisit
2283 3927 2351 3980 ad
2376 3942 2529 3981 eam-

880 4014 1015 4068 dem
1039 4017 1280 4078 terram,
1304 4030 1418 4084 quo
1440 4018 1564 4068 erat
1595 4014 1846 4084 populus
1877 4015 2002 4084 ipso
2030 4015 2173 4069 duce
2202 4020 2484 4071 venturus
2503 4016 2531 4071 ‘l

880 4100 1037 4157 Dixit
1055 4102 1210 4156 enim
1237 4118 1406 4156 verus
1431 4102 1552 4171 ipse
1571 4102 1745 4157 Jesus
1763 4120 1775 4157 :
1793 4104 2063 4166 Etsiiero,
2086 4108 2528 4174 etprwparavero

879 4191 1031 4246 vobis
1063 4191 1241 4245 locum
1263 4208 1284 4253 ;
1315 4193 1516 4245 iterum
1548 4193 1780 4259 veniam,
1832 4200 1881 4246 et
1919 4207 2196 4246 assumam
2227 4210 2315 4248 vos
2346 4192 2417 4248 ad
2443 4210 2531 4250 me

878 4281 1059 4347 (Joan.
1088 4297 1203 4347 xiv,
1224 4282 1301 4351 3).
1322 4284 1586 4344 Quaeram
1604 4280 1801 4347 etiam,
1823 4288 2021 4335 utrum
2043 4298 2153 4336 non
2173 4282 2309 4336 huic
2329 4284 2526 4355 figura:

878 4373 1186 4424 attestatur
1197 4371 1479 4441 propheta
1495 4372 1526 4423 d
1538 4370 1863 4440 icens,Deus
1877 4372 2129 4440 abAfrico
2144 4375 2391 4443 veniet,et
2404 4390 2529 4428 san-

876 4467 996 4513 ctus
1016 4457 1082 4512 de
1104 4459 1333 4513 Pharon
1359 4460 1586 4525 (Habac.
1611 4477 1690 4525 ιιι,
1716 4460 1770 4531 3)
1798 4477 1809 4515 ;
1839 4466 2116 4531 tanquam
2143 4460 2374 4526 diceret,
2392 4462 2527 4531 Ejus

876 4547 1136 4601 nominis
1158 4549 1345 4603 veniet
1368 4548 1521 4603 Deus
1544 4554 1803 4618 sanctus,
1825 4550 1995 4619 cujus
2014 4550 2269 4605 nominis
2288 4555 2412 4606 erat
2428 4550 2526 4607 ille

878 4635 1448 4705 quivenitabAlrico
1469 4638 1539 4692 de
1561 4636 1886 4706 Pharan,id
1921 4642 2027 4705 est,
2062 4638 2251 4694 Jesus.
2289 4639 2411 4694 Huc
2432 4656 2562 4723 ac-a

877 4725 1031 4780 cedit
1046 4726 1199 4798 quod
1215 4726 1365 4780 idem
1385 4727 1578 4797 ipsum
1601 4727 1696 4780 Dei
1711 4726 1964 4781 Verbum
1983 4726 2431 4799 intelligiturloq
2444 4728 2521 4796 ui,

876 4814 976 4869 ubi
1002 4815 1289 4886 promittit
1312 4818 1582 4870 eumdem
1610 4816 1793 4886 ipsius
1818 4816 2080 4885 Moyseos
2102 4832 2521 4887 successorem,

874 4921 979 4975 per
992 4920 1165 4976 quem
1184 4904 1435 4975 populus
1450 4906 1506 4959 in
1524 4911 1735 4959 terram
1755 4904 2161 4975 promissionis
2176 4906 2520 4975 mitteretur,

876 4993 1112 5048 nomine
1141 4994 1329 5065 angeli
1355 5011 1489 5048 eum
1513 4993 1816 5065 appellans
1843 5011 1856 5061 ;
1882 4994 2033 5048 sicut
2053 4993 2226 5048 etiam
2257 4995 2523 5052 homines

875 5081 1097 5153 aliquid
1123 5082 1459 5137 nuntiantes
1491 5084 1545 5136 in
1572 5083 1875 5154 Scriptura
1894 5083 2091 5138 divina
2112 5083 2303 5139 solent
2324 5084 2521 5156 appel-

874 5169 984 5224 lari
1014 5176 1106 5225 :et
1130 5172 1209 5225 ita
1230 5170 1392 5237 dicit,
1421 5175 1559 5226 Ecce
1589 5188 1685 5241 ego
1713 5174 1867 5227 mitto
1897 5173 2154 5240 angelum
2184 5190 2363 5229 meum
2393 5184 2522 5231 ante

874 5262 1077 5330 faciem
1098 5267 1273 5325 litum,
1294 5265 1353 5314 ut
1374 5272 1551 5316 servet
1573 5266 1623 5316 te
1644 5264 1698 5315 in
1724 5264 1832 5332 via,
1853 5266 1903 5318 et
1922 5262 2142 5318 inducat
2164 5268 2213 5318 te
2234 5281 2289 5318 in
2316 5270 2521 5320 terram

875 5365 1037 5418 quam
1062 5351 1259 5419 juruvi
1309 5351 1467 5404 tibi3.
1530 5352 1755 5406 Attende
1804 5352 1925 5419 tibi,
1965 5357 2016 5406 et
2045 5353 2247 5408 obaudi
2274 5370 2419 5421 eum,
2451 5371 2521 5409 ne

939 5518 956 5585 ξ
1257 5521 1308 5585 et
1337 5518 1706 5585 aliquot_Mss.,
1737 5520 2051 5585 compellere.

938 5582 959 5613 ²
989 5578 1102 5649 δια.¹
1124 5580 1242 5626 Mss.
1274 5578 1439 5649 juxta
1468 5583 1603 5631 LXX.
1642 5578 1705 5633 At
1725 5578 1921 5649 Amfrt
1942 5585 2023 5633 Er.
2045 5584 2199 5647 juxta
2219 5585 2516 5649 Vulgatam,

882 5640 1168 5706 Vocabatur
1196 5640 1330 5689 enim
1366 5644 1501 5691 Osee.
1538 5654 1676 5706 Lov.,
1725 5647 2003 5695 νοςαὸίιιιιν
2031 5640 2164 5695 enim
2194 5640 2359 5697 Josue.

940 5704 961 5738 ³
992 5704 1138 5776 Lov.,
1172 5717 1327 5777 quem
1351 5710 1644 5777 ριν-«τραγιιυί
1666 5704 1792 5760 tibi.
1827 5711 1964 5760 Editi
2012 5724 2138 5759 vero
2176 5708 2265 5760 alii
2294 5716 2347 5761 et
2372 5712 2516 5774 Mss.,

879 5779 1033 5833 quam
1059 5766 1236 5831 iuravi
1262 5766 1375 5819 tibi.

2669 568 2778 606 non
2797 552 2986 607 credas
3004 552 3098 607 illi
3117 570 3134 606 :
3155 552 3299 607 nihil
3315 554 3460 606 enim
3482 551 3775 605 subtrahet
3795 551 3913 617 tibi,
3936 568 4139 606 nomen
4161 553 4311 605 enim

2664 657 2847 696 meum
2876 648 2956 695 est
2985 642 3041 695 in
3072 657 3132 696 eo
3163 641 3354 711 (Exod.
3399 658 3558 709 xxiii,
3590 643 3679 708 20,
3710 640 3821 708 2i).
3857 640 4004 705 Quid
4037 651 4125 695 est
4158 640 4312 695 hoc?

2667 728 3069 785 Persorutetur
3093 730 3422 802 Scripturas
3452 728 3583 784 illas
3629 746 3743 783 non
3767 729 3893 798 jam
3927 728 4311 796 Manichacus,

2665 818 2764 873 sed
2802 818 2926 890 ipse
2967 819 3142 873 etiam
3173 820 3427 885 Judteus,
3462 826 3514 873 et
3554 817 3746 872 videat
3778 822 3975 872 utrum
4008 818 4081 873 de
4113 816 4313 889 aliquo

2662 906 2881 978 Angelo
2909 913 3065 963 Deux
3086 908 3316 977 dixerit,
3340 907 3545 963 Nomen
3571 924 3753 962 meum
3771 917 3850 963 est
3868 910 3925 962 in
3954 908 4074 976 illo,
4102 908 4219 962 nisi
4243 909 4314 963 de

2662 994 2970 1068 hoc,quem
2988 997 3441 1051 introductorem
3458 996 3516 1051 in
3534 996 4171 1067 promissionisterram
4191 996 4313 1067 pol-

2662 1084 2886 1140 licetur.
2907 1086 3123 1141 Deinde
3139 1091 3359 1156 quaerat
3377 1085 3433 1139 in
3457 1085 3795 1140 hominibus
3813 1086 3945 1156 quis
3962 1086 4145 1157 Moysi
4172 1102 4314 1140 suc-

2662 1189 2857 1229 cessor
2872 1175 3256 1229 introduxerit
3271 1174 3549 1246 populum
3568 1179 3653 1241 ;et
3668 1175 4143 1230 invenietJesum
4162 1191 4175 1229 :
4194 1192 4312 1231 non

2661 1261 2770 1317 hoc
2800 1263 2871 1317 ab
2906 1262 3071 1318 initio
3102 1262 3227 1317 vitze
3251 1280 3391 1331 suae,
3417 1263 3517 1319 sed
3541 1263 3779 1318 nomine
3801 1270 4026 1318 mutato
4046 1263 4311 1335 appella-

2661 1354 2809 1405 tum.
2849 1352 2956 1417 Qui
2986 1368 3122 1423 ergo
3154 1351 3316 1421 dixit,
3347 1356 3557 1409 Nomen
3602 1367 3784 1406 meum
3812 1356 3889 1408 est
3922 1353 3982 1407 in
4014 1353 4112 1406 illo
4144 1353 4313 1418 Jesu,

2661 1438 2784 1511 ipse
2801 1445 2888 1495 est
2904 1456 3073 1496 verus
3088 1441 3278 1508 Jesus,
3310 1447 3498 1495 rector
3525 1445 3581 1495 et
3610 1441 3817 1495 ductor
3845 1439 4044 1512 populi
4073 1440 4131 1495 in
4157 1441 4315 1497 lier

2663 1528 2903 1584 ditatem
2919 1529 3043 1583 vitae
3076 1535 3320 1597 actarum,
3357 1530 3681 1584 secundum
3714 1530 4161 1585 Testamentum
4197 1530 4313 1586 No-

2661 1633 2819 1684 vum,
2870 1620 3038 1688 cujus
3090 1620 3277 1691 ﬁgura
3322 1623 3445 1673 erat
3491 1620 3929 1673 Testamentum
3983 1620 4191 1685 Vetus,
4228 1624 4317 1675 Ita

2661 1711 2942 1776 quantum
2977 1708 3185 1761 attinet
3216 1707 3284 1760 ad
3320 1706 3745 1777 propheticum,
3780 1723 3884 1761 nec
3915 1707 4061 1777 geri,
4088 1724 4195 1762 nec
4218 1709 4313 1762 di-

2660 1796 2710 1850 ci
2745 1795 2963 1866 aliquid
3000 1801 3195 1867 posset
3216 1796 3530 1867 insignius,
3556 1796 4036 1867 quandoquidem
4061 1814 4156 1852 res
4178 1814 4314 1869 per-

2661 1884 2833 1939 ducta
2864 1893 2953 1939 est
2985 1901 3165 1953 usque
3196 1885 3267 1938 ad
3302 1884 3555 1938 nominis
3592 1884 4050 1954 expressionem.

2732 1972 2963 2027 CAPUT
2993 1972 3107 2027 XX.
3141 2003 3209 2012 —
3238 1972 3513 2043 Superest
3540 1979 3603 2027 ut
3629 1973 3870 2028 Judaaus
3890 1972 4008 2039 ille,
4034 1973 4081 2028 si
4105 1972 4234 2027 vult
4254 1977 4317 2029 et

2659 2061 2718 2115 in
2751 2062 3092 2116 abscondito
3121 2061 3359 2116 Judaeus
3394 2077 3522 2116 esse
3553 2078 3665 2116 non
3709 2060 3921 2127 littera,
3958 2062 4055 2117 sed
4090 2062 4314 2133 spiritu

2659 2152 2832 2221 (Rom.
2860 2168 2921 2216 ιι,
2947 2151 3034 2220 29)
3062 2168 3074 2214 ;
3104 2152 3150 2205 si
3173 2148 3293 2204 vult
3315 2150 3567 2221 reputari
3594 2167 3765 2205 verus
3789 2149 4073 2214 Israelita,
4102 2152 4157 2204 in
4187 2168 4311 2222 quo

2658 2237 2827 2293 dolus
2862 2255 2975 2293 non
3008 2245 3095 2293 est
3124 2240 3302 2305 (Joan.
3339 2256 3378 2303 ι,
3410 2239 3520 2310 47),
3561 2238 3893 2294 recordetur
3922 2238 3978 2293 in
4015 2240 4207 2311 ﬁgura
4234 2240 4309 2294 il-

2657 2327 2779 2381 lum
2815 2331 3111 2381 mortuum
3133 2326 3359 2392 Jesum,
3385 2327 3481 2397 qui
3509 2326 3829 2381 introduxit
3850 2327 3906 2380 in
3935 2332 4148 2382 terram
4176 2344 4311 2382 mo-

2657 2416 2954 2479 rientium,
2981 2420 3037 2469 et
3068 2421 3343 2485 agnoscat
3377 2414 3434 2469 in
3457 2416 3696 2469 veritate
3715 2415 3906 2470 vivum
3931 2416 4159 2486 Jesum,
4186 2433 4309 2488 quo

2656 2505 2803 2559 duce
2822 2504 2998 2558 intret
3017 2503 3075 2557 in
3099 2508 3313 2558 terram
3334 2503 3671 2558 viventium.
3692 2504 3851 2559 Talis
3870 2506 4023 2559 enim
4039 2506 4161 2576 jam
4186 2523 4307 2561 non

2657 2594 2903 2648 acerbus
2942 2592 3174 2647 resistet
3208 2598 3328 2648 tam
3375 2593 3691 2664 perspicuae
3725 2594 4062 2665 prophetiae,
4097 2596 4203 2650 sed
4238 2613 4309 2651 ex

2657 2681 3351 2737 commemorationeJesu
3368 2682 3465 2752 qui
3481 2681 3867 2736 introduxitin
3885 2681 4311 2754 illampromis-

2655 2769 2835 2825 sionis
2854 2775 3089 2839 terram,
3112 2770 3269 2825 mitis
3287 2771 3549 2840 eﬂ‘ectus,
3570 2772 3895 2840 sudietjam
3910 2770 4105 2843 ipsum
4126 2774 4305 2842 cujus

2657 2875 2869 2914 nomen
2892 2857 2987 2912 ille
3014 2858 3282 2925 habebat,
3306 2860 3499 2914 verius
3520 2860 3985 2915 introducentem
4018 2865 4075 2915 et
4098 2861 4307 2916 dicen-

2654 2952 2794 3013 tem,
2826 2948 2978 3002 Beati
2996 2948 3174 3018 mites,
3193 2949 3450 3020 quoniam
3475 2949 3583 3018 ipsi
3604 2947 3927 3003 haereditate
3945 2949 4307 3019 possidebunt

2656 3040 2861 3093 terram
2892 3037 3104 3107 (Matth.
3137 3054 3191 3101 v,
3224 3037 3299 3107 4).
3334 3037 3435 3091 Hic
3456 3038 3581 3108 jam
3614 3038 3784 3092 etiam
3817 3037 3913 3093 ille
3945 3038 4217 3107 Gentilis,
4255 3040 4306 3095 si

2656 3142 2768 3181 non
2794 3124 2971 3181 nimis
2994 3124 3286 3195 lapideum
3312 3142 3410 3180 cor
3430 3126 3687 3189 haberet,
3711 3130 3810 3181 aut
3830 3127 3876 3181 si
3911 3142 3980 3181 ex
4003 3125 4122 3182 illis
4144 3132 4308 3183 esset

2654 3214 2949 3287 lapidibus
2972 3215 3043 3268 de
3068 3215 3281 3285 quibus
3304 3215 3545 3269 suscitat
3568 3215 3719 3270 Deus
3740 3214 3892 3270 ﬁlios
3922 3215 4167 3271 Abrahae
4191 3218 4299 3287 (Id.

2654 3320 2737 3375 ιιι,
2768 3304 2846 3375 9).
2880 3320 3072 3359 nonne
3094 3304 3405 3358 miraretur
3426 3303 3480 3357 in
3516 3303 3706 3359 Libris
3737 3304 3997 3375 antiquis
4026 3306 4300 3375 ejusdem

2653 3392 2864 3465 gentis,
2887 3409 2955 3446 ex
2971 3408 3087 3461 qua
3106 3397 3277 3446 natus
3298 3391 3696 3462 perhiberetur
3711 3391 3904 3459 Jesus,
3924 3397 4044 3447 tam
4067 3394 4302 3450 eviden-

2653 3486 2768 3536 tem
2802 3483 2873 3535 de
2904 3479 3002 3534 illo
3035 3480 3425 3550 conscriptam
3452 3496 3580 3535 esse
3612 3480 3997 3552 pmphetiam,
4032 3488 4097 3536 ut
4120 3482 4301 3539 etiam

2655 3585 2865 3625 nomen
2890 3570 3017 3638 ejus
3039 3567 3462 3640 exprimeretur
3486 3584 3497 3624 :
3529 3568 3823 3640 simulque
3847 3569 3924 3624 ibi
3948 3571 4305 3639 adverteret,

2655 3676 2768 3714 non
2802 3658 3123 3730 quemlibet
3154 3656 3447 3712 hominem
3484 3658 3822 3729 praedictum
3856 3658 4037 3714 fuisse
4069 3659 4302 3732 Jesum,

2654 3748 2754 3803 sed
2782 3747 2983 3817 utique
3004 3746 3209 3816 Deum,
3237 3762 3368 3801 cum
3394 3746 3451 3800 in
3477 3745 3713 3802 homine
3733 3746 3831 3801 illo
3855 3748 3953 3819 qui
3973 3749 4231 3819 regendo
4250 3755 4308 3804 et

2654 3836 3074 3891 introducendo
3100 3834 3156 3889 in
3182 3850 3423 3907 regnum
3452 3836 3664 3907 populo
3682 3837 4053 3905 constitutus,
4073 3842 4306 3893 mutato

2654 3925 3063 3981 nomiueJesus
3078 3923 3403 3995 appellatus
3417 3930 3639 3994 est,suu
3652 3942 3704 3978 m
3721 3942 3930 3981 nomen
3948 3926 4141 3983 inesse
4152 3929 4305 3984 Deus

2652 4015 2889 4083 diceret,
2913 4029 3168 4084 eumque
3192 4012 3463 4084 angelum
3492 4015 3821 4069 nominaret
3845 4039 3859 4081 ;
3891 4031 3957 4069 eo
3990 4015 4117 4087 ipso
4141 4018 4305 4088 quod

2654 4107 2877 4159 mutato
2918 4103 3156 4157 nomine
3195 4102 3554 4168 mittebatur,
3584 4119 3861 4175 magnum
3896 4103 4117 4175 aliquid
4153 4105 4305 4160 divi-

2652 4208 2913 4263 numque
2936 4191 3303 4245 nuntiantem
3322 4191 3349 4244 ?
3368 4190 3643 4246 Nuntium
3665 4191 3879 4263 quippe
3897 4208 4079 4264 graece
4108 4195 4302 4266 Ange-

2652 4282 2772 4336 lum
2790 4281 2899 4337 dici
2913 4323 2925 4347 ,
2946 4279 3078 4351 quis
3094 4278 3190 4333 illa
3208 4278 3410 4351 lingua
3426 4279 3509 4335 vel
3528 4280 3780 4335 tenuiter
3794 4282 4011 4337 tinctus
4033 4282 4307 4353 ignoret?

2651 4371 3039 4436 Quamobrem
3056 4386 3129 4440 qu
3141 4367 3623 4435 ilibetGentilis,si
3638 4386 3944 4441 perversus
3956 4375 4011 4424 et
4024 4373 4305 4442 pervicax

2649 4476 2777 4515 esse
2824 4456 3023 4523 nollet,
3049 4474 3158 4512 non
3188 4458 3317 4511 ideo
3339 4457 3540 4513 Libros
3561 4457 3695 4514 illos
3717 4462 4131 4518 contemneret.
4156 4462 4302 4532 quia

2649 4552 2843 4605 essent
2864 4546 3105 4611 Hebraei,
3130 4546 3298 4617 cujus
3321 4546 3509 4618 gentis
3532 4545 3657 4620 lege
3688 4564 3800 4603 non
3831 4551 4164 4605 teneretur:
4192 4551 4298 4605 sed

2649 4636 2964 4708 cujuslibet
2984 4634 3173 4708 gentis
3195 4634 3376 4691 libros
3397 4636 3525 4691 ideo
3545 4636 3740 4708 magni
3761 4638 4058 4709 penderet,
4079 4640 4222 4709 quia
4237 4639 4298 4694 in

2646 4727 2729 4783 eis
2752 4731 2911 4781 tanto
2926 4733 3058 4780 ante
3072 4725 3401 4796 conscripta
3417 4725 3714 4792 inveniret,
3731 4742 3857 4796 qua:
3871 4726 4127 4795 suisjam
4142 4733 4262 4782 tem
4274 4761 4298 4770 -

2648 4812 3145 4886 poribusimpleta
3158 4817 3549 4882 cognosceret:
3565 4812 3870 4883 ipsumque
3884 4813 4185 4869 Christum
4201 4815 4294 4871 Je-

2646 4918 2779 4959 sum
2801 4918 2913 4956 non
2938 4905 3241 4972 propterea
3261 4906 3576 4971 sperneret,
3598 4901 3736 4973 quia
3751 4902 4062 4958 Hebraicis
4081 4902 4296 4960 litteris

2645 4990 3101 5061 praenuntiatum
3126 4988 3383 5055 videret;
3416 4990 3515 5044 sed
3552 4990 3746 5061 potius
3768 5006 3924 5059 eum,
3953 4991 4053 5062 qui
4077 4990 4295 5049 litteris

2646 5078 3024 5153 quibuslibet,
3041 5081 3353 5147 antequam
3375 5077 3802 5134 interhomines
3817 5083 4176 5145 nasceretur,
4193 5098 4297 5153 per

2643 5175 2727 5225 tot
2748 5166 3047 5222 volumina
3071 5167 3438 5233 szeculorum,
3467 5168 3677 5239 partim
3709 5168 4103 5239 apertioribus
4129 5172 4297 5226 testi-

2646 5257 2879 5325 moniis,
2904 5256 3113 5328 partim
3134 5272 3326 5310 rerum
3346 5262 3642 5326 gestarum
3660 5263 3714 5312 et
3730 5273 4069 5314 sermonum
4084 5258 4295 5331 ﬁguris

2642 5354 2699 5405 et
2720 5345 3104 5404 sacramentis
3127 5344 3205 5399 ita
3230 5346 3605 5416 praenuntiari
3627 5347 4145 5420 commendarique
4169 5366 4293 5405 me-
4324 5356 4327 5357 ⁷

2644 5437 2877 5501 ruisset,
2894 5451 3026 5490 cum
3042 5434 3260 5505 ingenti
3275 5434 3657 5490 admiratione
3671 5435 3949 5491 etdevota
3971 5434 4290 5508 religione‘

2642 5526 2981 5583 sectandum
3004 5523 3993 5595 venerandumquecenseret.Itailli
4009 5541 4077 5580 ex
4090 5541 4289 5583 rerum

2642 5615 3099 5673 Christianarum
3112 5612 3238 5683 jam
3255 5615 3615 5684 prasentatis
3633 5614 3955 5682 effectibus,
3980 5613 4285 5673 Librorum

2706 5779 2722 5814 ι
2750 5777 2947 5827 Omnes
2975 5774 3120 5832 Msa,
3152 5774 3202 5821 et
3231 5769 3404 5821 debita
3432 5772 3701 5838 religione.
