4462 6438
810 398 927 457 339

811 530 963 585 victa
983 529 1256 584 discedit:
1276 534 1428 584 certe
1445 531 1563 601 jam
1583 533 1805 585 clarum
1830 536 1937 594 est,
1954 546 2069 583 non
2089 529 2243 583 aliud
2268 530 2373 582 hac
2390 529 2461 581 de

821 635 882 674 re
909 617 1295 683 turbas,aliud
1320 623 1540 674 secreto
1561 618 1883 691 discipulos
1902 618 2214 674 Dominum
2231 618 2461 673 docuis-

820 722 882 763 se
903 723 917 761 :
942 712 1098 762 certe
1121 707 1245 763 sine
1268 708 1629 763 dubitatione
1650 706 2357 780 perspiciturManichaeos
2372 722 2466 778 po-

821 796 940 851 tius
962 812 1088 851 esse
1122 797 1432 852 mendaces
1456 801 1631 870 atque
1652 796 1908 862 fallaces,
1934 812 2046 850 non
2076 795 2329 867 Moysen,
2351 812 2463 849 non

822 884 1141 952 Christum,
1176 902 1290 939 non
1315 885 1672 940 Testamenti
1705 886 2011 956 utriusque
2033 884 2358 940 doctrinam
2385 884 2463 938 ibi

823 974 1154 1046 ﬁguratam,
1188 974 1278 1027 hic
1303 973 1645 1043 revelatam;
1667 974 1744 1030 ibi
1770 972 2307 1046 prophetatum,'hic
2330 990 2467 1044 prae-

820 1066 1131 1117 sentatam.
1150 1062 1447 1125 Quomodo
1464 1079 1597 1133 ergo
1614 1063 1761 1118 nihil
1782 1078 1982 1117 eorum
1998 1060 2321 1117 Catholicos
2344 1076 2465 1116 ser-

818 1167 953 1206 vare
984 1156 1211 1221 putant,
1238 1167 1367 1223 quae
1389 1152 1613 1224 Moyses
1634 1151 1885 1223 scripsit,
1917 1167 2049 1206 cum
2076 1150 2274 1205 omnia
2304 1166 2465 1221 pror-

820 1254 925 1294 sus
958 1240 1294 1307 observent;
1320 1257 1433 1295 non
1459 1242 1584 1311 jam
1615 1241 1673 1295 in
1697 1238 1921 1311 ﬁguris,
1952 1239 2051 1295 sed
2084 1240 2143 1293 in
2174 1239 2260 1295 eis
2292 1240 2467 1295 rebus

819 1344 967 1400 quas
992 1327 1100 1382 illa:
1122 1329 1318 1400 ﬁgurae
1340 1328 1731 1401 signiﬁcando
1757 1328 2256 1400 prtenuntiarunt?
2268 1328 2467 1399 Neque

819 1417 998 1483 enim,
1032 1418 1077 1471 si
1104 1416 1259 1472 aliud
1281 1423 1516 1490 tempus
1539 1422 1693 1473 esset
1708 1417 2195 1489 scribendi,aliud
2212 1418 2464 1490 legendi,

819 1511 971 1573 recte
996 1506 1328 1561 diceremus
1345 1506 1707 1578 Scripturam
1731 1506 1891 1562 illam
1916 1524 2031 1562 non
2053 1508 2357 1563 observare
2385 1507 2467 1564 le-

819 1598 1056 1663 ctorem,
1077 1595 1214 1666 quia
1238 1596 1361 1667 ipse
1384 1596 1749 1651 characteres
1771 1596 1902 1651 illos
1925 1613 2041 1652 non
2065 1596 2274 1652 faceret
2296 1613 2309 1650 :
2330 1613 2465 1652 cum

820 1682 906 1739 illi
956 1682 1207 1739 fuissent
1240 1685 1439 1755 ﬁgures
1461 1702 1759 1751 sonorum,
1794 1684 1890 1741 ille
1919 1690 2116 1741 autem
2134 1686 2260 1756 jam
2295 1702 2469 1742 sonos

823 1771 1630 1842 ipsosexpromeret,illarum
1654 1776 1848 1827 tamen
1873 1774 2192 1845 ﬁgurarum
2217 1791 2331 1829 non
2356 1775 2469 1830 for-

824 1860 1533 1931 malioneoccupatus,sed
1548 1861 1904 1932 inspectione
1917 1878 2041 1917 com
2053 1862 2469 1919 monitusteo

827 1953 1019 2004 autem
1038 1949 1222 2003 Judaei
1246 1949 1473 2005 Christo
1508 1968 1619 2005 non
1672 1951 2003 2018 credebant,
2049 1952 2183 2021 quia
2226 1967 2330 2006 nec
2370 1950 2470 2007 illa

826 2053 954 2108 quae
988 2038 1214 2110 Moyses
1264 2054 1377 2093 non
1412 2038 1677 2111 ﬁgurate,
1728 2041 1826 2094 sed
1877 2044 2071 2112 aperte
2121 2045 2470 2112 praeceperat

825 2125 1231 2181 observabant.
1264 2126 1430 2182 Unde
1461 2126 1575 2183 illis
1608 2127 1781 2183 dicit:
1808 2128 2102 2183 Decimatis
2122 2129 2397 2183 mentham
2416 2132 2468 2185 et

822 2216 1128 2286 cyminum,
1150 2220 1203 2270 et
1225 2216 1541 2288 relinquitis
1560 2219 1818 2286 graviora
1842 2218 2004 2290 Legi:
2034 2218 2469 2274 misericordiam

822 2304 1170 2375 etjudicium;
1198 2305 1463 2377 liquentes
1479 2306 2003 2371 culicem,camelum
2026 2313 2207 2361 autem
2226 2306 2467 2374 glutien-

820 2400 925 2447 tes:
962 2393 1075 2447 ha’c
1094 2396 1372 2462 opertebat
1389 2397 1592 2465 facere,
1617 2395 1718 2450 illa
1736 2397 1916 2450 autem
1928 2410 2036 2450 non
2055 2396 2467 2465 omittere(Mat-

819 2479 1187 2546 th.xxm,23,
1206 2482 1316 2543 24).
1336 2482 1497 2538 Unde
1510 2488 1597 2538 est
1612 2482 1851 2548 etillud,
1876 2483 2030 2554 quod
2053 2483 2467 2539 traditionibus

817 2567 943 2624 suis
962 2569 1247 2625 docebant
1259 2572 1548 2641 quomodo
1563 2572 2323 2644 inﬁrmareturpreeceptum
2347 2572 2465 2644 Dei,

820 2672 935 2729 quo
959 2658 1169 2713 deferri
1204 2659 1481 2715 honorem
1514 2661 1854 2733 parentibus
1884 2661 2182 2730 jusserat;
2236 2665 2471 2734 propter

821 2762 997 2817 quam
1014 2748 1347 2819 superbiam
1363 2748 1797 2822 etiniquitalsm
1819 2749 2091 2805 excmcari
2111 2754 2472 2816 meruerunt,

819 2837 887 2889 ut
908 2839 1113 2892 caetera
1144 2854 1257 2892 non
1290 2836 1715 2911 intelligerent:
1742 2837 1879 2910 quia
1917 2854 1985 2895 ea
2024 2855 2151 2911 quae
2183 2838 2472 2912 intellige-

818 2921 962 2978 bant
988 2923 1169 2997 impie
1200 2927 1671 2982 contemnebant.

893 3012 1126 3068 CAPUT
1150 3014 1385 3070 XXXIII.
1405 3015 1737 3071 ——Videsne
1760 3033 1936 3088 quam
1970 3016 2073 3071 tibi
2102 3032 2216 3071 non
2234 3015 2474 3091 dicam’,

823 3100 883 3156 Si
917 3100 1288 3159 Christianus
1310 3120 1392 3169 es,
1428 3105 1597 3160 crede
1632 3105 1843 3160 dicenti
1868 3104 2097 3161 Christo
2141 3105 2279 3176 quia
2315 3106 2385 3161 de
2416 3122 2478 3161 se

824 3189 1060 3260 scripsit
1097 3190 1502 3264 Moyses;quod
1529 3192 1577 3249 si
1611 3210 1725 3249 non
1748 3192 2332 3262 credis,Christianus
2361 3211 2475 3251 non

884 3296 1023 3365 [Sic
1053 3297 1175 3365 Mss.
1208 3298 1518 3365 Editi__vero
1549 3299 1632 3347 Er.
1674 3303 1728 3349 et
1757 3301 1882 3350 Lov.
1917 3315 1930 3349 :
1974 3298 2125 3349 Vides
2154 3314 2477 3365 nequaquam

845 3356 921 3406 ibi
947 3372 1084 3408 nunc
1110 3359 1295 3411 dicam.
1328 3361 1504 3411 Minus
1532 3366 1691 3412 recte.

1586 399 1903 459 CONTRA
1948 393 2325 459 FAUSTUM
2373 394 2894 468 MANICHIEUM,
2942 398 3006 456 S.
3056 393 3489 458 AUGUSTINI

4107 394 4229 454 340

2574 528 2807 599 es?Ipse
2825 528 3038 599 quippe
3055 528 3266 581 videris
3300 527 3432 595 quid
3470 528 3539 580 do
3567 530 3624 581 te
3655 525 3895 592 sentias,
3937 524 4038 597 qui
4071 529 4129 582 te
4158 531 4225 583 ut

2576 616 2862 673 Gentilem
2887 618 2971 673 vel
2990 618 3019 673 J
3032 618 3262 672 udaaum
3280 616 3472 672 doceri
3489 618 3559 671 de
3580 616 3805 672 Christo
3822 616 4043 686 expetis
4066 634 4079 672 :
4116 633 4223 690 ego

2578 710 2771 761 tamen
2800 723 2986 778 neque
3008 707 3117 761 hoc
3134 706 3350 777 defugi,
3380 710 3652 760 etomnes
3672 706 3774 759 tibi
3792 706 3988 759 aditus
4007 706 4224 761 erroris

2579 799 2863 867 quantum
2899 796 3059 866 potui
3079 794 3284 849 clausi.
3308 793 3581 849 Necillud
3606 794 3715 849 sivi
3743 799 3936 865 patere
3960 795 4227 867 praecipi-

2578 884 2748 949 tium,
2783 900 2901 955 qua
2928 901 3028 939 vos
3060 884 3191 938 caeci
3224 884 3477 947 mittitis,
3524 882 3785 937 dicentes
3815 883 3963 938 falsa
4008 884 4226 940 essein

2581 972 2910 1044 Evangelio,
2942 972 3131 1028 sicubi
3154 977 3347 1028 vestra
3367 971 3834 1027 haeresisexitum
3858 989 3970 1026 non
3992 971 4227 1028 invene-

2580 1062 2682 1116 rit:
2701 1066 2765 1116 ut
2779 1062 2939 1117 vobis
2954 1061 3098 1116 nihil
3120 1066 3562 1132 remaneat,quo
3578 1061 3675 1115 red
3689 1061 3770 1116 ire
3794 1061 4053 1133 possitis,
4071 1062 4229 1119 unde

2581 1148 2809 1207 Christo
2839 1149 3221 1217 credatis,ubi
3259 1149 3424 1205 vobis
3445 1149 3567 1205 haec
3611 1166 3717 1205 vox
3740 1150 4083 1222 pestilentia:
4107 1167 4229 1207 nou

2580 1239 2767 1311 possit
2819 1240 3055 1311 opponi.
3102 1238 3251 1304 Quin
3281 1238 3455 1294 etiam
3505 1238 3589 1295 sic
3614 1242 3670 1294 te
3701 1238 3889 1294 doceri
3940 1240 4131 1311 cupis,
4165 1246 4231 1295 ut

2582 1328 2977 1384 Christianum
2997 1328 3306 1398 Thomam,
3331 1344 3503 1399 quem
3517 1328 3783 1383 Christus
3805 1329 3868 1383 de
3888 1345 3945 1383 se
3960 1328 4228 1385 dubitan-

2585 1424 2693 1473 tem
2714 1434 2822 1473 non
2846 1421 2925 1473 est
2947 1426 3295 1488 aspernatus,
3323 1416 3413 1471 sed
3440 1432 3545 1490 quo
3564 1419 3744 1471 animi
3763 1419 3880 1488 ejus
3900 1416 4231 1474 vulneribus

2582 1506 2921 1574 mederetur,
2950 1508 3193 1578 corporis
3222 1507 3318 1561 sui
3337 1508 3623 1562 cicatrices
3642 1506 3873 1561 ostendit
3894 1510 4019 1562 Haec
4051 1508 4231 1563 verba

2585 1596 3015 1651 tuasuut.Bene
3032 1596 3187 1667 quod
3216 1596 3297 1650 sic
3323 1600 3375 1650 te
3408 1596 3599 1649 doceri
3622 1595 3822 1667 exigis.
3847 1598 4033 1659 Quam
4066 1596 4227 1652 enim

2584 1685 2823 1741 verebar
2835 1700 2905 1739 ne
2919 1684 3027 1740 hoc
3043 1700 3275 1756 quoque
3294 1685 3352 1738 in
3376 1684 3685 1753 Evangelio
3708 1683 3920 1740 falsum
3944 1701 4072 1741 esse
4095 1702 4231 1741 con-

2582 1774 2875 1829 tenderes!
2913 1774 3093 1829 Crede
3139 1790 3271 1843 ergo
3320 1772 3691 1829 cicatricibus
3730 1774 3938 1829 Christi
3966 1791 3978 1830 :
4005 1775 4148 1847 quia
4178 1775 4228 1831 si

2578 1863 2876 1919 cicatrices
2905 1862 3017 1917 illae
3050 1879 3196 1918 veras
3224 1867 3408 1931 erant,
3462 1878 3597 1918 vera
3635 1863 3809 1918 etiam
3845 1863 3943 1919 illa
3984 1864 4231 1920 vulnera

2583 1952 2845 2017 fuerant;
2873 1968 2977 2007 nec
2997 1967 3131 2007 vera
3149 1950 3410 2017 vulnera,
3436 1951 3547 2006 nisi
3567 1967 3700 2006 vera
3714 1968 3847 2008 caro
3880 1953 4091 2009 habere
4122 1971 4230 2026 po-

2584 2041 2827 2097 tuisset:
2854 2041 2961 2095 hoc
2982 2057 3181 2096 verum
3214 2045 3399 2095 totum
3434 2046 3686 2096 vestrum
3714 2041 3916 2098 evertit
3944 2058 4229 2099 errorem.

2584 2130 2836 2199 Porro,si
2849 2129 3117 2186 Christus
3137 2130 3312 2185 falsas
3325 2129 3625 2185 cicatrices
3638 2130 3925 2185 dubitanti
3939 2132 4230 2204 discipulo

2583 2219 3089 2285 demonstravit,et
3110 2219 3302 2290 ipsum
3334 2218 3593 2274 fallacem
3618 2221 3762 2275 dicis
3793 2221 3871 2275 ita
3896 2221 4227 2290 docentem,

2583 2312 2639 2365 et
2654 2312 2707 2365 te
2726 2308 2845 2364 falli
2866 2308 3032 2380 cupis
3054 2311 3134 2365 ita
3149 2308 3491 2364 discentem.
3512 2309 3622 2365 Sed
3643 2309 3781 2380 quia
3802 2310 3921 2365 talli
3944 2327 4117 2367 nemo
4138 2317 4231 2368 est

2582 2398 2683 2469 qui
2702 2398 2857 2464 velit,
2884 2397 3081 2453 fallere
3104 2403 3296 2454 autem
3335 2397 3506 2452 multi
3538 2398 3756 2469 volunt,
3784 2400 3971 2472 magis
3996 2406 4052 2455 te
4080 2401 4229 2457 velle

2582 2486 2847 2557 intelligo
2894 2487 3062 2558 quasi
3104 2486 3368 2558 exemplo
3418 2486 3631 2544 Christi
3658 2487 3939 2545 fallaciter
3995 2490 4226 2555 docere,

2582 2592 2761 2648 quam
2792 2575 3053 2647 exemplo
3075 2576 3309 2631 Thomai
3328 2576 3611 2632 fallaciter
3631 2578 3872 2633 discere.
3899 2578 4227 2647 Proinde,si

2580 2666 2769 2720 credis
2800 2666 2955 2737 quod
2976 2664 3139 2720 falsis
3159 2664 3529 2721 cicatricibus
3547 2665 3811 2722 Christus
3835 2667 4095 2724 fefellerit
4115 2670 4225 2724 du-

2583 2752 2888 2822 bitantem,
2922 2756 2979 2808 te
3027 2752 3157 2823 quis
3187 2753 3320 2809 velit
3370 2755 3605 2810 credere
3650 2754 3976 2822 docentem,
4010 2773 4078 2812 ao
4108 2775 4225 2813 non

2583 2842 2776 2915 potius
2808 2858 3006 2898 cavere
3039 2842 3373 2898 fallentem?
3403 2848 3473 2898 At
3504 2843 3552 2897 si
3582 2843 3678 2898 ille
3709 2844 4035 2917 discipulus
4063 2863 4230 2903 veras

2584 2930 2881 2987 cicatrices
2914 2931 3104 3005 tetigit
3124 2932 3337 2988 Christi
3375 2948 3567 2988 veram
3618 2934 3877 2989 conﬁteri
3921 2936 4147 3007 cogeris
4179 2943 4236 2991 et

2585 3036 2818 3075 carnem
2843 3020 3076 3075 Christi.
3120 3022 3206 3075 Ita
3238 3021 3591 3077 Manichaaus
3616 3040 3727 3076 non
3762 3024 4152 3095 permanebis,
4184 3025 4234 3081 si

2587 3110 2670 3164 sic
2702 3110 2905 3164 credas
2937 3115 3001 3165 ut
3033 3110 3288 3165 Thomas
3315 3129 3327 3166 :
3356 3111 3603 3165 inﬁdelis
3630 3118 3823 3167 autem
3876 3114 4227 3185 remanebis,

2587 3197 2637 3254 si
2678 3215 2783 3256 nec
2805 3199 2889 3254 sic
2921 3200 3108 3256 credis
3141 3206 3206 3255 ut
3235 3200 3488 3256 Thomas
3512 3202 3692 3273 (Joan.
3723 3218 3819 3268 xx,
3849 3203 3940 3272 27,
3971 3204 4086 3275 28).

830 3482 4231 3511 _..______________._______.__________________________________

1655 3587 2031 3683 LIBER
2130 3590 2686 3685 DECIMUS
2776 3592 3412 3688 SEPTIMUS.

883 3814 1113 3871 CAPUT
1154 3816 1457 3873 PRIMUM.
1495 3849 1562 3861 --
1608 3819 1861 3876 Fsus'rus
1902 3820 2047 3875 dixit
2079 3837 2092 3875 :
2129 3820 2246 3878 Cur
2276 3822 2475 3897 Legem

814 3918 930 3957 non
963 3904 1226 3975 accipitis
1243 3910 1299 3960 et
1329 3908 1662 3978 Prophetas,
1688 3925 1822 3964 cum
1846 3908 2112 3966 Christus
2143 3927 2242 3967 eos
2273 3929 2387 3968 non
2412 3930 2473 3969 se

820 3990 1054 4047 venisse
1074 3992 1294 4050 solvere
1319 3996 1655 4067 dixerit,sed
1688 3997 2006 4069 adimplere
2028 4000 2233 4069 (Matth.
2268 4018 2320 4067 v,
2348 4002 2474 4074 l7)?

816 4078 959 4143 Quis
986 4079 1093 4137 hoc
1124 4086 1374 4138 testatur
1390 4085 1821 4142 dixisseJesum
1841 4086 1869 4140 ?
1899 4087 2228 4144 Matthmus.
2254 4089 2359 4145 Ubi
2382 4091 2468 4145 di-

820 4167 1008 4224 xisse?
1033 4172 1094 4225 in
1112 4177 1327 4228 monte.
1344 4174 1570 4239 Quibus
1596 4175 2009 4247 praesentibus?
2023 4180 2469 4250 Petro,Andrea,

812 4256 1032 4314 Jacobo
1054 4264 1110 4315 et
1126 4260 1636 4335 Joanne,quatuor
1663 4264 1756 4320 bis
1774 4269 2034 4323 tantum:
2062 4271 2295 4323 caeteros
2316 4268 2472 4324 enim

822 4347 1073 4403 necdum
1096 4348 1368 4422 elegerat,
1393 4369 1495 4407 nec
1526 4352 1719 4425 ipsum
1744 4354 2099 4411 Matthzeum.
2122 4356 2199 4411 Ex
2221 4356 2314 4412 his
2334 4374 2470 4431 ergo

818 4439 1042 4505 quaetor
1066 4454 1241 4506 unus,
1269 4440 1324 4494 id
1352 4444 1439 4496 est
1459 4441 1735 4511 Joannes,
1770 4444 2147 4516 Evangelium
2191 4446 2474 4519 scripsit?

816 4523 921 4579 Ita.
944 4524 1172 4582 Alicubi
1202 4527 1312 4584 hoc
1336 4529 1457 4600 ipse
1488 4533 1951 4589 commemorat?
1972 4535 2296 4607 Nusquam.
2318 4538 2468 4602 Quo-

816 4613 989 4668 modo
1020 4631 1157 4685 ergo
1181 4620 1333 4688 quod
1383 4619 1639 4676 Joannes
1682 4639 1796 4677 non
1848 4627 2099 4679 testatur
2136 4625 2234 4696 qui
2260 4624 2370 4680 fuit
2408 4625 2466 4680 in

817 4707 1035 4768 monte,
1063 4705 1372 4763 Matthteus
1399 4707 1507 4763 hoc
1530 4710 1766 4782 scripsit
1797 4712 1895 4783 qui
1928 4711 2099 4785 longo
2139 4713 2462 4781 intervallo,

815 4796 1125 4862 postquam
1143 4793 1314 4850 Jcsus
1327 4796 1398 4851 de
1414 4802 1608 4852 monte
1622 4800 2185 4869 desoendit,secutus
2198 4807 2287 4856 est
2301 4803 2466 4858 eum?

812 4881 894 4932 Ac
915 4880 1134 4949 perhoc
1157 4883 1226 4937 de
1247 4883 1495 4956 hocipso
1521 4888 1708 4958 primo
1730 4889 2269 4960 ambigitur,utrum
2289 4891 2462 4947 Jesus

810 4965 925 5022 tale
947 4967 1165 5040 aliquid
1187 4972 1742 5044 dixerit,quiatestis
1759 4976 2004 5032 idoneus
2027 4979 2464 5050 tacet,loquitur

809 5060 1005 5112 autem
1029 5060 1821 5121 minusidoneuszutinterim
1840 5066 2462 5138 permiserimusnobis

809 5144 1084 5215 injuriam
1124 5149 1328 5206 fecisse
1360 5151 1907 5223 Mattheumﬁonec
1935 5160 1993 5211 et
2018 5155 2209 5227 ipsum
2252 5157 2457 5228 probe-

805 5248 945 5288 mus
980 5235 1099 5291 haec
1133 5254 1245 5292 non
1281 5236 1577 5311 scripis'se,
1603 5243 1703 5297 sed
1736 5241 2126 5299 aliumnescio
2148 5260 2321 5316 quem
2346 5247 2457 5301 sub

804 5324 1042 5379 nomine
1073 5328 1400 5398 eiuszquod
1443 5330 1610 5385 docet
1639 5336 1697 5387 et
1726 5332 1856 5403 ipsa
1882 5332 2150 5388 lectionis
2189 5334 2453 5404 ejusdem

806 5409 1063 5467 Matthaei
1090 5417 1331 5487 obliqua
1364 5420 1641 5474 narratio.
1665 5421 1813 5486 Quid
1846 5422 2000 5477 enim
2025 5421 2204 5477 dicit?
2240 5425 2455 5480 Etcum

807 5503 1074 5557 transiret
1103 5506 1279 5571 Iesus,
1300 5506 1433 5561 vidit
1460 5507 1738 5565 hominem
1768 5511 2040 5567 sedentem
2068 5511 2140 5567 ad
2168 5513 2451 5579 telonium,

807 5592 1032 5646 nomine
1053 5594 1433 5663 Hatthwum,et
1452 5601 1653 5654 vocavit
1683 5616 1805 5655 eum
1826 5617 1839 5656 :
1865 5605 1920 5655 at
1934 5599 2451 5672 illeconfestimsur-

809 5690 960 5747 gens,
985 5689 1199 5737 secutus
1226 5688 1299 5738 est
1321 5702 1442 5740 eum
1457 5688 1552 5759 (Id.
1577 5705 1651 5755 ιι,
1670 5690 1745 5761 9).
1764 5690 1976 5762 thuis
1989 5705 2124 5763 ergo
2148 5691 2218 5747 de
2240 5707 2301 5747 se
2322 5691 2449 5765 ipso

2585 3823 3050 3895 scribens,dicat,
3072 3826 3220 3883 Vidit
3249 3826 3549 3894 hominem,
3581 3831 3631 3883 et
3660 3832 3871 3885 vocavit
3900 3847 4044 3905 eum,
4069 3837 4125 3888 et
4152 3850 4229 3890 se-

2582 3922 2738 3969 cutus
2770 3923 2849 3970 est
2877 3931 3040 3977 eum;
3071 3932 3137 3970 ac
3167 3933 3281 3972 non
3314 3917 3511 3989 potius
3533 3918 3708 3988 dicat,
3732 3919 3889 3974 Vidit
3919 3937 4033 3992 me,
4060 3929 4116 3977 et
4135 3940 4230 3979 vo—

2581 4003 2857 4073 cavitme,
2885 4008 2942 4059 et
2971 4012 3208 4061 secutus
3224 4023 3354 4062 sum
3382 4007 3675 4063 eumznisi
3703 4010 3839 4079 quia
3863 4016 4095 4068 constat
4113 4012 4231 4068 haec

2584 4092 2921 4149 Matthzeum
2938 4110 3051 4149 non
3070 4095 3507 4168 scripsisse,sed
3532 4097 3709 4153 alium
3726 4099 3919 4155 nescio
3932 4116 4107 4171 quem
4124 4103 4230 4158 sub

2581 4182 2709 4252 ejus
2743 4182 3017 4239 nomine?
3037 4184 3180 4239 Cum
3212 4201 3349 4257 ergo
3385 4203 3455 4241 ne
3484 4186 3719 4258 quidem
3754 4188 3801 4243 si
3834 4194 3891 4243 et
3922 4189 4229 4248 Mattheus
4338 4202 4339 4213 ‘

2581 4269 2690 4325 hoc
2720 4271 3016 4341 scriberet,
3050 4290 3249 4329 verum
3296 4274 3469 4341 foret;
3506 4275 3603 4348 qui
3652 4294 3906 4348 praesens
3952 4296 4066 4335 non
4109 4288 4229 4337 erat

2580 4376 2712 4415 cum
2733 4360 2901 4416 Jesus
2932 4360 3050 4417 haec
3073 4360 3492 4434 loquebatur‘in
3529 4371 3721 4421 monte
3747 4383 3759 4421 :
3785 4373 4003 4438 quanto
4037 4371 4223 4443 magis

2578 4449 2933 4505 credendum
2968 4467 3081 4507 non
3143 4452 3273 4519 erit,
3326 4454 3460 4524 quia
3517 4470 3622 4511 nec
3676 4456 3983 4513 Mattheus
4021 4460 4221 4517 eadem

2578 4538 2830 4608 scripsit.
2863 4540 2962 4596 sed
3006 4539 3158 4596 alius
3208 4543 3317 4597 sub
3350 4543 3692 4601 nominibus
3722 4552 3779 4601 et
3814 4546 3951 4603 Jesu
3984 4551 4041 4603 et
4078 4549 4221 4605 Mat-

2575 4627 2753 4683 thsei?

2646 4716 2881 4773 CAPUT
2913 4719 3069 4773 Il.—
3103 4719 3273 4789 Quid,
3299 4723 3454 4793 quod
3479 4722 3651 4779 etiam
3676 4740 3746 4778 ex
3767 4726 3894 4797 ipso
3922 4742 4217 4796 sermone,

2577 4821 2692 4875 quo
2718 4807 2976 4878 praecipit
2998 4825 3109 4863 non
3136 4814 3341 4880 putare
3358 4811 3496 4883 quia
3518 4811 3735 4868 venerit
3750 4814 3954 4887 Legem
3973 4818 4219 4879 solvere.

2577 4896 2764 4967 magis
2786 4895 3029 4969 intelligi
3049 4898 3217 4953 detur
3238 4900 3375 4971 quia
3405 4900 3668 4957 solverit?
3684 4902 3881 4974 Neque
3899 4904 4052 4960 enim
4073 4906 4219 4961 nihil

2575 4998 2640 5036 eo
2656 4984 2765 5039 tale
2788 4984 3034 5040 faciente
3054 4986 3242 5042 Judzei
3267 4988 3550 5060 suspicari
3576 4989 3685 5046 hoc
3708 4997 3964 5063 possent.
3981 4994 4118 5063 Sed,
4143 4996 4219 5051 No

2572 5072 2689 5138 lite,
2712 5072 2926 5145 inquit,
2950 5085 3147 5147 putare
3168 5079 3295 5147 quia
3326 5080 3452 5133 veni
3482 5080 3692 5137 solvere
3715 5082 3928 5153 Legem.
3957 5086 4215 5156 Agedum

2569 5177 2725 5242 ergo,
2758 5162 2805 5216 si
2837 5162 2887 5217 ei
2918 5167 2975 5218 et
2993 5164 3179 5219 Judaei
3212 5165 3514 5230 dixissent.
3548 5168 3684 5240 quid
3717 5187 3889 5241 porro
3924 5176 4121 5228 autem
4155 5179 4215 5229 tu

2564 5248 2682 5305 tale
2704 5250 2849 5322 agis,
2880 5253 3033 5309 unde
3055 5252 3163 5308 hoc
3190 5255 3475 5327 suspicari
3500 5258 3828 5327 possimus?
3847 5265 3929 5315 An
3949 5261 4089 5332 quia
4111 5262 4215 5318 cir-

2566 5341 2983 5397 cumcisionem
3004 5342 3570 5413 derides,sabbatum
3596 5347 3796 5416 violas,
3814 5349 4101 5407 sacriﬁcia
4121 5368 4210 5407 re-

2564 5429 2752 5499 spuis,
2787 5431 3099 5487 confundis
3131 5432 3322 5487 cibos?
3353 5437 3470 5488 Hoc
3501 5441 3587 5491 est
3610 5453 3766 5508 ergo.
3791 5439 3971 5494 Nolite
3993 5449 4206 5511 putare.

2562 5517 2628 5571 Et
2648 5518 2785 5590 quid
2814 5518 2921 5574 hoc
2942 5520 3214 5592 amplius,
3244 5522 3454 5593 quidve
3478 5525 3845 5582 manifestius
3872 5527 3994 5584 fieri
4018 5530 4207 5600 potuit

2560 5606 2618 5661 in
2642 5609 3113 5663 destzeuctionem
3134 5609 3299 5682 Legis
3326 5628 3391 5667 ac
3417 5612 3864 5685 Prophetarum?
3879 5617 3993 5672 Aut
4013 5617 4063 5675 si
4094 5618 4202 5676 hoc

2559 5696 2876 5768 adimplere
2896 5702 2985 5753 est
3015 5702 3242 5770 Legem,
3277 5701 3417 5772 quid
3449 5703 3558 5759 erit
3578 5703 3828 5761 solvere?
3848 5706 4021 5778 Quid,
4043 5710 4195 5782 quod
