4462 6442
364 383 467 445 341
1519 383 1751 454 LIBER
1795 394 2137 459 DECIMUS
2182 396 2600 464 SEPTIMUS.

363 518 646 575 etiarnLex
668 523 726 575 et
746 518 1043 592 Prophetas
1063 538 1135 579 ne
1154 522 1838 599 adimpletione‘quidem
1854 545 1995 599 gau-

362 608 491 662 dent
518 608 663 664 adeo
686 607 799 663 sibi
830 608 980 679 pleni
1011 610 1283 668 videntur
1312 620 1368 670 et
1403 618 1817 684 consummati,
1852 635 1997 689 quo-

362 713 482 751 rum
504 702 711 752 auctor
731 714 798 753 ac
827 704 988 770 pater
1010 716 1121 755 non
1148 701 1341 758 minus
1356 704 1407 758 ei
1433 704 1604 775 adjici
1630 706 1993 778 indignatur,

362 803 529 858 quam
560 786 809 855 detrahi,
846 793 909 842 ut
939 788 1201 845 scribens
1232 791 1289 846 in
1322 793 1766 849 Deuteronomio
1815 796 1989 861 dicat,

361 880 487 931 Haec
502 880 777 946 prxcepta
798 891 923 947 qum
938 878 1134 933 mando
1174 880 1277 935 tibi
1317 880 1492 948 hodie,
1526 884 1714 949 Israel,
1747 884 1991 939 observa-

362 965 435 1020 bis
456 981 475 1025 ,'
495 970 551 1019 et
572 979 702 1019 cave
717 981 787 1019 ne
804 966 1040 1021 declines
1068 968 1136 1022 ab
1165 969 1375 1035 iisdem,
1398 987 1570 1041 neque
1593 973 1652 1025 in
1681 972 1990 1037 sinistram,

357 1069 517 1123 neque
533 1054 594 1108 in
639 1053 961 1116 dexteram;
982 1072 1081 1111 nec
1101 1056 1268 1112 addas
1294 1059 1590 1130 quidquam
1628 1062 1724 1127 eis,
1756 1077 1858 1114 nec
1885 1062 1989 1115 mi-

357 1158 487 1197 nuas
505 1160 523 1195 :
550 1142 644 1197 sed
664 1144 723 1197 in
754 1143 949 1197 iisdem
964 1147 1352 1216 perseverabis,
1377 1151 1438 1202 ut
1467 1148 1744 1204 benedicat
1764 1151 1815 1204 te
1853 1150 1991 1205 Deus

355 1241 471 1287 tuus
499 1235 685 1300 (Deut.
710 1248 762 1295 ν,
804 1233 896 1302 32,
918 1236 972 1287 et
1011 1250 1114 1299 xu,
1148 1234 1683 1309 32)?Quapropter,
1732 1238 1851 1293 sive
1895 1239 1991 1294 ad-

358 1319 634 1392 implendi
666 1337 846 1377 causa
871 1322 1046 1378 Jesus
1079 1324 1214 1395 Legi
1246 1324 1466 1397 aliquid
1493 1326 1866 1399 etProphetis
1888 1328 1988 1382 ad-

351 1409 502 1480 jecit,
535 1408 593 1463 in
623 1410 919 1466 dexteram
951 1410 1178 1467 videtur
1206 1413 1442 1485 lapsus;
1475 1416 1596 1471 sive
1626 1416 1881 1488 dempsit
1926 1420 1991 1471 ut

358 1498 699 1563 destrueret,
732 1499 789 1554 in
822 1500 1121 1556 sinistram
1148 1520 1160 1568 ;
1204 1506 1518 1575 utrumque
1548 1511 1702 1561 certe
1749 1506 1990 1561 oﬁ‘endit

366 1587 521 1657 Legis
551 1591 889 1643 auctorem:
927 1588 1256 1662 idcircoque
1285 1599 1385 1647 aut
1431 1593 1588 1648 aliud
1637 1593 1855 1665 aliquid
1904 1594 1988 1649 si-

354 1674 582 1748 gniﬁcat
613 1675 795 1744 istud,
839 1683 940 1732 aut
971 1677 1183 1733 falsum
1217 1685 1325 1735 est.

419 1764 644 1821 CAPUT
666 1765 1154 1823 llI.Auous'rmus
1196 1770 1531 1840 respondit:
1579 1770 1622 1825 Ο
1664 1770 1986 1827 mirabilem

362 1852 705 1921 insaniam’,
737 1855 809 1910 de
833 1854 1061 1911 Christo
1092 1856 1311 1928 aliquid
1346 1859 1605 1914 narranti
1637 1859 1787 1915 nolle
1834 1860 1988 1916 credi

362 1942 644 2011 Matthaao,
669 1948 728 1999 et
748 1943 891 1999 velle
913 1946 1069 1999 credi
1094 1946 1437 2002 Manichaso!
1464 1948 1521 2003 Si
1548 1949 1852 2004 Matthaaus
1874 1966 1989 2004 non

364 2030 785 2098 interfuit,cum
807 2033 1073 2090 Cbristus
1099 2036 1359 2106 dixisset,
1383 2038 1499 2093 Non
1519 2041 1650 2093 veni
1666 2040 1871 2094 solvere
1893 2040 1990 2094 Le-

362 2136 477 2191 gem
494 2130 590 2176 aut
611 2122 929 2194 Prophetas,
969 2124 1066 2180 sed
1100 2124 1400 2197 adimplere
1437 2127 1644 2199 (Matth.
1670 2145 1725 2195 v,
1762 2130 1885 2197 17);
1937 2133 1995 2184 et

362 2215 653 2282 propterea
671 2227 786 2267 non
799 2217 887 2268 est
902 2214 951 2268 ei
966 2214 1991 2289 credendnmmumquidManichseus

360 2297 635 2366 interfuit,
669 2304 772 2355 aut
793 2301 919 2372 jam
942 2302 1027 2357 vel
1048 2308 1218 2358 natus
1238 2304 1367 2370 fuit,
1392 2321 1528 2361 cum
1547 2306 1817 2362 Christus
1843 2306 1994 2361 inter

361 2386 618 2443 homines
631 2395 936 2461 appareret
951 2390 1204 2445 ?Secund
1216 2409 1311 2447 um
1330 2408 1466 2465 ergo
1481 2394 1631 2449 hanc
1646 2394 1777 2451 ﬁdei
1791 2400 1991 2451 vestras

360 2474 557 2549 legem,
586 2476 732 2532 nihil
756 2477 805 2532 ei
825 2479 895 2534 de
920 2480 1150 2535 Christo
1176 2481 1509 2537 testiﬁcanti
1535 2484 1766 2539 credere
1788 2484 1991 2539 debui-

361 2564 483 2622 stis.
518 2566 635 2623 Nos
666 2572 861 2622 autem
889 2585 1002 2622 non
1028 2575 1330 2640 propterea
1351 2571 1602 2627 dicimus
1623 2589 1737 2628 non
1762 2575 1995 2629 creden-

364 2654 494 2710 dum
516 2656 1135 2729 esseManichaso,quia
1154 2659 1325 2715 dictis
1348 2660 1632 2733 factisque
1646 2662 1858 2717 Christi
1878 2680 1993 2718 non

363 2741 635 2811 interfuit,
656 2749 716 2800 et
735 2743 905 2817 longe
918 2752 1047 2817 post
1065 2753 1235 2802 natus
1258 2752 1347 2803 est
1365 2766 1378 2816 ;
1394 2750 1494 2804 sed
1518 2750 1655 2821 quia
1672 2751 1743 2806 de
1764 2751 1993 2809 Christo

364 2838 553 2887 contra
570 2832 788 2889 Christi
810 2834 1131 2907 discipulos
1152 2835 1430 2907 loquitur,
1446 2843 1503 2893 et
1528 2844 1728 2895 contra
1744 2841 1994 2913 Evange-

367 2919 495 2976 lium
509 2924 661 2993 quod
683 2921 911 2978 illorum
924 2924 1266 2981 auctoritate
1284 2926 1583 2982 ﬁrmatum
1595 2928 1994 2986 est.Habemus

367 3010 509 3065 enim
535 3012 797 3083 Apostoli
819 3015 1146 3085 vocem,qui
1173 3013 1456 3086 inSpiritu
1478 3020 1679 3072 sancto
1697 3016 1843 3074 tales
1860 3035 1993 3074 ven-

368 3103 519 3156 turos
544 3117 672 3156 esse
705 3102 997 3157 cernebat.
1036 3101 1194 3158 Unde
1218 3103 1489 3161 ﬁdelibus
1513 3106 1772 3162 dicebat:
1799 3107 1860 3163 Si
1876 3110 1995 3181 quis

366 3189 499 3243 vobis
518 3190 978 3261 euangelizaverit
994 3200 1372 3265 praeterquam
1396 3195 1535 3266 quod
1554 3197 1998 3268 accepistis,ana-

370 3282 533 3333 thema
562 3281 632 3334 sit
653 3278 861 3351 (Calai,
888 3296 926 3335 1.
950 3279 1194 3351 9).,Nam
1227 3280 1276 3338 si
1302 3300 1472 3338 nemo
1495 3284 1564 3340 de
1590 3285 1816 3341 Christo
1865 3303 1998 3341 vera

366 3366 513 3434 dicit,
529 3368 638 3424 nisi
662 3369 761 3439 qui
785 3384 916 3425 eum
943 3387 1195 3441 praesens
1214 3371 1359 3427 vidit
1377 3376 1432 3428 et
1476 3373 1716 3444 audivit,
1732 3374 1903 3430 hodie
1926 3376 1998 3431 de

367 3453 456 3510 illo
478 3473 645 3512 nemo
672 3474 807 3512 vera
828 3458 988 3514 dicit.
1007 3459 1180 3514 Porro
1205 3459 1253 3515 si
1276 3459 1449 3517 hodie
1474 3468 1778 3534 pmpterea
1800 3464 1870 3518 de
1896 3462 1995 3519 illo

370 3543 627 3601 ﬁdelibus
658 3546 789 3617 ejus
810 3564 945 3603 vera
962 3548 1402 3621 dicuntur,quia
1424 3550 1508 3605 illi
1531 3552 1629 3622 qui
1656 3550 1925 3607 viderunt
1941 3556 1997 3609 et

369 3634 686 3705 audierunt,
723 3634 809 3692 vel
827 3637 1193 3709 praedicando
1213 3636 1297 3694 vel
1315 3638 1620 3696 scribendo
1643 3657 1710 3697 ea
1732 3641 1997 3698 dissemi—

371 3729 672 3793 naverunt;
713 3742 817 3780 cur
846 3742 913 3781 ex
938 3742 1038 3782 ore
1064 3726 1312 3783 Joannis
1344 3728 1725 3803 condiscipuli
1759 3732 1849 3786 sui
1880 3749 1994 3789 non

372 3818 555 3883 posset
574 3830 711 3869 vera
744 3814 1048 3870 Matthaeus
1069 3817 1269 3872 audire
1290 3818 1359 3873 de
1380 3817 1631 3890 Christo,
1659 3820 1756 3874 ubi
1778 3820 1873 3876 ille
1894 3822 1994 3875 ad-

372 3900 488 3972 fuit,
512 3902 701 3975 etipse
725 3920 837 3959 non
857 3904 1063 3971 adfuit,
1097 3905 1145 3960 si
1169 3922 1232 3961 ex
1260 3907 1403 3962 libro
1422 3908 1665 3963 Joannis
1686 3926 1997 3981 possumus

371 4006 493 4046 vera
517 3992 671 4064 loqui
699 3993 770 4047 de
788 3992 865 4047 Ch
877 3993 1155 4065 risto,non
1174 3994 1364 4051 solum
1392 4014 1498 4053 nos
1518 4001 1677 4053 tanto
1701 4005 1829 4071 post
1850 4001 1995 4071 nati,

371 4079 460 4133 sed
482 4081 650 4135 etiam
676 4082 946 4153 positnos
960 4082 1057 4137 alii
1086 4084 1555 4141 nascituri?Hinc
1582 4087 1737 4142 enim
1766 4104 1879 4143 non
1904 4106 1995 4144 so-

372 4166 484 4222 lum
517 4169 798 4238 Matthaai,
832 4188 1031 4226 verum
1063 4174 1235 4227 etiam
1273 4173 1435 4228 Lucae
1458 4192 1523 4230 ac
1546 4176 1715 4231 Marci
1749 4178 1998 4249 Evange-

370 4253 521 4327 lium,
546 4259 642 4330 qui
663 4259 900 4315 eosdem
929 4260 1249 4333 discipulos
1274 4262 1457 4318 secuti
1479 4270 1638 4332 sunt,
1664 4265 1723 4319 in
1749 4283 1863 4321 non
1888 4268 1995 4322 im-

372 4359 553 4415 parem
574 4348 981 4403 auctoritatem
1006 4355 1301 4422 receptum
1323 4356 1427 4406 est.
1456 4356 1577 4409 Huc
1599 4354 1839 4419 accedit,
1863 4356 1999 4427 quia

373 4436 422 4486 et
449 4433 567 4505 ipse
587 4435 872 4492 Dominus
896 4437 1084 4508 potuit
1104 4455 1340 4495 narrare
1363 4441 1811 4513 Matthem,quod
1836 4449 1995 4500 ante-

373 4536 532 4590 quam
554 4541 687 4580 eum
712 4530 995 4594 vocasset,
1020 4543 1151 4581 cum
1176 4526 1247 4583 iis
1264 4534 1459 4600 egerat
1479 4546 1626 4602 quos
1644 4532 1805 4604 prius
1828 4550 1994 4589 voca-

373 4616 537 4667 verat.
567 4616 638 4668 At
668 4613 824 4670 enim
858 4614 965 4670 hoc
996 4616 1119 4687 ipse
1148 4617 1406 4673 Joannes
1437 4619 1493 4674 in
1528 4620 1832 4692 Evangelio
1889 4640 1997 4679 suo

374 4714 571 4768 ponere
592 4702 817 4766 debuit,
838 4703 885 4759 si
904 4704 1012 4760 hoc
1034 4705 1253 4761 dictum
1274 4724 1307 4761 a
1324 4708 1564 4764 Domino
1581 4709 1998 4783 audierat,qui-

377 4802 496 4844 cum
526 4791 836 4859 diceretur,
862 4810 1119 4865 praesens
1146 4795 1301 4852 erat?
1320 4797 1493 4861 Quasi
1520 4798 1641 4853 ﬁeri
1665 4815 1778 4854 non
1805 4804 1999 4871 potue-

377 4874 512 4931 ritut
529 4895 658 4935 cum
678 4881 1015 4953 omniaquae
1029 4882 1310 4940 aDomino
1328 4885 1868 4951 audierat,scribere
1884 4904 1996 4943 non

376 4972 577 5038 posset,
606 4968 758 5025 inter
774 4969 889 5025 alia
907 4988 1031 5043 quas
1056 4973 1452 5044 praetermisit,
1474 4979 1530 5030 et
1548 4974 1653 5031 hoc
1677 4976 1998 5047 praetermi-

379 5054 520 5123 serit,
552 5074 685 5114 cum
716 5058 775 5113 in
808 5058 922 5115 alia
952 5061 1261 5117 scribenda
1290 5068 1445 5118 esset
1485 5063 1765 5120 intentus.
1800 5065 1999 5121 Nonne

378 5139 735 5218 Evangelium
760 5165 934 5204 suum
958 5150 1038 5204 ita
1067 5150 1192 5222 ipse
1223 5151 1525 5219 conclusit,
1550 5153 1773 5221 dicens,
1804 5155 1867 5209 Et
1887 5155 2001 5210 alia

377 5234 585 5302 quidem
607 5238 783 5293 multa
799 5241 926 5310 fecit
946 5244 1122 5296 Jesus.
1146 5258 1266 5311 qua:
1282 5241 1334 5296 si
1360 5242 1734 5297 scriberentur
1752 5244 1995 5313 singula,

377 5336 463 5376 nec
476 5325 649 5395 ipsum
674 5329 933 5383 existimo
953 5345 1145 5400 capere
1160 5330 1425 5385 mundum
1438 5332 1531 5401 qui
1549 5332 1917 5387 scriberentur
1936 5334 2000 5388 li-

381 5406 487 5465 bros
507 5414 675 5483 (Joan.
702 5434 817 5482 ιιι,
838 5419 972 5490 25)?
994 5418 1097 5474 Hic
1130 5419 1330 5492 utique
1368 5420 1590 5474 ostndit
1628 5436 1689 5475 se
1719 5421 1997 5477 scientem

380 5500 547 5559 multa
566 5508 1140 5577 praetermisisse.Sed
1160 5509 1207 5564 si
1230 5510 1300 5564 de
1323 5510 1470 5581 Lege
1491 5514 1547 5563 et
1576 5509 1877 5582 Prophetis
1899 5528 2000 5567 vos

437 5678 452 5751 ξ
486 5682 610 5751 “boy,
635 5697 694 5733 ex
726 5686 957 5751 Belgicis,
974 5688 1180 5751 aliquot
1202 5690 1348 5751 Mss.
1374 5702 1438 5737 ne
1466 5686 1830 5751 adimpletione
1860 5693 1967 5741 tua.

432 5740 452 5776 ³
480 5744 701 5804 Quidam
731 5740 891 5800 Mei:
928 5749 968 5801 0
999 5740 1346 5803 miserabilem
1369 5740 1663 5801 insaniam!

3641 402 3759 465 342

2122 530 2369 588 delectat
2392 534 2634 591 Joannis
2660 536 3206 603 auctoritas,Joanni
3227 537 3442 593 credite
3461 538 3756 594 attestanti

2121 620 2252 692 Legi
2289 628 2343 676 et
2377 624 2696 694 Prophetis.
2732 630 2859 695 Ipse
2891 626 3125 696 scripsit
3146 627 3299 697 quod
3338 626 3514 682 Isaias
3548 627 3759 681 viderit

2116 708 2327 764 Christi
2345 711 2587 782 gloriam
2614 714 3084 785 (Joan.x1I,/il).ln
3107 716 3234 785 ejus
3256 715 3482 771 habetis
3507 704 3755 787 Evange-

2115 796 2213 865 lio,
2250 803 2399 855 unde
2420 802 2543 871 jam
2577 802 2748 874 paulo
2781 808 2911 858 ante
2942 804 3351 859 tractavimus:
3376 805 3440 859 5i
3466 806 3755 860 crederetis

2114 888 2302 959 Moysi,
2336 890 2620 946 crederetis
2644 896 2695 947 ct
2718 892 2901 953 mihi;
2930 892 2993 948 de
3023 909 3106 947 me
3165 895 3313 947 cnim
3369 892 3474 949 ille
3530 896 3755 966 scripsit

2114 976 2212 1047 (Id.
2233 994 2288 1045 v,
2314 979 2418 1045 46).
2434 978 2698 1051 Undique
2721 980 3120 1052 tergiversatio
3141 986 3332 1035 vestra
3353 983 3749 1038 contunditur.

2112 1066 2319 1135 Aperte
2342 1067 2514 1121 dicite
2540 1085 2649 1123 non
2671 1086 2771 1124 vos
2790 1068 3247 1123 credereChristi
3265 1070 3570 1140 Evangelia
3594 1088 3750 1127 :nam

2111 1153 2210 1224 qui
2234 1154 2291 1208 in
2324 1156 2620 1227 evangelio
2653 1158 2804 1228 quod
2839 1156 3012 1211 vultis
3044 1158 3301 1223 creditis,
3362 1160 3516 1229 quod
3576 1159 3752 1215 vultis

2111 1259 2225 1297 non
2257 1244 2514 1313 creditis,
2546 1245 2709 1300 vobis
2735 1244 2932 1316 potius
2963 1262 3141 1317 quam
3166 1246 3472 1318 Evangelio
3493 1247 3748 1303 creditis.

2179 1386 2406 1440 CAPUT
2446 1384 2537 1441 IV.
2589 1417 2656 1427 —-
2694 1387 2766 1441 At
2801 1402 2978 1458 quam
3010 1386 3329 1456 elegantem
3365 1404 3485 1444 rem
3520 1389 3632 1445 sibi
3662 1389 3747 1444 vi-

2109 1491 2212 1531 sus
2233 1475 2573 1530 estFaustus
2590 1475 2911 1542 dicere,ubi
2936 1482 3235 1547 propterea
3254 1477 3436 1533 voluit
3456 1496 3567 1535 non
3589 1479 3743 1535 credi

2108 1564 2228 1619 hac
2250 1563 3063 1636 scripsisseMatthaaum,quia
3090 1582 3223 1621 cum
3244 1567 3312 1622 de
3333 1584 3441 1623 sua
3469 1569 3748 1627 electione

2110 1652 2345 1721 diceret,
2379 1669 2494 1707 non
2525 1652 2626 1721 ait,
2658 1652 2816 1707 Vidit
2847 1670 2955 1717 me,
2987 1661 3037 1709 et
3082 1654 3228 1710 dixit
3277 1656 3440 1718 mihi,
3492 1658 3747 1731 Sequere

2111 1758 2242 1809 me;
2276 1741 2399 1808 sed,
2436 1741 2578 1797 Vidit
2607 1743 2945 1808 Mattha’um,
2971 1751 3023 1798 et
3050 1743 3193 1798 dixit
3240 1746 3310 1810 ei,
3373 1745 3604 1817 Sequere
3660 1765 3749 1805 me

2112 1830 2318 1902 (Matth.
2354 1848 2427 1897 ιι,
2458 1831 2555 1902 9):
2585 1832 2737 1902 quod
2773 1831 2967 1886 nescio
2997 1835 3194 1888 utrum
3227 1833 3296 1888 de
3319 1850 3511 1891 errore
3559 1837 3749 1909 impe-

2112 1919 2256 1975 ritiaa
2290 1919 2517 1988 dixerit,
2550 1937 2625 1974 an
2683 1920 2752 1975 de
2785 1936 2943 1975 more
2975 1920 3234 1977 fallacias.
3268 1922 3377 1978 Sed
3410 1941 3523 1980 non
3565 1943 3749 1998 usque

2113 2008 2256 2062 adeo
2272 2006 2608 2079 imperitum
2631 2008 3047 2080 putaverim,ut
3069 2026 3172 2065 nec
3193 2009 3529 2083 legerit,nec
3551 2015 3749 2072 audie-

2113 2094 2206 2166 rit,
2239 2094 2422 2152 solere
2452 2097 2763 2168 scriptores
2795 2112 2987 2153 rerum
3007 2102 3325 2172 gestarum,
3345 2118 3474 2156 cum
3500 2102 3559 2157 in
3583 2121 3751 2160 suam

2113 2202 2422 2257 personam
2452 2185 2733 2251 venerint,
2767 2185 2849 2241 ita
2879 2203 2940 2242 se
2970 2191 3292 2260 contexere,
3351 2195 3629 2263 tanquam
3682 2194 3750 2248 dc

2113 2274 2226 2330 alio
2259 2279 2516 2341 narrent,
2548 2276 2700 2345 quod
2735 2276 2804 2330 de
2836 2292 2898 2330 se
2929 2281 3187 2333 narrant.
3222 2277 3406 2351 Magis
3437 2297 3572 2353 ergo
3597 2282 3751 2337 hunc

2115 2363 2369 2419 arbitror
2392 2380 2506 2419 non
2522 2369 2585 2418 ut
2611 2364 3076 2436 imperitum,sed
3092 2372 3157 2421 ut
3176 2368 3462 2439 imperitis
3477 2372 3748 2427 nebulam

2113 2453 2417 2508 ostendere
2446 2452 3057 2525 voluisse,sperantem
3092 2473 3153 2511 se
3184 2456 3378 2528 plures
3407 2476 3534 2515 esse
3550 2465 3752 2532 captu-

2116 2557 2268 2608 rum,
2294 2540 2393 2611 qui
2420 2541 2530 2623 ista
2550 2558 2663 2596 non
2692 2550 2946 2597 nossent.
2976 2546 3039 2595 Et
3059 2543 3116 2597 in
3143 2543 3383 2600 historia
3403 2546 3636 2617 quidem
3662 2564 3751 2603 re-

2116 2646 2244 2684 rum
2262 2628 2625 2685 saecularium
2649 2629 2782 2685 talis
2808 2630 3160 2687 narrationis
3174 2633 3547 2704 reperiuntur
3566 2652 3755 2692 exem-

2115 2717 2246 2790 pla:
2279 2718 2378 2773 sed
2413 2736 2526 2774 non
2558 2736 2705 2791 opus
2733 2724 2818 2775 est
2855 2725 2918 2775 ut
2947 2737 3015 2775 ex
3044 2719 3157 2775 alio
3187 2737 3396 2794 genere
3430 2722 3751 2780 litterarum

2113 2806 2202 2861 vel
2222 2812 2453 2863 nostros
2478 2808 2843 2874 admoneam,
2860 2808 2945 2865 vel
2969 2808 3149 2865 istum
3171 2809 3584 2883 refellam.Ipse
3601 2819 3754 2869 certe

2117 2895 2292 2967 paulo
2323 2900 2458 2952 ante
2486 2897 2557 2953 de
2588 2895 2751 2952 libris
2782 2897 2962 2970 Moysi
2997 2898 3264 2970 quaedam
3295 2900 3631 2957 testimonia
3674 2902 3755 2959 ita

2116 2985 2464 3057 proferebat,
2491 2990 2556 3040 ut
2579 3002 2693 3041 non
2717 3002 2784 3042 ea
2808 2992 3045 3059 negaret
3065 2987 3753 3062 scripsisseMoysen,imo

2116 3078 2173 3130 et
2194 3074 2639 3141 afﬁrmaret,sed
2668 3076 2737 3130 ad
2761 3074 3054 3131 Christum
3075 3093 3189 3132 non
3215 3077 3501 3149 pertinere
3523 3084 3758 3135 conten-

2117 3164 2296 3219 deret.
2322 3167 2497 3235 Legat
2518 3180 2653 3236 ergo
2677 3164 2734 3219 in
2756 3164 2976 3220 eisdem
2996 3164 3183 3229 libris,
3201 3182 3328 3236 qua:
3342 3167 3411 3221 de
3433 3184 3495 3221 se
3524 3168 3757 3238 scripsit

2117 3252 2363 3325 Moyses,
2388 3258 2588 3308 utrum
2612 3253 2688 3307 ita
2709 3252 3029 3325 scripserit,
3053 3253 3199 3321 Dixi,
3222 3259 3340 3321 aut,
3375 3255 3502 3309 Feci
3533 3257 3641 3311 hoc
3670 3256 3754 3312 vel

2116 3341 2293 3410 illud;
2327 3347 2384 3397 et
2414 3358 2527 3398 non
2557 3342 2774 3413 potius,
2809 3344 2973 3398 Dixit
3000 3342 3199 3413 Moyses
3230 3343 3434 3414 (Exod.
3460 3361 3546 3410 III,
3577 3345 3653 3412 3),
3678 3348 3752 3409 et,

2117 3433 2269 3487 Fecit
2299 3430 2502 3503 Moyses
2531 3431 2630 3504 (Id.
2665 3448 2764 3499 vn,
2795 3432 2851 3501 6)
2885 3448 2897 3486 :
2932 3435 3054 3498 aut,
3080 3431 3317 3487 Vocavit
3338 3448 3429 3487 me
3448 3432 3754 3499 Dominus,

2116 3520 2225 3586 vel,
2258 3520 2415 3576 Dixit
2444 3520 2513 3574 ad
2547 3536 2640 3575 me
2670 3520 2994 3588 Dominus;
3026 3524 3083 3576 et
3111 3537 3223 3576 non
3258 3519 3472 3592 potius,
3527 3522 3758 3577 Vocavit

2117 3611 2380 3665 Dominus
2409 3609 2628 3681 Moysen
2660 3610 2854 3679 (Levit.
2887 3626 2927 3673 ι,
2961 3609 3035 3681 1),
3069 3613 3142 3678 et,
3180 3611 3334 3664 Dixit
3371 3611 3634 3666 Dominus
3690 3610 3761 3665 ad

2116 3700 2336 3771 Moysen
2364 3697 2561 3767 (Exod.
2605 3714 2683 3762 ιν,
2716 3699 2837 3768 19):
2872 3701 2928 3753 et
2956 3699 3155 3753 omnia
3180 3699 3459 3754 caeterain
3483 3700 3750 3754 eumdem

2117 3789 2380 3844 modum.
2417 3789 2501 3842 Ita
2530 3802 2666 3859 ergo
2688 3792 2745 3842 et
2762 3787 3069 3842 Mattheus
3085 3787 3155 3842 de
3173 3793 3526 3859 setanquam
3547 3788 3617 3843 de
3643 3788 3757 3843 alio

2117 3876 2377 3949 scripsit:
2412 3876 2564 3949 quod
2599 3881 2653 3930 et
2680 3876 2938 3932 Joannes
2971 3876 3104 3931 fecit
3127 3894 3140 3944 ;
3167 3893 3300 3931 nam
3324 3876 3660 3932 circaﬁnem
3688 3876 3753 3933 li-

2116 3966 2212 4023 bri
2242 3966 2331 4021 sui
2355 3966 2527 4021 etiam
2553 3965 2678 4037 ipse
2696 3965 2779 4020 sic
2804 3964 3024 4036 loquitu
3036 3982 3062 4019 r
3076 3982 3088 4020 :
3100 3966 3604 4021 (TonversusPetrus
3620 3966 3756 4021 vidit

2117 4055 2452 4127 discipulum
2481 4070 2641 4125 quem
2662 4054 2923 4122 diligebat
2939 4055 3110 4120 Iesus,
3144 4056 3240 4125 qui
3266 4063 3319 4109 et
3339 4056 3678 4111 recumbebat
3696 4057 3753 4109 in

2117 4161 2269 4201 cana
2297 4160 2461 4215 super
2476 4148 2667 4215 pectus
2686 4144 2818 4214 ejus,
2840 4150 2892 4197 et
2912 4142 3126 4198 dixerat
3143 4148 3394 4213 Domino,
3421 4144 3552 4211 Quis
3567 4146 3641 4199 est
3661 4147 3759 4215 qui

2116 4238 2168 4289 te
2200 4233 2417 4289 tradet?
2445 4231 2741 4302 Numquid
2775 4235 2832 4285 et
2861 4230 2955 4286 hic
2986 4231 3151 4298 dixit,
3182 4235 3501 4287 Conversus
3554 4232 3755 4287 Petrus

2118 4322 2263 4377 vidit
2282 4337 2373 4375 me
2396 4320 2423 4375 ?
2454 4324 2539 4374 An
2574 4321 2719 4374 torte
2750 4324 3051 4391 propterea
3077 4337 3180 4376 nec
3214 4320 3391 4375 istum
3415 4324 3619 4393 putant
3646 4321 3755 4376 hoc

2119 4408 2494 4482 Evangelinin
2529 4407 2881 4480 scripsisse?
2910 4409 3019 4464 Sed
3055 4408 3225 4479 paulo
3257 4413 3389 4481 post
3435 4409 3608 4465 dicit:
3663 4411 3760 4465 Hic

2116 4508 2194 4556 est
2223 4499 2529 4569 discipulus
2542 4502 2635 4569 qui
2665 4498 2987 4569 testiﬁcatur
3012 4498 3076 4554 de
3104 4500 3248 4569 Jesu,
3270 4503 3322 4555 et
3351 4500 3449 4570 qui
3477 4499 3595 4555 hac
3621 4502 3759 4554 scri-

2117 4591 2225 4662 psit
2245 4605 2265 4651 ;
2288 4592 2337 4643 et
2368 4589 2567 4642 scimus
2588 4589 2719 4657 quia
2738 4603 2927 4642 verum
2951 4590 3030 4643 est
3052 4588 3417 4643 testimonium
3433 4590 3553 4660 ejus
3576 4589 3751 4659 (Joan.

2116 4695 2232 4748 xxn,
2264 4678 2354 4746 20,
2384 4676 2497 4746 24),
2530 4675 2824 4746 Numquid
2859 4676 2958 4745 ait,
2992 4676 3109 4748 Ego
3141 4693 3270 4732 sum
3299 4677 3623 4749 discipulus
3655 4676 3752 4747 qui

2118 4766 2403 4822 testiﬁcor
2418 4765 2489 4819 de
2514 4767 2676 4831 Jesu,
2692 4768 2749 4819 et
2766 4764 2863 4836 qui
2888 4764 3008 4819 haec
3032 4765 3273 4837 scripsi;
3297 4772 3353 4822 et
3374 4766 3594 4821 scimus
3616 4765 3755 4837 quia

2117 4871 2316 4911 verum
2339 4858 2427 4908 est
2442 4852 2845 4909 testimonium
2866 4870 3059 4908 meum
3072 4853 3263 4910 ‘ICerte
3278 4855 3649 4910 manifestum
3668 4858 3757 4909 est
3852 4910 3855 4913 _

2120 4943 2272 4999 hunc
2293 4958 2511 4997 morem
2535 4941 2716 4997 fuisse
2728 4941 3076 5013 scriptorum
3089 4959 3241 5009 ,cum
3256 4948 3419 5015 gesta
3432 4948 3751 4998 narrarent.

2120 5033 2303 5097 Quam
2333 5029 2517 5085 multa
2540 5034 2597 5085 et
2616 5030 2739 5101 ipse
2760 5030 3045 5086 Dominus
3067 5031 3265 5086 eadem
3282 5030 3571 5087 locutione
3597 5030 3668 5084 de
3695 5047 3755 5085 sc

2122 5120 2279 5191 dicit,
2306 5120 2438 5191 quis
2459 5135 2801 5174 enumerare
2818 5119 3074 5175 sufﬁciat
3094 5120 3123 5174 ?
3149 5119 3283 5175 Cum
3299 5121 3522 5185 venerit,
3541 5118 3754 5189 inquit,

2118 5210 2301 5266 Filius
2325 5210 2585 5273 hominis,
2612 5216 2795 5280 putas,
2828 5210 3069 5263 inveniet
3097 5209 3259 5279 ﬁdem
3287 5211 3346 5264 in
3402 5217 3551 5263 terra
3609 5209 3753 5275 (Luc.

2118 5315 2277 5368 xvm,
2300 5299 2357 5367 8)
2375 5297 2404 5352 ‘I
2429 5314 2542 5353 non
2566 5297 2731 5364 dixit,
2752 5296 2894 5353 Cum
2917 5314 3145 5363 venero,
3188 5303 3381 5368 putas,
3416 5297 3707 5352 inveniam
3732 5295 3760 5353 Ἰ

2120 5388 2209 5457 Et,
2236 5388 2388 5442 Venit
2420 5388 2593 5442 Filius
2624 5387 2861 5441 hominis
2888 5386 3229 5440 manducans
3259 5395 3311 5440 et
3330 5386 3512 5441 bibens
3541 5386 3755 5457 (Matth.

2120 5493 2198 5541 x1,
2226 5476 2346 5549 19):
2372 5492 2486 5531 non
2509 5476 2673 5540 dixit,
2698 5472 2862 5529 Veni.
2886 5475 2973 5542 Et,
3004 5474 3191 5530 Veniet
3221 5474 3382 5542 hora,
3410 5479 3624 5531 etnunc
3656 5482 3755 5543 est,

2121 5582 2245 5623 cum
2272 5566 2482 5621 mortui
2511 5564 2742 5621 audient
2761 5578 2947 5619 vocem
2966 5564 3103 5620 Filii
3118 5564 3214 5621 Dei
3231 5580 3253 5627 ,'
3280 5567 3329 5619 et
3346 5566 3443 5636 qui
3460 5564 3757 5629 audierint,

2122 5656 2302 5711 vivent
2332 5654 2507 5725 (Joan.
2541 5670 2593 5722 v,
2626 5652 2755 5723 25):
2800 5668 2911 5706 non
2945 5652 3108 5718 dixit,
3170 5653 3378 5709 Vocem
3443 5669 3627 5709 meam
3656 5671 3668 5707 :
3706 5658 3761 5706 rt

2126 5743 2310 5801 multa
2330 5740 2690 5815 hujusmodi.
2702 5739 2861 5797 Unde
2874 5740 2999 5812 jam
3026 5746 3166 5816 puto
3181 5744 3449 5801 sufﬁcere
3464 5758 3590 5814 quas
3605 5742 3758 5797 dicta
