4462 6444
815 369 933 429 343

809 501 970 565 sunt,
1004 500 1060 552 et
1088 496 1160 551 ad
1192 493 1485 551 studiosos
1517 496 1995 561 commonendos,
2035 498 2091 549 et
2122 493 2191 547 ad
2225 490 2445 547 calum-

810 586 1010 642 niosos
1042 584 1488 640 convincendos.

881 673 1109 731 CAPUT
1137 672 1204 727 V.
1237 704 1304 713 ——
1338 672 1468 728 Jam
1494 672 1636 728 illud
1661 688 1838 744 quam
1862 672 1938 728 sit
1962 672 2285 739 inﬁrmum,
2320 669 2450 738 quis

811 781 925 820 non
946 763 1121 830 videt,
1148 762 1296 834 quod
1330 762 1432 829 ait,
1468 779 1579 817 non
1604 779 1737 817 eum
1761 761 1949 816 dicere
1965 760 2244 833 potuisse,
2274 759 2451 813 Nolite

805 857 1003 926 putare
1022 854 1153 923 quia
1176 852 1299 906 veni
1313 852 1522 907 solvere
1533 854 1726 919 Legem
1746 855 1842 905 aut
1864 850 2166 921 Prolihetas
2186 864 2313 915 ;non
2328 847 2453 901 veni

809 944 1037 1008 solvere,
1062 941 1156 996 sed
1171 941 1502 1011 adimplere:
1538 940 1650 995 nisi
1683 939 1901 1010 aliquid
1928 938 2171 1009 talejam
2200 938 2450 1001 fecisset,

814 1036 881 1086 ut
912 1031 967 1084 in
984 1030 1134 1085 hanc
1147 1029 1539 1100 suspicionem
1562 1033 1759 1100 posset
1779 1027 2013 1083 venire?
2035 1026 2209 1089 Quasi
2234 1041 2339 1079 nos
2361 1039 2455 1078 ne-

812 1120 1235 1192 gemusJudaais
1248 1136 1355 1174 non
1372 1116 2016 1189 intelligentibusvideri
2034 1116 2290 1187 potuisse
2302 1112 2457 1168 Chri-

815 1215 974 1266 stum
1008 1210 1429 1264 destructorem
1466 1206 1631 1279 Legis
1660 1212 1717 1261 et
1746 1204 2314 1277 Prophetarum:sed
2346 1202 2455 1258 hoc

817 1300 1015 1373 ipsum
1050 1303 1138 1353 est
1169 1314 1273 1352 cur
1302 1296 1399 1352 ille
1431 1313 1600 1351 verax
1630 1301 1686 1350 et
1713 1295 1925 1350 veritas
1948 1311 2062 1349 non
2095 1292 2348 1365 potuerit
2384 1293 2456 1347 de

817 1388 930 1444 alia
962 1388 1109 1459 Lege
1135 1392 1191 1441 et
1221 1388 1289 1441 de
1319 1384 1447 1440 aliis
1474 1383 1777 1456 Prophetis
1804 1384 2014 1449 dicere,
2039 1383 2192 1455 quod
2220 1399 2318 1437 eos
2340 1399 2454 1438 non

816 1476 1082 1542 solveret,
1118 1474 1229 1530 nisi
1262 1473 1332 1529 de
1362 1474 1435 1528 iis
1467 1489 1612 1544 quos
1643 1472 1722 1527 illi
1757 1490 1891 1527 eum
1924 1471 2146 1528 solvere
2192 1472 2455 1542 suspica-

816 1566 1048 1621 bantur.
1085 1563 1245 1630 Quod
1280 1562 1414 1617 hinc
1438 1562 1613 1617 etiam
1639 1561 1780 1616 satis
1805 1560 2352 1632 conﬁrmatur,quia
2376 1560 2455 1615 ibi

815 1654 1097 1724 sequitur,
1113 1657 1167 1707 et
1187 1650 1358 1707 dicit:
1386 1652 1737 1716 Amen,amen
1759 1650 1876 1705 dico
1896 1651 2063 1716 vobis,
2089 1650 2259 1705 donec
2277 1658 2457 1704 trans-

816 1748 910 1799 eat
924 1743 1114 1798 caelum
1134 1744 1185 1797 et
1207 1743 1496 1803 terra,iota
1516 1744 1813 1802 unum,aut
1831 1756 1972 1794 unus
1992 1756 2133 1811 apex
2146 1755 2255 1795 non
2278 1748 2460 1794 trans-

818 1833 889 1888 iet
917 1832 983 1886 de
1009 1834 1165 1901 Lege,
1188 1830 1356 1885 donec
1373 1830 1557 1885 omnia
1577 1830 1731 1898 ﬁant.
1767 1830 2100 1901 Quicumque
2130 1845 2256 1897 ergo
2284 1829 2458 1883 solve—

822 1922 897 1977 rit
926 1937 1099 1975 unum
1119 1936 1188 1974 ea:
1206 1919 1483 1973 mandatis
1509 1919 1631 1972 istis
1651 1919 1920 1985 minimis,
1940 1926 1992 1972 et
2010 1917 2255 1973 docuerit
2270 1919 2351 1972 sic
2375 1916 2465 1972 ho-

820 2010 1282 2079 mines,minimus
1303 2008 1581 2062 vocabitur
1592 2007 1649 2061 in
1666 2023 1830 2075 regno
1845 2008 2103 2063 castorum
2116 2008 2464 2079 :quicumque

820 2107 1002 2155 autem
1020 2099 1234 2169 fecerit,
1266 2100 1318 2153 et
1342 2098 1420 2151 sic
1434 2096 1701 2163 docuerit,
1725 2096 1817 2151 hic
1834 2113 2068 2167 magnus
2092 2097 2367 2152 vocabitur
2401 2105 2460 2152 tn

820 2203 985 2259 regno
1016 2186 1295 2242 caelorum.
1331 2185 1652 2241 Pharisaaos
1684 2185 1839 2242 enim
1870 2184 2179 2257 cogitabat,
2204 2185 2468 2241 cumista

819 2275 1163 2347 diceret,qui
1184 2274 1485 2330 solvebant
1507 2274 1711 2345 Legem
1736 2274 1925 2342 factis,
1960 2275 2313 2330 etdocebant
2342 2291 2464 2330 ver-

816 2367 929 2421 bis.
967 2370 1041 2419 De
1074 2364 1291 2436 quibus
1323 2362 1436 2419 alio
1471 2364 1592 2419 loco
1623 2363 1795 2418 dicit:
1830 2364 1956 2431 Quae
1987 2364 2197 2431 dicunt,
2256 2366 2463 2435 facite;

815 2470 942 2528 qua:
968 2459 1151 2509 autem
1172 2455 1406 2525 faciunt,
1435 2456 1619 2523 facere
1637 2453 1836 2508 nolite:
1866 2453 2055 2508 dicunt
2083 2454 2250 2518 enim,
2283 2462 2333 2508 ιι
2356 2469 2467 2508 non

816 2545 1037 2619 faciunt
1068 2542 1278 2613 (Matth.
1304 2558 1465 2607 xxm,
1499 2542 1572 2603 3).
1608 2542 1913 2613 Propterea
1947 2547 2003 2595 et
2033 2541 2127 2596 hic
2176 2542 2255 2596 ita
2278 2542 2466 2613 sequi-

820 2638 953 2689 tur:
988 2634 1117 2687 Dico
1148 2634 1297 2687 enim
1334 2632 1501 2700 vobis,
1534 2632 1648 2686 nisi
1675 2630 2041 2687 abundaverit
2053 2632 2277 2703 justitia
2296 2635 2469 2685 vestra

814 2723 942 2796 plus
974 2739 1143 2793 quam
1171 2720 1491 2777 Scribarum
1520 2727 1573 2775 et
1600 2720 2035 2784 Pharisaeorum,
2056 2736 2171 2774 non
2184 2721 2470 2776 intrabilis

821 2813 883 2867 in
912 2828 1145 2883 regnum
1173 2810 1433 2865 caelorum
1482 2808 1581 2881 (Id.
1622 2826 1676 2873 v,
1711 2810 1935 2880 17-20):
1972 2809 2028 2864 id
2061 2813 2168 2874 est,
2204 2808 2318 2865 nisi
2366 2826 2469 2865 vos

823 2900 1080 2957 feceritis
1102 2904 1159 2956 et
1182 2901 1261 2955 ita
1283 2898 1621 2963 docueritis,
1645 2899 1797 2969 quod
1821 2897 1905 2953 illi
1932 2914 2045 2955 non
2068 2898 2288 2953 faciunt
2309 2903 2365 2953 et
2386 2898 2469 2953 sic

827 2990 1055 3057 docent,
1090 3006 1203 3043 non
1235 2986 1534 3043 intrabitis
1564 2987 1621 3042 in
1655 3003 1899 3059 regnum
1934 2986 2230 3042 cmlorum.
2286 2987 2469 3051 Quam

825 3095 965 3150 ergo
1001 3078 1210 3151 Legem
1244 3077 1529 3133 docebant
1568 3075 1841 3131 Pharisaei
1891 3079 1948 3130 et
1995 3092 2109 3131 non
2163 3076 2467 3142 faciebant,

826 3165 1015 3240 ipsam
1040 3165 1452 3221 dicitChristus
1469 3182 1581 3220 non
1605 3180 1666 3220 se
1683 3163 1908 3219 venisse
1925 3162 2269 3236 solvere,sed
2288 3165 2470 3220 adim-

826 3256 983 3328 plere
1005 3272 1017 3311 :
1043 3255 1181 3327 quia
1196 3254 1323 3327 ipsa
1346 3252 1597 3326 pertinet
1616 3254 1688 3309 ad
1707 3253 2045 3309 cathedram
2064 3253 2330 3327 Moysi,in
2354 3272 2471 3328 qua

1590 365 1907 426 CONTRA
1950 361 2321 425 FAUSTUM
2373 359 2894 435 MANICIL‘EUM,
2942 364 3008 425 S.
3054 363 3477 427 AUGUSTINI

4106 366 4223 426 δυ

2577 491 2845 548 sedentes
2880 493 3173 562 Pharisaei,
3206 499 3264 551 et
3294 495 3551 552 dicentes
3597 512 3701 552 nec
3756 494 4064 563 facientes,
4123 513 4224 552 au-

2579 580 2771 635 diendi
2809 589 2967 645 sunt,
2999 602 3108 639 non
3146 585 3433 640 imitandi.

2651 670 2882 727 CAPUT
2909 673 2994 728 VI.
3018 674 3217 728 —Nec
3255 674 3527 746 intelligit
3555 675 3826 741 Faustus,
3853 679 3958 730 aut
3990 675 4139 730 forte
4170 693 4229 731 se

2579 758 2747 830 fingit
2784 778 2895 815 non
2927 761 3270 835 intelligere,
3293 765 3431 835 quid
3458 764 3530 818 sit
3552 763 3794 835 implere
3817 766 4029 836 Legem
4059 782 4227 831 ;cum

2580 846 2688 903 hoc
2710 849 2779 903 de
2802 852 3105 906 verborum
3130 852 3451 921 adjectione
3476 858 3641 923 putat
3654 852 4236 925 accipiendum,quia

2581 938 2865 1008 scriptum
2893 945 2999 1005 est,
3027 958 3097 995 ne
3124 940 3261 1012 quid
3289 942 3539 995 addatur
3559 942 3868 1012 Scriptura
3894 941 4116 1008 Dei,vel
4136 944 4233 998 de-

2581 1026 2850 1081 trahatur
2879 1029 3053 1098 (Deut.
3088 1046 3187 1097 xn,
3220 1030 3346 1101 32):
3384 1031 3537 1085 unde
3579 1031 3723 1085 dicit
3781 1048 3894 1086 non
3954 1032 4238 1086 debuisse

2582 1115 2910 1187 adimpleri,
2946 1118 3101 1189 quod
3131 1117 3211 1172 ita
3266 1119 3581 1189 perfectum
3649 1121 4124 1187 commendatur,
4176 1126 4239 1174 ut

2583 1203 2728 1259 nihil
2758 1205 3093 1263 addendum
3127 1206 3632 1278 minuendumque
3661 1207 3753 1263 sit.
3790 1209 4080 1263 Nesciunt
4100 1226 4238 1281 ergo

2584 1292 2680 1347 isti
2714 1296 3005 1365 quomodo
3035 1296 3352 1367 adimpleat
3385 1297 3616 1367 Legem,
3643 1296 3741 1367 qui
3764 1296 3847 1351 sic
3866 1297 4008 1351 vivit
4030 1302 4099 1352 ut
4127 1298 4243 1353 Lex

2586 1384 2876 1455 praecepit.
2908 1385 3195 1440 Plenitudo
3222 1386 3377 1440 enim
3401 1386 3559 1453 Legis
3585 1385 3857 1454 charitas,
3904 1387 4061 1441 sicut
4091 1386 4243 1441 dicit

2586 1472 2899 1542 Apostolus
2921 1474 3093 1544 (Rom.
3119 1491 3242 1539 xm,
3270 1473 3560 1545 tO).Istam
3587 1474 3931 1529 charitatem
3945 1475 4243 1531 Dominus

2586 1567 2644 1616 et
2662 1561 2932 1618 exhibere
2962 1568 3018 1617 et
3046 1563 3262 1618 donare
3292 1564 3567 1634 dignatus
3588 1569 3695 1630 est,
3732 1565 4020 1620 mittendo
4052 1564 4241 1620 ﬁdeli-
4350 1580 4359 1631 ξ

2589 1649 2698 1704 bus
2713 1650 3121 1721 suisSpiritum
3147 1650 3751 1707 sanctum.Undcitem
3768 1653 3911 1707 dicit
3930 1653 4085 1708 idem
4104 1670 4244 1725 apo-

2590 1738 2775 1795 stolus
2800 1758 2812 1795 :
2840 1740 3093 1795 Charitas
3114 1741 3211 1795 Dei
3229 1741 3446 1813 diffusa
3474 1749 3550 1795 est
3574 1742 3631 1795 in
3656 1741 3909 1797 cordibus
3924 1743 4136 1799 nostris
4147 1759 4247 1814 per

2591 1829 2865 1900 Spiritum
2898 1838 3145 1884 sanctum
3175 1831 3271 1901 qui
3299 1829 3458 1885 datus
3486 1834 3564 1885 est
3593 1832 3751 1886 nobis
3809 1832 3910 1895 (Id.
3954 1848 4008 1899 v,
4040 1832 4122 1902 5).
4185 1833 4256 1887 Et

2591 1918 2716 1989 ipse
2744 1918 3021 1973 Dominus
3047 1936 3059 1972 :
3093 1920 3155 1974 In
3176 1919 3272 1975 hoc
3290 1922 3663 1975 scientomnes
3680 1922 3812 1991 quia
3843 1921 4118 1992 discipuli
4144 1922 4258 1976 mei

2590 2010 2741 2076 estis,
2762 2010 2814 2062 si
2836 2023 2926 2062 vos
2949 2009 3179 2062 invicem
3204 2008 3451 2079 diligatis
3472 2010 3647 2076 (Juan.
3666 2026 3791 2072 xm,
3815 2011 3927 2080 35).
3957 2009 4252 2082 Impletur

2592 2113 2728 2168 ergo
2756 2103 2881 2162 Lex,
2914 2096 3000 2152 vel
3026 2113 3155 2151 cum
3182 2098 3324 2152 fiunt
3348 2097 3571 2169 quaaibi
3622 2103 3909 2169 praecepta
3956 2104 4120 2169 sunt,
4156 2097 4255 2154 vel

2593 2203 2726 2242 cum
2754 2186 3102 2241 exhibentur
3130 2202 3259 2257 quae
3283 2186 3359 2241 ibi
3392 2186 3738 2258 prophetata
3756 2191 3911 2241 sunt.
3944 2187 4058 2243 Lex
4087 2188 4254 2243 enim

2594 2292 2696 2348 per
2713 2279 2941 2347 Moysen
2963 2276 3097 2330 data
3119 2274 3421 2347 est,gratia
3439 2279 3493 2329 et
3517 2276 3729 2330 veritas
3747 2291 3850 2347 per
3862 2276 4064 2331 Jesum
4080 2275 4256 2330 Chri-

2594 2369 2750 2421 stum
2779 2366 2930 2419 facta
2952 2369 3041 2418 est
3060 2364 3162 2431 (Id.
3195 2364 3371 2435 1,47).
3400 2366 3529 2435 Ipsa
3552 2368 3662 2419 Lex
3678 2380 3811 2420 cum
3860 2364 4101 2435 impleta
4139 2370 4253 2432 est,

2594 2454 2783 2525 gratia
2798 2458 2855 2509 et
2877 2453 3085 2509 veritas
3108 2454 3375 2509 tactaest.
3406 2454 3604 2508 Gratia
3628 2453 3874 2525 pertinet
3896 2454 3967 2508 ad
3990 2453 4254 2509 charita~

2594 2544 2671 2598 tis
2698 2542 3149 2614 plenitudinem,
3183 2542 3393 2597 veritas
3426 2543 3496 2596 ad
3545 2541 3983 2614 pr0phetiarum
4032 2541 4254 2614 imple-

2595 2633 2833 2687 tionem.
2867 2631 2934 2686 Et
2967 2633 3109 2702 quia
3138 2635 3454 2702 utrumque
3479 2647 3579 2701 per
3607 2630 3928 2701 Christum,
3961 2630 4095 2686 ideo
4130 2648 4251 2687 non

2594 2721 2751 2776 venit
2780 2720 3001 2775 solvere
3026 2721 3233 2793 Legem
3268 2727 3369 2776 aut
3399 2721 3740 2792 PrOpbetas,
3762 2720 3858 2775 sed
3883 2719 4212 2791 adimplere
4238 2737 4251 2774 :

2598 2827 2712 2865 non
2746 2814 2809 2864 ut
2841 2809 2975 2881 Legi
3007 2810 3359 2864 adderentur
3390 2826 3517 2881 quas
3552 2810 3811 2877 deerant,
3836 2809 3937 2863 sed
3960 2814 4022 2863 ut
4046 2808 4259 2865 fierent

2599 2916 2726 2969 qum
2758 2898 2976 2970 scripta
3004 2903 3206 2953 erant:
3241 2899 3393 2969 quod
3428 2898 3556 2969 ipsa
3586 2898 3714 2967 ejus
3736 2897 3910 2953 verba
3934 2902 4253 2953 testantur.

2598 2986 2721 3043 Non
2752 2987 2907 3042 enim
2940 2987 3040 3054 ait,
3074 2988 3183 3041 Iota
3214 3004 3406 3053 unum,
3439 2991 3535 3041 aut
3562 3002 3705 3041 unus
3734 3003 3885 3058 apex
3930 3003 4041 3042 non
4074 2993 4251 3042 tran-

2596 3077 2754 3132 sieta
2790 3081 2943 3144 Lege,
2968 3077 3151 3131 donec
3183 3076 3475 3131 addantur
3499 3092 3623 3147 quae
3659 3076 3905 3145 desunt;
3931 3077 4061 3145 sed,
4090 3076 4261 3133 donec

2600 3168 2785 3223 omnia
2812 3167 2968 3237 ﬁant.

1685 3460 2060 3555 LIBER
2141 3461 2698 3557 DECIMUS
2785 3460 3387 3557 OCTAVUS.

900 3774 1141 3829 CAPUT
1166 3773 1468 3829 PRIMUM.
1495 3805 1554 3814 —
1582 3774 1843 3829 Faus'rvs
1865 3773 2048 3830 dixit:
2083 3777 2198 3831 Non
2224 3776 2353 3830 veni
2375 3779 2473 3830 Le-

829 3879 951 3932 gem
980 3864 1205 3931 solvere,
1238 3862 1327 3918 sed
1359 3864 1667 3934 adimplere
1699 3861 1905 3929 (Matth.
1930 3880 1984 3927 ν,
2021 3863 2127 3934 17).
2161 3863 2271 3918 Sed
2317 3863 2473 3918 enim

826 3952 958 4015 hoc,
982 3950 1094 4005 nisi
1120 3949 1277 4005 aliud
1302 3951 1446 4005 forte
1472 3950 1784 4023 significat,
1810 3967 1843 4005 a
1862 3950 2086 4006 Christo
2103 3951 2325 4006 dictum
2349 3967 2475 4006 cre—

826 4042 984 4105 dere,
1019 4056 1131 4094 non
1167 4040 1363 4094 minus
1393 4040 1493 4093 tibi
1536 4040 1892 4095 contrarium
1924 4039 2074 4095 scias
2117 4056 2265 4109 esse,
2297 4056 2474 4112 quam

828 4128 1254 4202 mihi.Uterque
1275 4129 1427 4184 enim
1458 4134 1721 4184 nostrum
1743 4129 1852 4183 sub
1873 4128 1981 4183 hac
1998 4128 2269 4199 opinione
2289 4128 2473 4184 chris-

824 4219 1021 4273 tianus
1042 4222 1152 4285 est,
1179 4218 1315 4287 quia
1337 4217 1637 4273 Christum
1662 4219 1719 4272 in
1746 4217 2201 4273 destructionem
2222 4218 2391 4290 Legis
2412 4235 2477 4273 ac

829 4307 1249 4378 Prophetarum
1283 4307 1510 4362 venisse
1542 4308 1893 4378 putavimus.
1928 4307 2087 4373 Quod
2121 4307 2167 4362 si
2196 4312 2255 4361 tu
2301 4307 2475 4362 verbo

828 4396 1062 4451 interim
1089 4396 1253 4451 fateri
1277 4414 1389 4451 non
1414 4396 1523 4464 vis,
1558 4400 1814 4451 attamen
1850 4397 1906 4451 id
1938 4396 2473 4468 operibusindicas.

829 4485 969 4542 Inde
1001 4484 1156 4540 enim
1180 4490 1269 4541 est
1290 4487 1443 4556 quod
1468 4486 1635 4557 Legis
1659 4502 1723 4541 ac
1745 4484 2167 4558 Prophetarum
2191 4488 2478 4557 praecepta

831 4579 889 4629 et
919 4574 1044 4646 ipse
1061 4573 1388 4629 contemnis
1412 4590 1424 4628 :
1448 4574 1579 4629 inde
1602 4576 1754 4645 quod
1782 4574 2005 4629 Novum
2036 4578 2473 4630 Testamentum

830 4664 1033 4720 Jesum
1063 4664 1399 4719 condidisse
1422 4664 1655 4734 utrique
1677 4664 1963 4721 fatemur:
1997 4680 2110 4735 quo
2131 4664 2268 4735 quid
2292 4663 2474 4729 aliud,

832 4769 1008 4824 quam
1042 4752 1501 4807 destructionem
1536 4753 1786 4807 fatemur
1817 4752 2035 4808 Veteris
2073 4752 2479 4807 Testamenti?

831 4843 963 4906 Quae
996 4858 1129 4897 cum
1166 4842 1245 4896 ita
1275 4840 1418 4907 sint,
1450 4841 1742 4912 quomodo
1764 4840 2061 4896 Christum
2092 4840 2236 4895 illud
2260 4841 2476 4897 dixisse

833 4928 1425 4996 crcdemus,nisiante
1446 4929 1835 5002 nosmetipsos
1848 4930 2198 4986 damnemus
2210 4932 2399 4986 stultae
2415 4929 2474 4984 in

830 5020 1189 5093 praeteritum
1225 5018 1539 5089 Opinionis,
1573 5021 1629 5073 et
1661 5019 1729 5072 ad
1756 5018 2181 5090 paenitudinem
2210 5035 2475 5074 recurra-

832 5126 990 5179 mus,
1015 5109 1526 5179 obsequamurque
1554 5108 1681 5179 Legi
1707 5108 1777 5162 de
1807 5107 2031 5179 integro
2062 5125 2126 5163 ac
2149 5108 2473 5180 Prophetis,

828 5203 1002 5269 atque
1019 5214 1221 5253 eorum
1245 5196 1996 5268 curemus,qualiacumque
2017 5197 2153 5264 sint,
2170 5198 2477 5253 observare

831 5286 1149 5341 mandata?
1171 5286 1331 5349 Quod
1366 5302 1498 5339 cum
1535 5285 1862 5356 fecerimus,
1894 5290 2034 5341 tunc
2066 5286 2316 5357 denique
2345 5301 2476 5341 vere

832 5374 1256 5430 crediderimus
1275 5374 1487 5429 dixisse
1503 5376 1701 5431 Jesum
1724 5376 1862 5447 quia
1884 5392 1996 5431 non
2019 5375 2242 5430 venerit
2264 5375 2474 5447 Legem

832 5464 1069 5533 solvere,
1102 5465 1202 5519 sed
1246 5462 1582 5535 adimplere.
1630 5465 1795 5520 Nunc
1852 5469 2045 5520 autem
2093 5463 2306 5519 falsum
2365 5469 2472 5531 est,

834 5552 972 5624 quia
1002 5568 1104 5607 nec
1128 5559 1186 5606 tu
1229 5551 1280 5606 id
1315 5552 1522 5619 credis,
1560 5553 1630 5608 de
1662 5570 1777 5625 quo
1810 5570 1901 5609 me
1930 5553 2121 5609 solum
2147 5552 2401 5607 incusas.

904 5641 1130 5695 CAPUT
1148 5641 1209 5695 ll.
1227 5643 1404 5696 —Sed
1421 5641 1867 5713 esto,licueritin
1882 5642 2239 5714 praeteritum
2252 5658 2476 5699 errasse

837 5730 981 5796 Quid
1009 5746 1162 5785 nunc
1184 5732 1413 5785 tandem
1432 5730 1459 5784 ?
1482 5730 1747 5787 Placetne
1769 5732 1850 5787 ire
1872 5731 1981 5787 sub
2007 5736 2231 5804 Legem,
2248 5730 2295 5785 si
2345 5748 2472 5788 eam

2604 3773 2869 3831 Christus
2884 3789 2995 3828 non
3012 3776 3129 3828 tam
3148 3775 3164 3809 ¹
3189 3771 3378 3839 solvit,
3403 3773 3501 3828 sed
3518 3771 3858 3844 adimplevit
3873 3772 3902 3827 ‘I
3927 3771 4126 3829 Placet
4144 3774 4257 3830 cir‘

2602 3862 2939 3932 cumcidi,id
2960 3860 3659 3933 est,pudendisinsignire
3674 3861 3970 3933 pudenda,
3992 3866 4050 3916 et
4078 3864 4256 3917 Deum

2603 3954 2833 4007 credere
2864 3950 3247 4006 sacramentis
3277 3951 3493 4005 talibus
3517 3950 3837 4005 delectari?
3854 3950 4047 4022 placet
4069 3952 4257 4007 susci-

2604 4058 2737 4113 pere
2759 4041 3135 4095 sabbatorum
3160 4044 3432 4109 otium,et
3446 4038 3808 4094 Saturniacis
3829 4055 4040 4095 manus
4062 4040 4251 4096 inser-

2606 4135 2726 4185 tare
2744 4129 3007 4185 catenis?
3028 4128 3219 4183 Placet
3240 4129 3313 4183 ad
3340 4128 3654 4199 ingluviem
3677 4128 4020 4183 Judaeorum
4046 4130 4259 4185 daemo-
4356 4146 4357 4161 ξ

2604 4218 2694 4273 nis
2724 4219 2934 4290 (neque
2962 4217 3112 4272 enim
3168 4217 3329 4288 Dei’)
3364 4233 3517 4273 nunc
3548 4226 3762 4285 lauros,
3819 4234 3973 4273 nunc
4019 4219 4255 4285 arietes,

2605 4323 2758 4362 nunc
2789 4307 2965 4361 etiam
2989 4306 3203 4377 hircos,
3229 4311 3292 4361 ut
3312 4323 3422 4360 non
3446 4312 3501 4361 et
3525 4305 3793 4361 homines
3814 4305 4029 4371 dicam,
4048 4306 4258 4363 cultris

2604 4400 2954 4452 sternerezac
2972 4399 3205 4468 prOpter
3232 4396 3384 4467 quod
3414 4394 3566 4450 idola
3588 4412 3796 4451 sumus
3820 4395 4065 4465 exosi,id
4099 4414 4257 4452 nunc

2603 4501 2864 4541 exercere
2897 4484 3190 4540 crudelius
3222 4484 3330 4539 sub
3364 4483 3662 4555 Prophetis
3693 4501 3758 4539 ac
3816 4484 3963 4556 Lege
3984 4483 4012 4540 ?
4059 4485 4258 4541 Placet

2603 4575 2851 4647 denique
2876 4574 3135 4629 feralium
3153 4574 3416 4628 ciborum
3441 4573 3705 4646 quaedam
3729 4573 4069 4628 existimare
4084 4590 4255 4630 mun-

2603 4665 2695 4729 da,
2721 4665 2988 4735 quaedam
3008 4664 3066 4718 in
3090 4663 3414 4718 immundis
3432 4666 3488 4717 et
3510 4660 3917 4716 contaminatis
3942 4661 4256 4734 habere,cx

2603 4752 3289 4824 quibusinquinatiorem
3313 4750 3609 4821 porcinam
3628 4751 3740 4805 Lex
3759 4756 4031 4806 asserunt
4054 4752 4253 4807 etPro-

2604 4841 3071 4914 pheta3?Negabis
3086 4842 3337 4913 profecto
3352 4839 3558 4894 horum
3580 4840 3900 4911 quidquam
3917 4839 4253 4897 faciendum

2604 4931 2771 4985 nobis
2787 4930 3112 4986 volentibus
3128 4944 3498 5001 perseverare
3520 4945 3646 4985 esse
3672 4928 3826 5000 quod
3854 4945 4067 4985 sumus
4083 4948 4255 5003 :quo-

2605 5019 2759 5074 niam
2781 5018 3011 5091 quidem
3038 5018 3329 5073 Christum
3356 5017 3639 5072 dicentem
3659 5017 3884 5083 audias,
3936 5017 4257 5090 dupliciter

2604 5108 2785 5162 ﬁlium
2831 5108 3111 5180 gehennae
3153 5106 3275 5161 ﬁeri
3316 5123 3447 5161 eum
3496 5107 3593 5177 qui
3643 5106 3817 5161 fuerit
3863 5106 4253 5163 circumcisus

2605 5197 2805 5268 (Matth.
2832 5214 2986 5263 nm,
3017 5197 3124 5266 l5).
3147 5196 3461 5251 Sabbatum
3486 5212 3615 5250 vero
3639 5212 3742 5250 nec
3761 5196 3958 5267 ipsum
3984 5212 4251 5252 servasse

2601 5286 2819 5353 videas,
2844 5302 2947 5341 nec
2972 5301 3220 5356 usquam
3246 5285 3555 5338 mandasse
3578 5285 3950 5338 servandum.
3994 5284 4078 5339 De
4106 5285 4251 5341 cibis

2601 5376 2739 5430 item
2764 5376 2955 5445 ipsum
2970 5377 3395 5429 asseverantem
3418 5372 4027 5438 audias,nul|oeorum
4061 5373 4254 5447 inqui-

2602 5464 2727 5518 nari
2747 5463 3063 5535 hominem,
3097 5480 3223 5536 qum
3241 5462 3299 5517 in
3319 5479 3383 5518 os
3402 5462 3938 5533 ingrediuntur,sed
3956 5478 4028 5518 ea
4055 5464 4247 5535 potius

2665 5616 2683 5650 ι
2712 5615 2885 5665 Forte.
2905 5613 3043 5676 jam.

2667 5678 2687 5712 ³
2714 5677 2799 5726 Sic
2816 5674 3073 5740 (meliores
3092 5675 3212 5723 Mss.
3239 5677 3307 5740 A_t
3337 5676 3483 5734 Lov.,
3512 5676 3567 5724 in
3613 5674 3895 5740 ingluviem
3944 5676 4240 5730 Judaei-um

2603 5739 2885 5798 daemoniis,
2906 5753 3063 5802 neque
3092 5741 3225 5787 enim
3263 5738 3380 5788 Deo.
