4462 6456
477 348 598 408 369

474 480 627 536 alter
649 480 814 537 alteri
837 481 1101 537 morienti
1127 483 1485 551 succederet,
1512 484 1820 555 cujusnam
1842 499 2043 539 eorum
2076 482 2135 535 in

474 571 904 626 resurrectione
933 588 1077 626 uxor
1096 576 1250 627 esset
1283 573 1475 627 futura
1505 573 1716 643 (Matth.
1741 591 1877 643 XXII,
1900 571 2113 642 23-28).

475 659 729 715 Proinde
758 660 1113 716 testimoniis
1161 662 1289 715 vitae
1322 666 1543 716 aeternae
1590 668 1645 717 et
1676 661 2116 717 resurrectionis

477 757 845 805 mortuorum
870 750 1129 804 abundat
1152 749 1250 803 illa
1270 750 1602 821 Scriptura:
1627 752 1727 806 sed
1752 750 1859 806 hoc
1883 767 2117 819 nomen,

474 838 537 892 id
561 843 652 892 est
673 854 919 909 regnum
941 836 1240 907 cmlorum,
1265 840 1333 892 de
1360 838 1518 894 nullo
1542 840 1673 893 inde
1700 839 1825 894 loco
1857 839 1997 893 mihi
2021 856 2116 894 oc-

473 927 699 990 currit;
734 926 840 981 hoc
873 926 1025 981 enim
1063 926 1292 998 proprie
1325 928 1571 998 pertinet
1601 928 1671 981 ad
1709 927 2114 982 revelationem

472 1015 981 1070 NoviTestamenti
995 1014 1153 1085 ,quia
1166 1031 1231 1068 ea
1246 1032 1481 1086 corpore
1496 1032 1621 1086 qua:
1636 1018 2114 1084 terrenafuerant,

466 1104 798 1158 mutatione
820 1102 918 1157 illa
942 1119 1118 1174 quam
1142 1103 1358 1159 Paulus
1381 1105 1637 1175 apertius
1674 1110 2114 1173 commemorat,

462 1192 524 1247 in
561 1192 991 1247 resurrectione
1024 1192 1163 1246 fient
1194 1192 1523 1264 spiritualia
1552 1193 1596 1263 (Ι
1630 1193 1748 1248 Car.
1780 1210 1869 1262 xv,
1901 1194 2113 1265 42-44),

460 1296 531 1337 ac
556 1298 626 1353 pe
642 1298 670 1335 r
689 1280 798 1336 hoc
819 1279 1096 1349 caelestia,
1118 1281 1177 1335 in
1203 1280 1417 1352 quibus
1442 1281 1845 1351 possideamus
1868 1299 2113 1354 regnum

459 1369 767 1426 caelorum.
787 1371 948 1435 Quod
965 1369 1049 1425 ori
1068 1370 1117 1439 ej
1130 1386 1196 1424 us
1214 1369 1387 1424 etiam
1406 1369 1828 1425 nominandum
1849 1372 2115 1427 servaba-

1877 349 2115 412 LIBER
2158 348 2605 414 VIGESIMUS.

3767 348 3888 412 370

2246 486 2360 549 tur,
2396 500 2566 554 quem
2624 501 2818 556 regem
2871 486 2941 539 ad
2993 486 3293 555 regendos,
3335 487 3391 539 et
3422 483 3777 539 sacerdotem
3812 483 3883 537 ad

2244 571 2696 628 sanctiﬁcandos
2729 574 2926 628 fideles
2958 591 3095 629 suos
3119 574 3424 628 universus
3450 571 3544 627 ille
3567 575 3884 642 apparatus

2234 661 2445 714 veteris
2471 662 2848 717 [nstrumenti
2874 663 2931 716 in
2955 663 3447 734 generationibus,
3474 661 3660 726 factis,
3686 660 3879 724 dictis,

2234 750 2554 817 sacrificiis,
2575 751 3111 820 observationibus,
3132 750 3562 818 festivitatibus,
3584 749 3880 804 omnibus-

2230 856 2341 910 que
2373 838 2748 910 eloquiorum
2784 839 3107 910 praeconiis,
3160 845 3214 893 et
3252 840 3425 894 rebus
3465 838 3666 910 gestis.
3700 842 3755 892 et
3785 853 3875 891 re-

2228 944 2353 983 rum
2390 928 2594 999 figuris
2629 928 2989 999 parturiebat
3019 944 3150 983 esse
3178 933 3518 982 venturum:
3545 927 3640 997 qui
3668 925 3875 996 plenus

2226 1016 2412 1089 gratia
2443 1022 2499 1071 et
2522 1017 2760 1071 veritate
2783 1019 2956 1085 (Joan.
2984 1034 3024 1083 1,
3053 1017 3224 1084 M),et
3247 1017 3316 1070 ad
3341 1021 3624 1087 praecepta
3656 1014 3874 1069 facien-

2225 1105 2301 1159 da
2333 1106 2663 1176 adjuvando
2696 1122 2798 1176 per
2826 1105 3095 1177 gratiam,
3129 1108 3187 1159 et
3216 1106 3284 1159 ad
3311 1103 3603 1175 promissa
3620 1102 3869 1173 implen-

2224 1194 2299 1250 da
2327 1195 2582 1249 curando
2615 1210 2718 1264 per
2746 1197 3073 1260 veritatem,
3112 1192 3269 1248 venit
3302 1194 3500 1264 Legem
3534 1208 3648 1246 non
3678 1189 3864 1246 solve-

2222 1298 2304 1350 re,
2333 1284 2434 1339 sed
2466 1282 2803 1355 adimplere.

1593 1604 1966 1699 LIBER
2041 1604 2746 1701 VIGESIMUS.

530 1870 767 1928 CAPUT
800 1868 1108 1925 PRIMUM.
1141 1902 1208 1909 —
1238 1869 1494 1926 Fausrus
1543 1870 1723 1926 dixit:
1768 1872 1882 1928 Cur
1924 1871 2106 1928 solem

453 1960 676 2029 colitis,
702 1959 815 2015 nisi
848 1959 987 2031 quia
1016 1958 1157 2014 estis
1188 1959 1399 2031 Pagani
1434 1964 1491 2014 et
1521 1959 1795 2015 Gentium
1827 1960 2104 2029 schisma,

455 2067 578 2105 non
603 2056 760 2105 secta
778 2048 805 2103 ?
828 2048 1014 2121 Igitur
1035 2063 1151 2102 non
1175 2047 1245 2103 ab
1271 2064 1329 2103 re
1352 2048 1526 2103 fuerit
1546 2053 1601 2103 et
1622 2049 1727 2103 hoc
1746 2050 1939 2121 ipsum
1959 2066 2117 2122 quee-

455 2155 611 2207 rere,
629 2155 744 2209 quo
768 2136 1142 2193 manifestius
1159 2136 1353 2192 videre
1371 2136 1688 2208 possimus,
1710 2143 2118 2193 uternostrum

475 2227 591 2282 hoc
609 2226 848 2281 nomine
869 2226 1072 2281 debeat
1096 2225 1395 2297 appellari.
1416 2227 1485 2280 Et
1504 2226 1734 2297 quidem
1752 2227 1798 2281 si
1818 2228 1922 2281 tibi
1946 2228 2116 2281 fidem

469 2332 669 2371 meam
694 2331 850 2370 nunc
871 2314 1236 2387 simpliciter,
1259 2319 1320 2369 ut
1338 2315 1393 2368 in
1416 2315 1621 2371 amicis
1642 2316 1907 2382 referam,
1926 2316 2122 2370 videar

466 2406 723 2461 fortasse
737 2404 1126 2459 excusationis
1149 2421 1325 2459 causa
1342 2404 1396 2458 id
1412 2405 1755 2476 fingere,aut
1767 2405 2116 2471 divinorum,

465 2494 627 2566 quod
663 2493 840 2558 absit,
872 2493 1160 2548 luminum
1193 2492 1531 2548 erubescere
1565 2492 1875 2548 culturam.
1912 2494 2021 2548 Sed
2053 2497 2119 2548 tu

471 2582 716 2654 quidem
749 2586 1067 2653 utcumque
1116 2580 1367 2637 volueris
1417 2581 1647 2652 accipe:
1684 2598 1775 2637 me
1804 2586 1999 2637 tamen
2031 2581 2119 2636 di-

468 2671 632 2727 xisse
662 2688 774 2727 non
811 2670 1133 2743 pcenitebit,
1188 2670 1273 2725 vel
1308 2674 1542 2742 propter
1571 2669 1819 2741 aliquos,
1853 2670 1949 2739 qui
1982 2671 2119 2726 bac-

472 2768 647 2815 tenus
680 2760 828 2815 scire
888 2759 1208 2826 habebunt,
1269 2758 1611 2831 religionem
1663 2762 1919 2814 nostram
1972 2758 2115 2814 nihil

468 2866 606 2904 cum
642 2848 926 2903 Gentibus
958 2848 1173 2903 habere
1204 2864 1535 2903 commune.

552 2937 789 2993 CAPUT
815 2937 883 2992 Il.
908 2969 974 2978 —
999 2936 1182 3009 Igitur
1207 2953 1313 2991 nos
1336 2935 1519 2991 Patris
1542 2937 1779 3009 quidem
1803 2936 1903 2992 Dei
1929 2936 2117 2991 omni-

468 3026 751 3099 potentis,
771 3029 827 3080 et
846 3026 1057 3081 Christi
1076 3023 1201 3080 Filii
1222 3025 1370 3095 ejus,
1386 3029 1441 3079 et
1458 3024 1710 3096 Spiritus
1729 3024 1914 3080 sancti
1934 3041 2116 3079 unum

464 3113 747 3185 idemque
774 3114 883 3169 sub
916 3113 1131 3185 triplici
1165 3112 1559 3185 appellatione
1591 3112 1839 3169 colimus
1860 3129 2113 3168 numen:

466 3202 575 3257 sed
601 3200 827 3257 Patrem
851 3201 1085 3273 quidem
1109 3201 1303 3273 ipsum
1338 3202 1525 3257 lucem
1549 3201 1801 3257 incolere
1825 3202 2119 3258 credimus

469 3307 770 3347 summam
793 3307 856 3346 ac
873 3289 1273 3363 principalem,
1292 3306 1467 3361 quam
1487 3289 1695 3346 Paulus
1710 3290 1855 3346 alias
1870 3292 2121 3347 inacces-

469 3378 710 3435 sibilem
742 3384 913 3435 vocat
944 3380 1117 3450 (Tim.
1148 3397 1227 3438 v1.
1260 3380 1386 3450 16):
1414 3378 1623 3434 Filium
1645 3396 1776 3435 vero
1799 3380 1855 3434 in
1890 3379 1996 3435 hac
2028 3397 2116 3435 se-

469 3469 671 3525 cunda
699 3485 761 3523 ac
784 3468 999 3524 visibili
1025 3467 1152 3523 luce
1174 3468 1526 3534 consistere;
1551 3468 1649 3541 qui
1673 3469 1946 3540 quoniam
1972 3470 2049 3524 sit
2065 3473 2121 3524 et

470 3558 604 3630 ipse
624 3558 917 3629 geminus,
938 3561 1002 3613 ut
1024 3574 1155 3612 eum
1184 3556 1495 3628 Apostolus
1520 3557 1693 3627 novit,
1722 3557 2015 3612 Christum
2039 3558 2120 3613 di-

470 3663 614 3703 cens
639 3664 767 3702 esse
788 3646 888 3702 Dei
907 3646 1179 3702 virtutem
1194 3646 1361 3701 etDei
1380 3646 1722 3717 sapientiam
1740 3646 1783 3717 (Ι
1800 3646 1918 3701 Cor.
1936 3647 2078 3718 1,24)
2102 3672 2115 3714 ;

470 3736 747 3791 virtutem
772 3736 1007 3806 quidem
1032 3736 1157 3805 ejus
1178 3735 1234 3789 in
1258 3734 1375 3790 sole
1394 3735 1655 3790 habitare
1687 3736 1999 3801 credimus,
2026 3753 2115 3791 sa-

470 3824 755 3897 pientiam
777 3842 908 3880 vero
934 3825 992 3879 in
1016 3823 1183 3879 luna:
1207 3840 1429 3879 necnon
1450 3828 1504 3879 et
1522 3825 1775 3895 Spiritus
1789 3825 1996 3892 sancti,
2017 3825 2117 3895 qui

469 3918 566 3969 est
579 3915 858 3984 majestas
872 3913 1063 3973 tertia.
1098 3913 1247 3968 aeris
1274 3913 1427 3967 hunc
1449 3929 1681 3967 omnem
1708 3913 1993 3968 ambitum
2028 3930 2116 3969 se-

468 4004 607 4058 dem
625 4003 873 4057 fatemur
889 4019 955 4057 ac
972 4002 1356 4058 diversorium
1374 4023 1387 4071 ς
1404 4003 1573 4073 cujus
1591 4018 1658 4057 ex
1677 4003 1896 4058 viribus
1915 4018 1985 4057 ne
2002 4003 2118 4074 spi-

468 4091 669 4148 rituali
687 4092 1043 4163 protusione,
1065 4097 1280 4146 terram
1301 4108 1532 4163 quoque
1544 4092 1984 4163 concipientem,
1999 4093 2119 4164 gig-

467 4196 617 4237 nere
632 4180 932 4251 patibilem
951 4180 1175 4243 Jesum,
1192 4180 1291 4251 qui
1306 4180 1597 4235 estvitaac
1610 4179 1770 4235 salus
1790 4179 2115 4247 hominum,

472 4269 641 4326 omni
670 4285 990 4340 suspensus
1011 4286 1078 4324 ex
1100 4268 1279 4340 ligno.
1302 4269 1424 4333 Qua
1448 4273 1681 4341 propter
1699 4273 1756 4324 et
1778 4269 1944 4325 nobis
1967 4268 2118 4324 circa

472 4356 771 4423 universa,
791 4361 846 4412 et
860 4357 1022 4411 vobis
1038 4355 1309 4411 similiter
1320 4372 1457 4428 erga
1470 4372 1677 4428 panem
1694 4356 1993 4411 etcalicem
2014 4374 2119 4427 par

470 4445 680 4517 religio
695 4451 802 4513 est,
829 4446 1095 4517 quamvis
1126 4462 1325 4501 eorum
1358 4445 1633 4500 acerrime
1665 4445 1904 4500 oderitis
1925 4450 2118 4499 aucto-

471 4552 592 4591 res.
619 4535 749 4590 Haec
774 4539 975 4589 nostra
992 4534 1136 4590 fides
1155 4539 1269 4589 est:
1291 4535 1361 4589 de
1380 4550 1493 4605 qua
1511 4535 1557 4588 si
1577 4534 1951 4604 quaerendum
1972 4533 2115 4589 alias

472 4624 795 4698 putaveris,
819 4624 1019 4678 audies
1043 4641 1055 4692 ;
1076 4624 1341 4694 quamvis
1360 4640 1462 4678 nec
1480 4622 1622 4677 illud
1649 4624 1719 4677 ad
1746 4640 1998 4694 praesens
2016 4622 2117 4678 mi-

472 4730 589 4769 nus
605 4714 840 4767 firmum
861 4712 937 4767 sit
957 4711 1547 4783 argumentum,quod
1574 4711 1659 4766 vel
1680 4710 1853 4776 tu,vel
1873 4711 2118 4782 quilibet

470 4802 630 4860 alius
665 4806 925 4873 rogatus,
949 4800 1189 4856 ubinam
1212 4800 1396 4856 Deum
1420 4816 1591 4855 suum
1617 4800 1811 4855 credat
1832 4800 2112 4869 habitare,

470 4891 827 4964 respondere
859 4906 973 4944 non
1007 4888 1321 4957 dubitabit,
1359 4888 1420 4943 In
1458 4888 1716 4943 lumine:
1752 4904 1819 4943 ex
1849 4905 1962 4959 quo
1994 4891 2115 4943 cul-

474 4987 578 5038 tus
602 4980 697 5036 bic
722 4995 888 5034 meus
910 4978 1170 5034 omnium
1199 4994 1342 5049 pene
1363 4978 1693 5032 testimonio
1718 4978 2111 5033 confirmatur.

560 5068 793 5125 CAPUT
816 5068 910 5123 ΙΙΙ.
938 5099 1005 5107 ———
1028 5068 1299 5122 Sednunc
1321 5065 1391 5120 ad
1413 5065 1577 5133 illud,
1600 5067 1737 5137 quia
1763 5084 1867 5122 nos
1890 5084 2003 5122 non
2027 5084 2116 5123 se-

466 5166 652 5226 ctam,
684 5157 784 5212 sed
818 5155 1077 5211 schisma
1105 5155 1377 5210 Gentium
1426 5155 1797 5227 nuncupasti.
1830 5155 2113 5225 Schisma,

464 5249 583 5307 nisi
615 5246 806 5310 fallor,
844 5250 932 5301 est
959 5245 1161 5299 eadem
1194 5245 1528 5316 opinantem
1562 5248 1735 5315 atque
1766 5245 1966 5300 eodem
2000 5246 2114 5300 ritu

467 5339 760 5396 colentem
792 5351 909 5406 quo
941 5332 1152 5400 caeteri,
1187 5333 1308 5389 solo
1350 5333 1814 5405 congregationis
1844 5333 2115 5389 delectari

469 5425 746 5486 discidio.
772 5424 942 5479 Secta
965 5439 1099 5478 vero
1121 5427 1207 5478 est
1234 5421 1405 5494 longe
1436 5421 1548 5476 alia
1576 5421 1910 5493 opinantem
1940 5440 2115 5495 quam

469 5515 690 5585 caeteri,
725 5514 836 5569 alio
864 5512 1037 5583 etiam
1070 5512 1180 5567 sibi
1203 5528 1266 5567 ac
1290 5511 1459 5583 longe
1481 5508 1751 5565 dissimili
1775 5511 1884 5565 ritu
1909 5510 2114 5566 divini-

465 5608 609 5667 tatis
642 5602 975 5660 instituisse
1006 5600 1316 5657 culturam.
1352 5602 1483 5666 Qua:
1516 5600 1564 5655 si
1594 5600 1675 5655 ita
1697 5605 1854 5666 sunt,
1880 5616 2004 5656 mea
2025 5599 2113 5657 in-
2156 5599 2161 5604 ’

468 5698 649 5758 terim
667 5697 728 5754 et
748 5689 948 5766 opinio
964 5694 1022 5750 et
1040 5688 1234 5749 cultus
1253 5688 1425 5763 longe
1447 5689 1563 5749 alia
1582 5693 1721 5747 sunt
1740 5705 1919 5762 quam
1938 5694 2117 5765 Paga-

2218 1887 2449 1927 norum.
2482 1870 2562 1925 De
2588 1868 2705 1925 tuis
2753 1873 2952 1941 postea
2998 1868 3347 1925 videbimus.
3379 1868 3594 1939 Pagani
3626 1867 3779 1923 bona
3807 1870 3864 1922 et

2219 1960 2549 2025 mala,tetra
2570 1962 2625 2012 et
2651 1956 3265 2030 splendida,perpetua
3281 1960 3337 2011 et
3354 1957 3589 2024 caduca,
3608 1954 3859 2010 mutabi-

2227 2048 2324 2115 lia,
2349 2052 2407 2103 et
2430 2052 2602 2117 certa,
2633 2046 2952 2118 corporalia
2974 2052 3030 2101 et
3050 2046 3242 2101 divina
3264 2062 3445 2101 unum
3469 2044 3680 2099 habere
3705 2044 3862 2115 prin-

2227 2136 2443 2209 cipium
2469 2136 2881 2207 dogmatizant.
2908 2134 3009 2191 His
3030 2151 3134 2207 ego
3154 2134 3317 2190 valde
3336 2133 3624 2189 contraria
3655 2132 3862 2197 sentio,

2229 2226 2327 2298 qui
2356 2225 2523 2280 bonis
2545 2226 2818 2279 omnibus
2836 2224 3187 2295 principium
3214 2223 3393 2278 fateor
3407 2222 3611 2287 Deum,
3636 2225 3863 2276 contra-

2228 2314 2331 2369 riis
2351 2331 2483 2369 vero
2507 2312 2687 2385 Hylen
2705 2330 2717 2367 :
2734 2313 2816 2367 sic
2828 2314 2981 2368 enim
3000 2312 3137 2367 mali
3152 2311 3502 2383 principium
3519 2328 3582 2365 ac
3595 2314 3864 2365 naturam

2226 2402 2537 2474 theologus
2553 2407 2749 2457 noster
2762 2401 3030 2473 appellat.
3049 2398 3864 2472 ItemPagani,aris,delubris,

2227 2490 2578 2558 simulacris,
2606 2490 2879 2556 victimis,
2905 2495 3077 2561 atque
3100 2490 3335 2544 incenso
3359 2493 3532 2543 Deum
3557 2486 3864 2543 colendum

2226 2583 2454 2651 putant.
2480 2580 2598 2651 Ego
2621 2579 2691 2633 ab
2716 2578 2805 2634 his
2829 2580 2885 2633 in
2920 2578 3025 2633 hoc
3056 2594 3287 2649 quoque
3318 2576 3569 2632 multum
3600 2576 3862 2631 diversus

2226 2667 2555 2739 incedo,qui
2580 2666 2773 2739 ipsum
2798 2666 3029 2735 me,sim
3054 2667 3224 2721 modo
3242 2665 3351 2721 sim
3366 2664 3861 2737 dignus,rationa-

2227 2756 2340 2811 bile
2365 2757 2460 2812 Dei
2483 2756 2768 2827 templum
2789 2760 2956 2827 puto:
2974 2754 3164 2809 vivum
3183 2752 3318 2809 vivae
3338 2752 3664 2823 majestatis
3681 2752 3865 2807 simu-

2226 2843 2449 2901 lacrum
2473 2844 2767 2899 Christum
2792 2844 3004 2899 Filium
3037 2844 3165 2914 ejus
3196 2841 3450 2912 accipio:
3486 2858 3669 2909 aram,
3702 2858 3864 2896 men-

2228 2939 2346 2990 tem
2377 2934 2547 2989 bonis
2580 2934 2806 2988 artibus
2837 2938 2895 2988 et
2925 2930 3251 3004 disciplinis
3284 2930 3592 2997 imbutam,
3616 2930 3867 2985 honores

2227 3039 2459 3094 quoque
2491 3022 2720 3077 divinos
2753 3038 2818 3077 ac
2846 3020 3129 3076 sacrificia
3159 3021 3217 3075 in
3249 3019 3391 3075 solis
3422 3019 3782 3074 orationibus
3812 3023 3868 3074 ct

2225 3111 2372 3184 ipsis
2424 3112 2588 3183 puris
2647 3128 2714 3166 ac
2770 3110 3134 3182 simplicibus
3187 3125 3373 3181 pono:
3408 3109 3698 3180 quomodo
3728 3123 3864 3180 ergo

2226 3200 2646 3269 schismaisum
2678 3204 3046 3271 Paganorum
3066 3198 3094 3253 ‘I

2298 3288 2528 3344 CAPUT
2566 3288 2655 3344 IV.
2692 3319 2761 3328 —
2793 3288 3084 3343 Hactenus
3115 3286 3271 3342 enim
3320 3290 3376 3341 et
3403 3285 3740 3342 Judaeorum
3774 3301 3864 3340 me

2227 3377 2660 3449 poterafdicere
2682 3377 2959 3443 schisma,
2980 3376 3118 3447 quia
3134 3380 3189 3430 et
3207 3375 3661 3447 omnipotentem
3679 3374 3861 3429 Deum

2227 3466 2437 3532 colam,
2460 3467 2614 3538 quod
2636 3466 2746 3522 sibi
2760 3466 3066 3521 etJudaeus
3079 3464 3269 3520 omnis
3285 3464 3580 3518 audaciter
3591 3462 3863 3527 assumit,

2227 3572 2358 3610 cum
2385 3573 2496 3611 non
2516 3555 2911 3610 considerares
2929 3554 3146 3609 rituum
3167 3552 3580 3615 diversitatem,
3597 3568 3711 3623 qua
3730 3568 3761 3606 a
3775 3567 3865 3606 me

2227 3644 2513 3700 coleretur
2534 3644 2937 3716 Omnipotens,
2964 3647 3020 3698 et
3040 3659 3073 3696 a
3091 3640 3308 3697 Judaais
3334 3662 3347 3705 ς
3374 3640 3423 3695 si
3447 3646 3639 3695 tamen
3664 3639 3863 3695 Omni-

2227 3737 2516 3803 potentem
2540 3732 2726 3787 Judaei
2750 3730 2969 3786 colunt.
2994 3731 3105 3785 Sed
3124 3730 3355 3784 interim
3374 3730 3444 3784 de
3461 3728 3732 3799 opinione
3748 3732 3865 3781 tra-

2226 3826 2473 3889 ctamus,
2500 3838 2624 3892 qua?
2649 3822 2731 3876 sic
2754 3826 2809 3875 et
2831 3821 3093 3891 Paganos
3117 3819 3186 3874 de
3212 3817 3351 3896 solis
3382 3817 3609 3873 cultura
3642 3816 3861 3885 fefellit,

2227 3914 2291 3965 ut
2308 3910 2377 3965 de
2396 3910 2498 3964 Om
2510 3908 2824 3981 nipotentis
2844 3909 3097 3964 Judzeos.
3116 3908 3222 3962 Sed
3244 3924 3344 3962 nec
3356 3913 3611 3962 vestrum
3627 3906 3863 3976 quidem

2228 3998 2485 4055 schisma
2510 3999 2556 4054 si
2578 4015 2669 4053 me
2687 3997 2919 4063 dixeris,
2940 4014 3138 4052 verum
3156 4002 3262 4066 est,
3283 3995 3549 4067 quamvis
3568 3993 3861 4049 Christum

2227 4103 2463 4141 venerer
2478 4092 2533 4142 et
2554 4086 2738 4141 colam
2758 4104 2770 4142 :
2788 4086 2927 4157 quia
2955 4084 3068 4140 alio
3098 4101 3231 4139 eum
3268 4084 3381 4137 ritu
3405 4082 3526 4138 colo
3544 4086 3601 4137 et
3618 4080 3729 4136 alia
3752 4082 3863 4136 fide

2227 4193 2403 4247 quam
2421 4193 2539 4231 vos.
2562 4175 2830 4231 Schisma
2848 4191 2977 4229 vero
2996 4177 3097 4228 aut
3114 4171 3256 4227 nihil
3276 4172 3588 4226 immutare
3605 4171 3776 4225 debet
3792 4170 3862 4225 ab

2226 4281 2291 4321 eo
2314 4266 2467 4319 unde
2490 4265 2707 4319 factum
2734 4268 2841 4333 est,
2875 4268 2975 4317 aut
3002 4279 3116 4318 non
3150 4260 3437 4317 multum:
3473 4265 3538 4315 ut
3566 4264 3709 4330 puta
3738 4275 3859 4326 vos,

2226 4354 2324 4425 qui
2351 4354 2735 4409 desciscentes
2766 4370 2799 4408 a
2829 4352 3132 4417 Gentibus,
3157 4348 3507 4405 monarchize
3528 4348 3860 4419 opinionem

2224 4442 2411 4516 primo
2429 4442 2730 4497 vobiscum
2750 4440 3095 4507 divulsistis;
3114 4439 3170 4494 id
3190 4444 3295 4503 est,
3320 4443 3377 4493 ut
3398 4438 3595 4493 omnia
3612 4437 3860 4492 credatis

2224 4548 2290 4587 ex
2320 4532 2434 4587 Deo
2461 4548 2473 4585 :
2527 4530 2811 4586 sacrificia
2857 4546 2987 4585 vero
3019 4544 3219 4585 eorum
3248 4527 3501 4582 vertistis
3534 4527 3591 4581 in
3625 4542 3857 4597 agapes,

2223 4621 2378 4676 idola
2407 4621 2465 4675 in
2498 4625 2802 4690 martyres,
2833 4634 2981 4690 quos
3011 4617 3161 4673 votis
3191 4615 3483 4671 similibus
3506 4615 3693 4670 colitis
3722 4633 3734 4669 :
3759 4615 3859 4668 de-

2224 4709 2556 4765 functorum
2581 4708 2821 4763 umbras
2846 4706 2977 4761 vino
3001 4705 3244 4778 placatis
3267 4710 3323 4760 et
3343 4705 3617 4776 dapibus;
3644 4702 3860 4759 solem-

2226 4816 2333 4855 nes
2355 4798 2625 4855 Gentium
2650 4798 2776 4852 dies
2802 4813 2935 4851 cum
2960 4794 3102 4866 ipsis
3123 4792 3446 4861 celebratis,
3473 4798 3534 4847 ut
3564 4791 3856 4856 calendas,

2225 4892 2283 4944 et
2303 4887 2583 4944 solstitia:
2608 4887 2677 4941 de
2703 4885 2821 4940 vita
2850 4888 3001 4941 certe
3034 4882 3304 4939 mutastis
3336 4880 3517 4947 nihil;
3550 4880 3688 4935 estis
3722 4895 3885 4934 sane»

2224 4978 2501 5043 schisma,
2533 4992 2566 5030 a
2596 4975 2836 5030 matrice
2862 4990 2968 5028 sua
2997 4972 3287 5028 diversum
3321 4969 3463 5025 nihil
3496 4970 3715 5023 habens
3746 4967 3860 5022 nisi

2225 5070 2593 5122 conventum.
2619 5064 2852 5119 Necnon
2868 5067 2923 5117 et
2936 5062 3154 5134 priores
3167 5058 3342 5115 vestri
3355 5058 3558 5123 Judaei,
3574 5056 3859 5128 segregati

2225 5154 2396 5210 etiam
2419 5154 2531 5225 ipsi
2554 5170 2586 5207 a
2610 5152 2889 5207 Gentibus
2911 5150 3242 5221 sculpturas
3263 5147 3453 5202 solum
3473 5145 3856 5199 dimiserunt:

2222 5242 2443 5314 templa
2465 5258 2620 5311 vero,
2643 5244 2699 5296 et
2720 5239 3169 5307 immolationes,
3193 5240 3249 5291 et
3273 5252 3424 5301 aras;
3442 5239 3499 5289 et
3514 5234 3857 5302 sacerdotia,

2226 5338 2401 5403 atque
2422 5348 2593 5387 omne
2616 5345 2912 5386 sacrorum
2938 5327 3331 5383 ministerium
3353 5324 3555 5379 eodem
3576 5322 3688 5376 ritu
3710 5338 3863 5377 exer-

2226 5423 2491 5490 cuerunt,
2524 5436 2590 5474 ac
2622 5416 2802 5473 multo
2834 5412 3296 5487 superstitiosius
3326 5428 3503 5484 quam
3524 5410 3757 5468 Gentes.
3783 5411 3862 5467 De

2226 5509 2498 5581 Opinione
2519 5524 2653 5563 vero
2677 5504 3024 5562 monarcbie
3049 5504 3107 5559 in
3131 5500 3290 5558 nullo
3312 5501 3485 5557 etiam
3514 5500 3624 5573 ipsi
3644 5500 3865 5556 dissen-

2223 5598 2380 5654 tiunt
2413 5614 2444 5651 a
2475 5597 2755 5669 Paganis:
2791 5610 2968 5666 quare
3019 5596 3248 5648 constat
3287 5608 3384 5647 vos
3431 5596 3604 5663 atque
3632 5590 3858 5645 Judzeos

2225 5687 2545 5749 schismata
2568 5702 2694 5745 esse
2717 5682 3103 5754 Gentilitatis;
3130 5682 3302 5755 cujus
3322 5682 3498 5740 fidem
3519 5684 3779 5738 tenentes
3806 5680 3863 5734 et
