4462 6472
550 302 665 365 371

556 437 727 503 ritus,
759 434 985 492 modice
1006 434 1272 508 quamvis
1292 435 1659 502 immutatos,
1690 435 1761 490 de
1791 433 1917 490 sola
1948 447 2201 488 conven-

556 528 724 581 tuum
751 525 1032 581 divisione
1052 525 1272 597 putatis
1295 542 1393 581 vos
1415 541 1543 581 esse
1566 529 1775 581 sectas.
1805 529 1981 579 Porro
2003 524 2199 577 autem

561 618 753 670 sectas
774 613 821 668 si
845 630 1093 685 quaeras,
1118 631 1233 669 non
1257 613 1389 686 plus
1418 617 1591 669 erunt
1620 629 1797 685 quam
1829 613 1979 681 dum,
2014 610 2071 664 id
2094 612 2202 675 est,

564 703 857 770 Gentium,
883 706 940 757 et
959 707 1173 772 nostra,
1197 703 1298 774 qui
1323 702 1406 758 eis
1436 702 1605 775 longe
1636 702 1864 757 diversa
1894 698 2203 755 sentimus.

568 791 655 847 Ita
675 790 911 863 quidem
936 791 1187 862 Oppositi
1210 791 1455 847 invicem
1489 790 1678 857 nobis,
1700 797 1765 846 ut
1794 794 1881 845 est
1908 788 2121 843 veritas
2151 790 2209 841 et

568 879 960 951 mendacium,
995 884 1058 934 ut
1088 881 1213 936 dies
1241 886 1297 935 et
1326 897 1458 949 nox,
1494 885 1558 935 ut
1587 884 1815 952 egestas
1844 883 1901 934 et
1928 877 2113 949 copia,
2145 878 2211 929 ut

569 969 811 1024 morbus
849 973 907 1024 et
935 968 1177 1025 sanitas.
1210 968 1323 1025 Vos
1346 985 1478 1025 vero
1504 985 1605 1024 nec
1629 968 1842 1023 erroris
1865 972 2023 1022 secta
2045 963 2210 1032 estis,

569 1073 675 1112 nec
708 1057 967 1113 veritatis
993 1074 1007 1113 :
1040 1058 1141 1112 sed
1172 1056 1433 1113 schisma
1462 1063 1691 1113 tantum
1719 1073 1733 1125 ;
1766 1072 1870 1111 nec
1901 1054 2094 1126 ipsum
2117 1068 2211 1107 ve-

569 1146 758 1201 ritatis
791 1145 1023 1212 saltem,
1056 1146 1157 1202 sed
1189 1146 1427 1202 erroris.

640 1260 873 1317 CAPUT
901 1260 966 1317 V.
996 1290 1065 1302 -—-
1092 1263 1455 1317 Aucusrmus
1489 1259 1825 1332 respondit:
1857 1258 1901 1314 Ο
1934 1255 2214 1328 imperita

571 1349 774 1422 pestis,
790 1354 847 1404 et
858 1348 1084 1404 vanitas
1095 1349 1242 1404 versi
1251 1348 1417 1420 pellis
1434 1348 1445 1402 ι
1467 1349 1671 1419 utquid
1690 1348 1795 1402 tibi
1809 1345 2037 1416 objicis,
2057 1343 2213 1416 quod

571 1438 623 1493 si
647 1438 779 1509 quis
802 1438 905 1493 tibi
928 1438 1158 1507 objecit,
1183 1437 1365 1493 nescit
1380 1454 1513 1493 cum
1528 1453 1643 1509 quo
1656 1436 1827 1508 agat?
1842 1436 2041 1507 Neque
2057 1433 2214 1489 enim

570 1543 673 1581 vos
698 1527 959 1597 Paganos
981 1524 1254 1591 dicimus,
1278 1530 1380 1581 aut
1401 1525 1659 1581 scbisma
1679 1526 2045 1597 Paganorum
2073 1540 2087 1592 ;
2113 1522 2214 1578 sed

576 1614 791 1669 habere
822 1631 953 1668 cum
986 1613 1067 1669 eis
1101 1614 1419 1685 quamdam
1458 1613 1929 1684 similitudinem,
1963 1629 2030 1667 eo
2064 1611 2217 1682 quod

575 1702 791 1758 multos
813 1702 1018 1758 colatis
1046 1703 1203 1758 deos.
1222 1703 1441 1757 Verum
1460 1703 1665 1758 voseis
1688 1719 1817 1758 esse
1848 1701 2021 1773 longe
2053 1701 2217 1755 dete-

576 1792 780 1861 riores,
805 1792 959 1863 quod
982 1791 1067 1846 illi
1093 1808 1161 1846 ea
1182 1791 1381 1846 colunt
1398 1807 1522 1863 quas
1546 1798 1703 1858 sunt,
1726 1791 1826 1846 sed
1862 1806 1963 1862 pro
1990 1789 2102 1844 diis
2122 1805 2219 1844 co-

575 1880 749 1936 lenda
772 1897 888 1935 non
913 1885 1053 1935 sunt
1081 1898 1094 1937 :
1130 1886 1268 1935 sunt
1289 1880 1445 1935 enim
1468 1885 1525 1935 et
1546 1880 1720 1945 idola,
1744 1880 1847 1935 sed
1870 1880 1941 1935 ad
1965 1878 2217 1934 salutem

577 1968 724 2025 nihil
747 1974 904 2024 sunt.
920 1969 989 2024 Et
1004 1969 1103 2041 qui
1123 1968 1262 2024 colit
1278 1969 1566 2036 arborem,
1588 1986 1702 2025 non
1724 1969 1959 2040 quidem
1978 1968 2217 2037 arando,

575 2058 678 2113 sed
711 2057 1035 2125 adorando,
1066 2074 1181 2113 non
1212 2058 1270 2113 id
1302 2057 1441 2113 colit
1471 2058 1626 2130 quod
1658 2074 1952 2129 nusquam
1983 2061 2091 2124 est,
2116 2056 2219 2112 sed

576 2147 733 2218 quod
780 2146 862 2201 ita
890 2145 1205 2202 dolendum
1247 2163 1362 2203 non
1394 2151 1501 2203 est.
1538 2148 1669 2219 Ipsa
1699 2146 1877 2203 etiam
1911 2145 2217 2211 daemonia,

576 2236 734 2291 unde
763 2234 904 2290 dicit
932 2234 1265 2306 Apostolus,
1296 2240 1435 2306 Quae
1462 2238 1748 2292 immolant
1778 2239 1995 2302 Gentes,
2022 2234 2219 2290 daemo-

575 2326 689 2380 niis
710 2324 1021 2392 immolant,
1042 2333 1219 2380 etnon
1238 2325 1346 2381 Deo
1365 2325 1409 2396 (Ι
1443 2324 1563 2380 Cor.
1597 2343 1652 2396 x,
1678 2325 1774 2397 20)
1799 2343 1812 2393 ;
1848 2324 2051 2396 utique
2081 2328 2221 2379 sunt

578 2413 796 2485 quibus
808 2411 938 2468 illos
953 2412 1258 2469 immolare
1269 2413 1491 2481 dicit,et
1503 2430 1751 2486 quorum
1769 2431 1874 2469 nos
1888 2414 2077 2470 socios
2091 2429 2218 2469 esse

570 2518 687 2558 non
710 2500 851 2556 vult.
875 2502 904 2556 J
913 2518 1006 2557 am
1030 2518 1162 2557 vero
1186 2501 1393 2558 coelum
1417 2508 1474 2559 et
1504 2511 1674 2569 terra,
1710 2520 1868 2559 mare
1893 2508 1949 2559 et
1979 2518 2097 2568 aer,
2131 2501 2217 2558 sol

570 2595 628 2647 et
648 2588 809 2657 luna,
828 2595 883 2645 et
896 2595 1100 2646 caetera
1116 2589 1329 2655 sidera,
1348 2591 1547 2645 omnia
1564 2591 1684 2647 hinc
1704 2591 2016 2647 manifesta
2032 2590 2219 2646 oculis

566 2682 867 2750 apparent,
888 2683 1062 2749 atque
1078 2678 1222 2750 ipsis
1239 2680 1513 2735 sensibus
1534 2685 1745 2752 praesto
1764 2686 1923 2736 sunt.
1939 2680 2071 2745 Quae
2084 2696 2219 2735 cum

571 2767 791 2840 Pagani
821 2772 1103 2839 tanquam
1131 2769 1270 2824 deos
1319 2768 1540 2833 colunt,
1591 2770 1682 2825 vel
1714 2774 1993 2840 tanquam
2027 2773 2221 2842 partes

576 2858 753 2912 unius
778 2857 974 2928 magni
1004 2857 1097 2911 dei
1119 2875 1131 2925 ;
1152 2874 1283 2913 nam
1311 2859 1646 2914 universum
1672 2860 1962 2914 mundum
1980 2858 2221 2930 quidam

580 2962 783 3001 eorum
807 2951 1015 3017 putant
1037 2948 1357 3001 maximum
1377 2947 1551 3003 deum
1569 2964 1582 3003 :
1603 2963 1671 3003 ea
1690 2948 1889 3004 colunt
1910 2965 2037 3019 quae
2059 2951 2219 3002 sunt.

579 3035 725 3091 Cum
759 3034 973 3104 quibus
1004 3036 1237 3106 quando
1269 3034 1520 3108 agimus,
1549 3041 1615 3092 ut
1642 3053 1711 3092 ea
1732 3053 1846 3092 non
1871 3036 2082 3101 colant,
2107 3052 2220 3090 non

583 3122 668 3178 eis
688 3122 939 3177 dicimus
971 3123 1125 3193 quod
1160 3122 1319 3178 nulla
1346 3124 1484 3190 sint,
1518 3124 1617 3179 sed
1650 3125 1801 3193 quod
1834 3124 2077 3180 colenda
2109 3141 2221 3180 non

580 3211 738 3267 sint:
765 3211 966 3282 eisque
990 3210 1296 3266 colendum
1324 3212 1535 3267 horum
1567 3213 1831 3267 omnium
1864 3213 2223 3269 conditorem

579 3298 764 3355 Deum
789 3298 1141 3354 invisibilem
1164 3300 1503 3369 suademus,
1524 3301 1695 3371 cujus
1713 3300 1898 3357 solius
1918 3301 2227 3374 participa-

580 3389 738 3444 tione
772 3390 976 3444 beatus
1007 3388 1181 3444 homo
1230 3390 1351 3443 fieri
1389 3395 1615 3461 potest;
1650 3391 1806 3462 quod
1842 3408 2047 3446 omnes
2078 3390 2227 3447 velle

581 3493 751 3533 nemo
780 3477 1045 3549 ambigit.
1071 3479 1180 3533 Sed
1200 3478 1337 3550 quia
1359 3478 1625 3534 nonnulli
1650 3495 1851 3535 eorum
1875 3480 2227 3536 invisibilem

579 3571 636 3623 et
658 3566 1057 3638 incorpoream
1080 3573 1406 3622 creaturam
1429 3567 1646 3635 colunt,
1671 3570 1826 3640 quod
1850 3574 1939 3625 est
1959 3575 2016 3624 et
2030 3568 2230 3625 anima

582 3670 867 3726 mensque
881 3654 1361 3721 humana;tamen
1382 3656 1518 3728 quia
1532 3673 1637 3712 nec
1651 3657 1938 3727 ejusmodi
1954 3662 2227 3714 creatura

579 3743 1023 3815 participatione
1047 3745 1109 3798 fit
1131 3743 1304 3800 homo
1322 3744 1653 3813 beatus;ille
1677 3762 1789 3801 non
1812 3746 2002 3802 solum
2020 3747 2227 3802 invisi-

582 3831 741 3897 bilis,
754 3848 957 3887 verum
974 3833 1147 3888 etiam
1166 3834 1667 3890 incommutabilis
1684 3834 1857 3906 Deus,
1874 3836 1930 3890 id
1946 3841 2056 3907 est,
2074 3836 2228 3893 Deus

580 3937 756 3977 verus
781 3920 1060 3977 colendus
1080 3927 1167 3978 est
1191 3938 1203 3975 :
1231 3923 1367 3993 quia
1390 3923 1551 3978 solus
1568 3923 1665 3979 ille
1682 3924 1962 3981 colendus
1984 3930 2094 3991 est,
2113 3942 2228 3997 quo

582 4010 710 4067 solo
745 4010 964 4075 fruens,
989 4010 1195 4066 beatus
1218 4012 1281 4066 fit
1311 4011 1499 4067 cultor
1529 4014 1657 4083 ejus
1682 4031 1694 4080 ;
1730 4017 1787 4068 et
1817 4031 1931 4085 quo
1963 4014 2085 4071 solo
2115 4033 2228 4072 non

579 4098 806 4168 fruens,
835 4100 1031 4154 omnia
1052 4116 1218 4155 mens
1240 4101 1455 4156 misera
1475 4105 1583 4165 est,
1609 4101 1870 4173 qualibet
1891 4119 1950 4158 re
1969 4104 2085 4159 alia
2108 4122 2232 4176 per-

583 4188 834 4244 fruatur.
859 4192 975 4244 Vos
998 4194 1189 4245 autem
1215 4206 1349 4245 cum
1373 4207 1440 4245 ea
1462 4189 1669 4247 colatis
1703 4208 1830 4261 quae
1852 4193 2090 4248 omnino
2114 4211 2229 4249 non

584 4278 851 4348 sunt,sed
867 4282 1190 4334 vestrarum
1205 4278 1503 4335 fallaciam
1518 4279 1844 4336 fabularum
1861 4282 2116 4338 vanitate
2131 4283 2229 4338 tin-

584 4371 826 4439 guntur,
849 4366 1295 4439 prepinquiores
1313 4367 1518 4423 essetis
1537 4385 1680 4423 verae
1698 4369 1899 4440 pietati
1918 4386 1985 4425 ac
2000 4370 2228 4443 religio-

587 4455 671 4522 ni,
704 4456 750 4510 si
783 4456 987 4511 saltem
1042 4456 1257 4528 Pagani
1310 4458 1539 4523 essetis,
1582 4456 1669 4512 vel
1700 4457 1758 4512 in
1793 4475 1993 4514 eorum
2023 4476 2231 4532 genere

590 4544 691 4616 qui
725 4560 965 4615 corpora
994 4544 1212 4612 colunt,
1245 4546 1351 4601 etsi
1375 4562 1490 4601 non
1514 4546 1774 4615 colenda,
1798 4547 1897 4602 sed
1921 4552 2114 4603 tamen
2136 4565 2229 4603 ve-

589 4648 675 4689 ra.
710 4631 872 4688 Unde
903 4650 1004 4689 vos
1034 4634 1226 4690 verius
1258 4634 1501 4690 dixerim
1534 4651 1640 4690 nec
1670 4636 1851 4690 solem
1876 4635 2054 4690 istum
2079 4635 2230 4693 cole-

586 4736 670 4791 re,
704 4722 774 4777 ad
809 4723 978 4791 cujus
1021 4740 1228 4795 gyrum
1277 4727 1467 4780 vestra
1507 4724 1693 4780 oratio
1739 4722 2228 4781 circumvolvitur.

649 4837 881 4895 CAPUT
915 4839 1002 4895 Vl.
1036 4873 1105 4880 ——
1137 4844 1278 4896 Nam
1308 4844 1365 4895 et
1394 4840 1465 4896 de
1494 4840 1621 4912 ipso
1668 4844 1788 4895 tam
1822 4840 1991 4907 falsa,
2023 4846 2080 4896 et
2110 4846 2228 4898 tam

580 4927 952 4998 detestandaj
963 4931 1187 4997 aetatis,
1205 4934 1270 4985 ut
1283 4929 1330 4984 ei
1348 4946 1486 4985 suas
1500 4929 2227 5003 vindicaretinjurias,jam

588 5016 845 5075 ﬂammis
865 5019 992 5089 ejus
1014 5018 1123 5073 vivi
1146 5018 1445 5074 arderetis.
1471 5018 1617 5076 Nam
1652 5018 1840 5090 primo
1870 5035 2004 5074 eum
2036 5021 2230 5076 navim

591 5107 908 5179 quamdam
942 5123 1070 5163 esse
1100 5108 1291 5163 dicitis
1317 5124 1329 5161 :
1363 5108 1445 5163 ita
1476 5124 1591 5163 non
1621 5112 1873 5175 tantum,
1900 5115 1964 5163 ut
1993 5109 2227 5179 dicitur,

584 5197 710 5251 toto
723 5195 862 5251 caelo
875 5197 1103 5262 erratis,
1118 5198 1213 5252 sed
1229 5203 1287 5252 et
1309 5195 1541 5252 natatis.
1568 5195 1787 5251 Deinde
1807 5212 1941 5251 cum
1964 5198 2227 5254 omnium

583 5283 770 5339 oculis
803 5286 1090 5339 rotundus
1121 5284 1413 5356 eil'ulgeat,
1457 5300 1642 5355 eaque
1671 5282 1755 5337 illi
1788 5284 1975 5355 figura
2007 5302 2109 5355 per
2138 5286 2228 5342 sui

581 5371 804 5427 ordinis
837 5372 1124 5443 positione
1155 5373 1410 5445 perfecta
1441 5373 1516 5427 sit
1543 5391 1555 5440 ;
1580 5389 1681 5427 vos
1704 5387 1838 5428 eum
1862 5372 2225 5445 triangulum

586 5458 927 5526 perhibetis,
954 5460 1011 5514 id
1035 5466 1141 5525 est,
1162 5479 1262 5531 per
1292 5461 1609 5531 quamdam
1644 5459 1963 5531 tringulam
1996 5462 2121 5515 (ξωιὶ
2148 5462 2226 5517 fe-

587 5550 849 5604 nestram
871 5547 1061 5606 lucem
1075 5549 1247 5606 istam
1268 5552 1486 5606 mundo
1502 5551 1787 5620 terrisque
1800 5549 2047 5606 radiare.
2064 5552 2229 5608 ltaﬁt

586 5639 655 5692 ut
676 5636 745 5692 ad
770 5637 948 5694 istum
971 5638 1209 5711 quidem
1232 5638 1414 5696 solem
1429 5640 1670 5697 dorsum
1688 5638 2083 5711 cervicemque
2101 5656 2226 5697 cur-

1310 304 1623 364 CONTRA
1665 299 2046 365 FAUSTUM
2092 295 2611 365 MANICH/EUM,
2660 297 2725 355 S.
2768 296 3196 357 AUGUSTlNI

3837 299 3959 360 372

2306 426 2454 484 vetis
2469 444 2483 495 ;
2500 444 2614 483 non
2629 431 2823 483 autem
2838 427 3031 499 ipsum
3046 432 3164 483 tam
3182 427 3338 485 clara
3350 428 3706 485 rotunditate
3723 430 3959 503 conspi—

2309 534 2507 584 cuum,
2536 517 2636 571 sed
2662 516 2853 572 nescio
2876 534 3050 587 quam
3075 517 3265 573 navim
3290 534 3387 589 per
3410 519 3669 574 foramen
3688 519 3956 591 triangu-

2311 606 2432 661 lum
2449 605 2759 660 micantem
2776 611 2947 677 atque
2960 605 3247 661 lucentem
3260 623 3457 678 ,quam
3471 608 3777 663 conﬁctam
3794 610 3954 681 cogi-

2310 696 2469 763 tatis,
2494 694 2768 750 adoretis.
2791 696 2975 759 Quam
2999 697 3252 766 profecto
3276 696 3437 751 faber
3458 695 3556 752 ille
3578 714 3692 752 non
3720 698 3956 765 faceret,

2313 783 2361 840 si
2376 784 2871 855 quemadmodum
2887 783 3393 856 emunturligna,q
3404 785 3576 840 uibus
3592 786 3953 858 navigiorum

2311 871 2522 928 tabula:
2539 873 3110 945 compinguntur,sic
3123 880 3522 929 emerenturet
3535 875 3724 943 verba,
3743 876 3960 947 quibus

2313 960 2719 1017 haereticorum
2735 961 2944 1017 fabulae
2955 962 3611 1034 conﬁnguntur.Verum
3628 964 3745 1020 haec
3761 964 3964 1021 tolera-

2316 1048 2495 1106 bilius
2521 1049 2608 1105 vel
2632 1050 2897 1105 ridentur
2921 1049 3005 1105 vel
3029 1051 3243 1106 ﬂentur
3264 1051 3323 1105 in
3346 1052 3509 1106 vobis
3536 1068 3549 1106 :
3584 1052 3727 1107 illud
3761 1059 3849 1109 est
3870 1054 3961 1109 in-

2316 1137 2699 1195 tolerabiliter
2727 1139 3099 1207 sceleratum,
3132 1140 3286 1211 quod
3319 1140 3389 1195 de
3420 1141 3547 1211 ipsa
3581 1141 3708 1195 navi
3736 1141 3961 1212 puellas

2317 1227 2595 1300 pulchras
2607 1233 2664 1284 et
2677 1245 2887 1300 pueros
2901 1229 3143 1300 proponi
3158 1228 3373 1299 dicitis,
3389 1246 3639 1299 quorum
3656 1231 3961 1288 formosis-

2319 1316 2487 1373 simis
2505 1318 2846 1389 corporibus
2866 1318 3236 1372 inardescant
3252 1318 3546 1390 principes
3565 1320 3961 1392 tenebrarum,

2321 1408 2392 1460 ad
2421 1404 2665 1460 feminas
2688 1404 2955 1472 masculi,
2996 1410 3053 1460 et
3083 1406 3151 1461 ad
3187 1406 3481 1462 masculos
3507 1408 3733 1463 feminae
3760 1426 3773 1476 ;
3808 1417 3868 1464 ut
3899 1409 3958 1464 in

2321 1495 2449 1565 ipsa
2478 1494 2744 1567 ﬂagranti
2775 1494 3016 1551 libidine
3047 1498 3103 1551 et
3123 1496 3372 1551 inhianti
3398 1496 3870 1568 concupiscentia
3890 1500 3961 1555 de

2323 1583 2604 1639 membris
2625 1600 2825 1639 eorum
2849 1589 3128 1655 tanquam
3155 1585 3226 1639 de
3246 1586 3408 1640 tetris
3423 1586 3961 1657 sordidisquecom-

2322 1672 2568 1743 pedibus
2591 1673 2682 1728 dei
2704 1673 2873 1728 vestri
2898 1673 3162 1728 membra
3184 1672 3501 1728 solvantur.
3527 1674 3595 1729 Et
3617 1674 3708 1729 bis
3739 1675 3961 1731 obscce-

2323 1759 2586 1816 nissimis
2605 1761 2815 1832 pannis
2832 1761 3039 1817 vestris
3056 1760 3346 1816 conamini
3365 1777 3601 1818 assusre
3615 1761 3965 1820 ineffabilem

2322 1848 2686 1916 Trinitatem,
2718 1850 2976 1905 dicentes
3008 1850 3238 1905 Patrem
3270 1850 3328 1904 in
3356 1855 3579 1905 secreto
3603 1852 3856 1922 quodam
3876 1852 3968 1907 lu-

2325 1938 2482 1994 mine
2511 1938 2775 1994 habitare
2802 1956 2815 2007 ;
2852 1938 2977 1994 Filii
3009 1944 3204 1994 autem
3233 1937 3293 1993 in
3325 1938 3446 1995 sole
3466 1940 3764 2007 virtutem,
3792 1941 3850 1996 in
3872 1940 3966 1996 lu-

2325 2044 2401 2083 na
2430 2027 2778 2101 sapientiam
2804 2045 2818 2097 ;
2853 2027 3135 2101 Spiritum
3168 2044 3299 2084 vero
3330 2032 3597 2084 sanctum
3634 2029 3692 2084 in
3722 2030 3891 2086 aerei

2395 2168 2622 2226 CAPUT
2650 2168 2771 2224 VII.
2796 2200 2864 2209 —
2889 2171 2950 2224 In
2973 2185 3089 2240 qua
3111 2169 3399 2241 tripartita
3421 2174 3635 2239 vestra,
3659 2169 3743 2225 vel
3768 2171 3969 2242 potius

2316 2259 2439 2331 jam
2466 2257 2893 2330 quadripartita
2914 2256 3131 2325 fabula,
3164 2258 3235 2313 de
3268 2258 3450 2314 Patris
3480 2260 3713 2330 quidem
3745 2265 3967 2317 secreto

2324 2346 2565 2415 lumine,
2591 2346 2730 2418 quid
2752 2347 2914 2402 vobis
2938 2347 3152 2412 dicam,
3177 2346 3288 2401 nisi
3320 2347 3457 2419 quia
3486 2346 3675 2403 lucem
3708 2348 3968 2420 cogitare

2327 2452 2442 2490 non
2465 2436 2728 2508 potestis,
2753 2435 2864 2491 nisi
2890 2436 3061 2507 quale
3079 2434 3275 2490 videre
3295 2435 3621 2491 consuestis
3636 2435 3793 2491 ?Hoc
3811 2438 3969 2494 enim

2326 2523 2704 2596 conspicuum
2719 2527 2880 2578 etom
2891 2523 2945 2577 ni
2962 2523 3144 2589 carni,
3160 2540 3273 2579 non
3288 2528 3519 2579 tantum
3537 2524 3869 2591 hominum,
3883 2542 3982 2581 ve-

2326 2630 2455 2668 rum
2479 2614 2653 2668 etiam
2686 2612 3003 2668 bestiarum
3027 2618 3085 2667 et
3104 2612 3554 2668 vermiculorum
3589 2613 3971 2669 notissimum

2326 2701 2525 2758 lumen
2542 2703 2855 2767 intuentes,
2871 2718 2938 2757 ex
2952 2701 3050 2757 illo
3065 2707 3398 2773 conceptam
3415 2703 3585 2757 corde
3598 2703 3969 2773 phantasiam

2326 2793 2385 2846 in
2403 2793 2757 2846 immensum
2774 2790 2971 2846 soletis
2984 2807 3215 2862 augere,
3231 2796 3287 2847 et
3302 2808 3429 2846 eam
3451 2791 3639 2847 lucem
3659 2792 3850 2848 dicere
3869 2794 3971 2849 ubi

2328 2886 2481 2936 Deus
2499 2880 2664 2935 Pater
2681 2880 2906 2936 habitat
2922 2898 3052 2937 cum
3074 2881 3382 2953 regnicolis
3401 2882 3795 2946 suis.Quando
3811 2882 3967 2938 enim

2329 2969 2689 3026 discrevistis
2711 2969 2899 3025 lucem
2923 2987 3037 3042 qua
3059 2971 3373 3035 cernimus,
3399 2971 3470 3025 ab
3492 2987 3559 3025 ea
3579 2970 3706 3026 luce
3737 2988 3854 3043 qua
3881 2972 3972 3027 in-

2329 3059 2667 3129 telligimus,
2692 3076 2825 3115 cum
2849 3059 3004 3115 aliud
3031 3059 3174 3114 nihil
3201 3077 3460 3132 unquam
3486 3061 3821 3132 putaveritis
3842 3076 3973 3117 esse

2330 3148 2653 3221 intelligere
2663 3149 2983 3216 veritatem,
3007 3150 3119 3203 nisi
3142 3150 3356 3204 formas
3374 3166 3680 3221 corporeus
3697 3150 3969 3223 cogitare,

2331 3239 2449 3294 sive
2470 3238 2685 3306 finitas,
2706 3239 2825 3293 sive
2841 3255 2909 3293 ex
2925 3237 3221 3309 aliquibus
3239 3240 3505 3309 partibus
3528 3239 3821 3308 infinitas;
3844 3257 3971 3312 qua

2330 3326 2529 3382 inania
2552 3327 2959 3398 phantasmata
2976 3343 3105 3381 esse
3122 3327 3360 3382 nescitis
3377 3327 3404 3382 ?
3422 3327 3669 3383 Proinde
3685 3344 3819 3384 cum
3837 3333 3976 3385 tan-

2332 3422 2457 3472 tum
2480 3416 2707 3470 intersit
2724 3416 2875 3471 inter
2890 3416 3299 3487 cogitationem
3321 3433 3437 3488 qua
3454 3417 3641 3489 cogito
3660 3423 3875 3473 terram
3889 3417 3978 3473 lu-

2334 3505 2511 3561 minis
2531 3509 2781 3560 vestram
2808 3522 2934 3576 quae
2957 3505 3195 3560 omnino
3220 3523 3508 3577 nusquam
3532 3511 3641 3574 est,
3672 3511 3728 3562 et
3752 3507 3975 3581 cogita-

2332 3594 2548 3649 tionem
2566 3611 2680 3665 qua
2695 3594 3140 3666 cogitoAlexand
3151 3595 3295 3650 riam
3312 3613 3486 3667 quam
3502 3596 3948 3667 nunquam,vidi
3961 3637 3975 3662 ,

2334 3683 2433 3738 sed
2454 3687 2645 3737 tamen
2662 3689 2779 3749 est;
2802 3700 3124 3754 rursusque
3139 3689 3368 3739 tantum
3390 3684 3621 3739 intersit
3637 3686 3786 3740 inter
3803 3685 3974 3740 istam

2336 3788 2450 3843 qua
2470 3772 2657 3843 cogito
2679 3770 3084 3827 Alexandriam
3110 3772 3488 3846 incognitam,
3514 3782 3571 3829 et
3596 3790 3723 3830 eam
3751 3791 3866 3847 qua
3882 3789 3977 3829 co-

2335 3861 2452 3934 gito
2473 3860 2879 3933 Carthaginem
2905 3862 3199 3934 cognitam
3228 3880 3239 3919 :
3266 3864 3337 3919 ab
3362 3864 3469 3918 hac
3492 3880 3724 3935 quoque
3754 3864 3974 3937 cogita-

2336 3950 2491 4006 tione
2513 3967 2628 4022 qua
2651 3954 2805 4005 certa
2826 3955 2883 4005 et
2904 3956 3041 4007 nota
3059 3968 3299 4024 corpora
3321 3954 3530 4025 cogito,
3554 3954 3722 4025 longe
3740 3954 3976 4009 incom-

2336 4038 2861 4112 parabiliterdistat
2876 4040 3146 4113 cogitatio
3163 4041 3861 4114 quaintelligojustitiam
3879 4058 3973 4097 ca-

2336 4129 2615 4197 stitatem,
2632 4128 2826 4194 fidem,
2840 4131 3165 4201 veritatem,
3182 4131 3546 4197 charitatem,
3564 4131 3906 4199 bonitatem,
3922 4136 3977 4187 et

2337 4216 2621 4289 quidquid
2646 4218 2935 4288 ejusmodi
2960 4224 3050 4274 est
3074 4236 3086 4274 ε
3114 4237 3240 4291 quae
3264 4221 3537 4291 cogitatio
3569 4221 3766 4287 dicite,
3798 4220 3846 4275 si
3868 4237 3975 4292 po-

2335 4307 2523 4373 testis,
2549 4306 2719 4377 quale
2740 4306 2937 4363 lumen
2961 4309 3056 4375 sit,
3082 4326 3193 4379 quo
3215 4309 3315 4364 illa
3337 4308 3536 4364 omnia
3566 4326 3693 4380 quae
3722 4308 3830 4364 hoc
3862 4325 3976 4364 non

2336 4400 2495 4462 sunt,
2520 4401 2577 4451 et
2593 4396 2747 4450 inter
2766 4413 2827 4452 se
2848 4397 3276 4470 discernuntur,
3299 4403 3355 4453 et
3377 4404 3661 4468 quantum
3684 4399 3756 4453 ab
3770 4396 3975 4452 hocdi-

2338 4489 2511 4551 stent,
2564 4485 2680 4539 ﬁda
2725 4486 3189 4542 manifestatione
3236 4487 3645 4559 cognoscitur:
3697 4490 3754 4541 et
3782 4490 3978 4541 tamen

2336 4574 2511 4629 etiam
2534 4572 2642 4628 hoc
2666 4572 2887 4641 lumen,
2912 4592 3025 4630 non
3047 4575 3345 4632 estlumen
3361 4575 3505 4630 illud
3522 4576 3677 4647 quod
3694 4579 3842 4631 Deus
3855 4580 3979 4641 est;

2337 4661 2445 4717 hoc
2466 4662 2620 4717 enim
2645 4670 2911 4719 creatura
2933 4669 3040 4730 est,
3066 4668 3299 4721 Creator
3321 4670 3410 4721 est
3431 4664 3527 4720 ille
3553 4682 3566 4733 ;
3598 4664 3707 4720 hoc
3737 4665 3977 4731 factum,

2337 4750 2432 4806 ille
2455 4751 2551 4822 qui
2578 4751 2742 4819 fecit;
2766 4751 2875 4807 hoc
2899 4753 3152 4824 denique
3176 4754 3478 4819 mutabile,
3502 4754 3641 4809 dum
3668 4752 3795 4809 vult
3824 4753 3977 4825 quod

2338 4840 2591 4905 nolebat,
2616 4844 2671 4895 et
2694 4841 2805 4896 scit
2827 4843 2980 4913 quod
3005 4843 3320 4911 nesciebat,
3343 4848 3395 4897 et
3416 4842 3977 4913 reminisciturquod

2335 4928 2582 4983 oblitum
2609 4933 2750 4995 erat,
2777 4928 2919 4984 illud
2945 4935 3137 4985 autem
3164 4930 3633 4985 incommutabili
3652 4929 3978 4997 voluntate,

2334 5019 2597 5087 veritate,
2632 5019 2948 5074 aeternitate
2981 5020 3241 5092 persistit
3267 5064 3279 5088 ,
3313 5027 3371 5076 et
3401 5021 3535 5075 inde
3566 5021 3735 5075 nobis
3757 5024 3847 5075 est
3867 5020 3979 5075 ini-

2337 5108 2483 5162 tium
2507 5106 2815 5177 existendi,
2839 5110 2987 5164 ratio
3009 5109 3418 5181 cognoscendi,
3440 5108 3528 5165 lex
3552 5110 3786 5165 amandi
3809 5108 3981 5179 ;inde

2335 5195 3124 5253 omnibusetirrationalibus
3137 5199 3537 5254 animantibus
3552 5198 3981 5270 naturaquavi-

2334 5290 2499 5354 vunt,
2526 5284 2690 5355 vigor
2710 5301 2825 5357 quo
2847 5287 3128 5353 sentiunt,
3152 5297 3343 5343 motus
3367 5305 3482 5359 quo
3504 5292 3788 5360 appetunt
3807 5305 3821 5356 ;
3840 5288 3980 5344 inde

2337 5374 2507 5429 etiam
2521 5373 2789 5429 omnibus
2802 5376 3142 5446 corporibus
3155 5391 3429 5431 mensura
3442 5378 3977 5444 utsubsistant,nu-

2336 5479 2532 5519 merus
2551 5467 2614 5518 ut
2631 5468 2929 5530 ornentur,
2951 5464 3179 5535 pondus
3198 5470 3259 5518 ut
3275 5466 3638 5522 ordinentur.
3663 5467 3862 5537 Itaque
3885 5467 3980 5523 lu-

2335 5569 2468 5608 men
2488 5552 2626 5607 illud
2647 5552 2902 5607 Trinitas
2916 5552 3504 5626 inseparabilis,unus
3520 5555 3672 5612 Deus
3685 5558 3979 5629 est,cujus

2332 5658 2433 5700 vos
2464 5641 2624 5699 nullo
2655 5657 2894 5714 corpore
2919 5642 3217 5714 adjuncto,
3247 5659 3353 5717 per
3368 5661 3443 5703 'se
3480 5645 3671 5718 ipsam
3700 5644 3976 5721 incorpo-
