4462 6504
104 410 205 472 373

105 557 242 598 ream
275 540 642 613 spirutalem,
668 541 1303 615 incommutabilenque
1343 543 1733 598 substantiam

103 632 261 689 etiam
295 630 438 685 locis
469 630 746 684 dividitis.
782 631 897 686 Nec
926 631 1130 686 saltem
1173 632 1442 688 Trinitati
1469 631 1594 687 loca
1624 631 1736 686 tria

98 720 254 789 datis,
279 720 381 774 sed
404 724 654 791 quatuor
686 720 876 774 :Patri
910 721 1176 789 unum,id
1201 726 1306 787 est;
1344 722 1540 776 lumen
1574 721 1731 775 inac-

97 808 374 874 cessibile,
396 809 550 879 quod
573 825 812 880 prorsus
836 826 948 863 non
975 809 1325 880 intelligitis,
1344 810 1483 864 Filio
1503 811 1733 877 duo,so-

97 899 202 955 lem
228 897 447 952 scilicet
468 902 639 966 atque
663 898 881 964 lunam;
911 897 1150 968 Spiritui
1175 903 1375 952 sancto
1400 915 1602 952 rursus
1631 915 1731 951 un-

101 1005 210 1056 um,
241 986 296 1040 id
330 992 440 1050 est,
467 986 614 1040 aeris
639 987 793 1040 hunc
817 1003 1046 1041 omnem
1088 987 1396 1041 ambitum.
1436 991 1512 1041 De
1542 986 1730 1041 Patris

101 1092 220 1147 ergo
245 1074 632 1130 inaccessibili
650 1075 1035 1144 lumine,quia
1053 1091 1242 1129 veram
1278 1075 1447 1128 fidem
1472 1075 1727 1129 tenenti-

99 1166 197 1220 bus
229 1181 340 1218 non
374 1163 510 1219 inde
536 1169 840 1235 separatur
879 1162 1059 1218 Filius
1089 1167 1144 1217 et
1174 1162 1425 1233 Spiritus
1465 1167 1722 1228 sanctus,

95 1254 389 1319 hactenus,
424 1253 480 1307 in
517 1253 825 1324 presentia
857 1253 1119 1306 dixerim.

158 1341 377 1397 CAPUT
396 1343 519 1396 VII.
555 1372 619 1381 —
650 1344 864 1395 Vestra:
896 1346 1089 1395 autem
1120 1339 1301 1394 vaniti
1334 1340 1473 1410 quid
1509 1338 1726 1410 placuit

91 1433 143 1487 in
174 1430 290 1486 sole
320 1446 535 1502 ponere
557 1430 826 1484 virtutem
851 1429 998 1497 Filii,
1027 1434 1082 1483 et
1113 1429 1170 1483 in
1189 1428 1325 1483 luna
1348 1427 1724 1499 sapientiam?

88 1520 220 1576 Cum
249 1520 407 1574 enim
439 1519 498 1572 in
531 1519 656 1590 ipso
682 1523 846 1572 Patre
870 1517 1048 1572 Filius
1067 1517 1475 1589 inseparabilis
1494 1505 1725 1571 mancat

85 1609 357 1682 quomodo
390 1611 580 1679 potest
612 1606 898 1678 sapientia
919 1608 1045 1677 ejus
1078 1607 1149 1660 ab
1181 1607 1306 1675 ejus
1327 1606 1538 1660 virtute
1560 1622 1719 1676 sepa-

85 1697 287 1768 rari,ut
319 1696 416 1751 illa
443 1696 518 1751 sit
547 1696 604 1750 in
639 1695 779 1764 sole,
814 1695 934 1750 haec
962 1696 1020 1749 in
1063 1694 1230 1761 luna;
1267 1711 1398 1749 cum
1432 1711 1533 1765 per
1561 1695 1717 1763 ejus-

85 1785 229 1841 modi
260 1784 418 1840 locos
447 1785 558 1840 nisi
591 1800 831 1855 corpora
848 1783 1025 1838 dividi
1051 1782 1423 1854 separarique
1446 1800 1559 1837 non
1585 1799 1716 1853 pos-

87 1874 226 1931 sint?
255 1873 416 1938 Quod
460 1875 508 1929 si
561 1874 808 1942 sciretis,
845 1889 1142 1940 nunquam
1180 1872 1361 1927 stulto
1393 1872 1716 1942 insanoque

86 1964 487 2037 phantasmate
518 1967 710 2018 tantas
736 1963 963 2017 fabulas
995 1964 1291 2017 texeretis.
1323 1964 1393 2016 At
1414 1962 1471 2015 in
1493 1979 1558 2016 ea
1590 1961 1716 2032 ipsa

85 2053 325 2108 falsitate
347 2057 520 2124 atque
553 2051 800 2121 fallacia,
825 2067 999 2122 quam
1024 2051 1360 2123 incongrue,
1385 2067 1562 2121 quam
1585 2066 1711 2121 per-

82 2158 232 2196 verse
244 2143 442 2198 sedem
466 2140 761 2213 sapientiae
779 2139 1176 2194 minuslucere
1194 2139 1409 2205 dicitis,
1430 2155 1604 2209 quam
1628 2156 1712 2194 se-

83 2231 203 2286 dem
236 2230 497 2297 virtutis;
543 2246 675 2285 cum
708 2229 779 2284 ad
810 2229 1082 2283 virtutem
1112 2228 1403 2299 pertinere
1452 2227 1712 2282 videatur

81 2319 291 2390 operari
351 2323 408 2374 et
459 2318 704 2387 efficere,
755 2317 822 2372 ad
857 2316 1201 2386 sapientiam
1233 2333 1366 2372 vero
1414 2317 1617 2372 docere
1654 2319 1711 2370 et

78 2409 408 2464 ostendere:
436 2425 500 2462 ac
532 2424 632 2479 per
662 2407 768 2461 hoc
799 2406 845 2462 si
880 2405 1038 2460 calor
1087 2405 1145 2459 in
1197 2405 1338 2470 sole,
1373 2405 1472 2460 lux
1512 2409 1704 2459 autem

80 2497 431 2570 prazpolleret
461 2496 519 2550 in
552 2495 711 2566 luna,
741 2502 1055 2566 utcumque
1087 2495 1446 2549 invenissent
1474 2493 1586 2548 ista
1607 2494 1707 2564 ﬁg-

76 2592 262 2642 menta
277 2585 807 2641 verisimilitudinis
831 2584 1126 2651 nebulam,
1151 2583 1489 2638 hominibus
1512 2599 1708 2637 carna-

78 2674 294 2730 libuset
308 2673 664 2729 animalibus
686 2673 1042 2744 decipendis,
1065 2671 1161 2742 qui
1178 2670 1321 2725 nihil
1337 2676 1543 2742 putant
1557 2687 1704 2736 esse,

74 2764 178 2820 nisi
202 2765 356 2836 quod
381 2761 678 2835 corporale
701 2761 1113 2833 cogitaverint;
1160 2759 1366 2816 caloris
1396 2760 1550 2814 enim
1584 2760 1706 2814 vio-

74 2854 224 2910 lenta
254 2852 520 2924 operatio
553 2855 640 2906 est
670 2851 740 2906 ad
767 2851 1163 2916 movendum',
1197 2850 1350 2904 unde
1380 2848 1578 2902 virtuti
1604 2848 1706 2902 tri-

71 2943 377 3008 bueretur;
415 2941 561 2996 lucis
612 2944 801 2995 autem
851 2939 1044 2994 clarus
1092 2937 1302 3010 fulgor,
1345 2937 1416 2992 ad
1469 2938 1707 2992 demon-

75 3031 529 3100 standum,unde
551 3030 700 3084 hanc
721 3028 1016 3100 sapientiae
1041 3029 1276 3083 darent:
1299 3043 1431 3082 cum
1461 3044 1593 3082 vero
1611 3026 1708 3082 lux

73 3120 235 3192 longe
259 3121 317 3175 in
353 3119 475 3175 sole
508 3117 812 3190 praecellat,
834 3118 1125 3188 quomodo
1155 3117 1234 3170 ibi
1268 3116 1475 3181 virtus,
1500 3115 1592 3170 hic
1607 3132 1708 3170 au-

71 3213 179 3264 tem
216 3209 372 3280 quod
404 3211 566 3262 tanto
591 3207 787 3262 minus
810 3205 983 3273 lucet,
1006 3205 1291 3277 sapientia
1321 3204 1444 3260 est?
1465 3208 1508 3258 υ
1531 3204 1707 3260 sacri-

73 3298 195 3371 lega
217 3296 467 3369 ineptia!
498 3301 554 3351 et
575 3312 708 3350 cum
740 3296 818 3350 sit
850 3312 1002 3350 unus
1033 3295 1288 3364 Chistus,
1314 3294 1410 3349 Dei
1440 3293 1634 3349 Virtus
1656 3298 1712 3348 et

73 3387 165 3443 Dei
196 3386 501 3458 Sapientia
529 3386 574 3452 (Ι
607 3385 728 3440 Cor.
759 3402 798 3454 1,
830 3385 940 3454 24),
976 3383 1229 3455 Spiritus
1251 3387 1443 3438 autem
1470 3388 1708 3437 sanctus

70 3493 176 3532 non
207 3476 334 3548 ipse
366 3475 445 3530 sit
476 3473 772 3530 Christus:
802 3475 1090 3544 quomodo
1117 3478 1420 3544 separatur
1449 3488 1482 3527 a
1505 3471 1709 3542 seipse

67 3565 492 3629 Christus,cum
509 3564 578 3617 ab
602 3579 666 3617 eo
697 3579 808 3616 non
835 3567 1135 3633 separetur
1155 3560 1407 3632 Spiritus
1429 3559 1710 3615 sanctus?

66 3659 262 3708 Aerem
287 3653 711 3724 quippe,quem
737 3651 932 3705 sedem
956 3649 1198 3722 Spiritui
1217 3654 1415 3705 sancto
1429 3652 1619 3704 vestra
1632 3649 1707 3702 fac

61 3742 187 3798 bula
205 3743 439 3809 tribuit,
466 3746 644 3796 totam
673 3741 873 3794 mundi
891 3738 1424 3810 fabricamimplere
1447 3737 1709 3808 perhibe-

61 3831 321 3886 tis.Unde
355 3829 446 3885 sol
471 3834 527 3885 et
549 3829 689 3883 luna
711 3829 988 3883 circuitus
1012 3845 1149 3883 suos
1173 3831 1535 3899 pet-agentes,
1556 3843 1707 3882 sem-

62 3937 156 3992 per
184 3937 320 3976 cum
351 3919 455 3974 illo
485 3923 640 3973 sunt.
667 3924 702 3969 A
741 3917 861 3973 sole
887 3922 1078 3972 autem
1109 3916 1250 3971 luna
1280 3915 1514 3982 recedit,
1549 3920 1604 3970 et
1635 3916 1704 3970 ad

64 4009 234 4064 solem
261 4026 474 4064 rursus
505 4007 760 4062 accedit:
787 4006 867 4061 ita
894 4006 1058 4062 vobis
1089 4006 1446 4075 auctoribus,
1488 4004 1576 4060 vel
1608 4021 1708 4076 po-

62 4099 173 4154 tius
200 4098 641 4169 deceptoribus,
667 4111 768 4167 per
781 4095 1084 4150 dimidiam
1103 4099 1322 4166 partem
1346 4094 1542 4148 circuli
1563 4109 1709 4148 rece-

63 4187 142 4241 dit
163 4205 195 4241 a
212 4188 429 4242 virtute
463 4184 831 4256 sapientia,et
851 4185 919 4239 ad
943 4200 1068 4240 eam
1088 4201 1189 4254 per
1208 4183 1381 4238 aliam
1406 4183 1710 4238 dimidiam

67 4293 266 4332 rursus
315 4276 657 4332 acceditzet
688 4290 820 4328 cum
855 4272 1025 4344 plena
1050 4277 1155 4343 est,
1180 4277 1304 4327 tum
1348 4273 1518 4344 longe
1563 4276 1651 4327 est
1681 4288 1714 4326 a

62 4367 272 4421 virtute
304 4364 632 4437 sapientia;
658 4368 797 4418 tunc
827 4362 982 4418 enim
1003 4367 1120 4416 tam
1145 4364 1314 4433 longo
1347 4360 1651 4416 intervallo
1682 4377 1715 4415 a

63 4469 120 4509 se
150 4455 457 4526 disjuncta
480 4455 621 4507 sunt
641 4451 761 4506 hazc
781 4451 895 4506 duo
919 4451 1162 4520 lumina,
1185 4456 1246 4505 ut
1268 4467 1400 4505 cum
1425 4450 1509 4505 sol
1533 4450 1714 4521 vergit

63 4544 126 4597 ad
152 4544 701 4610 occidentem,tunc
727 4539 864 4595 luna
887 4544 1088 4612 surgat
1117 4541 1188 4594 ab
1220 4540 1440 4594 oriente
1464 4557 1475 4593 :
1502 4555 1570 4593 ex
1601 4555 1714 4608 quo

71 4633 147 4699 ﬁt,
174 4632 544 4704 utquoniam
569 4630 947 4684 infirmantur
964 4629 1159 4683 omnia
1182 4645 1306 4699 quae
1333 4629 1542 4682 virtute
1564 4629 1717 4682 dese-

74 4727 299 4792 runtur,
335 4737 404 4776 eo
427 4719 721 4791 sapientia
746 4719 823 4773 sit
852 4718 1281 4788 inﬁrmior,quo
1313 4723 1403 4772 est
1431 4717 1570 4772 luna
1601 4717 1717 4787 ple-

69 4811 210 4866 nior.
243 4811 303 4866 Si
330 4815 561 4878 autem,
599 4809 750 4878 quod
776 4806 988 4862 veritas
1006 4807 1200 4874 habet,
1225 4811 1281 4862 et
1303 4806 1590 4878 sapientia
1620 4804 1718 4861 Dei

71 4917 296 4971 semper
327 4898 708 4954 tantumdem
741 4896 910 4964 valet,
935 4901 990 4952 et
1017 4897 1200 4951 virtus
1223 4896 1320 4951 Dei
1345 4912 1570 4967 semper
1593 4900 1720 4950 tan-

71 4991 330 5044 tumdem
357 4988 541 5058 sapit;
572 5003 676 5041 cur
701 4986 821 5041 hac
844 4987 926 5041 sic
941 4986 1054 5040 duo
1077 4985 1289 5052 dicitis,
1308 4990 1371 5040 ut
1387 4984 1722 5040 ealocorum

76 5079 309 5134 sedibus
351 5074 805 5145 intervallisque
854 5073 1156 5146 separetis,
1205 5090 1340 5128 cum
1388 5073 1516 5144 ipsa
1558 5073 1725 5127 sedes

76 5168 334 5236 ejusdem
362 5163 683 5221 subtantiae
708 5162 936 5233 dicatis,
961 5161 1226 5216 homines
1257 5177 1405 5215 caeca
1434 5165 1493 5214 et
1521 5159 1730 5215 insana

85 5263 269 5312 mente
302 5272 425 5311 non
458 5253 797 5308 recedentes
827 5269 860 5307 a
894 5251 1300 5322 phantasmate
1321 5266 1650 5320 corporum,
1676 5253 1732 5304 et

74 5345 279 5400 virtute
311 5360 378 5398 ac
404 5341 675 5414 sapiente
698 5341 779 5395 ita
803 5343 1192 5405 carcentes,ut
1213 5355 1317 5395 nec
1331 5355 1532 5409 sapere
1556 5338 1735 5410 possi-

77 5434 144 5489 tis
171 5433 396 5505 aliquid
426 5429 676 5497 fortiter,
707 5447 810 5484 nec
831 5430 1018 5484 valere
1041 5429 1359 5499 sapienter?
1394 5428 1552 5483 Itane
1581 5444 1734 5497 vero,

85 5524 428 5580 detestanda
459 5525 521 5576 et
543 5519 972 5575 anathemanda
993 5518 1215 5587 stultia,
1242 5517 1511 5573 Christus
1533 5534 1635 5588 per
1657 5534 1741 5572 so-

154 5707 167 5737 ι
201 5703 284 5753 Sic
313 5700 523 5752 Mss.At
553 5699 677 5748 editi
710 5699 870 5762 vulgo
892 5699 1069 5748 minus
1098 5699 1252 5758 bene,
1279 5697 1464 5748 caloris
1484 5697 1620 5748 enim
1649 5698 1752 5749 vio-

91 5763 266 5828 lentia,
297 5763 543 5830 operatio
573 5766 647 5812 est
680 5761 754 5813 ad
779 5761 1106 5812 movendum.

1422 411 1656 473 LIBER
1700 411 2156 476 VIGESIMUS.

3368 414 3488 474 374

1841 542 1957 598 lem
1992 544 2310 616 lunamque
2358 545 2650 600 distentus
2683 545 2779 600 hic
2814 545 3026 601 virtute
3066 544 3357 611 habitans,
3391 545 3485 601 hic

1836 633 2141 704 sapientia,
2179 651 2281 688 nec
2313 634 2406 688 hic
2438 634 2724 705 perfectus
2756 639 2812 689 et
2842 635 3070 706 plenus,
3116 649 3221 688 nec
3268 634 3326 687 in
3359 633 3482 688 sole

1836 722 2091 793 sapiens,
2119 739 2220 777 nec
2247 723 2303 776 in
2328 723 2468 777 luna
2491 728 2835 794 praepotens,
2861 724 3170 793 utrobique
3203 722 3477 794 pulchros

1834 828 2044 882 pueros
2076 812 2357 866 subornat
2388 813 2881 882 concupiscendos
2914 811 3166 866 femimis
3199 811 3477 883 principi-

1834 899 1943 955 bus
1976 902 2373 966 tenebrarum,
2407 906 2462 955 et
2486 899 2761 955 masculis
2795 900 3066 972 puellas?
3100 905 3230 954 Haec
3261 900 3475 972 legitis,

1833 988 1954 1043 haac
1986 990 2242 1051 creditis.
2278 989 2397 1043 haec
2431 988 2649 1044 docetis
2679 1007 2691 1043 :
2724 1006 2790 1043 ex
2814 989 2920 1043 hac
2955 990 3064 1043 fide
3097 989 3478 1060 doctrinaque

1830 1077 2066 1143 vivitis;
2100 1083 2156 1132 et
2187 1078 2484 1132 miramini
2518 1078 2654 1148 quia
2681 1077 2764 1131 sic
2786 1077 3203 1131 abominamini
3231 1077 3242 1131 l

1903 1165 2133 1220 CAPUT
2159 1165 2569 1221 IX.—Verum
2606 1166 2654 1220 si
2687 1166 2744 1219 in
2779 1165 2907 1220 istis
2930 1170 3051 1219 tam
3083 1164 3478 1220 eminentibus

1831 1254 2272 1326 notissimisque
2304 1254 2629 1309 luminibus
2672 1254 2757 1309 sic
2806 1253 3035 1318 erratis,
3066 1257 3130 1307 ut
3157 1253 3216 1307 in
3246 1252 3330 1307 eis
3361 1269 3476 1308 non

1827 1343 1978 1413 quod
1997 1349 2134 1398 sunt
2153 1345 2253 1398 sed
2278 1345 2429 1414 quod
2453 1345 2615 1399 vobis
2640 1343 3080 1398 dementissime
3095 1342 3313 1414 fingitis
3344 1342 3477 1396 ado-

1827 1431 1987 1498 retis,
2025 1432 2161 1503 quid
2197 1433 2266 1488 de
2296 1433 2518 1487 caeteris
2546 1433 2751 1488 vestris
2799 1431 3014 1486 fabulis
3060 1428 3288 1486 dicam?
3331 1430 3472 1495 Quis

1823 1520 1980 1574 enim
2010 1520 2423 1589 spenditenens
2454 1521 2729 1591 supendit
2750 1521 3057 1586 mundum,
3084 1525 3141 1575 et
3163 1519 3468 1590 quisAtlas

1825 1623 1959 1662 cum
1979 1608 2075 1663 illo
2096 1610 2426 1680 supportat?
2448 1614 2573 1664 Haec
2593 1608 3130 1678 etinnumerabilia,
3154 1625 3277 1679 quas
3301 1607 3464 1663 simi-

1824 1695 1956 1750 liter
1985 1697 2266 1765 deliratis,
2300 1699 2557 1753 omnimo
2584 1715 2695 1753 non
2714 1702 2870 1761 sunt,
2896 1702 2953 1752 et
2983 1697 3173 1753 colitis
3196 1714 3282 1752 ea.
3319 1697 3464 1751 Hinc

1821 1801 1925 1840 vos
1959 1785 2205 1856 Paganis
2237 1787 2487 1841 dicimus
2519 1787 2851 1851 deteriores,
2874 1803 2939 1841 eo
2965 1791 3192 1841 tantum
3217 1785 3462 1848 similes,

1820 1875 1974 1944 quod
2000 1875 2214 1929 multos
2240 1876 2376 1930 deos
2397 1875 2584 1930 colitis
2610 1893 2622 1931 :
2646 1892 2712 1931 eo
2727 1891 2859 1930 vero
2878 1875 2937 1929 in
2960 1877 3213 1946 pejorem
3239 1880 3462 1946 partem

1820 1962 2159 2030 dissimiles,
2185 1965 2336 2034 quod
2372 1964 2455 2018 illi
2488 1981 2589 2036 pro
2612 1965 2724 2020 diis
2738 1981 2803 2021 ea
2817 1963 3013 2019 colunt
3034 1980 3159 2034 quas
3186 1964 3463 2029 sunt,sed

1820 2051 1898 2106 dii
1923 2068 2037 2107 non
2062 2056 2222 2121 sunt;
2264 2070 2362 2108 vos
2395 2058 2588 2108 autem
2621 2053 2810 2108 colitis
2841 2069 2909 2108 ea
2938 2070 3062 2124 quis
3095 2068 3198 2106 nec
3230 2051 3332 2116 dii,
3361 2068 3464 2106 nec

1817 2140 2039 2212 aliquid
2074 2146 2230 2210 sunt,
2266 2142 2538 2213 quoniam
2572 2158 2814 2212 prorsus
2855 2140 3014 2196 nulla
3045 2145 3201 2194 sunt.
3241 2140 3464 2194 [labent

1817 2229 2056 2301 quidem
2087 2235 2142 2285 et
2172 2229 2250 2284 illi
2276 2231 2538 2298 quaedam
2569 2229 2836 2286 fabulosa
2867 2230 3164 2300 ﬁgmenta,
3200 2229 3297 2284 sed
3331 2245 3458 2283 esse

1816 2316 1946 2373 illas
1962 2318 2188 2374 fabulas
2213 2323 2461 2386 norunt;
2488 2324 2545 2374 et
2565 2318 2651 2373 vel
2675 2337 2707 2374 a
2730 2319 2913 2391 poetis
2936 2317 3253 2373 delectandi
3279 2334 3458 2372 causa

1815 2406 1983 2462 ﬁctas
2013 2424 2140 2462 esse
2172 2413 2463 2472 asserunt,
2495 2407 2581 2463 vel
2617 2425 2715 2464 eas
2738 2409 2809 2462 ad
2843 2412 3112 2462 naturam
3147 2423 3342 2461 rerum
3365 2406 3452 2461 vel

1811 2511 2002 2551 mores
2030 2496 2333 2551 hominum
2358 2497 2724 2567 interpretari
2744 2500 3056 2552 conantur:
3075 2495 3226 2550 sicut
3243 2494 3450 2550 Vulca-

1809 2601 1952 2638 num
1972 2583 2572 2656 claudum,quiaignis
2593 2584 3012 2640 terrenimotus
3029 2584 3315 2654 ejusmodi
3338 2588 3447 2652 est;

1810 2677 1868 2728 et
1888 2673 2202 2727 Fortunam
2229 2690 2458 2744 caecam,
2482 2675 2632 2743 quod
2663 2691 2731 2730 ex
2752 2674 2970 2729 incerto
3001 2674 3284 2739 accidant,
3321 2689 3445 2745 qua

1811 2759 2047 2815 fortuita
2075 2761 2370 2829 dicuntur;
2403 2765 2459 2816 et
2482 2762 2590 2816 tria
2611 2762 2748 2817 Fata
2769 2762 2828 2816 in
2852 2761 2975 2818 colo
2989 2765 3046 2817 et
3066 2762 3192 2817 fuso
3220 2761 3448 2834 digitis-

1813 2865 1924 2920 que
1956 2847 2117 2904 filum
2141 2866 2210 2904 ex
2233 2848 2382 2917 lana,
2414 2850 2845 2921 torquentibus,
2880 2857 3115 2922 propter
3152 2851 3267 2905 tria
3303 2855 3449 2905 tem-

1812 2938 2334 3009 pora,pra3teritum
2367 2939 2522 3009 quod
2551 2939 2609 2994 in
2643 2940 2773 2994 fuso
2797 2940 2921 3008 jam
2941 2944 3142 2994 netum
3165 2943 3338 3010 atque
3361 2939 3449 2994 in-

1812 3026 2074 3081 volutum
2099 3032 2205 3094 est,
2240 3044 2497 3098 praesens
2519 3027 3062 3100 quodinterdigitos
3077 3029 3266 3083 nentis
3294 3028 3456 3098 traji-

1812 3116 1981 3181 citur,
2008 3116 2270 3170 futurum
2304 3117 2360 3170 in
2393 3117 2545 3188 lana,
2566 3134 2694 3188 quas
2715 3117 3152 3188 coloimplicata
3182 3123 3270 3172 est
3301 3118 3454 3188 quod

1813 3204 2006 3260 adhuc
2027 3221 2128 3276 per
2148 3205 2358 3277 digitos
2373 3207 2563 3261 uentis
2585 3207 2656 3260 ad
2671 3206 3172 3277 fusum,tanquam
3199 3222 3299 3277 per
3316 3222 3454 3277 pras-

1814 3309 1949 3349 sens
1988 3294 2058 3348 ad
2101 3294 2453 3364 praeteritum
2497 3293 2902 3364 trajiciendum
2939 3297 3136 3360 est;et
3175 3293 3455 3348 Venerem

1813 3380 2060 3436 Vulcani
2093 3399 2351 3450 uxorem,
2376 3382 2514 3453 quia
2533 3399 2601 3438 ex
2621 3383 2810 3439 calore
2832 3383 3096 3454 voluptas
3117 3382 3459 3440 naturaliter

1814 3471 2133 3540 nascitur‘,
2165 3477 2221 3526 et
2239 3472 2437 3526 Martis
2459 3471 2806 3537 adulteram,
2826 3472 2964 3543 quia
2976 3470 3454 3542 belligerantibus

1812 3559 2135 3631 incongrua
2156 3565 2274 3627 est;
2300 3565 2355 3614 et
2375 3560 2720 3631 Cupidinem
2746 3577 2990 3632 puerum
3013 3559 3364 3614 volitandem
3389 3576 3452 3614 ac

1813 3649 2215 3720 sagittantem,
2241 3651 2396 3720 quod
2420 3648 2838 3704 irrationalibis
2870 3653 2927 3704 et
2969 3647 3260 3703 instabilis
3291 3664 3454 3702 arnor

1813 3737 1989 3792 corda
2019 3737 2281 3792 vulneret
2299 3737 2647 3792 miserorum
2667 3742 2750 3792 :et
2768 3737 2882 3791 alia
2905 3739 3195 3808 permulta
3217 3735 3274 3790 in
3299 3735 3454 3790 hunc

1815 3827 2378 3890 modum.0uocirca
2401 3827 2506 3881 hoc
2538 3827 2595 3880 in
2618 3827 2702 3881 eis
2724 3826 3056 3890 irridemus,
3091 3827 3243 3895 quod
3279 3825 3455 3878 inter-

1815 3919 2040 3986 pretata
2072 3915 2157 3970 sic
2201 3915 2467 3983 adorant,
2502 3931 2627 3985 quae
2681 3932 2794 3969 non
2844 3914 3155 3983 intellecta,
3193 3913 3458 3984 quamvis

1815 4003 2252 4069 damnabiliter,
2287 4009 2481 4058 tamen
2515 4003 2908 4058 excusabilius
2944 4004 3270 4058 adorarent.
3313 4001 3461 4073 Ipsis

1815 4094 2029 4163 quippe
2045 4092 2618 4162 interpretationibus
2634 4091 3201 4156 convincuntur,non
3217 4107 3278 4146 se
3294 4089 3462 4145 illum

1817 4181 2003 4236 Deum
2028 4180 2411 4250 colere,cujus
2434 4180 2617 4236 solius
2641 4179 3082 4252 participatione
3113 4195 3277 4235 mens
3298 4179 3467 4235 beata

1819 4271 1902 4336 fit,
1932 4270 2031 4324 sed
2065 4270 2135 4324 ab
2170 4269 2268 4325 illo
2292 4270 2590 4324 conditam
2639 4273 2993 4325 creaturam:
3032 4285 3134 4323 nec
3165 4268 3318 4324 solas
3352 4269 3462 4324 vir-

1820 4364 1973 4414 tutes
1997 4359 2182 4430 ipsius
2205 4359 2664 4426 creaturae,sicut
2680 4359 3193 4429 Minervam,eujus
3209 4357 3465 4413 fabulam

1821 4449 1974 4520 quod
2009 4449 2078 4503 de
2106 4449 2264 4504 Jovis
2296 4449 2483 4520 capite
2506 4452 2642 4502 nata
2665 4449 2762 4514 sit,
2787 4449 2856 4502 ad
2882 4449 3253 4518 prudentiam
3277 4447 3464 4501 consi-

1820 4535 2037 4593 liorum
2072 4537 2549 4608 interpretantur,
2573 4553 2701 4607 quas
2719 4536 2962 4592 rationis
2984 4541 3072 4591 est
3093 4535 3342 4608 propria,
3373 4536 3464 4590 cui

1823 4628 2021 4683 sedem
2054 4626 2264 4698 capitis
2299 4627 2472 4681 etiam
2524 4625 2686 4680 Plato
2719 4626 2907 4688 dedit;
2963 4627 3061 4680 sed
3108 4627 3282 4680 etiam
3308 4624 3464 4687 vitia,

1824 4717 1976 4772 sicut
2003 4716 2073 4770 de
2104 4714 2388 4786 Cupidine
2442 4714 2716 4769 diximus.
2769 4714 2930 4771 Unde
2975 4715 3215 4786 quidam
3265 4730 3465 4770 eorum

1825 4804 2085 4876 tragicns
2119 4805 2199 4859 ait
2229 4820 2242 4858 :

1896 4965 2061 5014 Deum
2092 4976 2216 5026 esse,
2235 4975 2488 5023 amorem,
2520 4962 2690 5026 turpis
2721 4965 2772 5012 et
2799 4963 2923 5013 vitio
2943 4963 3125 5012 favens

1898 5026 2073 5075 Finxit
2092 5025 2275 5074 libido.

1894 5090 2111 5151 (Seneca
2140 5088 2192 5136 in
2225 5086 2519 5152 Hippolyto,
2551 5091 2650 5138 act.
2672 5091 2718 5148 1,
2746 5090 2944 5146 ιοεη.2,
2976 5101 3105 5136 vers.
3128 5089 3233 5144 194,
3264 5088 3386 5146 195).

1841 5247 1987 5304 Nam
2003 5251 2057 5302 et
2071 5246 2457 5320 corporalium
2473 5247 2749 5304 vitiorum
2773 5247 3087 5302 simulacra
3099 5246 3337 5301 Romani
3356 5263 3486 5302 con-

1843 5343 2234 5404 secraverunt,
2260 5336 2412 5392 sicut
2447 5336 2690 5392 Palloris
2719 5342 2775 5391 et
2801 5335 3016 5391 Febris.
3051 5334 3123 5390 Ut
3156 5351 3287 5405 ergo
3311 5335 3485 5390 omit-

1842 5432 1963 5482 tam
1985 5427 2137 5499 quod
2170 5424 2620 5481 simulacrorum
2654 5425 2986 5479 adoratores
3017 5424 3342 5494 circaipsas
3364 5442 3487 5479 cor-

1849 5533 2056 5588 porum
2091 5515 2308 5587 ﬁguras
2335 5515 2553 5571 habent
2579 5514 2870 5581 affectum,
2897 5517 2961 5568 ut
2982 5513 3252 5584 easipsas
3274 5515 3490 5570 formas

1849 5607 1910 5662 in
1940 5606 2082 5662 locis
2113 5603 2553 5661 honorabilibus
2584 5604 2955 5674 sublimatae,
2999 5603 3212 5675 quibus
3262 5609 3489 5660 tantum

1924 5763 1939 5798 ί
1977 5761 2090 5813 Am.
2115 5760 2200 5810 Er.
2233 5762 2286 5811 et
2313 5759 2422 5810 fere
2452 5772 2636 5809 omnes
2666 5759 2807 5823 Msa,
2837 5759 3148 5810 naturaliter
3167 5757 3450 5809 asci'scitur.
