4462 6492
129 487 253 549 385

133 623 490 693 pugnantes.
515 622 589 675 At
617 618 715 676 illo
738 618 918 691 cultu,
939 636 1064 691 qua
1084 619 1277 675 Grace
1309 616 1527 694 λατρεία
1551 619 1782 689 dicitur,

132 710 317 767 latine
349 725 465 766 uno
494 710 668 764 verbo
700 709 815 764 dici
846 726 960 763 non
993 713 1202 781 potest,
1237 726 1370 764 cum
1415 710 1493 764 sit
1519 708 1786 779 quadam

134 799 371 871 proprie
402 798 689 853 divinitati
722 798 919 853 debita
940 798 1212 865 servitus,
1246 815 1348 853 nec
1381 797 1650 864 colimus,
1688 812 1791 851 nec

133 889 453 944 colendum
477 888 895 957 docemus,nisi
922 905 1103 942 unum
1120 887 1473 943 Deum.Cum
1499 892 1694 942 autem
1719 886 1791 940 ad

135 978 297 1033 hunc
329 977 551 1032 cultum
575 976 859 1047 pertineat
875 976 1087 1031 oblatio
1106 976 1399 1045 sacriﬁcii,
1425 976 1577 1030 unde
1602 974 1792 1029 idolo-

140 1067 320 1122 latria
350 1066 561 1120 dicitur
576 1082 777 1120 eorum
810 1066 909 1137 qui
940 1065 1049 1121 hoc
1072 1067 1249 1121 etiam
1270 1064 1446 1121 idolis
1479 1063 1787 1131 exhibent;

142 1155 310 1211 nullo
345 1155 517 1210 modo
546 1153 661 1210 tale
687 1153 903 1226 aliquid
946 1154 1266 1221 offerimus,
1300 1158 1399 1209 aut
1429 1153 1788 1209 offerendum

144 1243 546 1316 pracipimus,
596 1242 684 1298 vel
734 1243 1010 1315 cuiquam
1060 1242 1321 1312 martyri,
1377 1241 1466 1297 vel
1517 1240 1791 1312 cuiquam

143 1337 365 1389 sancta
398 1330 731 1401 anima,vel
764 1331 1039 1403 cuiquam
1073 1331 1276 1402 angelo
1309 1349 1321 1386 :
1359 1336 1413 1387 et
1442 1328 1791 1403 quisquisin

143 1424 307 1478 hunc
324 1436 578 1476 errorem
598 1420 1225 1492 delabitur,corripitur
1242 1436 1343 1493 per
1354 1436 1556 1475 sanam
1582 1417 1794 1474 doctri-

143 1525 311 1575 nam,
346 1509 467 1565 sive
497 1512 562 1564 ut
592 1509 919 1582 corrigatur
945 1514 987 1573 ι,
1019 1510 1139 1564 sive
1170 1514 1235 1564 ut
1283 1513 1571 1565 caveatur.
1604 1508 1789 1563 Etiam

140 1597 261 1669 ipsi
294 1598 448 1653 enim
482 1599 689 1665 sancti,
724 1598 811 1653 vel
841 1598 1128 1667 homines,
1159 1598 1245 1654 vel
1275 1597 1501 1670 Angeli,
1536 1594 1793 1651 exhiberi

143 1687 262 1741 sibi
298 1687 525 1751 nolunt,
560 1688 713 1758 quod
738 1688 836 1741 uni
871 1688 986 1742 Deo
1018 1687 1212 1742 deberi
1246 1692 1483 1741 norunt.
1510 1684 1797 1757 Apparuit

144 1775 261 1830 hoc
294 1775 351 1829 in
385 1775 561 1831 Paulo
601 1780 657 1831 et
688 1776 972 1845 Barnaba,
1007 1793 1139 1831 cum
1191 1775 1463 1831 commoti
1499 1771 1795 1830 miraculis

146 1881 283 1936 qua
308 1880 517 1936 pereos
541 1864 688 1918 facta
702 1868 841 1919 sunt
863 1864 1437 1936 Lycaonii,tanquam
1462 1863 1796 1918 diisimmo-

144 1951 275 2007 lare
315 1952 623 2007 voluerunt
654 1968 667 2007 :
702 1952 1018 2008 conscissis
1070 1953 1224 2007 enim
1255 1952 1617 2007 vestimentis
1650 1950 1795 2016 suis,

149 2040 498 2096 conﬁtentes
521 2046 578 2096 et
594 2042 1010 2112 persuadentes
1028 2058 1093 2096 se
1112 2042 1249 2097 deos
1274 2058 1386 2096 non
1409 2040 1675 2106 esse,ista
1689 2037 1799 2093 sibi

151 2128 285 2184 ﬁeri
316 2134 627 2184 vetuerunt
656 2130 788 2200 (Act.
836 2147 942 2191 xw,
978 2131 1157 2197 7-17).
1191 2130 1473 2202 Apparuit
1515 2136 1572 2184 et
1602 2130 1656 2182 in
1691 2129 1801 2181 An-

150 2218 489 2291 gelis,sicut
519 2218 577 2273 in
608 2218 949 2290 Apocalypsi
983 2219 1255 2290 legimus,
1277 2218 1550 2291 angelum
1572 2234 1632 2273 se
1664 2217 1801 2271 ado-

151 2308 273 2361 rari
312 2307 736 2378 prohibentem,
769 2324 835 2362 ac
864 2308 1153 2363 dicentem
1187 2307 1476 2363 adoratori
1509 2324 1636 2374 suo,
1666 2306 1801 2360 Con-

147 2412 343 2451 servus
371 2400 496 2451 tuus
522 2413 647 2451 sum
671 2398 720 2450 el
750 2398 989 2467 fratrum
1019 2405 1238 2451 tuorum
1267 2397 1453 2462 (Apoc.
1486 2413 1601 2461 xxx,
1634 2395 1722 2461 10,
1752 2397 1807 2449 et

150 2502 301 2553 xxu,
333 2485 387 2551 8,
417 2484 493 2555 9).
526 2487 641 2540 Ista
671 2483 781 2539 sibi
814 2483 982 2555 plane
1007 2485 1241 2556 superbi
1274 2485 1515 2555 spiritus
1545 2483 1805 2555 exigunt,

152 2571 433 2628 diabolus
454 2578 508 2627 et
529 2572 718 2643 angeli
743 2572 1047 2642 ejus,sicut
1070 2589 1171 2644 per
1190 2571 1387 2628 omnia
1403 2571 1621 2643 templa
1641 2579 1692 2626 et
1716 2586 1808 2625 sa-

156 2679 266 2718 cra
314 2660 650 2717 Gentilium.
687 2660 943 2724 Quorum
976 2659 1300 2716 similitudo
1346 2661 1404 2715 in
1455 2659 1809 2732 quibusdam

164 2752 349 2806 etiam
384 2749 654 2821 superbis
684 2748 1023 2805 hominibus
1071 2765 1345 2821 expressa
1374 2756 1459 2804 est
1493 2764 1505 2804 :
1543 2748 1696 2803 sicut
1745 2747 1815 2801 de

166 2838 506 2911 Babylonia
541 2839 891 2910 quihusdam
925 2838 1159 2910 regibus
1193 2838 1486 2893 memoria
1515 2853 1815 2892 commen-

171 2930 386 2983 datum
417 2933 704 2983 tenemus.
739 2927 901 2983 Unde
951 2932 1187 2982 sanctus
1218 2925 1417 2983 Daniel
1449 2930 1820 2982 accusatores

180 3033 252 3071 ac
277 3020 673 3088 persecutores
693 3015 1103 3088 pertulit,quod
1125 3015 1277 3088 regis
1304 3016 1493 3071 edicto
1508 3017 1820 3088 proposito,

180 3111 251 3159 ut
283 3105 428 3159 nihil
460 3122 493 3159 a
514 3122 807 3177 quoquam
838 3105 943 3160 deo
976 3109 1282 3176 peteretur,
1308 3104 1420 3160 nisi
1451 3123 1485 3161 a
1513 3122 1647 3177 rege
1676 3105 1822 3173 solo,

176 3199 367 3251 Deum
402 3211 593 3265 suum,
626 3194 734 3249 hoc
781 3198 888 3261 est,
924 3211 1106 3249 unum
1139 3198 1196 3249 et
1241 3210 1441 3249 verum
1477 3200 1653 3250 Deum
1687 3196 1826 3250 ado—

176 3300 314 3340 rare
364 3284 775 3355 deprecarique
826 3283 1225 3355 deprehensus
1255 3287 1343 3339 est
1390 3285 1550 3355 (Dan.
1583 3287 1679 3354 vn).
1716 3283 1823 3347 Qui

174 3378 381 3428 autem
414 3390 475 3428 se
508 3372 565 3427 in
617 3372 915 3428 memoriis
947 3377 1267 3445 martyrum
1319 3373 1631 3441 inebriant,
1678 3390 1821 3445 quo-

118 3530 121 3533 _
174 3462 359 3518 modo
390 3479 423 3517 a
452 3461 616 3517 nobis
666 3460 971 3533 approbari
1008 3464 1272 3532 possunt,
1310 3478 1443 3518 cum
1495 3479 1612 3529 eos,
1648 3462 1821 3518 etiam

174 3552 231 3608 si
264 3552 326 3607 in
360 3551 631 3606 domibus
669 3550 793 3606 suis
841 3550 896 3604 id
934 3550 1164 3620 faciant,
1199 3568 1343 3606 sana
1389 3552 1653 3607 doctrina
1685 3568 1822 3606 con-

175 3640 466 3696 demnet?
495 3639 607 3695 Sed
636 3639 791 3694 aliud
825 3643 913 3694 est
961 3640 1113 3710 quod
1147 3640 1444 3703 docemus,
1478 3640 1635 3696 aliud
1669 3640 1821 3711 quod

178 3731 573 3793 sustinemus,
608 3728 765 3782 aliud
805 3728 956 3797 quod
1004 3728 1635 3800 praciperejubemur,
1667 3729 1825 3785 aliud

179 3820 343 3892 quod
375 3818 682 3873 emendare
714 3817 1104 3889 pracipimur,
1128 3822 1185 3872 et
1214 3818 1395 3873 donec
1424 3818 1825 3884 emendemus,

179 3906 435 3963 tolerare
464 3904 887 3976 conpellimur.
920 3904 1047 3959 Alia
1073 3913 1163 3960 est
1208 3905 1521 3977 disciplina
1548 3907 1827 3962 Christia-

182 4012 424 4067 norum,
458 3994 571 4050 alia
600 3994 830 4050 luxuria
876 3993 1328 4062 vinolentorum,
1360 3994 1445 4051 vel
1478 4013 1637 4052 error
1664 3997 1826 4053 inﬁr-

182 4100 446 4142 morum.
478 4083 893 4139 Verumtamen
924 4088 980 4139 et
1010 4084 1066 4138 in
1098 4083 1207 4140 hoc
1237 4083 1364 4156 ipso
1396 4084 1615 4141 distant
1647 4086 1828 4158 pluri-

181 4192 358 4232 mum
389 4173 574 4245 culpa
609 4172 1032 4229 vinolentorum
1067 4177 1123 4228 et
1169 4173 1606 4247 sacrilegorum.
1642 4176 1831 4249 Longe

182 4265 411 4337 quippe
443 4263 683 4317 minoris
709 4263 921 4333 peccati
955 4266 1063 4329 est,
1088 4263 1314 4318 ebrium
1349 4264 1533 4319 redire
1556 4282 1589 4319 a
1622 4272 1833 4338 marty-

182 4355 376 4413 ribus.
414 4369 587 4423 quam
636 4351 722 4406 vel
764 4352 1037 4422 jejunum
1078 4352 1403 4408 sacriﬁcare
1453 4353 1830 4425 martyribus.

182 4442 532 4497 Sacriﬁcare
580 4440 935 4511 martyribus
984 4439 1142 4495 dixi:
1174 4457 1286 4495 non
1335 4441 1471 4510 dixi,
1503 4443 1833 4499 Sacriﬁcare

181 4531 309 4587 Deo
346 4530 402 4583 in
438 4527 730 4583 memoriis
763 4533 1121 4600 martyrum;
1173 4530 1325 4599 quod
1361 4530 1835 4600 frequentissime

182 4619 467 4683 facimus,
502 4617 596 4673 illo
629 4617 909 4671 duntaxat
935 4617 1046 4671 ritu
1079 4634 1193 4689 quo
1216 4616 1324 4672 sibi
1359 4618 1672 4672 sacriﬁcari
1693 4618 1835 4674 Novi

184 4705 555 4763 Testamenti
579 4705 1045 4761 manifestatione
1080 4706 1351 4778 pracepit
1368 4724 1379 4761 :
1398 4708 1550 4779 quod
1584 4708 1836 4778 pertinet

186 4797 266 4852 ad
299 4795 467 4850 illum
499 4795 743 4860 cultum,
777 4811 903 4865 qua
935 4794 1103 4849 latria
1126 4795 1360 4861 dicitur,
1384 4801 1440 4851 et
1464 4795 1563 4850 uni
1596 4796 1710 4852 Deo
1741 4796 1837 4852 de-

184 4887 386 4942 betur.
423 4884 531 4940 Sed
564 4884 703 4955 quid
734 4900 927 4956 agam,
960 4887 1017 4939 et
1043 4887 1215 4939 tanta
1243 4884 1481 4940 cacitati
1508 4884 1620 4941 isto
1652 4884 1836 4941 hare-

184 4975 443 5031 ticorum
501 4974 734 5045 quando
788 4973 1219 5041 demonstrabo,
1253 4990 1428 5045 quam
1460 4973 1574 5029 vim
1626 4974 1838 5030 habeat

185 5063 354 5136 quod
389 5063 447 5117 in
482 5063 730 5118 Psalmis
759 5061 988 5117 canitur
1020 5077 1033 5116 :
1068 5061 1418 5132 Sacriﬁcium
1466 5063 1643 5118 laudis
1671 5064 1838 5131 glori-

184 5152 384 5223 ﬁcabit
408 5168 513 5220 me,
545 5160 595 5206 et
624 5152 742 5206 illic
780 5153 871 5206 via
906 5153 1004 5215 est,
1034 5151 1132 5205 ubi
1157 5151 1444 5205 ostendam
1472 5151 1570 5207 illi
1596 5153 1841 5208 salutare

182 5258 379 5298 meum
409 5241 576 5311 (Psal.
612 5258 762 5306 χιιι,
791 5240 930 5309 23)?
959 5238 1144 5309 Hujus
1177 5239 1445 5295 sacriﬁcii
1464 5258 1596 5296 caro
1628 5246 1684 5296 et
1709 5258 1840 5297 san-

182 5331 331 5404 guis
362 5333 495 5384 aute
526 5330 830 5384 adventum
848 5327 1059 5383 Christi
1084 5344 1185 5398 per
1214 5327 1477 5384 victimas
1508 5329 1841 5384 similitudi-

182 5435 339 5476 num
362 5419 383 5451 ²
415 5417 904 5488 promittebatur;
937 5416 997 5471 in
1036 5416 1306 5487 passione
1353 5416 1564 5472 Christi
1598 5436 1698 5490 per
1728 5420 1836 5474 Sa-

181 5511 563 5565 cramentum
610 5504 897 5561 memoria
928 5504 1257 5560 celebratur
1288 5520 1301 5559 :
1336 5520 1401 5559 ac
1452 5523 1553 5577 per
1583 5507 1690 5563 hoc
1722 5513 1840 5563 tan-

179 5604 315 5653 tum
353 5596 595 5651 interest
624 5595 773 5650 inter
792 5594 1074 5649 sacriﬁcia
1099 5593 1463 5665 Paganorum
1495 5599 1549 5651 et
1571 5596 1838 5654 Hebrae-

252 5706 269 5738 ί
310 5702 402 5751 Hic
433 5700 573 5764 apud
604 5701 727 5749 Lov.
760 5698 998 5749 additum
1028 5697 1217 5756 fuerat,
1248 5698 1353 5747 sive
1380 5701 1435 5748 ut
1454 5700 1838 5751 condemnetur.

176 5766 356 5821 Abest
386 5765 453 5814 ab
482 5766 598 5813 Am.
630 5764 714 5812 Er.
748 5767 802 5811 et
829 5776 860 5811 a
888 5764 1012 5811 Mes.

248 5830 273 5867 ³
301 5829 422 5880 Duo
455 5828 600 5886 Mss.,
626 5840 719 5891 per
748 5826 1071 5874 victimarum
1098 5822 1510 5876 similitudinem.

1497 485 1729 548 LIBER
1771 486 2223 551 VIGESIMUS.

1892 636 2043 685 rum,
2078 625 2363 692 quantum
2397 621 2780 679 imitationem
2832 630 3149 699 errantem,
3185 632 3243 683 et
3268 630 3535 702 praeﬁgu-

1893 708 2175 763 rationem
2202 712 2706 781 pranuntiantem.
2727 714 2883 768 Sicut
2900 720 3092 770 autem
3115 734 3225 771 non
3258 718 3384 773 ideo
3407 735 3537 773 con-

1892 799 2206 852 temnenda
2237 798 2322 853 vel
2371 799 2711 855 detestanda
2748 808 2835 857 est
2865 804 3170 875 virginitas
3220 808 3537 862 sanctimo-

1895 884 2159 955 nialium,
2186 887 2322 958 quia
2352 893 2409 943 et
2434 888 2695 945 Vestales
2719 891 2968 963 virgines
3003 895 3272 961 fuerunt;
3307 897 3390 951 sic
3424 914 3535 952 non

1892 974 2021 1028 ideo
2054 976 2530 1045 reprehendenda
2551 979 2829 1034 sacriﬁcia
2862 985 3121 1047 Patrum,
3146 986 3282 1054 quia
3313 992 3453 1041 sunt
3481 992 3538 1041 et

1894 1062 2180 1118 sacriﬁcia
2210 1064 2481 1121 Gentium
2517 1085 2529 1122 :
2565 1068 2703 1139 quia
2735 1069 2884 1123 sicut
2915 1069 3065 1124 inter
3090 1071 3220 1126 illas
3238 1073 3535 1145 virginita-

1894 1154 1982 1206 tes
2013 1150 2261 1206 multum
2294 1153 2490 1221 distat,
2525 1156 2790 1226 quamvis
2834 1157 2975 1212 nihil
3009 1158 3166 1214 aliud
3201 1162 3394 1229 distet,
3424 1163 3538 1218 nisi

1896 1256 2021 1312 qua
2053 1240 2145 1295 cui
2176 1247 2455 1297 voveatur
2481 1248 2657 1315 atque
2682 1246 2995 1315 reddatur;
3030 1248 3112 1303 sic
3136 1249 3288 1304 inter
3316 1252 3539 1306 sacriﬁ-

1896 1328 1985 1383 cia
2016 1328 2378 1400 Paganorum
2414 1335 2469 1386 et
2499 1332 2867 1388 Hebraorum
2896 1334 3140 1391 multum
3176 1337 3373 1405 distat,
3411 1356 3538 1411 qua

1896 1416 1988 1471 cui
2020 1416 2139 1471 sint
2168 1417 2471 1474 immolata
2520 1424 2575 1475 et
2604 1421 2798 1477 oblata
2832 1438 2844 1477 :
2877 1422 2978 1478 illa
3028 1425 3245 1481 scilicet
3276 1429 3538 1499 superba

1896 1504 2183 1575 impietati
2225 1508 2641 1564 daemoniorum
2694 1511 2948 1582 idipsum
2984 1513 3095 1568 sibi
3125 1516 3197 1569 ob
3247 1515 3352 1570 hoc
3386 1534 3539 1573 arro-

1898 1593 2183 1664 gantiam,
2218 1612 2330 1665 quo
2378 1596 2731 1653 haberentur
2761 1601 2860 1664 dii,
2894 1601 3032 1672 quia
3079 1603 3311 1659 divinus
3354 1606 3540 1661 honor

1899 1686 1987 1737 est
2027 1681 2377 1739 sacriﬁcium
2407 1700 2420 1751 ;
2454 1685 2554 1739 illa
2584 1702 2712 1741 vero
2761 1689 2859 1742 uni
2894 1689 3026 1756 Deo,
3062 1697 3125 1745 ut
3153 1693 3201 1745 ei
3237 1693 3540 1749 offerretur

1900 1769 2221 1826 similitudo
2252 1774 2600 1843 promittens
2634 1776 2935 1832 veritatem
2968 1780 3256 1847 sacriﬁcii,
3293 1783 3383 1836 cui
3415 1787 3539 1839 erat

1901 1858 2194 1915 oﬁ‘erenda
2228 1861 2353 1932 ipsa
2383 1863 2608 1919 reddita
2634 1867 2843 1921 veritas
2876 1866 2932 1920 in
2986 1869 3251 1937 passione
3282 1871 3539 1941 corporis

1901 1957 1953 2003 el
1984 1948 2287 2020 sanguinis
2319 1950 2551 2006 Christi.

1974 2037 2203 2092 CAPUT
2233 2038 2480 2093 XXII.—
2501 2040 2695 2112 Neque
2727 2043 3072 2110 enim,sicut
3103 2045 3349 2101 Faustus
3373 2049 3539 2116 dixit,

1903 2126 2123 2197 priores
2150 2128 2531 2183 nostriJudai
2555 2133 2837 2201 segregati
2859 2150 2890 2187 a
2920 2132 3218 2199 Gentibus,
3241 2153 3371 2190 cum
3395 2142 3541 2192 tem-

1906 2215 2069 2285 plum
2094 2215 2392 2281 haberent,
2409 2222 2465 2271 et
2488 2217 2938 2284 immolationes,
2954 2227 3009 2276 et
3030 2240 3179 2291 aras,
3206 2230 3260 2278 et
3279 2227 3545 2281 sacerdo-

1906 2303 2009 2373 tia,
2045 2303 2376 2375 sculpturas
2398 2306 2589 2361 solum
2621 2308 2990 2379 dimiserunt,
3013 2310 3067 2365 id
3103 2320 3207 2381 est,
3234 2314 3421 2369 idola:
3449 2331 3546 2386 po-

1908 2396 2099 2446 terant
2127 2393 2282 2447 enim
2300 2393 2450 2448 sicut
2467 2396 2933 2463 nonnulli,etiam
2957 2400 3081 2455 sine
3102 2401 3387 2457 idolorum
3405 2403 3551 2458 scul-

1913 2482 2122 2553 pturis,
2148 2483 2476 2550 arboribus,
2499 2490 2555 2540 et
2585 2487 2900 2553 montibus,
2926 2494 3219 2559 postremo
3241 2492 3412 2546 etiam
3442 2491 3549 2547 soli

1915 2585 1979 2624 ac
2001 2568 2149 2624 luna
2172 2570 3308 2643 caterisquesideribusimmolare.Quod
3337 2580 3382 2633 si
3413 2582 3556 2635 face-

1918 2663 2045 2713 rent
2077 2676 2178 2729 per
2208 2658 2373 2714 illum
2397 2659 2640 2727 cultum,
2666 2679 2787 2732 qua
2820 2664 2987 2719 [atria
3018 2666 3250 2733 dicitur,
3276 2675 3551 2723 creatura

1920 2746 2113 2818 potius
2164 2764 2338 2819 quam
2370 2748 2620 2804 Creatori
2654 2751 3057 2818 servientibus,
3091 2760 3147 2808 et
3179 2757 3249 2810 ob
3300 2759 3407 2811 hoc
3440 2774 3553 2811 non

1922 2851 2096 2905 parvo
2121 2835 2272 2890 malo
2294 2836 2486 2908 impia
2516 2838 2947 2909 superstitionis
2968 2843 3312 2912 errantibus,
3349 2844 3561 2901 nihilo-

1926 2923 2122 2979 minus
2136 2925 2421 2980 damonia
2440 2941 2501 2981 se
2516 2929 2835 2998 praeberent
2857 2930 2923 2983 ad
2941 2946 3037 2985 eos
3054 2930 3467 3001 illudendos,et
3487 2935 3560 2989 ab

1927 3012 2010 3068 eis
2028 3015 2463 3085 sumenda,qua
2484 3016 2569 3070 sic
2597 3016 2962 3072 obtulissent.
2984 3019 3065 3073 Illi
3090 3021 3305 3091 quippe
3326 3022 3563 3093 superbi

1927 3107 1984 3156 et
2009 3102 2169 3173 impii
2204 3103 2590 3174 spiritus,non
2614 3106 2813 3160 nidore
2831 3122 2896 3161 ac
2929 3109 3562 3173 fumo,sicutnonnul|i

1927 3190 2055 3245 vani
2089 3191 2536 3262 opinantur,sed
2569 3192 2873 3249 hominum
2893 3204 3214 3267 pascuntur
3234 3200 3560 3255 erroribus:

1926 3298 2041 3335 non
2074 3281 2164 3335 sui
2188 3281 2443 3352 corporis
2471 3282 2910 3347 refectione,sed
2937 3286 3215 3341 malevola
3232 3286 3567 3342 delectatio-

1928 3371 2029 3424 uel
2051 3386 2182 3423 cum
2202 3386 2434 3440 quoquo
2454 3371 2624 3426 modo
2651 3371 2969 3444 decipiunt,
2990 3375 3073 3429 vel
3096 3376 3389 3447 arroganti
3414 3377 3567 3431 fastu

1927 3457 2213 3513 simulata
2228 3459 2548 3529 majestatis
2561 3476 2692 3515 cum
2708 3461 2931 3517 divinos
2950 3463 3059 3518 sibi
3075 3463 3322 3519 honores
3340 3465 3465 3518 exhi
3478 3465 3571 3519 be-

1927 3548 1974 3601 ri
1997 3546 2463 3619 gloriantur.Non
2491 3548 2718 3618 ergoilli
2736 3555 2927 3620 patres
2950 3552 3129 3607 nostri
3154 3552 3276 3607 sola
3293 3551 3565 3607 Gentium

1927 3635 2243 3692 simulacra
2269 3636 2647 3703 dimiserunt;
2681 3638 2779 3692 sed
2808 3654 2997 3710 neque
3025 3645 3207 3705 terra,
3232 3657 3420 3712 neque
3442 3640 3567 3696 cui-

1927 3741 2101 3796 quam
2134 3735 2369 3779 terrena
2401 3726 2504 3791 rei,
2535 3741 2719 3796 neque
2752 3729 2916 3797 mari,
2954 3744 3140 3800 neque
3179 3729 3340 3795 coelo,
3376 3744 3567 3801 neque

1930 3813 2149 3868 militia
2181 3812 2307 3868 caeli
2351 3813 2574 3884 aliquid
2624 3814 3015 3883 immolantes,
3052 3818 3150 3871 uni
3186 3823 3295 3873 Deo
3326 3816 3567 3873 creatori

1929 3903 2192 3958 omnium
2206 3901 2474 3957 victimas
2487 3902 2850 3959 obtulerunt:
2870 3922 3016 3976 quas
3030 3906 3138 3961 sibi
3164 3907 3354 3962 otl'erri
3367 3906 3568 3973 voluit,

1932 4009 2035 4064 per
2062 4008 2262 4047 earum
2295 3990 2742 4047 similitudinem
2776 3994 3120 4065 promittens
3154 3996 3443 4051 victimam
3474 4011 3571 4051 ve-

1934 4098 2079 4145 ram,
2114 4097 2214 4151 per
2235 4096 2411 4151 quam
2436 4096 2540 4135 nos
2573 4079 2681 4135 sibi
2718 4086 3083 4152 peccatorum
3109 4083 3452 4139 remissione
3486 4100 3575 4139 re-

1933 4168 2260 4224 conciliavit
2283 4169 2341 4223 in
2365 4168 2592 4224 Christo
2612 4169 2751 4224 Jesu
2779 4171 3018 4227 Domino
3045 4181 3262 4236 nostro,
3288 4174 3456 4241 cujus
3487 4190 3576 4227 ca-

1935 4258 2072 4330 pitis
2093 4274 2302 4328 corpus
2317 4256 2545 4311 effectos
2560 4256 2759 4312 ﬁdeles
2786 4258 3001 4315 Paulus
3021 4259 3338 4331 alloquitur
3354 4262 3577 4325 dicens,

1935 4347 2159 4402 Obsecro
2189 4349 2370 4400 autem
2400 4362 2511 4410 vos,
2544 4348 2764 4415 fratres,
2793 4364 2888 4417 per
2909 4350 3349 4403 miscricordiam
3383 4350 3497 4414 Dei,
3520 4352 3583 4403 ut

1933 4436 2237 4491 exhibealis
2265 4451 2489 4505 corpora
2516 4439 2693 4490 vestra
2724 4436 2958 4491 hostiam
2982 4440 3179 4503 vivam,
3204 4440 3582 4499 sanctamﬂeo

1932 4527 2231 4597 placentem
2253 4525 2733 4594 (Rom.xu,l).Sed
2756 4525 3050 4580 Manichai
3068 4527 3581 4599 corporahumana

1936 4614 2229 4683 opiﬁcium
2253 4613 2456 4667 dicunt
2474 4629 2601 4667 esse
2622 4614 2812 4685 gentis
2836 4616 3229 4684 tenebrarum,
3246 4621 3301 4672 et
3322 4632 3580 4672 carceres

1939 4702 2153 4775 quibus
2182 4701 2368 4755 victus
2402 4700 2666 4756 inclusus
2694 4706 2783 4757 est
2816 4703 2966 4758 Deus
2996 4721 3008 4758 :
3034 4704 3186 4759 unde
3216 4703 3387 4776 longe
3419 4704 3578 4758 aliud

1938 4789 2247 4847 annuntiat
2278 4789 2719 4855 Faustus,aliud
2748 4790 2983 4846 Paulus.
3008 4793 3112 4847 Sed
3140 4793 3415 4864 quoniam
3437 4793 3585 4863 quis-

1938 4883 2060 4952 quis
2074 4879 2221 4935 vobis
2242 4878 2705 4947 erangelz’mvem‘t
2720 4890 3089 4951 praterquam
3111 4881 3253 4953 quod
3273 4882 3581 4951 accepistis,
3650 4926 3653 4929 .

1940 4971 2232 5030 anathema
2260 4969 2332 5022 sit
2371 4966 2567 5035 (Galat.
2601 4985 2640 5032 ι,
2672 4969 2727 5037 9)
2758 4987 2770 5035 ;
2803 4985 3002 5024 verum
3056 4971 3197 5025 dicit
3229 4969 3494 5025 Christus
3524 4968 3584 5024 in

1940 5058 2139 5124 Paulo,
2175 5056 2486 5113 anathema
2517 5056 2592 5111 sit
2625 5057 2977 5113 Manichaus
3010 5059 3066 5112 in
3101 5059 3333 5113 Fausto.

2012 5145 2242 5203 CAPUT
2272 5144 2464 5199 XXIII.
2500 5175 2569 5186 —-
2598 5145 2703 5209 Qui
2737 5146 2915 5201 etiam
2956 5147 3113 5211 dicit,
3148 5145 3289 5200 nihil
3322 5162 3427 5200 nos
3461 5162 3585 5200 mu-

1941 5243 2098 5292 tasse
2129 5235 2198 5289 de
2232 5234 2493 5289 moribus
2515 5234 2810 5301 Gentium,
2838 5237 3102 5290 nesciens
3126 5235 3265 5305 quid
3289 5233 3583 5304 loquatur.

1942 5324 2086 5379 Cum
2117 5322 2266 5378 enim
2291 5324 2490 5393 justus
2509 5338 2577 5377 ex
2606 5324 2717 5378 ﬁde
2745 5323 3149 5393 vivat(Rom.1,
3184 5324 3295 5390 l7);
3333 5323 3584 5394 ﬁnisque

1942 5411 2212 5484 praecepti
2240 5410 2316 5466 sit
2345 5410 2597 5466 Charitas
2629 5411 2696 5465 de
2728 5411 2896 5466 corde
2931 5428 3092 5482 puro,
3127 5416 3184 5466 et
3228 5410 3585 5467 conscientia

1946 5503 2113 5572 bona,
2146 5505 2201 5556 et
2231 5501 2341 5554 ﬁde
2376 5517 2484 5555 non
2519 5500 2651 5554 ﬁcta
2680 5500 2725 5569 (Ι
2751 5501 2880 5554 Tim.
2915 5517 2953 5570 1,
2973 5500 3066 5571 5);
3101 5504 3494 5572 maneantque
3513 5500 3581 5554 ad

1943 5590 2308 5647 formandam
2333 5589 2353 5622 ²
2394 5589 2567 5643 vitam
2621 5586 2876 5643 ﬁdelium
2914 5588 3022 5642 tria
3054 5588 3193 5657 hac,
3231 5588 3394 5656 ﬁdes,
3430 5605 3583 5660 spes,

2012 5702 2025 5736 ι
2058 5697 2170 5747 Am.
2201 5696 2285 5743 Er.
2319 5697 2371 5742 et
2400 5692 2615 5757 quidam
2649 5694 2788 5751 Mss,
2820 5694 3105 5744 dilectione.

2010 5761 2030 5795 ³
2057 5762 2133 5808 Ita
2156 5759 2277 5823 Mss.
2308 5758 2373 5805 At
2399 5755 2512 5806 Am.
2546 5762 2598 5806 et
2624 5758 2726 5816 En,
2757 5757 2829 5806 ad
2871 5757 3303 5823 conﬁrmandam.
3336 5759 3482 5821 Lov.,
3510 5755 3580 5805 ad

1940 5818 2329 5888 informandum
2340 5854 2353 5867 .
