  <div class='ocr_page' id='page_1' title='image "/cluster/home/n/w/nwhite01/storage/ocr_20150623/42/umn.31951d02850084t/197.png"; bbox 0 0 4462 6434; ppageno 0'>
   <div class='ocr_carea' id='block_1_1' title="bbox 720 477 833 536">
    <p class='ocr_par' dir='ltr' id='par_1_1' title="bbox 720 477 833 536">
     <span class='ocr_line' id='line_1_1' title="bbox 720 477 833 536; baseline -0.035 1"><span class='ocrx_word' id='word_1_1' title='bbox 720 477 833 536; x_wconf 81' lang='grc'>387</span> 
     </span>
    </p>
   </div>
   <div class='ocr_carea' id='block_1_2' title="bbox 719 606 2358 678">
    <p class='ocr_par' dir='ltr' id='par_1_2' title="bbox 719 606 2358 678">
     <span class='ocr_line' id='line_1_2' title="bbox 719 606 2358 678; baseline 0 -16"><span class='ocrx_word' id='word_1_2' title='bbox 719 608 971 662; x_wconf 90' lang='lat' dir='ltr'>charitas</span> <span class='ocrx_word' id='word_1_3' title='bbox 1000 609 1046 674; x_wconf 89' lang='grc' dir='ltr'>(Ι</span> <span class='ocrx_word' id='word_1_4' title='bbox 1080 607 1197 662; x_wconf 89' lang='lat' dir='ltr'>Cor.</span> <span class='ocrx_word' id='word_1_5' title='bbox 1222 624 1344 674; x_wconf 82' lang='lat' dir='ltr'>x111,</span> <span class='ocrx_word' id='word_1_6' title='bbox 1374 608 1459 675; x_wconf 82' lang='grc'>13)</span> <span class='ocrx_word' id='word_1_7' title='bbox 1494 624 1505 660; x_wconf 90' lang='lat'>:</span> <span class='ocrx_word' id='word_1_8' title='bbox 1544 608 1697 662; x_wconf 91' lang='lat' dir='ltr'>unde</span> <span class='ocrx_word' id='word_1_9' title='bbox 1728 606 1850 662; x_wconf 88' lang='lat' dir='ltr'>ﬁeri</span> <span class='ocrx_word' id='word_1_10' title='bbox 1882 612 2073 677; x_wconf 78' lang='lat' dir='ltr'>potest</span> <span class='ocrx_word' id='word_1_11' title='bbox 2103 612 2166 662; x_wconf 90' lang='lat' dir='ltr'>ut</span> <span class='ocrx_word' id='word_1_12' title='bbox 2193 623 2358 678; x_wconf 85' lang='lat' dir='ltr'>pares</span> 
     </span>
    </p>
   </div>
   <div class='ocr_carea' id='block_1_3' title="bbox 716 693 2359 766">
    <p class='ocr_par' dir='ltr' id='par_1_3' title="bbox 716 693 2359 766">
     <span class='ocr_line' id='line_1_3' title="bbox 716 693 2359 766; baseline -0.001 -15"><span class='ocrx_word' id='word_1_13' title='bbox 716 713 849 751; x_wconf 90' lang='lat' dir='ltr'>cum</span> <span class='ocrx_word' id='word_1_14' title='bbox 874 695 1067 766; x_wconf 91' lang='lat' dir='ltr'>aliquo</span> <span class='ocrx_word' id='word_1_15' title='bbox 1091 713 1281 750; x_wconf 90' lang='lat' dir='ltr'>mores</span> <span class='ocrx_word' id='word_1_16' title='bbox 1305 695 1641 765; x_wconf 85' lang='lat' dir='ltr'>habeat,qui</span> <span class='ocrx_word' id='word_1_17' title='bbox 1668 695 2051 749; x_wconf 58' lang='lat' dir='ltr'>haactriacum</span> <span class='ocrx_word' id='word_1_18' title='bbox 2077 693 2174 750; x_wconf 92' lang='lat' dir='ltr'>illo</span> <span class='ocrx_word' id='word_1_19' title='bbox 2198 695 2359 766; x_wconf 88' lang='lat' dir='ltr'>paria</span> 
     </span>
    </p>
   </div>
   <div class='ocr_carea' id='block_1_4' title="bbox 714 783 2354 855">
    <p class='ocr_par' dir='ltr' id='par_1_4' title="bbox 714 783 2354 855">
     <span class='ocr_line' id='line_1_4' title="bbox 714 783 2354 855; baseline -0.001 -15"><span class='ocrx_word' id='word_1_20' title='bbox 714 802 828 840; x_wconf 91' lang='lat' dir='ltr'>non</span> <span class='ocrx_word' id='word_1_21' title='bbox 845 785 1059 839; x_wconf 81' lang='lat' dir='ltr'>habet?</span> <span class='ocrx_word' id='word_1_22' title='bbox 1082 784 1186 849; x_wconf 87' lang='lat' dir='ltr'>Qui</span> <span class='ocrx_word' id='word_1_23' title='bbox 1210 784 1363 837; x_wconf 83' lang='lat' dir='ltr'>enim</span> <span class='ocrx_word' id='word_1_24' title='bbox 1389 783 1544 837; x_wconf 84' lang='lat' dir='ltr'>aliud</span> <span class='ocrx_word' id='word_1_25' title='bbox 1562 785 1761 852; x_wconf 86' lang='lat' dir='ltr'>credit,</span> <span class='ocrx_word' id='word_1_26' title='bbox 1781 783 1937 838; x_wconf 82' lang='lat' dir='ltr'>aliud</span> <span class='ocrx_word' id='word_1_27' title='bbox 1962 788 2176 855; x_wconf 83' lang='lat' dir='ltr'>sperat,</span> <span class='ocrx_word' id='word_1_28' title='bbox 2199 783 2354 838; x_wconf 86' lang='lat' dir='ltr'>aliud</span> 
     </span>
    </p>
   </div>
   <div class='ocr_carea' id='block_1_5' title="bbox 712 871 2351 944">
    <p class='ocr_par' dir='ltr' id='par_1_5' title="bbox 712 871 2351 944">
     <span class='ocr_line' id='line_1_5' title="bbox 712 871 2351 944; baseline -0.001 -17"><span class='ocrx_word' id='word_1_29' title='bbox 712 877 890 944; x_wconf 88' lang='lat' dir='ltr'>amat,</span> <span class='ocrx_word' id='word_1_30' title='bbox 915 889 1149 928; x_wconf 87' lang='lat' dir='ltr'>necesse</span> <span class='ocrx_word' id='word_1_31' title='bbox 1172 878 1258 928; x_wconf 87' lang='lat' dir='ltr'>est</span> <span class='ocrx_word' id='word_1_32' title='bbox 1280 878 1342 927; x_wconf 93' lang='lat' dir='ltr'>ut</span> <span class='ocrx_word' id='word_1_33' title='bbox 1363 871 1531 927; x_wconf 81' lang='lat' dir='ltr'>aliter</span> <span class='ocrx_word' id='word_1_34' title='bbox 1546 872 1715 928; x_wconf 81' lang='lat' dir='ltr'>vivat.</span> <span class='ocrx_word' id='word_1_35' title='bbox 1737 872 1805 926; x_wconf 89' lang='lat' dir='ltr'>Et</span> <span class='ocrx_word' id='word_1_36' title='bbox 1824 872 1872 926; x_wconf 88' lang='lat' dir='ltr'>si</span> <span class='ocrx_word' id='word_1_37' title='bbox 1898 889 2041 927; x_wconf 90' lang='lat' dir='ltr'>usus</span> <span class='ocrx_word' id='word_1_38' title='bbox 2067 888 2351 943; x_wconf 90' lang='lat' dir='ltr'>quarum-</span> 
     </span>
    </p>
   </div>
   <div class='ocr_carea' id='block_1_6' title="bbox 710 960 2347 1030">
    <p class='ocr_par' dir='ltr' id='par_1_6' title="bbox 710 960 2347 1030">
     <span class='ocr_line' id='line_1_6' title="bbox 710 960 2347 1030; baseline -0.001 -13"><span class='ocrx_word' id='word_1_39' title='bbox 710 964 844 1017; x_wconf 91' lang='lat' dir='ltr'>dam</span> <span class='ocrx_word' id='word_1_40' title='bbox 869 979 1062 1017; x_wconf 90' lang='lat' dir='ltr'>rerum</span> <span class='ocrx_word' id='word_1_41' title='bbox 1087 961 1297 1017; x_wconf 89' lang='lat' dir='ltr'>similis</span> <span class='ocrx_word' id='word_1_42' title='bbox 1321 961 1725 1016; x_wconf 89' lang='lat' dir='ltr'>videturnobis</span> <span class='ocrx_word' id='word_1_43' title='bbox 1747 978 1874 1016; x_wconf 89' lang='lat' dir='ltr'>esse</span> <span class='ocrx_word' id='word_1_44' title='bbox 1897 978 2028 1016; x_wconf 91' lang='lat' dir='ltr'>cum</span> <span class='ocrx_word' id='word_1_45' title='bbox 2043 960 2347 1030; x_wconf 90' lang='lat' dir='ltr'>Gentibus,</span> 
     </span>
    </p>
   </div>
   <div class='ocr_carea' id='block_1_7' title="bbox 710 1050 2345 1122">
    <p class='ocr_par' dir='ltr' id='par_1_7' title="bbox 710 1050 2345 1122">
     <span class='ocr_line' id='line_1_7' title="bbox 710 1050 2345 1122; baseline -0.001 -16"><span class='ocrx_word' id='word_1_46' title='bbox 710 1051 860 1106; x_wconf 83' lang='lat' dir='ltr'>sicut</span> <span class='ocrx_word' id='word_1_47' title='bbox 889 1052 1002 1106; x_wconf 88' lang='lat' dir='ltr'>cibi</span> <span class='ocrx_word' id='word_1_48' title='bbox 1034 1055 1090 1106; x_wconf 92' lang='lat' dir='ltr'>et</span> <span class='ocrx_word' id='word_1_49' title='bbox 1118 1056 1310 1122; x_wconf 90' lang='lat' dir='ltr'>potus,</span> <span class='ocrx_word' id='word_1_50' title='bbox 1333 1055 1636 1117; x_wconf 91' lang='lat' dir='ltr'>tectorum,</span> <span class='ocrx_word' id='word_1_51' title='bbox 1662 1050 2156 1116; x_wconf 83' lang='lat' dir='ltr'>vestimentorum,</span> <span class='ocrx_word' id='word_1_52' title='bbox 2192 1050 2345 1105; x_wconf 89' lang='lat' dir='ltr'>lava-</span> 
     </span>
    </p>
   </div>
   <div class='ocr_carea' id='block_1_8' title="bbox 707 1138 2342 1212">
    <p class='ocr_par' dir='ltr' id='par_1_8' title="bbox 707 1138 2342 1212">
     <span class='ocr_line' id='line_1_8' title="bbox 707 1138 2342 1212; baseline -0.001 -17"><span class='ocrx_word' id='word_1_53' title='bbox 707 1157 974 1208; x_wconf 90' lang='lat' dir='ltr'>crorum;</span> <span class='ocrx_word' id='word_1_54' title='bbox 1001 1144 1057 1196; x_wconf 92' lang='lat' dir='ltr'>et</span> <span class='ocrx_word' id='word_1_55' title='bbox 1078 1140 1176 1210; x_wconf 90' lang='lat' dir='ltr'>qui</span> <span class='ocrx_word' id='word_1_56' title='bbox 1196 1157 1263 1195; x_wconf 85' lang='lat' dir='ltr'>ex</span> <span class='ocrx_word' id='word_1_57' title='bbox 1294 1140 1505 1195; x_wconf 82' lang='lat' dir='ltr'>nostris</span> <span class='ocrx_word' id='word_1_58' title='bbox 1528 1138 1892 1210; x_wconf 90' lang='lat' dir='ltr'>conjugalem</span> <span class='ocrx_word' id='word_1_59' title='bbox 1911 1138 2084 1194; x_wconf 90' lang='lat' dir='ltr'>vitam</span> <span class='ocrx_word' id='word_1_60' title='bbox 2112 1142 2342 1212; x_wconf 87' lang='lat' dir='ltr'>gerunt,</span> 
     </span>
    </p>
   </div>
   <div class='ocr_carea' id='block_1_9' title="bbox 705 1227 2342 1299">
    <p class='ocr_par' dir='ltr' id='par_1_9' title="bbox 705 1227 2342 1299">
     <span class='ocr_line' id='line_1_9' title="bbox 705 1227 2342 1299; baseline -0.002 -15"><span class='ocrx_word' id='word_1_61' title='bbox 705 1246 952 1284; x_wconf 83' lang='lat' dir='ltr'>uxorum</span> <span class='ocrx_word' id='word_1_62' title='bbox 983 1229 1381 1284; x_wconf 90' lang='lat' dir='ltr'>ducendarum</span> <span class='ocrx_word' id='word_1_63' title='bbox 1412 1233 1463 1283; x_wconf 91' lang='lat' dir='ltr'>et</span> <span class='ocrx_word' id='word_1_64' title='bbox 1515 1228 1936 1294; x_wconf 89' lang='lat' dir='ltr'>habendarum,</span> <span class='ocrx_word' id='word_1_65' title='bbox 1973 1228 2225 1283; x_wconf 92' lang='lat' dir='ltr'>ﬁliorum</span> <span class='ocrx_word' id='word_1_66' title='bbox 2257 1227 2342 1299; x_wconf 86' lang='lat' dir='ltr'>gi-</span> 
     </span>
    </p>
   </div>
   <div class='ocr_carea' id='block_1_10' title="bbox 699 1316 2344 1390">
    <p class='ocr_par' dir='ltr' id='par_1_10' title="bbox 699 1316 2344 1390">
     <span class='ocr_line' id='line_1_10' title="bbox 699 1316 2344 1390; baseline 0 -17"><span class='ocrx_word' id='word_1_67' title='bbox 699 1319 1087 1390; x_wconf 87' lang='lat' dir='ltr'>gnendorum,</span> <span class='ocrx_word' id='word_1_68' title='bbox 1112 1318 1577 1380; x_wconf 84' lang='lat' dir='ltr'>nutriendorum,</span> <span class='ocrx_word' id='word_1_69' title='bbox 1599 1317 2125 1372; x_wconf 65' lang='lat' dir='ltr'>haereditandorum</span> <span class='ocrx_word' id='word_1_70' title='bbox 2143 1334 2155 1370; x_wconf 88' lang='lat'><strong>:</strong></span> <span class='ocrx_word' id='word_1_71' title='bbox 2174 1316 2344 1388; x_wconf 87' lang='lat' dir='ltr'>longe</span> 
     </span>
    </p>
   </div>
   <div class='ocr_carea' id='block_1_11' title="bbox 697 1405 2340 1476">
    <p class='ocr_par' dir='ltr' id='par_1_11' title="bbox 697 1405 2340 1476">
     <span class='ocr_line' id='line_1_11' title="bbox 697 1405 2340 1476; baseline -0.001 -14"><span class='ocrx_word' id='word_1_72' title='bbox 697 1411 890 1463; x_wconf 88' lang='lat' dir='ltr'>tamen</span> <span class='ocrx_word' id='word_1_73' title='bbox 909 1406 1178 1461; x_wconf 89' lang='lat' dir='ltr'>aliterhis</span> <span class='ocrx_word' id='word_1_74' title='bbox 1193 1407 1361 1460; x_wconf 87' lang='lat' dir='ltr'>rebus</span> <span class='ocrx_word' id='word_1_75' title='bbox 1378 1406 1685 1476; x_wconf 88' lang='lat' dir='ltr'>utitur,qui</span> <span class='ocrx_word' id='word_1_76' title='bbox 1702 1405 1960 1460; x_wconf 90' lang='lat' dir='ltr'>adalium</span> <span class='ocrx_word' id='word_1_77' title='bbox 1976 1406 2150 1461; x_wconf 89' lang='lat' dir='ltr'>ﬁnem</span> <span class='ocrx_word' id='word_1_78' title='bbox 2167 1423 2340 1461; x_wconf 89' lang='lat' dir='ltr'>usum</span> 
     </span>
    </p>
   </div>
   <div class='ocr_carea' id='block_1_12' title="bbox 695 1494 2336 1566">
    <p class='ocr_par' dir='ltr' id='par_1_12' title="bbox 695 1494 2336 1566">
     <span class='ocr_line' id='line_1_12' title="bbox 695 1494 2336 1566; baseline -0.001 -16"><span class='ocrx_word' id='word_1_79' title='bbox 695 1512 896 1551; x_wconf 89' lang='lat' dir='ltr'>earum</span> <span class='ocrx_word' id='word_1_80' title='bbox 931 1494 1139 1560; x_wconf 89' lang='lat' dir='ltr'>refert;</span> <span class='ocrx_word' id='word_1_81' title='bbox 1170 1500 1225 1548; x_wconf 92' lang='lat' dir='ltr'>et</span> <span class='ocrx_word' id='word_1_82' title='bbox 1254 1494 1422 1549; x_wconf 89' lang='lat' dir='ltr'>aliter</span> <span class='ocrx_word' id='word_1_83' title='bbox 1450 1495 1548 1565; x_wconf 92' lang='lat' dir='ltr'>qui</span> <span class='ocrx_word' id='word_1_84' title='bbox 1581 1510 1648 1548; x_wconf 84' lang='lat' dir='ltr'>ex</span> <span class='ocrx_word' id='word_1_85' title='bbox 1679 1494 1768 1548; x_wconf 92' lang='lat' dir='ltr'>his</span> <span class='ocrx_word' id='word_1_86' title='bbox 1801 1499 1911 1549; x_wconf 90' lang='lat' dir='ltr'>Deo</span> <span class='ocrx_word' id='word_1_87' title='bbox 1943 1494 2161 1565; x_wconf 82' lang='lat' dir='ltr'>gratias</span> <span class='ocrx_word' id='word_1_88' title='bbox 2197 1494 2336 1566; x_wconf 86' lang='lat' dir='ltr'>agit,</span> 
     </span>
    </p>
   </div>
   <div class='ocr_carea' id='block_1_13' title="bbox 693 1582 2338 1655">
    <p class='ocr_par' dir='ltr' id='par_1_13' title="bbox 693 1582 2338 1655">
     <span class='ocr_line' id='line_1_13' title="bbox 693 1582 2338 1655; baseline 0.001 -18"><span class='ocrx_word' id='word_1_89' title='bbox 693 1583 761 1638; x_wconf 90' lang='lat' dir='ltr'>de</span> <span class='ocrx_word' id='word_1_90' title='bbox 796 1601 908 1655; x_wconf 93' lang='lat' dir='ltr'>quo</span> <span class='ocrx_word' id='word_1_91' title='bbox 941 1600 1116 1655; x_wconf 90' lang='lat' dir='ltr'>prava</span> <span class='ocrx_word' id='word_1_92' title='bbox 1145 1587 1200 1638; x_wconf 91' lang='lat' dir='ltr'>et</span> <span class='ocrx_word' id='word_1_93' title='bbox 1223 1582 1368 1638; x_wconf 89' lang='lat' dir='ltr'>falsa</span> <span class='ocrx_word' id='word_1_94' title='bbox 1399 1591 1512 1638; x_wconf 78' lang='lat' dir='ltr'>nun</span> <span class='ocrx_word' id='word_1_95' title='bbox 1545 1583 1746 1638; x_wconf 87' lang='lat' dir='ltr'>credit.</span> <span class='ocrx_word' id='word_1_96' title='bbox 1772 1583 1935 1639; x_wconf 88' lang='lat' dir='ltr'>Sicut</span> <span class='ocrx_word' id='word_1_97' title='bbox 1957 1582 2112 1637; x_wconf 89' lang='lat' dir='ltr'>enim</span> <span class='ocrx_word' id='word_1_98' title='bbox 2135 1583 2190 1637; x_wconf 91' lang='lat' dir='ltr'>in</span> <span class='ocrx_word' id='word_1_99' title='bbox 2214 1583 2338 1654; x_wconf 87' lang='lat' dir='ltr'>ipso</span> 
     </span>
    </p>
   </div>
   <div class='ocr_carea' id='block_1_14' title="bbox 692 1672 2336 1744">
    <p class='ocr_par' dir='ltr' id='par_1_14' title="bbox 692 1672 2336 1744">
     <span class='ocr_line' id='line_1_14' title="bbox 692 1672 2336 1744; baseline -0.001 -16"><span class='ocrx_word' id='word_1_100' title='bbox 692 1689 882 1728; x_wconf 87' lang='lat' dir='ltr'>errore</span> <span class='ocrx_word' id='word_1_101' title='bbox 930 1678 1141 1739; x_wconf 88' lang='lat' dir='ltr'>vestro,</span> <span class='ocrx_word' id='word_1_102' title='bbox 1175 1689 1307 1726; x_wconf 92' lang='lat' dir='ltr'>cum</span> <span class='ocrx_word' id='word_1_103' title='bbox 1338 1688 1403 1726; x_wconf 89' lang='lat' dir='ltr'>eo</span> <span class='ocrx_word' id='word_1_104' title='bbox 1452 1689 1599 1742; x_wconf 90' lang='lat' dir='ltr'>pane</span> <span class='ocrx_word' id='word_1_105' title='bbox 1630 1672 1945 1726; x_wconf 90' lang='lat' dir='ltr'>vescamini</span> <span class='ocrx_word' id='word_1_106' title='bbox 1981 1689 2092 1744; x_wconf 91' lang='lat' dir='ltr'>quo</span> <span class='ocrx_word' id='word_1_107' title='bbox 2145 1673 2336 1727; x_wconf 57' lang='lat' dir='ltr'>caeteri</span> 
     </span>
    </p>
   </div>
   <div class='ocr_carea' id='block_1_15' title="bbox 692 1760 2333 1829">
    <p class='ocr_par' dir='ltr' id='par_1_15' title="bbox 692 1760 2333 1829">
     <span class='ocr_line' id='line_1_15' title="bbox 692 1760 2333 1829; baseline 0.001 -15"><span class='ocrx_word' id='word_1_108' title='bbox 692 1761 978 1829; x_wconf 90' lang='lat' dir='ltr'>homines,</span> <span class='ocrx_word' id='word_1_109' title='bbox 1001 1765 1056 1815; x_wconf 88' lang='lat' dir='ltr'>et</span> <span class='ocrx_word' id='word_1_110' title='bbox 1080 1761 1365 1816; x_wconf 89' lang='lat' dir='ltr'>fructibus</span> <span class='ocrx_word' id='word_1_111' title='bbox 1387 1760 1590 1814; x_wconf 87' lang='lat' dir='ltr'>vivatis</span> <span class='ocrx_word' id='word_1_112' title='bbox 1612 1765 1666 1814; x_wconf 90' lang='lat' dir='ltr'>et</span> <span class='ocrx_word' id='word_1_113' title='bbox 1685 1761 1960 1826; x_wconf 91' lang='lat' dir='ltr'>fontibus,</span> <span class='ocrx_word' id='word_1_114' title='bbox 1984 1761 2118 1815; x_wconf 86' lang='lat' dir='ltr'>lana</span> <span class='ocrx_word' id='word_1_115' title='bbox 2140 1765 2194 1815; x_wconf 90' lang='lat' dir='ltr'>et</span> <span class='ocrx_word' id='word_1_116' title='bbox 2215 1761 2333 1816; x_wconf 91' lang='lat' dir='ltr'>lino</span> 
     </span>
    </p>
   </div>
   <div class='ocr_carea' id='block_1_16' title="bbox 691 1849 2331 1921">
    <p class='ocr_par' dir='ltr' id='par_1_16' title="bbox 691 1849 2331 1921">
     <span class='ocr_line' id='line_1_16' title="bbox 691 1849 2331 1921; baseline 0.001 -17"><span class='ocrx_word' id='word_1_117' title='bbox 691 1850 961 1905; x_wconf 87' lang='lat' dir='ltr'>similiter</span> <span class='ocrx_word' id='word_1_118' title='bbox 991 1855 1141 1904; x_wconf 85' lang='lat' dir='ltr'>texto</span> <span class='ocrx_word' id='word_1_119' title='bbox 1176 1849 1552 1913; x_wconf 88' lang='lat' dir='ltr'>amiciamini,</span> <span class='ocrx_word' id='word_1_120' title='bbox 1575 1866 1675 1904; x_wconf 86' lang='lat' dir='ltr'>nec</span> <span class='ocrx_word' id='word_1_121' title='bbox 1709 1850 1764 1903; x_wconf 90' lang='lat' dir='ltr'>in</span> <span class='ocrx_word' id='word_1_122' title='bbox 1799 1849 2100 1905; x_wconf 91' lang='lat' dir='ltr'>histamen</span> <span class='ocrx_word' id='word_1_123' title='bbox 2135 1867 2331 1921; x_wconf 90' lang='lat' dir='ltr'>parem</span> 
     </span>
    </p>
   </div>
   <div class='ocr_carea' id='block_1_17' title="bbox 689 1937 2329 2005">
    <p class='ocr_par' dir='ltr' id='par_1_17' title="bbox 689 1937 2329 2005">
     <span class='ocr_line' id='line_1_17' title="bbox 689 1937 2329 2005; baseline -0.001 -12"><span class='ocrx_word' id='word_1_124' title='bbox 689 1939 903 1994; x_wconf 90' lang='lat' dir='ltr'>ducitis</span> <span class='ocrx_word' id='word_1_125' title='bbox 929 1939 1129 2005; x_wconf 88' lang='lat' dir='ltr'>vitam,</span> <span class='ocrx_word' id='word_1_126' title='bbox 1154 1956 1266 1992; x_wconf 91' lang='lat' dir='ltr'>non</span> <span class='ocrx_word' id='word_1_127' title='bbox 1295 1937 1451 1992; x_wconf 90' lang='lat' dir='ltr'>aliud</span> <span class='ocrx_word' id='word_1_128' title='bbox 1478 1939 1825 2003; x_wconf 90' lang='lat' dir='ltr'>edendo,aut</span> <span class='ocrx_word' id='word_1_129' title='bbox 1849 1939 2329 2004; x_wconf 89' lang='lat' dir='ltr'>bibendo,autin-</span> 
     </span>
    </p>
   </div>
   <div class='ocr_carea' id='block_1_18' title="bbox 687 2027 2326 2098">
    <p class='ocr_par' dir='ltr' id='par_1_18' title="bbox 687 2027 2326 2098">
     <span class='ocr_line' id='line_1_18' title="bbox 687 2027 2326 2098; baseline 0 -16"><span class='ocrx_word' id='word_1_130' title='bbox 687 2028 1053 2098; x_wconf 88' lang='lat' dir='ltr'>duendo,sed</span> <span class='ocrx_word' id='word_1_131' title='bbox 1088 2027 1245 2081; x_wconf 90' lang='lat' dir='ltr'>aliud</span> <span class='ocrx_word' id='word_1_132' title='bbox 1270 2027 1570 2082; x_wconf 83' lang='lat' dir='ltr'>sentiendo</span> <span class='ocrx_word' id='word_1_133' title='bbox 1594 2032 1648 2081; x_wconf 91' lang='lat' dir='ltr'>et</span> <span class='ocrx_word' id='word_1_134' title='bbox 1671 2028 2046 2092; x_wconf 89' lang='lat' dir='ltr'>credendo,et</span> <span class='ocrx_word' id='word_1_135' title='bbox 2062 2030 2130 2082; x_wconf 90' lang='lat' dir='ltr'>ad</span> <span class='ocrx_word' id='word_1_136' title='bbox 2148 2028 2326 2082; x_wconf 91' lang='lat' dir='ltr'>alium</span> 
     </span>
    </p>
   </div>
   <div class='ocr_carea' id='block_1_19' title="bbox 688 2115 2326 2181">
    <p class='ocr_par' dir='ltr' id='par_1_19' title="bbox 688 2115 2326 2181">
     <span class='ocr_line' id='line_1_19' title="bbox 688 2115 2326 2181; baseline 0.001 -11"><span class='ocrx_word' id='word_1_137' title='bbox 688 2117 860 2171; x_wconf 90' lang='lat' dir='ltr'>ﬁnem</span> <span class='ocrx_word' id='word_1_138' title='bbox 888 2117 999 2171; x_wconf 87' lang='lat' dir='ltr'>ista</span> <span class='ocrx_word' id='word_1_139' title='bbox 1022 2116 1218 2171; x_wconf 90' lang='lat' dir='ltr'>omnia</span> <span class='ocrx_word' id='word_1_140' title='bbox 1239 2117 1557 2181; x_wconf 88' lang='lat' dir='ltr'>referendo,</span> <span class='ocrx_word' id='word_1_141' title='bbox 1584 2116 1755 2170; x_wconf 88' lang='lat' dir='ltr'>ﬁnem</span> <span class='ocrx_word' id='word_1_142' title='bbox 1780 2115 1999 2170; x_wconf 85' lang='lat' dir='ltr'>scilicet</span> <span class='ocrx_word' id='word_1_143' title='bbox 2028 2117 2200 2170; x_wconf 88' lang='lat' dir='ltr'>vestri</span> <span class='ocrx_word' id='word_1_144' title='bbox 2234 2134 2326 2171; x_wconf 90' lang='lat' dir='ltr'>er-</span> 
     </span>
    </p>
   </div>
   <div class='ocr_carea' id='block_1_20' title="bbox 686 2204 2326 2276">
    <p class='ocr_par' dir='ltr' id='par_1_20' title="bbox 686 2204 2326 2276">
     <span class='ocr_line' id='line_1_20' title="bbox 686 2204 2326 2276; baseline 0.001 -18"><span class='ocrx_word' id='word_1_145' title='bbox 686 2205 833 2259; x_wconf 90' lang='lat' dir='ltr'>roris</span> <span class='ocrx_word' id='word_1_146' title='bbox 853 2211 1026 2276; x_wconf 92' lang='lat' dir='ltr'>atque</span> <span class='ocrx_word' id='word_1_147' title='bbox 1049 2204 1356 2260; x_wconf 86' lang='lat' dir='ltr'>vanitatis:</span> <span class='ocrx_word' id='word_1_148' title='bbox 1384 2204 1462 2258; x_wconf 89' lang='lat' dir='ltr'>ita</span> <span class='ocrx_word' id='word_1_149' title='bbox 1480 2221 1584 2258; x_wconf 91' lang='lat' dir='ltr'>nos</span> <span class='ocrx_word' id='word_1_150' title='bbox 1607 2205 1740 2258; x_wconf 91' lang='lat' dir='ltr'>etin</span> <span class='ocrx_word' id='word_1_151' title='bbox 1767 2204 1857 2259; x_wconf 88' lang='lat' dir='ltr'>his</span> <span class='ocrx_word' id='word_1_152' title='bbox 1877 2208 1932 2258; x_wconf 88' lang='lat' dir='ltr'>et</span> <span class='ocrx_word' id='word_1_153' title='bbox 1953 2205 2008 2258; x_wconf 92' lang='lat' dir='ltr'>in</span> <span class='ocrx_word' id='word_1_154' title='bbox 2033 2204 2184 2275; x_wconf 87' lang='lat' dir='ltr'>aliis,</span> <span class='ocrx_word' id='word_1_155' title='bbox 2201 2223 2326 2276; x_wconf 65' lang='lat' dir='ltr'>qua:</span> 
     </span>
    </p>
   </div>
   <div class='ocr_carea' id='block_1_21' title="bbox 684 2292 2326 2355">
    <p class='ocr_par' dir='ltr' id='par_1_21' title="bbox 684 2292 2326 2355">
     <span class='ocr_line' id='line_1_21' title="bbox 684 2292 2326 2355; baseline -0.001 -7"><span class='ocrx_word' id='word_1_156' title='bbox 684 2292 954 2348; x_wconf 85' lang='lat' dir='ltr'>similiter</span> <span class='ocrx_word' id='word_1_157' title='bbox 983 2292 1295 2355; x_wconf 78' lang='lat' dir='ltr'>sumimus,</span> <span class='ocrx_word' id='word_1_158' title='bbox 1319 2309 1432 2347; x_wconf 92' lang='lat' dir='ltr'>non</span> <span class='ocrx_word' id='word_1_159' title='bbox 1465 2292 1735 2346; x_wconf 88' lang='lat' dir='ltr'>similiter</span> <span class='ocrx_word' id='word_1_160' title='bbox 1765 2309 1896 2347; x_wconf 91' lang='lat' dir='ltr'>cum</span> <span class='ocrx_word' id='word_1_161' title='bbox 1929 2292 2210 2348; x_wconf 89' lang='lat' dir='ltr'>Gentibus</span> <span class='ocrx_word' id='word_1_162' title='bbox 2243 2293 2326 2347; x_wconf 90' lang='lat' dir='ltr'>vi-</span> 
     </span>
    </p>
   </div>
   <div class='ocr_carea' id='block_1_22' title="bbox 685 2381 2321 2453">
    <p class='ocr_par' dir='ltr' id='par_1_22' title="bbox 685 2381 2321 2453">
     <span class='ocr_line' id='line_1_22' title="bbox 685 2381 2321 2453; baseline 0.001 -17"><span class='ocrx_word' id='word_1_163' title='bbox 685 2382 894 2451; x_wconf 89' lang='lat' dir='ltr'>vimus,</span> <span class='ocrx_word' id='word_1_164' title='bbox 916 2381 1146 2436; x_wconf 89' lang='lat' dir='ltr'>easdem</span> <span class='ocrx_word' id='word_1_165' title='bbox 1181 2398 1271 2436; x_wconf 89' lang='lat' dir='ltr'>res</span> <span class='ocrx_word' id='word_1_166' title='bbox 1291 2398 1402 2435; x_wconf 89' lang='lat' dir='ltr'>non</span> <span class='ocrx_word' id='word_1_167' title='bbox 1428 2381 1497 2435; x_wconf 90' lang='lat' dir='ltr'>ad</span> <span class='ocrx_word' id='word_1_168' title='bbox 1515 2381 1785 2436; x_wconf 90' lang='lat' dir='ltr'>eumdem</span> <span class='ocrx_word' id='word_1_169' title='bbox 1810 2381 1983 2436; x_wconf 91' lang='lat' dir='ltr'>ﬁnem</span> <span class='ocrx_word' id='word_1_170' title='bbox 2005 2382 2321 2453; x_wconf 89' lang='lat' dir='ltr'>referendo,</span> 
     </span>
    </p>
   </div>
   <div class='ocr_carea' id='block_1_23' title="bbox 683 2469 2321 2540">
    <p class='ocr_par' dir='ltr' id='par_1_23' title="bbox 683 2469 2321 2540">
     <span class='ocr_line' id='line_1_23' title="bbox 683 2469 2321 2540; baseline 0.001 -15"><span class='ocrx_word' id='word_1_171' title='bbox 683 2471 778 2526; x_wconf 86' lang='lat' dir='ltr'>sed</span> <span class='ocrx_word' id='word_1_172' title='bbox 799 2472 868 2524; x_wconf 88' lang='lat' dir='ltr'>ad</span> <span class='ocrx_word' id='word_1_173' title='bbox 894 2470 1067 2524; x_wconf 90' lang='lat' dir='ltr'>ﬁnem</span> <span class='ocrx_word' id='word_1_174' title='bbox 1092 2469 1335 2540; x_wconf 81' lang='lat' dir='ltr'>legitimi</span> <span class='ocrx_word' id='word_1_175' title='bbox 1359 2469 1653 2540; x_wconf 89' lang='lat' dir='ltr'>divinique</span> <span class='ocrx_word' id='word_1_176' title='bbox 1676 2470 1960 2540; x_wconf 66' lang='lat' dir='ltr'>praecepti,</span> <span class='ocrx_word' id='word_1_177' title='bbox 1979 2471 2321 2526; x_wconf 86' lang='lat' dir='ltr'>charitatem</span> 
     </span>
    </p>
   </div>
   <div class='ocr_carea' id='block_1_24' title="bbox 683 2547 2318 2630">
    <p class='ocr_par' dir='ltr' id='par_1_24' title="bbox 683 2547 2318 2630">
     <span class='ocr_line' id='line_1_24' title="bbox 683 2547 2318 2630; baseline 0 -16"><span class='ocrx_word' id='word_1_178' title='bbox 683 2560 752 2614; x_wconf 92' lang='lat' dir='ltr'>de</span> <span class='ocrx_word' id='word_1_179' title='bbox 775 2560 945 2614; x_wconf 90' lang='lat' dir='ltr'>corde</span> <span class='ocrx_word' id='word_1_180' title='bbox 968 2577 1132 2630; x_wconf 91' lang='lat' dir='ltr'>puro,</span> <span class='ocrx_word' id='word_1_181' title='bbox 1159 2564 1213 2613; x_wconf 92' lang='lat' dir='ltr'>et</span> <span class='ocrx_word' id='word_1_182' title='bbox 1240 2547 1595 2613; x_wconf 81' lang='lat' dir='ltr'>conscientia</span> <span class='ocrx_word' id='word_1_183' title='bbox 1619 2558 1790 2627; x_wconf 89' lang='lat' dir='ltr'>bona,</span> <span class='ocrx_word' id='word_1_184' title='bbox 1817 2563 1870 2613; x_wconf 92' lang='lat' dir='ltr'>et</span> <span class='ocrx_word' id='word_1_185' title='bbox 1892 2559 2003 2614; x_wconf 91' lang='lat' dir='ltr'>ﬁde</span> <span class='ocrx_word' id='word_1_186' title='bbox 2029 2577 2140 2614; x_wconf 92' lang='lat' dir='ltr'>non</span> <span class='ocrx_word' id='word_1_187' title='bbox 2167 2561 2318 2629; x_wconf 90' lang='lat' dir='ltr'>ﬁcta,</span> 
     </span>
    </p>
   </div>
   <div class='ocr_carea' id='block_1_25' title="bbox 678 2647 2319 2719">
    <p class='ocr_par' dir='ltr' id='par_1_25' title="bbox 678 2647 2319 2719">
     <span class='ocr_line' id='line_1_25' title="bbox 678 2647 2319 2719; baseline 0 -16"><span class='ocrx_word' id='word_1_188' title='bbox 678 2649 930 2719; x_wconf 77' lang='lat' dir='ltr'>aquibus</span> <span class='ocrx_word' id='word_1_189' title='bbox 952 2647 1189 2718; x_wconf 91' lang='lat' dir='ltr'>quidam</span> <span class='ocrx_word' id='word_1_190' title='bbox 1214 2648 1839 2716; x_wconf 88' lang='lat' dir='ltr'>aberrantes,conversi</span> <span class='ocrx_word' id='word_1_191' title='bbox 1864 2652 2000 2702; x_wconf 90' lang='lat' dir='ltr'>sunt</span> <span class='ocrx_word' id='word_1_192' title='bbox 2018 2648 2074 2702; x_wconf 89' lang='lat' dir='ltr'>in</span> <span class='ocrx_word' id='word_1_193' title='bbox 2099 2648 2319 2704; x_wconf 89' lang='lat' dir='ltr'>vanilo-</span> 
     </span>
    </p>
   </div>
   <div class='ocr_carea' id='block_1_26' title="bbox 680 2735 2316 2807">
    <p class='ocr_par' dir='ltr' id='par_1_26' title="bbox 680 2735 2316 2807">
     <span class='ocr_line' id='line_1_26' title="bbox 680 2735 2316 2807; baseline 0 -17"><span class='ocrx_word' id='word_1_194' title='bbox 680 2737 900 2807; x_wconf 91' lang='lat' dir='ltr'>quium.</span> <span class='ocrx_word' id='word_1_195' title='bbox 929 2741 990 2790; x_wconf 90' lang='lat' dir='ltr'>In</span> <span class='ocrx_word' id='word_1_196' title='bbox 1017 2753 1130 2807; x_wconf 89' lang='lat' dir='ltr'>quo</span> <span class='ocrx_word' id='word_1_197' title='bbox 1155 2753 1292 2791; x_wconf 89' lang='lat' dir='ltr'>sane</span> <span class='ocrx_word' id='word_1_198' title='bbox 1317 2735 1703 2807; x_wconf 87' lang='lat' dir='ltr'>principatum</span> <span class='ocrx_word' id='word_1_199' title='bbox 1724 2735 2316 2805; x_wconf 89' lang='lat' dir='ltr'>tenetis,nonintuen-</span> 
     </span>
    </p>
   </div>
   <div class='ocr_carea' id='block_1_27' title="bbox 673 2824 2316 2896">
    <p class='ocr_par' dir='ltr' id='par_1_27' title="bbox 673 2824 2316 2896">
     <span class='ocr_line' id='line_1_27' title="bbox 673 2824 2316 2896; baseline 0.001 -18"><span class='ocrx_word' id='word_1_200' title='bbox 673 2830 781 2890; x_wconf 87' lang='lat' dir='ltr'>tes,</span> <span class='ocrx_word' id='word_1_201' title='bbox 805 2843 916 2879; x_wconf 91' lang='lat' dir='ltr'>non</span> <span class='ocrx_word' id='word_1_202' title='bbox 941 2824 1373 2880; x_wconf 88' lang='lat' dir='ltr'>considerantes</span> <span class='ocrx_word' id='word_1_203' title='bbox 1396 2824 1454 2878; x_wconf 90' lang='lat' dir='ltr'>in</span> <span class='ocrx_word' id='word_1_204' title='bbox 1487 2825 1706 2879; x_wconf 89' lang='lat' dir='ltr'>eisdem</span> <span class='ocrx_word' id='word_1_205' title='bbox 1731 2824 2014 2880; x_wconf 88' lang='lat' dir='ltr'>habendis</span> <span class='ocrx_word' id='word_1_206' title='bbox 2048 2826 2316 2896; x_wconf 90' lang='lat' dir='ltr'>agendis-</span> 
     </span>
    </p>
   </div>
   <div class='ocr_carea' id='block_1_28' title="bbox 677 2907 2316 2985">
    <p class='ocr_par' dir='ltr' id='par_1_28' title="bbox 677 2907 2316 2985">
     <span class='ocr_line' id='line_1_28' title="bbox 677 2907 2316 2985; baseline -0.001 -16"><span class='ocrx_word' id='word_1_207' title='bbox 677 2932 787 2985; x_wconf 90' lang='lat' dir='ltr'>que</span> <span class='ocrx_word' id='word_1_208' title='bbox 819 2907 990 2969; x_wconf 83' lang='lat' dir='ltr'>rebus</span> <span class='ocrx_word' id='word_1_209' title='bbox 1013 2919 1240 2968; x_wconf 90' lang='lat' dir='ltr'>tantum</span> <span class='ocrx_word' id='word_1_210' title='bbox 1276 2914 1346 2968; x_wconf 90' lang='lat' dir='ltr'>ad</span> <span class='ocrx_word' id='word_1_211' title='bbox 1378 2913 1665 2968; x_wconf 88' lang='lat' dir='ltr'>diversam</span> <span class='ocrx_word' id='word_1_212' title='bbox 1695 2914 1872 2968; x_wconf 89' lang='lat' dir='ltr'>vitam</span> <span class='ocrx_word' id='word_1_213' title='bbox 1903 2913 2112 2982; x_wconf 90' lang='lat' dir='ltr'>valere,</span> <span class='ocrx_word' id='word_1_214' title='bbox 2147 2915 2194 2968; x_wconf 92' lang='lat' dir='ltr'>si</span> <span class='ocrx_word' id='word_1_215' title='bbox 2229 2916 2316 2968; x_wconf 91' lang='lat' dir='ltr'>di-</span> 
     </span>
    </p>
   </div>
   <div class='ocr_carea' id='block_1_29' title="bbox 675 3003 2312 3071">
    <p class='ocr_par' dir='ltr' id='par_1_29' title="bbox 675 3003 2312 3071">
     <span class='ocr_line' id='line_1_29' title="bbox 675 3003 2312 3071; baseline 0.001 -14"><span class='ocrx_word' id='word_1_216' title='bbox 675 3020 842 3058; x_wconf 88' lang='lat' dir='ltr'>versa</span> <span class='ocrx_word' id='word_1_217' title='bbox 865 3005 940 3058; x_wconf 89' lang='lat' dir='ltr'>sit</span> <span class='ocrx_word' id='word_1_218' title='bbox 966 3004 1126 3071; x_wconf 86' lang='lat' dir='ltr'>ﬁdes,</span> <span class='ocrx_word' id='word_1_219' title='bbox 1151 3009 1214 3056; x_wconf 92' lang='lat' dir='ltr'>ut</span> <span class='ocrx_word' id='word_1_220' title='bbox 1234 3019 1365 3056; x_wconf 90' lang='lat' dir='ltr'>cum</span> <span class='ocrx_word' id='word_1_221' title='bbox 1398 3003 1688 3057; x_wconf 86' lang='lat' dir='ltr'>auditores</span> <span class='ocrx_word' id='word_1_222' title='bbox 1708 3003 1882 3056; x_wconf 89' lang='lat' dir='ltr'>vestri</span> <span class='ocrx_word' id='word_1_223' title='bbox 1904 3007 1960 3058; x_wconf 90' lang='lat' dir='ltr'>et</span> <span class='ocrx_word' id='word_1_224' title='bbox 1983 3019 2187 3058; x_wconf 79' lang='lat' dir='ltr'>uxores</span> <span class='ocrx_word' id='word_1_225' title='bbox 2211 3003 2312 3058; x_wconf 81' lang='lat' dir='ltr'>ha-</span> 
     </span>
    </p>
   </div>
   <div class='ocr_carea' id='block_1_30' title="bbox 675 3091 2311 3163">
    <p class='ocr_par' dir='ltr' id='par_1_30' title="bbox 675 3091 2311 3163">
     <span class='ocr_line' id='line_1_30' title="bbox 675 3091 2311 3163; baseline 0.001 -16"><span class='ocrx_word' id='word_1_226' title='bbox 675 3093 872 3156; x_wconf 89' lang='lat' dir='ltr'>beant,</span> <span class='ocrx_word' id='word_1_227' title='bbox 897 3096 952 3146; x_wconf 89' lang='lat' dir='ltr'>et</span> <span class='ocrx_word' id='word_1_228' title='bbox 975 3092 1124 3146; x_wconf 89' lang='lat' dir='ltr'>ﬁlios</span> <span class='ocrx_word' id='word_1_229' title='bbox 1148 3092 1412 3161; x_wconf 87' lang='lat' dir='ltr'>quamvis</span> <span class='ocrx_word' id='word_1_230' title='bbox 1436 3091 1595 3144; x_wconf 88' lang='lat' dir='ltr'>inviti</span> <span class='ocrx_word' id='word_1_231' title='bbox 1619 3091 1962 3162; x_wconf 86' lang='lat' dir='ltr'>suscipiant,</span> <span class='ocrx_word' id='word_1_232' title='bbox 1987 3091 2188 3163; x_wconf 87' lang='lat' dir='ltr'>eisque</span> <span class='ocrx_word' id='word_1_233' title='bbox 2213 3110 2311 3163; x_wconf 88' lang='lat' dir='ltr'>pa-</span> 
     </span>
    </p>
   </div>
   <div class='ocr_carea' id='block_1_31' title="bbox 671 3178 2309 3251">
    <p class='ocr_par' dir='ltr' id='par_1_31' title="bbox 671 3178 2309 3251">
     <span class='ocr_line' id='line_1_31' title="bbox 671 3178 2309 3251; baseline 0.001 -17"><span class='ocrx_word' id='word_1_234' title='bbox 671 3181 946 3235; x_wconf 90' lang='lat' dir='ltr'>trimonia</span> <span class='ocrx_word' id='word_1_235' title='bbox 967 3185 1281 3251; x_wconf 89' lang='lat' dir='ltr'>congerant</span> <span class='ocrx_word' id='word_1_236' title='bbox 1299 3179 1384 3234; x_wconf 88' lang='lat' dir='ltr'>vel</span> <span class='ocrx_word' id='word_1_237' title='bbox 1407 3178 1760 3248; x_wconf 88' lang='lat' dir='ltr'>custodiant,</span> <span class='ocrx_word' id='word_1_238' title='bbox 1785 3197 1956 3235; x_wconf 90' lang='lat' dir='ltr'>carne</span> <span class='ocrx_word' id='word_1_239' title='bbox 1985 3189 2309 3250; x_wconf 79' lang='lat' dir='ltr'>vescantur,</span> 
     </span>
    </p>
   </div>
   <div class='ocr_carea' id='block_1_32' title="bbox 667 3268 2310 3340">
    <p class='ocr_par' dir='ltr' id='par_1_32' title="bbox 667 3268 2310 3340">
     <span class='ocr_line' id='line_1_32' title="bbox 667 3268 2310 3340; baseline 0 -16"><span class='ocrx_word' id='word_1_240' title='bbox 667 3269 866 3324; x_wconf 91' lang='lat' dir='ltr'>vinum</span> <span class='ocrx_word' id='word_1_241' title='bbox 893 3269 1114 3338; x_wconf 80' lang='lat' dir='ltr'>bibant,</span> <span class='ocrx_word' id='word_1_242' title='bbox 1138 3268 1347 3335; x_wconf 84' lang='lat' dir='ltr'>lavent,</span> <span class='ocrx_word' id='word_1_243' title='bbox 1364 3268 1995 3338; x_wconf 89' lang='lat' dir='ltr'>metant,vindemient,</span> <span class='ocrx_word' id='word_1_244' title='bbox 2012 3270 2310 3340; x_wconf 88' lang='lat' dir='ltr'>negotien-</span> 
     </span>
    </p>
   </div>
   <div class='ocr_carea' id='block_1_33' title="bbox 668 3357 2306 3430">
    <p class='ocr_par' dir='ltr' id='par_1_33' title="bbox 668 3357 2306 3430">
     <span class='ocr_line' id='line_1_33' title="bbox 668 3357 2306 3430; baseline 0.002 -18"><span class='ocrx_word' id='word_1_245' title='bbox 668 3359 1040 3428; x_wconf 86' lang='lat' dir='ltr'>tur,honores</span> <span class='ocrx_word' id='word_1_246' title='bbox 1063 3357 1324 3430; x_wconf 88' lang='lat' dir='ltr'>publicos</span> <span class='ocrx_word' id='word_1_247' title='bbox 1339 3357 2072 3422; x_wconf 90' lang='lat' dir='ltr'>administrent,vobiscum</span> <span class='ocrx_word' id='word_1_248' title='bbox 2099 3375 2196 3414; x_wconf 92' lang='lat' dir='ltr'>eos</span> <span class='ocrx_word' id='word_1_249' title='bbox 2220 3363 2306 3414; x_wconf 86' lang='lat' dir='ltr'>ta-</span> 
     </span>
    </p>
   </div>
   <div class='ocr_carea' id='block_1_34' title="bbox 665 3446 2304 3518">
    <p class='ocr_par' dir='ltr' id='par_1_34' title="bbox 665 3446 2304 3518">
     <span class='ocr_line' id='line_1_34' title="bbox 665 3446 2304 3518; baseline 0.001 -16"><span class='ocrx_word' id='word_1_250' title='bbox 665 3465 943 3514; x_wconf 91' lang='lat' dir='ltr'>men,non</span> <span class='ocrx_word' id='word_1_251' title='bbox 959 3466 1024 3503; x_wconf 87' lang='lat' dir='ltr'>cu</span> <span class='ocrx_word' id='word_1_252' title='bbox 1037 3466 1087 3502; x_wconf 94' lang='lat' dir='ltr'>m</span> <span class='ocrx_word' id='word_1_253' title='bbox 1114 3447 1394 3502; x_wconf 89' lang='lat' dir='ltr'>Gentibus</span> <span class='ocrx_word' id='word_1_254' title='bbox 1407 3446 1917 3518; x_wconf 88' lang='lat' dir='ltr'>computetis,cum</span> <span class='ocrx_word' id='word_1_255' title='bbox 1937 3448 2088 3502; x_wconf 82' lang='lat' dir='ltr'>facta</span> <span class='ocrx_word' id='word_1_256' title='bbox 2103 3465 2304 3504; x_wconf 90' lang='lat' dir='ltr'>eorum</span> 
     </span>
    </p>
   </div>
   <div class='ocr_carea' id='block_1_35' title="bbox 665 3536 2307 3608">
    <p class='ocr_par' dir='ltr' id='par_1_35' title="bbox 665 3536 2307 3608">
     <span class='ocr_line' id='line_1_35' title="bbox 665 3536 2307 3608; baseline 0 -15"><span class='ocrx_word' id='word_1_257' title='bbox 665 3537 951 3593; x_wconf 88' lang='lat' dir='ltr'>Gentibus</span> <span class='ocrx_word' id='word_1_258' title='bbox 993 3537 1298 3592; x_wconf 91' lang='lat' dir='ltr'>videantur</span> <span class='ocrx_word' id='word_1_259' title='bbox 1330 3536 1614 3592; x_wconf 90' lang='lat' dir='ltr'>similiora</span> <span class='ocrx_word' id='word_1_260' title='bbox 1664 3553 1834 3608; x_wconf 87' lang='lat' dir='ltr'>quam</span> <span class='ocrx_word' id='word_1_261' title='bbox 1864 3537 2045 3592; x_wconf 91' lang='lat' dir='ltr'>vobis.</span> <span class='ocrx_word' id='word_1_262' title='bbox 2073 3537 2218 3592; x_wconf 89' lang='lat' dir='ltr'>Nam</span> <span class='ocrx_word' id='word_1_263' title='bbox 2251 3542 2307 3593; x_wconf 91' lang='lat' dir='ltr'>et</span> 
     </span>
    </p>
   </div>
   <div class='ocr_carea' id='block_1_36' title="bbox 1479 471 3363 548">
    <p class='ocr_par' dir='ltr' id='par_1_36' title="bbox 1479 471 3363 548">
     <span class='ocr_line' id='line_1_36' title="bbox 1479 471 3363 548; baseline -0.001 -14"><span class='ocrx_word' id='word_1_264' title='bbox 1479 473 1791 535; x_wconf 81' lang='lat' dir='ltr'>CONTRA</span> <span class='ocrx_word' id='word_1_265' title='bbox 1834 474 2209 537; x_wconf 86' lang='lat' dir='ltr'>FAUSTUM</span> <span class='ocrx_word' id='word_1_266' title='bbox 2253 473 2778 548; x_wconf 70' lang='lat' dir='ltr'>MANICHEUM,</span> <span class='ocrx_word' id='word_1_267' title='bbox 2825 475 2891 537; x_wconf 90' lang='lat' dir='ltr'>S.</span> <span class='ocrx_word' id='word_1_268' title='bbox 2935 471 3363 536; x_wconf 83' lang='lat' dir='ltr'>AUGUSTINI</span> 
     </span>
    </p>
   </div>
   <div class='ocr_carea' id='block_1_37' title="bbox 4013 469 4128 531">
    <p class='ocr_par' dir='ltr' id='par_1_37' title="bbox 4013 469 4128 531">
     <span class='ocr_line' id='line_1_37' title="bbox 4013 469 4128 531; baseline 0 0"><span class='ocrx_word' id='word_1_269' title='bbox 4013 469 4128 531; x_wconf 88' lang='lat'>388</span> 
     </span>
    </p>
   </div>
   <div class='ocr_carea' id='block_1_38' title="bbox 2471 604 4128 677">
    <p class='ocr_par' dir='ltr' id='par_1_38' title="bbox 2471 604 4128 677">
     <span class='ocr_line' id='line_1_38' title="bbox 2471 604 4128 677; baseline -0.002 -16"><span class='ocrx_word' id='word_1_270' title='bbox 2471 609 2858 677; x_wconf 89' lang='lat' dir='ltr'>quorumdam</span> <span class='ocrx_word' id='word_1_271' title='bbox 2879 606 3344 662; x_wconf 86' lang='lat' dir='ltr'>factaGentilium</span> <span class='ocrx_word' id='word_1_272' title='bbox 3366 622 3497 660; x_wconf 92' lang='lat' dir='ltr'>cum</span> <span class='ocrx_word' id='word_1_273' title='bbox 3515 604 4128 676; x_wconf 85' lang='lat' dir='ltr'>magisvobisprOpin-</span> 
     </span>
    </p>
   </div>
   <div class='ocr_carea' id='block_1_39' title="bbox 2467 694 4121 770">
    <p class='ocr_par' dir='ltr' id='par_1_39' title="bbox 2467 694 4121 770">
     <span class='ocr_line' id='line_1_39' title="bbox 2467 694 4121 770; baseline -0.002 -19"><span class='ocrx_word' id='word_1_274' title='bbox 2467 702 2666 768; x_wconf 91' lang='lat' dir='ltr'>quent,</span> <span class='ocrx_word' id='word_1_275' title='bbox 2694 716 2868 770; x_wconf 88' lang='lat' dir='ltr'>quam</span> <span class='ocrx_word' id='word_1_276' title='bbox 2904 697 3255 768; x_wconf 81' lang='lat' dir='ltr'>quibusdam</span> <span class='ocrx_word' id='word_1_277' title='bbox 3291 694 3671 749; x_wconf 85' lang='lat' dir='ltr'>Auditoribus</span> <span class='ocrx_word' id='word_1_278' title='bbox 3705 694 3946 760; x_wconf 85' lang='lat' dir='ltr'>vestris;</span> <span class='ocrx_word' id='word_1_279' title='bbox 3976 711 4121 748; x_wconf 89' lang='lat' dir='ltr'>non-</span> 
     </span>
    </p>
   </div>
   <div class='ocr_carea' id='block_1_40' title="bbox 2466 782 4119 857">
    <p class='ocr_par' dir='ltr' id='par_1_40' title="bbox 2466 782 4119 857">
     <span class='ocr_line' id='line_1_40' title="bbox 2466 782 4119 857; baseline -0.002 -18"><span class='ocrx_word' id='word_1_280' title='bbox 2466 786 2610 840; x_wconf 88' lang='lat' dir='ltr'>nulli</span> <span class='ocrx_word' id='word_1_281' title='bbox 2643 787 2856 857; x_wconf 90' lang='lat' dir='ltr'>quippe</span> <span class='ocrx_word' id='word_1_282' title='bbox 2886 786 2943 840; x_wconf 90' lang='lat' dir='ltr'>in</span> <span class='ocrx_word' id='word_1_283' title='bbox 2979 784 3278 856; x_wconf 86' lang='lat' dir='ltr'>sacrilegis</span> <span class='ocrx_word' id='word_1_284' title='bbox 3320 783 3500 839; x_wconf 82' lang='lat' dir='ltr'>sacris</span> <span class='ocrx_word' id='word_1_285' title='bbox 3531 782 3655 838; x_wconf 87' lang='lat' dir='ltr'>suis</span> <span class='ocrx_word' id='word_1_286' title='bbox 3685 789 3740 838; x_wconf 92' lang='lat' dir='ltr'>et</span> <span class='ocrx_word' id='word_1_287' title='bbox 3773 801 3808 837; x_wconf 92' lang='lat' dir='ltr'>a</span> <span class='ocrx_word' id='word_1_288' title='bbox 3833 783 3967 838; x_wconf 90' lang='lat' dir='ltr'>vino</span> <span class='ocrx_word' id='word_1_289' title='bbox 4001 788 4058 837; x_wconf 91' lang='lat' dir='ltr'>et</span> <span class='ocrx_word' id='word_1_290' title='bbox 4087 799 4119 837; x_wconf 92' lang='lat' dir='ltr'>a</span> 
     </span>
    </p>
   </div>
   <div class='ocr_carea' id='block_1_41' title="bbox 2465 871 4118 943">
    <p class='ocr_par' dir='ltr' id='par_1_41' title="bbox 2465 871 4118 943">
     <span class='ocr_line' id='line_1_41' title="bbox 2465 871 4118 943; baseline -0.002 -14"><span class='ocrx_word' id='word_1_291' title='bbox 2465 875 2738 930; x_wconf 86' lang='lat' dir='ltr'>carnibus</span> <span class='ocrx_word' id='word_1_292' title='bbox 2768 880 2824 929; x_wconf 92' lang='lat' dir='ltr'>et</span> <span class='ocrx_word' id='word_1_293' title='bbox 2854 892 2886 929; x_wconf 86' lang='lat' dir='ltr'>a</span> <span class='ocrx_word' id='word_1_294' title='bbox 2918 874 3230 929; x_wconf 85' lang='lat' dir='ltr'>concubitu</span> <span class='ocrx_word' id='word_1_295' title='bbox 3261 876 3589 943; x_wconf 87' lang='lat' dir='ltr'>temperant</span> <span class='ocrx_word' id='word_1_296' title='bbox 3617 889 3630 940; x_wconf 82' lang='lat'><strong>;</strong></span> <span class='ocrx_word' id='word_1_297' title='bbox 3661 871 3854 943; x_wconf 87' lang='lat' dir='ltr'>potius</span> <span class='ocrx_word' id='word_1_298' title='bbox 3877 871 4118 926; x_wconf 89' lang='lat' dir='ltr'>Audito-</span> 
     </span>
    </p>
   </div>
   <div class='ocr_carea' id='block_1_42' title="bbox 2459 960 4110 1025">
    <p class='ocr_par' dir='ltr' id='par_1_42' title="bbox 2459 960 4110 1025">
     <span class='ocr_line' id='line_1_42' title="bbox 2459 960 4110 1025; baseline -0.001 -9"><span class='ocrx_word' id='word_1_299' title='bbox 2459 979 2551 1018; x_wconf 89' lang='lat' dir='ltr'>res</span> <span class='ocrx_word' id='word_1_300' title='bbox 2582 968 2800 1018; x_wconf 87' lang='lat' dir='ltr'>vestros</span> <span class='ocrx_word' id='word_1_301' title='bbox 2835 964 2923 1018; x_wconf 90' lang='lat' dir='ltr'>his</span> <span class='ocrx_word' id='word_1_302' title='bbox 2955 963 3229 1018; x_wconf 91' lang='lat' dir='ltr'>omnibus</span> <span class='ocrx_word' id='word_1_303' title='bbox 3253 966 3500 1025; x_wconf 88' lang='lat' dir='ltr'>utentes,</span> <span class='ocrx_word' id='word_1_304' title='bbox 3525 964 3582 1014; x_wconf 90' lang='lat' dir='ltr'>et</span> <span class='ocrx_word' id='word_1_305' title='bbox 3613 961 3670 1014; x_wconf 91' lang='lat' dir='ltr'>in</span> <span class='ocrx_word' id='word_1_306' title='bbox 3702 977 3769 1015; x_wconf 93' lang='lat' dir='ltr'>eo</span> <span class='ocrx_word' id='word_1_307' title='bbox 3800 961 3968 1015; x_wconf 87' lang='lat' dir='ltr'>vobis</span> <span class='ocrx_word' id='word_1_308' title='bbox 3993 960 4110 1014; x_wconf 81' lang='lat' dir='ltr'>dis-</span> 
     </span>
    </p>
   </div>
   <div class='ocr_carea' id='block_1_43' title="bbox 2457 1049 4109 1122">
    <p class='ocr_par' dir='ltr' id='par_1_43' title="bbox 2457 1049 4109 1122">
     <span class='ocr_line' id='line_1_43' title="bbox 2457 1049 4109 1122; baseline -0.001 -17"><span class='ocrx_word' id='word_1_309' title='bbox 2457 1052 2702 1120; x_wconf 91' lang='lat' dir='ltr'>similes,</span> <span class='ocrx_word' id='word_1_310' title='bbox 2734 1053 2791 1106; x_wconf 91' lang='lat' dir='ltr'>in</span> <span class='ocrx_word' id='word_1_311' title='bbox 2832 1051 3134 1107; x_wconf 67' lang='lat' dir='ltr'>Manichaai</span> <span class='ocrx_word' id='word_1_312' title='bbox 3167 1067 3338 1122; x_wconf 81' lang='lat' dir='ltr'>grege</span> <span class='ocrx_word' id='word_1_313' title='bbox 3371 1050 3716 1118; x_wconf 88' lang='lat' dir='ltr'>numeratis,</span> <span class='ocrx_word' id='word_1_314' title='bbox 3752 1066 3931 1120; x_wconf 89' lang='lat' dir='ltr'>quam</span> <span class='ocrx_word' id='word_1_315' title='bbox 3965 1049 4109 1104; x_wconf 86' lang='lat' dir='ltr'>istos</span> 
     </span>
    </p>
   </div>
   <div class='ocr_carea' id='block_1_44' title="bbox 2455 1137 4109 1212">
    <p class='ocr_par' dir='ltr' id='par_1_44' title="bbox 2455 1137 4109 1212">
     <span class='ocr_line' id='line_1_44' title="bbox 2455 1137 4109 1212; baseline -0.001 -18"><span class='ocrx_word' id='word_1_316' title='bbox 2455 1141 2652 1195; x_wconf 89' lang='lat' dir='ltr'>eadem</span> <span class='ocrx_word' id='word_1_317' title='bbox 2689 1157 2817 1212; x_wconf 62' lang='lat' dir='ltr'>quas</span> <span class='ocrx_word' id='word_1_318' title='bbox 2865 1141 3053 1196; x_wconf 88' lang='lat' dir='ltr'>facitis</span> <span class='ocrx_word' id='word_1_319' title='bbox 3095 1140 3378 1194; x_wconf 87' lang='lat' dir='ltr'>facientes</span> <span class='ocrx_word' id='word_1_320' title='bbox 3416 1156 3428 1193; x_wconf 95' lang='lat'>:</span> <span class='ocrx_word' id='word_1_321' title='bbox 3466 1137 3776 1210; x_wconf 88' lang='lat' dir='ltr'>potiusque</span> <span class='ocrx_word' id='word_1_322' title='bbox 3826 1139 4109 1193; x_wconf 83' lang='lat' dir='ltr'>feminam</span> 
     </span>
    </p>
   </div>
   <div class='ocr_carea' id='block_1_45' title="bbox 2455 1226 4106 1299">
    <p class='ocr_par' dir='ltr' id='par_1_45' title="bbox 2455 1226 4106 1299">
     <span class='ocr_line' id='line_1_45' title="bbox 2455 1226 4106 1299; baseline 0.001 -17"><span class='ocrx_word' id='word_1_323' title='bbox 2455 1229 2650 1299; x_wconf 68' lang='lat' dir='ltr'>qumin</span> <span class='ocrx_word' id='word_1_324' title='bbox 2684 1230 3060 1284; x_wconf 73' lang='lat' dir='ltr'>Manichaeun:</span> <span class='ocrx_word' id='word_1_325' title='bbox 3089 1227 3668 1293; x_wconf 89' lang='lat' dir='ltr'>crediderit,vestram</span> <span class='ocrx_word' id='word_1_326' title='bbox 3691 1226 4106 1293; x_wconf 87' lang='lat' dir='ltr'>dicitis,etiam</span> 
     </span>
    </p>
   </div>
   <div class='ocr_carea' id='block_1_46' title="bbox 2453 1315 4104 1389">
    <p class='ocr_par' dir='ltr' id='par_1_46' title="bbox 2453 1315 4104 1389">
     <span class='ocr_line' id='line_1_46' title="bbox 2453 1315 4104 1389; baseline -0.001 -16"><span class='ocrx_word' id='word_1_327' title='bbox 2453 1318 2796 1388; x_wconf 89' lang='lat' dir='ltr'>parientem,</span> <span class='ocrx_word' id='word_1_328' title='bbox 2832 1336 3006 1389; x_wconf 88' lang='lat' dir='ltr'>quam</span> <span class='ocrx_word' id='word_1_329' title='bbox 3038 1316 3318 1389; x_wconf 84' lang='lat' dir='ltr'>Sibyllam</span> <span class='ocrx_word' id='word_1_330' title='bbox 3367 1333 3472 1371; x_wconf 91' lang='lat' dir='ltr'>nec</span> <span class='ocrx_word' id='word_1_331' title='bbox 3503 1315 3708 1371; x_wconf 86' lang='lat' dir='ltr'>saltem</span> <span class='ocrx_word' id='word_1_332' title='bbox 3760 1316 4104 1372; x_wconf 88' lang='lat' dir='ltr'>nubentem.</span> 
     </span>
    </p>
   </div>
   <div class='ocr_carea' id='block_1_47' title="bbox 2449 1404 4109 1470">
    <p class='ocr_par' dir='ltr' id='par_1_47' title="bbox 2449 1404 4109 1470">
     <span class='ocr_line' id='line_1_47' title="bbox 2449 1404 4109 1470; baseline -0.001 -10"><span class='ocrx_word' id='word_1_333' title='bbox 2449 1407 2522 1461; x_wconf 89' lang='lat' dir='ltr'>At</span> <span class='ocrx_word' id='word_1_334' title='bbox 2550 1407 2704 1461; x_wconf 89' lang='lat' dir='ltr'>enim</span> <span class='ocrx_word' id='word_1_335' title='bbox 2738 1407 2906 1462; x_wconf 92' lang='lat' dir='ltr'>multi</span> <span class='ocrx_word' id='word_1_336' title='bbox 2929 1407 3246 1464; x_wconf 85' lang='lat' dir='ltr'>Christiani</span> <span class='ocrx_word' id='word_1_337' title='bbox 3276 1404 3543 1460; x_wconf 83' lang='lat' dir='ltr'>catholici</span> <span class='ocrx_word' id='word_1_338' title='bbox 3566 1408 3866 1470; x_wconf 86' lang='lat' dir='ltr'>vocantur,</span> <span class='ocrx_word' id='word_1_339' title='bbox 3888 1409 3946 1459; x_wconf 94' lang='lat' dir='ltr'>et</span> <span class='ocrx_word' id='word_1_340' title='bbox 3966 1408 4109 1459; x_wconf 91' lang='lat' dir='ltr'>sunt</span> 
     </span>
    </p>
   </div>
   <div class='ocr_carea' id='block_1_48' title="bbox 2450 1492 4102 1566">
    <p class='ocr_par' dir='ltr' id='par_1_48' title="bbox 2450 1492 4102 1566">
     <span class='ocr_line' id='line_1_48' title="bbox 2450 1492 4102 1566; baseline -0.002 -17"><span class='ocrx_word' id='word_1_341' title='bbox 2450 1495 2718 1566; x_wconf 87' lang='lat' dir='ltr'>adulteri,</span> <span class='ocrx_word' id='word_1_342' title='bbox 2752 1501 3036 1566; x_wconf 82' lang='lat' dir='ltr'>raptores,</span> <span class='ocrx_word' id='word_1_343' title='bbox 3058 1495 3235 1560; x_wconf 91' lang='lat' dir='ltr'>avari,</span> <span class='ocrx_word' id='word_1_344' title='bbox 3269 1494 3505 1559; x_wconf 90' lang='lat' dir='ltr'>ebriosi,</span> <span class='ocrx_word' id='word_1_345' title='bbox 3531 1499 3587 1549; x_wconf 90' lang='lat' dir='ltr'>et</span> <span class='ocrx_word' id='word_1_346' title='bbox 3620 1493 3907 1565; x_wconf 89' lang='lat' dir='ltr'>quidquid</span> <span class='ocrx_word' id='word_1_347' title='bbox 3942 1492 4102 1547; x_wconf 91' lang='lat' dir='ltr'>aliud</span> 
     </span>
    </p>
   </div>
   <div class='ocr_carea' id='block_1_49' title="bbox 2449 1582 4102 1652">
    <p class='ocr_par' dir='ltr' id='par_1_49' title="bbox 2449 1582 4102 1652">
     <span class='ocr_line' id='line_1_49' title="bbox 2449 1582 4102 1652; baseline -0.001 -14"><span class='ocrx_word' id='word_1_348' title='bbox 2449 1600 2602 1638; x_wconf 62' lang='lat' dir='ltr'>sana:</span> <span class='ocrx_word' id='word_1_349' title='bbox 2633 1585 2906 1640; x_wconf 68' lang='lat' dir='ltr'>doctrina:</span> <span class='ocrx_word' id='word_1_350' title='bbox 2952 1583 3340 1640; x_wconf 83' lang='lat' dir='ltr'>adversatur?</span> <span class='ocrx_word' id='word_1_351' title='bbox 3385 1582 3532 1649; x_wconf 92' lang='lat' dir='ltr'>Quid</span> <span class='ocrx_word' id='word_1_352' title='bbox 3567 1589 3761 1637; x_wconf 90' lang='lat' dir='ltr'>autem</span> <span class='ocrx_word' id='word_1_353' title='bbox 3796 1582 3947 1636; x_wconf 90' lang='lat' dir='ltr'>inter</span> <span class='ocrx_word' id='word_1_354' title='bbox 3977 1599 4102 1652; x_wconf 86' lang='lat' dir='ltr'>vos,</span> 
     </span>
    </p>
   </div>
   <div class='ocr_carea' id='block_1_50' title="bbox 2447 1671 4098 1745">
    <p class='ocr_par' dir='ltr' id='par_1_50' title="bbox 2447 1671 4098 1745">
     <span class='ocr_line' id='line_1_50' title="bbox 2447 1671 4098 1745; baseline 0.001 -20"><span class='ocrx_word' id='word_1_355' title='bbox 2447 1671 2504 1726; x_wconf 90' lang='lat' dir='ltr'>in</span> <span class='ocrx_word' id='word_1_356' title='bbox 2532 1677 2650 1728; x_wconf 86' lang='lat' dir='ltr'>tam</span> <span class='ocrx_word' id='word_1_357' title='bbox 2683 1673 2888 1745; x_wconf 79' lang='lat' dir='ltr'>exiguo</span> <span class='ocrx_word' id='word_1_358' title='bbox 2914 1691 2978 1728; x_wconf 88' lang='lat' dir='ltr'>ac</span> <span class='ocrx_word' id='word_1_359' title='bbox 3013 1689 3158 1745; x_wconf 87' lang='lat' dir='ltr'>pene</span> <span class='ocrx_word' id='word_1_360' title='bbox 3195 1671 3354 1727; x_wconf 92' lang='lat' dir='ltr'>nullo</span> <span class='ocrx_word' id='word_1_361' title='bbox 3385 1688 3625 1727; x_wconf 89' lang='lat' dir='ltr'>numero</span> <span class='ocrx_word' id='word_1_362' title='bbox 3658 1675 3867 1738; x_wconf 88' lang='lat' dir='ltr'>vestro,</span> <span class='ocrx_word' id='word_1_363' title='bbox 3903 1687 4098 1727; x_wconf 87' lang='lat' dir='ltr'>nonne</span> 
     </span>
    </p>
   </div>
   <div class='ocr_carea' id='block_1_51' title="bbox 2447 1760 4093 1833">
    <p class='ocr_par' dir='ltr' id='par_1_51' title="bbox 2447 1760 4093 1833">
     <span class='ocr_line' id='line_1_51' title="bbox 2447 1760 4093 1833; baseline 0 -18"><span class='ocrx_word' id='word_1_364' title='bbox 2447 1761 2704 1833; x_wconf 87' lang='lat' dir='ltr'>plerique</span> <span class='ocrx_word' id='word_1_365' title='bbox 2727 1769 2863 1817; x_wconf 86' lang='lat' dir='ltr'>sunt</span> <span class='ocrx_word' id='word_1_366' title='bbox 2885 1762 3112 1831; x_wconf 86' lang='lat' dir='ltr'>tales,et</span> <span class='ocrx_word' id='word_1_367' title='bbox 3135 1763 3372 1833; x_wconf 89' lang='lat' dir='ltr'>quidam</span> <span class='ocrx_word' id='word_1_368' title='bbox 3406 1761 3461 1815; x_wconf 91' lang='lat' dir='ltr'>in</span> <span class='ocrx_word' id='word_1_369' title='bbox 3491 1760 3736 1831; x_wconf 90' lang='lat' dir='ltr'>Paganis</span> <span class='ocrx_word' id='word_1_370' title='bbox 3763 1763 3778 1796; x_wconf 85' lang='grc'>¹</span> <span class='ocrx_word' id='word_1_371' title='bbox 3805 1777 3918 1814; x_wconf 92' lang='lat' dir='ltr'>non</span> <span class='ocrx_word' id='word_1_372' title='bbox 3954 1770 4093 1816; x_wconf 86' lang='lat' dir='ltr'>sunt</span> 
     </span>
    </p>
   </div>
   <div class='ocr_carea' id='block_1_52' title="bbox 2445 1848 4092 1921">
    <p class='ocr_par' dir='ltr' id='par_1_52' title="bbox 2445 1848 4092 1921">
     <span class='ocr_line' id='line_1_52' title="bbox 2445 1848 4092 1921; baseline -0.001 -17"><span class='ocrx_word' id='word_1_373' title='bbox 2445 1850 2637 1904; x_wconf 76' lang='lat' dir='ltr'>tales?</span> <span class='ocrx_word' id='word_1_374' title='bbox 2663 1851 2813 1905; x_wconf 90' lang='lat' dir='ltr'>Num</span> <span class='ocrx_word' id='word_1_375' title='bbox 2840 1850 2966 1905; x_wconf 87' lang='lat' dir='ltr'>ideo</span> <span class='ocrx_word' id='word_1_376' title='bbox 3000 1851 3282 1921; x_wconf 88' lang='lat' dir='ltr'>Paganos,</span> <span class='ocrx_word' id='word_1_377' title='bbox 3307 1850 3404 1920; x_wconf 92' lang='lat' dir='ltr'>qui</span> <span class='ocrx_word' id='word_1_378' title='bbox 3438 1848 3582 1903; x_wconf 88' lang='lat' dir='ltr'>tales</span> <span class='ocrx_word' id='word_1_379' title='bbox 3614 1865 3724 1903; x_wconf 88' lang='lat' dir='ltr'>non</span> <span class='ocrx_word' id='word_1_380' title='bbox 3759 1854 3919 1916; x_wconf 89' lang='lat' dir='ltr'>sunt,</span> <span class='ocrx_word' id='word_1_381' title='bbox 3945 1849 4092 1903; x_wconf 91' lang='lat' dir='ltr'>dici-</span> 
     </span>
    </p>
   </div>
   <div class='ocr_carea' id='block_1_53' title="bbox 2444 1938 4095 2009">
    <p class='ocr_par' dir='ltr' id='par_1_53' title="bbox 2444 1938 4095 2009">
     <span class='ocr_line' id='line_1_53' title="bbox 2444 1938 4095 2009; baseline -0.001 -15"><span class='ocrx_word' id='word_1_382' title='bbox 2444 1939 2519 1994; x_wconf 92' lang='lat' dir='ltr'>tis</span> <span class='ocrx_word' id='word_1_383' title='bbox 2552 1939 2824 1994; x_wconf 85' lang='lat' dir='ltr'>meliores</span> <span class='ocrx_word' id='word_1_384' title='bbox 2850 1939 3013 1993; x_wconf 91' lang='lat' dir='ltr'>vobis</span> <span class='ocrx_word' id='word_1_385' title='bbox 3035 1940 3061 1992; x_wconf 85' lang='lat'>?</span> <span class='ocrx_word' id='word_1_386' title='bbox 3093 1944 3232 1993; x_wconf 88' lang='lat' dir='ltr'>Cum</span> <span class='ocrx_word' id='word_1_387' title='bbox 3258 1943 3452 1992; x_wconf 89' lang='lat' dir='ltr'>tamen</span> <span class='ocrx_word' id='word_1_388' title='bbox 3491 1942 3721 2009; x_wconf 89' lang='lat' dir='ltr'>propter</span> <span class='ocrx_word' id='word_1_389' title='bbox 3753 1938 4095 2008; x_wconf 84' lang='lat' dir='ltr'>sacrilegam</span> 
     </span>
    </p>
   </div>
   <div class='ocr_carea' id='block_1_54' title="bbox 2440 2026 4090 2098">
    <p class='ocr_par' dir='ltr' id='par_1_54' title="bbox 2440 2026 4090 2098">
     <span class='ocr_line' id='line_1_54' title="bbox 2440 2026 4090 2098; baseline 0.001 -17"><span class='ocrx_word' id='word_1_390' title='bbox 2440 2028 2753 2083; x_wconf 90' lang='lat' dir='ltr'>vanitatem</span> <span class='ocrx_word' id='word_1_391' title='bbox 2779 2034 2943 2082; x_wconf 64' lang='lat' dir='ltr'>sectae</span> <span class='ocrx_word' id='word_1_392' title='bbox 2974 2033 3173 2082; x_wconf 79' lang='lat' dir='ltr'>vestrae</span> <span class='ocrx_word' id='word_1_393' title='bbox 3197 2028 3370 2082; x_wconf 86' lang='lat' dir='ltr'>etiam</span> <span class='ocrx_word' id='word_1_394' title='bbox 3406 2030 3506 2098; x_wconf 89' lang='lat' dir='ltr'>qui</span> <span class='ocrx_word' id='word_1_395' title='bbox 3533 2027 3591 2080; x_wconf 93' lang='lat' dir='ltr'>in</span> <span class='ocrx_word' id='word_1_396' title='bbox 3623 2027 3785 2082; x_wconf 91' lang='lat' dir='ltr'>vobis</span> <span class='ocrx_word' id='word_1_397' title='bbox 3809 2026 3955 2081; x_wconf 89' lang='lat' dir='ltr'>tales</span> <span class='ocrx_word' id='word_1_398' title='bbox 3979 2045 4090 2082; x_wconf 89' lang='lat' dir='ltr'>non</span> 
     </span>
    </p>
   </div>
   <div class='ocr_carea' id='block_1_55' title="bbox 2442 2115 4089 2188">
    <p class='ocr_par' dir='ltr' id='par_1_55' title="bbox 2442 2115 4089 2188">
     <span class='ocr_line' id='line_1_55' title="bbox 2442 2115 4089 2188; baseline 0.001 -18"><span class='ocrx_word' id='word_1_399' title='bbox 2442 2124 2598 2180; x_wconf 91' lang='lat' dir='ltr'>sunt,</span> <span class='ocrx_word' id='word_1_400' title='bbox 2637 2117 2883 2188; x_wconf 86' lang='lat' dir='ltr'>Paganis</span> <span class='ocrx_word' id='word_1_401' title='bbox 2913 2117 3086 2171; x_wconf 88' lang='lat' dir='ltr'>etiam</span> <span class='ocrx_word' id='word_1_402' title='bbox 3143 2115 3359 2170; x_wconf 87' lang='lat' dir='ltr'>talibus</span> <span class='ocrx_word' id='word_1_403' title='bbox 3390 2116 3706 2170; x_wconf 88' lang='lat' dir='ltr'>deteriores</span> <span class='ocrx_word' id='word_1_404' title='bbox 3749 2116 3888 2170; x_wconf 89' lang='lat' dir='ltr'>sint.</span> <span class='ocrx_word' id='word_1_405' title='bbox 3926 2115 4089 2172; x_wconf 89' lang='lat' dir='ltr'>Unde</span> 
     </span>
    </p>
   </div>
   <div class='ocr_carea' id='block_1_56' title="bbox 2437 2204 4084 2276">
    <p class='ocr_par' dir='ltr' id='par_1_56' title="bbox 2437 2204 4084 2276">
     <span class='ocr_line' id='line_1_56' title="bbox 2437 2204 4084 2276; baseline 0.001 -18"><span class='ocrx_word' id='word_1_406' title='bbox 2437 2206 2814 2259; x_wconf 83' lang='lat' dir='ltr'>manifestum</span> <span class='ocrx_word' id='word_1_407' title='bbox 2847 2210 2954 2269; x_wconf 84' lang='lat' dir='ltr'>est,</span> <span class='ocrx_word' id='word_1_408' title='bbox 2989 2222 3102 2260; x_wconf 92' lang='lat' dir='ltr'>non</span> <span class='ocrx_word' id='word_1_409' title='bbox 3135 2206 3261 2259; x_wconf 92' lang='lat' dir='ltr'>ideo</span> <span class='ocrx_word' id='word_1_410' title='bbox 3295 2204 3555 2276; x_wconf 88' lang='lat' dir='ltr'>derogari</span> <span class='ocrx_word' id='word_1_411' title='bbox 3590 2222 3744 2259; x_wconf 70' lang='lat' dir='ltr'>sanas</span> <span class='ocrx_word' id='word_1_412' title='bbox 3785 2205 4084 2272; x_wconf 69' lang='lat' dir='ltr'>doctrinae,</span> 
     </span>
    </p>
   </div>
   <div class='ocr_carea' id='block_1_57' title="bbox 2437 2292 4084 2365">
    <p class='ocr_par' dir='ltr' id='par_1_57' title="bbox 2437 2292 4084 2365">
     <span class='ocr_line' id='line_1_57' title="bbox 2437 2292 4084 2365; baseline 0.001 -17"><span class='ocrx_word' id='word_1_413' title='bbox 2437 2310 2564 2365; x_wconf 70' lang='lat' dir='ltr'>quas</span> <span class='ocrx_word' id='word_1_414' title='bbox 2613 2293 2737 2348; x_wconf 91' lang='lat' dir='ltr'>sola</span> <span class='ocrx_word' id='word_1_415' title='bbox 2783 2293 3067 2348; x_wconf 90' lang='lat' dir='ltr'>catholica</span> <span class='ocrx_word' id='word_1_416' title='bbox 3116 2299 3221 2362; x_wconf 91' lang='lat' dir='ltr'>est,</span> <span class='ocrx_word' id='word_1_417' title='bbox 3264 2293 3401 2364; x_wconf 88' lang='lat' dir='ltr'>quia</span> <span class='ocrx_word' id='word_1_418' title='bbox 3452 2292 3616 2346; x_wconf 91' lang='lat' dir='ltr'>multi</span> <span class='ocrx_word' id='word_1_419' title='bbox 3668 2293 3795 2362; x_wconf 86' lang='lat' dir='ltr'>ejus</span> <span class='ocrx_word' id='word_1_420' title='bbox 3847 2293 4084 2349; x_wconf 89' lang='lat' dir='ltr'>nomine</span> 
     </span>
    </p>
   </div>
   <div class='ocr_carea' id='block_1_58' title="bbox 2435 2380 4081 2454">
    <p class='ocr_par' dir='ltr' id='par_1_58' title="bbox 2435 2380 4081 2454">
     <span class='ocr_line' id='line_1_58' title="bbox 2435 2380 4081 2454; baseline 0 -16"><span class='ocrx_word' id='word_1_421' title='bbox 2435 2384 2654 2438; x_wconf 90' lang='lat' dir='ltr'>censeri</span> <span class='ocrx_word' id='word_1_422' title='bbox 2688 2385 2909 2449; x_wconf 89' lang='lat' dir='ltr'>volunt,</span> <span class='ocrx_word' id='word_1_423' title='bbox 2943 2389 2998 2437; x_wconf 91' lang='lat' dir='ltr'>et</span> <span class='ocrx_word' id='word_1_424' title='bbox 3028 2399 3130 2453; x_wconf 87' lang='lat' dir='ltr'>per</span> <span class='ocrx_word' id='word_1_425' title='bbox 3173 2382 3332 2437; x_wconf 89' lang='lat' dir='ltr'>illam</span> <span class='ocrx_word' id='word_1_426' title='bbox 3367 2381 3562 2437; x_wconf 89' lang='lat' dir='ltr'>sanari</span> <span class='ocrx_word' id='word_1_427' title='bbox 3593 2380 3818 2436; x_wconf 91' lang='lat' dir='ltr'>nolunt.</span> <span class='ocrx_word' id='word_1_428' title='bbox 3854 2386 4081 2454; x_wconf 87' lang='lat' dir='ltr'>Agnos-</span> 
     </span>
    </p>
   </div>
   <div class='ocr_carea' id='block_1_59' title="bbox 2433 2470 4081 2543">
    <p class='ocr_par' dir='ltr' id='par_1_59' title="bbox 2433 2470 4081 2543">
     <span class='ocr_line' id='line_1_59' title="bbox 2433 2470 4081 2543; baseline 0.001 -17"><span class='ocrx_word' id='word_1_429' title='bbox 2433 2473 2615 2526; x_wconf 89' lang='lat' dir='ltr'>cenda</span> <span class='ocrx_word' id='word_1_430' title='bbox 2645 2477 2733 2526; x_wconf 87' lang='lat' dir='ltr'>ost</span> <span class='ocrx_word' id='word_1_431' title='bbox 2761 2471 2914 2526; x_wconf 91' lang='lat' dir='ltr'>enim</span> <span class='ocrx_word' id='word_1_432' title='bbox 2952 2471 3213 2542; x_wconf 89' lang='lat' dir='ltr'>paucitas</span> <span class='ocrx_word' id='word_1_433' title='bbox 3245 2470 3364 2540; x_wconf 90' lang='lat' dir='ltr'>illa,</span> <span class='ocrx_word' id='word_1_434' title='bbox 3399 2487 3575 2542; x_wconf 91' lang='lat' dir='ltr'>quam</span> <span class='ocrx_word' id='word_1_435' title='bbox 3618 2471 3897 2526; x_wconf 87' lang='lat' dir='ltr'>Dominus</span> <span class='ocrx_word' id='word_1_436' title='bbox 3933 2490 4081 2543; x_wconf 68' lang='lat' dir='ltr'>prae-</span> 
     </span>
    </p>
   </div>
   <div class='ocr_carea' id='block_1_60' title="bbox 2431 2559 4082 2632">
    <p class='ocr_par' dir='ltr' id='par_1_60' title="bbox 2431 2559 4082 2632">
     <span class='ocr_line' id='line_1_60' title="bbox 2431 2559 4082 2632; baseline 0.001 -18"><span class='ocrx_word' id='word_1_437' title='bbox 2431 2561 2598 2632; x_wconf 91' lang='lat' dir='ltr'>cipue</span> <span class='ocrx_word' id='word_1_438' title='bbox 2647 2560 3019 2614; x_wconf 87' lang='lat' dir='ltr'>commendat</span> <span class='ocrx_word' id='word_1_439' title='bbox 3068 2560 3122 2614; x_wconf 91' lang='lat' dir='ltr'>in</span> <span class='ocrx_word' id='word_1_440' title='bbox 3167 2560 3388 2630; x_wconf 80' lang='lat' dir='ltr'>ingenti</span> <span class='ocrx_word' id='word_1_441' title='bbox 3441 2564 3612 2630; x_wconf 89' lang='lat' dir='ltr'>atque</span> <span class='ocrx_word' id='word_1_442' title='bbox 3662 2559 4082 2616; x_wconf 88' lang='lat' dir='ltr'>innumerabili</span> 
     </span>
    </p>
   </div>
   <div class='ocr_carea' id='block_1_61' title="bbox 2430 2648 4080 2720">
    <p class='ocr_par' dir='ltr' id='par_1_61' title="bbox 2430 2648 4080 2720">
     <span class='ocr_line' id='line_1_61' title="bbox 2430 2648 4080 2720; baseline 0.002 -18"><span class='ocrx_word' id='word_1_443' title='bbox 2430 2649 2805 2702; x_wconf 79' lang='lat' dir='ltr'>multitudine</span> <span class='ocrx_word' id='word_1_444' title='bbox 2839 2653 2954 2702; x_wconf 84' lang='lat' dir='ltr'>toto</span> <span class='ocrx_word' id='word_1_445' title='bbox 2989 2649 3124 2703; x_wconf 90' lang='lat' dir='ltr'>orbe</span> <span class='ocrx_word' id='word_1_446' title='bbox 3157 2648 3370 2702; x_wconf 80' lang='lat' dir='ltr'>diffusa</span> <span class='ocrx_word' id='word_1_447' title='bbox 3409 2648 3620 2719; x_wconf 71' lang='lat' dir='ltr'>(Matth.</span> <span class='ocrx_word' id='word_1_448' title='bbox 3655 2665 3747 2715; x_wconf 79' lang='lat' dir='ltr'>xx,</span> <span class='ocrx_word' id='word_1_449' title='bbox 3782 2650 3867 2719; x_wconf 85' lang='lat' dir='ltr'>i6)</span> <span class='ocrx_word' id='word_1_450' title='bbox 3901 2667 3914 2704; x_wconf 90' lang='lat'><strong>:</strong></span> <span class='ocrx_word' id='word_1_451' title='bbox 3952 2667 4080 2720; x_wconf 78' lang='lat' dir='ltr'>quae</span> 
     </span>
    </p>
   </div>
   <div class='ocr_carea' id='block_1_62' title="bbox 2429 2737 4073 2808">
    <p class='ocr_par' dir='ltr' id='par_1_62' title="bbox 2429 2737 4073 2808">
     <span class='ocr_line' id='line_1_62' title="bbox 2429 2737 4073 2808; baseline 0.002 -18"><span class='ocrx_word' id='word_1_452' title='bbox 2429 2741 2624 2791; x_wconf 91' lang='lat' dir='ltr'>tamen</span> <span class='ocrx_word' id='word_1_453' title='bbox 2677 2739 2938 2807; x_wconf 89' lang='lat' dir='ltr'>paucitas</span> <span class='ocrx_word' id='word_1_454' title='bbox 2988 2743 3323 2792; x_wconf 90' lang='lat' dir='ltr'>sanctorum</span> <span class='ocrx_word' id='word_1_455' title='bbox 3359 2743 3533 2808; x_wconf 91' lang='lat' dir='ltr'>atque</span> <span class='ocrx_word' id='word_1_456' title='bbox 3584 2737 3866 2800; x_wconf 82' lang='lat' dir='ltr'>ﬁdelium,</span> <span class='ocrx_word' id='word_1_457' title='bbox 3913 2740 4073 2808; x_wconf 92' lang='lat' dir='ltr'>quod</span> 
     </span>
    </p>
   </div>
   <div class='ocr_carea' id='block_1_63' title="bbox 2427 2827 4071 2898">
    <p class='ocr_par' dir='ltr' id='par_1_63' title="bbox 2427 2827 4071 2898">
     <span class='ocr_line' id='line_1_63' title="bbox 2427 2827 4071 2898; baseline 0.002 -18"><span class='ocrx_word' id='word_1_458' title='bbox 2427 2842 2578 2896; x_wconf 67' lang='lat' dir='ltr'>etspe</span> <span class='ocrx_word' id='word_1_459' title='bbox 2615 2827 3146 2880; x_wconf 89' lang='lat' dir='ltr'>commendandum</span> <span class='ocrx_word' id='word_1_460' title='bbox 3188 2831 3294 2894; x_wconf 88' lang='lat' dir='ltr'>est,</span> <span class='ocrx_word' id='word_1_461' title='bbox 3329 2830 3606 2896; x_wconf 89' lang='lat' dir='ltr'>tanquam</span> <span class='ocrx_word' id='word_1_462' title='bbox 3658 2843 3979 2898; x_wconf 91' lang='lat' dir='ltr'>granorum</span> <span class='ocrx_word' id='word_1_463' title='bbox 4012 2829 4071 2883; x_wconf 91' lang='lat' dir='ltr'>in</span> 
     </span>
    </p>
   </div>
   <div class='ocr_carea' id='block_1_64' title="bbox 2425 2914 4071 2986">
    <p class='ocr_par' dir='ltr' id='par_1_64' title="bbox 2425 2914 4071 2986">
     <span class='ocr_line' id='line_1_64' title="bbox 2425 2914 4071 2986; baseline 0.001 -17"><span class='ocrx_word' id='word_1_464' title='bbox 2425 2915 2857 2986; x_wconf 88' lang='lat' dir='ltr'>comparatione</span> <span class='ocrx_word' id='word_1_465' title='bbox 2908 2914 3300 2968; x_wconf 89' lang='lat' dir='ltr'>multitudinis</span> <span class='ocrx_word' id='word_1_466' title='bbox 3334 2915 3651 2984; x_wconf 89' lang='lat' dir='ltr'>palearum,</span> <span class='ocrx_word' id='word_1_467' title='bbox 3685 2917 3948 2986; x_wconf 90' lang='lat' dir='ltr'>paucitas</span> <span class='ocrx_word' id='word_1_468' title='bbox 3983 2918 4071 2971; x_wconf 84' lang='lat' dir='ltr'>di-</span> 
     </span>
    </p>
   </div>
   <div class='ocr_carea' id='block_1_65' title="bbox 2424 3002 4072 3074">
    <p class='ocr_par' dir='ltr' id='par_1_65' title="bbox 2424 3002 4072 3074">
     <span class='ocr_line' id='line_1_65' title="bbox 2424 3002 4072 3074; baseline 0.002 -18"><span class='ocrx_word' id='word_1_469' title='bbox 2424 3002 2610 3070; x_wconf 92' lang='lat' dir='ltr'>citur;</span> <span class='ocrx_word' id='word_1_470' title='bbox 2647 3019 2818 3074; x_wconf 91' lang='lat' dir='ltr'>perse</span> <span class='ocrx_word' id='word_1_471' title='bbox 2841 3007 3034 3057; x_wconf 90' lang='lat' dir='ltr'>autem</span> <span class='ocrx_word' id='word_1_472' title='bbox 3054 3003 3242 3074; x_wconf 89' lang='lat' dir='ltr'>ipsam</span> <span class='ocrx_word' id='word_1_473' title='bbox 3271 3007 3492 3058; x_wconf 89' lang='lat' dir='ltr'>tantam</span> <span class='ocrx_word' id='word_1_474' title='bbox 3516 3021 3769 3058; x_wconf 87' lang='lat' dir='ltr'>massam</span> <span class='ocrx_word' id='word_1_475' title='bbox 3790 3004 4072 3061; x_wconf 78' lang='lat' dir='ltr'>frumenti</span> 
     </span>
    </p>
   </div>
   <div class='ocr_carea' id='block_1_66' title="bbox 2422 3090 4073 3165">
    <p class='ocr_par' dir='ltr' id='par_1_66' title="bbox 2422 3090 4073 3165">
     <span class='ocr_line' id='line_1_66' title="bbox 2422 3090 4073 3165; baseline 0.002 -20"><span class='ocrx_word' id='word_1_476' title='bbox 2422 3090 2576 3156; x_wconf 83' lang='lat' dir='ltr'>facit,</span> <span class='ocrx_word' id='word_1_477' title='bbox 2608 3100 2667 3145; x_wconf 92' lang='lat' dir='ltr'>ut</span> <span class='ocrx_word' id='word_1_478' title='bbox 2697 3108 2901 3146; x_wconf 87' lang='lat' dir='ltr'>omnes</span> <span class='ocrx_word' id='word_1_479' title='bbox 2920 3093 3128 3162; x_wconf 91' lang='lat' dir='ltr'>probos</span> <span class='ocrx_word' id='word_1_480' title='bbox 3157 3097 3213 3146; x_wconf 93' lang='lat' dir='ltr'>et</span> <span class='ocrx_word' id='word_1_481' title='bbox 3231 3093 3501 3162; x_wconf 82' lang='lat' dir='ltr'>reprobos</span> <span class='ocrx_word' id='word_1_482' title='bbox 3525 3098 3768 3157; x_wconf 88' lang='lat' dir='ltr'>vestros,</span> <span class='ocrx_word' id='word_1_483' title='bbox 3790 3110 3940 3164; x_wconf 87' lang='lat' dir='ltr'>quos</span> <span class='ocrx_word' id='word_1_484' title='bbox 3970 3112 4073 3165; x_wconf 85' lang='lat' dir='ltr'>pa-</span> 
     </span>
    </p>
   </div>
   <div class='ocr_carea' id='block_1_67' title="bbox 2422 3180 4070 3252">
    <p class='ocr_par' dir='ltr' id='par_1_67' title="bbox 2422 3180 4070 3252">
     <span class='ocr_line' id='line_1_67' title="bbox 2422 3180 4070 3252; baseline 0.003 -18"><span class='ocrx_word' id='word_1_485' title='bbox 2422 3180 2556 3234; x_wconf 87' lang='lat' dir='ltr'>riter</span> <span class='ocrx_word' id='word_1_486' title='bbox 2615 3180 2826 3234; x_wconf 91' lang='lat' dir='ltr'>veritas</span> <span class='ocrx_word' id='word_1_487' title='bbox 2876 3181 3164 3251; x_wconf 84' lang='lat' dir='ltr'>reprobat,</span> <span class='ocrx_word' id='word_1_488' title='bbox 3197 3180 3636 3252; x_wconf 90' lang='lat' dir='ltr'>incomparabili</span> <span class='ocrx_word' id='word_1_489' title='bbox 3688 3181 4070 3240; x_wconf 90' lang='lat' dir='ltr'>multitudine</span> 
     </span>
    </p>
   </div>
   <div class='ocr_carea' id='block_1_68' title="bbox 2419 3269 4068 3344">
    <p class='ocr_par' dir='ltr' id='par_1_68' title="bbox 2419 3269 4068 3344">
     <span class='ocr_line' id='line_1_68' title="bbox 2419 3269 4068 3344; baseline 0.002 -22"><span class='ocrx_word' id='word_1_490' title='bbox 2419 3273 2670 3338; x_wconf 90' lang='lat' dir='ltr'>superet.</span> <span class='ocrx_word' id='word_1_491' title='bbox 2707 3269 2846 3323; x_wconf 88' lang='lat' dir='ltr'>Ecce</span> <span class='ocrx_word' id='word_1_492' title='bbox 2878 3286 2988 3323; x_wconf 92' lang='lat' dir='ltr'>non</span> <span class='ocrx_word' id='word_1_493' title='bbox 3024 3286 3229 3324; x_wconf 89' lang='lat' dir='ltr'>sumus</span> <span class='ocrx_word' id='word_1_494' title='bbox 3256 3269 3526 3324; x_wconf 84' lang='lat' dir='ltr'>Gentium</span> <span class='ocrx_word' id='word_1_495' title='bbox 3560 3269 3836 3334; x_wconf 88' lang='lat' dir='ltr'>schisma,</span> <span class='ocrx_word' id='word_1_496' title='bbox 3871 3273 4068 3344; x_wconf 89' lang='lat' dir='ltr'>aqui-</span> 
     </span>
    </p>
   </div>
   <div class='ocr_carea' id='block_1_69' title="bbox 2417 3357 4070 3429">
    <p class='ocr_par' dir='ltr' id='par_1_69' title="bbox 2417 3357 4070 3429">
     <span class='ocr_line' id='line_1_69' title="bbox 2417 3357 4070 3429; baseline 0.001 -15"><span class='ocrx_word' id='word_1_497' title='bbox 2417 3359 2525 3414; x_wconf 92' lang='lat' dir='ltr'>bus</span> <span class='ocrx_word' id='word_1_498' title='bbox 2558 3357 2878 3429; x_wconf 91' lang='lat' dir='ltr'>plurimum</span> <span class='ocrx_word' id='word_1_499' title='bbox 2931 3359 3219 3413; x_wconf 86' lang='lat' dir='ltr'>distamus</span> <span class='ocrx_word' id='word_1_500' title='bbox 3271 3358 3329 3412; x_wconf 91' lang='lat' dir='ltr'>in</span> <span class='ocrx_word' id='word_1_501' title='bbox 3383 3357 3591 3413; x_wconf 91' lang='lat' dir='ltr'>melius</span> <span class='ocrx_word' id='word_1_502' title='bbox 3626 3376 3638 3413; x_wconf 90' lang='lat'>:</span> <span class='ocrx_word' id='word_1_503' title='bbox 3676 3360 3775 3414; x_wconf 88' lang='lat' dir='ltr'>sed</span> <span class='ocrx_word' id='word_1_504' title='bbox 3813 3376 3918 3414; x_wconf 91' lang='lat' dir='ltr'>nec</span> <span class='ocrx_word' id='word_1_505' title='bbox 3967 3376 4070 3416; x_wconf 88' lang='lat' dir='ltr'>vos</span> 
     </span>
    </p>
   </div>
   <div class='ocr_carea' id='block_1_70' title="bbox 2416 3447 4025 3520">
    <p class='ocr_par' dir='ltr' id='par_1_70' title="bbox 2416 3447 4025 3520">
     <span class='ocr_line' id='line_1_70' title="bbox 2416 3447 4025 3520; baseline 0.001 -18"><span class='ocrx_word' id='word_1_506' title='bbox 2416 3449 2524 3503; x_wconf 92' lang='lat' dir='ltr'>hoc</span> <span class='ocrx_word' id='word_1_507' title='bbox 2547 3447 2707 3512; x_wconf 92' lang='lat' dir='ltr'>estis,</span> <span class='ocrx_word' id='word_1_508' title='bbox 2743 3447 2879 3519; x_wconf 93' lang='lat' dir='ltr'>quia</span> <span class='ocrx_word' id='word_1_509' title='bbox 2910 3447 3230 3518; x_wconf 86' lang='lat' dir='ltr'>plurimum</span> <span class='ocrx_word' id='word_1_510' title='bbox 3259 3448 3330 3502; x_wconf 91' lang='lat' dir='ltr'>ab</span> <span class='ocrx_word' id='word_1_511' title='bbox 3358 3447 3441 3502; x_wconf 88' lang='lat' dir='ltr'>eis</span> <span class='ocrx_word' id='word_1_512' title='bbox 3473 3447 3708 3502; x_wconf 90' lang='lat' dir='ltr'>distatis</span> <span class='ocrx_word' id='word_1_513' title='bbox 3738 3447 3799 3502; x_wconf 91' lang='lat' dir='ltr'>in</span> <span class='ocrx_word' id='word_1_514' title='bbox 3832 3449 4025 3520; x_wconf 87' lang='lat' dir='ltr'>pejus.</span> 
     </span>
    </p>
   </div>
   <div class='ocr_carea' id='block_1_71' title="bbox 2479 3545 3647 3609">
    <p class='ocr_par' dir='ltr' id='par_1_71' title="bbox 2479 3545 3647 3609">
     <span class='ocr_line' id='line_1_71' title="bbox 2479 3545 3647 3609; baseline 0 -16"><span class='ocrx_word' id='word_1_515' title='bbox 2479 3549 2494 3581; x_wconf 80' lang='grc' dir='ltr'><strong><em>ι</em></strong></span> <span class='ocrx_word' id='word_1_516' title='bbox 2529 3546 2587 3594; x_wconf 89' lang='lat' dir='ltr'>ln</span> <span class='ocrx_word' id='word_1_517' title='bbox 2619 3546 2797 3594; x_wconf 80' lang='lat' dir='ltr'>Multis</span> <span class='ocrx_word' id='word_1_518' title='bbox 2827 3547 2968 3603; x_wconf 83' lang='lat' dir='ltr'>Mss.,</span> <span class='ocrx_word' id='word_1_519' title='bbox 2998 3548 3046 3594; x_wconf 79' lang='lat' dir='ltr'>et</span> <span class='ocrx_word' id='word_1_520' title='bbox 3069 3545 3300 3609; x_wconf 75' lang='lat' dir='ltr'>plerique</span> <span class='ocrx_word' id='word_1_521' title='bbox 3327 3546 3382 3594; x_wconf 76' lang='lat' dir='ltr'>in</span> <span class='ocrx_word' id='word_1_522' title='bbox 3407 3546 3647 3608; x_wconf 72' lang='lat' dir='ltr'>Paganir.</span> 
     </span>
    </p>
   </div>
   <div class='ocr_carea' id='block_1_72' title="bbox 1519 3769 3212 3866">
    <p class='ocr_par' dir='ltr' id='par_1_72' title="bbox 1519 3769 3212 3866">
     <span class='ocr_line' id='line_1_72' title="bbox 1519 3769 3212 3866; baseline -0.001 -4"><span class='ocrx_word' id='word_1_523' title='bbox 1519 3769 1898 3863; x_wconf 82' lang='lat' dir='ltr'>LIBER</span> <span class='ocrx_word' id='word_1_524' title='bbox 1963 3769 2642 3866; x_wconf 86' lang='lat' dir='ltr'>VIGESIMUS</span> <span class='ocrx_word' id='word_1_525' title='bbox 2721 3769 3212 3863; x_wconf 82' lang='lat' dir='ltr'>PRIMUS.</span> 
     </span>
    </p>
   </div>
   <div class='ocr_carea' id='block_1_73' title="bbox 731 4025 2298 4096">
    <p class='ocr_par' dir='ltr' id='par_1_73' title="bbox 731 4025 2298 4096">
     <span class='ocr_line' id='line_1_73' title="bbox 731 4025 2298 4096; baseline 0.001 -14"><span class='ocrx_word' id='word_1_526' title='bbox 731 4026 963 4083; x_wconf 87' lang='lat' dir='ltr'>CAPUT</span> <span class='ocrx_word' id='word_1_527' title='bbox 987 4025 1296 4081; x_wconf 85' lang='lat' dir='ltr'>PRIMUM.</span> <span class='ocrx_word' id='word_1_528' title='bbox 1313 4058 1379 4066; x_wconf 92' lang='lat'><strong><em>—</em></strong></span> <span class='ocrx_word' id='word_1_529' title='bbox 1393 4027 1652 4081; x_wconf 61' lang='lat' dir='ltr'>Faus&#39;rus</span> <span class='ocrx_word' id='word_1_530' title='bbox 1665 4025 1832 4080; x_wconf 85' lang='lat' dir='ltr'>dixit:</span> <span class='ocrx_word' id='word_1_531' title='bbox 1852 4026 2011 4082; x_wconf 91' lang='lat' dir='ltr'>Unus</span> <span class='ocrx_word' id='word_1_532' title='bbox 2025 4026 2177 4082; x_wconf 92' lang='lat' dir='ltr'>Deus</span> <span class='ocrx_word' id='word_1_533' title='bbox 2191 4033 2298 4096; x_wconf 88' lang='lat' dir='ltr'>est,</span> 
     </span>
    </p>
   </div>
   <div class='ocr_carea' id='block_1_74' title="bbox 658 4113 2303 4185">
    <p class='ocr_par' dir='ltr' id='par_1_74' title="bbox 658 4113 2303 4185">
     <span class='ocr_line' id='line_1_74' title="bbox 658 4113 2303 4185; baseline 0.001 -16"><span class='ocrx_word' id='word_1_534' title='bbox 658 4132 727 4169; x_wconf 91' lang='lat' dir='ltr'>an</span> <span class='ocrx_word' id='word_1_535' title='bbox 750 4115 899 4170; x_wconf 84' lang='lat' dir='ltr'>duo?</span> <span class='ocrx_word' id='word_1_536' title='bbox 913 4113 1089 4170; x_wconf 89' lang='lat' dir='ltr'>Plane</span> <span class='ocrx_word' id='word_1_537' title='bbox 1103 4116 1582 4178; x_wconf 90' lang='lat' dir='ltr'>unus.Quomodo</span> <span class='ocrx_word' id='word_1_538' title='bbox 1595 4131 1728 4185; x_wconf 89' lang='lat' dir='ltr'>ergo</span> <span class='ocrx_word' id='word_1_539' title='bbox 1741 4131 1840 4169; x_wconf 88' lang='lat' dir='ltr'>vos</span> <span class='ocrx_word' id='word_1_540' title='bbox 1854 4115 2000 4170; x_wconf 91' lang='lat' dir='ltr'>duos</span> <span class='ocrx_word' id='word_1_541' title='bbox 2014 4115 2303 4171; x_wconf 81' lang='lat' dir='ltr'>asseritis?</span> 
     </span>
    </p>
   </div>
   <div class='ocr_carea' id='block_1_75' title="bbox 652 4203 2298 4276">
    <p class='ocr_par' dir='ltr' id='par_1_75' title="bbox 652 4203 2298 4276">
     <span class='ocr_line' id='line_1_75' title="bbox 652 4203 2298 4276; baseline 0.002 -19"><span class='ocrx_word' id='word_1_542' title='bbox 652 4203 965 4275; x_wconf 90' lang='lat' dir='ltr'>Nunquam</span> <span class='ocrx_word' id='word_1_543' title='bbox 998 4205 1055 4258; x_wconf 92' lang='lat' dir='ltr'>in</span> <span class='ocrx_word' id='word_1_544' title='bbox 1089 4204 1304 4259; x_wconf 89' lang='lat' dir='ltr'>nostris</span> <span class='ocrx_word' id='word_1_545' title='bbox 1331 4204 1566 4276; x_wconf 90' lang='lat' dir='ltr'>quidem</span> <span class='ocrx_word' id='word_1_546' title='bbox 1601 4204 2020 4259; x_wconf 90' lang='lat' dir='ltr'>assertionibus</span> <span class='ocrx_word' id='word_1_547' title='bbox 2048 4206 2298 4260; x_wconf 89' lang='lat' dir='ltr'>duorum</span> 
     </span>
    </p>
   </div>
   <div class='ocr_carea' id='block_1_76' title="bbox 657 4292 2296 4365">
    <p class='ocr_par' dir='ltr' id='par_1_76' title="bbox 657 4292 2296 4365">
     <span class='ocr_line' id='line_1_76' title="bbox 657 4292 2296 4365; baseline 0.001 -19"><span class='ocrx_word' id='word_1_548' title='bbox 657 4293 896 4346; x_wconf 91' lang='lat' dir='ltr'>deorum</span> <span class='ocrx_word' id='word_1_549' title='bbox 927 4294 1192 4348; x_wconf 91' lang='lat' dir='ltr'>auditum</span> <span class='ocrx_word' id='word_1_550' title='bbox 1210 4297 1545 4348; x_wconf 89' lang='lat' dir='ltr'>estnomen.</span> <span class='ocrx_word' id='word_1_551' title='bbox 1568 4293 1677 4347; x_wconf 87' lang='lat' dir='ltr'>Sed</span> <span class='ocrx_word' id='word_1_552' title='bbox 1698 4296 1758 4346; x_wconf 87' lang='lat' dir='ltr'>tu</span> <span class='ocrx_word' id='word_1_553' title='bbox 1793 4294 1945 4347; x_wconf 89' lang='lat' dir='ltr'>unde</span> <span class='ocrx_word' id='word_1_554' title='bbox 1977 4292 2084 4347; x_wconf 91' lang='lat' dir='ltr'>hoc</span> <span class='ocrx_word' id='word_1_555' title='bbox 2106 4293 2296 4365; x_wconf 89' lang='lat' dir='ltr'>suspi-</span> 
     </span>
    </p>
   </div>
   <div class='ocr_carea' id='block_1_77' title="bbox 656 4380 2295 4452">
    <p class='ocr_par' dir='ltr' id='par_1_77' title="bbox 656 4380 2295 4452">
     <span class='ocr_line' id='line_1_77' title="bbox 656 4380 2295 4452; baseline 0.002 -18"><span class='ocrx_word' id='word_1_556' title='bbox 656 4381 827 4446; x_wconf 87' lang='lat' dir='ltr'>caris,</span> <span class='ocrx_word' id='word_1_557' title='bbox 861 4381 1026 4452; x_wconf 90' lang='lat' dir='ltr'>cupio</span> <span class='ocrx_word' id='word_1_558' title='bbox 1060 4382 1224 4436; x_wconf 91' lang='lat' dir='ltr'>scire.</span> <span class='ocrx_word' id='word_1_559' title='bbox 1271 4380 1416 4446; x_wconf 88' lang='lat' dir='ltr'>Quia</span> <span class='ocrx_word' id='word_1_560' title='bbox 1445 4380 1729 4435; x_wconf 90' lang='lat' dir='ltr'>bonorum</span> <span class='ocrx_word' id='word_1_561' title='bbox 1763 4386 1819 4435; x_wconf 91' lang='lat' dir='ltr'>et</span> <span class='ocrx_word' id='word_1_562' title='bbox 1851 4381 2137 4436; x_wconf 91' lang='lat' dir='ltr'>malorum</span> <span class='ocrx_word' id='word_1_563' title='bbox 2181 4382 2295 4437; x_wconf 92' lang='lat' dir='ltr'>duo</span> 
     </span>
    </p>
   </div>
   <div class='ocr_carea' id='block_1_78' title="bbox 654 4469 2295 4540">
    <p class='ocr_par' dir='ltr' id='par_1_78' title="bbox 654 4469 2295 4540">
     <span class='ocr_line' id='line_1_78' title="bbox 654 4469 2295 4540; baseline 0.001 -17"><span class='ocrx_word' id='word_1_564' title='bbox 654 4469 939 4539; x_wconf 86' lang='lat' dir='ltr'>principia</span> <span class='ocrx_word' id='word_1_565' title='bbox 969 4470 1217 4524; x_wconf 89' lang='lat' dir='ltr'>traditis.</span> <span class='ocrx_word' id='word_1_566' title='bbox 1252 4470 1351 4525; x_wconf 88' lang='lat' dir='ltr'>Est</span> <span class='ocrx_word' id='word_1_567' title='bbox 1381 4469 1615 4540; x_wconf 91' lang='lat' dir='ltr'>quidem</span> <span class='ocrx_word' id='word_1_568' title='bbox 1663 4470 1813 4540; x_wconf 90' lang='lat' dir='ltr'>quod</span> <span class='ocrx_word' id='word_1_569' title='bbox 1849 4471 1962 4524; x_wconf 93' lang='lat' dir='ltr'>duo</span> <span class='ocrx_word' id='word_1_570' title='bbox 2011 4469 2295 4540; x_wconf 89' lang='lat' dir='ltr'>principia</span> 
     </span>
    </p>
   </div>
   <div class='ocr_carea' id='block_1_79' title="bbox 653 4558 2291 4625">
    <p class='ocr_par' dir='ltr' id='par_1_79' title="bbox 653 4558 2291 4625">
     <span class='ocr_line' id='line_1_79' title="bbox 653 4558 2291 4625; baseline 0.001 -13"><span class='ocrx_word' id='word_1_571' title='bbox 653 4560 1020 4625; x_wconf 90' lang='lat' dir='ltr'>conﬁtemur,</span> <span class='ocrx_word' id='word_1_572' title='bbox 1055 4560 1153 4614; x_wconf 86' lang='lat' dir='ltr'>sed</span> <span class='ocrx_word' id='word_1_573' title='bbox 1188 4576 1368 4613; x_wconf 90' lang='lat' dir='ltr'>unum</span> <span class='ocrx_word' id='word_1_574' title='bbox 1396 4575 1462 4614; x_wconf 82' lang='lat' dir='ltr'>ex</span> <span class='ocrx_word' id='word_1_575' title='bbox 1492 4558 1583 4614; x_wconf 89' lang='lat' dir='ltr'>his</span> <span class='ocrx_word' id='word_1_576' title='bbox 1614 4560 1796 4614; x_wconf 91' lang='lat' dir='ltr'>Deum</span> <span class='ocrx_word' id='word_1_577' title='bbox 1827 4575 2122 4625; x_wconf 90' lang='lat' dir='ltr'>vocamus,</span> <span class='ocrx_word' id='word_1_578' title='bbox 2151 4558 2291 4614; x_wconf 91' lang='lat' dir='ltr'>alte-</span> 
     </span>
    </p>
   </div>
   <div class='ocr_carea' id='block_1_80' title="bbox 649 4647 2290 4718">
    <p class='ocr_par' dir='ltr' id='par_1_80' title="bbox 649 4647 2290 4718">
     <span class='ocr_line' id='line_1_80' title="bbox 649 4647 2290 4718; baseline 0.001 -18"><span class='ocrx_word' id='word_1_579' title='bbox 649 4663 779 4701; x_wconf 90' lang='lat' dir='ltr'>rum</span> <span class='ocrx_word' id='word_1_580' title='bbox 803 4647 981 4718; x_wconf 85' lang='lat' dir='ltr'>Hylen</span> <span class='ocrx_word' id='word_1_581' title='bbox 1017 4664 1029 4701; x_wconf 86' lang='lat'><strong>:</strong></span> <span class='ocrx_word' id='word_1_582' title='bbox 1063 4652 1183 4714; x_wconf 83' lang='lat' dir='ltr'>aut,</span> <span class='ocrx_word' id='word_1_583' title='bbox 1211 4652 1273 4702; x_wconf 91' lang='lat' dir='ltr'>ut</span> <span class='ocrx_word' id='word_1_584' title='bbox 1299 4649 1689 4703; x_wconf 90' lang='lat' dir='ltr'>communiter</span> <span class='ocrx_word' id='word_1_585' title='bbox 1703 4652 1759 4703; x_wconf 92' lang='lat' dir='ltr'>et</span> <span class='ocrx_word' id='word_1_586' title='bbox 1777 4648 1991 4703; x_wconf 90' lang='lat' dir='ltr'>usitate</span> <span class='ocrx_word' id='word_1_587' title='bbox 2021 4647 2290 4716; x_wconf 85' lang='lat' dir='ltr'>dixerim,</span> 
     </span>
    </p>
   </div>
   <div class='ocr_carea' id='block_1_81' title="bbox 647 4736 2290 4807">
    <p class='ocr_par' dir='ltr' id='par_1_81' title="bbox 647 4736 2290 4807">
     <span class='ocr_line' id='line_1_81' title="bbox 647 4736 2290 4807; baseline 0.001 -17"><span class='ocrx_word' id='word_1_588' title='bbox 647 4737 991 4791; x_wconf 78' lang='lat' dir='ltr'>daemonem.</span> <span class='ocrx_word' id='word_1_589' title='bbox 1029 4737 1186 4801; x_wconf 90' lang='lat' dir='ltr'>Quod</span> <span class='ocrx_word' id='word_1_590' title='bbox 1231 4736 1278 4790; x_wconf 91' lang='lat' dir='ltr'>si</span> <span class='ocrx_word' id='word_1_591' title='bbox 1310 4741 1372 4791; x_wconf 91' lang='lat' dir='ltr'>tu</span> <span class='ocrx_word' id='word_1_592' title='bbox 1421 4737 1528 4790; x_wconf 92' lang='lat' dir='ltr'>hoc</span> <span class='ocrx_word' id='word_1_593' title='bbox 1562 4743 1732 4807; x_wconf 88' lang='lat' dir='ltr'>putas</span> <span class='ocrx_word' id='word_1_594' title='bbox 1774 4738 1921 4791; x_wconf 90' lang='lat' dir='ltr'>duos</span> <span class='ocrx_word' id='word_1_595' title='bbox 1961 4736 2290 4807; x_wconf 88' lang='lat' dir='ltr'>signiﬁcare</span> 
     </span>
    </p>
   </div>
   <div class='ocr_carea' id='block_1_82' title="bbox 647 4824 2291 4896">
    <p class='ocr_par' dir='ltr' id='par_1_82' title="bbox 647 4824 2291 4896">
     <span class='ocr_line' id='line_1_82' title="bbox 647 4824 2291 4896; baseline 0.001 -18"><span class='ocrx_word' id='word_1_596' title='bbox 647 4825 805 4891; x_wconf 89' lang='lat' dir='ltr'>deos,</span> <span class='ocrx_word' id='word_1_597' title='bbox 829 4824 1043 4896; x_wconf 88' lang='lat' dir='ltr'>poteris</span> <span class='ocrx_word' id='word_1_598' title='bbox 1074 4829 1128 4879; x_wconf 87' lang='lat' dir='ltr'>et</span> <span class='ocrx_word' id='word_1_599' title='bbox 1158 4824 1382 4878; x_wconf 90' lang='lat' dir='ltr'>medico</span> <span class='ocrx_word' id='word_1_600' title='bbox 1406 4825 1740 4895; x_wconf 88' lang='lat' dir='ltr'>disputante</span> <span class='ocrx_word' id='word_1_601' title='bbox 1757 4825 1826 4880; x_wconf 92' lang='lat' dir='ltr'>de</span> <span class='ocrx_word' id='word_1_602' title='bbox 1858 4824 2192 4880; x_wconf 90' lang='lat' dir='ltr'>inﬁrmitate</span> <span class='ocrx_word' id='word_1_603' title='bbox 2209 4830 2291 4880; x_wconf 89' lang='lat' dir='ltr'>at-</span> 
     </span>
    </p>
   </div>
   <div class='ocr_carea' id='block_1_83' title="bbox 648 4913 2286 4984">
    <p class='ocr_par' dir='ltr' id='par_1_83' title="bbox 648 4913 2286 4984">
     <span class='ocr_line' id='line_1_83' title="bbox 648 4913 2286 4984; baseline 0 -16"><span class='ocrx_word' id='word_1_604' title='bbox 648 4931 760 4984; x_wconf 91' lang='lat' dir='ltr'>que</span> <span class='ocrx_word' id='word_1_605' title='bbox 794 4913 1062 4978; x_wconf 88' lang='lat' dir='ltr'>sanitate,</span> <span class='ocrx_word' id='word_1_606' title='bbox 1097 4915 1243 4967; x_wconf 92' lang='lat' dir='ltr'>duas</span> <span class='ocrx_word' id='word_1_607' title='bbox 1266 4915 1496 4967; x_wconf 86' lang='lat' dir='ltr'>easdem</span> <span class='ocrx_word' id='word_1_608' title='bbox 1521 4918 1722 4984; x_wconf 90' lang='lat' dir='ltr'>putare</span> <span class='ocrx_word' id='word_1_609' title='bbox 1743 4913 2055 4979; x_wconf 88' lang='lat' dir='ltr'>sanitates;</span> <span class='ocrx_word' id='word_1_610' title='bbox 2077 4919 2133 4968; x_wconf 93' lang='lat' dir='ltr'>et</span> <span class='ocrx_word' id='word_1_611' title='bbox 2154 4929 2286 4968; x_wconf 92' lang='lat' dir='ltr'>cum</span> 
     </span>
    </p>
   </div>
   <div class='ocr_carea' id='block_1_84' title="bbox 647 5001 2286 5072">
    <p class='ocr_par' dir='ltr' id='par_1_84' title="bbox 647 5001 2286 5072">
     <span class='ocr_line' id='line_1_84' title="bbox 647 5001 2286 5072; baseline 0 -16"><span class='ocrx_word' id='word_1_612' title='bbox 647 5003 778 5072; x_wconf 87' lang='lat' dir='ltr'>quis</span> <span class='ocrx_word' id='word_1_613' title='bbox 803 5003 1018 5056; x_wconf 88' lang='lat' dir='ltr'>bonum</span> <span class='ocrx_word' id='word_1_614' title='bbox 1039 5001 1304 5056; x_wconf 90' lang='lat' dir='ltr'>nominat</span> <span class='ocrx_word' id='word_1_615' title='bbox 1321 5007 1375 5055; x_wconf 85' lang='lat' dir='ltr'>et</span> <span class='ocrx_word' id='word_1_616' title='bbox 1393 5001 1699 5069; x_wconf 87' lang='lat' dir='ltr'>malum,tu</span> <span class='ocrx_word' id='word_1_617' title='bbox 1721 5001 1935 5072; x_wconf 90' lang='lat' dir='ltr'>poteris</span> <span class='ocrx_word' id='word_1_618' title='bbox 1957 5003 2156 5056; x_wconf 91' lang='lat' dir='ltr'>eadem</span> <span class='ocrx_word' id='word_1_619' title='bbox 2173 5003 2286 5057; x_wconf 92' lang='lat' dir='ltr'>duo</span> 
     </span>
    </p>
   </div>
   <div class='ocr_carea' id='block_1_85' title="bbox 645 5090 2283 5162">
    <p class='ocr_par' dir='ltr' id='par_1_85' title="bbox 645 5090 2283 5162">
     <span class='ocr_line' id='line_1_85' title="bbox 645 5090 2283 5162; baseline -0.001 -16"><span class='ocrx_word' id='word_1_620' title='bbox 645 5098 849 5162; x_wconf 87' lang='lat' dir='ltr'>putare</span> <span class='ocrx_word' id='word_1_621' title='bbox 883 5092 1069 5158; x_wconf 85' lang='lat' dir='ltr'>bona;</span> <span class='ocrx_word' id='word_1_622' title='bbox 1102 5094 1157 5144; x_wconf 91' lang='lat' dir='ltr'>et</span> <span class='ocrx_word' id='word_1_623' title='bbox 1204 5091 1426 5161; x_wconf 86' lang='lat' dir='ltr'>copiam</span> <span class='ocrx_word' id='word_1_624' title='bbox 1469 5090 1713 5144; x_wconf 91' lang='lat' dir='ltr'>audiens</span> <span class='ocrx_word' id='word_1_625' title='bbox 1746 5095 1917 5161; x_wconf 90' lang='lat' dir='ltr'>atque</span> <span class='ocrx_word' id='word_1_626' title='bbox 1946 5095 2283 5162; x_wconf 88' lang='lat' dir='ltr'>egestatem,</span> 
     </span>
    </p>
   </div>
   <div class='ocr_carea' id='block_1_86' title="bbox 643 5179 2288 5250">
    <p class='ocr_par' dir='ltr' id='par_1_86' title="bbox 643 5179 2288 5250">
     <span class='ocr_line' id='line_1_86' title="bbox 643 5179 2288 5250; baseline 0.001 -17"><span class='ocrx_word' id='word_1_627' title='bbox 643 5180 788 5234; x_wconf 90' lang='lat' dir='ltr'>duas</span> <span class='ocrx_word' id='word_1_628' title='bbox 821 5181 1054 5234; x_wconf 83' lang='lat' dir='ltr'>easdem</span> <span class='ocrx_word' id='word_1_629' title='bbox 1092 5179 1323 5250; x_wconf 86' lang='lat' dir='ltr'>putabis</span> <span class='ocrx_word' id='word_1_630' title='bbox 1363 5179 1577 5249; x_wconf 91' lang='lat' dir='ltr'>copias.</span> <span class='ocrx_word' id='word_1_631' title='bbox 1615 5180 1774 5244; x_wconf 90' lang='lat' dir='ltr'>Quod</span> <span class='ocrx_word' id='word_1_632' title='bbox 1807 5179 1852 5234; x_wconf 92' lang='lat' dir='ltr'>si</span> <span class='ocrx_word' id='word_1_633' title='bbox 1888 5185 1944 5234; x_wconf 84' lang='lat' dir='ltr'>et</span> <span class='ocrx_word' id='word_1_634' title='bbox 1973 5180 2040 5234; x_wconf 91' lang='lat' dir='ltr'>de</span> <span class='ocrx_word' id='word_1_635' title='bbox 2071 5179 2199 5235; x_wconf 86' lang='lat' dir='ltr'>albo</span> <span class='ocrx_word' id='word_1_636' title='bbox 2231 5184 2288 5235; x_wconf 90' lang='lat' dir='ltr'>et</span> 
     </span>
    </p>
   </div>
   <div class='ocr_carea' id='block_1_87' title="bbox 645 5268 2287 5340">
    <p class='ocr_par' dir='ltr' id='par_1_87' title="bbox 645 5268 2287 5340">
     <span class='ocr_line' id='line_1_87' title="bbox 645 5268 2287 5340; baseline 0 -19"><span class='ocrx_word' id='word_1_637' title='bbox 645 5269 807 5338; x_wconf 89' lang='lat' dir='ltr'>nigro</span> <span class='ocrx_word' id='word_1_638' title='bbox 840 5269 1173 5340; x_wconf 90' lang='lat' dir='ltr'>disputante</span> <span class='ocrx_word' id='word_1_639' title='bbox 1207 5284 1318 5334; x_wconf 92' lang='lat' dir='ltr'>me,</span> <span class='ocrx_word' id='word_1_640' title='bbox 1339 5273 1395 5321; x_wconf 91' lang='lat' dir='ltr'>et</span> <span class='ocrx_word' id='word_1_641' title='bbox 1423 5268 1630 5338; x_wconf 89' lang='lat' dir='ltr'>frigido</span> <span class='ocrx_word' id='word_1_642' title='bbox 1663 5272 1718 5322; x_wconf 91' lang='lat' dir='ltr'>et</span> <span class='ocrx_word' id='word_1_643' title='bbox 1747 5268 2022 5335; x_wconf 87' lang='lat' dir='ltr'>calido,et</span> <span class='ocrx_word' id='word_1_644' title='bbox 2053 5268 2206 5323; x_wconf 91' lang='lat' dir='ltr'>dulci</span> <span class='ocrx_word' id='word_1_645' title='bbox 2231 5271 2287 5322; x_wconf 88' lang='lat' dir='ltr'>et</span> 
     </span>
    </p>
   </div>
   <div class='ocr_carea' id='block_1_88' title="bbox 643 5356 2283 5427">
    <p class='ocr_par' dir='ltr' id='par_1_88' title="bbox 643 5356 2283 5427">
     <span class='ocr_line' id='line_1_88' title="bbox 643 5356 2283 5427; baseline 0.001 -17"><span class='ocrx_word' id='word_1_646' title='bbox 643 5374 864 5426; x_wconf 87' lang='lat' dir='ltr'>amaro,</span> <span class='ocrx_word' id='word_1_647' title='bbox 896 5359 1055 5411; x_wconf 90' lang='lat' dir='ltr'>dicas</span> <span class='ocrx_word' id='word_1_648' title='bbox 1088 5357 1226 5427; x_wconf 89' lang='lat' dir='ltr'>quia</span> <span class='ocrx_word' id='word_1_649' title='bbox 1274 5357 1388 5411; x_wconf 90' lang='lat' dir='ltr'>duo</span> <span class='ocrx_word' id='word_1_650' title='bbox 1418 5356 1568 5426; x_wconf 90' lang='lat' dir='ltr'>alba,</span> <span class='ocrx_word' id='word_1_651' title='bbox 1600 5361 1658 5411; x_wconf 91' lang='lat' dir='ltr'>et</span> <span class='ocrx_word' id='word_1_652' title='bbox 1687 5358 1802 5411; x_wconf 92' lang='lat' dir='ltr'>duo</span> <span class='ocrx_word' id='word_1_653' title='bbox 1836 5357 2041 5425; x_wconf 90' lang='lat' dir='ltr'>calida,</span> <span class='ocrx_word' id='word_1_654' title='bbox 2074 5362 2131 5412; x_wconf 91' lang='lat' dir='ltr'>et</span> <span class='ocrx_word' id='word_1_655' title='bbox 2170 5358 2283 5412; x_wconf 93' lang='lat' dir='ltr'>duo</span> 
     </span>
    </p>
   </div>
   <div class='ocr_carea' id='block_1_89' title="bbox 642 5445 2281 5517">
    <p class='ocr_par' dir='ltr' id='par_1_89' title="bbox 642 5445 2281 5517">
     <span class='ocr_line' id='line_1_89' title="bbox 642 5445 2281 5517; baseline 0.001 -18"><span class='ocrx_word' id='word_1_656' title='bbox 642 5446 835 5500; x_wconf 84' lang='lat' dir='ltr'>dulcia</span> <span class='ocrx_word' id='word_1_657' title='bbox 866 5445 1240 5509; x_wconf 88' lang='lat' dir='ltr'>ostenderim,</span> <span class='ocrx_word' id='word_1_658' title='bbox 1266 5461 1457 5499; x_wconf 89' lang='lat' dir='ltr'>nonne</span> <span class='ocrx_word' id='word_1_659' title='bbox 1479 5445 1766 5500; x_wconf 85' lang='lat' dir='ltr'>videberis</span> <span class='ocrx_word' id='word_1_660' title='bbox 1799 5445 2009 5500; x_wconf 90' lang='lat' dir='ltr'>mentis</span> <span class='ocrx_word' id='word_1_661' title='bbox 2030 5446 2219 5517; x_wconf 90' lang='lat' dir='ltr'>impos</span> <span class='ocrx_word' id='word_1_662' title='bbox 2246 5447 2281 5514; x_wconf 73' lang='grc' dir='ltr'>ί,</span> 
     </span>
    </p>
   </div>
   <div class='ocr_carea' id='block_1_90' title="bbox 641 5535 2285 5605">
    <p class='ocr_par' dir='ltr' id='par_1_90' title="bbox 641 5535 2285 5605">
     <span class='ocr_line' id='line_1_90' title="bbox 641 5535 2285 5605; baseline 0.001 -17"><span class='ocrx_word' id='word_1_663' title='bbox 641 5540 698 5588; x_wconf 88' lang='lat' dir='ltr'>et</span> <span class='ocrx_word' id='word_1_664' title='bbox 721 5535 939 5588; x_wconf 86' lang='lat' dir='ltr'>cerebri</span> <span class='ocrx_word' id='word_1_665' title='bbox 964 5535 1205 5588; x_wconf 90' lang='lat' dir='ltr'>minime</span> <span class='ocrx_word' id='word_1_666' title='bbox 1225 5535 1389 5588; x_wconf 84' lang='lat' dir='ltr'>sani?</span> <span class='ocrx_word' id='word_1_667' title='bbox 1413 5535 1503 5589; x_wconf 90' lang='lat' dir='ltr'>Sic</span> <span class='ocrx_word' id='word_1_668' title='bbox 1528 5541 1735 5589; x_wconf 91' lang='lat' dir='ltr'>etcum</span> <span class='ocrx_word' id='word_1_669' title='bbox 1754 5535 1869 5588; x_wconf 93' lang='lat' dir='ltr'>duo</span> <span class='ocrx_word' id='word_1_670' title='bbox 1887 5535 2172 5605; x_wconf 89' lang='lat' dir='ltr'>principia</span> <span class='ocrx_word' id='word_1_671' title='bbox 2189 5535 2285 5590; x_wconf 89' lang='lat' dir='ltr'>do-</span> 
     </span>
    </p>
   </div>
   <div class='ocr_carea' id='block_1_91' title="bbox 645 5621 2283 5693">
    <p class='ocr_par' dir='ltr' id='par_1_91' title="bbox 645 5621 2283 5693">
     <span class='ocr_line' id='line_1_91' title="bbox 645 5621 2283 5693; baseline 0.001 -15"><span class='ocrx_word' id='word_1_672' title='bbox 645 5639 766 5690; x_wconf 91' lang='lat' dir='ltr'>ceo,</span> <span class='ocrx_word' id='word_1_673' title='bbox 800 5621 980 5676; x_wconf 88' lang='lat' dir='ltr'>Deum</span> <span class='ocrx_word' id='word_1_674' title='bbox 1015 5629 1071 5677; x_wconf 88' lang='lat' dir='ltr'>et</span> <span class='ocrx_word' id='word_1_675' title='bbox 1120 5623 1322 5691; x_wconf 75' lang='lat' dir='ltr'>Hylen,</span> <span class='ocrx_word' id='word_1_676' title='bbox 1356 5641 1468 5678; x_wconf 93' lang='lat' dir='ltr'>non</span> <span class='ocrx_word' id='word_1_677' title='bbox 1503 5623 1714 5678; x_wconf 89' lang='lat' dir='ltr'>idcirco</span> <span class='ocrx_word' id='word_1_678' title='bbox 1746 5622 1922 5677; x_wconf 85' lang='lat' dir='ltr'>videri</span> <span class='ocrx_word' id='word_1_679' title='bbox 1948 5623 2070 5693; x_wconf 89' lang='lat' dir='ltr'>jam</span> <span class='ocrx_word' id='word_1_680' title='bbox 2103 5623 2283 5679; x_wconf 91' lang='lat' dir='ltr'>debeo</span> 
     </span>
    </p>
   </div>
   <div class='ocr_carea' id='block_1_92' title="bbox 706 5809 1767 5874">
    <p class='ocr_par' dir='ltr' id='par_1_92' title="bbox 706 5809 1767 5874">
     <span class='ocr_line' id='line_1_92' title="bbox 706 5809 1767 5874; baseline -0.004 -12"><span class='ocrx_word' id='word_1_681' title='bbox 706 5812 721 5847; x_wconf 84' lang='grc'>¹</span> <span class='ocrx_word' id='word_1_682' title='bbox 758 5811 872 5862; x_wconf 82' lang='lat' dir='ltr'>Am.</span> <span class='ocrx_word' id='word_1_683' title='bbox 895 5810 980 5859; x_wconf 84' lang='lat' dir='ltr'>Er.</span> <span class='ocrx_word' id='word_1_684' title='bbox 1015 5811 1068 5858; x_wconf 85' lang='lat' dir='ltr'>et</span> <span class='ocrx_word' id='word_1_685' title='bbox 1097 5809 1302 5873; x_wconf 87' lang='lat' dir='ltr'>aliquot</span> <span class='ocrx_word' id='word_1_686' title='bbox 1330 5811 1473 5871; x_wconf 88' lang='lat' dir='ltr'>Mss.,</span> <span class='ocrx_word' id='word_1_687' title='bbox 1499 5809 1767 5874; x_wconf 74' lang='lat' dir='ltr'>incompos.</span> 
     </span>
    </p>
   </div>
   <div class='ocr_carea' id='block_1_93' title="bbox 2412 4028 4062 4099">
    <p class='ocr_par' dir='ltr' id='par_1_93' title="bbox 2412 4028 4062 4099">
     <span class='ocr_line' id='line_1_93' title="bbox 2412 4028 4062 4099; baseline 0.001 -15"><span class='ocrx_word' id='word_1_688' title='bbox 2412 4028 2516 4084; x_wconf 86' lang='lat' dir='ltr'>tibi</span> <span class='ocrx_word' id='word_1_689' title='bbox 2544 4030 2690 4084; x_wconf 92' lang='lat' dir='ltr'>duos</span> <span class='ocrx_word' id='word_1_690' title='bbox 2722 4029 3024 4084; x_wconf 88' lang='lat' dir='ltr'>ostenbere</span> <span class='ocrx_word' id='word_1_691' title='bbox 3042 4029 3199 4083; x_wconf 91' lang='lat' dir='ltr'>deos.</span> <span class='ocrx_word' id='word_1_692' title='bbox 3219 4030 3300 4083; x_wconf 85' lang='lat' dir='ltr'>An</span> <span class='ocrx_word' id='word_1_693' title='bbox 3326 4029 3464 4099; x_wconf 91' lang='lat' dir='ltr'>quia</span> <span class='ocrx_word' id='word_1_694' title='bbox 3485 4029 3599 4083; x_wconf 90' lang='lat' dir='ltr'>vim</span> <span class='ocrx_word' id='word_1_695' title='bbox 3622 4045 3856 4083; x_wconf 91' lang='lat' dir='ltr'>omnem</span> <span class='ocrx_word' id='word_1_696' title='bbox 3879 4030 4062 4086; x_wconf 89' lang='lat' dir='ltr'>male-</span> 
     </span>
    </p>
   </div>
   <div class='ocr_carea' id='block_1_94' title="bbox 2411 4117 4057 4189">
    <p class='ocr_par' dir='ltr' id='par_1_94' title="bbox 2411 4117 4057 4189">
     <span class='ocr_line' id='line_1_94' title="bbox 2411 4117 4057 4189; baseline 0.001 -17"><span class='ocrx_word' id='word_1_697' title='bbox 2411 4118 2578 4172; x_wconf 90' lang='lat' dir='ltr'>ﬁcam</span> <span class='ocrx_word' id='word_1_698' title='bbox 2616 4117 2766 4189; x_wconf 73' lang='lat' dir='ltr'>Hylae</span> <span class='ocrx_word' id='word_1_699' title='bbox 2798 4118 3192 4189; x_wconf 88' lang='lat' dir='ltr'>assignamus,</span> <span class='ocrx_word' id='word_1_700' title='bbox 3225 4124 3279 4171; x_wconf 88' lang='lat' dir='ltr'>et</span> <span class='ocrx_word' id='word_1_701' title='bbox 3310 4118 3626 4172; x_wconf 88' lang='lat' dir='ltr'>beneﬁcam</span> <span class='ocrx_word' id='word_1_702' title='bbox 3661 4117 3794 4184; x_wconf 92' lang='lat' dir='ltr'>Deo,</span> <span class='ocrx_word' id='word_1_703' title='bbox 3820 4124 3886 4172; x_wconf 91' lang='lat' dir='ltr'>ut</span> <span class='ocrx_word' id='word_1_704' title='bbox 3916 4136 4057 4173; x_wconf 90' lang='lat' dir='ltr'>con-</span> 
     </span>
    </p>
   </div>
   <div class='ocr_carea' id='block_1_95' title="bbox 2409 4205 4058 4278">
    <p class='ocr_par' dir='ltr' id='par_1_95' title="bbox 2409 4205 4058 4278">
     <span class='ocr_line' id='line_1_95' title="bbox 2409 4205 4058 4278; baseline 0.002 -19"><span class='ocrx_word' id='word_1_705' title='bbox 2409 4207 2585 4277; x_wconf 89' lang='lat' dir='ltr'>gruit,</span> <span class='ocrx_word' id='word_1_706' title='bbox 2610 4206 2822 4260; x_wconf 88' lang='lat' dir='ltr'>idcirco</span> <span class='ocrx_word' id='word_1_707' title='bbox 2843 4205 2986 4260; x_wconf 89' lang='lat' dir='ltr'>nihil</span> <span class='ocrx_word' id='word_1_708' title='bbox 3007 4206 3285 4260; x_wconf 88' lang='lat' dir='ltr'>interesse</span> <span class='ocrx_word' id='word_1_709' title='bbox 3309 4211 3502 4276; x_wconf 85' lang='lat' dir='ltr'>putas,</span> <span class='ocrx_word' id='word_1_710' title='bbox 3527 4223 3597 4259; x_wconf 89' lang='lat' dir='ltr'>an</span> <span class='ocrx_word' id='word_1_711' title='bbox 3619 4211 3938 4278; x_wconf 89' lang='lat' dir='ltr'>utrumque</span> <span class='ocrx_word' id='word_1_712' title='bbox 3960 4224 4058 4262; x_wconf 84' lang='lat' dir='ltr'>eo-</span> 
     </span>
    </p>
   </div>
   <div class='ocr_carea' id='block_1_96' title="bbox 2407 4292 4056 4364">
    <p class='ocr_par' dir='ltr' id='par_1_96' title="bbox 2407 4292 4056 4364">
     <span class='ocr_line' id='line_1_96' title="bbox 2407 4292 4056 4364; baseline 0.002 -19"><span class='ocrx_word' id='word_1_713' title='bbox 2407 4309 2537 4346; x_wconf 88' lang='lat' dir='ltr'>rum</span> <span class='ocrx_word' id='word_1_714' title='bbox 2570 4309 2842 4347; x_wconf 91' lang='lat' dir='ltr'>vocemus</span> <span class='ocrx_word' id='word_1_715' title='bbox 2867 4297 3045 4348; x_wconf 91' lang='lat' dir='ltr'>Deum</span> <span class='ocrx_word' id='word_1_716' title='bbox 3071 4293 3097 4346; x_wconf 84' lang='lat'>?</span> <span class='ocrx_word' id='word_1_717' title='bbox 3128 4292 3286 4355; x_wconf 89' lang='lat' dir='ltr'>Quod</span> <span class='ocrx_word' id='word_1_718' title='bbox 3322 4294 3369 4347; x_wconf 90' lang='lat' dir='ltr'>si</span> <span class='ocrx_word' id='word_1_719' title='bbox 3403 4294 3480 4346; x_wconf 90' lang='lat' dir='ltr'>ita</span> <span class='ocrx_word' id='word_1_720' title='bbox 3499 4299 3604 4358; x_wconf 87' lang='lat' dir='ltr'>est,</span> <span class='ocrx_word' id='word_1_721' title='bbox 3627 4294 3841 4364; x_wconf 89' lang='lat' dir='ltr'>poteris</span> <span class='ocrx_word' id='word_1_722' title='bbox 3873 4301 3931 4349; x_wconf 88' lang='lat' dir='ltr'>et</span> <span class='ocrx_word' id='word_1_723' title='bbox 3962 4311 4056 4350; x_wconf 84' lang='lat' dir='ltr'>ve-</span> 
     </span>
    </p>
   </div>
   <div class='ocr_carea' id='block_1_97' title="bbox 2407 4381 4059 4454">
    <p class='ocr_par' dir='ltr' id='par_1_97' title="bbox 2407 4381 4059 4454">
     <span class='ocr_line' id='line_1_97' title="bbox 2407 4381 4059 4454; baseline 0.002 -19"><span class='ocrx_word' id='word_1_724' title='bbox 2407 4397 2622 4435; x_wconf 89' lang='lat' dir='ltr'>nenum</span> <span class='ocrx_word' id='word_1_725' title='bbox 2639 4383 2882 4436; x_wconf 88' lang='lat' dir='ltr'>audiens</span> <span class='ocrx_word' id='word_1_726' title='bbox 2905 4387 2961 4435; x_wconf 90' lang='lat' dir='ltr'>et</span> <span class='ocrx_word' id='word_1_727' title='bbox 2983 4381 3330 4444; x_wconf 91' lang='lat' dir='ltr'>antidotum,</span> <span class='ocrx_word' id='word_1_728' title='bbox 3353 4381 3496 4435; x_wconf 87' lang='lat' dir='ltr'>nihil</span> <span class='ocrx_word' id='word_1_729' title='bbox 3523 4381 3801 4437; x_wconf 87' lang='lat' dir='ltr'>interesse</span> <span class='ocrx_word' id='word_1_730' title='bbox 3825 4388 4059 4454; x_wconf 87' lang='lat' dir='ltr'>putare,</span> 
     </span>
    </p>
   </div>
   <div class='ocr_carea' id='block_1_98' title="bbox 2404 4470 4056 4542">
    <p class='ocr_par' dir='ltr' id='par_1_98' title="bbox 2404 4470 4056 4542">
     <span class='ocr_line' id='line_1_98' title="bbox 2404 4470 4056 4542; baseline 0.003 -19"><span class='ocrx_word' id='word_1_731' title='bbox 2404 4486 2476 4523; x_wconf 88' lang='lat' dir='ltr'>an</span> <span class='ocrx_word' id='word_1_732' title='bbox 2509 4475 2826 4540; x_wconf 90' lang='lat' dir='ltr'>utrumque</span> <span class='ocrx_word' id='word_1_733' title='bbox 2843 4475 3079 4525; x_wconf 86' lang='lat' dir='ltr'>vocetur</span> <span class='ocrx_word' id='word_1_734' title='bbox 3104 4470 3451 4537; x_wconf 90' lang='lat' dir='ltr'>antidotum,</span> <span class='ocrx_word' id='word_1_735' title='bbox 3469 4471 3608 4541; x_wconf 91' lang='lat' dir='ltr'>quia</span> <span class='ocrx_word' id='word_1_736' title='bbox 3626 4477 3942 4542; x_wconf 91' lang='lat' dir='ltr'>utrumque</span> <span class='ocrx_word' id='word_1_737' title='bbox 3959 4489 4056 4528; x_wconf 87' lang='lat' dir='ltr'>eo-</span> 
     </span>
    </p>
   </div>
   <div class='ocr_carea' id='block_1_99' title="bbox 2403 4559 4053 4630">
    <p class='ocr_par' dir='ltr' id='par_1_99' title="bbox 2403 4559 4053 4630">
     <span class='ocr_line' id='line_1_99' title="bbox 2403 4559 4053 4630; baseline 0.002 -18"><span class='ocrx_word' id='word_1_738' title='bbox 2403 4576 2530 4613; x_wconf 91' lang='lat' dir='ltr'>rum</span> <span class='ocrx_word' id='word_1_739' title='bbox 2565 4560 2679 4612; x_wconf 89' lang='lat' dir='ltr'>vim</span> <span class='ocrx_word' id='word_1_740' title='bbox 2732 4576 2896 4614; x_wconf 86' lang='lat' dir='ltr'>suam</span> <span class='ocrx_word' id='word_1_741' title='bbox 2947 4559 3178 4625; x_wconf 85' lang='lat' dir='ltr'>habeat,</span> <span class='ocrx_word' id='word_1_742' title='bbox 3212 4565 3527 4630; x_wconf 89' lang='lat' dir='ltr'>utrumque</span> <span class='ocrx_word' id='word_1_743' title='bbox 3557 4565 3691 4630; x_wconf 90' lang='lat' dir='ltr'>agat</span> <span class='ocrx_word' id='word_1_744' title='bbox 3737 4561 3959 4630; x_wconf 88' lang='lat' dir='ltr'>aliquid</span> <span class='ocrx_word' id='word_1_745' title='bbox 3994 4566 4053 4616; x_wconf 87' lang='lat' dir='ltr'>et</span> 
     </span>
    </p>
   </div>
   <div class='ocr_carea' id='block_1_100' title="bbox 2401 4649 4052 4718">
    <p class='ocr_par' dir='ltr' id='par_1_100' title="bbox 2401 4649 4052 4718">
     <span class='ocr_line' id='line_1_100' title="bbox 2401 4649 4052 4718; baseline 0.002 -16"><span class='ocrx_word' id='word_1_746' title='bbox 2401 4654 2671 4718; x_wconf 88' lang='lat' dir='ltr'>operetur</span> <span class='ocrx_word' id='word_1_747' title='bbox 2703 4665 2714 4701; x_wconf 91' lang='lat'><strong>:</strong></span> <span class='ocrx_word' id='word_1_748' title='bbox 2750 4665 2973 4703; x_wconf 90' lang='lat' dir='ltr'>necnon</span> <span class='ocrx_word' id='word_1_749' title='bbox 3015 4654 3069 4703; x_wconf 91' lang='lat' dir='ltr'>et</span> <span class='ocrx_word' id='word_1_750' title='bbox 3102 4650 3394 4703; x_wconf 90' lang='lat' dir='ltr'>medicum</span> <span class='ocrx_word' id='word_1_751' title='bbox 3426 4649 3670 4704; x_wconf 84' lang='lat' dir='ltr'>audiens</span> <span class='ocrx_word' id='word_1_752' title='bbox 3703 4666 3769 4705; x_wconf 91' lang='lat' dir='ltr'>ac</span> <span class='ocrx_word' id='word_1_753' title='bbox 3800 4667 4052 4706; x_wconf 90' lang='lat' dir='ltr'>venena-</span> 
     </span>
    </p>
   </div>
   <div class='ocr_carea' id='block_1_101' title="bbox 2401 4736 4048 4808">
    <p class='ocr_par' dir='ltr' id='par_1_101' title="bbox 2401 4736 4048 4808">
     <span class='ocr_line' id='line_1_101' title="bbox 2401 4736 4048 4808; baseline 0.003 -18"><span class='ocrx_word' id='word_1_754' title='bbox 2401 4736 2576 4802; x_wconf 88' lang='lat' dir='ltr'>rium,</span> <span class='ocrx_word' id='word_1_755' title='bbox 2604 4741 2881 4808; x_wconf 88' lang='lat' dir='ltr'>utrosque</span> <span class='ocrx_word' id='word_1_756' title='bbox 2900 4738 3132 4792; x_wconf 91' lang='lat' dir='ltr'>vocabis</span> <span class='ocrx_word' id='word_1_757' title='bbox 3152 4738 3406 4793; x_wconf 90' lang='lat' dir='ltr'>medicos</span> <span class='ocrx_word' id='word_1_758' title='bbox 3425 4754 3436 4791; x_wconf 87' lang='lat'><strong>:</strong></span> <span class='ocrx_word' id='word_1_759' title='bbox 3455 4743 3509 4793; x_wconf 90' lang='lat' dir='ltr'>et</span> <span class='ocrx_word' id='word_1_760' title='bbox 3531 4738 3760 4807; x_wconf 88' lang='lat' dir='ltr'>justum</span> <span class='ocrx_word' id='word_1_761' title='bbox 3799 4741 4048 4795; x_wconf 88' lang='lat' dir='ltr'>audiens</span> 
     </span>
    </p>
   </div>
   <div class='ocr_carea' id='block_1_102' title="bbox 2401 4824 4050 4899">
    <p class='ocr_par' dir='ltr' id='par_1_102' title="bbox 2401 4824 4050 4899">
     <span class='ocr_line' id='line_1_102' title="bbox 2401 4824 4050 4899; baseline 0.003 -21"><span class='ocrx_word' id='word_1_762' title='bbox 2401 4827 2574 4894; x_wconf 90' lang='lat' dir='ltr'>atque</span> <span class='ocrx_word' id='word_1_763' title='bbox 2607 4824 2913 4895; x_wconf 83' lang='lat' dir='ltr'>injustam,</span> <span class='ocrx_word' id='word_1_764' title='bbox 2933 4825 3148 4896; x_wconf 91' lang='lat' dir='ltr'>poteris</span> <span class='ocrx_word' id='word_1_765' title='bbox 3176 4831 3447 4896; x_wconf 90' lang='lat' dir='ltr'>utrosque</span> <span class='ocrx_word' id='word_1_766' title='bbox 3469 4828 3896 4896; x_wconf 89' lang='lat' dir='ltr'>vocarejustos,</span> <span class='ocrx_word' id='word_1_767' title='bbox 3913 4829 4050 4899; x_wconf 85' lang='lat' dir='ltr'>quia</span> 
     </span>
    </p>
   </div>
   <div class='ocr_carea' id='block_1_103' title="bbox 2399 4913 4044 4986">
    <p class='ocr_par' dir='ltr' id='par_1_103' title="bbox 2399 4913 4044 4986">
     <span class='ocr_line' id='line_1_103' title="bbox 2399 4913 4044 4986; baseline 0.004 -20"><span class='ocrx_word' id='word_1_768' title='bbox 2399 4918 2643 4984; x_wconf 90' lang='lat' dir='ltr'>uterque</span> <span class='ocrx_word' id='word_1_769' title='bbox 2673 4931 2872 4968; x_wconf 90' lang='lat' dir='ltr'>eorum</span> <span class='ocrx_word' id='word_1_770' title='bbox 2905 4913 3122 4985; x_wconf 89' lang='lat' dir='ltr'>aliquid</span> <span class='ocrx_word' id='word_1_771' title='bbox 3158 4921 3311 4986; x_wconf 89' lang='lat' dir='ltr'>agat.</span> <span class='ocrx_word' id='word_1_772' title='bbox 3338 4917 3498 4980; x_wconf 92' lang='lat' dir='ltr'>Quod</span> <span class='ocrx_word' id='word_1_773' title='bbox 3524 4916 3570 4970; x_wconf 92' lang='lat' dir='ltr'>si</span> <span class='ocrx_word' id='word_1_774' title='bbox 3599 4916 3701 4970; x_wconf 89' lang='lat' dir='ltr'>hoc</span> <span class='ocrx_word' id='word_1_775' title='bbox 3724 4916 3910 4972; x_wconf 77' lang='lat' dir='ltr'>facere</span> <span class='ocrx_word' id='word_1_776' title='bbox 3943 4918 4044 4972; x_wconf 87' lang='lat' dir='ltr'>ab-</span> 
     </span>
    </p>
   </div>
   <div class='ocr_carea' id='block_1_104' title="bbox 2397 5002 4046 5076">
    <p class='ocr_par' dir='ltr' id='par_1_104' title="bbox 2397 5002 4046 5076">
     <span class='ocr_line' id='line_1_104' title="bbox 2397 5002 4046 5076; baseline 0.004 -20"><span class='ocrx_word' id='word_1_777' title='bbox 2397 5002 2642 5056; x_wconf 87' lang='lat' dir='ltr'>surdum</span> <span class='ocrx_word' id='word_1_778' title='bbox 2659 5008 2767 5067; x_wconf 90' lang='lat' dir='ltr'>est,</span> <span class='ocrx_word' id='word_1_779' title='bbox 2791 5008 3010 5072; x_wconf 89' lang='lat' dir='ltr'>quanto</span> <span class='ocrx_word' id='word_1_780' title='bbox 3035 5003 3347 5058; x_wconf 90' lang='lat' dir='ltr'>absurdius</span> <span class='ocrx_word' id='word_1_781' title='bbox 3362 5004 3541 5058; x_wconf 91' lang='lat' dir='ltr'>Deum</span> <span class='ocrx_word' id='word_1_782' title='bbox 3561 5004 3805 5076; x_wconf 83' lang='lat' dir='ltr'>etHylen</span> <span class='ocrx_word' id='word_1_783' title='bbox 3830 5005 4046 5062; x_wconf 88' lang='lat' dir='ltr'>idcirco</span> 
     </span>
    </p>
   </div>
   <div class='ocr_carea' id='block_1_105' title="bbox 2397 5090 4044 5166">
    <p class='ocr_par' dir='ltr' id='par_1_105' title="bbox 2397 5090 4044 5166">
     <span class='ocr_line' id='line_1_105' title="bbox 2397 5090 4044 5166; baseline 0.004 -22"><span class='ocrx_word' id='word_1_784' title='bbox 2397 5090 2543 5144; x_wconf 89' lang='lat' dir='ltr'>duos</span> <span class='ocrx_word' id='word_1_785' title='bbox 2578 5095 2781 5157; x_wconf 89' lang='lat' dir='ltr'>putare</span> <span class='ocrx_word' id='word_1_786' title='bbox 2811 5092 2967 5161; x_wconf 87' lang='lat' dir='ltr'>deos,</span> <span class='ocrx_word' id='word_1_787' title='bbox 3002 5092 3139 5161; x_wconf 91' lang='lat' dir='ltr'>quia</span> <span class='ocrx_word' id='word_1_788' title='bbox 3169 5108 3367 5146; x_wconf 91' lang='lat' dir='ltr'>eorum</span> <span class='ocrx_word' id='word_1_789' title='bbox 3394 5093 3639 5164; x_wconf 88' lang='lat' dir='ltr'>quisque</span> <span class='ocrx_word' id='word_1_790' title='bbox 3669 5093 3886 5165; x_wconf 89' lang='lat' dir='ltr'>aliquid</span> <span class='ocrx_word' id='word_1_791' title='bbox 3910 5111 4044 5166; x_wconf 89' lang='lat' dir='ltr'>ope-</span> 
     </span>
    </p>
   </div>
   <div class='ocr_carea' id='block_1_106' title="bbox 2397 5180 4046 5251">
    <p class='ocr_par' dir='ltr' id='par_1_106' title="bbox 2397 5180 4046 5251">
     <span class='ocr_line' id='line_1_106' title="bbox 2397 5180 4046 5251; baseline 0.004 -19"><span class='ocrx_word' id='word_1_792' title='bbox 2397 5183 2558 5232; x_wconf 89' lang='lat' dir='ltr'>retur</span> <span class='ocrx_word' id='word_1_793' title='bbox 2579 5180 2605 5233; x_wconf 84' lang='lat'>?</span> <span class='ocrx_word' id='word_1_794' title='bbox 2635 5181 2996 5251; x_wconf 85' lang='lat' dir='ltr'>Quapropter</span> <span class='ocrx_word' id='word_1_795' title='bbox 3017 5181 3212 5251; x_wconf 90' lang='lat' dir='ltr'>inepta</span> <span class='ocrx_word' id='word_1_796' title='bbox 3237 5181 3354 5235; x_wconf 64' lang='lat' dir='ltr'>haec</span> <span class='ocrx_word' id='word_1_797' title='bbox 3375 5186 3431 5235; x_wconf 90' lang='lat' dir='ltr'>et</span> <span class='ocrx_word' id='word_1_798' title='bbox 3461 5181 3679 5237; x_wconf 82' lang='lat' dir='ltr'>viribus</span> <span class='ocrx_word' id='word_1_799' title='bbox 3704 5184 3850 5238; x_wconf 89' lang='lat' dir='ltr'>satis</span> <span class='ocrx_word' id='word_1_800' title='bbox 3875 5185 4046 5238; x_wconf 82' lang='lat' dir='ltr'>eﬁ‘eta</span> 
     </span>
    </p>
   </div>
   <div class='ocr_carea' id='block_1_107' title="bbox 2397 5269 4045 5342">
    <p class='ocr_par' dir='ltr' id='par_1_107' title="bbox 2397 5269 4045 5342">
     <span class='ocr_line' id='line_1_107' title="bbox 2397 5269 4045 5342; baseline 0.005 -22"><span class='ocrx_word' id='word_1_801' title='bbox 2397 5269 2822 5338; x_wconf 89' lang='lat' dir='ltr'>argumentatio</span> <span class='ocrx_word' id='word_1_802' title='bbox 2846 5274 2951 5336; x_wconf 91' lang='lat' dir='ltr'>est,</span> <span class='ocrx_word' id='word_1_803' title='bbox 2980 5274 3043 5323; x_wconf 91' lang='lat' dir='ltr'>ut</span> <span class='ocrx_word' id='word_1_804' title='bbox 3065 5270 3201 5340; x_wconf 88' lang='lat' dir='ltr'>quia</span> <span class='ocrx_word' id='word_1_805' title='bbox 3219 5270 3288 5324; x_wconf 93' lang='lat' dir='ltr'>de</span> <span class='ocrx_word' id='word_1_806' title='bbox 3310 5286 3368 5323; x_wconf 91' lang='lat' dir='ltr'>re</span> <span class='ocrx_word' id='word_1_807' title='bbox 3391 5270 3536 5324; x_wconf 90' lang='lat' dir='ltr'>mihi</span> <span class='ocrx_word' id='word_1_808' title='bbox 3553 5271 3904 5342; x_wconf 89' lang='lat' dir='ltr'>respondere</span> <span class='ocrx_word' id='word_1_809' title='bbox 3931 5289 4045 5328; x_wconf 89' lang='lat' dir='ltr'>non</span> 
     </span>
    </p>
   </div>
   <div class='ocr_carea' id='block_1_108' title="bbox 2397 5358 4046 5426">
    <p class='ocr_par' dir='ltr' id='par_1_108' title="bbox 2397 5358 4046 5426">
     <span class='ocr_line' id='line_1_108' title="bbox 2397 5358 4046 5426; baseline 0.004 -15"><span class='ocrx_word' id='word_1_810' title='bbox 2397 5358 2603 5426; x_wconf 88' lang='lat' dir='ltr'>possis,</span> <span class='ocrx_word' id='word_1_811' title='bbox 2619 5358 2688 5412; x_wconf 92' lang='lat' dir='ltr'>de</span> <span class='ocrx_word' id='word_1_812' title='bbox 2709 5358 2850 5413; x_wconf 90' lang='lat' dir='ltr'>solis</span> <span class='ocrx_word' id='word_1_813' title='bbox 2870 5359 3207 5414; x_wconf 90' lang='lat' dir='ltr'>nominibus</span> <span class='ocrx_word' id='word_1_814' title='bbox 3225 5359 3439 5414; x_wconf 86' lang='lat' dir='ltr'>conﬁes</span> <span class='ocrx_word' id='word_1_815' title='bbox 3461 5359 3762 5416; x_wconf 92' lang='lat' dir='ltr'>invidiam.</span> <span class='ocrx_word' id='word_1_816' title='bbox 3779 5365 3920 5416; x_wconf 84' lang='lat' dir='ltr'>Nam</span> <span class='ocrx_word' id='word_1_817' title='bbox 3944 5378 4046 5418; x_wconf 89' lang='lat' dir='ltr'>nec</span> 
     </span>
    </p>
   </div>
   <div class='ocr_carea' id='block_1_109' title="bbox 2394 5445 4044 5510">
    <p class='ocr_par' dir='ltr' id='par_1_109' title="bbox 2394 5445 4044 5510">
     <span class='ocr_line' id='line_1_109' title="bbox 2394 5445 4044 5510; baseline 0.005 -12"><span class='ocrx_word' id='word_1_818' title='bbox 2394 5445 2846 5510; x_wconf 85' lang='lat' dir='ltr'>difﬁteor,etiam</span> <span class='ocrx_word' id='word_1_819' title='bbox 2862 5447 3152 5501; x_wconf 90' lang='lat' dir='ltr'>interdum</span> <span class='ocrx_word' id='word_1_820' title='bbox 3170 5463 3275 5501; x_wconf 88' lang='lat' dir='ltr'>nos</span> <span class='ocrx_word' id='word_1_821' title='bbox 3290 5449 3591 5503; x_wconf 89' lang='lat' dir='ltr'>adversam</span> <span class='ocrx_word' id='word_1_822' title='bbox 3611 5455 3880 5504; x_wconf 88' lang='lat' dir='ltr'>naturam</span> <span class='ocrx_word' id='word_1_823' title='bbox 3901 5468 4044 5506; x_wconf 87' lang='lat' dir='ltr'>nun-</span> 
     </span>
    </p>
   </div>
   <div class='ocr_carea' id='block_1_110' title="bbox 2393 5535 4041 5606">
    <p class='ocr_par' dir='ltr' id='par_1_110' title="bbox 2393 5535 4041 5606">
     <span class='ocr_line' id='line_1_110' title="bbox 2393 5535 4041 5606; baseline 0.003 -17"><span class='ocrx_word' id='word_1_824' title='bbox 2393 5551 2605 5606; x_wconf 89' lang='lat' dir='ltr'>cupare</span> <span class='ocrx_word' id='word_1_825' title='bbox 2630 5536 2931 5602; x_wconf 89' lang='lat' dir='ltr'>deum,sed</span> <span class='ocrx_word' id='word_1_826' title='bbox 2958 5553 3069 5590; x_wconf 91' lang='lat' dir='ltr'>non</span> <span class='ocrx_word' id='word_1_827' title='bbox 3087 5535 3194 5590; x_wconf 89' lang='lat' dir='ltr'>hoc</span> <span class='ocrx_word' id='word_1_828' title='bbox 3217 5537 3536 5591; x_wconf 88' lang='lat' dir='ltr'>secundum</span> <span class='ocrx_word' id='word_1_829' title='bbox 3563 5542 3823 5593; x_wconf 87' lang='lat' dir='ltr'>nostram</span> <span class='ocrx_word' id='word_1_830' title='bbox 3845 5540 4041 5606; x_wconf 89' lang='lat' dir='ltr'>ﬁdem,</span> 
     </span>
    </p>
   </div>
   <div class='ocr_carea' id='block_1_111' title="bbox 2392 5626 4042 5696">
    <p class='ocr_par' dir='ltr' id='par_1_111' title="bbox 2392 5626 4042 5696">
     <span class='ocr_line' id='line_1_111' title="bbox 2392 5626 4042 5696; baseline 0.004 -18"><span class='ocrx_word' id='word_1_831' title='bbox 2392 5626 2779 5695; x_wconf 88' lang='lat' dir='ltr'>verumjuxta</span> <span class='ocrx_word' id='word_1_832' title='bbox 2804 5631 3221 5696; x_wconf 60' lang='lat' dir='ltr'>praesumptum</span> <span class='ocrx_word' id='word_1_833' title='bbox 3240 5627 3365 5696; x_wconf 88' lang='lat' dir='ltr'>jam</span> <span class='ocrx_word' id='word_1_834' title='bbox 3389 5628 3446 5681; x_wconf 90' lang='lat' dir='ltr'>in</span> <span class='ocrx_word' id='word_1_835' title='bbox 3480 5643 3607 5682; x_wconf 91' lang='lat' dir='ltr'>eam</span> <span class='ocrx_word' id='word_1_836' title='bbox 3632 5644 3842 5683; x_wconf 87' lang='lat' dir='ltr'>nomen</span> <span class='ocrx_word' id='word_1_837' title='bbox 3871 5646 3901 5682; x_wconf 91' lang='lat' dir='ltr'>a</span> <span class='ocrx_word' id='word_1_838' title='bbox 3921 5629 4042 5684; x_wconf 89' lang='lat' dir='ltr'>cul-</span> 
     </span>
    </p>
   </div>
   <div class='ocr_carea' id='block_1_112' title="bbox 2392 5714 4040 5786">
    <p class='ocr_par' dir='ltr' id='par_1_112' title="bbox 2392 5714 4040 5786">
     <span class='ocr_line' id='line_1_112' title="bbox 2392 5714 4040 5786; baseline 0.004 -19"><span class='ocrx_word' id='word_1_839' title='bbox 2392 5714 2618 5768; x_wconf 88' lang='lat' dir='ltr'>toribus</span> <span class='ocrx_word' id='word_1_840' title='bbox 2643 5714 2894 5784; x_wconf 90' lang='lat' dir='ltr'>suis,qui</span> <span class='ocrx_word' id='word_1_841' title='bbox 2922 5731 3048 5770; x_wconf 90' lang='lat' dir='ltr'>eam</span> <span class='ocrx_word' id='word_1_842' title='bbox 3075 5714 4040 5786; x_wconf 80' lang='lat' dir='ltr'>imprudenterexistimantdeum:</span> 
     </span>
    </p>
   </div>
   <div class='ocr_carea' id='block_1_113' title="bbox 2392 5803 4046 5880">
    <p class='ocr_par' dir='ltr' id='par_1_113' title="bbox 2392 5803 4046 5880">
     <span class='ocr_line' id='line_1_113' title="bbox 2392 5803 4046 5880; baseline 0.007 -24"><span class='ocrx_word' id='word_1_843' title='bbox 2392 5803 2890 5874; x_wconf 89' lang='lat' dir='ltr'>quemadmodum</span> <span class='ocrx_word' id='word_1_844' title='bbox 2911 5809 2969 5859; x_wconf 90' lang='lat' dir='ltr'>et</span> <span class='ocrx_word' id='word_1_845' title='bbox 2988 5804 3709 5880; x_wconf 78' lang='lat' dir='ltr'>Apostolue,Deus,inquit,</span> <span class='ocrx_word' id='word_1_846' title='bbox 3730 5807 3931 5864; x_wconf 57' lang='lat' dir='ltr'>saeculi</span> <span class='ocrx_word' id='word_1_847' title='bbox 3946 5807 4046 5867; x_wconf 78' lang='lat' dir='ltr'>lm-</span> 
     </span>
    </p>
   </div>
  </div>
