4462 6460
400 320 522 392 405

403 469 691 522 ωῖθτηθω
712 466 1177 538 beatitudinem,
1203 472 1260 523 et
1283 485 1351 522 ex
1376 467 1480 523 hac
1505 468 1761 522 abundat
1783 466 1852 520 ad
1877 465 2086 520 facien-

401 555 515 609 dos
550 557 786 611 beatos:
812 557 892 610 ita
924 557 1033 611 sibi
1070 557 1286 612 sufﬁcit
1310 557 1379 610 ad
1415 556 1918 619 ccternamlucem,
1943 559 1998 608 et
2015 571 2083 608 ex

401 641 520 698 hac
548 645 813 699 abundat
847 646 916 700 ad
951 644 1246 701 faciendos
1279 645 1640 701 illuminatos
1673 663 1685 700 :
1722 645 1942 700 nullius
1972 643 2075 698 bo-

406 750 561 787 num
595 735 862 804 cupiens,
899 751 1032 789 cum
1065 735 1189 806 ipso
1211 735 1441 790 fruatur
1461 734 1652 791 omnis
1670 734 1938 789 voluntas
1970 734 2079 787 bo-

403 839 527 889 na;
564 822 786 878 nullius
814 823 1034 878 malum
1055 824 1290 895 timens,
1309 841 1441 879 cum
1473 824 1598 895 ipso
1621 825 1923 879 deseratur
1945 838 2079 877 om-

400 911 500 966 nis
537 911 809 967 voluntas
867 911 1022 967 mala
1054 929 1066 968 :
1101 913 1236 984 quia
1288 930 1392 969 nec
1426 918 1597 986 auget
1629 929 1785 977 eum,
1819 911 1917 983 qui
1947 912 2074 980 ejus

399 1002 565 1056 dono
599 1002 805 1056 beatus
835 1009 921 1057 est
952 1020 965 1070 ;
1010 1019 1112 1057 nec
1147 1008 1318 1058 terret
1348 1020 1504 1069 eum,
1538 1003 1638 1074 qui
1691 1002 1819 1071 ejus
1841 1000 2065 1072 judicio

399 1090 594 1145 miser
638 1097 746 1146 est.
800 1090 1000 1146 Talem
1051 1097 1253 1161 Deum,
1291 1091 1616 1159 Manichaei,
1666 1108 1779 1145 non
1831 1090 2059 1158 colitis;

395 1178 582 1252 longe
613 1180 686 1235 ab
717 1179 818 1236 illo
868 1180 1003 1235 facti
1035 1181 1198 1252 estis,
1231 1183 1371 1237 dum
1416 1181 1829 1253 phantasmata
1876 1183 2068 1234 vestra

396 1269 742 1336 sectamini,
777 1286 908 1341 quae
940 1287 1038 1325 cor
1067 1275 1325 1326 vestrum
1377 1288 1590 1326 vanum
1625 1275 1682 1326 et
1709 1286 1944 1341 vagum,
1974 1267 2064 1322 lu-

395 1374 534 1413 cem
569 1359 744 1414 istam
791 1358 1112 1414 cmlestium
1146 1377 1458 1432 corporum
1509 1377 1612 1431 per
1639 1359 1836 1414 carnis
1866 1357 2065 1413 oculos

398 1446 885 1515 bauriens,vobis
908 1447 1216 1520 multiplici
1243 1448 1469 1504 ﬁctione
1492 1447 1753 1503 dilatavit
1776 1450 1947 1518 atque
1972 1463 2067 1500 va-

397 1536 599 1592 riavit.
647 1538 768 1592 Lux
814 1537 947 1609 ista,
1001 1539 1269 1610 quamvis
1317 1547 1369 1594 et
1417 1539 1605 1610 ipsam
1641 1539 1794 1593 Deus
1843 1537 2064 1604 fecerit,

396 1625 581 1697 longe
611 1625 1091 1698 incomparabilis
1109 1631 1196 1682 est
1216 1628 1390 1682 etiam
1425 1627 1504 1682 illi
1529 1627 1665 1694 luci,
1696 1643 1874 1697 quam
1909 1625 2060 1692 fecit,

395 1713 563 1770 Deus
594 1715 653 1770 in
677 1717 973 1772 mentibus
997 1716 1414 1788 piorum,quas
1446 1734 1479 1771 a
1511 1715 2062 1782 tenebrisluciﬁcat,

393 1803 560 1858 sicut
592 1805 664 1859 ab
690 1804 987 1876 impietate
1010 1806 1291 1876 iustiﬁcat
1315 1823 1326 1859 :
1353 1810 1571 1877 quanto
1593 1805 1778 1876 magis
1801 1803 1881 1858 illi
1907 1804 2063 1858 inac-

391 1893 684 1962 cessibili,
719 1910 844 1965 quae
879 1895 994 1949 ista
1024 1896 1221 1950 omnia
1253 1895 1390 1951 facit
1415 1895 1441 1950 ?
1469 1895 1582 1949 Nec
1607 1893 1880 1949 omnibus
1904 1893 2061 1948 inac-

390 1982 694 2037 cessibilis
716 1988 805 2038 est
831 2002 846 2040 ;
868 1984 1028 2038 Beati
1056 1983 1210 2039 enim
1237 1985 1642 2050 munrlz'cordes,
1668 1985 1937 2055 quoniam
1960 1985 2067 2054 ipsi

394 2073 580 2127 Deum
607 2073 868 2129 videbunt
900 2073 1124 2145 (Matth.
1159 2091 1214 2142 v,
1247 2075 1323 2145 8).
1373 2075 1512 2128 Deus
1543 2078 1735 2128 autem
1764 2074 1864 2127 lux
1893 2080 1986 2141 est,
2017 2075 2067 2127 et

393 2163 648 2216 tenebrae
680 2163 740 2216 in
762 2179 821 2218 eo
839 2178 943 2218 non
962 2171 1087 2218 sunt
1119 2163 1285 2219 ultae:
1306 2162 1470 2235 impii
1495 2179 1626 2218 vero
1648 2180 1763 2217 non
1788 2162 2068 2217 videbunt

394 2250 630 2317 lumen,
667 2252 820 2306 sicut
852 2253 992 2307 dicit
1033 2252 1211 2307 Isaias
1239 2254 1394 2322 (Isai.
1431 2270 1540 2319 L1x,
1585 2254 1640 2319 9,
1685 2253 1792 2323 10).
1824 2251 2064 2306 Talibus

399 2356 549 2412 ergo
579 2345 669 2396 est
700 2341 1121 2397 inaccessibilis
1142 2341 1242 2396 illa
1272 2342 1499 2397 luciﬁca
1529 2342 1651 2406 lux,
1671 2358 1799 2412 quae
1829 2357 1943 2395 non
1971 2358 2065 2395 so-

402 2427 539 2484 lum
577 2428 738 2484 illam
771 2430 1139 2500 spiritualem
1171 2430 1360 2486 lucem
1393 2430 1453 2486 in
1483 2435 1819 2486 sanctorum
1855 2430 2062 2485 menti-

405 2518 550 2584 bus,
569 2520 668 2574 sed
701 2519 876 2574 etiam
898 2518 1070 2574 istam
1095 2519 1450 2592 corporalem
1477 2520 1635 2574 fecit:
1655 2536 1768 2574 non
1791 2519 1861 2574 ad
1886 2535 2062 2589 quam

405 2609 724 2680 prohibeat
753 2610 1026 2664 accedere
1059 2609 1262 2676 malos,
1291 2610 1389 2663 sed
1423 2626 1600 2681 quam
1633 2610 1769 2664 facit
1797 2608 1933 2664 oriri
1967 2625 2063 2663 su-

406 2713 516 2769 per
547 2698 731 2753 bonos
763 2703 820 2753 et
853 2697 1036 2753 malos
1069 2698 1275 2770 (Matth.
1307 2716 1361 2764 v,
1395 2699 1504 2770 45).

479 2787 715 2842 CAPUT
745 2787 1035 2842 X.—-Cum
1059 2805 1194 2859 ergo
1216 2793 1411 2843 essent
1433 2788 1684 2843 tenebrae
1705 2804 1882 2857 super
1904 2787 2068 2860 abys-

402 2892 570 2942 sum,
603 2876 700 2932 ille
731 2875 829 2948 qui
865 2881 989 2932 erat
1021 2877 1138 2948 lux,
1173 2877 1334 2945 dixit,
1369 2878 1490 2932 Fiat
1521 2878 1638 2931 tum.
1682 2877 1815 2940 Qua
1847 2875 1946 2930 lux
1978 2875 2066 2930 lu-

403 2980 539 3019 cem
575 2965 793 3034 fecerit,
820 2966 1200 3021 manifestum
1226 2971 1350 3033 est;
1383 2965 1688 3021 manifeste
1720 2965 1876 3021 enim
1909 2965 2068 3038 posi-

400 3059 536 3109 tum
561 3058 672 3119 est,
704 3056 854 3110 Dixit
884 3056 1067 3111 Deus:
1089 3070 1265 3126 quam
1285 3058 1477 3110 tamen
1499 3055 1690 3110 lucem
1716 3055 1932 3123 fecerit,
1955 3073 2070 3110 non

400 3143 489 3198 ita
516 3143 899 3198 manifestum
921 3148 1027 3200 est.
1048 3143 1251 3200 Utrum
1273 3145 1429 3199 enim
1453 3144 1612 3199 illam
1639 3161 1764 3215 quas
1787 3145 1844 3199 in
1871 3145 2074 3199 menti-

407 3234 529 3287 bus
552 3231 909 3304 Angelorum
934 3238 1041 3303 est,
1069 3233 1125 3288 id
1149 3238 1260 3302 est,
1285 3233 1444 3305 ipsos
1468 3238 1604 3289 tunc
1625 3234 1865 3305 spiritus
1891 3233 2071 3288 ratio-

407 3321 578 3378 nales
603 3322 758 3377 Deus
781 3322 1001 3388 fecerit,
1027 3340 1098 3377 an
1126 3323 1484 3393 corporalem
1513 3323 1828 3394 quamdam
1857 3322 2068 3390 lucem,

410 3415 705 3466 remotam
735 3413 909 3465 etiam
937 3412 1008 3466 ab
1037 3413 1368 3484 aspectibus
1395 3414 1608 3468 nostris
1636 3414 1692 3467 iu
1716 3412 2072 3467 sublimibus

408 3500 596 3571 hujus
633 3501 838 3555 mundi
864 3500 1024 3566 locis,
1057 3500 1210 3556 inter
1240 3502 1534 3556 studiosos
1565 3502 1892 3556 divinarum
1919 3501 2070 3556 Scri-

411 3596 728 3662 pturarum
761 3590 1126 3645 concorditer
1155 3591 1510 3661 disputatur.
1545 3593 1760 3656 Quarto
1788 3591 1942 3645 enim
1981 3590 2073 3645 die

414 3678 557 3734 fecit
613 3678 726 3734 ista
768 3679 1084 3750 conspicua
1123 3678 1250 3734 coeli
1299 3679 1630 3734 luminaria.
1685 3682 1817 3744 Quae
1869 3696 2072 3734 rursus

417 3773 623 3823 utrum
643 3767 816 3823 simul
842 3785 976 3823 cum
1009 3786 1116 3824 sua
1139 3768 1266 3824 luce
1298 3769 1450 3824 facta
1472 3769 1608 3836 sint,
1629 3786 1700 3824 an
1725 3785 1789 3824 ex
1824 3769 1924 3823 illa
1946 3785 2071 3840 qua:

407 3859 541 3930 jam
577 3858 723 3912 facta
753 3861 894 3924 erat,
931 3859 1184 3929 quodam
1216 3860 1388 3914 modo
1420 3875 1665 3914 accensa
1696 3859 1829 3926 siat,
1865 3857 2071 3913 simili-

415 3952 511 4002 ter
542 3947 844 4019 quaaritur.
879 3947 1158 4013 Quaelibet
1190 3965 1329 4004 sane
1359 3947 1457 4003 lux
1500 3948 1654 4005 facta
1684 3949 1780 4015 sit,
1814 3949 2071 4020 quando,

417 4052 556 4091 cum
606 4039 802 4090 essent
850 4036 1099 4090 tenebrae
1151 4051 1329 4107 super
1378 4037 1678 4108 abyssum,
1724 4036 1865 4090 dixit
1912 4036 2069 4103 Deus,

414 4127 540 4180 Fiat
561 4126 680 4178 Lua:
699 4141 720 4187 ;
752 4130 1003 4180 creatam
1026 4130 1220 4180 tamen
1242 4124 1432 4180 lucem
1453 4143 1486 4181 a
1508 4125 1782 4180 creatrice
1811 4124 1938 4180 luce
1961 4126 2073 4181 fac-

417 4219 544 4270 tam
572 4230 700 4270 esse
732 4231 845 4269 non
879 4213 1130 4285 dubitat,
1153 4215 1420 4286 quisquis
1446 4220 1681 4271 sanctas
1715 4214 1958 4272 Litteras
1983 4214 2074 4288 pie

418 4303 667 4376 legendo
701 4303 767 4358 ﬁt
798 4303 1010 4374 dignus
1041 4305 1139 4374 qui
1176 4303 1482 4376 intelligat.

495 4393 730 4448 CAPUT
761 4392 850 4448 XI.
885 4423 952 4433 ——
983 4392 1095 4447 Nec
1125 4393 1252 4448 ideo
1279 4394 1572 4465 putandus
1603 4397 1693 4448 est
1727 4395 1897 4458 Deus,
1913 4397 2072 4449 ante-

421 4499 605 4555 quam
647 4483 860 4537 taceret
909 4480 1121 4549 lucem,
1156 4481 1216 4536 in
1263 4483 1518 4536 tenebris
1568 4481 1882 4547 habitasse,
1936 4484 2075 4554 quia

421 4573 676 4644 Spiritus
707 4573 806 4626 Dei
851 4573 1302 4642 superferebatur
1330 4587 1492 4642 super
1532 4588 1702 4642 aquas
1733 4571 1884 4642 (Gen.
1919 4590 1958 4639 1,
1991 4573 2069 4643 2),

423 4677 563 4716 cum
579 4660 918 4732 praedictum
936 4661 1418 4727 fuisset,Tenebrae
1436 4670 1598 4716 erant
1611 4677 1774 4733 super
1793 4662 2068 4734 abyssum.

422 4752 688 4822 Abyssus
708 4766 961 4822 namque
977 4754 1065 4805 est
1081 4767 1366 4822 aquarum
1385 4749 1808 4806 inaestimabilis
1828 4753 2071 4822 profun-

425 4841 604 4895 ditas.
631 4839 790 4894 Unde
807 4844 995 4911 potest
1011 4855 1309 4894 occurrere
1326 4838 1544 4894 carnali
1563 4841 1903 4911 prudentia,
1917 4839 2074 4894 velut

423 4930 484 4985 in
518 4929 590 4984 iis
641 4928 918 4994 tenebris,
947 4945 1072 5000 quas
1122 4933 1283 4983 erant
1316 4946 1492 5000 super
1521 4929 1820 5001 abyssum,
1854 4929 2075 4984 habita-

421 5017 573 5074 verit
595 5018 850 5090 Spiritus
870 5018 1063 5085 Dei,de
1085 5034 1198 5090 quo
1225 5018 1447 5072 dictum
1466 5023 1574 5086 est,
1596 5019 1896 5075 Ferebatur
1913 5035 2075 5090 super

421 5125 636 5180 aquas;
660 5124 773 5163 non
799 5107 1141 5180 intelligenti
1165 5107 1661 5179 quemadmodum
1687 5107 1786 5162 lux
1806 5108 1994 5164 luceat
2013 5108 2072 5162 in

424 5197 707 5265 tenebris,
729 5200 789 5252 et
812 5197 1061 5252 tenebrae
1087 5213 1212 5252 eam
1238 5213 1351 5251 non
1376 5197 1872 5269 comprehendant
1895 5197 2069 5270 (Joan.

427 5305 467 5354 1,
498 5287 576 5357 5),
613 5285 726 5342 nisi
759 5301 861 5358 per
890 5286 989 5341 Dei
1020 5286 1263 5341 verbum
1294 5287 1438 5340 fiant
1467 5285 1584 5356 lux,
1608 5291 1664 5342 et
1700 5287 1930 5342 dicatur
1968 5287 2071 5356 eis,

422 5377 628 5433 Fuistis
657 5375 957 5446 aliquando
979 5377 1254 5442 tenebrae;
1285 5391 1433 5430 nunc
1453 5383 1630 5431 autem
1652 5377 1750 5432 tua:
1771 5379 1830 5431 in
1850 5378 2075 5433 Domino

425 5466 645 5540 (Ephes.
677 5482 733 5532 v,
768 5465 844 5536 8).
880 5465 1041 5528 Quod
1075 5465 1124 5520 si
1153 5463 1468 5521 rationales
1491 5469 1714 5520 mentes
1741 5483 1842 5537 per
1872 5466 2076 5522 volun-

426 5561 605 5612 tatem
639 5554 886 5626 impiam
920 5554 1237 5612 tensbrosaa
1268 5555 1457 5611 lucem
1489 5555 1788 5628 sapientia:
1815 5556 1912 5612 Dei
1944 5574 2078 5613 nus-

429 5661 602 5720 quam
631 5645 938 5702 absentem
968 5645 1459 5718 comprehendere
1484 5662 1599 5702 non
1631 5651 1896 5719 possunt,
1921 5649 2076 5719 quod

431 5738 502 5796 ab
531 5752 601 5796 ea
631 5737 807 5810 longe
831 5735 952 5797 sint
980 5736 1209 5805 affectu,
1242 5754 1358 5794 non
1388 5735 1553 5807 loco;
1605 5737 1746 5808 quid
1777 5737 1995 5797 mirum
2028 5738 2078 5797 si

1545 335 1783 394 LIBER
1830 332 2251 394 VIGESIMUS
2301 335 2734 395 SECUNDUS.

3729 333 3849 390 406

2197 467 2677 540 SpiritusDei,qui
2704 470 3362 542 superferebatursuper
3380 471 3840 541 aquas,suporl‘e-

2191 557 2609 612 rebaturetiam
2628 575 2801 628 super
2817 576 3102 630 aquarum
3122 560 3841 631 tenebras,incomparabi-

2190 642 2230 697 li
2263 643 2498 714 quidem
2532 644 2978 717 longinquitate,
3011 648 3110 702 sed
3145 647 3508 718 substantiae,
3545 665 3658 703 non
3687 649 3840 704 loco-

2190 749 2319 786 rum
2345 733 2372 787 7

2263 822 2492 877 CAPUT
2524 825 2651 881 XII.
2682 855 2751 864 ——
2782 825 2910 880 Scio
2960 825 3195 896 quidem
3249 827 3376 882 istis
3429 845 3604 898 quam
3640 829 3837 884 surdis

2191 910 2307 965 haec
2341 920 2570 967 cantem
2607 930 2619 968 :
2655 929 2758 968 nec
2788 918 2986 969 tamen
3019 915 3262 986 despero
3293 918 3446 987 quod
3482 917 3686 971 cantici
3721 918 3833 972 mei

2176 1001 2390 1056 veritas
2421 1002 2726 1057 inventura
2758 1004 2834 1059 sit
2881 1021 3081 1059 aurern
3116 1022 3305 1070 suam,
3341 1023 3514 1076 quam
3547 1007 3832 1062 Dominus

2176 1091 2489 1161 aperuerit,
2524 1108 2557 1145 a
2586 1108 2699 1163 quo
2733 1097 2870 1148 sunt
2900 1111 3035 1148 vera
3082 1111 3211 1165 quae
3244 1094 3514 1148 dicimus.
3551 1096 3695 1150 Istos
3725 1113 3829 1150 au-

2174 1183 2314 1244 tem,
2349 1179 2551 1251 quales
2587 1181 2917 1236 divinarum
2951 1183 3388 1253 Scripturarum
3410 1183 3641 1253 judices
3673 1184 3827 1255 pati-

2175 1269 2550 1340 mur,quibus
2573 1269 2747 1325 etiam
2772 1270 3200 1342 displicetquod
3217 1271 3328 1326 Deo
3352 1271 3675 1343 placuerint
3697 1289 3827 1344 ope-

2173 1373 2236 1411 ra
2267 1375 2395 1422 sua,
2428 1375 2602 1429 quem
2643 1363 2924 1431 tanquam
2974 1360 3270 1416 insolitam
3319 1361 3508 1415 lucem
3544 1361 3821 1417 miratum

2173 1462 2300 1501 esse
2331 1448 2780 1520 reprehendunt,
2811 1449 2948 1520 quia
2977 1448 3262 1521 scriptum
3295 1455 3402 1520 est,
3426 1452 3490 1505 Et
3521 1451 3658 1506 vidit
3683 1453 3820 1507 Deus

2173 1537 2348 1591 lucem
2379 1540 2510 1608 quia
2532 1539 2669 1592 bona
2689 1541 2763 1592 est
2787 1538 2939 1610 (Gen.
2968 1557 3007 1603 1,
3033 1541 3085 1611 4)
3107 1539 3444 1610 ?Approbat
3469 1540 3621 1594 enim
3647 1557 3820 1612 Opera

2172 1643 2298 1695 sua,
2319 1627 2456 1697 quia
2489 1626 2718 1696 placent
2740 1628 2789 1682 ei
2822 1645 2944 1698 qua)
2971 1629 3123 1695 fecit,
3145 1633 3202 1684 et
3230 1629 3336 1683 hoc
3359 1633 3448 1683 est
3469 1629 3659 1684 videre
3682 1630 3820 1700 quia

2172 1715 2326 1769 bona
2349 1715 2712 1787 sunt.Ncque
2734 1717 2888 1770 enim
2913 1716 3126 1787 aliquid
3145 1718 3358 1772 invitus
3373 1717 3559 1772 facere
3574 1719 3817 1788 cogitur,

2173 1807 2237 1858 ut
2258 1805 2406 1874 quod
2426 1805 2474 1858 ei
2491 1822 2602 1860 non
2620 1805 3021 1876 placettaciat;
3047 1810 3147 1860 aut
3171 1806 3228 1860 in
3245 1806 3462 1878 aliquid
3488 1807 3818 1862 laciendum

2173 1891 2515 1964 imprudens
2540 1894 2847 1961 labitur,ut
2870 1896 3085 1949 factum
3105 1912 3231 1949 esse
3253 1894 3699 1966 displiceat.Cur
3715 1913 3819 1951 au-

2171 1985 2287 2036 tem
2313 1982 2440 2037 istis
2460 2000 2573 2038 non
2596 1983 3080 2055 displiceat,quod
3099 1985 3252 2038 Deus
3266 1989 3460 2039 noster
3481 2002 3627 2056 opus
3647 2001 3818 2040 suum

2171 2070 2335 2137 vidit,
2365 2072 2502 2144 quia
2533 2073 2750 2127 bonum
2779 2077 2900 2142 est;
2937 2073 3412 2145 quandoquidem
3445 2075 3587 2129 deus
3618 2090 3819 2129 eorum

2173 2176 2307 2215 cum
2331 2162 2598 2216 membra
2627 2179 2734 2217 sua
2767 2163 2969 2217 mersit
2999 2163 3056 2216 in
3085 2163 3374 2232 tenebras,
3396 2163 3588 2218 velum
3620 2169 3823 2218 contra

2174 2266 2235 2305 se
2267 2250 2508 2321 posuit?
2541 2251 2664 2308 Non
2700 2251 2854 2306 enim
2888 2252 3042 2322 quod
3077 2251 3208 2306 fecit
3239 2252 3402 2317 vidit,
3431 2251 3569 2324 quia
3599 2252 3819 2307 bonum

2171 2344 2260 2394 est
2294 2357 2305 2394 :
2341 2340 2442 2394 sed
2479 2339 2661 2394 noluit
2688 2340 2902 2412 videre,
2937 2341 3076 2412 quia
3105 2340 3326 2396 malum
3354 2345 3463 2396 est.

2243 2428 2472 2484 CAPUT
2504 2429 2652 2484 XIII.
2678 2462 2744 2470 -—
2775 2431 3042 2486 Miratum
3071 2447 3209 2486 sane
3233 2431 3480 2486 Faustus
3505 2431 3688 2486 Deum
3717 2447 3824 2486 no-

2172 2521 2360 2571 strum
2383 2518 2547 2584 dixit,
2571 2519 2722 2589 quod
2748 2520 3031 2591 scriptum
3057 2537 3169 2574 non
3194 2524 3319 2575 est:
3347 2537 3452 2575 nec
3474 2521 3714 2575 omnino
3737 2524 3829 2575 est

2173 2623 2538 2680 consequens
2571 2613 2635 2663 ut
2683 2625 2816 2663 cum
2849 2608 3062 2680 aliquis
3091 2609 3236 2664 vidit
3283 2609 3422 2679 quia
3450 2609 3670 2664 bonum
3713 2614 3827 2672 est,

2174 2697 2347 2752 etiam
2393 2698 2640 2753 miratus
2683 2699 2929 2753 dicatur.
2963 2698 3146 2754 Multa
3175 2698 3331 2754 enim
3363 2700 3516 2755 bona
3559 2700 3823 2756 videntes

2175 2803 2290 2841 non
2327 2786 2630 2856 miramur,
2653 2791 2935 2859 tanquam
2968 2793 3174 2860 prater
3202 2789 3533 2861 opinionem
3558 2790 3636 2846 ita
3665 2790 3821 2862 sint;

2177 2877 2276 2931 sed
2301 2878 2706 2931 tantummodo
2738 2878 3152 2949 approbamus,
3178 2880 3331 2951 quod
3356 2880 3437 2934 ita
3457 2895 3587 2935 esse
3608 2880 3823 2934 debue-

2178 2965 2318 3022 rint.
2353 2965 2769 3022 Verumtamen
2807 2968 3172 3023 ostendimus
3213 2969 3317 3034 eis,
3361 2986 3475 3024 non
3524 2969 3584 3023 in
3619 2969 3824 3024 Vetere

2180 3055 2554 3110 Testamento
2585 3055 2677 3109 cui
2704 3054 2993 3112 malitiose
3014 3056 3466 3121 calumniantur,
3493 3059 3593 3113 sed
3628 3058 3686 3112 in
3718 3058 3827 3112 No-

2179 3158 2247 3198 vo
2279 3143 2430 3213 quod
2465 3147 2528 3195 ut
2560 3142 2859 3213 imperitos
2904 3143 3108 3198 fallant
3140 3144 3451 3215 accipiunt,
3484 3144 3669 3199 Deum
3700 3161 3827 3200 esse

2182 3232 2483 3287 miratum.
2508 3233 2806 3287 Christum
2832 3232 2988 3286 enim
3012 3233 3271 3288 fatentur
3287 3234 3566 3299 Deum,et
3594 3234 3744 3289 hanc
3766 3235 3825 3289 in

2181 3320 2384 3392 laqueo
2417 3338 2523 3376 suo
2558 3321 2716 3377 velut
2755 3339 2948 3378 escam
2995 3321 3397 3378 dulcissimam
3431 3327 3674 3395 ponunt,
3711 3341 3828 3395 qua

2183 3410 2409 3466 Christo
2435 3412 2662 3466 deditos
2693 3413 2942 3483 capiant.
2973 3414 3123 3466 Deus
3150 3429 3284 3484 ergo
3317 3412 3564 3467 miratus
3596 3421 3678 3467 est
3705 3430 3716 3468 :
3743 3413 3828 3467 sic

2182 3499 2336 3554 enim
2371 3500 2649 3570 scriptum
2705 3505 2792 3554 est
2823 3500 2884 3554 in
2934 3501 3261 3571 Evangelio,
3296 3501 3449 3572 quod
3486 3501 3688 3556 audita
3718 3501 3831 3556 ﬁde

2182 3589 2486 3656 cujusdam
2514 3589 2886 3643 Centurionis
2925 3591 3160 3644 miratus
3206 3594 3302 3655 est,
3335 3593 3386 3644 et
3415 3592 3495 3644 ait
3545 3590 3832 3660 discipulis

2180 3679 2314 3742 suis,
2341 3678 2506 3732 Amen
2535 3680 2656 3733 dico
2685 3679 2857 3743 vobis,
2879 3694 2989 3732 non
3017 3679 3204 3732 inveni
3228 3684 3442 3733 tantam
3473 3679 3636 3748 ﬁdem
3661 3681 3722 3734 in
3752 3680 3829 3734 Is-

2181 3768 2296 3821 rael
2326 3767 2548 3836 (Matth.
2585 3785 2707 3836 v111,
2734 3769 2840 3836 10).
2884 3768 3026 3822 Ecce
3055 3785 3161 3822 nos
3193 3773 3256 3822 ut
3287 3768 3607 3838 potuimus,
3647 3785 3826 3840 expo-

2180 3857 2429 3923 suimus,
2451 3857 2588 3912 Vidit
2618 3859 2756 3912 Deus
2784 3859 2917 3930 quia
2949 3858 3144 3912 bonum
3169 3863 3283 3924 est;
3305 3861 3361 3912 et
3377 3857 3587 3913 melius
3619 3859 3826 3913 fortas-

2181 3945 2263 4001 sis
2295 3951 2593 4018 exponunt
2623 3947 2735 4001 ista
2766 3946 3032 4001 meliores
3068 3965 3081 4002 :
3115 3951 3406 4018 exponant
3435 3951 3491 4001 et
3519 3947 3614 4002 isti
3647 3964 3827 4018 quare

2181 4035 2260 4091 sit
2291 4035 2534 4091 miratus
2564 4037 2757 4103 Jesus,
2791 4037 2946 4108 quod
2995 4041 3312 4108 antequam
3347 4036 3528 4102 ﬁeret,
3562 4036 3826 4108 praescie-

2181 4124 2319 4192 bat;
2364 4129 2421 4180 et
2451 4129 2764 4196 antequam
2815 4125 3060 4190 audiret,
3095 4125 3296 4196 utique
3346 4128 3601 4180 noverat.
3636 4125 3828 4188 Quan-

2182 4230 2357 4285 quam
2410 4215 2566 4269 enim
2615 4215 2934 4287 plurimum
2976 4215 3227 4280 intersit,
3261 4219 3457 4270 utrum
3502 4214 3694 4269 videat
3724 4213 3830 4270 ali-

2181 4303 2312 4374 quis
2346 4303 2484 4375 quia
2513 4305 2732 4360 bonum
2751 4309 2858 4370 est,
2884 4322 2955 4359 an
2988 4304 3164 4359 etiam
3196 4303 3440 4359 miretur
3472 4319 3484 4358 :
3522 4303 3578 4358 in
3609 4303 3718 4358 hoc
3739 4307 3827 4358 ta-

2182 4409 2314 4448 men
2347 4398 2435 4447 est
2465 4393 2748 4449 nonnulla
2779 4393 3120 4460 similitudo,
3164 4393 3302 4464 quia
3330 4392 3503 4447 etiam
3534 4391 3705 4447 Jesus
3737 4391 3826 4446 lu-

2182 4498 2307 4537 cem
2338 4482 2472 4536 ﬁdei
2499 4483 2740 4538 miratus
2779 4487 2886 4549 est,
2921 4499 3098 4552 quam
3130 4481 3188 4536 iu
3223 4482 3392 4536 corde
3423 4479 3582 4536 illius
3615 4479 3824 4536 Centu-

2181 4571 2362 4627 rionis
2394 4572 2518 4644 ipse
2562 4572 2792 4642 fecerat,
2827 4572 2925 4643 qui
2957 4589 3158 4626 verum
3191 4576 3280 4626 est
3311 4571 3530 4638 lumen,
3565 4571 3720 4642 quod
3751 4569 3825 4623 il-

2179 4661 2430 4716 luminat
2451 4678 2681 4716 omnem
2704 4662 3001 4716 hominem
3024 4661 3351 4715 venientem
3383 4661 3443 4714 in
3477 4659 3633 4714 hunc
3655 4677 3824 4714 mun-

2180 4750 2319 4805 dum
2349 4751 2526 4823 (Joan.
2561 4767 2598 4818 1,
2631 4750 2731 4820 9)?

2252 4840 2485 4896 CAPUT
2517 4841 2662 4897 XIV.
2686 4872 2754 4881 —
2777 4843 2955 4907 Quem
2981 4845 3177 4912 posset
3197 4845 3351 4896 certe
3372 4837 3585 4910 aliquis
3609 4837 3826 4908 impius

2182 4945 2446 5001 paganus
2461 4930 2541 4985 ita
2554 4929 2899 4986 calumniari
2920 4935 2977 4986 et
2989 4930 3408 5002 reprehendere
3424 4929 3478 4982 in
3497 4925 3824 4998 Evangelio,
3868 4928 3871 4929 ⁷

2182 5020 2335 5075 sicut
2364 5020 2546 5075 Deum
2586 5020 2837 5076 Faustus
2870 5021 2927 5075 in
2959 5019 3568 5092 vetereLTestamento.
3602 5017 3829 5071 Diceret

2182 5109 2336 5164 enim
2357 5113 2414 5164 et
2431 5107 2527 5164 ille
2545 5110 2936 5180 improvidum
2959 5108 3402 5174 Christum,non
3427 5105 3615 5161 solum
3637 5121 3703 5160 ex
3719 5105 3829 5160 hoc

2184 5199 2337 5271 quod
2370 5199 2617 5254 miratus
2649 5202 2738 5254 est
2767 5197 3129 5253 Centurionis
3163 5197 3335 5250 ﬁdem
3363 5214 3375 5263 ;
3417 5209 3616 5249 verum
3650 5193 3828 5248 etiam

2185 5289 2338 5359 quod
2352 5289 2565 5344 Judam
2592 5288 2742 5344 inter
2755 5287 3074 5359 discipulos
3087 5284 3384 5357 elegit,qui
3411 5283 3686 5337 mandata
3702 5283 3831 5354 ejus

2185 5395 2298 5434 non
2330 5382 2455 5434 erat
2501 5382 2837 5434 servaturus
2870 5377 2968 5448 (Id.
3001 5394 3078 5444 VI,
3109 5377 3201 5446 71)
3237 5391 3249 5430 :
3285 5373 3434 5429 sicut
3459 5371 3833 5444 reprehendit

2185 5468 2428 5536 iste,cur
2449 5473 2797 5540 praeceptum
2823 5467 2881 5523 in
2905 5464 3173 5538 paradiso
3187 5464 3387 5520 datum
3413 5462 3588 5517 fuerit
3606 5460 3831 5517 homini

2186 5575 2301 5614 non
2325 5558 2547 5612 facturo
2571 5557 2720 5628 (Gen.
2749 5574 2806 5625 11,
2832 5556 2919 5626 t6,
2947 5555 3031 5622 17,
3065 5554 3319 5625 et111,6).
3352 5551 3626 5624 Culparet
3653 5551 3825 5607 etiam

2187 5648 2353 5715 illud,
2387 5647 2540 5719 quod
2591 5647 2738 5702 scire
2786 5662 2900 5701 non
2935 5643 3187 5716 potuerit
3213 5643 3342 5716 quis
3390 5658 3523 5698 eum
3555 5640 3826 5713 tetigerit,

2189 5739 2421 5812 quando
2433 5735 2624 5809 tetigit
2640 5735 2930 5792 ﬁmbriam
2951 5734 3288 5794 vestimenti
3308 5735 3356 5806 ej
3369 5751 3589 5807 us,quas
3612 5733 3831 5791 ﬂuxum
