4462 6440
818 433 934 494 407

820 560 1126 636 sanguinis
1157 559 1487 634 patiebatur
1516 574 1530 615 :
1564 557 1714 613 sicut
1743 555 1853 613 iste
1884 553 2139 627 culpavit
2161 553 2347 609 Deum
2368 565 2467 605 ne-

823 653 1004 710 scisse
1025 651 1123 706 ubi
1146 647 1751 713 lateretAdam,Credo
1775 646 1912 718 quia
1924 642 2348 711 dixerit,Adam,
2374 639 2469 694 ubi

823 758 877 800 es
905 740 1058 814 (Gen.
1090 756 1176 808 ιιι,
1209 738 1265 809 9)
1292 741 1313 793 i’
1342 738 1498 792 sicut
1526 737 1673 792 dixit
1695 736 1981 801 Christus,
2014 735 2145 804 Quis
2175 748 2265 787 me
2296 730 2473 801 tetigit

824 832 976 904 (Luc.
1000 844 1124 896 vm,
1150 828 1340 899 44-45)
1362 826 1390 882 ?
1417 826 1641 881 Diceret
1669 831 1727 882 et
1758 825 2021 882 invidum
2046 839 2112 879 ac
2144 822 2472 889 timentem,

826 937 897 978 ne
909 921 957 975 si
981 918 1269 973 intrarent
1288 916 1546 987 quinque
1564 915 1688 970 aliae
1700 915 1955 987 virgines
1978 914 2037 968 in
2058 926 2302 985 regnum
2323 910 2474 981 ejus,

824 1008 1078 1065 viverent
1097 1006 1157 1061 in
1180 1010 1491 1073 internum;
1517 1010 1719 1061 contra
1747 1021 1891 1076 quas
1915 1003 1997 1059 ita
2027 1000 2255 1066 clausit,
2285 1002 2350 1054 ut
2374 1013 2476 1052 nec

826 1095 1241 1159 miserabiliter
1251 1094 1629 1168 pulsantibus
1641 1093 1890 1166 aperiret
1902 1092 2109 1163 (Matth.
2130 1086 2476 1159 xxv,t1,12),

823 1187 983 1244 velut
1004 1185 1349 1243 abliviscens
1372 1184 1527 1256 quod
1552 1184 1677 1255 ipse
1708 1182 2073 1256 promiserat,
2099 1178 2322 1243 dicens,
2349 1175 2478 1233 Put-

825 1281 940 1334 sate
968 1286 1020 1333 et
1052 1276 1332 1348 aperietur
1359 1273 1507 1329 vobis
1539 1272 1640 1342 (Id.
1663 1288 1762 1343 vn,
1792 1271 1849 1341 7)
1882 1286 1895 1327 :
1930 1269 2082 1327 sicut
2106 1267 2217 1323 iste
2248 1264 2480 1321 invidiae

830 1366 1178 1438 timorisque
1196 1360 1762 1436 arguitDeum,quod
1778 1360 1847 1415 ad
1870 1358 2049 1414 vitam
2075 1361 2351 1413 aeternam
2366 1370 2481 1408 non

830 1456 1141 1528 pecudum,
1173 1454 1274 1509 sed
1305 1451 1611 1508 hominum
1643 1448 1967 1521 sanguinis,
2012 1447 2151 1516 quia
2179 1444 2346 1510 dixit,
2380 1443 2486 1511 Qui

829 1544 1140 1613 perdiderit
1157 1543 1406 1597 animam
1423 1557 1583 1597 suam
1596 1542 1816 1613 propter
1829 1553 1935 1607 me,
1950 1538 2011 1592 in
2026 1537 2197 1591 vitam
2216 1534 2483 1591 aeternam

832 1636 1074 1690 inveniet
1103 1648 1220 1688 eam
1246 1630 1346 1701 (Id.
1370 1648 1428 1699 x,
1450 1630 1541 1701 39)
1573 1646 1586 1685 :
1615 1629 1769 1684 sicut
1798 1626 1906 1683 iste
1930 1625 2001 1681 de
2032 1622 2335 1680 sacriﬁciis
2360 1620 2488 1676 ani-

836 1723 1098 1793 malium,
1139 1720 1356 1793 quibus
1402 1720 1608 1792 figuris
1641 1714 2091 1790 promittebatur
2131 1710 2486 1768 sacrificium

836 1798 1166 1884 sanguinis,
1192 1826 1309 1882 quo
1332 1808 1616 1880 redempti
1647 1822 1879 1873 sumus,
1903 1802 2090 1860 valuit
2118 1799 2487 1857 calumniari.

836 1900 1302 1974 Reprehenderet
1317 1901 1374 1953 et
1385 1897 1693 1960 zelantem,
1709 1893 1850 1967 quia
1867 1909 2000 1949 cum
2016 1894 2276 1948 ementes
2288 1894 2346 1945 et
2361 1905 2492 1944 ven-

835 1992 1039 2048 dentes
1062 1990 1133 2045 de
1155 1986 1370 2060 templo
1394 1984 1740 2059 ﬂagellando
1761 1982 2053 2057 ejecisset,
2070 1995 2491 2037 commemora-

833 2080 917 2137 vit
936 2078 1305 2150 Evangelista
1327 2077 1398 2132 de
1420 2075 1517 2132 illo
1532 2091 1660 2131 esse
1673 2075 1982 2146 scriptum,
1996 2070 2163 2128 Zelus
2184 2071 2365 2127 donas
2383 2074 2495 2124 tuae

834 2168 1171 2229 comeditme
1198 2166 1375 2238 (Joan.
1404 2182 1467 2232 ιι,
1494 2165 1675 2235 15-17)
1707 2180 1721 2220 :
1757 2163 1909 2219 sicut
1936 2162 2047 2217 iste
2078 2159 2374 2216 accusavit
2401 2173 2494 2213 ze-

838 2258 1059 2315 lantem
1092 2257 1295 2324 Deum,
1320 2255 1476 2327 quod
1506 2253 1638 2309 aliis
1669 2250 1988 2309 sacrificari
2017 2249 2315 2306 vetuisset.
2340 2248 2499 2303 Dice-

841 2352 934 2406 ret
955 2347 1304 2402 irascentem
1328 2345 1385 2400 in
1410 2360 1549 2399 suos
1571 2347 1629 2398 et
1648 2341 1707 2397 in
1726 2341 1947 2397 alienos
1967 2358 1979 2397 :
1996 2339 2053 2395 in
2078 2356 2217 2395 suos
2234 2338 2496 2410 quidem,

845 2436 984 2510 quia
1013 2434 1176 2503 dixit,
1207 2434 1404 2490 Servus
1447 2434 1544 2505 qui
1571 2434 1671 2488 scit
1700 2431 2044 2488 voluntatem
2071 2428 2282 2485 domini
2309 2429 2418 2495 sui,
2450 2429 2502 2483 et

845 2542 958 2584 non
986 2527 1131 2598 facit
1154 2524 1342 2595 digna,
1361 2524 1548 2596 plagis
1572 2521 1849 2595 vapulabit
1867 2520 2059 2575 multis
2084 2521 2099 2555 ¹
2126 2516 2500 2591 (ιαε.ιιιι,47);

849 2615 911 2672 in
943 2614 1165 2672 alienos
1191 2611 1556 2684 autem,quia
1576 2609 1813 2678 dixit,Si
1830 2610 1955 2681 quis
1976 2624 2063 2665 vos
2084 2624 2199 2663 non
2219 2606 2505 2677 receperit,

859 2705 1096 2764 excutite
1118 2702 1242 2759 illis
1266 2703 1547 2776 pulverem
1574 2700 1639 2756 de
1664 2700 2052 2756 calceamentis
2078 2697 2275 2753 vestris
2298 2713 2319 2752 :
2348 2710 2509 2751 amen

862 2795 984 2852 dico
1004 2794 1175 2858 vobis,
1200 2794 1334 2865 quia
1349 2792 1692 2848 tolerabilius
1712 2790 1820 2845 erit
1839 2788 2087 2844 Sodomae
2104 2788 2159 2842 in
2184 2785 2272 2841 die
2283 2784 2510 2857 judicii,

861 2900 1027 2957 quam
1056 2884 1145 2939 illi
1171 2882 1384 2938 civitati
1411 2878 1801 2951 (Matth.x,14,
1838 2878 1924 2946 15)
1958 2894 1971 2933 :
2004 2877 2159 2932 sicut
2188 2875 2299 2931 iste
2316 2872 2514 2930 crimi-

863 2978 1038 3032 natur
1067 2971 1417 3027 irascentem
1468 2971 1671 3037 Deum,
1700 2983 1851 3023 nunc
1883 2966 1943 3021 in
1992 2964 2234 3033 alienos,
2267 2979 2422 3019 nunc
2453 2962 2516 3018 in

863 3079 1023 3133 suos,
1043 3077 1193 3133 quas
1211 3064 1491 3130 utrosque
1514 3055 1823 3129 Apostolus
1835 3057 2278 3119 commemorat,
2292 3051 2512 3119 dicens,

864 3152 1199 3222 Quicumque
1217 3149 1368 3205 enim
1394 3148 1515 3202 sine
1530 3150 1672 3219 Lege
1689 3152 2073 3217 peccaverunt,
2092 3145 2211 3199 sine
2232 3146 2368 3213 Lege
2384 3158 2517 3214 per-

863 3241 1063 3302 ibunt;
1092 3246 1143 3295 et
1172 3240 1497 3310 quicumque
1526 3237 1585 3291 in
1615 3238 1752 3304 Lege
1777 3236 2161 3305 peccaverunt,
2191 3247 2291 3303 per
2321 3232 2518 3303 Legem

852 3328 1270 3404 judicabantur
1295 3326 1469 3396 (Rom.
1504 3342 1565 3395 ιι,
1599 3324 1706 3396 12).
1728 3323 1954 3380 Diceret
1974 3326 2031 3378 et
2053 3321 2443 3377 trucidantem
2460 3323 2519 3376 et

868 3417 1264 3476 eﬂundentem
1290 3414 1612 3470 multorum
1635 3412 1985 3486 sanguinem
2008 3411 2080 3467 ob
2111 3410 2259 3466 levia
2282 3409 2517 3481 quidem

866 3507 953 3565 vel
979 3504 1637 3563 nullacommissa.Leve
1659 3502 1871 3574 quippe
1886 3498 2230 3557 autnullum
2253 3498 2521 3555 commis-

869 3615 1003 3655 sum
1038 3611 1264 3669 pagano
1302 3593 1617 3659 videretur,
1647 3590 1735 3647 vel
1767 3608 1884 3648 non
1914 3590 2125 3646 habere
2156 3589 2215 3645 in
2260 3587 2520 3645 convivio

870 3686 1208 3759 nuptiarum
1237 3688 1455 3741 vestem
1473 3680 1818 3755 nuptialem,
1834 3684 2071 3753 propter
2100 3679 2255 3751 quod
2280 3683 2396 3734 Rex
2419 3694 2521 3734 no-

874 3781 995 3833 ster
1023 3776 1083 3831 in
1104 3772 1415 3845 Evangelia
1430 3771 1612 3843 jussit
1628 3770 1927 3826 hominem
1958 3768 2156 3841 ligatis
2180 3767 2451 3823 manibus
2468 3768 2526 3821 et

874 3865 1121 3939 pedibus
1152 3861 1355 3935 projici
1392 3862 1450 3916 in
1491 3861 1764 3916 tenebras
1791 3857 2108 3914 exteriores
2134 3857 2350 3928 (Matth.
2382 3870 2522 3928 xxu,

874 3954 1065 4026 11-13)
1088 3970 1103 4021 ;
1136 3951 1225 4008 vel
1248 3949 1399 4007 nolle
1421 3966 1599 4022 super
1614 3965 1675 4004 se
1697 3947 1993 4003 Christum
2012 3962 2273 4019 regnare,
2288 3949 2526 4017 propter

873 4043 1028 4117 quod
1062 4045 1368 4114 peccatum
1399 4040 1499 4108 ait,
1518 4038 1647 4095 Illos
1675 4041 1864 4093 autem
1891 4036 1994 4108 qui
2006 4036 2306 4091 noluerunt
2332 4051 2418 4090 me
2448 4051 2526 4092 re-

871 4149 1051 4208 gnare
1077 4130 1502 4199 sibi,adducite,
1520 4131 1573 4184 et
1601 4127 1893 4197 interﬁcite
1912 4142 2096 4182 coram
2127 4142 2210 4182 me
2231 4125 2381 4197 (Luc.
2406 4142 2523 4193 XIX,

872 4224 962 4294 27)
985 4239 999 4277 :
1023 4221 1175 4277 sicut
1189 4220 1300 4276 iste
1320 4218 1615 4275 accusavit
1627 4216 1810 4272 Deum
1833 4215 1891 4270 in
1913 4214 2119 4270 Vetere
2131 4215 2524 4281 Testamento,

877 4310 979 4385 qui
1007 4311 1059 4366 ei
1092 4309 1254 4366 visus
1283 4311 1374 4363 est
1420 4311 1657 4379 propter
1684 4303 1833 4361 levia
1876 4302 1966 4359 vel
1998 4303 2161 4359 nulla
2185 4303 2523 4371 commissa,

876 4399 1186 4456 hominum
1205 4396 1390 4452 millia
1403 4394 1853 4451 trucidare.Jam
1866 4409 1998 4449 vero
2012 4392 2156 4449 illud
2172 4392 2327 4465 quod
2341 4407 2530 4463 repre-

877 4488 1084 4546 hendit
1104 4488 1373 4552 Faustus,
1409 4484 1731 4540 minantem
1766 4488 1945 4537 Deum
1976 4486 2287 4537 venturum
2319 4498 2381 4537 se
2402 4497 2530 4537 esse

882 4594 1016 4634 cum
1030 4576 1367 4649 gladio,quo
1383 4591 1495 4630 non
1514 4573 2205 4645 parceret,necjusto,nec
2220 4570 2528 4643 peccatori,

881 4661 1560 4739 quomodopaganusille
1576 4661 2533 4733 reprehenderet,audiensaposto-

883 4755 1007 4811 lum
1030 4753 1277 4810 Paulum
1302 4754 1492 4808 dicere
1514 4752 1584 4806 de
1609 4755 1720 4806 Dea
1742 4754 1960 4819 nostra,
1982 4751 2125 4819 Quia
2145 4750 2290 4806 tilio
2307 4752 2531 4823 praprio

882 4861 990 4901 non
1008 4845 1264 4916 pepercit,
1289 4842 1381 4898 sed
1398 4857 1496 4914 pro
1515 4841 1671 4896 nobis
1691 4841 1942 4896 omnibus
1964 4840 2195 4896 tradidit
2210 4856 2334 4896 eum
2354 4843 2528 4910 (Rom.

882 4932 1375 5005 vm,32):audiens
1387 4935 1444 4987 et
1458 4930 1856 5001 Petrum,cum
1871 4930 1938 4985 de
1954 4929 2532 5002 magnistribulatio-

884 5023 1059 5080 nibus
1073 5026 1406 5079 sanctorum
1423 5018 2435 5092 etinteriectionibusloqueretur,ad
2452 5024 2532 5075 to-

880 5113 1189 5169 lerandum
1204 5111 1605 5167 exhortantem
1620 5110 2223 5182 etdicentem,Tempus
2233 5112 2309 5166 est
2323 5108 2535 5182 utjudi-

882 5204 1028 5257 cium
1042 5202 1272 5273 incipiat
1289 5218 1322 5254 a
1338 5200 1493 5255 domo
1511 5199 1769 5254 Domini:
1791 5202 1840 5255 et
1860 5200 1912 5255 si
1930 5200 2161 5255 initium
2179 5198 2534 5271 anobis,qua-

885 5291 954 5346 lis
982 5291 1112 5361 ﬁnis
1131 5291 1239 5345 erit
1268 5291 1347 5345 eis
1377 5289 1474 5361 qui
1488 5304 1595 5344 non
1615 5287 1844 5344 credunt
1865 5288 2084 5344 Domini
2102 5287 2444 5360 Evangelia?
2465 5291 2533 5345 Et

883 5381 935 5434 si
952 5382 1136 5450 justus
1161 5378 1378 5451 quidem
1397 5380 1493 5434 vix
1511 5378 1692 5434 salvus
1718 5380 1847 5449 erit,
1865 5381 2117 5451 peccator
2134 5383 2187 5435 et
2210 5379 2415 5449 impius
2440 5378 2535 5433 ubi

880 5469 1151 5539 parebunt
1173 5469 1219 5541 (Ι
1239 5469 1385 5524 Petr.
1410 5485 1487 5539 ιν,
1514 5469 1598 5537 17,
1626 5468 1912 5539 18)?Quid
1926 5468 2083 5524 enim
2090 5467 2314 5540 justius
2330 5466 2532 5536 Unico,

888 5556 982 5612 cui
1012 5562 1206 5613 tamen
1239 5557 1404 5614 Pater
1433 5575 1548 5614 non
1583 5558 1840 5632 pepercit
1864 5562 1887 5615 Ρ
1915 5561 1982 5614 Et
2010 5558 2154 5631 quid
2184 5556 2532 5629 evidentius,

957 5828 974 5863 ι
1009 5824 1189 5878 Plures
1217 5828 1360 5889 Msa,
1390 5830 1440 5878 et
1470 5828 1601 5893 facit
1631 5828 1791 5893 digna
1822 5825 2013 5894 plagis,
2042 5826 2306 5893 vapulabit
2352 5828 2535 5882 multa.

1582 426 1896 486 CONTRA
1942 419 2315 484 FAUSTUM
2360 415 2891 490 MANICH/EUM,
2941 419 3007 478 S.
3054 418 3486 480 AUGUSTINI

4132 419 4250 480 408

2579 550 2734 621 quod
2758 550 3059 621 necjustis
3076 549 3619 623 parcat,emendans
3639 550 4036 607 eosvarictate
4051 552 4246 607 tribu-

2580 636 2888 708 lationum,
2913 656 3047 695 cum
3078 640 3148 695 de
3168 639 3278 695 hac
3300 644 3497 711 aperte
3514 641 3589 696 sit
3608 640 3858 711 dictum,
3887 643 3961 696 Et
3992 642 4049 697 si
4057 642 4254 714 justus

2581 729 2679 783 vix
2693 729 2875 784 salvus
2900 731 3004 785 erit
3025 732 3049 783 .9
3075 733 3200 785 Non
3223 729 3414 785 solum
3433 730 3589 785 enim
3611 730 3667 784 in
3685 730 3880 786 Vetere
3900 732 4254 787 Testamen-

2583 818 2642 872 to
2673 817 2957 889 scriptum
2994 822 3102 887 est,
3146 819 3311 886 Quem
3352 820 3503 873 enim
3544 819 3729 889 diligit
3778 820 3944 885 Deus,
3974 822 4257 890 corripit;

2583 906 2826 978 ﬂagellat
2854 912 3037 962 autem
3063 924 3285 963 omnem
3311 908 3491 978 ﬁlium
3523 924 3683 979 quem
3714 909 3911 979 recipit
3941 910 4136 977 (Prov.
4172 925 4257 977 ιιι,

2588 996 2678 1068 12)
2708 1015 2721 1065 ;
2754 1000 2830 1064 et,
2865 996 2925 1052 Si
2968 997 3107 1051 bona
3148 999 3495 1070 percepimus
3525 996 3590 1053 de
3617 1014 3789 1052 manu
3820 998 4069 1065 Domini,
4105 1000 4262 1054 mala

2589 1102 2758 1158 quare
2802 1104 2913 1141 non
2956 1088 3322 1143 sustineamus
3352 1086 3487 1159 (Job.
3521 1103 3586 1155 ιι,
3642 1086 3729 1158 10)
3757 1089 3779 1141 P
3807 1087 3907 1142 sed
3959 1089 4147 1143 etiam
4201 1088 4262 1143 in

2588 1174 2767 1244 Novo,
2788 1176 2897 1248 Ego
2916 1193 3077 1248 quem
3105 1193 3247 1245 amo,
3272 1192 3442 1248 arguo
3469 1180 3521 1231 et
3547 1178 3759 1250 castigo
3781 1177 3964 1250 (Apoc.
3997 1194 4090 1249 ιιι,
4128 1178 4219 1247 19)
4246 1196 4259 1245 ;

2590 1267 2648 1319 et
2679 1263 2848 1333 illud,
2878 1265 2940 1320 Si
2967 1267 3115 1320 enim
3145 1282 3242 1322 nos
3274 1268 3415 1337 ipsos
3457 1264 3915 1336 diiudicaremus,
3947 1282 3983 1321 a
4024 1267 4261 1323 Damzno

2590 1354 3088 1426 nonJudicaremur
3103 1355 3580 1425 :cumiudicamur
3600 1363 3847 1422 autem,a
3872 1356 4108 1412 Domino
4131 1372 4262 1413 cor-

2594 1445 2850 1515 ripimur,
2874 1460 2942 1499 ne
2960 1459 3087 1500 cum
3102 1445 3308 1499 mundo
3333 1444 3661 1499 damnemur
3682 1445 3728 1515 (Ι
3754 1443 3878 1499 Cor.
3915 1461 3999 1512 ιιι,
4024 1445 4119 1514 31,
4142 1446 4261 1515 32).

2592 1534 2701 1588 Sed
2733 1537 2929 1589 tamen
2960 1534 3005 1589 si
3032 1550 3296 1606 paganus
3319 1533 3377 1588 in
3408 1533 3563 1589 Novo
3590 1534 3967 1589 Testamento
3998 1533 4145 1590 talia
4172 1552 4263 1590 re-

2595 1622 2998 1695 prehenderet,
3016 1622 3212 1694 qualia
3234 1622 3333 1678 isti
3356 1622 3791 1695 reprehendunt
3811 1621 4265 1689 inVetere,non-

2598 1728 2669 1767 ne
2685 1715 2741 1767 et
2758 1712 2869 1783 ipsi
2887 1728 2953 1767 ea
2978 1712 3339 1768 defendenda
3362 1711 3775 1784 susciperent?
3803 1713 3966 1777 Quod
3993 1713 4045 1768 si
4068 1713 4266 1769 facere

2598 1806 2982 1873 possent,qua
2998 1800 3232 1856 tandem
3249 1800 3517 1857 vecordia
3533 1800 3625 1856 hic
3642 1799 4263 1872 taliareprehendunt.

2601 1888 2896 1962 qualiaibi
2921 1890 3292 1946 defendunt?
3312 1890 3374 1945 Si
3403 1896 3599 1946 autem
3626 1906 3739 1945 non
3770 1895 4035 1962 possent,
4064 1907 4176 1947 cur
4202 1892 4262 1946 in

2604 1996 2719 2035 uno
2752 1983 3005 2049 tantum,
3032 1996 3098 2035 ac
3130 1997 3245 2036 non
3269 1979 3463 2051 potius
3491 1978 3552 2034 in
3583 1984 3828 2051 utroque
3853 1980 4265 2050 Testamento,

2604 2068 2758 2140 quod
2793 2085 2909 2124 non
2941 2067 3402 2140 intelligentibus
3434 2068 3631 2140 impiis
3663 2084 3907 2140 pravum
3937 2068 4270 2136 videretur,

2603 2158 2751 2214 idem
2788 2175 2902 2213 non
2934 2157 3434 2230 intelligentibus‘
3469 2157 3583 2229 piis
3614 2160 3861 2223 rectum,
3893 2159 3996 2215 sed
4040 2163 4275 2216 tectum

2607 2247 2764 2303 credi
2797 2252 3061 2318 oportere
3090 2246 3464 2303 concedunt?

2680 2335 2916 2393 CAPUT
2939 2336 3050 2392 XV.
3074 2368 3143 2377 —
3167 2339 3245 2392 An
3269 2338 3435 2407 forte,
3459 2353 3590 2410 quas
3610 2337 3682 2393 de
3704 2340 3862 2393 Nova
3884 2338 4279 2395 Testamento

2611 2425 2829 2483 similia
2852 2425 3228 2499 protulimus,
3248 2426 3376 2500 ipsa
3392 2442 3626 2499 quoque
3652 2426 3871 2482 audent
3896 2426 4094 2483 dicere
4125 2428 4284 2484 falsa
4392 2462 4393 2469 η

2614 2532 2742 2573 esse
2772 2520 2946 2587 atque
2976 2530 3265 2588 perversa,
3290 2514 3591 2589 privilegio
3618 2515 3718 2571 illo
3745 2532 3851 2572 suo
3874 2516 4196 2589 diabolica,
4225 2524 4287 2573 ut

2615 2605 2897 2678 quidquid
2917 2605 3077 2661 estin
3090 2605 3400 2677 Evangelia
3421 2605 3511 2661 vel
3534 2604 3811 2677 Epistolis
3829 2606 4289 2680 canonicis,quo

2619 2695 2881 2767 adjuvari
2912 2693 3180 2751 hearesim
3211 2712 3380 2752 suam
3411 2698 3637 2767 putent,
3662 2694 3719 2750 id
3750 2711 3879 2751 esse
3901 2712 3935 2751 a
3964 2695 4210 2753 Christo
4232 2703 4289 2753 et

2619 2782 2911 2855 Apostolis
2941 2783 3163 2839 dictum
3186 2788 3421 2841 teneant
3437 2789 3611 2856 atque
3628 2784 3950 2853 suadeant;
3985 2784 4287 2858 quidquid

2622 2876 2818 2929 autem
2851 2888 2919 2927 ex
2948 2871 3156 2928 iisdem
3207 2873 3507 2930 codicibus
3539 2874 3821 2930 adversus
3849 2890 3948 2929 eos
3990 2877 4286 2943 sonuerit,

2623 2961 2959 3018 immissum
2984 2962 3053 3019 ab
3074 2962 3637 3029 infalsatoribus,ore
3661 2963 3989 3035 impudenti
4013 2980 4083 3020 ac
4105 2965 4291 3020 sacri-

2623 3051 2753 3125 lego
2786 3069 2900 3108 non
2935 3052 3201 3108 dubitent
3222 3052 3453 3107 dicere?
3481 3052 3586 3107 Cui
3611 3053 3791 3107 furori
3816 3068 4045 3122 eorum,
4079 3058 4288 3110 aucto-

2626 3140 2853 3197 ritatem
2886 3141 3148 3197 omnium
3202 3139 3487 3197 librorum
3518 3140 3887 3213 exstinguere
3934 3146 4116 3215 atque
4148 3143 4289 3198 abo-

2627 3229 2746 3287 lere
2775 3229 3030 3296 conanti,
3071 3232 3197 3301 jam
3247 3247 3445 3303 supra,
3480 3234 3766 3301 quantum
3798 3232 4059 3303 suscepti
4092 3232 4289 3306 operis

2628 3319 2773 3375 ratio
2806 3319 2996 3376 sinere
3026 3319 3349 3388 videbatur,
3384 3336 3499 3374 non
3530 3336 3720 3391 pauca
3750 3320 4050 3391 respondi.

2697 3408 2927 3466 CAPUT
2957 3413 3106 3463 XVI.
3130 3440 3198 3448 ——
3220 3407 3545 3464 Nuncillud
3565 3409 3950 3478 admaneo,ut
3966 3426 4107 3466 cum
4126 3410 4287 3468 insa-

2630 3515 2735 3554 nas
2757 3503 2813 3553 et
2828 3497 3140 3571 sacrilegas
3164 3497 3392 3555 fabulas
3414 3515 3553 3554 suas
3566 3497 3875 3555 christiani
3889 3500 4155 3557 nominis
4168 3500 4293 3574 pal-

2629 3587 2707 3644 lio
2738 3586 2927 3643 velare
2976 3588 3349 3656 contendant,
3382 3587 3619 3643 videant
3648 3592 3867 3656 tamen,
3901 3593 4129 3661 quanto
4178 3592 4293 3647 ista

2631 3681 2833 3733 contra
2861 3677 3193 3748 Scripturas
3224 3675 3577 3733 christianas
3606 3676 3929 3749 disputant,
3962 3695 4084 3735 non
4117 3697 4154 3736 a
4182 3697 4293 3736 no-

2632 3767 2722 3822 bis
2753 3770 2954 3821 cantra
2983 3765 3245 3838 Paganos
3279 3769 3532 3835 tantum,
3567 3767 3666 3821 sed
3719 3766 3895 3822 etiam
3927 3772 4135 3825 contra
4167 3770 4295 3825 Ma-

2632 3856 2904 3925 nichaaos,
2939 3856 3238 3911 veritatem
3267 3854 3534 3911 codicum
3565 3855 3894 3911 divinorum
3926 3856 4292 3914 Testamenti

2632 3944 2939 4016 utriusque
2969 3944 3221 4000 defendi.
3242 3944 3308 4000 Et
3334 3944 3447 4001 ista
3474 3944 3877 4016 quidem,quaa
3908 3947 4086 4003 modo
4108 3951 4295 4005 Faus-

2630 4038 2729 4091 tus
2758 4035 2914 4090 velut
2952 4034 3195 4105 indigna
3222 4034 3337 4089 Deo
3369 4034 3440 4089 de
3468 4033 3701 4099 nostris
3728 4034 4022 4092 veteribus
4054 4036 4295 4093 Litteris

2632 4124 2690 4180 in
2726 4140 2995 4179 sermone
3025 4140 3132 4179 suo
3154 4122 3370 4195 posuit,
3389 4128 3588 4179 contra
3612 4128 3914 4195 Paganum
3945 4129 4002 4179 et
4031 4124 4092 4180 in
4116 4142 4295 4181 evan-

2634 4211 2817 4286 gelica
2847 4212 2932 4268 vel
2958 4211 3274 4283 apostolico
3306 4227 3574 4268 sermone
3594 4211 3735 4267 talia
3765 4211 4297 4283 reprehendentem

2637 4302 2718 4357 ita
2746 4302 2990 4357 fortasse
3021 4300 3414 4370 defenderem,
3440 4304 3504 4357 ut
3532 4300 3694 4373 paria
3723 4300 3793 4357 de
3824 4301 4169 4358 auctoribus
4200 4320 4298 4359 eo-

2638 4408 2792 4459 rum,
2825 4392 2975 4446 sicut
3020 4389 3240 4445 Paulus
3283 4395 3484 4446 naster
3520 4390 3674 4462 apud
3724 4389 4110 4447 Athenienses
4163 4392 4301 4448 fecit

2637 4480 2775 4549 (Act.
2823 4496 2959 4546 xvu,
3008 4480 3123 4547 28),
3171 4494 3712 4534 commemorarem.
3757 4478 4085 4535 Invenirem
4136 4480 4297 4536 enim

2639 4568 2885 4624 fortasse
2916 4572 2974 4623 et
3003 4568 3061 4621 in
3093 4567 3307 4622 litteris
3355 4583 3578 4633 eorum,
3612 4566 3795 4622 Deum
3835 4567 4037 4622 mundi
4069 4573 4299 4625 creato-

2640 4674 2761 4714 rem
2792 4674 2858 4713 ac
2890 4656 3317 4725 fabricatorem,
3351 4662 3408 4712 et
3439 4655 3586 4711 lucis
3620 4655 3799 4726 hujus
3849 4656 4257 4714 institutorem
4283 4676 4297 4727 ;

2640 4747 2741 4820 qui
2770 4750 2969 4803 tamen
3001 4750 3317 4819 antequam
3349 4762 3477 4802 eam
3507 4745 3799 4813 conderet,
3827 4762 3943 4800 non
3965 4747 4206 4818 jacebat
4238 4749 4297 4801 in

2638 4837 2896 4892 tenebris
2917 4840 3003 4892 :et
3032 4852 3099 4891 ex
3131 4852 3301 4908 opere
3332 4852 3438 4891 suo
3469 4836 3718 4907 perfecta
3749 4834 3971 4890 elatum
4002 4850 4132 4892 esse
4157 4852 4302 4909 gau-

2641 4926 2775 4995 dio;
2810 4926 2963 4997 quod
2998 4931 3149 4981 certe
3180 4924 3435 4997 amplius
3478 4929 3589 4993 est,
3623 4941 3822 4996 quam,
3854 4923 4000 4980 Vidit
4028 4926 4163 4997 quia
4211 4926 4302 4982 bo-

2639 5032 2777 5070 num
2807 5023 2883 5071 est
2912 5033 2931 5070 .'
2965 5019 3021 5071 et
3052 5013 3198 5087 legis
3229 5013 3494 5085 latorem,
3524 5030 3701 5086 quam
3734 5014 3783 5069 si
3816 5013 3991 5071 homo
4022 5030 4300 5087 sequere-

2641 5106 2801 5173 tur“,
2835 5122 2942 5161 suo
2986 5104 3137 5160 bono
3188 5104 3439 5170 faceret;
3494 5104 3542 5158 si
3592 5107 3784 5158 autem
3837 5108 4157 5175 sperneret,
4192 5121 4300 5161 suo

2643 5194 2817 5251 malo.
2869 5194 3051 5258 Quem
3107 5210 3222 5249 non
3276 5193 3403 5247 ideo
3456 5193 3712 5247 dicerent
3765 5192 4038 5263 ignarum
4089 5193 4299 5262 futuri,

2642 5284 2781 5356 quia
2809 5289 2865 5340 et
2909 5284 3120 5339 futuris
3172 5281 3678 5355 contemptoribus
3730 5280 3917 5353 legem
3948 5281 4132 5338 dedit.
4164 5287 4300 5339 Jam

2641 5389 2774 5430 vero
2826 5374 2956 5430 ideo
3014 5372 3430 5445 improvidum,
3473 5372 3627 5444 quod
3680 5369 3901 5442 aliquid
3954 5371 4301 5446 interroget,

2642 5480 2746 5520 nec
2794 5463 3094 5520 hominem
3144 5461 3424 5531 dicerent,
3474 5461 3535 5516 in
3587 5477 3837 5532 quorum
3887 5459 4057 5518 libris
4113 5462 4304 5519 multa

2644 5569 2757 5610 non
2791 5555 2862 5609 ob
2914 5553 3073 5609 aliud
3120 5552 3579 5624 interrogantur,
3613 5550 3725 5606 nisi
3775 5554 3840 5605 ut
3871 5549 3994 5607 suis
4046 5550 4303 5625 quisque

2706 5704 2723 5738 ι
2755 5698 2913 5760 Editi,
2924 5697 3059 5747 idem
3077 5694 3502 5760 intelligentibus;
3534 5694 3733 5760 omissa
3752 5696 3987 5760 negante
4008 5694 4293 5760 particula.

2705 5766 2728 5801 ²
2752 5765 2856 5821 En,
2892 5756 3127 5828 quemsi
3155 5756 3304 5807 Ιιοιῑιο
3335 5756 3648 5823 sequeretur.
3689 5756 3879 5810 Helius
3924 5756 4106 5811 elateri
4149 5758 4290 5819 libri,

2643 5843 2797 5899 quam
2819 5840 2839 5890 ;
2868 5821 3084 5883 scilicet,
3113 5821 3306 5886 legem.
