4462 6460
375 319 491 376 413

376 448 652 516 colimus,
678 449 775 520 qui
800 466 953 505 unus
975 452 1030 505 et
1048 466 1218 504 verus
1241 452 1367 519 est;
1399 450 1498 505 sed
1527 449 1758 520 qualem
1793 467 1899 506 nos
1923 467 2024 506 co-

376 537 492 593 lere
516 538 732 605 dicitis,
763 539 861 610 qui
884 539 1091 593 vestris
1113 538 1197 593 vel
1219 538 1533 595 calumniis
1556 538 1638 594 vel
1671 539 2019 610 suspicioni-

377 628 489 682 bus
515 628 688 683 fictus
710 633 824 683 est:
846 645 1040 683 nonne
1061 628 1233 683 etiam
1253 627 1359 682 iste
1379 629 1674 683 meliorem
1694 628 1830 683 colit
1847 647 2026 700 quam

376 734 479 772 vos
496 716 523 771 ?
542 717 744 780 Quaeso
768 717 947 784 enim,
973 717 1250 772 advertite
1271 722 1327 772 et
1348 717 1807 789 qualescumque
1828 718 2027 775 oculos

377 805 601 877 aperite
627 822 641 860 :
670 821 859 877 neque
889 806 1045 860 enim
1077 822 1226 877 opus
1257 811 1344 861 est
1378 823 1587 878 magno
1638 807 1907 863 acumine
1934 808 2027 863 in-

376 896 558 967 genii,
581 900 645 950 ut
661 895 770 950 hoc
783 896 936 966 quod
952 896 1166 963 dicam,
1181 896 1427 968 perspici
1445 896 1655 968 possit;
1673 914 1876 953 omnes
1891 915 2027 970 pru-

379 985 590 1040 dentes
620 984 1141 1056 imprudentesque
1175 984 1440 1057 appello:
1475 986 1691 1052 audite,
1729 986 2025 1055 advertite,

370 1074 660 1144 judicate.
686 1073 913 1137 Quanto
936 1073 1092 1129 enim
1118 1073 1330 1130 melius
1354 1075 1497 1130 deus
1516 1079 1703 1130 vester
1718 1091 1785 1129 ex
1802 1077 2027 1130 aeterni-

379 1168 502 1219 tate
524 1167 793 1219 versatus
811 1167 965 1218 esset
984 1165 1040 1218 in
1060 1163 1338 1231 tenebris,
1361 1180 1536 1235 quam
1555 1167 1897 1219 cozeternam
1919 1165 2029 1221 sibi

379 1257 436 1307 et
458 1257 770 1325 cognatam
802 1251 993 1308 lucem
1028 1252 1329 1308 mersisset
1360 1252 1418 1307 in
1451 1253 1724 1308 tenebras
1746 1253 1772 1307 ?
1804 1254 2029 1318 Quanto

378 1342 596 1397 melius
620 1346 879 1397 exortam
903 1341 1015 1398 sibi
1038 1359 1248 1398 novam
1266 1342 1453 1398 lucem
1476 1343 1544 1396 ad
1567 1343 1852 1414 fugandas
1870 1347 2029 1399 tene-

379 1431 520 1486 bras
552 1432 800 1487 miratus
831 1431 1118 1499 laudaret,
1152 1448 1327 1503 quam
1356 1431 1648 1486 irruentes
1672 1431 1783 1486 sibi
1808 1437 2030 1488 veteres

378 1521 658 1576 tenebras
691 1521 803 1576 nisi
862 1539 970 1577 sua
1026 1520 1149 1576 luce
1199 1522 1634 1591 contenebrata,
1668 1521 1882 1578 evitare
1914 1539 2029 1577 non

380 1610 626 1680 posset?
650 1610 878 1676 Infelix,
904 1610 951 1666 si
978 1611 1352 1683 perturbatus
1378 1628 1391 1678 ;
1417 1609 1692 1676 crudelis,
1715 1611 1764 1666 si
1789 1627 2032 1668 securus

379 1698 494 1754 hoc
522 1699 674 1754 fecit.
699 1699 905 1755 Melius
929 1699 1086 1754 enim
1112 1705 1265 1754 certe
1288 1716 1317 1753 a
1342 1715 1402 1754 se
1428 1699 1638 1755 factam
1663 1698 1850 1754 lucem
1874 1699 2031 1755 vide-

379 1793 490 1857 ret,
517 1801 573 1843 et
597 1789 911 1843 miraretur
933 1788 1147 1843 bonam
1165 1791 1204 1854 ι,
1231 1804 1405 1858 quam
1424 1805 1458 1842 a
1475 1804 1535 1843 se
1551 1789 1800 1858 genitam
1821 1790 2034 1844 faceret

381 1876 601 1931 malam
635 1893 647 1933 :
671 1894 797 1948 quae
822 1878 905 1932 sic
931 1877 1004 1932 ab
1027 1893 1092 1932 eo
1118 1876 1328 1947 repulit
1349 1877 1619 1932 tenebras
1651 1877 1940 1946 inimicas,
1969 1882 2033 1934 ut

379 1967 432 2022 ei
458 1966 625 2021 fieret
652 1965 911 2021 inimica.
941 1970 1058 2021 Hoc
1081 1966 1238 2021 enim
1263 1965 1444 2038 culpa
1464 1965 1853 2038 imputabitur
1872 1968 2033 2021 dam-

382 2055 600 2109 nandis
618 2054 674 2109 in
699 2054 870 2128 globo
890 2053 1004 2110 illis
1022 2054 1309 2126 reliquiis,
1334 2056 1700 2125 quod‘errare
1717 2073 1778 2111 se
1799 2074 1828 2110 a
1843 2057 2033 2128 priore

379 2144 581 2199 lucida
600 2161 708 2199 sua
725 2149 932 2199 natura
950 2161 1133 2216 passa:
1151 2148 1309 2211 sunt,
1332 2143 1651 2200 etinimicae
1671 2144 1879 2200 lumini
1897 2164 2032 2202 san-

381 2237 475 2288 cto
499 2233 850 2288 exstiterunt
879 2251 891 2288 :
945 2235 1099 2304 quod
1154 2238 1467 2304 antequam
1517 2234 1601 2289 eis
1628 2235 1931 2304 accideret,
1966 2253 2034 2292 ex

381 2322 732 2388 mternitate,
757 2322 805 2377 si
829 2322 1166 2377 nesciebant
1196 2321 1306 2376 hoc
1337 2322 1447 2378 sibi
1479 2323 1764 2390 futurum,
1788 2329 2033 2380 aeternas

377 2410 731 2483 ignorantiae
762 2411 1031 2466 tenebras
1057 2429 1070 2480 ;
1095 2411 1145 2466 si
1167 2415 1362 2466 autem
1386 2410 1668 2480 sciebant,
1691 2417 1937 2468 aeternas
1960 2414 2032 2468 ti-

383 2500 570 2555 moris
593 2500 863 2556 tenebras
887 2500 1275 2572 patiebantur.
1300 2501 1444 2556 Ecce
1470 2518 1600 2556 vere
1623 2518 1756 2572 pars
1777 2508 1832 2558 et
1853 2504 2030 2558 subs-

379 2590 576 2646 tantia
604 2589 692 2645 dei
725 2590 899 2645 vestri
932 2589 990 2644 in
1022 2590 1146 2646 suis
1177 2591 1431 2646 tenebris
1464 2607 1531 2646 ex
1558 2592 1877 2647 aeternitate
1905 2607 2029 2647 ver-

381 2685 516 2735 sata
548 2683 672 2734 est:
708 2695 813 2734 nec
846 2683 1046 2750 postea
1089 2679 1275 2735 lucem
1309 2696 1516 2735 novam
1549 2681 1760 2736 mirata
1787 2686 1895 2749 est,
1929 2683 2030 2739 sed

382 2769 535 2825 alias
558 2770 826 2824 tenebras
849 2768 1125 2838 alienas”,
1148 2786 1293 2840 quas
1311 2769 1816 2840 sempertimebat,
1836 2770 2030 2826 incur-

382 2859 478 2914 rit.
515 2859 690 2913 Porro
717 2859 840 2930 ipse
872 2863 1043 2928 Deus,
1080 2860 1249 2929 cujus
1281 2857 1380 2913 illa
1418 2876 1553 2929 pars
1585 2864 1731 2926 erat,
1762 2860 1810 2914 si
1843 2861 2031 2916 eidem

380 2947 536 3019 parti
573 2964 690 3002 sum
740 2947 1002 3000 futurum
1052 2951 1280 3001 tantum
1332 2947 1554 3002 malum
1587 2948 1827 3013 tinebat,
1856 2950 2031 3005 etiam

378 3037 583 3108 ipsum
610 3040 1033 3108 occupaverant
1052 3037 1282 3092 timoris
1309 3037 1556 3092 tenebrae
1587 3056 1599 3093 :
1627 3038 1674 3092 si
1699 3043 1890 3094 autem
1924 3039 2033 3095 hoc

377 3126 653 3180 futurum
680 3126 994 3192 nesciebat,
1019 3124 1357 3196 ignorantiae
1379 3127 1636 3181 tenebris
1667 3129 1991 3183 cacabatur
2017 3147 2029 3185 :

376 3215 430 3271 si
455 3219 656 3270 autem
679 3213 786 3270 hoc
807 3215 954 3286 parti
979 3231 1095 3270 suae
1117 3215 1377 3270 futurum
1397 3215 1635 3281 sciebat,
1653 3221 1709 3271 et
1727 3233 1840 3271 non
1863 3217 2030 3272 time-

379 3305 506 3372 bat,
536 3305 759 3375 pejores
783 3308 922 3360 sunt
953 3305 1198 3359 tenebrae
1231 3309 1403 3359 tantae
1437 3305 1819 3372 crudelitatis,
1853 3324 2029 3378 quam

373 3393 470 3449 vel
494 3393 833 3466 ignorantize
852 3394 936 3448 vel
953 3394 1182 3449 timoris
1202 3411 1213 3447 :
1237 3410 1423 3465 neque
1441 3394 1595 3448 enim
1615 3395 1866 3451 habebat
1885 3399 2030 3452 deus

374 3489 574 3538 vester
597 3484 748 3554 quod
775 3483 832 3537 in
858 3483 984 3554 ipsa
1005 3499 1199 3551 carne,
1234 3500 1410 3555 quam
1442 3500 1558 3538 non
1589 3501 1623 3539 a
1654 3489 1787 3554 Deo,
1820 3486 1919 3540 sed
1954 3487 2026 3541 ab

377 3572 526 3645 Hyla
545 3573 756 3627 factam
776 3572 1216 3628 dementissime
1231 3573 1484 3639 creditis,
1511 3572 1597 3628 sic
1619 3572 1820 3629 laudat
1841 3580 2025 3646 Apos-

375 3661 560 3728 tolus,
580 3661 639 3716 Si
650 3664 864 3733 patitur
880 3678 1057 3716 unum
1076 3662 1396 3728 membrum,
1417 3664 1826 3734 compatiuntur
1841 3667 2026 3721 omnia

372 3751 625 3806 membra
647 3753 693 3818 (Ι
721 3753 846 3806 Cor.
871 3767 972 3814 xu,
993 3751 1103 3821 26).
1127 3751 1232 3806 Sed
1258 3767 1369 3806 non
1393 3753 1774 3808 accusamus3
1803 3770 1816 3808 :
1852 3770 2024 3823 praes-

291 3869 296 3874 -
372 3841 594 3908 ciebat,
646 3841 910 3905 timebat,
943 3840 1193 3910 dolebat,
1228 3841 1327 3896 sed
1363 3841 1501 3912 quid
1534 3843 1745 3898 faceret
1774 3860 1890 3898 non
1920 3844 2021 3906 ha-

373 3931 573 3984 bebat.
602 3929 663 3985 In
685 3929 777 3984 his
795 3945 930 4001 ergo
949 3946 1067 3984 suae
1086 3930 1331 3985 miseriae
1346 3931 1602 3986 tenebris
1623 3949 1691 3987 ex
1705 3932 2026 3988 aeternitate

379 4024 654 4074 versatus
685 4023 809 4074 est:
844 4035 949 4074 nec
1007 4024 1208 4090 postea
1267 4037 1473 4076 novam
1534 4020 1744 4089 lucem,
1797 4039 1922 4093 qua;
1952 4023 2024 4078 ab

367 4109 477 4164 illo
509 4109 803 4174 tenebras,
837 4109 1083 4181 fugaret,
1117 4109 1362 4164 miratus
1393 4114 1519 4178 est;
1553 4111 1652 4165 sed
1687 4111 1834 4167 alias
1862 4116 2021 4168 tene-

366 4200 534 4263 bras,
569 4214 718 4269 quas
752 4213 980 4268 semper
1029 4198 1247 4264 timuit,
1283 4215 1494 4271 magno
1537 4200 1690 4255 malo
1725 4217 1842 4255 suae
1873 4200 2022 4258 lucis

366 4291 649 4359 expertus
675 4290 781 4341 est.
807 4289 1032 4352 Quanto
1061 4287 1292 4355 melius,
1317 4305 1428 4343 non
1451 4289 1637 4344 dicam
1665 4294 2020 4362 praeceptum

365 4378 541 4432 daret
560 4376 716 4431 sicut
738 4380 911 4440 Deus,
938 4377 1038 4431 sed
1064 4382 1416 4449 praeceptum
1435 4378 1721 4450 acciperet
1742 4380 1895 4434 sicut
1912 4380 2020 4436 ho-

365 4482 504 4532 mo;
530 4467 684 4536 quod
713 4466 866 4521 bono
890 4481 993 4520 suo
1018 4467 1358 4533 custodiret,
1385 4466 1535 4522 malo
1559 4484 1664 4522 suo
1687 4473 2019 4526 contemne-

366 4561 482 4622 ret,
509 4555 571 4609 in
603 4559 852 4626 utroque
883 4559 1076 4610 tamen
1111 4560 1274 4610 motu
1304 4556 1485 4611 animi
1517 4555 1698 4612 libera
1721 4557 2020 4615 voluntate

365 4648 656 4710 uteretur,
677 4642 870 4714 potius
889 4660 1065 4715 quam
1080 4649 1280 4699 contra
1293 4645 1647 4701 voluntatem
1663 4647 1733 4700 ad
1748 4653 2018 4704 contene-

366 4731 665 4788 brandam
688 4731 876 4787 lucem
901 4749 1066 4787 suam
1093 4732 1412 4788 inevitabili
1436 4735 1781 4790 necessitate
1798 4753 2019 4808 preme-

364 4827 536 4878 retur
554 4820 581 4876 ?
605 4821 750 4878 Nam
771 4820 918 4877 illud
942 4821 1125 4878 multo
1149 4822 1348 4894 utique
1373 4822 1581 4879 melius
1600 4829 1772 4895 esset,
1793 4830 1856 4880 ut
1872 4844 2018 4898 prae-

363 4915 610 4984 ceptum
624 4910 1070 4968 darethumanae
1086 4917 1302 4967 naturae
1315 4929 1492 4983 quam
1509 4921 1876 4985 peccaturam
1891 4933 2020 4993 esse

364 4999 645 5067 nesciret,
673 5017 848 5072 quam
872 5004 1142 5056 naturam
1168 5017 1338 5057 suam
1362 5001 1618 5058 divinam
1634 5005 1654 5038 ⁴
1677 5004 2018 5061 necessitate

361 5106 611 5162 pressus
639 5105 878 5161 peccare
899 5089 1291 5163 compelleret.
1315 5090 1611 5164 Evigilate,
1636 5097 1691 5148 et
1715 5093 1887 5150 dicite
1910 5111 2018 5150 no-

361 5180 462 5235 bis
485 5179 781 5250 quomodo
805 5179 1018 5235 vincit‘
1035 5181 1328 5247 tenebras,
1353 5198 1525 5254 quem
1557 5183 1736 5238 vincit
1770 5185 2019 5240 necessi-

361 5275 479 5324 tas.
511 5269 638 5323 Haac
660 5269 786 5338 jam
820 5274 942 5324 erat
973 5270 1127 5341 apud
1161 5268 1328 5325 illum
1379 5269 1562 5325 hostis
1598 5275 1807 5343 major,
1836 5290 1871 5328 a
1901 5291 2018 5345 qua

429 5369 446 5400 ι
486 5365 708 5428 Aliquot
738 5367 859 5414 Mss.
886 5366 1045 5415 lucem
1065 5366 1239 5416 videns
1258 5367 1539 5416 miraretur
1560 5368 1760 5419 bonam.
1781 5371 2018 5421 Nonnul-

357 5430 418 5488 li,
453 5429 618 5476 lucem
649 5429 842 5477 videret
873 5428 1096 5491 bonam;
1126 5431 1340 5488 omisso,
1364 5435 1412 5478 et
1440 5432 1734 5482 miraretur.
1807 5468 1811 5472 -

429 5491 452 5524 ²
478 5490 605 5540 Sola
635 5490 745 5540 fere
778 5491 942 5540 editio
975 5493 1123 5542 Lov..
1145 5493 1460 5542 alienasque.

430 5506 452 5524 ι
478 5506 605 5540 bona
635 5506 745 5540 rere
778 5506 942 5540 samo
975 5506 1123 5550 LOV.,
1145 5506 1460 5556 alienasque.

427 5555 450 5589 ³
485 5554 674 5602 Plures
705 5555 850 5615 Mss.,
872 5553 965 5602 sed
992 5569 1093 5604 non
1116 5569 1426 5606 accusemus.

425 5617 650 5730 ‘Sfﬁitio
682 5617 830 5677 Lov.,
863 5617 1060 5668 divina.
1097 5617 1395 5682 Castigatur
1420 5632 1484 5669 ex
1532 5619 1858 5672 editionibus
1902 5621 2015 5673 aliis

366 5684 690 5808 “33?un
716 5742 844 5795 Mss.
875 5741 980 5795 hoc
1002 5745 1055 5795 et
1095 5743 1341 5809 proximo
1368 5744 1505 5810 loco,
1535 5745 1673 5796 vicit.

1495 317 1729 377 LIBER
1771 318 2192 382 VIGESIMUS
2243 321 2674 384 SECUNDUS.

3664 326 3783 383 414

2145 451 2331 508 victus
2352 455 2618 524 etjussus
2636 471 2768 510 cum
2783 455 3005 512 minore
3019 455 3315 527 pugnavit.
3331 456 3555 518 Quanto
3570 455 3779 512 melius

2138 542 2387 598 nesciret
2404 544 2558 614 quod
2577 544 2648 598 ab
2666 546 2792 615 ejus
2815 546 2955 600 facie
2976 546 3218 617 fugisset
3235 547 3434 611 Adam,
3452 561 3627 616 quam
3654 546 3779 617 ipse

2135 631 2322 703 primo
2348 649 2381 686 a
2411 633 2553 688 facie
2581 634 2737 688 durae
2771 651 2835 689 ac
2867 635 3002 688 dira:
3036 635 3419 700 necessitatis,
3443 639 3499 689 et
3523 640 3723 706 postea
3747 653 3778 691 a

2136 721 2279 776 facie
2310 722 2548 778 diversae
2579 727 2750 794 atque
2783 724 3033 778 adversa:
3064 724 3250 794 gentis
3273 741 3387 795 quo
3417 725 3637 796 fugeret
3660 742 3774 779 non

2136 809 2421 866 haberet?
2448 812 2689 876 Quando
2723 812 2932 868 melius
2957 817 3174 867 natura:
3198 813 3470 868 humanae
3493 813 3776 868 invideret

2135 900 2312 954 vitam
2335 901 2586 964 beatam,
2603 919 2778 973 quam
2796 908 3064 956 naturam
3083 903 3336 956 divinam
3354 901 3583 957 daretin
3605 903 3780 958 mise-

2138 989 3033 1064 riam:desideraretsanguinem
3051 996 3105 1046 et
3117 992 3345 1062 adipem
3363 992 3780 1046 sacrificiorum

2138 1078 2351 1151 potius,
2386 1096 2562 1151 quam
2612 1080 2736 1151 ipse
2779 1080 2949 1135 toties
2981 1081 3154 1135 etiam
3204 1080 3374 1134 idolis
3408 1086 3778 1145 mactaretur,

2138 1167 2359 1222 mixtus
2383 1167 2540 1239 adipi
2561 1171 2617 1222 et
2637 1167 2909 1239 sanguini
2941 1167 3203 1223 omnium
3226 1167 3631 1234 victimarum;
3658 1183 3783 1237 per-

2137 1257 2475 1312 turbaretur
2496 1256 2638 1326 zelo,
2663 1257 2714 1312 si
2740 1256 2838 1311 illa
2861 1256 3148 1312 sacriﬁcia
3166 1261 3221 1311 et
3239 1255 3351 1310 diis
3369 1255 3497 1310 aliis
3517 1256 3790 1310 offerren-

2137 1349 2254 1411 tur,
2279 1345 2470 1417 potius
2493 1363 2669 1418 quam
2695 1347 2819 1418 ipse
2840 1346 3076 1418 ligatus,
3099 1363 3210 1401 non
3231 1344 3417 1400 solum
3438 1346 3492 1398 in
3514 1343 3785 1399 omnibus

2140 1434 2484 1502 fructibus‘,
2515 1451 2718 1490 verum
2751 1435 2928 1490 etiam
2959 1434 3017 1488 in
3051 1434 3325 1489 omnibus
3357 1432 3652 1497 carnibus,
3688 1450 3787 1504 per

2140 1539 2343 1578 omnes
2364 1541 2516 1593 aras,
2536 1525 2811 1579 omnibus
2829 1523 3190 1579 daemonibus
3209 1523 3783 1586 olferretur?Quanto

2140 1612 2352 1668 melius
2375 1613 2462 1668 vel
2482 1613 2740 1668 humana
2755 1614 3153 1686 indignatione
3171 1617 3498 1667 commotus
3517 1629 3579 1666 ac
3597 1612 3782 1666 turbi-

2140 1703 2253 1756 dus
2275 1701 2650 1772 peccantibus
2673 1706 2730 1756 et
2754 1702 2877 1756 suis
2904 1707 2959 1756 et
2982 1702 3184 1756 alienis
3209 1702 3578 1764 irasceretur,
3607 1717 3784 1771 quam

2139 1789 2265 1862 ipse
2279 1807 2391 1846 non
2408 1789 2598 1845 solum
2614 1791 2671 1844 in
2688 1790 2980 1860 omnibus,
2999 1790 3407 1860 irascentibus,
3423 1790 3523 1844 sed
3539 1789 3710 1844 etiam
3726 1789 3784 1844 in

2139 1879 2415 1934 omnibus
2445 1879 3153 1946 timentibusturbaretur,
3186 1879 3242 1932 in
3259 1879 3632 1950 peccantibus
3660 1896 3782 1933 om-

2140 1968 2314 2022 nibus
2329 1968 2826 2039 ooinquinaretur,
2853 1969 2911 2022 in
2936 1968 3226 2022 damnatis
3249 1968 3523 2022 omnibus
3549 1967 3785 2037 punire-

2138 2057 2478 2128 tur;ubique
2491 2057 2704 2129 ligatus
2718 2075 2785 2113 ex
2798 2057 2895 2112 illa
2908 2075 3014 2111 sua
3028 2062 3391 2129 parte,quam
3407 2057 3476 2110 ad
3493 2057 3604 2111 tale
3619 2058 3789 2111 dede-

2147 2163 2250 2201 cus
2271 2147 2635 2201 innocentem
2658 2145 2782 2218 ipse
2801 2147 3116 2209 damnavit,
3138 2151 3320 2217 utper
3349 2145 3508 2200 illam
3535 2145 3790 2200 vinceret

2140 2236 2294 2307 quod
2314 2235 2578 2299 timebat;
2601 2234 2776 2289 etiam
2790 2234 2914 2306 ipse
2928 2235 3036 2289 sub
3053 2240 3169 2289 tam
3184 2234 3425 2289 exitiosa
3438 2233 3784 2289 necessitate

2140 2325 2476 2390 damnatus,
2494 2329 2558 2379 ut
2575 2324 2624 2380 ei
2644 2324 2918 2378 damnata
2934 2341 3068 2394 pars
3087 2325 3213 2394 ejus
3233 2328 3427 2394 posset
3461 2323 3782 2394 ignoscere,

2139 2411 2187 2467 si
2212 2429 2344 2467 cum
2359 2414 2484 2482 jam
2511 2412 2688 2468 miser
2711 2413 2807 2480 sit,
2832 2412 2918 2468 vel
2942 2412 3182 2468 humilis
3200 2412 3570 2467 esset?Nunc
3584 2417 3780 2466 autem

2139 2502 2273 2573 quis
2298 2503 2442 2556 ferat
2465 2502 2806 2571 reprehendi
2833 2520 2864 2556 a
2884 2502 3048 2556 vobis
3075 2502 3258 2556 Deum
3281 2502 3627 2556 irascentem
3654 2501 3780 2556 suis

2138 2589 2459 2660 alienisque
2509 2591 2904 2661 peccantibus,
2956 2607 3090 2646 cum
3130 2591 3274 2645 deus
3323 2607 3498 2661 quem
3531 2589 3780 2662 ﬁngitis,

2139 2680 2404 2734 membra
2416 2696 2543 2749 sua,
2560 2696 2686 2751 quas
2701 2686 2933 2735 coactus
2948 2680 3136 2752 coegit
3148 2680 3231 2734 ire
3247 2681 3300 2733 in
3318 2679 3512 2734 fauces
3533 2679 3773 2750 peccati,

2139 2773 2340 2840 postea
2361 2771 2600 2823 damnet
2621 2769 2679 2824 in
2709 2769 2878 2841 globo
2900 2769 2926 2822 ?
2957 2769 3117 2832 Quod
3151 2769 3388 2839 quidem
3422 2785 3554 2824 cum
3589 2768 3779 2837 faciet,

2139 2862 2205 2912 ut
2235 2858 2450 2923 dicitis,
2483 2858 2631 2914 iram
2665 2876 2779 2914 non
2813 2858 3070 2914 habebit.
3105 2859 3210 2912 Sed
3245 2858 3423 2912 miror
3453 2858 3502 2912 si
3534 2858 3781 2913 frontem

2139 2947 2377 3002 habebit
2407 2948 2706 3003 inferendo
2739 2949 2796 3002 in
2825 2965 2923 3004 eos
2958 2949 3124 3019 quasi
3148 2947 3485 3017 vindictam,
3511 2965 3543 3002 a
3567 2948 3783 3018 quibus

2140 3040 2333 3108 petere
2356 3037 2590 3091 deberet
2606 3038 2832 3092 veniam
2847 3080 2860 3103 ,
2879 3042 2934 3093 et
2950 3038 3138 3092 dicere
3156 3056 3167 3093 :
3186 3037 3456 3105 Obsecro,
3477 3037 3780 3109 ignoscite,

2139 3127 2404 3180 membra
2435 3143 2563 3181 mea
2594 3127 2772 3193 estis;
2807 3127 3042 3197 quando
3073 3143 3178 3198 ego
3220 3126 3277 3180 in
3323 3143 3423 3181 vos
3455 3126 3631 3192 istud,
3667 3126 3780 3182 nisi

2138 3215 2324 3269 victus
2348 3215 2711 3281 necessitate,
2737 3217 2919 3271 facere
2935 3233 3165 3287 possem
3182 3217 3205 3270 ?
3224 3215 3396 3271 Scitis
3409 3221 3464 3270 et
3482 3232 3603 3281 vos,
3625 3217 3777 3288 quod

2137 3307 2280 3359 tunc
2302 3306 2536 3375 quando
2559 3322 2658 3359 vos
2683 3305 2798 3359 huc
2828 3305 2983 3369 misi,
3007 3305 3334 3359 horrendus
3355 3305 3544 3359 hostis
3567 3323 3778 3376 erupe-

2138 3398 2266 3448 rat:
2293 3394 2446 3463 quod
2473 3398 2669 3448 autem
2697 3410 2850 3448 nunc
2877 3411 2976 3449 vos
3010 3394 3102 3449 hic
3132 3393 3313 3465 illigo,
3344 3392 3520 3448 timeo
3553 3411 3623 3448 ne
3653 3409 3780 3448 rur-

2139 3498 2241 3537 sus
2263 3485 2553 3553 erumpat.
2578 3482 2702 3536 Jam
2725 3487 2875 3537 certe
2897 3483 3072 3538 etiam
3104 3483 3248 3537 illud
3283 3483 3567 3548 fatemini,
3601 3482 3782 3538 multo

2138 3570 2350 3626 melius
2372 3587 2498 3626 esse
2520 3571 2825 3626 hominum
2841 3571 3108 3627 milliaob
3125 3572 3346 3625 nullam
3361 3571 3444 3626 vel
3462 3571 3640 3626 levem
3657 3573 3780 3626 cul-

2135 3677 2270 3732 pam
2285 3660 2592 3732 temporali
2611 3666 2793 3715 morte
2815 3661 3153 3727 interficere,
3171 3678 3347 3732 quam
3369 3662 3629 3714 membra
3646 3678 3773 3728 sua,

2135 3751 2192 3805 id
2213 3755 2302 3805 est
2321 3750 2580 3804 membra
2597 3750 2718 3817 Dei,
2743 3750 3128 3805 substantiam
3150 3749 3272 3816 Dei,
3295 3755 3349 3804 et
3372 3749 3539 3820 plane
3564 3750 3772 3818 Deum,

2136 3839 2264 3894 etin
2292 3838 2508 3910 peccati
2526 3837 2859 3910 voraginem
2895 3839 3130 3908 tradere,
3166 3844 3221 3893 et
3254 3855 3433 3910 poena:
3466 3840 3778 3910 sempiter-

2135 3945 2221 3984 na:
2254 3928 2620 3999 colligatione
2651 3929 2948 3984 damnare.
2983 3929 3036 3981 Si
3071 3929 3228 3983 enim
3260 3933 3415 3983 esset
3445 3927 3561 3982 illis
3593 3945 3774 3982 mem-

2131 4017 2255 4072 bris
2278 4018 2554 4088 peccandi
2575 4017 2659 4072 vel
2687 4035 2799 4072 non
2833 4019 3109 4089 peccandi
3139 4017 3390 4073 liberum
3421 4017 3726 4072 arbitrium
3760 4035 3770 4071 :

2134 4123 2472 4180 quanquam
2505 4107 2575 4162 de
2606 4106 2942 4162 substantia
2976 4107 3092 4174 Dei,
3129 4124 3251 4175 quae
3281 4122 3412 4161 vere
3443 4106 3772 4161 substantia

2129 4195 2229 4251 Dei
2257 4201 2363 4262 est,
2396 4213 2461 4251 ac
2493 4212 2593 4268 per
2623 4195 2732 4251 hoc
2764 4196 3001 4252 omnino
3023 4194 3542 4262 incommutabilis,
3567 4212 3770 4267 quem-

2130 4285 2449 4340 admodum
2483 4285 2590 4340 hoc
2638 4285 2886 4354 dicatur,
2940 4303 3054 4340 non
3085 4284 3394 4340 invenitur.
3429 4285 3582 4340 Deus
3613 4284 3768 4339 enim

2130 4375 2368 4430 omnino
2403 4390 2641 4446 peccare
2673 4391 2786 4430 non
2824 4379 3030 4446 potest,
3064 4375 3214 4429 sicut
3240 4391 3450 4446 negare
3481 4391 3543 4428 se
3572 4374 3770 4444 ipsum

2130 4481 2242 4520 non
2268 4468 2460 4536 potest
2482 4465 2552 4536 (lI
2580 4466 2712 4520 Tim.
2741 4482 2802 4531 ιι,
2836 4466 2918 4534 13)
2949 4482 2960 4518 :
2993 4465 3166 4520 homo
3199 4469 3388 4519 autem
3426 4469 3616 4537 potest
3641 4481 3770 4536 pec-

2129 4570 2278 4619 care,
2305 4558 2362 4608 et
2382 4554 2563 4608 Deum
2590 4570 2799 4625 negare
2822 4571 2834 4622 ;
2856 4555 2953 4608 sed
2983 4554 3029 4608 si
3059 4554 3219 4622 nolit,
3245 4571 3359 4608 non
3387 4554 3548 4609 facit:
3570 4553 3618 4609 si
3636 4570 3770 4625 ergo

2128 4642 2257 4698 istis
2281 4642 2558 4697 membris
2582 4643 2672 4697 dei
2696 4646 2891 4710 vestri,
2917 4642 3074 4697 velut
3089 4644 3297 4697 animae
3317 4641 3584 4697 humanae
3600 4659 3664 4697 ac
3681 4659 3769 4697 ra-

2126 4731 2351 4800 tionali,
2377 4737 2550 4800 esset,
2577 4736 2639 4786 ut
2661 4731 2798 4798 dixi,
2826 4731 3103 4803 peccandi
3134 4733 3220 4787 vel
3255 4749 3370 4787 non
3401 4731 3678 4803 peccandi
3700 4730 3769 4785 li-

2126 4821 2329 4876 berum
2353 4820 2669 4875 voluntatis
2690 4822 3021 4888 arbitrium,
3046 4825 3199 4876 recte
3232 4821 3478 4876 fortasse
3510 4838 3610 4891 pro
3640 4837 3767 4890 gra-

2123 4909 2294 4966 vibus
2327 4910 2671 4964 criminibus
2705 4909 2802 4964 illo
2830 4910 2983 4982 globi
3017 4909 3302 4982 supplicio
3336 4909 3760 4982 plecterentur:

2126 5015 2282 5054 nunc
2298 5002 2488 5054 autem
2515 4999 2844 5054 libertatem
2858 4999 3174 5054 voluntatis
3191 4998 3317 5054 illas
3338 4997 3649 5070 particulas
3667 4997 3768 5052 ha«

2124 5087 2347 5158 buisse,
2379 5088 2570 5143 dicere
2605 5104 2720 5143 non
2752 5088 3016 5159 potestis,
3050 5103 3229 5159 quam
3278 5091 3438 5142 totus
3470 5088 3612 5141 deus
3642 5085 3764 5157 ipse

2125 5194 2241 5232 non
2273 5176 2516 5231 habuit:
2551 5178 2690 5248 quia
2721 5177 2770 5232 si
2802 5194 2898 5232 eas
2935 5195 3048 5231 non
3081 5178 3336 5232 mitteret
3358 5176 3416 5230 in
3441 5181 3763 5247 peccatum,

2123 5269 2283 5322 totus
2297 5283 2329 5320 a
2341 5267 2883 5338 tenebrarumgente
2902 5283 3174 5338 pervasus
3189 5282 3423 5337 peccare
3438 5270 3760 5336 cogeretur:

2123 5356 2278 5427 quod
2302 5356 2350 5411 si
2375 5356 2497 5428 cogi
2525 5373 2636 5410 non
2661 5359 2920 5427 possent,
2947 5355 3220 5424 peccavit,
3246 5371 3374 5408 cum
3400 5369 3498 5408 eas
3521 5370 3585 5409 eo
3601 5353 3763 5410 misit

2123 5445 2223 5500 ubi
2243 5446 2368 5518 cogi
2396 5450 2632 5518 possent
2657 5463 2670 5513 ;
2696 5449 2753 5500 et
2772 5445 2901 5499 ideo
2927 5444 3112 5515 magis
3135 5444 3257 5514 ipse
3279 5443 3376 5498 illo
3398 5443 3554 5499 velut
3575 5443 3760 5515 parri-

2123 5533 2295 5592 cidali
2309 5534 2470 5592 culeo
2484 5535 2716 5606 dignus,
2732 5535 2830 5606 qui
2844 5533 2950 5589 hoc
2965 5532 3288 5589 fecitlibsro
3304 5533 3756 5607 imperio,quam

2185 5750 2204 5788 ί
2234 5748 2349 5802 Am.
2382 5751 2435 5802 et
2459 5747 2544 5801 Er.
2576 5750 2628 5800 et
2653 5746 2836 5814 plures
2863 5745 3008 5808 καθ..
3035 5745 3300 5812 frugibus.
