4462 6508
866 395 983 456 415

868 526 978 582 illa
994 545 1118 599 quae
1133 530 1325 584 obtem
1337 533 1588 601 perando
1605 532 1661 586 ill
1674 550 1740 587 uc
1760 534 1972 595 ierunt,
1995 532 2093 587 ubi
2114 537 2265 587 recte
2283 531 2512 585 vivendi

871 617 1173 672 arbitrium
1194 618 1440 674 liberum
1466 622 1864 690 perdiderunt.
1887 623 1946 677 Si
1965 628 2157 676 autem
2179 622 2248 676 ad
2269 637 2512 692 peccan-

872 705 1012 759 dum
1037 712 1093 760 et
1111 708 1482 778 ipseinvasus
1499 717 1671 781 atque
1687 727 1994 782 possessus
2015 710 2138 782 cogi
2163 715 2378 781 posset,
2402 708 2512 763 nisi

872 810 975 864 per
995 812 1112 849 suae
1137 797 1319 867 partis
1344 799 1529 869 primo
1555 801 1864 872 ﬂagitium,
1889 801 2099 855 deinde
2132 799 2509 870 supplicium,

868 883 978 938 sibi
1004 886 1380 955 providisset,
1414 889 1687 960 nullaque
1718 890 1828 944 fuit
1861 891 1917 943 in
1953 892 2058 944 deo
2090 894 2300 959 vestro,
2327 888 2511 942 necin

865 973 994 1042 ejus
1019 975 1284 1044 partibus
1306 977 1491 1033 libera
1507 979 1775 1034 voluntas
1793 997 1805 1044 ;
1823 996 1937 1033 non
1956 996 2017 1034 se
2033 979 2506 1049 ﬁngatjudicem,

865 1063 965 1116 sed
1001 1071 1275 1134 agnoscat
1308 1083 1470 1121 reum
1499 1087 1512 1134 ;
1549 1086 1652 1123 nec
1683 1070 1821 1139 quia
1851 1085 2059 1139 passus
2096 1073 2183 1121 est
2215 1066 2369 1138 quod
2404 1081 2511 1120 no-

864 1148 1043 1216 lebat,
1069 1154 1166 1208 sed
1195 1155 1329 1224 quia
1351 1172 1412 1210 se
1435 1156 1850 1226 simulatjusta
1870 1156 2507 1226 retribuere,damnan-

867 1239 941 1293 do
966 1257 1063 1296 eos
1091 1258 1237 1312 quos
1263 1244 1420 1298 novit
1444 1244 1661 1299 malum
1685 1262 1888 1316 passos
1920 1262 2045 1300 esse
2079 1244 2291 1316 potius,
2327 1258 2504 1314 quam

869 1330 1107 1384 fecisse:
1138 1333 1287 1402 quod
1313 1334 1383 1387 ad
1409 1334 1514 1388 hoc
1535 1340 1759 1389 tantum
1778 1334 2037 1399 simulat,
2059 1350 2128 1388 ne
2147 1333 2330 1388 victus
2349 1333 2505 1386 inve-

870 1420 1092 1486 niatur;
1115 1423 1281 1490 quasi
1301 1422 1520 1493 aliquid
1545 1425 1724 1494 prosit
1744 1423 1916 1479 alicui
1937 1425 2170 1488 misero,
2189 1421 2238 1476 si
2257 1421 2391 1476 felix
2411 1424 2511 1474 aut

869 1507 1203 1563 fortunatus
1216 1516 1468 1566 vocetur.
1485 1513 1840 1584 Nempejam
1861 1519 1916 1568 et
1933 1514 2040 1569 hoc
2061 1513 2270 1567 melius
2289 1516 2431 1580 erat,
2447 1513 2512 1564 ut

866 1595 1010 1651 deus
1041 1604 1225 1653 vester
1256 1599 1380 1655 sine
1411 1601 1530 1656 ullo
1561 1603 1854 1674 aequitatis
1887 1603 2150 1657 examine
2172 1600 2510 1656 hominibus

862 1699 965 1739 nec
987 1685 1162 1756 justis
1187 1705 1291 1744 nec
1315 1692 1716 1760 peccatoribus
1739 1698 2002 1763 parceret
2024 1692 2199 1763 (quod
2225 1695 2283 1744 in
2316 1704 2507 1760 repre-

859 1772 1138 1830 hensione
1153 1777 1251 1832 Dei
1268 1781 1448 1833 nostri
1468 1781 1715 1836 Faustus
1730 1782 1875 1836 nihil
1891 1781 2221 1853 intelligens
2237 1779 2509 1835 ultimum

861 1865 1104 1934 posuit),
1132 1884 1307 1935 quam
1332 1869 1388 1923 in
1414 1872 1678 1926 membra
1701 1889 1808 1927 sua
1830 1874 1913 1927 sic
1937 1873 2188 1926 saiviret:
2217 1875 2280 1924 ut
2302 1884 2508 1940 parum

863 1952 937 2007 sit
961 1955 1114 2024 quod
1139 1972 1205 2010 ea
1227 1956 1652 2028 inexpiabiliter
1673 1962 2038 2016 venenanda1
2064 1960 2333 2015 hostibus
2346 1959 2510 2012 obtu-

867 2039 954 2111 lit,
981 2042 1092 2096 nisi
1116 2045 1289 2100 etiam
1317 2047 1461 2103 falso
1485 2051 1727 2104 crimine
1753 2050 2083 2121 iniquitatis
2106 2053 2354 2104 accuset.
2377 2047 2508 2109 Quae

867 2129 996 2185 ideo
1023 2135 1226 2189 merito
1249 2137 1389 2190 dicit
1421 2140 1668 2208 pendere
1700 2145 1818 2194 tam
1853 2141 2107 2195 immane
2140 2156 2204 2194 ac
2237 2140 2362 2193 sine
2397 2137 2509 2190 line

868 2221 1245 2291 supplicium,
1279 2228 1432 2296 quod
1467 2244 1659 2283 errare
1691 2247 1752 2284 se
1782 2247 1815 2284 a
1847 2231 2037 2302 priore
2064 2247 2171 2284 sua
2193 2228 2385 2282 lucida
2405 2243 2504 2281 na-

866 2315 996 2363 tura
1009 2327 1184 2381 passa
1197 2316 1684 2379 sunt,etinimicia
1697 2318 1908 2373 lumini
1924 2324 2123 2374 sancto
2139 2318 2504 2373 exstiterunt.

868 2396 1048 2465 Unde,
1076 2401 1188 2456 nisi
1220 2404 1376 2472 quia,
1412 2410 1475 2459 ut
1504 2405 1627 2477 ipse
1658 2408 1818 2473 dicit,
1853 2409 1934 2463 ita
1966 2413 2131 2463 erant
2161 2409 2508 2461 inviscerata

865 2486 1067 2556 primae
1091 2491 1348 2546 aviditati
1369 2493 1700 2565 principum
1724 2499 2118 2564 tenebrarum,
2143 2502 2204 2551 ut
2221 2495 2506 2567 originem

867 2593 1035 2631 suam
1087 2581 1356 2645 recolere,
1407 2599 1584 2654 seque
1612 2586 1683 2639 ab
1718 2587 1910 2642 hostili
1942 2593 2150 2642 natura
2180 2587 2508 2640 discernere

869 2680 982 2718 non
1001 2666 1299 2724 valerent?
1315 2672 1458 2741 Ergo
1474 2674 1680 2728 anima:
1698 2674 2035 2745 hujusmodi
2053 2676 2195 2730 nihil
2218 2673 2352 2728 mali
2368 2673 2506 2744 ipsae

868 2756 1148 2824 fecerunt,
1182 2761 1281 2814 sed
1317 2762 1653 2818 innocentes
1683 2769 1910 2820 tantum
1967 2767 2187 2820 malum
2223 2782 2505 2838 perpessae

869 2851 1027 2901 sunt.
1052 2848 1172 2911 Quo
1196 2849 1460 2919 faciente,
1485 2851 1596 2907 nisi
1619 2852 1718 2908 illo
1744 2855 2036 2924 primitus,
2073 2856 2171 2925 qui
2206 2861 2268 2910 ut
2299 2874 2332 2911 a
2363 2872 2424 2910 se
2447 2855 2505 2909 in

863 2938 1093 2988 tantum
1111 2935 1331 2991 malum
1353 2941 2355 3014 procederent,imperavit?Pejorem
2371 2961 2506 3015 ergo

864 3030 1108 3092 expertae
1131 3033 1267 3079 sunt
1291 3033 1533 3098 patrem,
1560 3047 1734 3100 quam
1762 3032 2007 3087 hostem.
2033 3034 2202 3088 Pater
2229 3034 2384 3089 enim
2409 3051 2506 3089 eas

866 3111 938 3166 ad
973 3117 1194 3168 tantum
1257 3116 1477 3171 malum
1532 3119 1731 3189 misit;
1767 3121 1952 3176 hostis
1998 3132 2194 3178 autem
2225 3128 2505 3194 tanquam

864 3200 1084 3255 bonum
1108 3206 1406 3275 appetivit,
1441 3207 1682 3279 cupiens
1714 3212 1951 3280 perfrui,
1986 3230 2101 3266 non
2133 3229 2375 3269 nocere:
2410 3213 2508 3268 ille

869 3291 1060 3347 sciens
1085 3295 1302 3359 nocuit,
1327 3296 1423 3350 ille
1447 3299 1734 3354 nesciens.
1757 3301 1864 3354 Sed
1885 3303 2027 3356 deus
2046 3303 2316 3358 infirmus
2335 3309 2507 3375 atque

867 3378 1036 3451 inops
1061 3383 1227 3438 aliter
1249 3385 1356 3439 sibi
1382 3387 1684 3443 consulere
1707 3406 1819 3443 non
1847 3391 2094 3457 valebat,
2122 3393 2282 3464 prius
2306 3395 2505 3448 adver-

864 3485 965 3524 sus
994 3471 1218 3527 hostem
1253 3475 1608 3546 improbum,
1642 3483 1697 3532 et
1730 3484 1860 3550 post
1889 3482 2167 3537 adversus
2189 3483 2505 3539 inclusum.

862 3559 1076 3616 Saltem
1103 3580 1239 3633 ergo
1264 3581 1376 3618 non
1402 3573 1635 3622 accuset
1656 3585 1774 3634 eas,
1801 3587 2049 3640 quarum
2073 3573 2405 3629 obedientia
2422 3579 2510 3628 tu-

860 3654 956 3703 tus
980 3654 1086 3716 est,
1117 3669 1365 3721 quarum
1392 3660 1577 3710 morte
1602 3672 1842 3713 securus
1865 3667 1971 3714 est.
1995 3661 2052 3715 Si
2088 3662 2242 3716 enim
2274 3667 2510 3718 coactus

867 3742 955 3792 est
975 3739 1246 3808 praliari,
1272 3745 1556 3814 numquid
1573 3751 1629 3799 et
1644 3746 1986 3803 calumniari
2001 3749 2183 3805 ?Nam
2201 3753 2436 3822 quando
2452 3770 2513 3808 se

871 3843 1065 3882 errare
1087 3846 1118 3882 a
1142 3831 1331 3900 priore
1353 3848 1460 3887 sua
1481 3833 1676 3889 lucida
1702 3842 1912 3891 natura
1945 3855 2125 3908 passa:
2157 3847 2295 3894 sunt
2323 3846 2379 3896 et
2401 3841 2512 3895 ini-

874 3917 1037 3972 micae
1070 3917 1277 3973 lumini
1313 3926 1515 3976 sancto
1560 3924 1929 3991 exstiterunt,
1968 3928 2036 3982 ad
2071 3928 2178 3983 hoc
2211 3930 2410 4000 utique
2443 3930 2515 3986 ab

873 4004 1040 4061 hoste
1065 4014 1274 4063 coacta
1299 4015 1455 4077 sunt,
1482 4011 1571 4065 cui
1597 4013 1644 4067 si
1665 4014 1933 4070 resistere
1946 4033 2058 4071 non
2076 4017 2404 4091 valuerunt,
2424 4021 2513 4075 in-

876 4102 1151 4152 nocentes
1169 4099 1526 4155 damnantur
1544 4119 1556 4166 ;
1573 4102 1620 4155 si
1644 4109 1839 4158 autem
1861 4107 2301 4173 valuerunt,ncc
2322 4109 2518 4166 voleu-

877 4192 1035 4253 runt,
1069 4188 1208 4259 quid
1242 4190 1433 4244 adhuc
1465 4195 1584 4246 tam
1635 4193 1894 4250 fabulose
1931 4196 2213 4254 inducitis
2246 4206 2517 4258 naturam

877 4275 1038 4340 mali,
1063 4293 1196 4331 cum
1222 4295 1254 4333 a
1276 4279 1512 4350 propria
1535 4281 1832 4338 voluntate
1856 4285 1932 4338 sit
1950 4286 2107 4356 origo
2128 4292 2344 4359 peccati
2361 4292 2518 4348 ‘?Hoc

877 4364 1030 4420 enim
1055 4372 1206 4421 certe
1237 4385 1344 4422 sua
1373 4368 1565 4440 culpa,
1600 4388 1712 4425 non
1749 4373 1797 4425 vi
1828 4374 2018 4429 aliena
2051 4377 2329 4447 fecerunt,
2363 4383 2517 4451 quod

877 4471 1010 4508 cum
1035 4463 1272 4526 possent
1293 4457 1445 4512 malo
1467 4459 1760 4526 resistere,
1786 4463 2114 4521 noluerunt.
2142 4468 2304 4530 Quod
2323 4470 2479 4526 enim
2497 4472 2517 4506 2

879 4545 926 4598 si
959 4545 1233 4613 facerent,
1269 4547 1414 4602 bene
1445 4549 1736 4616 facerent;
1771 4551 1820 4606 si
1865 4559 2058 4608 autem
2093 4573 2206 4611 non
2241 4559 2515 4629 facerent,

876 4634 1127 4704 graviter
1158 4635 1610 4708 immaniterque
1643 4648 1943 4710 peccarent
1964 4660 1982 4695 .·
2021 4645 2068 4698 si
2101 4651 2432 4715 potuerunt,
2464 4655 2520 4705 et

876 4740 990 4778 non
1025 4725 1301 4790 fecerunt,
1338 4727 1540 4796 utique
1570 4729 1904 4784 noluerunt.
1939 4732 1997 4785 Si
2023 4749 2157 4804 ergo
2182 4735 2514 4810 noluerunt,

871 4812 1189 4868 voluntatis
1213 4814 1429 4869 crimen
1459 4822 1564 4885 est,
1594 4834 1706 4871 non
1735 4822 2120 4878 necessitatis.
2146 4827 2189 4877 A
2219 4826 2518 4883 voluntate

873 4901 1054 4972 igitur
1075 4903 1308 4957 initium
1335 4905 1592 4974 peccati:
1628 4907 1782 4961 unde
1804 4915 1997 4963 autem
2022 4911 2250 4968 initium
2277 4917 2514 4987 peccati,

873 4991 1007 5046 inde
1030 4992 1262 5046 initium
1293 4993 1452 5058 mali,
1479 4993 1563 5047 vel
1617 4994 1863 5050 faciendi
1905 5003 2346 5071 contrajustum
2372 5024 2515 5074 prai-

872 5089 1126 5152 ceptum,
1161 5084 1247 5136 vel
1285 5083 1538 5154 patiendi
1588 5087 1911 5141 secundum
1947 5091 2177 5158 justum
2207 5073 2513 5162 judicium.

875 5173 1117 5225 Proinde
1136 5172 1297 5226 nulla
1330 5190 1508 5228 causa
1523 5180 1611 5230 est
1635 5192 1738 5229 cur
1760 5186 2081 5247 qumrentes
2107 5184 2260 5237 unde
2284 5185 2362 5239 sit
2391 5203 2514 5241 ma-

871 5261 1313 5325 lum,irrueritis
1330 5263 1388 5316 in
1409 5263 1588 5333 hujus
1607 5267 1819 5321 erroris
1835 5273 1952 5322 tam
1972 5287 2250 5342 magnum
2266 5275 2511 5344 malum,

875 5356 938 5402 ut
958 5357 1226 5405 naturam
1252 5355 1333 5404 tot
1352 5352 1519 5406 bonis
1538 5354 1955 5424 abundantem,
1979 5366 2245 5415 naturam
2271 5363 2407 5417 mali
2426 5365 2514 5419 di-

872 5439 1077 5494 ceretis
1095 5458 1106 5505 ;
1125 5445 1179 5493 et
1193 5440 1248 5493 in
1271 5445 1480 5495 natura
1496 5444 1713 5498 summi
1734 5444 1866 5500 boni
1889 5451 2020 5502 ante
2035 5451 2512 5510 commixtionem

939 5686 954 5752 ξ
975 5683 1196 5752 Yatican
1202 5697 1262 5732 us
1281 5685 1463 5752 codex,
1488 5686 1692 5752 qnodea
1718 5689 1768 5737 in
1790 5688 2080 5752 expiatione
2099 5691 2180 5738 sui
2197 5696 2509 5746 venenanrla.

935 5747 957 5820 ξ
985 5746 1044 5794 In
1075 5747 1306 5820 editione
1335 5749 1460 5798 Lov.
1487 5746 1791 5820 _'_omissum,
1823 5746 1974 5814 e'm'm,
2025 5757 2077 5805 et
2107 5768 2273 5819 prava
2295 5757 2513 5813 inducta

874 5812 953 5861 est
978 5822 1170 5862 vocum
1198 5812 1576 5876 interpunctio.

1629 401 1936 462 CONTRA
1989 400 2358 462 FAUSTUM
2406 397 2932 472 MANICHAZUM,
2980 398 3045 459 S.
3091 398 3514 460 AUGUSTINI

4167 400 4282 457 416

2624 534 2843 585 natura)
2860 528 3020 597 mali,
3037 530 3393 585 horrendum
3412 530 3777 586 necessitatis
3792 531 3953 586 malu
3966 547 4023 585 m
4041 547 4280 602 ponere-

2626 619 2719 675 tis.
2743 619 2812 673 Et
2834 619 3014 690 hujus
3037 619 3191 674 enim
3220 619 3433 674 erroris
3452 620 3634 674 'vestri
3660 637 3838 674 causa
3870 619 4154 692 superbia
4176 626 4277 684 est,

2623 724 2797 778 quam
2824 724 2937 761 non
2966 707 3280 776 habebitis,
3316 709 3364 764 si
3400 708 3595 762 nolitis
3625 726 3637 763 ε
3669 709 3765 764 sed
3796 726 3898 764 vos
3932 710 4076 764 dum
4112 709 4279 763 vultis

2624 795 2765 850 illud
2793 813 2908 867 quo
2931 796 3209 864 irruistis,
3235 814 3467 868 quoque
3494 798 3665 857 modo
3683 799 4015 868 defendere,
4040 798 4279 852 aufertis

2621 886 2906 956 originem
2931 887 3152 957 peccati
3182 885 3557 941 avoluntatis
3581 887 3847 954 arbitrio,
3882 892 3939 942 et
3970 887 4195 958 ponitis
4229 887 4281 939 in

2620 991 2765 1029 vano
2791 979 2847 1029 et
2867 974 3016 1030 falsa
3038 975 3236 1030 fabula
3255 980 3524 1030 naturam
3553 975 3712 1030 mali.
3741 979 3820 1030 Ac
3843 992 3947 1047 per
3969 975 4082 1030 hoc
4102 981 4282 1030 restat

2621 1066 2686 1118 ut
2707 1063 2913 1118 dicatis
2932 1063 3106 1119 etiam
3125 1063 3252 1120 illas
3269 1064 3495 1119 animas
3511 1065 3565 1119 in
3583 1063 3845 1119 horribili
3860 1064 4034 1136 globo
4051 1070 4271 1119 aeterna

2621 1151 2990 1224 collig‘atione
3014 1153 3400 1223 damnandas,
3427 1170 3542 1208 non
3560 1152 3876 1218 voluntate,
3899 1154 4000 1208 sed
4022 1152 4282 1208 necessi-

2620 1243 2736 1296 tate
2750 1241 3018 1297 inimicas
3031 1241 3240 1297 lumini
3257 1247 3454 1298 sancto
3468 1241 4089 1312 exstitisse;talemque
4108 1241 4284 1296 deum

2620 1331 3148 1401 vestrumjudicem
3169 1332 3560 1399 constituatis,
3581 1332 3736 1403 apud
3752 1346 3928 1402 quem
3944 1331 4093 1386 nihil
4109 1332 4284 1403 prod-

2620 1434 2743 1473 esse
2765 1419 3002 1490 possitis
3024 1420 3127 1491 eis,
3162 1437 3409 1491 quarum
3438 1437 3701 1490 causam,
3735 1420 4148 1476 demonstrata
4179 1437 4278 1475 ne-

2619 1507 2890 1564 cessitate
2911 1509 3255 1576 defenditis;
3281 1515 3335 1564 et
3355 1508 3533 1563 talem
3557 1525 3776 1580 regem,
3800 1526 3966 1580 aquo
3991 1509 4277 1564 fratribus

2618 1597 2848 1664 vestris,
2873 1597 3011 1652 ﬁliis
3035 1603 3092 1653 et
3115 1597 3396 1654 membris
3429 1597 3610 1664 illius,
3647 1615 3898 1669 quorum
3931 1597 4280 1652 inimicitias

2619 1685 2897 1742 adversus
2920 1704 3020 1742 vos
3042 1692 3097 1742 et
3120 1687 3335 1758 ipsum,
3360 1704 3474 1741 non
3494 1687 3812 1754 voluntate,
3835 1687 3935 1742 sed
3956 1687 4280 1742 necessita-

2619 1779 2674 1829 te
2698 1775 2991 1830 exstitisse
3021 1776 3362 1848 perhibetis,
3389 1793 3492 1831 nec
3513 1775 3938 1847 indulgentiam
3962 1775 4283 1847 impetrare

2616 1863 2880 1920 valeatis.
2901 1865 2943 1920 Ο
2976 1865 3474 1920 immanissimam
3499 1864 3898 1919 crudelitatem
3927 1863 3939 1918 I
3973 1865 4088 1920 nisi
4124 1867 4281 1937 quod

2619 1954 2958 2008 convertitis
2971 1971 3070 2009 vos
3085 1955 3152 2009 ad
3171 1955 3357 2026 ipsius
3372 1954 3794 2020 defensionem,
3812 1959 3874 2008 ut
3889 1969 4025 2008 eum
4042 1971 4280 2025 quoque

2619 2041 2732 2096 ista
2749 2044 2900 2112 quod
2924 2043 3268 2098 necessitate
3289 2043 3464 2098 faciat
3486 2043 3796 2098 excusetis.
3823 2043 3882 2098 Si
3906 2059 4043 2114 ergo
4068 2061 4280 2115 posse-

2617 2131 2693 2185 tis
2713 2131 2967 2186 invenire
2988 2131 3528 2202 alterumjudicem,
3552 2131 3652 2202 qui
3669 2131 3814 2187 liber
3829 2131 4056 2186 vinculo
4073 2149 4280 2187 neces-

2617 2219 2806 2275 sitatis
2831 2221 3160 2276 moderator
3182 2222 3455 2276 existeret
3477 2221 3767 2293 aequitatis
3793 2247 3806 2288 ;
3833 2221 4016 2276 istum
4040 2228 4201 2277 certe
4225 2223 4282 2277 in

2618 2309 2716 2364 illo
2741 2309 2912 2382 globo
2937 2327 3050 2365 non
3069 2311 3395 2366 forinsecus
3419 2310 3644 2382 ﬁgeret,
3669 2311 3768 2366 sed
3794 2326 3927 2365 cum
3952 2311 4082 2382 ipso
4110 2313 4284 2366 terri-

2619 2397 2716 2453 bili
2738 2399 2902 2454 hoste
2930 2399 3088 2454 intus
3112 2399 3455 2455 includeret.
3477 2402 3594 2456 Cur
3617 2399 3772 2456 enim
3797 2417 3910 2455 non
3927 2401 4093 2470 juste
4116 2402 4282 2472 prior

2616 2489 2692 2543 sit
2718 2490 2785 2542 ad
2814 2507 3040 2559 pmnam
3067 2490 3484 2556 damnationis,
3509 2489 3608 2561 qui
3634 2489 3793 2560 prior
3821 2494 3906 2544 est
3939 2490 4012 2544 ad
4051 2489 4281 2546 crimen

2616 2578 2981 2632 necessitatis
3005 2578 3031 2632 ?
3055 2580 3280 2643 Quanto
3304 2594 3438 2650 ergo
3463 2578 3675 2634 melius
3698 2577 3988 2649 eligeretis
4013 2579 4192 2634 deum
4214 2582 4276 2633 in

2616 2668 3050 2738 comparatione
3069 2668 3304 2739 pejoris,
3326 2685 3440 2723 non
3460 2666 3694 2739 qualem
3715 2667 3980 2738 colimus,
4002 2669 4106 2723 sed
4130 2686 4280 2741 qua.-

2615 2755 2729 2810 lem
2754 2773 2859 2811 nos
2882 2756 3066 2812 colere
3088 2756 3174 2812 vel
3206 2757 3427 2830 ﬁngitis
3459 2757 3546 2813 vel
3579 2757 3818 2829 putatis,
3851 2757 3951 2828 qui
3984 2757 4118 2814 sine
4151 2757 4276 2815 ullo

2616 2845 2906 2918 aequitatis
2927 2847 3210 2915 examine,
3237 2847 3361 2901 sine
3389 2846 3508 2902 ulla
3528 2846 3902 2903 distinctione
3934 2847 4276 2904 damnatio-

2616 2936 2709 2991 nis
2734 2939 2791 2990 et
2812 2934 3154 3007 disciplinae,
3180 2953 3292 2992 non
3314 2941 3573 3008 parceret
3591 2936 3775 2992 servis
3790 2937 3914 2993 suis
3933 2939 4278 3009 ‘,necjusto

2617 3041 2721 3080 nec
2751 3026 3060 3096 peccatori,
3098 3027 3290 3097 potius
3322 3043 3498 3097 quam
3529 3044 3640 3080 non
3676 3031 3939 3097 parceret
3983 3028 4277 3082 membris

2617 3114 2760 3184 suis,
2786 3113 2874 3169 vel
2897 3114 3329 3183 innocentibus,
3352 3115 3400 3170 si
3421 3115 3741 3171 necessitas
3761 3115 3983 3170 crimen
4003 3133 4127 3172 non
4152 3123 4241 3172 est
4265 3135 4277 3184 ;

2615 3203 2703 3259 vel
2727 3203 2807 3258 illi
2826 3204 3280 3276 obtemperando
3301 3204 3468 3260 factis
3486 3205 3854 3274 nocentibus,
3870 3205 3918 3259 si
3935 3209 3993 3260 et
4013 3206 4277 3262 necessi-

2614 3296 2706 3348 tas
2728 3293 2944 3348 crimen
2968 3298 3056 3348 est
3080 3311 3091 3348 :
3126 3299 3191 3349 ut
3215 3295 3284 3349 ab
3311 3295 3410 3349 illo
3432 3294 3490 3349 in
3513 3301 3795 3350 aeternum
3823 3295 4276 3361 damnarentur,

2616 3399 2750 3437 cum
2774 3399 2887 3453 quo
2910 3382 2997 3437 vel
3019 3382 3200 3438 simul
3234 3382 3473 3452 absolvi,
3509 3384 3559 3438 si
3591 3388 3722 3454 post
3745 3382 4050 3439 victoriam
4087 3386 4279 3456 respi-

2617 3470 3041 3537 raretlibertas,
3057 3471 3141 3527 vel
3159 3472 3333 3527 simul
3349 3472 3613 3526 damnari
3633 3473 3984 3540 debuerunt,
4001 3474 4126 3528 siet
4147 3478 4280 3545 post

2616 3560 2938 3630 victoriam,
2975 3565 3203 3616 tantum
3238 3560 3442 3616 saltem
3477 3561 3692 3616 valeret
3722 3561 4034 3629 necesitas,
4069 3568 4136 3616 ut
4181 3563 4282 3616 alio

2620 3650 2760 3722 quid
2793 3650 3006 3705 valeret
3037 3660 3092 3706 et
3121 3651 3382 3721 aequitas.
3418 3651 3577 3706 Sicut
3606 3655 3800 3706 autem
3829 3652 4026 3720 deum,
4065 3669 4186 3707 non
4212 3652 4279 3706 il-

2620 3738 2742 3794 lum
2767 3755 2970 3794 verum
3003 3744 3060 3795 et
3092 3756 3392 3795 summum
3431 3757 3602 3810 quem
3647 3739 3916 3808 colimus,
3950 3742 4052 3795 sed
4089 3742 4279 3796 alium

2621 3829 2815 3883 nescio
2864 3845 3039 3900 quem
3088 3829 3302 3884 falsum
3352 3829 3705 3901 confingitis,
3741 3846 3912 3900 quem
3947 3845 4055 3885 nos
4086 3829 4283 3885 colere

2622 3916 2707 3972 vel
2740 3918 3105 3973 arbitramini
3139 3923 3222 3974 vel
3256 3918 3718 3987 calumniamini,
3745 3918 3844 3990 qui
3868 3922 4068 3974 tamen
4095 3920 4282 3975 etiam

2622 4005 2747 4076 ipse
2777 4005 2960 4062 multo
2992 4013 3081 4062 est
3107 4007 3314 4063 melior
3344 4009 3448 4063 deo
3481 4013 3668 4063 vestro
3701 4032 3715 4075 ;
3746 4007 3916 4063 ambo
3965 4009 4126 4063 enim
4165 4027 4284 4064 non

2626 4100 2784 4161 sunt,
2819 4101 2874 4151 et
2931 4113 2963 4150 a
3015 4097 3175 4152 vobis
3229 4097 3401 4153 ambo
3451 4097 3793 4169 ﬁnguntur:
3839 4097 3936 4152 sed
3972 4096 4288 4153 meliorem

2626 4184 2849 4256 fingitis
2881 4201 3036 4254 eum,
3093 4203 3266 4257 quem
3318 4190 3601 4257 tanquam
3650 4191 3914 4241 nostrum
3960 4187 4289 4252 accusatis,

2627 4289 2801 4344 quam
2830 4291 2962 4329 eum
2996 4292 3169 4346 quem
3201 4280 3461 4331 vestrum
3495 4275 3772 4330 adoratis.

2697 4382 2932 4438 CAPUT
2963 4382 3156 4437 XXIII.
3179 4414 3248 4424 —
3271 4382 3362 4438 Sic
3385 4387 3442 4437 et
3465 4382 3832 4438 Patriarchas
3863 4387 3921 4437 et
3953 4382 4291 4454 Prophetas

2627 4487 2741 4526 non
2766 4472 2911 4527 tales
2935 4472 3298 4543 vituperatis,
3322 4471 3525 4542 quales
3542 4470 4161 4539 honoranturanobis;
4179 4474 4290 4527 sed

2626 4560 3025 4630 qualesLibris
3039 4561 3254 4615 nostris
3270 4577 3383 4616 non
3398 4560 3708 4616 intellectis
3724 4559 4005 4614 malevola
4019 4562 4291 4617 vanitate

2626 4649 2938 4719 ﬁnxistis:q
2951 4667 3055 4703 uos
3069 4653 3262 4703 tamen
3279 4650 3454 4704 etiam
3471 4650 3632 4722 ipsos
3645 4649 3848 4720 quales
3864 4648 4046 4704 fuisse
4068 4655 4285 4721 suspi-

2625 4739 2862 4806 camini,
2881 4755 3083 4809 parum
3101 4743 3189 4792 est
3203 4738 3249 4793 si
3263 4738 3450 4792 dicam
3466 4739 3672 4794 vestris
3686 4739 3894 4793 Electis
3908 4740 4289 4794 omniaMan-

2626 4827 2789 4882 ichaai
2806 4827 3083 4881 mandata
3095 4828 3482 4895 servantibus,
3504 4827 3617 4882 nisi
3633 4827 3806 4882 etiam
3823 4829 4133 4882 ostendam
4152 4830 4291 4900 ipso

2626 4917 2731 4971 deo
2748 4920 2936 4970 vestro
2949 4933 3078 4971 esse
3091 4916 3542 4987 melioreszquod
3558 4933 3672 4973 non
3687 4917 3994 4989 aggrediar
4007 4918 4295 4973 demons-

2625 5009 2800 5066 trare.,
2828 5004 2938 5060 nisi
2961 5007 3125 5075 prius
3152 5011 3382 5061 sanctos
3417 5011 3608 5077 patres
3640 5011 3869 5061 nostros
3905 5007 4210 5062 Palriarch
4224 5026 4295 5064 as

2625 5099 2681 5148 et
2701 5094 3590 5165 Prophetasacriminationibus
3605 5095 3832 5163 vestris,
3853 5095 4170 5166 adjuvante
4190 5115 4296 5153 me

2623 5183 3209 5249 Domino,adversum
3225 5185 3399 5238 corda
3416 5183 4011 5256 carnalia,perspicua
4025 5185 4294 5242 ratione2

2623 5274 3207 5330 defendero.Etvobis
3225 5275 3899 5346 quidem,Manichaei,sic
3921 5277 4296 5346 respondere

2623 5366 2938 5436 sufficeret,
2962 5366 3214 5421 utetiam
3231 5366 3370 5420 vitia
3390 5383 3514 5436 quae
3533 5366 3752 5438 putatis
3770 5367 4294 5437 nostrorum,lau-

2619 5456 2792 5510 dibus
2815 5461 3141 5511 vestrorum
3167 5457 3559 5526 praeponenda
3581 5457 3925 5511 doceremus
3951 5473 3963 5523 ;
3991 5457 4296 5515 addentes

2620 5544 2690 5600 ad
2714 5543 3017 5601 cumulum
3035 5542 3398 5599 confusionis
3412 5548 3636 5609 vestrae,
3653 5545 3903 5600 utetiam
3919 5546 4061 5599 deus
4079 5552 4297 5602 vester

2681 5763 2702 5832 ξ
2731 5759 2849 5832 Am.
2879 5758 2968 5832 Er.
2998 5759 3622 5832 εθῑ-ἓέιεεἪπροη-ηᾳνσθνερ⁸
3641 5757 3697 5808 in
3720 5757 3883 5811 cervi:
3909 5759 4033 5812 suis.

2681 5823 2703 5860 ³
2730 5822 2815 5874 Sic
2842 5822 3025 5887 plures
3051 5822 3195 5885 Msa,
3215 5821 3282 5875 At
3309 5821 3457 5886 editi,
3485 5822 3732 5875 oratione.
