4462 6532
128 499 231 556 425

189 626 415 684 CAPUT
444 626 679 683 XXXIX.
712 656 782 667 ——
821 625 967 681 Cum
1019 630 1216 683 autem
1246 627 1460 682 dicitur
1508 626 1578 680 de
1610 628 1769 696 patre

126 733 237 773 esse
266 732 528 772 sororem
552 716 766 772 Christi
798 715 1142 783 Ecclesiam,
1167 732 1281 771 non
1314 714 1382 769 de
1414 719 1619 779 matre,
1652 728 1766 767 non

124 812 349 862 terrena
372 804 766 877 generationis
780 821 906 876 quae
921 804 1419 871 evacuabitur,sed
1445 801 1643 876 gratiae
1662 818 1767 856 caa-

122 894 271 950 Iestis
302 909 431 965 qua:
462 894 521 948 in
553 902 837 949 aeternum
872 894 1148 958 manebit,
1170 892 1438 965 cognatio
1468 906 1765 947 commen-

124 984 301 1039 datur.
334 983 671 1038 Secundum
696 998 872 1053 quam
896 983 1143 1054 gratiam
1166 998 1349 1054 genus
1379 981 1622 1037 mortale
1648 996 1762 1035 non

123 1072 353 1137 erimus,
388 1076 624 1143 accepta
656 1075 942 1142 potestate
973 1076 1036 1125 ut
1060 1071 1160 1125 filii
1192 1070 1295 1125 Dei
1324 1086 1597 1126 vocemur
1615 1073 1671 1123 et
1692 1068 1766 1123 si-

123 1177 243 1215 mus
262 1159 307 1228 (Ι
325 1160 484 1216 Joan.
508 1176 594 1224 ιιι,
620 1158 694 1230 1).
719 1159 918 1232 Neque
941 1160 1097 1215 enim
1119 1160 1268 1214 hanc
1291 1159 1539 1231 gratiam
1567 1159 1637 1213 de
1660 1158 1768 1229 Sy-

122 1264 336 1320 nagoga
361 1252 548 1303 matre
572 1248 786 1304 Christi
810 1249 1133 1304 secundum
1158 1265 1414 1313 carnem,
1434 1248 1533 1303 sed
1558 1248 1627 1303 de
1655 1252 1767 1303 Deo

123 1341 273 1409 patre
298 1336 855 1409 percepimus.Hanc
867 1353 1001 1393 vero
1023 1337 1427 1409 cognationem
1444 1340 1756 1402 terrenam,

122 1442 242 1497 quas
252 1426 323 1481 ad
342 1429 584 1482 mortem
602 1425 999 1497 temporaliter
1011 1429 1487 1499 generat,vocans
1510 1425 1569 1479 in
1594 1423 1765 1480 aliam

119 1516 287 1570 vitam
322 1515 421 1570 ubi
454 1514 656 1571 nullus
690 1515 957 1584 moritur,
982 1531 1193 1588 negare
1225 1531 1330 1571 nos
1361 1514 1629 1570 Christus
1660 1514 1763 1569 do-

121 1604 251 1675 cuit,
284 1620 402 1659 non
433 1603 621 1672 fateri,
645 1621 778 1660 cum
802 1603 1109 1676 discipulis
1140 1605 1252 1659 ait:
1279 1605 1358 1660 Ne
1382 1604 1530 1659 vobis
1563 1602 1767 1659 dicatis

116 1696 322 1765 patrem
341 1694 399 1747 in
417 1697 568 1749 terra
582 1710 602 1755 ,·
624 1710 766 1748 unus
788 1702 867 1749 est
880 1709 942 1749 en
951 1695 1028 1748 im
1047 1695 1215 1748 Pater
1234 1702 1409 1749 vester
1421 1694 1518 1764 qui
1538 1694 1601 1747 in
1622 1692 1769 1747 caelis

121 1787 193 1837 est
222 1782 431 1851 (Matth.
475 1800 636 1849 xxm,
667 1782 742 1853 9).
795 1782 975 1852 Cujus
1007 1782 1087 1837 rei
1122 1782 1363 1851 praebuit
1409 1780 1766 1852 exemplum,

123 1872 350 1942 quando
381 1876 437 1927 et
467 1872 592 1942 ipse
622 1872 767 1926 dixit
801 1888 812 1926 :
849 1873 982 1940 Quae
1007 1872 1150 1926 mihi
1179 1880 1371 1939 mater,
1405 1876 1499 1926 aut
1529 1873 1627 1942 qui
1649 1875 1766 1941 [ra-

124 1963 224 2016 lres
243 1964 267 2013 .9
291 1964 369 2015 Et
402 1960 697 2017 extendens
729 1978 958 2015 manum
992 1978 1157 2031 super
1186 1959 1509 2032 discipulos,
1531 1962 1609 2015 ait
1640 1978 1659 2015 :
1691 1961 1771 2015 Hi

119 2049 464 2119 suntfratres
484 2050 615 2103 mei.
634 2052 698 2102 Et
723 2065 791 2102 ne
814 2048 1127 2119 quisquam
1151 2048 1208 2103 in
1224 2047 1333 2103 hoc
1356 2047 1635 2103 vocabulo
1654 2052 1766 2102 ter-

124 2153 314 2191 renam
330 2135 735 2209 cognationem
760 2136 1422 2207 cogitaret,adjunxit,Et
1445 2138 1768 2206 quicumque

120 2227 304 2296 fecerit
324 2226 666 2281 voluntatem
692 2227 877 2280 Patris
901 2226 1031 2291 mei,
1056 2227 1168 2296 ipse
1189 2226 1330 2280 mihi
1348 2226 1543 2295 frater,
1569 2229 1619 2280 et
1648 2241 1767 2279 ma-

122 2318 219 2379 ter,
249 2318 303 2369 et
334 2330 489 2370 soror
512 2317 588 2369 est
613 2314 716 2383 (Id.
748 2331 850 2381 χιι,
885 2315 1067 2385 48-50)
1092 2318 1405 2385 :tanquam
1433 2313 1668 2378 diceret,
1690 2317 1769 2368 De

123 2406 228 2458 Deo
259 2406 425 2475 patre
454 2402 605 2457 hanc
635 2402 1038 2475 cognationem
1064 2400 1315 2474 appello,
1339 2419 1453 2457 non
1484 2402 1555 2457 de
1585 2402 1767 2473 Syna-

120 2506 262 2563 goga
294 2496 503 2547 matre.
535 2492 619 2545 Ad
652 2496 926 2546 aeternam
960 2491 1175 2563 quippe
1204 2491 1383 2545 vitam
1418 2507 1572 2546 nunc
1604 2506 1763 2559 voco,

120 2580 215 2633 ubi
244 2579 661 2635 immortaliter
688 2584 861 2635 natus
892 2596 1021 2634 sum
1054 2596 1068 2647 ;
1112 2595 1225 2634 non
1258 2579 1329 2636 ad
1360 2578 1765 2651 temporalem,

121 2669 272 2725 unde
298 2674 367 2724 ut
394 2685 659 2724 vocarem
694 2668 956 2724 mortalis
981 2668 1219 2724 effectus
1242 2684 1395 2724 sum.

190 2758 424 2814 CAPUT
454 2758 564 2813 XL.
589 2789 659 2798 —
680 2759 840 2822 Quod
865 2774 1003 2829 ergo
1028 2756 1301 2823 Ecclesia,
1327 2758 1499 2828 cujus
1530 2772 1673 2812 uxor
1694 2756 1770 2811 sit

124 2845 452 2902 occultatur
480 2845 846 2918 alienigenis,
875 2847 1044 2916 cujus
1075 2850 1270 2901 autem
1294 2862 1459 2901 soror
1483 2862 1596 2900 non
1619 2849 1769 2901 tace-

123 2940 236 3004 tur,
271 2936 395 2991 haec
424 2935 657 2990 interim
690 2952 867 2990 causa
897 2934 1063 2990 facile
1104 2935 1376 2999 occurrit,
1410 2935 1547 3006 quia
1578 2935 1770 2990 occul-

124 3028 249 3079 tum
280 3029 341 3079 et
374 3023 614 3079 difﬁcile
636 3025 707 3079 ad
731 3024 1175 3095 intelligendum
1204 3028 1315 3089 est,
1338 3024 1629 3094 quomodo
1652 3023 1773 3078 ani-

124 3128 219 3167 ma
248 3112 515 3168 humana
544 3112 729 3167 Verbo
778 3112 878 3167 Dei
911 3111 1235 3183 copuletur,
1269 3112 1386 3167 sive
1435 3111 1770 3182 misceatur,

122 3202 240 3258 sive
272 3201 417 3275 quid
450 3200 660 3258 melius
682 3205 738 3256 et
768 3201 962 3273 aptius
986 3201 1099 3256 dici
1132 3204 1341 3273 potest,
1365 3218 1498 3255 cum
1522 3201 1598 3256 sit
1625 3200 1770 3255 illud

124 3295 293 3357 Deus,
326 3291 444 3347 ista
491 3296 773 3346 creatura.
808 3290 1140 3345 Secundum
1174 3290 1280 3345 hoc
1331 3290 1486 3345 enim
1520 3306 1773 3361 sponsus

116 3385 171 3435 et
200 3397 445 3452 sponsa,
479 3379 566 3435 vel
598 3380 688 3435 vir
732 3384 788 3435 et
820 3396 985 3445 uxor,
1016 3379 1285 3434 Christus
1316 3383 1372 3434 et
1401 3378 1656 3434 Ecclesia
1686 3378 1773 3433 di-

116 3474 352 3525 cuntur.
392 3470 517 3535 Qua
559 3485 693 3524 vero
725 3467 1074 3539 cogitatione
1105 3468 1224 3523 sint
1272 3467 1478 3522 fratres
1508 3468 1775 3524 Christus

114 3561 170 3612 et
198 3573 415 3613 omnes
445 3558 655 3625 sancti,
678 3556 866 3628 gratia
896 3554 1109 3625 divina,
1129 3571 1242 3609 non
1269 3554 1775 3626 consanguinitate

114 3650 369 3713 terrena,
404 3645 513 3701 hoc
546 3649 655 3709 est,
688 3645 759 3700 de
792 3649 974 3715 patre,
1008 3660 1125 3699 non
1157 3644 1228 3698 de
1259 3647 1470 3713 matre,
1501 3647 1556 3697 et
1585 3641 1777 3698 effabi-

114 3733 231 3790 lius
263 3734 508 3804 dicitur,
537 3738 594 3789 et
646 3733 919 3805 capacius
949 3732 1205 3787 auditur.
1241 3732 1385 3786 Nam
1438 3737 1497 3787 et
1534 3732 1687 3787 inter
1715 3746 1778 3787 se

116 3839 324 3879 omnes
359 3823 546 3879 sancti
593 3838 696 3894 per
726 3822 990 3877 eamdem
1040 3821 1289 3893 gratiam
1340 3821 1549 3876 fratres
1597 3825 1774 3875 sunt:

119 3929 383 3984 sponsus
406 3916 601 3967 autem
624 3915 969 3966 caaterorum
1001 3910 1260 3965 societati
1284 3910 1299 3943 ί
1328 3910 1527 3965 nullus
1546 3909 1779 3965 illorum

118 4006 225 4056 est.
244 4002 502 4057 Proinde
515 3999 833 4069 Christum,
861 3999 1127 4072 quamvis
1150 3998 1645 4054 excellentissimos
1657 4000 1781 4069 jus-

117 4090 259 4145 titiay
284 4095 467 4159 atque
490 4088 1013 4160 sapientim,tamen
1028 4087 1325 4143 hominem
1341 4087 1528 4142 multo
1551 4087 1781 4143 facilius

118 4184 174 4235 et
214 4179 540 4251 proclivius
586 4178 922 4251 alienigena;
953 4178 1345 4245 crediderunt,
1389 4194 1501 4233 non
1545 4178 1781 4249 quidem

120 4267 293 4335 falso,
328 4269 491 4340 quod
524 4267 700 4323 homo
730 4270 886 4322 esset
918 4283 931 4320 :
967 4267 1065 4322 sed
1101 4267 1393 4337 quomodo
1421 4266 1597 4322 etiam
1630 4266 1783 4322 Deus

115 4362 273 4413 esset
311 4358 755 4430 ignoraverunt.
790 4355 935 4410 Hinc
957 4360 1014 4410 et
1042 4354 1322 4411 Jeremias
1355 4371 1367 4409 :
1401 4360 1467 4410 Et
1494 4356 1671 4420 homo,
1696 4354 1785 4408 in-

116 4447 264 4519 quit,
302 4451 409 4513 est,
441 4454 513 4514 et,
547 4446 642 4518 qui
691 4449 941 4516 agnos7et
987 4461 1116 4499 eum
1161 4444 1380 4516 (Jerem.
1410 4460 1547 4511 xvu,
1578 4443 1680 4513 9)?
1722 4445 1788 4498 Et

117 4536 280 4592 homo
313 4543 439 4596 est;
474 4539 612 4606 quia
634 4534 900 4607 proditur
921 4534 1077 4605 quod
1110 4532 1286 4587 frater
1315 4537 1422 4588 est.
1445 4533 1510 4588 Et
1535 4536 1656 4604 quis
1684 4549 1787 4601 ag-

116 4630 304 4681 noscet
324 4640 459 4681 eum
479 4626 505 4676 ?
534 4622 672 4694 quia
703 4622 1029 4679 occultatur
1052 4622 1207 4694 quod
1238 4637 1496 4692 sponsus
1525 4626 1632 4676 est.
1657 4620 1789 4675 Haec

115 4714 188 4770 de
222 4718 400 4786 patre
430 4712 724 4767 Abraham
777 4712 1087 4768 adversum
1128 4709 1701 4783 impudentissimam
1734 4713 1791 4764 et

118 4800 639 4874 imperitissimam
663 4804 721 4856 et
743 4798 1339 4856 calumniosissimam
1365 4797 1562 4854 Fausti
1591 4813 1788 4854 vocem

118 4892 270 4947 satis
298 4891 468 4945 dicta
499 4889 637 4944 sint.

191 4979 440 5036 CAPUT
470 4978 611 5033 XLI.
644 5009 713 5021 -—-
745 4978 888 5034 Loth
924 4982 1117 5034 autem
1153 4978 1332 5033 frater
1359 4976 1487 5047 ejus
1508 4977 1710 5048 justus
1737 4978 1794 5031 et

118 5069 451 5142 hospitalis
471 5068 531 5122 in
548 5067 837 5135 Sodomis,
858 5068 999 5123 etab
1019 5066 1179 5123 omni
1201 5065 1632 5122 Sodomitarum
1655 5081 1791 5120 con-

119 5157 528 5213 taminatione
579 5173 764 5228 purus
796 5160 972 5228 atque
1023 5156 1269 5227 integer,
1302 5171 1371 5210 ex
1396 5153 1495 5209 illo
1528 5154 1794 5210 incendio

117 5248 281 5320 quod
318 5251 455 5303 erat
507 5246 833 5301 similitudo
884 5244 1064 5300 futuri
1090 5244 1325 5315 judicii,
1358 5245 1568 5298 meruit
1599 5242 1795 5299 salvus

116 5338 377 5393 evadere
404 5353 420 5403 ;
453 5338 660 5408 typum
707 5343 946 5407 gestans
995 5332 1252 5405 corporis
1282 5330 1517 5403 Christi,
1551 5332 1703 5403 quod
1734 5330 1796 5387 in

115 5426 415 5483 omnibus
449 5423 669 5479 sanctis
692 5427 749 5479 et
781 5439 936 5478 nunc
960 5422 1112 5478 inter
1133 5421 1366 5493 iniquos
1390 5426 1565 5493 atque
1587 5419 1798 5491 impios

112 5517 327 5588 gemit,
364 5529 624 5585 quorum
679 5512 847 5568 factis
896 5529 1011 5568 non
1044 5512 1352 5577 consentit,
1384 5514 1442 5565 et
1486 5527 1519 5564 a
1550 5526 1798 5583 quorum

114 5602 557 5660 commixtione
572 5601 631 5656 in
645 5601 844 5657 saeculi
864 5600 978 5657 fine
993 5598 1485 5665 liberabitur,illis
1507 5598 1802 5655 damnatis

116 5776 199 5889 ut
235 5772 413 5835 Editi,
447 5774 751 5822 ceterorum
777 5771 1030 5821 societate.
1083 5770 1329 5821 Erratum
1359 5768 1710 5821 emendamus
1737 5783 1805 5820 ex

173 5851 256 5889 es.

467 5952 730 6017 Panos.
774 5950 958 6015 XLII.

1232 494 1466 554 LIBEII
1510 488 1929 553 VIGESIMUS
1977 490 2408 557 SECUNDUS.

3399 504 3518 564 426

1885 624 2173 696 supplicio
2210 627 2364 699 ignis
2396 629 2617 684 aeterni.
2642 629 2801 685 Sicut
2831 634 3025 688 autem
3060 631 3216 688 aliud
3240 649 3426 706 genus
3454 636 3526 692 ho

1878 713 2104 768 minum
2138 713 2196 770 in
2231 716 2360 787 ejus
2392 733 2568 772 uxore
2598 718 2913 789 figuratum
2941 724 3047 789 est,
3073 738 3273 777 eorum
3299 722 3524 778 scilicet

1877 802 1977 874 qui
2011 819 2113 873 per
2145 807 2392 876 gratiam
2449 806 2543 861 Dei
2574 808 2780 877 vocati,
2814 815 2965 865 retro
3018 811 3375 881 respiciunt;
3409 829 3522 868 non

1875 890 2028 945 sicut
2050 892 2289 962 Paulus,
2310 893 2410 965 qui
2435 910 2640 966 eaquae
2664 902 2815 951 retro
2831 898 3363 967 suntobliviscitur,
3387 900 3522 956 etin

1872 994 1939 1034 ea
1971 997 2098 1052 qua;
2128 987 2262 1037 ante
2294 987 2433 1037 sunt
2462 984 2795 1039 extenditur
2822 985 3088 1057 (Philipp.
3121 1005 3200 1059 ιιι,
3228 988 3335 1059 13).
3361 988 3525 1044 Unde

1878 1073 1936 1123 et
1961 1068 2085 1140 ipse
2117 1070 2422 1140 Dominus,
2445 1073 2629 1140 Nemo,
2655 1073 2862 1145 inquit,
2882 1077 3165 1147 imponens
3179 1093 3406 1132 manum
3422 1094 3525 1133 su-

1874 1173 1974 1228 per
2001 1168 2274 1227 aratrum,
2307 1167 2361 1215 et
2390 1163 2679 1232 respiciam
2700 1172 2865 1231 retro,
2885 1168 3044 1234 aptus
3072 1172 3149 1219 est
3177 1182 3348 1233 regno
3365 1167 3522 1222 caelo-

1877 1262 2005 1302 rum
2034 1248 2185 1319 (Luc.
2222 1266 2295 1319 Ix,
2326 1250 2437 1322 62).
2472 1250 2587 1306 Nec
2635 1249 2779 1306 illud
2812 1252 3143 1324 exemplum
3181 1254 3381 1323 tacuit,
3411 1271 3523 1327 quo

1878 1340 2274 1408 nostanquam
2292 1338 2412 1395 sale
2425 1340 2903 1409 condiret,utnon
2921 1341 3066 1397 fatui
3080 1341 3522 1415 negligeremus,

1878 1425 1979 1479 sed
2012 1426 2332 1496 prudentes
2361 1444 2698 1484 caveremus
2719 1429 2828 1485 hoc
2858 1430 3102 1486 malum.
3135 1430 3299 1488 Unde
3321 1438 3377 1488 et
3404 1432 3525 1501 illa,

1876 1515 1941 1566 ut
1970 1511 2079 1568 hoc
2128 1515 2482 1583 admoneret,
2516 1516 2575 1571 in
2624 1521 2882 1573 statuam
2920 1518 3061 1574 salis
3110 1535 3387 1576 conversa
3417 1524 3526 1577 est.

1876 1599 2021 1655 Nam
2036 1617 2168 1658 cum
2186 1603 2522 1676 praeciperet
2536 1610 2597 1661 ut
2610 1622 2670 1661 se
2684 1606 2929 1677 quisque
2950 1608 3529 1679 perseverantissime

1880 1690 2238 1746 anteriorum
2260 1693 2583 1750 intentione
2596 1695 2667 1749 ab
2686 1694 2759 1751 iis
2776 1712 2901 1767 quas
2920 1700 3070 1751 retro
3094 1701 3234 1753 sunt
3254 1697 3524 1771 eriperet,

1881 1781 2224 1851 Mementote,
2274 1781 2486 1853 inquit,
2535 1786 2727 1839 uxoris
2764 1786 2899 1839 Loth
2947 1786 3048 1856 (Id.
3098 1802 3235 1853 xvu,
3270 1786 3381 1857 32).
3431 1786 3526 1842 Sic

1878 1867 2051 1923 etiam
2082 1868 2140 1922 in
2171 1869 2298 1941 ipso
2332 1870 2498 1938 Loth,
2520 1872 2753 1942 quando
2785 1890 2916 1927 cum
2936 1890 3000 1929 eo
3033 1874 3162 1929 filias
3194 1876 3525 1931 concubue-

1880 1964 2037 2021 runt,
2070 1974 2184 2013 non
2214 1957 2361 2013 illud
2394 1960 2548 2031 quod
2581 1977 2711 2015 cum
2741 1978 2775 2015 a
2805 1962 3074 2017 Sodomis
3102 1961 3385 2019 liberatus
3415 1967 3522 2032 est,

1878 2046 1976 2102 sed
2013 2045 2171 2102 aliud
2206 2047 2427 2119 aliquid
2462 2048 2778 2121 ﬁguratum
2805 2054 2913 2105 est.
2936 2050 3083 2107 Nam
3113 2055 3256 2107 tunc
3274 2051 3370 2107 ille
3400 2052 3526 2124 ipse

1878 2133 2023 2189 Loth
2049 2134 2260 2191 futurae
2287 2136 2454 2208 Legis
2471 2137 2700 2193 videtur
2712 2143 2971 2210 gestasse
2990 2156 3322 2211 personam,
3347 2156 3525 2211 quam

1877 2222 2119 2293 quidam
2151 2239 2220 2279 ex
2250 2223 2351 2279 illa
2380 2226 2661 2295 procreati
2706 2231 2762 2281 et
2805 2228 2916 2282 sub
2963 2229 3113 2299 Lege
3146 2227 3339 2300 positi,
3376 2227 3528 2285 male

1878 2309 2256 2383 intelligendo
2305 2315 2560 2384 quodam
2595 2315 2764 2369 modo
2815 2316 3169 2382 inebriant‘,
3200 2332 3379 2388 eaque
3412 2334 3528 2373 non

1876 2397 2135 2470 legitime
2183 2402 2398 2457 utendo
2450 2401 2816 2457 inﬁdelitatis
2865 2420 3041 2474 opera
3090 2404 3342 2476 pariunt.
3376 2407 3529 2462 Bona

1876 2491 1953 2542 est
1984 2488 2138 2543 enim
2171 2490 2302 2560 Lex,
2335 2490 2417 2544 ait
2442 2491 2779 2562 Apostolus,
2810 2493 2863 2546 si
2889 2494 3012 2563 quis
3041 2509 3105 2548 ea
3135 2493 3375 2564 legitime
3400 2498 3524 2549 uta-

1877 2583 1969 2631 tur
1994 2577 2042 2647 (I
2078 2579 2213 2632 Tim.
2244 2595 2283 2649 ι,
2314 2578 2390 2650 8).

1949 2665 2180 2723 CAPUT
2212 2666 2376 2722 XLII.
2407 2698 2474 2707 -—
2502 2668 2618 2723 Nec
2647 2668 2774 2725 ideo
2818 2673 3014 2726 tamen
3048 2670 3154 2727 hoc
3185 2671 3402 2727 factum
3432 2671 3523 2727 vel

1876 2754 2063 2825 ipsius
2097 2756 2236 2810 Loth
2269 2755 2359 2811 vel
2390 2757 2516 2827 ejus
2549 2756 2800 2813 filiarum
2828 2759 3247 2829 justificamus,
3279 2759 3417 2832 quia
3438 2761 3523 2817 si-

1879 2844 2177 2915 gnificavit
2197 2843 2417 2916 aliquid
2438 2846 2591 2917 quod
2615 2846 2871 2902 futuram
2891 2849 3274 2918 quorumdam
3295 2865 3521 2920 perver-

1879 2934 2110 2987 sitatem
2127 2934 2561 3004 praenuntiaret.
2578 2934 2747 2989 Aliud
2762 2936 2913 2991 enim
2940 2935 3050 2990 illa:
3064 2941 3128 2992 ut
3148 2937 3256 2992 hoc
3268 2938 3528 2993 facerent

1881 3020 2276 3087 intenderunt,
2309 3020 2468 3077 aliud
2511 3024 2661 3078 Deus
2708 3024 2808 3094 qui
2841 3024 2949 3079 hoc
2980 3024 3103 3079 fieri
3152 3014 3431 3095 permisit,
3464 3030 3531 3081 ut

1881 3110 2057 3166 etiam
2072 3110 2203 3166 inde
2217 3110 2437 3181 aliquid
2451 3111 2897 3178 demonstraret,
2920 3117 3191 3170 manente
3205 3121 3357 3170 recto
3364 3113 3530 3185 judi-

1882 3199 1970 3254 cio
1993 3215 2100 3255 suo
2118 3216 2183 3254 su
2195 3216 2295 3271 per
2311 3205 2615 3270 peccatum
2636 3200 2943 3256 hominum
2966 3206 3108 3256 tunc
3129 3203 3529 3274 praesentium,

1883 3292 1939 3344 et
1970 3287 2253 3360 vigilante
2283 3289 2646 3361 providentia
2668 3306 2775 3345 sua
2796 3306 2899 3361 pro
2931 3289 3355 3361 signiﬁcatione
3387 3292 3536 3347 futu-

1883 3377 2357 3433 rorum.Proinde
2379 3377 2521 3432 illud
2540 3378 2758 3434 factum
2785 3395 2919 3434 cum
2943 3380 2999 3433 in
3018 3384 3219 3435 sancta
3236 3378 3536 3452 Scriptura

1883 3470 2175 3534 narratur,
2210 3465 2516 3537 prophetia
2545 3472 2635 3522 est
2665 3482 2678 3521 :
2717 3483 2850 3521 cum
2898 3483 3030 3523 vero
3062 3468 3121 3522 in
3154 3468 3385 3523 illorum
3416 3470 3534 3524 vita

1884 3555 1986 3626 qui
2016 3555 2126 3610 hoc
2158 3555 2582 3610 commiserunt
2610 3556 3034 3622 consideratur,
3070 3557 3355 3629 ﬂagitium
3384 3560 3492 3612 est.

1955 3644 2188 3700 CAPUT
2219 3644 2414 3699 XLIII.
2439 3674 2507 3685 --
2528 3644 2643 3700 Nec
2668 3660 2871 3700 rursus
2901 3649 3064 3699 tanta
3086 3645 3534 3715 reprehensione

1886 3738 2061 3805 atque
2089 3732 2457 3788 accusatione
2506 3749 2598 3789 res
2630 3732 2805 3804 digna
2851 3738 2959 3803 est,
2993 3739 3271 3804 quantam
3312 3734 3368 3788 in
3402 3749 3531 3789 eam

1886 3822 2136 3876 Faustus
2159 3821 2434 3876 inimicus
2447 3825 2503 3876 et
2524 3838 2709 3876 caecus
2729 3821 3005 3878 evomuit.
3030 3821 3533 3878 Consuliturenim

1887 3915 2100 3966 interna
2116 3909 2318 3965 lexilla
2331 3909 2593 3965 ordinem
2618 3910 2941 3966 naturalem
2958 3911 3280 3967 conservari
3294 3912 3535 3980 jubens,

1888 3999 2215 4071 perturbari
2237 4004 2460 4064 vetans,
2484 4003 2542 4054 et
2573 4016 2684 4055 non
2710 3999 2788 4053 ita
2818 4000 2888 4056 de
2910 3999 3017 4055 hoc
3040 4000 3186 4055 Iacto
3202 4000 3447 4069 judicat,
3473 4014 3539 4056 ac

1890 4089 1939 4143 si
1961 4087 2058 4143 ille
2081 4088 2139 4143 in
2164 4087 2315 4142 filias
2341 4088 2561 4143 nefaria
2586 4087 2828 4143 libidine
2851 4088 3218 4154 exarserit,ut
3238 4105 3437 4144 earum
3458 4088 3541 4143 in-

1891 4180 2109 4233 cestato
2130 4192 2367 4252 corpore
2390 4177 2698 4247 frueretur,
2717 4181 2821 4232 aut
2839 4193 2937 4232 eas
2951 4177 3190 4232 haberet
3202 4178 3541 4233 uxoreszsed

1891 4281 1997 4320 nec
2028 4265 2098 4319 de
2128 4262 2246 4319 illis
2271 4264 2520 4335 feminis,
2545 4281 2610 4320 ac
2642 4266 2689 4319 si
2721 4264 2779 4319 in
2804 4265 2894 4320 sui
2917 4264 3098 4337 patris
3121 4280 3355 4320 carnem
3379 4281 3542 4321 exse-

1892 4352 2095 4409 crabili
2119 4368 2316 4408 amore
2338 4353 2705 4424 ﬂagrassent.
2728 4353 2893 4409 Ratio
2924 4354 3137 4425 quippe
3158 4354 3403 4425 justitiae
3427 4370 3543 4409 non

1893 4446 2121 4497 tantum
2154 4440 2294 4512 quid
2326 4443 2541 4496 factum
2566 4441 2660 4507 sit,
2685 4458 2887 4497 verum
2919 4444 3092 4496 etiam
3117 4459 3295 4513 quare
3317 4443 3540 4498 factum

1895 4531 1973 4587 sit
1994 4531 2272 4596 intuetur,
2296 4536 2363 4585 ut
2383 4546 2451 4585 ex
2473 4530 2666 4586 causis
2689 4530 2812 4585 suis
2844 4531 2995 4585 facta
3025 4529 3337 4603 pendentia
3358 4530 3545 4587 libra-

1896 4623 2091 4676 mento
2112 4618 2403 4690 aequitatis
2415 4616 2871 4675 examinet.Cum
2893 4618 3073 4687 igitur
3092 4619 3203 4675 illa;
3227 4621 3297 4675 ad
3313 4637 3545 4676 conser-

1895 4708 2184 4765 vationem
2209 4707 2438 4780 generis
2462 4705 2683 4779 prolem
2714 4712 3059 4780 quaererent,
3084 4709 3180 4779 qui
3207 4708 3409 4780 utique
3433 4710 3455 4743 ²
3487 4708 3546 4763 in

1897 4798 1982 4853 eis
2004 4797 2299 4852 humanus
2321 4800 2443 4851 erat
2464 4799 2521 4851 et
2544 4796 2828 4851 naturalis
2852 4796 3113 4868 affectus,
3138 4813 3244 4852 nec
3267 4813 3328 4853 se
3350 4797 3548 4852 crede-

1901 4890 2033 4943 rent
2061 4883 2320 4940 invenire
2342 4900 2511 4955 posse
2532 4884 2675 4940 alios
2702 4884 2875 4956 viros,
2899 4884 3056 4941 velut
3076 4891 3276 4942 exusto
3299 4885 3398 4940 illa
3420 4901 3554 4941 con-
3577 4945 3582 4948 _

1900 4973 2243 5048 ﬂagratione
2271 4974 2409 5029 orbe
2459 4978 2773 5041 terrarum,
2804 4990 2989 5045 neque
3018 4974 3174 5029 enim
3220 4974 3550 5030 discernere

1901 5068 2167 5137 poterant
2190 5079 2497 5134 quousque
2518 5062 2669 5135 ignis
2692 5062 2789 5117 ille
2810 5063 3075 5133 ssevierit,
3100 5064 3343 5118 miscere
3365 5080 3427 5118 se
3450 5079 3551 5135 pa-

1902 5153 1979 5208 tri
1998 5151 2327 5207 voluerunt.
2348 5154 2549 5207 Potius
2571 5152 2808 5222 quidem
2834 5167 3132 5221 nunquam
3156 5167 3284 5206 esse
3306 5155 3547 5222 matres,

1904 5257 2083 5313 quam
2106 5239 2190 5295 sic
2212 5241 2294 5295 uti
2317 5243 2481 5309 patre
2502 5240 2831 5295 debuerunt
2848 5257 2861 5295 :
2878 5245 3275 5295 verumtamen
3301 5238 3554 5295 multum

1905 5330 2170 5399 interest,
2194 5329 2349 5400 quod
2373 5345 2441 5384 ea
2463 5344 2639 5383 causa
2662 5345 2777 5384 usae
2799 5333 2955 5395 sunt,
2978 5344 3151 5399 quam
3175 5328 3227 5383 si
3248 5327 3555 5401 concupis-

1907 5417 2096 5474 centia
2128 5422 2246 5472 tam
2277 5417 2519 5472 funestas
2549 5415 2862 5487 voluptatis
2893 5420 3212 5473 uterentur.

1977 5505 2208 5563 CAPUT
2240 5505 2433 5561 XLIV.
2456 5536 2523 5545 —
2546 5505 2633 5559 Ab
2664 5504 2761 5560 illo
2793 5510 2987 5561 autem
3020 5522 3191 5578 opere
3221 5506 3301 5564 ita
3333 5512 3559 5579 patrem

1911 5596 2222 5654 abhorrere
2252 5594 2603 5666 sentiebant,
2635 5598 2700 5649 ut
2729 5593 2786 5648 id
2820 5609 2881 5650 se
2912 5593 3258 5667 impleturae
3288 5612 3417 5655 esse
3446 5613 3562 5654 non

1976 5768 1995 5837 ξ
2021 5764 2177 5837 Apud
2212 5764 2297 5837 Er.
2329 5762 2497 5837 Lugd.
2529 5762 2681 5826 Veno,
2708 5762 3039 5817 inebriantes.
3070 5767 3141 5818 Μ.

1974 5832 1996 5867 ⁸
2019 5830 2170 5888 Lov.,
2200 5830 2323 5892 quia
2351 5830 2549 5892 utique.

3169 5947 3245 6009 ﬂ
