  <div class='ocr_page' id='page_1' title='image "/cluster/home/n/w/nwhite01/storage/ocr_20150623/42/umn.31951d02850084t/217.png"; bbox 0 0 4462 6436; ppageno 0'>
   <div class='ocr_carea' id='block_1_1' title="bbox 683 389 798 448">
    <p class='ocr_par' dir='ltr' id='par_1_1' title="bbox 683 389 798 448">
     <span class='ocr_line' id='line_1_1' title="bbox 683 389 798 448; baseline -0.035 1"><span class='ocrx_word' id='word_1_1' title='bbox 683 389 798 448; x_wconf 65' lang='lat'>427</span> 
     </span>
    </p>
   </div>
   <div class='ocr_carea' id='block_1_2' title="bbox 683 513 2328 588">
    <p class='ocr_par' dir='ltr' id='par_1_2' title="bbox 683 513 2328 588">
     <span class='ocr_line' id='line_1_2' title="bbox 683 513 2328 588; baseline -0.006 -12"><span class='ocrx_word' id='word_1_2' title='bbox 683 522 1003 585; x_wconf 84' lang='lat' dir='ltr'>crederent,</span> <span class='ocrx_word' id='word_1_3' title='bbox 1037 518 1148 572; x_wconf 87' lang='lat' dir='ltr'>nisi</span> <span class='ocrx_word' id='word_1_4' title='bbox 1173 519 1300 588; x_wconf 84' lang='lat' dir='ltr'>ejus</span> <span class='ocrx_word' id='word_1_5' title='bbox 1330 516 1719 586; x_wconf 82' lang='lat' dir='ltr'>ignorantiam</span> <span class='ocrx_word' id='word_1_6' title='bbox 1744 513 2328 587; x_wconf 84' lang='lat' dir='ltr'>procurarent.Nam-</span> 
     </span>
    </p>
   </div>
   <div class='ocr_carea' id='block_1_3' title="bbox 684 606 2326 682">
    <p class='ocr_par' dir='ltr' id='par_1_3' title="bbox 684 606 2326 682">
     <span class='ocr_line' id='line_1_3' title="bbox 684 606 2326 682; baseline -0.005 -18"><span class='ocrx_word' id='word_1_7' title='bbox 684 627 816 682; x_wconf 86' lang='lat' dir='ltr'>que,</span> <span class='ocrx_word' id='word_1_8' title='bbox 852 613 913 663; x_wconf 94' lang='lat' dir='ltr'>ut</span> <span class='ocrx_word' id='word_1_9' title='bbox 943 609 1224 678; x_wconf 87' lang='lat' dir='ltr'>scriptum</span> <span class='ocrx_word' id='word_1_10' title='bbox 1257 612 1364 673; x_wconf 89' lang='lat' dir='ltr'>est,</span> <span class='ocrx_word' id='word_1_11' title='bbox 1392 606 1826 661; x_wconf 86' lang='lat' dir='ltr'>inebriaverunt</span> <span class='ocrx_word' id='word_1_12' title='bbox 1854 620 2013 669; x_wconf 88' lang='lat' dir='ltr'>eum,</span> <span class='ocrx_word' id='word_1_13' title='bbox 2043 609 2097 657; x_wconf 86' lang='lat' dir='ltr'>et</span> <span class='ocrx_word' id='word_1_14' title='bbox 2129 619 2190 657; x_wconf 92' lang='lat' dir='ltr'>se</span> <span class='ocrx_word' id='word_1_15' title='bbox 2224 618 2326 655; x_wconf 91' lang='lat' dir='ltr'>ne-</span> 
     </span>
    </p>
   </div>
   <div class='ocr_carea' id='block_1_4' title="bbox 684 691 2325 766">
    <p class='ocr_par' dir='ltr' id='par_1_4' title="bbox 684 691 2325 766">
     <span class='ocr_line' id='line_1_4' title="bbox 684 691 2325 766; baseline -0.005 -13"><span class='ocrx_word' id='word_1_16' title='bbox 684 698 885 753; x_wconf 83' lang='lat' dir='ltr'>scienti</span> <span class='ocrx_word' id='word_1_17' title='bbox 914 699 1274 751; x_wconf 87' lang='lat' dir='ltr'>miscuerunt</span> <span class='ocrx_word' id='word_1_18' title='bbox 1298 695 1978 766; x_wconf 69' lang='lat' dir='ltr'>((Ien.x1x).Quapropter</span> <span class='ocrx_word' id='word_1_19' title='bbox 1999 691 2325 763; x_wconf 79' lang='lat' dir='ltr'>culpandus</span> 
     </span>
    </p>
   </div>
   <div class='ocr_carea' id='block_1_5' title="bbox 684 780 2321 858">
    <p class='ocr_par' dir='ltr' id='par_1_5' title="bbox 684 780 2321 858">
     <span class='ocr_line' id='line_1_5' title="bbox 684 780 2321 858; baseline -0.005 -16"><span class='ocrx_word' id='word_1_20' title='bbox 684 794 770 842; x_wconf 89' lang='lat' dir='ltr'>est</span> <span class='ocrx_word' id='word_1_21' title='bbox 800 788 1059 858; x_wconf 84' lang='lat' dir='ltr'>quidem,</span> <span class='ocrx_word' id='word_1_22' title='bbox 1095 802 1210 839; x_wconf 91' lang='lat' dir='ltr'>non</span> <span class='ocrx_word' id='word_1_23' title='bbox 1243 791 1437 839; x_wconf 87' lang='lat' dir='ltr'>tamen</span> <span class='ocrx_word' id='word_1_24' title='bbox 1471 788 1753 855; x_wconf 88' lang='lat' dir='ltr'>quantum</span> <span class='ocrx_word' id='word_1_25' title='bbox 1786 782 1879 837; x_wconf 91' lang='lat' dir='ltr'>ille</span> <span class='ocrx_word' id='word_1_26' title='bbox 1911 782 2188 846; x_wconf 89' lang='lat' dir='ltr'>incestus,</span> <span class='ocrx_word' id='word_1_27' title='bbox 2222 780 2321 834; x_wconf 90' lang='lat' dir='ltr'>sed</span> 
     </span>
    </p>
   </div>
   <div class='ocr_carea' id='block_1_6' title="bbox 683 868 2324 947">
    <p class='ocr_par' dir='ltr' id='par_1_6' title="bbox 683 868 2324 947">
     <span class='ocr_line' id='line_1_6' title="bbox 683 868 2324 947; baseline -0.004 -16"><span class='ocrx_word' id='word_1_28' title='bbox 683 882 973 947; x_wconf 89' lang='lat' dir='ltr'>quantum</span> <span class='ocrx_word' id='word_1_29' title='bbox 1012 875 1111 929; x_wconf 90' lang='lat' dir='ltr'>illa</span> <span class='ocrx_word' id='word_1_30' title='bbox 1162 879 1415 929; x_wconf 88' lang='lat' dir='ltr'>meretur</span> <span class='ocrx_word' id='word_1_31' title='bbox 1459 873 1728 928; x_wconf 77' lang='lat' dir='ltr'>ebrietas.</span> <span class='ocrx_word' id='word_1_32' title='bbox 1762 872 1906 927; x_wconf 90' lang='lat' dir='ltr'>Nam</span> <span class='ocrx_word' id='word_1_33' title='bbox 1952 875 2008 925; x_wconf 91' lang='lat' dir='ltr'>et</span> <span class='ocrx_word' id='word_1_34' title='bbox 2056 870 2203 924; x_wconf 89' lang='lat' dir='ltr'>hanc</span> <span class='ocrx_word' id='word_1_35' title='bbox 2234 868 2324 924; x_wconf 88' lang='lat' dir='ltr'>lex</span> 
     </span>
    </p>
   </div>
   <div class='ocr_carea' id='block_1_7' title="bbox 682 959 2325 1035">
    <p class='ocr_par' dir='ltr' id='par_1_7' title="bbox 682 959 2325 1035">
     <span class='ocr_line' id='line_1_7' title="bbox 682 959 2325 1035; baseline -0.005 -14"><span class='ocrx_word' id='word_1_36' title='bbox 682 971 898 1021; x_wconf 69' lang='lat' dir='ltr'>interna</span> <span class='ocrx_word' id='word_1_37' title='bbox 917 964 1291 1029; x_wconf 77' lang='lat' dir='ltr'>condemnat;</span> <span class='ocrx_word' id='word_1_38' title='bbox 1318 963 1662 1035; x_wconf 88' lang='lat' dir='ltr'>quiacibum</span> <span class='ocrx_word' id='word_1_39' title='bbox 1681 966 1949 1033; x_wconf 91' lang='lat' dir='ltr'>etpotum</span> <span class='ocrx_word' id='word_1_40' title='bbox 1972 961 2041 1015; x_wconf 91' lang='lat' dir='ltr'>ad</span> <span class='ocrx_word' id='word_1_41' title='bbox 2064 959 2325 1014; x_wconf 81' lang='lat' dir='ltr'>ordinem</span> 
     </span>
    </p>
   </div>
   <div class='ocr_carea' id='block_1_8' title="bbox 683 1046 2327 1123">
    <p class='ocr_par' dir='ltr' id='par_1_8' title="bbox 683 1046 2327 1123">
     <span class='ocr_line' id='line_1_8' title="bbox 683 1046 2327 1123; baseline -0.006 -13"><span class='ocrx_word' id='word_1_42' title='bbox 683 1054 1006 1110; x_wconf 77' lang='lat' dir='ltr'>naturalem</span> <span class='ocrx_word' id='word_1_43' title='bbox 1031 1070 1145 1108; x_wconf 91' lang='lat' dir='ltr'>non</span> <span class='ocrx_word' id='word_1_44' title='bbox 1160 1052 1271 1107; x_wconf 86' lang='lat' dir='ltr'>nisi</span> <span class='ocrx_word' id='word_1_45' title='bbox 1287 1051 1470 1123; x_wconf 81' lang='lat' dir='ltr'>gratia</span> <span class='ocrx_word' id='word_1_46' title='bbox 1482 1050 1885 1106; x_wconf 62' lang='lat' dir='ltr'>conservanda</span> <span class='ocrx_word' id='word_1_47' title='bbox 1900 1048 2103 1103; x_wconf 86' lang='lat' dir='ltr'>salutis</span> <span class='ocrx_word' id='word_1_48' title='bbox 2119 1048 2188 1102; x_wconf 87' lang='lat' dir='ltr'>ad</span> <span class='ocrx_word' id='word_1_49' title='bbox 2199 1046 2327 1101; x_wconf 89' lang='lat' dir='ltr'>mit-</span> 
     </span>
    </p>
   </div>
   <div class='ocr_carea' id='block_1_9' title="bbox 680 1136 2323 1212">
    <p class='ocr_par' dir='ltr' id='par_1_9' title="bbox 680 1136 2323 1212">
     <span class='ocr_line' id='line_1_9' title="bbox 680 1136 2323 1212; baseline -0.004 -15"><span class='ocrx_word' id='word_1_50' title='bbox 680 1143 771 1198; x_wconf 86' lang='lat' dir='ltr'>tit.</span> <span class='ocrx_word' id='word_1_51' title='bbox 789 1142 1061 1206; x_wconf 80' lang='lat' dir='ltr'>Quamvis</span> <span class='ocrx_word' id='word_1_52' title='bbox 1077 1139 1680 1212; x_wconf 85' lang='lat' dir='ltr'>ergointerebriosum</span> <span class='ocrx_word' id='word_1_53' title='bbox 1695 1137 1989 1193; x_wconf 87' lang='lat' dir='ltr'>etebrium</span> <span class='ocrx_word' id='word_1_54' title='bbox 2004 1136 2323 1208; x_wconf 91' lang='lat' dir='ltr'>plurimum</span> 
     </span>
    </p>
   </div>
   <div class='ocr_carea' id='block_1_10' title="bbox 678 1226 2321 1297">
    <p class='ocr_par' dir='ltr' id='par_1_10' title="bbox 678 1226 2321 1297">
     <span class='ocr_line' id='line_1_10' title="bbox 678 1226 2321 1297; baseline -0.004 -11"><span class='ocrx_word' id='word_1_55' title='bbox 678 1231 911 1286; x_wconf 87' lang='lat' dir='ltr'>intersit</span> <span class='ocrx_word' id='word_1_56' title='bbox 943 1247 957 1286; x_wconf 91' lang='lat'><strong>:</strong></span> <span class='ocrx_word' id='word_1_57' title='bbox 992 1247 1127 1286; x_wconf 90' lang='lat' dir='ltr'>nam</span> <span class='ocrx_word' id='word_1_58' title='bbox 1158 1246 1262 1285; x_wconf 91' lang='lat' dir='ltr'>nec</span> <span class='ocrx_word' id='word_1_59' title='bbox 1291 1229 1559 1284; x_wconf 84' lang='lat' dir='ltr'>ebriosus</span> <span class='ocrx_word' id='word_1_60' title='bbox 1588 1244 1818 1297; x_wconf 79' lang='lat' dir='ltr'>semper</span> <span class='ocrx_word' id='word_1_61' title='bbox 1846 1232 1935 1282; x_wconf 88' lang='lat' dir='ltr'>est</span> <span class='ocrx_word' id='word_1_62' title='bbox 1962 1226 2182 1295; x_wconf 89' lang='lat' dir='ltr'>ebrius,</span> <span class='ocrx_word' id='word_1_63' title='bbox 2215 1241 2321 1280; x_wconf 90' lang='lat' dir='ltr'>nec</span> 
     </span>
    </p>
   </div>
   <div class='ocr_carea' id='block_1_11' title="bbox 677 1314 2321 1392">
    <p class='ocr_par' dir='ltr' id='par_1_11' title="bbox 677 1314 2321 1392">
     <span class='ocr_line' id='line_1_11' title="bbox 677 1314 2321 1392; baseline -0.003 -18"><span class='ocrx_word' id='word_1_64' title='bbox 677 1320 946 1392; x_wconf 86' lang='lat' dir='ltr'>quisquis</span> <span class='ocrx_word' id='word_1_65' title='bbox 977 1318 1295 1390; x_wconf 84' lang='lat' dir='ltr'>aliquando</span> <span class='ocrx_word' id='word_1_66' title='bbox 1345 1317 1561 1382; x_wconf 91' lang='lat' dir='ltr'>ebrius,</span> <span class='ocrx_word' id='word_1_67' title='bbox 1594 1320 2016 1386; x_wconf 86' lang='lat' dir='ltr'>consequenter</span> <span class='ocrx_word' id='word_1_68' title='bbox 2053 1314 2321 1369; x_wconf 87' lang='lat' dir='ltr'>ebriosus</span> 
     </span>
    </p>
   </div>
   <div class='ocr_carea' id='block_1_12' title="bbox 674 1403 2319 1476">
    <p class='ocr_par' dir='ltr' id='par_1_12' title="bbox 674 1403 2319 1476">
     <span class='ocr_line' id='line_1_12' title="bbox 674 1403 2319 1476; baseline -0.004 -13"><span class='ocrx_word' id='word_1_69' title='bbox 674 1414 763 1464; x_wconf 86' lang='lat' dir='ltr'>est</span> <span class='ocrx_word' id='word_1_70' title='bbox 795 1425 807 1462; x_wconf 92' lang='lat'>:</span> <span class='ocrx_word' id='word_1_71' title='bbox 842 1412 1035 1462; x_wconf 89' lang='lat' dir='ltr'>tamen</span> <span class='ocrx_word' id='word_1_72' title='bbox 1066 1407 1123 1461; x_wconf 91' lang='lat' dir='ltr'>in</span> <span class='ocrx_word' id='word_1_73' title='bbox 1156 1406 1394 1461; x_wconf 89' lang='lat' dir='ltr'>homine</span> <span class='ocrx_word' id='word_1_74' title='bbox 1427 1406 1587 1475; x_wconf 84' lang='lat' dir='ltr'>justo</span> <span class='ocrx_word' id='word_1_75' title='bbox 1620 1405 1799 1474; x_wconf 87' lang='lat' dir='ltr'>hujus</span> <span class='ocrx_word' id='word_1_76' title='bbox 1829 1404 2036 1476; x_wconf 89' lang='lat' dir='ltr'>ipsius,</span> <span class='ocrx_word' id='word_1_77' title='bbox 2068 1403 2175 1458; x_wconf 89' lang='lat' dir='ltr'>etsi</span> <span class='ocrx_word' id='word_1_78' title='bbox 2204 1419 2319 1457; x_wconf 90' lang='lat' dir='ltr'>non</span> 
     </span>
    </p>
   </div>
   <div class='ocr_carea' id='block_1_13' title="bbox 671 1492 2317 1563">
    <p class='ocr_par' dir='ltr' id='par_1_13' title="bbox 671 1492 2317 1563">
     <span class='ocr_line' id='line_1_13' title="bbox 671 1492 2317 1563; baseline -0.003 -11"><span class='ocrx_word' id='word_1_79' title='bbox 671 1497 1047 1559; x_wconf 88' lang='lat' dir='ltr'>ebriositatis,</span> <span class='ocrx_word' id='word_1_80' title='bbox 1071 1500 1130 1551; x_wconf 90' lang='lat' dir='ltr'>at</span> <span class='ocrx_word' id='word_1_81' title='bbox 1160 1500 1312 1550; x_wconf 88' lang='lat' dir='ltr'>certe</span> <span class='ocrx_word' id='word_1_82' title='bbox 1343 1493 1638 1549; x_wconf 84' lang='lat' dir='ltr'>ebrietatis</span> <span class='ocrx_word' id='word_1_83' title='bbox 1671 1510 1849 1549; x_wconf 91' lang='lat' dir='ltr'>causa</span> <span class='ocrx_word' id='word_1_84' title='bbox 1880 1492 2192 1563; x_wconf 66' lang='lat' dir='ltr'>qumrenda</span> <span class='ocrx_word' id='word_1_85' title='bbox 2209 1496 2317 1547; x_wconf 90' lang='lat' dir='ltr'>est.</span> 
     </span>
    </p>
   </div>
   <div class='ocr_carea' id='block_1_14' title="bbox 669 1580 2320 1654">
    <p class='ocr_par' dir='ltr' id='par_1_14' title="bbox 669 1580 2320 1654">
     <span class='ocr_line' id='line_1_14' title="bbox 669 1580 2320 1654; baseline -0.004 -14"><span class='ocrx_word' id='word_1_86' title='bbox 669 1586 814 1650; x_wconf 87' lang='lat' dir='ltr'>Quid</span> <span class='ocrx_word' id='word_1_87' title='bbox 838 1585 992 1641; x_wconf 88' lang='lat' dir='ltr'>enim</span> <span class='ocrx_word' id='word_1_88' title='bbox 1015 1585 1251 1639; x_wconf 88' lang='lat' dir='ltr'>tandem</span> <span class='ocrx_word' id='word_1_89' title='bbox 1276 1583 1518 1654; x_wconf 84' lang='lat' dir='ltr'>cogebat</span> <span class='ocrx_word' id='word_1_90' title='bbox 1542 1586 1603 1636; x_wconf 91' lang='lat' dir='ltr'>ut</span> <span class='ocrx_word' id='word_1_91' title='bbox 1627 1581 1858 1636; x_wconf 90' lang='lat' dir='ltr'>ﬁliabus</span> <span class='ocrx_word' id='word_1_92' title='bbox 1882 1581 2006 1635; x_wconf 87' lang='lat' dir='ltr'>suis</span> <span class='ocrx_word' id='word_1_93' title='bbox 2026 1581 2229 1635; x_wconf 87' lang='lat' dir='ltr'>crebra</span> <span class='ocrx_word' id='word_1_94' title='bbox 2244 1580 2320 1634; x_wconf 91' lang='lat' dir='ltr'>vi-</span> 
     </span>
    </p>
   </div>
   <div class='ocr_carea' id='block_1_15' title="bbox 668 1670 2313 1742">
    <p class='ocr_par' dir='ltr' id='par_1_15' title="bbox 668 1670 2313 1742">
     <span class='ocr_line' id='line_1_15' title="bbox 668 1670 2313 1742; baseline -0.003 -12"><span class='ocrx_word' id='word_1_95' title='bbox 668 1692 744 1730; x_wconf 87' lang='lat' dir='ltr'>na</span> <span class='ocrx_word' id='word_1_96' title='bbox 765 1674 1171 1741; x_wconf 88' lang='lat' dir='ltr'>miscentibus,</span> <span class='ocrx_word' id='word_1_97' title='bbox 1188 1679 1287 1728; x_wconf 88' lang='lat' dir='ltr'>aut</span> <span class='ocrx_word' id='word_1_98' title='bbox 1310 1674 1555 1727; x_wconf 82' lang='lat' dir='ltr'>fortasse</span> <span class='ocrx_word' id='word_1_99' title='bbox 1579 1689 1683 1726; x_wconf 89' lang='lat' dir='ltr'>nec</span> <span class='ocrx_word' id='word_1_100' title='bbox 1708 1673 1886 1726; x_wconf 88' lang='lat' dir='ltr'>mixta</span> <span class='ocrx_word' id='word_1_101' title='bbox 1906 1673 2107 1726; x_wconf 91' lang='lat' dir='ltr'>crebro</span> <span class='ocrx_word' id='word_1_102' title='bbox 2132 1670 2313 1742; x_wconf 90' lang='lat' dir='ltr'>porri-</span> 
     </span>
    </p>
   </div>
   <div class='ocr_carea' id='block_1_16' title="bbox 668 1760 2314 1836">
    <p class='ocr_par' dir='ltr' id='par_1_16' title="bbox 668 1760 2314 1836">
     <span class='ocr_line' id='line_1_16' title="bbox 668 1760 2314 1836; baseline -0.002 -17"><span class='ocrx_word' id='word_1_103' title='bbox 668 1764 962 1836; x_wconf 82' lang='lat' dir='ltr'>gentibus,</span> <span class='ocrx_word' id='word_1_104' title='bbox 980 1762 1337 1818; x_wconf 88' lang='lat' dir='ltr'>consentiret</span> <span class='ocrx_word' id='word_1_105' title='bbox 1360 1766 1460 1817; x_wconf 88' lang='lat' dir='ltr'>aut</span> <span class='ocrx_word' id='word_1_106' title='bbox 1479 1762 1738 1816; x_wconf 81' lang='lat' dir='ltr'>crederet</span> <span class='ocrx_word' id='word_1_107' title='bbox 1760 1763 1776 1796; x_wconf 86' lang='grc'>¹</span> <span class='ocrx_word' id='word_1_108' title='bbox 1791 1760 1818 1814; x_wconf 79' lang='lat' dir='ltr'>‘I</span> <span class='ocrx_word' id='word_1_109' title='bbox 1834 1762 1920 1815; x_wconf 86' lang='lat' dir='ltr'>An</span> <span class='ocrx_word' id='word_1_110' title='bbox 1944 1761 2016 1814; x_wconf 90' lang='lat' dir='ltr'>ad</span> <span class='ocrx_word' id='word_1_111' title='bbox 2039 1761 2147 1814; x_wconf 90' lang='lat' dir='ltr'>hoc</span> <span class='ocrx_word' id='word_1_112' title='bbox 2166 1760 2314 1815; x_wconf 88' lang='lat' dir='ltr'>ﬁlias</span> 
     </span>
    </p>
   </div>
   <div class='ocr_carea' id='block_1_17' title="bbox 669 1848 2315 1922">
    <p class='ocr_par' dir='ltr' id='par_1_17' title="bbox 669 1848 2315 1922">
     <span class='ocr_line' id='line_1_17' title="bbox 669 1848 2315 1922; baseline -0.002 -15"><span class='ocrx_word' id='word_1_113' title='bbox 669 1854 913 1908; x_wconf 89' lang='lat' dir='ltr'>nimiam</span> <span class='ocrx_word' id='word_1_114' title='bbox 944 1851 1241 1908; x_wconf 78' lang='lat' dir='ltr'>tristitiam</span> <span class='ocrx_word' id='word_1_115' title='bbox 1276 1852 1562 1922; x_wconf 88' lang='lat' dir='ltr'>ﬁngentes</span> <span class='ocrx_word' id='word_1_116' title='bbox 1594 1850 1677 1904; x_wconf 89' lang='lat' dir='ltr'>ita</span> <span class='ocrx_word' id='word_1_117' title='bbox 1708 1848 1891 1905; x_wconf 90' lang='lat' dir='ltr'>voluit</span> <span class='ocrx_word' id='word_1_118' title='bbox 1919 1850 2225 1914; x_wconf 91' lang='lat' dir='ltr'>consolari,</span> <span class='ocrx_word' id='word_1_119' title='bbox 2250 1853 2315 1903; x_wconf 89' lang='lat' dir='ltr'>ut</span> 
     </span>
    </p>
   </div>
   <div class='ocr_carea' id='block_1_18' title="bbox 666 1937 2311 2009">
    <p class='ocr_par' dir='ltr' id='par_1_18' title="bbox 666 1937 2311 2009">
     <span class='ocr_line' id='line_1_18' title="bbox 666 1937 2311 2009; baseline -0.002 -13"><span class='ocrx_word' id='word_1_120' title='bbox 666 1940 827 1996; x_wconf 90' lang='lat' dir='ltr'>illius</span> <span class='ocrx_word' id='word_1_121' title='bbox 850 1940 1243 1996; x_wconf 89' lang='lat' dir='ltr'>destitutionis</span> <span class='ocrx_word' id='word_1_122' title='bbox 1261 1944 1316 1995; x_wconf 89' lang='lat' dir='ltr'>et</span> <span class='ocrx_word' id='word_1_123' title='bbox 1338 1942 1584 1994; x_wconf 90' lang='lat' dir='ltr'>materni</span> <span class='ocrx_word' id='word_1_124' title='bbox 1604 1938 1797 1993; x_wconf 91' lang='lat' dir='ltr'>luctus</span> <span class='ocrx_word' id='word_1_125' title='bbox 1818 1938 1981 1993; x_wconf 93' lang='lat' dir='ltr'>dolor</span> <span class='ocrx_word' id='word_1_126' title='bbox 2003 1939 2072 1993; x_wconf 90' lang='lat' dir='ltr'>de</span> <span class='ocrx_word' id='word_1_127' title='bbox 2094 1937 2311 2009; x_wconf 85' lang='lat' dir='ltr'>cogita-</span> 
     </span>
    </p>
   </div>
   <div class='ocr_carea' id='block_1_19' title="bbox 666 2027 2310 2099">
    <p class='ocr_par' dir='ltr' id='par_1_19' title="bbox 666 2027 2310 2099">
     <span class='ocr_line' id='line_1_19' title="bbox 666 2027 2310 2099; baseline -0.002 -15"><span class='ocrx_word' id='word_1_128' title='bbox 666 2030 823 2085; x_wconf 87' lang='lat' dir='ltr'>tione</span> <span class='ocrx_word' id='word_1_129' title='bbox 840 2030 1051 2085; x_wconf 90' lang='lat' dir='ltr'>mentis</span> <span class='ocrx_word' id='word_1_130' title='bbox 1065 2030 1233 2084; x_wconf 75' lang='lat' dir='ltr'>ebriae</span> <span class='ocrx_word' id='word_1_131' title='bbox 1250 2028 1750 2099; x_wconf 87' lang='lat' dir='ltr'>fugaretur,etiam</span> <span class='ocrx_word' id='word_1_132' title='bbox 1770 2027 1927 2098; x_wconf 91' lang='lat' dir='ltr'>ipsas</span> <span class='ocrx_word' id='word_1_133' title='bbox 1943 2028 2310 2081; x_wconf 86' lang='lat' dir='ltr'>tantumdem</span> 
     </span>
    </p>
   </div>
   <div class='ocr_carea' id='block_1_20' title="bbox 664 2116 2310 2188">
    <p class='ocr_par' dir='ltr' id='par_1_20' title="bbox 664 2116 2310 2188">
     <span class='ocr_line' id='line_1_20' title="bbox 664 2116 2310 2188; baseline -0.001 -14"><span class='ocrx_word' id='word_1_134' title='bbox 664 2121 862 2174; x_wconf 88' lang='lat' dir='ltr'>bibere</span> <span class='ocrx_word' id='word_1_135' title='bbox 883 2119 1246 2185; x_wconf 88' lang='lat' dir='ltr'>existimans,</span> <span class='ocrx_word' id='word_1_136' title='bbox 1266 2122 1323 2172; x_wconf 89' lang='lat' dir='ltr'>et</span> <span class='ocrx_word' id='word_1_137' title='bbox 1344 2117 1541 2188; x_wconf 87' lang='lat' dir='ltr'>aliqua</span> <span class='ocrx_word' id='word_1_138' title='bbox 1569 2117 1770 2171; x_wconf 82' lang='lat' dir='ltr'>fraude</span> <span class='ocrx_word' id='word_1_139' title='bbox 1791 2122 2026 2188; x_wconf 81' lang='lat' dir='ltr'>agentes</span> <span class='ocrx_word' id='word_1_140' title='bbox 2050 2132 2121 2171; x_wconf 92' lang='lat' dir='ltr'>ne</span> <span class='ocrx_word' id='word_1_141' title='bbox 2148 2116 2310 2172; x_wconf 88' lang='lat' dir='ltr'>bibe-</span> 
     </span>
    </p>
   </div>
   <div class='ocr_carea' id='block_1_21' title="bbox 664 2204 2312 2264">
    <p class='ocr_par' dir='ltr' id='par_1_21' title="bbox 664 2204 2312 2264">
     <span class='ocr_line' id='line_1_21' title="bbox 664 2204 2312 2264; baseline -0.001 -1"><span class='ocrx_word' id='word_1_142' title='bbox 664 2208 838 2264; x_wconf 83' lang='lat' dir='ltr'>rent?</span> <span class='ocrx_word' id='word_1_143' title='bbox 860 2209 967 2263; x_wconf 89' lang='lat' dir='ltr'>Sed</span> <span class='ocrx_word' id='word_1_144' title='bbox 990 2208 1166 2263; x_wconf 88' lang='lat' dir='ltr'>etiam</span> <span class='ocrx_word' id='word_1_145' title='bbox 1188 2206 1365 2261; x_wconf 86' lang='lat' dir='ltr'>talem</span> <span class='ocrx_word' id='word_1_146' title='bbox 1380 2206 1649 2261; x_wconf 86' lang='lat' dir='ltr'>tristibus</span> <span class='ocrx_word' id='word_1_147' title='bbox 1670 2206 1793 2261; x_wconf 89' lang='lat' dir='ltr'>suis</span> <span class='ocrx_word' id='word_1_148' title='bbox 1815 2204 2089 2260; x_wconf 88' lang='lat' dir='ltr'>adhibere</span> <span class='ocrx_word' id='word_1_149' title='bbox 2112 2222 2312 2261; x_wconf 86' lang='lat' dir='ltr'>conso-</span> 
     </span>
    </p>
   </div>
   <div class='ocr_carea' id='block_1_22' title="bbox 662 2295 2312 2367">
    <p class='ocr_par' dir='ltr' id='par_1_22' title="bbox 662 2295 2312 2367">
     <span class='ocr_line' id='line_1_22' title="bbox 662 2295 2312 2367; baseline 0.001 -17"><span class='ocrx_word' id='word_1_150' title='bbox 662 2297 938 2352; x_wconf 89' lang='lat' dir='ltr'>lationem</span> <span class='ocrx_word' id='word_1_151' title='bbox 964 2296 1250 2367; x_wconf 89' lang='lat' dir='ltr'>quomodo</span> <span class='ocrx_word' id='word_1_152' title='bbox 1276 2296 1711 2365; x_wconf 88' lang='lat' dir='ltr'>virumjustum</span> <span class='ocrx_word' id='word_1_153' title='bbox 1736 2295 2138 2363; x_wconf 91' lang='lat' dir='ltr'>decuerit,non</span> <span class='ocrx_word' id='word_1_154' title='bbox 2160 2295 2312 2351; x_wconf 90' lang='lat' dir='ltr'>vide-</span> 
     </span>
    </p>
   </div>
   <div class='ocr_carea' id='block_1_23' title="bbox 662 2383 2308 2455">
    <p class='ocr_par' dir='ltr' id='par_1_23' title="bbox 662 2383 2308 2455">
     <span class='ocr_line' id='line_1_23' title="bbox 662 2383 2308 2455; baseline -0.001 -14"><span class='ocrx_word' id='word_1_155' title='bbox 662 2402 815 2442; x_wconf 87' lang='lat' dir='ltr'>mus.</span> <span class='ocrx_word' id='word_1_156' title='bbox 855 2390 939 2441; x_wconf 86' lang='lat' dir='ltr'>An</span> <span class='ocrx_word' id='word_1_157' title='bbox 990 2386 1181 2455; x_wconf 89' lang='lat' dir='ltr'>aliqua</span> <span class='ocrx_word' id='word_1_158' title='bbox 1211 2383 1644 2439; x_wconf 89' lang='lat' dir='ltr'>Sodomitarum</span> <span class='ocrx_word' id='word_1_159' title='bbox 1678 2388 1801 2438; x_wconf 88' lang='lat' dir='ltr'>arte</span> <span class='ocrx_word' id='word_1_160' title='bbox 1831 2384 2089 2454; x_wconf 88' lang='lat' dir='ltr'>pessima</span> <span class='ocrx_word' id='word_1_161' title='bbox 2131 2384 2308 2440; x_wconf 88' lang='lat' dir='ltr'>etiam</span> 
     </span>
    </p>
   </div>
   <div class='ocr_carea' id='block_1_24' title="bbox 661 2472 2309 2547">
    <p class='ocr_par' dir='ltr' id='par_1_24' title="bbox 661 2472 2309 2547">
     <span class='ocr_line' id='line_1_24' title="bbox 661 2472 2309 2547; baseline -0.003 -16"><span class='ocrx_word' id='word_1_162' title='bbox 661 2476 861 2547; x_wconf 88' lang='lat' dir='ltr'>paucis</span> <span class='ocrx_word' id='word_1_163' title='bbox 887 2473 1107 2546; x_wconf 90' lang='lat' dir='ltr'>poculis</span> <span class='ocrx_word' id='word_1_164' title='bbox 1129 2478 1350 2545; x_wconf 88' lang='lat' dir='ltr'>patrem</span> <span class='ocrx_word' id='word_1_165' title='bbox 1374 2474 1456 2528; x_wconf 89' lang='lat' dir='ltr'>sic</span> <span class='ocrx_word' id='word_1_166' title='bbox 1488 2472 1774 2527; x_wconf 89' lang='lat' dir='ltr'>inebriare</span> <span class='ocrx_word' id='word_1_167' title='bbox 1793 2477 2128 2543; x_wconf 90' lang='lat' dir='ltr'>potuerunt,</span> <span class='ocrx_word' id='word_1_168' title='bbox 2150 2477 2213 2527; x_wconf 92' lang='lat' dir='ltr'>ut</span> <span class='ocrx_word' id='word_1_169' title='bbox 2234 2472 2309 2526; x_wconf 89' lang='lat' dir='ltr'>il-</span> 
     </span>
    </p>
   </div>
   <div class='ocr_carea' id='block_1_25' title="bbox 660 2560 2306 2636">
    <p class='ocr_par' dir='ltr' id='par_1_25' title="bbox 660 2560 2306 2636">
     <span class='ocr_line' id='line_1_25' title="bbox 660 2560 2306 2636; baseline -0.001 -17"><span class='ocrx_word' id='word_1_170' title='bbox 660 2563 756 2619; x_wconf 90' lang='lat' dir='ltr'>lud</span> <span class='ocrx_word' id='word_1_171' title='bbox 787 2570 1086 2636; x_wconf 89' lang='lat' dir='ltr'>peccatum</span> <span class='ocrx_word' id='word_1_172' title='bbox 1136 2579 1271 2617; x_wconf 90' lang='lat' dir='ltr'>cum</span> <span class='ocrx_word' id='word_1_173' title='bbox 1320 2561 1645 2633; x_wconf 84' lang='lat' dir='ltr'>ignorante,</span> <span class='ocrx_word' id='word_1_174' title='bbox 1678 2560 1763 2615; x_wconf 87' lang='lat' dir='ltr'>vel</span> <span class='ocrx_word' id='word_1_175' title='bbox 1797 2562 1990 2632; x_wconf 89' lang='lat' dir='ltr'>potius</span> <span class='ocrx_word' id='word_1_176' title='bbox 2039 2562 2110 2616; x_wconf 88' lang='lat' dir='ltr'>de</span> <span class='ocrx_word' id='word_1_177' title='bbox 2142 2562 2306 2633; x_wconf 88' lang='lat' dir='ltr'>igno-</span> 
     </span>
    </p>
   </div>
   <div class='ocr_carea' id='block_1_26' title="bbox 661 2649 2307 2722">
    <p class='ocr_par' dir='ltr' id='par_1_26' title="bbox 661 2649 2307 2722">
     <span class='ocr_line' id='line_1_26' title="bbox 661 2649 2307 2722; baseline -0.001 -14"><span class='ocrx_word' id='word_1_178' title='bbox 661 2659 825 2708; x_wconf 89' lang='lat' dir='ltr'>rante</span> <span class='ocrx_word' id='word_1_179' title='bbox 856 2651 1333 2707; x_wconf 85' lang='lat' dir='ltr'>committerent?</span> <span class='ocrx_word' id='word_1_180' title='bbox 1382 2651 1491 2705; x_wconf 90' lang='lat' dir='ltr'>Sed</span> <span class='ocrx_word' id='word_1_181' title='bbox 1525 2650 1736 2704; x_wconf 90' lang='lat' dir='ltr'>mirum</span> <span class='ocrx_word' id='word_1_182' title='bbox 1768 2649 1815 2703; x_wconf 91' lang='lat' dir='ltr'>si</span> <span class='ocrx_word' id='word_1_183' title='bbox 1868 2649 1975 2705; x_wconf 90' lang='lat' dir='ltr'>hoc</span> <span class='ocrx_word' id='word_1_184' title='bbox 2008 2650 2307 2722; x_wconf 88' lang='lat' dir='ltr'>Scriptura</span> 
     </span>
    </p>
   </div>
   <div class='ocr_carea' id='block_1_27' title="bbox 659 2737 2303 2806">
    <p class='ocr_par' dir='ltr' id='par_1_27' title="bbox 659 2737 2303 2806">
     <span class='ocr_line' id='line_1_27' title="bbox 659 2737 2303 2806; baseline 0 -11"><span class='ocrx_word' id='word_1_185' title='bbox 659 2741 857 2795; x_wconf 87' lang='lat' dir='ltr'>divina</span> <span class='ocrx_word' id='word_1_186' title='bbox 897 2740 1202 2806; x_wconf 88' lang='lat' dir='ltr'>tacuisset,</span> <span class='ocrx_word' id='word_1_187' title='bbox 1234 2737 1322 2793; x_wconf 91' lang='lat' dir='ltr'>vel</span> <span class='ocrx_word' id='word_1_188' title='bbox 1371 2755 1607 2793; x_wconf 90' lang='lat' dir='ltr'>servum</span> <span class='ocrx_word' id='word_1_189' title='bbox 1654 2755 1828 2793; x_wconf 91' lang='lat' dir='ltr'>suum</span> <span class='ocrx_word' id='word_1_190' title='bbox 1864 2743 2012 2795; x_wconf 87' lang='lat' dir='ltr'>Deus</span> <span class='ocrx_word' id='word_1_191' title='bbox 2043 2741 2169 2796; x_wconf 89' lang='lat' dir='ltr'>sine</span> <span class='ocrx_word' id='word_1_192' title='bbox 2200 2740 2303 2795; x_wconf 86' lang='lat' dir='ltr'>ali-</span> 
     </span>
    </p>
   </div>
   <div class='ocr_carea' id='block_1_28' title="bbox 657 2827 1962 2901">
    <p class='ocr_par' dir='ltr' id='par_1_28' title="bbox 657 2827 1962 2901">
     <span class='ocr_line' id='line_1_28' title="bbox 657 2827 1962 2901; baseline -0.002 -16"><span class='ocrx_word' id='word_1_193' title='bbox 657 2848 768 2901; x_wconf 90' lang='lat' dir='ltr'>quo</span> <span class='ocrx_word' id='word_1_194' title='bbox 798 2829 1117 2885; x_wconf 90' lang='lat' dir='ltr'>voluntatis</span> <span class='ocrx_word' id='word_1_195' title='bbox 1148 2830 1277 2899; x_wconf 84' lang='lat' dir='ltr'>ejus</span> <span class='ocrx_word' id='word_1_196' title='bbox 1306 2828 1444 2882; x_wconf 89' lang='lat' dir='ltr'>vitio</span> <span class='ocrx_word' id='word_1_197' title='bbox 1476 2828 1695 2899; x_wconf 78' lang='lat' dir='ltr'>perpeti</span> <span class='ocrx_word' id='word_1_198' title='bbox 1728 2827 1962 2883; x_wconf 90' lang='lat' dir='ltr'>sineret.</span> 
     </span>
    </p>
   </div>
   <div class='ocr_carea' id='block_1_29' title="bbox 726 2916 2300 2987">
    <p class='ocr_par' dir='ltr' id='par_1_29' title="bbox 726 2916 2300 2987">
     <span class='ocr_line' id='line_1_29' title="bbox 726 2916 2300 2987; baseline 0 -12"><span class='ocrx_word' id='word_1_199' title='bbox 726 2919 961 2976; x_wconf 83' lang='lat' dir='ltr'>CAPUT</span> <span class='ocrx_word' id='word_1_200' title='bbox 990 2918 1148 2973; x_wconf 88' lang='lat' dir='ltr'>XLV.</span> <span class='ocrx_word' id='word_1_201' title='bbox 1184 2948 1254 2957; x_wconf 88' lang='lat'><strong><em>—</em></strong></span> <span class='ocrx_word' id='word_1_202' title='bbox 1286 2917 1401 2972; x_wconf 92' lang='lat' dir='ltr'>Nos</span> <span class='ocrx_word' id='word_1_203' title='bbox 1456 2922 1650 2971; x_wconf 90' lang='lat' dir='ltr'>tamen</span> <span class='ocrx_word' id='word_1_204' title='bbox 1683 2916 2009 2987; x_wconf 88' lang='lat' dir='ltr'>Scripturas</span> <span class='ocrx_word' id='word_1_205' title='bbox 2049 2924 2300 2987; x_wconf 90' lang='lat' dir='ltr'>sanctas,</span> 
     </span>
    </p>
   </div>
   <div class='ocr_carea' id='block_1_30' title="bbox 654 3005 2303 3078">
    <p class='ocr_par' dir='ltr' id='par_1_30' title="bbox 654 3005 2303 3078">
     <span class='ocr_line' id='line_1_30' title="bbox 654 3005 2303 3078; baseline 0.002 -14"><span class='ocrx_word' id='word_1_206' title='bbox 654 3025 769 3064; x_wconf 88' lang='lat' dir='ltr'>non</span> <span class='ocrx_word' id='word_1_207' title='bbox 795 3008 1103 3063; x_wconf 90' lang='lat' dir='ltr'>hominum</span> <span class='ocrx_word' id='word_1_208' title='bbox 1126 3005 1896 3078; x_wconf 85' lang='lat' dir='ltr'>peccatadefendimus.Non</span> <span class='ocrx_word' id='word_1_209' title='bbox 1914 3006 1997 3060; x_wconf 90' lang='lat' dir='ltr'>sic</span> <span class='ocrx_word' id='word_1_210' title='bbox 2019 3013 2213 3063; x_wconf 90' lang='lat' dir='ltr'>autem</span> <span class='ocrx_word' id='word_1_211' title='bbox 2232 3012 2303 3067; x_wconf 89' lang='lat' dir='ltr'>de</span> 
     </span>
    </p>
   </div>
   <div class='ocr_carea' id='block_1_31' title="bbox 651 3094 2300 3167">
    <p class='ocr_par' dir='ltr' id='par_1_31' title="bbox 651 3094 2300 3167">
     <span class='ocr_line' id='line_1_31' title="bbox 651 3094 2300 3167; baseline 0.002 -16"><span class='ocrx_word' id='word_1_212' title='bbox 651 3096 830 3167; x_wconf 86' lang='lat' dir='ltr'>huius</span> <span class='ocrx_word' id='word_1_213' title='bbox 864 3096 995 3151; x_wconf 91' lang='lat' dir='ltr'>facti</span> <span class='ocrx_word' id='word_1_214' title='bbox 1028 3094 1371 3166; x_wconf 85' lang='lat' dir='ltr'>purgatione</span> <span class='ocrx_word' id='word_1_215' title='bbox 1419 3095 1764 3163; x_wconf 86' lang='lat' dir='ltr'>satagimus,</span> <span class='ocrx_word' id='word_1_216' title='bbox 1798 3095 1967 3163; x_wconf 89' lang='lat' dir='ltr'>quasi</span> <span class='ocrx_word' id='word_1_217' title='bbox 2011 3095 2114 3151; x_wconf 90' lang='lat' dir='ltr'>hoc</span> <span class='ocrx_word' id='word_1_218' title='bbox 2145 3098 2300 3155; x_wconf 88' lang='lat' dir='ltr'>Deus</span> 
     </span>
    </p>
   </div>
   <div class='ocr_carea' id='block_1_32' title="bbox 650 3182 2299 3255">
    <p class='ocr_par' dir='ltr' id='par_1_32' title="bbox 650 3182 2299 3255">
     <span class='ocr_line' id='line_1_32' title="bbox 650 3182 2299 3255; baseline 0.002 -14"><span class='ocrx_word' id='word_1_219' title='bbox 650 3183 1363 3255; x_wconf 86' lang='lat' dir='ltr'>nosterautﬁerijusserit,</span> <span class='ocrx_word' id='word_1_220' title='bbox 1385 3187 1485 3237; x_wconf 88' lang='lat' dir='ltr'>aut</span> <span class='ocrx_word' id='word_1_221' title='bbox 1501 3182 1718 3238; x_wconf 85' lang='lat' dir='ltr'>factum</span> <span class='ocrx_word' id='word_1_222' title='bbox 1734 3185 2170 3254; x_wconf 85' lang='lat' dir='ltr'>approbaverit;</span> <span class='ocrx_word' id='word_1_223' title='bbox 2197 3193 2299 3245; x_wconf 88' lang='lat' dir='ltr'>aut</span> 
     </span>
    </p>
   </div>
   <div class='ocr_carea' id='block_1_33' title="bbox 646 3268 2295 3345">
    <p class='ocr_par' dir='ltr' id='par_1_33' title="bbox 646 3268 2295 3345">
     <span class='ocr_line' id='line_1_33' title="bbox 646 3268 2295 3345; baseline 0.001 -15"><span class='ocrx_word' id='word_1_224' title='bbox 646 3274 888 3345; x_wconf 88' lang='lat' dir='ltr'>itajusti</span> <span class='ocrx_word' id='word_1_225' title='bbox 912 3274 1177 3329; x_wconf 89' lang='lat' dir='ltr'>homines</span> <span class='ocrx_word' id='word_1_226' title='bbox 1200 3273 1258 3326; x_wconf 91' lang='lat' dir='ltr'>in</span> <span class='ocrx_word' id='word_1_227' title='bbox 1282 3270 1397 3326; x_wconf 88' lang='lat' dir='ltr'>illis</span> <span class='ocrx_word' id='word_1_228' title='bbox 1421 3270 1606 3325; x_wconf 92' lang='lat' dir='ltr'>Libris</span> <span class='ocrx_word' id='word_1_229' title='bbox 1630 3268 2016 3340; x_wconf 87' lang='lat' dir='ltr'>appellentur,</span> <span class='ocrx_word' id='word_1_230' title='bbox 2044 3275 2176 3329; x_wconf 90' lang='lat' dir='ltr'>utsi</span> <span class='ocrx_word' id='word_1_231' title='bbox 2200 3293 2295 3331; x_wconf 92' lang='lat' dir='ltr'>vo-</span> 
     </span>
    </p>
   </div>
   <div class='ocr_carea' id='block_1_34' title="bbox 645 3359 2294 3435">
    <p class='ocr_par' dir='ltr' id='par_1_34' title="bbox 645 3359 2294 3435">
     <span class='ocr_line' id='line_1_34' title="bbox 645 3359 2294 3435; baseline 0.001 -16"><span class='ocrx_word' id='word_1_232' title='bbox 645 3364 859 3419; x_wconf 91' lang='lat' dir='ltr'>luerint</span> <span class='ocrx_word' id='word_1_233' title='bbox 891 3380 1147 3435; x_wconf 84' lang='lat' dir='ltr'>peccare,</span> <span class='ocrx_word' id='word_1_234' title='bbox 1196 3379 1310 3416; x_wconf 84' lang='lat' dir='ltr'>nou</span> <span class='ocrx_word' id='word_1_235' title='bbox 1341 3359 1588 3432; x_wconf 88' lang='lat' dir='ltr'>possint.</span> <span class='ocrx_word' id='word_1_236' title='bbox 1623 3359 1767 3414; x_wconf 89' lang='lat' dir='ltr'>Cum</span> <span class='ocrx_word' id='word_1_237' title='bbox 1800 3375 1936 3431; x_wconf 89' lang='lat' dir='ltr'>ergo</span> <span class='ocrx_word' id='word_1_238' title='bbox 1968 3361 2024 3416; x_wconf 91' lang='lat' dir='ltr'>in</span> <span class='ocrx_word' id='word_1_239' title='bbox 2062 3364 2294 3421; x_wconf 89' lang='lat' dir='ltr'>Litleris</span> 
     </span>
    </p>
   </div>
   <div class='ocr_carea' id='block_1_35' title="bbox 647 3448 2290 3525">
    <p class='ocr_par' dir='ltr' id='par_1_35' title="bbox 647 3448 2290 3525">
     <span class='ocr_line' id='line_1_35' title="bbox 647 3448 2290 3525; baseline 0.001 -18"><span class='ocrx_word' id='word_1_240' title='bbox 647 3470 792 3525; x_wconf 89' lang='lat' dir='ltr'>quas</span> <span class='ocrx_word' id='word_1_241' title='bbox 815 3453 909 3508; x_wconf 90' lang='lat' dir='ltr'>isti</span> <span class='ocrx_word' id='word_1_242' title='bbox 934 3452 1385 3524; x_wconf 89' lang='lat' dir='ltr'>reprehendunt,</span> <span class='ocrx_word' id='word_1_243' title='bbox 1412 3454 1561 3504; x_wconf 89' lang='lat' dir='ltr'>Deus</span> <span class='ocrx_word' id='word_1_244' title='bbox 1583 3448 1719 3503; x_wconf 90' lang='lat' dir='ltr'>huic</span> <span class='ocrx_word' id='word_1_245' title='bbox 1742 3449 1893 3503; x_wconf 87' lang='lat' dir='ltr'>facto</span> <span class='ocrx_word' id='word_1_246' title='bbox 1918 3450 2290 3525; x_wconf 88' lang='lat' dir='ltr'>nullumjus-</span> 
     </span>
    </p>
   </div>
   <div class='ocr_carea' id='block_1_36' title="bbox 646 3537 2293 3615">
    <p class='ocr_par' dir='ltr' id='par_1_36' title="bbox 646 3537 2293 3615">
     <span class='ocr_line' id='line_1_36' title="bbox 646 3537 2293 3615; baseline 0.001 -18"><span class='ocrx_word' id='word_1_247' title='bbox 646 3543 783 3597; x_wconf 65' lang='lat' dir='ltr'>titiaa</span> <span class='ocrx_word' id='word_1_248' title='bbox 806 3542 1206 3615; x_wconf 86' lang='lat' dir='ltr'>testimonium</span> <span class='ocrx_word' id='word_1_249' title='bbox 1233 3537 1610 3611; x_wconf 88' lang='lat' dir='ltr'>perhibuerit,</span> <span class='ocrx_word' id='word_1_250' title='bbox 1646 3555 1761 3609; x_wconf 90' lang='lat' dir='ltr'>qua</span> <span class='ocrx_word' id='word_1_251' title='bbox 1786 3540 2079 3595; x_wconf 88' lang='lat' dir='ltr'>dementia</span> <span class='ocrx_word' id='word_1_252' title='bbox 2109 3547 2293 3598; x_wconf 80' lang='lat' dir='ltr'>teme-</span> 
     </span>
    </p>
   </div>
   <div class='ocr_carea' id='block_1_37' title="bbox 646 3627 2288 3695">
    <p class='ocr_par' dir='ltr' id='par_1_37' title="bbox 646 3627 2288 3695">
     <span class='ocr_line' id='line_1_37' title="bbox 646 3627 2288 3695; baseline -0.001 -10"><span class='ocrx_word' id='word_1_253' title='bbox 646 3631 838 3685; x_wconf 86' lang='lat' dir='ltr'>ritatis</span> <span class='ocrx_word' id='word_1_254' title='bbox 870 3629 1004 3684; x_wconf 90' lang='lat' dir='ltr'>hinc</span> <span class='ocrx_word' id='word_1_255' title='bbox 1026 3628 1156 3683; x_wconf 86' lang='lat' dir='ltr'>illas</span> <span class='ocrx_word' id='word_1_256' title='bbox 1182 3628 1424 3681; x_wconf 84' lang='lat' dir='ltr'>Litteras</span> <span class='ocrx_word' id='word_1_257' title='bbox 1449 3641 1722 3679; x_wconf 89' lang='lat' dir='ltr'>accusare</span> <span class='ocrx_word' id='word_1_258' title='bbox 1751 3627 2133 3695; x_wconf 89' lang='lat' dir='ltr'>contendunt,</span> <span class='ocrx_word' id='word_1_259' title='bbox 2155 3646 2288 3684; x_wconf 92' lang='lat' dir='ltr'>cum</span> 
     </span>
    </p>
   </div>
   <div class='ocr_carea' id='block_1_38' title="bbox 644 3714 2289 3787">
    <p class='ocr_par' dir='ltr' id='par_1_38' title="bbox 644 3714 2289 3787">
     <span class='ocr_line' id='line_1_38' title="bbox 644 3714 2289 3787; baseline 0 -13"><span class='ocrx_word' id='word_1_260' title='bbox 644 3719 777 3774; x_wconf 89' lang='lat' dir='ltr'>aliis</span> <span class='ocrx_word' id='word_1_261' title='bbox 807 3736 1009 3774; x_wconf 81' lang='lat' dir='ltr'>earum</span> <span class='ocrx_word' id='word_1_262' title='bbox 1065 3718 1205 3771; x_wconf 89' lang='lat' dir='ltr'>locis</span> <span class='ocrx_word' id='word_1_263' title='bbox 1247 3714 1618 3787; x_wconf 89' lang='lat' dir='ltr'>apertissime</span> <span class='ocrx_word' id='word_1_264' title='bbox 1660 3714 2032 3769; x_wconf 86' lang='lat' dir='ltr'>inveniantur</span> <span class='ocrx_word' id='word_1_265' title='bbox 2075 3718 2289 3775; x_wconf 88' lang='lat' dir='ltr'>divinis</span> 
     </span>
    </p>
   </div>
   <div class='ocr_carea' id='block_1_39' title="bbox 644 3802 2288 3880">
    <p class='ocr_par' dir='ltr' id='par_1_39' title="bbox 644 3802 2288 3880">
     <span class='ocr_line' id='line_1_39' title="bbox 644 3802 2288 3880; baseline 0.001 -18"><span class='ocrx_word' id='word_1_266' title='bbox 644 3808 946 3880; x_wconf 64' lang='lat' dir='ltr'>praeceptis</span> <span class='ocrx_word' id='word_1_267' title='bbox 976 3807 1091 3861; x_wconf 86' lang='lat' dir='ltr'>ista</span> <span class='ocrx_word' id='word_1_268' title='bbox 1139 3802 1479 3875; x_wconf 84' lang='lat' dir='ltr'>prohiberi?</span> <span class='ocrx_word' id='word_1_269' title='bbox 1518 3802 1680 3857; x_wconf 89' lang='lat' dir='ltr'>Unde</span> <span class='ocrx_word' id='word_1_270' title='bbox 1712 3804 1769 3858; x_wconf 91' lang='lat' dir='ltr'>in</span> <span class='ocrx_word' id='word_1_271' title='bbox 1804 3802 1904 3857; x_wconf 88' lang='lat' dir='ltr'>illa</span> <span class='ocrx_word' id='word_1_272' title='bbox 1934 3821 1992 3858; x_wconf 92' lang='lat' dir='ltr'>re</span> <span class='ocrx_word' id='word_1_273' title='bbox 2023 3811 2186 3875; x_wconf 85' lang='lat' dir='ltr'>gesta</span> <span class='ocrx_word' id='word_1_274' title='bbox 2218 3808 2288 3864; x_wconf 92' lang='lat' dir='ltr'>de</span> 
     </span>
    </p>
   </div>
   <div class='ocr_carea' id='block_1_40' title="bbox 640 3892 2280 3970">
    <p class='ocr_par' dir='ltr' id='par_1_40' title="bbox 640 3892 2280 3970">
     <span class='ocr_line' id='line_1_40' title="bbox 640 3892 2280 3970; baseline -0.001 -17"><span class='ocrx_word' id='word_1_275' title='bbox 640 3913 812 3970; x_wconf 88' lang='lat' dir='ltr'>opere</span> <span class='ocrx_word' id='word_1_276' title='bbox 842 3897 1098 3952; x_wconf 85' lang='lat' dir='ltr'>ﬁliarum</span> <span class='ocrx_word' id='word_1_277' title='bbox 1130 3893 1274 3949; x_wconf 87' lang='lat' dir='ltr'>Loth</span> <span class='ocrx_word' id='word_1_278' title='bbox 1306 3898 1540 3947; x_wconf 90' lang='lat' dir='ltr'>narrata</span> <span class='ocrx_word' id='word_1_279' title='bbox 1569 3892 1682 3946; x_wconf 88' lang='lat' dir='ltr'>ista</span> <span class='ocrx_word' id='word_1_280' title='bbox 1711 3896 1869 3957; x_wconf 89' lang='lat' dir='ltr'>sunt,</span> <span class='ocrx_word' id='word_1_281' title='bbox 1890 3909 2002 3947; x_wconf 93' lang='lat' dir='ltr'>non</span> <span class='ocrx_word' id='word_1_282' title='bbox 2026 3893 2280 3953; x_wconf 88' lang='lat' dir='ltr'>laudata.</span> 
     </span>
    </p>
   </div>
   <div class='ocr_carea' id='block_1_41' title="bbox 634 3980 2282 4052">
    <p class='ocr_par' dir='ltr' id='par_1_41' title="bbox 634 3980 2282 4052">
     <span class='ocr_line' id='line_1_41' title="bbox 634 3980 2282 4052; baseline -0.002 -10"><span class='ocrx_word' id='word_1_283' title='bbox 634 3986 909 4051; x_wconf 67' lang='lat' dir='ltr'>Quaedam</span> <span class='ocrx_word' id='word_1_284' title='bbox 940 4002 1070 4041; x_wconf 89' lang='lat' dir='ltr'>vero</span> <span class='ocrx_word' id='word_1_285' title='bbox 1102 3982 1403 4039; x_wconf 88' lang='lat' dir='ltr'>enuntiato</span> <span class='ocrx_word' id='word_1_286' title='bbox 1429 3980 1653 4051; x_wconf 88' lang='lat' dir='ltr'>judicio</span> <span class='ocrx_word' id='word_1_287' title='bbox 1687 3981 1803 4047; x_wconf 93' lang='lat' dir='ltr'>Dei,</span> <span class='ocrx_word' id='word_1_288' title='bbox 1838 3982 2103 4052; x_wconf 81' lang='lat' dir='ltr'>quaedam</span> <span class='ocrx_word' id='word_1_289' title='bbox 2137 3985 2282 4040; x_wconf 89' lang='lat' dir='ltr'>taci-</span> 
     </span>
    </p>
   </div>
   <div class='ocr_carea' id='block_1_42' title="bbox 628 4070 2280 4146">
    <p class='ocr_par' dir='ltr' id='par_1_42' title="bbox 628 4070 2280 4146">
     <span class='ocr_line' id='line_1_42' title="bbox 628 4070 2280 4146; baseline -0.001 -14"><span class='ocrx_word' id='word_1_290' title='bbox 628 4080 687 4131; x_wconf 90' lang='lat' dir='ltr'>to</span> <span class='ocrx_word' id='word_1_291' title='bbox 721 4076 942 4131; x_wconf 88' lang='lat' dir='ltr'>narrari</span> <span class='ocrx_word' id='word_1_292' title='bbox 975 4072 1232 4146; x_wconf 90' lang='lat' dir='ltr'>oportuit</span> <span class='ocrx_word' id='word_1_293' title='bbox 1260 4089 1273 4126; x_wconf 88' lang='lat'><strong><em>:</em></strong></span> <span class='ocrx_word' id='word_1_294' title='bbox 1308 4076 1374 4126; x_wconf 89' lang='lat' dir='ltr'>ut</span> <span class='ocrx_word' id='word_1_295' title='bbox 1402 4070 1633 4141; x_wconf 87' lang='lat' dir='ltr'>quando</span> <span class='ocrx_word' id='word_1_296' title='bbox 1667 4070 1953 4139; x_wconf 88' lang='lat' dir='ltr'>promitur</span> <span class='ocrx_word' id='word_1_297' title='bbox 1974 4073 2111 4142; x_wconf 88' lang='lat' dir='ltr'>quid</span> <span class='ocrx_word' id='word_1_298' title='bbox 2144 4074 2280 4130; x_wconf 85' lang='lat' dir='ltr'>inde</span> 
     </span>
    </p>
   </div>
   <div class='ocr_carea' id='block_1_43' title="bbox 617 4160 2275 4235">
    <p class='ocr_par' dir='ltr' id='par_1_43' title="bbox 617 4160 2275 4235">
     <span class='ocr_line' id='line_1_43' title="bbox 617 4160 2275 4235; baseline -0.001 -16"><span class='ocrx_word' id='word_1_299' title='bbox 617 4165 971 4235; x_wconf 84' lang='lat' dir='ltr'>judicaverit</span> <span class='ocrx_word' id='word_1_300' title='bbox 1032 4170 1221 4232; x_wconf 87' lang='lat' dir='ltr'>Deus,</span> <span class='ocrx_word' id='word_1_301' title='bbox 1289 4160 1615 4214; x_wconf 86' lang='lat' dir='ltr'>instruatur</span> <span class='ocrx_word' id='word_1_302' title='bbox 1671 4164 1869 4214; x_wconf 87' lang='lat' dir='ltr'>nostra</span> <span class='ocrx_word' id='word_1_303' title='bbox 1929 4160 2275 4231; x_wconf 85' lang='lat' dir='ltr'>imperitia;</span> 
     </span>
    </p>
   </div>
   <div class='ocr_carea' id='block_1_44' title="bbox 624 4246 2274 4326">
    <p class='ocr_par' dir='ltr' id='par_1_44' title="bbox 624 4246 2274 4326">
     <span class='ocr_line' id='line_1_44' title="bbox 624 4246 2274 4326; baseline -0.009 -17"><span class='ocrx_word' id='word_1_304' title='bbox 624 4255 857 4326; x_wconf 88' lang='lat' dir='ltr'>quando</span> <span class='ocrx_word' id='word_1_305' title='bbox 940 4258 1132 4307; x_wconf 90' lang='lat' dir='ltr'>autem</span> <span class='ocrx_word' id='word_1_306' title='bbox 1217 4254 1480 4314; x_wconf 89' lang='lat' dir='ltr'>tacetur,</span> <span class='ocrx_word' id='word_1_307' title='bbox 1557 4246 1642 4301; x_wconf 87' lang='lat' dir='ltr'>vel</span> <span class='ocrx_word' id='word_1_308' title='bbox 1718 4254 2049 4303; x_wconf 83' lang='lat' dir='ltr'>exerceatur</span> <span class='ocrx_word' id='word_1_309' title='bbox 2123 4253 2274 4321; x_wconf 72' lang='lat' dir='ltr'>peri-</span> 
     </span>
    </p>
   </div>
   <div class='ocr_carea' id='block_1_45' title="bbox 620 4328 2271 4413">
    <p class='ocr_par' dir='ltr' id='par_1_45' title="bbox 620 4328 2271 4413">
     <span class='ocr_line' id='line_1_45' title="bbox 620 4328 2271 4413; baseline 0 -17"><span class='ocrx_word' id='word_1_310' title='bbox 620 4328 721 4408; x_wconf 74' lang='lat' dir='ltr'>tia,</span> <span class='ocrx_word' id='word_1_311' title='bbox 769 4349 832 4397; x_wconf 92' lang='lat' dir='ltr'>ut</span> <span class='ocrx_word' id='word_1_312' title='bbox 878 4342 1033 4413; x_wconf 92' lang='lat' dir='ltr'>quod</span> <span class='ocrx_word' id='word_1_313' title='bbox 1086 4340 1223 4395; x_wconf 89' lang='lat' dir='ltr'>alibi</span> <span class='ocrx_word' id='word_1_314' title='bbox 1268 4338 1583 4392; x_wconf 88' lang='lat' dir='ltr'>didicimus</span> <span class='ocrx_word' id='word_1_315' title='bbox 1634 4338 1995 4405; x_wconf 89' lang='lat' dir='ltr'>recolamus;</span> <span class='ocrx_word' id='word_1_316' title='bbox 2045 4339 2131 4394; x_wconf 88' lang='lat' dir='ltr'>vel</span> <span class='ocrx_word' id='word_1_317' title='bbox 2176 4358 2271 4396; x_wconf 83' lang='lat' dir='ltr'>ex-</span> 
     </span>
    </p>
   </div>
   <div class='ocr_carea' id='block_1_46' title="bbox 617 4426 2271 4502">
    <p class='ocr_par' dir='ltr' id='par_1_46' title="bbox 617 4426 2271 4502">
     <span class='ocr_line' id='line_1_46' title="bbox 617 4426 2271 4502; baseline -0.002 -16"><span class='ocrx_word' id='word_1_318' title='bbox 617 4432 875 4487; x_wconf 88' lang='lat' dir='ltr'>cutiatur</span> <span class='ocrx_word' id='word_1_319' title='bbox 924 4429 1174 4502; x_wconf 88' lang='lat' dir='ltr'>pigritia,</span> <span class='ocrx_word' id='word_1_320' title='bbox 1236 4432 1300 4482; x_wconf 90' lang='lat' dir='ltr'>ut</span> <span class='ocrx_word' id='word_1_321' title='bbox 1346 4427 1501 4497; x_wconf 91' lang='lat' dir='ltr'>quod</span> <span class='ocrx_word' id='word_1_322' title='bbox 1543 4426 1799 4479; x_wconf 91' lang='lat' dir='ltr'>nondum</span> <span class='ocrx_word' id='word_1_323' title='bbox 1856 4426 2118 4483; x_wconf 85' lang='lat' dir='ltr'>novimus</span> <span class='ocrx_word' id='word_1_324' title='bbox 2176 4429 2271 4483; x_wconf 89' lang='lat' dir='ltr'>in-</span> 
     </span>
    </p>
   </div>
   <div class='ocr_carea' id='block_1_47' title="bbox 616 4514 2266 4592">
    <p class='ocr_par' dir='ltr' id='par_1_47' title="bbox 616 4514 2266 4592">
     <span class='ocr_line' id='line_1_47' title="bbox 616 4514 2266 4592; baseline -0.001 -18"><span class='ocrx_word' id='word_1_325' title='bbox 616 4520 941 4592; x_wconf 87' lang='lat' dir='ltr'>quiramus.</span> <span class='ocrx_word' id='word_1_326' title='bbox 975 4520 1126 4575; x_wconf 89' lang='lat' dir='ltr'>Deus</span> <span class='ocrx_word' id='word_1_327' title='bbox 1174 4533 1331 4587; x_wconf 89' lang='lat' dir='ltr'>ergo,</span> <span class='ocrx_word' id='word_1_328' title='bbox 1386 4515 1484 4585; x_wconf 92' lang='lat' dir='ltr'>qui</span> <span class='ocrx_word' id='word_1_329' title='bbox 1538 4515 1696 4569; x_wconf 81' lang='lat' dir='ltr'>novit</span> <span class='ocrx_word' id='word_1_330' title='bbox 1750 4522 1803 4568; x_wconf 91' lang='lat' dir='ltr'>et</span> <span class='ocrx_word' id='word_1_331' title='bbox 1856 4514 1926 4568; x_wconf 88' lang='lat' dir='ltr'>de</span> <span class='ocrx_word' id='word_1_332' title='bbox 1960 4514 2266 4573; x_wconf 85' lang='lat' dir='ltr'>hominum</span> 
     </span>
    </p>
   </div>
   <div class='ocr_carea' id='block_1_48' title="bbox 611 4604 2263 4679">
    <p class='ocr_par' dir='ltr' id='par_1_48' title="bbox 611 4604 2263 4679">
     <span class='ocr_line' id='line_1_48' title="bbox 611 4604 2263 4679; baseline -0.001 -16"><span class='ocrx_word' id='word_1_333' title='bbox 611 4623 782 4679; x_wconf 86' lang='lat' dir='ltr'>Opere</span> <span class='ocrx_word' id='word_1_334' title='bbox 805 4608 955 4663; x_wconf 90' lang='lat' dir='ltr'>malo</span> <span class='ocrx_word' id='word_1_335' title='bbox 981 4610 1163 4662; x_wconf 86' lang='lat' dir='ltr'>facere</span> <span class='ocrx_word' id='word_1_336' title='bbox 1185 4621 1361 4676; x_wconf 90' lang='lat' dir='ltr'>opera</span> <span class='ocrx_word' id='word_1_337' title='bbox 1386 4605 1556 4669; x_wconf 87' lang='lat' dir='ltr'>bona,</span> <span class='ocrx_word' id='word_1_338' title='bbox 1584 4611 1787 4674; x_wconf 88' lang='lat' dir='ltr'>gentes</span> <span class='ocrx_word' id='word_1_339' title='bbox 1813 4620 1959 4672; x_wconf 88' lang='lat' dir='ltr'>quas</span> <span class='ocrx_word' id='word_1_340' title='bbox 1981 4604 2177 4672; x_wconf 91' lang='lat' dir='ltr'>voluit,</span> <span class='ocrx_word' id='word_1_341' title='bbox 2195 4623 2263 4662; x_wconf 85' lang='lat' dir='ltr'>ex</span> 
     </span>
    </p>
   </div>
   <div class='ocr_carea' id='block_1_49' title="bbox 605 4692 2263 4767">
    <p class='ocr_par' dir='ltr' id='par_1_49' title="bbox 605 4692 2263 4767">
     <span class='ocr_line' id='line_1_49' title="bbox 605 4692 2263 4767; baseline 0.001 -17"><span class='ocrx_word' id='word_1_342' title='bbox 605 4696 705 4752; x_wconf 90' lang='lat' dir='ltr'>illo</span> <span class='ocrx_word' id='word_1_343' title='bbox 729 4697 948 4752; x_wconf 88' lang='lat' dir='ltr'>semine</span> <span class='ocrx_word' id='word_1_344' title='bbox 972 4695 1329 4767; x_wconf 78' lang='lat' dir='ltr'>prepagavit,</span> <span class='ocrx_word' id='word_1_345' title='bbox 1356 4710 1470 4748; x_wconf 89' lang='lat' dir='ltr'>non</span> <span class='ocrx_word' id='word_1_346' title='bbox 1503 4692 1835 4761; x_wconf 84' lang='lat' dir='ltr'>Scripturas</span> <span class='ocrx_word' id='word_1_347' title='bbox 1858 4708 1994 4746; x_wconf 85' lang='lat' dir='ltr'>suas</span> <span class='ocrx_word' id='word_1_348' title='bbox 2028 4702 2263 4765; x_wconf 89' lang='lat' dir='ltr'>propter</span> 
     </span>
    </p>
   </div>
   <div class='ocr_carea' id='block_1_50' title="bbox 604 4779 2254 4855">
    <p class='ocr_par' dir='ltr' id='par_1_50' title="bbox 604 4779 2254 4855">
     <span class='ocr_line' id='line_1_50' title="bbox 604 4779 2254 4855; baseline 0 -16"><span class='ocrx_word' id='word_1_349' title='bbox 604 4785 909 4841; x_wconf 86' lang='lat' dir='ltr'>hominum</span> <span class='ocrx_word' id='word_1_350' title='bbox 951 4789 1187 4855; x_wconf 87' lang='lat' dir='ltr'>peccata</span> <span class='ocrx_word' id='word_1_351' title='bbox 1225 4781 1540 4838; x_wconf 87' lang='lat' dir='ltr'>damnavit.</span> <span class='ocrx_word' id='word_1_352' title='bbox 1578 4779 1836 4834; x_wconf 91' lang='lat' dir='ltr'>Prodidit</span> <span class='ocrx_word' id='word_1_353' title='bbox 1868 4780 2082 4852; x_wconf 89' lang='lat' dir='ltr'>quippe</span> <span class='ocrx_word' id='word_1_354' title='bbox 2122 4783 2254 4855; x_wconf 89' lang='lat' dir='ltr'>ista,</span> 
     </span>
    </p>
   </div>
   <div class='ocr_carea' id='block_1_51' title="bbox 1444 379 3323 451">
    <p class='ocr_par' dir='ltr' id='par_1_51' title="bbox 1444 379 3323 451">
     <span class='ocr_line' id='line_1_51' title="bbox 1444 379 3323 451; baseline -0.001 -7"><span class='ocrx_word' id='word_1_355' title='bbox 1444 384 1747 445; x_wconf 81' lang='lat' dir='ltr'>CONTRA</span> <span class='ocrx_word' id='word_1_356' title='bbox 1794 381 2163 444; x_wconf 81' lang='lat' dir='ltr'>FAUSTUM</span> <span class='ocrx_word' id='word_1_357' title='bbox 2216 379 2735 451; x_wconf 71' lang='lat' dir='ltr'>MANICH/EUM,</span> <span class='ocrx_word' id='word_1_358' title='bbox 2782 383 2845 441; x_wconf 93' lang='lat' dir='ltr'>S.</span> <span class='ocrx_word' id='word_1_359' title='bbox 2895 383 3323 444; x_wconf 81' lang='lat' dir='ltr'><strong>AUGUSTINI</strong></span> 
     </span>
    </p>
   </div>
   <div class='ocr_carea' id='block_1_52' title="bbox 3981 392 4099 452">
    <p class='ocr_par' dir='ltr' id='par_1_52' title="bbox 3981 392 4099 452">
     <span class='ocr_line' id='line_1_52' title="bbox 3981 392 4099 452; baseline 0.034 -4"><span class='ocrx_word' id='word_1_360' title='bbox 3981 392 4099 452; x_wconf 65' lang='lat'>4‘28</span> 
     </span>
    </p>
   </div>
   <div class='ocr_carea' id='block_1_53' title="bbox 2438 515 4096 587">
    <p class='ocr_par' dir='ltr' id='par_1_53' title="bbox 2438 515 4096 587">
     <span class='ocr_line' id='line_1_53' title="bbox 2438 515 4096 587; baseline 0.007 -20"><span class='ocrx_word' id='word_1_361' title='bbox 2438 530 2693 579; x_wconf 87' lang='lat' dir='ltr'>uxorem,</span> <span class='ocrx_word' id='word_1_362' title='bbox 2729 516 2869 585; x_wconf 89' lang='lat' dir='ltr'>quid</span> <span class='ocrx_word' id='word_1_363' title='bbox 2902 516 3137 585; x_wconf 87' lang='lat' dir='ltr'>mirum,</span> <span class='ocrx_word' id='word_1_364' title='bbox 3168 524 3265 569; x_wconf 84' lang='lat' dir='ltr'>aut</span> <span class='ocrx_word' id='word_1_365' title='bbox 3298 515 3435 586; x_wconf 91' lang='lat' dir='ltr'>quid</span> <span class='ocrx_word' id='word_1_366' title='bbox 3462 533 3721 587; x_wconf 87' lang='lat' dir='ltr'>parvum,</span> <span class='ocrx_word' id='word_1_367' title='bbox 3747 521 3794 575; x_wconf 90' lang='lat' dir='ltr'>si</span> <span class='ocrx_word' id='word_1_368' title='bbox 3822 520 4096 579; x_wconf 86' lang='lat' dir='ltr'>imitatus</span> 
     </span>
    </p>
   </div>
   <div class='ocr_carea' id='block_1_54' title="bbox 2435 605 4094 683">
    <p class='ocr_par' dir='ltr' id='par_1_54' title="bbox 2435 605 4094 683">
     <span class='ocr_line' id='line_1_54' title="bbox 2435 605 4094 683; baseline 0.007 -26"><span class='ocrx_word' id='word_1_369' title='bbox 2435 607 2523 657; x_wconf 90' lang='lat' dir='ltr'>est</span> <span class='ocrx_word' id='word_1_370' title='bbox 2547 607 2766 673; x_wconf 85' lang='lat' dir='ltr'>patrem</span> <span class='ocrx_word' id='word_1_371' title='bbox 2796 622 2809 669; x_wconf 91' lang='lat'>;</span> <span class='ocrx_word' id='word_1_372' title='bbox 2843 621 2974 658; x_wconf 90' lang='lat' dir='ltr'>cum</span> <span class='ocrx_word' id='word_1_373' title='bbox 2995 605 3439 673; x_wconf 84' lang='lat' dir='ltr'>eademjustitia</span> <span class='ocrx_word' id='word_1_374' title='bbox 3463 607 3827 675; x_wconf 77' lang='lat' dir='ltr'>defendatur,</span> <span class='ocrx_word' id='word_1_375' title='bbox 3852 629 3972 683; x_wconf 89' lang='lat' dir='ltr'>qua</span> <span class='ocrx_word' id='word_1_376' title='bbox 3992 630 4094 683; x_wconf 86' lang='lat' dir='ltr'>pa-</span> 
     </span>
    </p>
   </div>
   <div class='ocr_carea' id='block_1_55' title="bbox 2435 692 4097 766">
    <p class='ocr_par' dir='ltr' id='par_1_55' title="bbox 2435 692 4097 766">
     <span class='ocr_line' id='line_1_55' title="bbox 2435 692 4097 766; baseline 0.007 -21"><span class='ocrx_word' id='word_1_377' title='bbox 2435 696 2521 746; x_wconf 90' lang='lat' dir='ltr'>ter</span> <span class='ocrx_word' id='word_1_378' title='bbox 2550 693 2675 762; x_wconf 84' lang='lat' dir='ltr'>ejus</span> <span class='ocrx_word' id='word_1_379' title='bbox 2705 694 2775 747; x_wconf 90' lang='lat' dir='ltr'>de</span> <span class='ocrx_word' id='word_1_380' title='bbox 2806 692 2985 747; x_wconf 90' lang='lat' dir='ltr'>simili</span> <span class='ocrx_word' id='word_1_381' title='bbox 3015 694 3239 761; x_wconf 86' lang='lat' dir='ltr'>objecto</span> <span class='ocrx_word' id='word_1_382' title='bbox 3270 694 3601 766; x_wconf 88' lang='lat' dir='ltr'>inculpatus</span> <span class='ocrx_word' id='word_1_383' title='bbox 3650 698 3923 755; x_wconf 89' lang='lat' dir='ltr'>inventus</span> <span class='ocrx_word' id='word_1_384' title='bbox 3958 707 4048 756; x_wconf 88' lang='lat' dir='ltr'>est</span> <span class='ocrx_word' id='word_1_385' title='bbox 4068 702 4097 756; x_wconf 80' lang='lat'><strong>?</strong></span> 
     </span>
    </p>
   </div>
   <div class='ocr_carea' id='block_1_56' title="bbox 2433 780 4091 858">
    <p class='ocr_par' dir='ltr' id='par_1_56' title="bbox 2433 780 4091 858">
     <span class='ocr_line' id='line_1_56' title="bbox 2433 780 4091 858; baseline 0.007 -24"><span class='ocrx_word' id='word_1_386' title='bbox 2433 780 2566 842; x_wconf 62' lang='lat' dir='ltr'>Quae</span> <span class='ocrx_word' id='word_1_387' title='bbox 2595 781 2775 852; x_wconf 89' lang='lat' dir='ltr'>igitur</span> <span class='ocrx_word' id='word_1_388' title='bbox 2804 798 2907 853; x_wconf 90' lang='lat' dir='ltr'>pro</span> <span class='ocrx_word' id='word_1_389' title='bbox 2926 783 3241 851; x_wconf 83' lang='lat' dir='ltr'>Abraham,</span> <span class='ocrx_word' id='word_1_390' title='bbox 3267 786 3420 853; x_wconf 89' lang='lat' dir='ltr'>quod</span> <span class='ocrx_word' id='word_1_391' title='bbox 3443 785 3514 839; x_wconf 90' lang='lat' dir='ltr'>ad</span> <span class='ocrx_word' id='word_1_392' title='bbox 3538 785 3688 841; x_wconf 87' lang='lat' dir='ltr'>hanc</span> <span class='ocrx_word' id='word_1_393' title='bbox 3710 805 3829 843; x_wconf 85' lang='lat' dir='ltr'>rem</span> <span class='ocrx_word' id='word_1_394' title='bbox 3856 790 4091 858; x_wconf 86' lang='lat' dir='ltr'>attinet,</span> 
     </span>
    </p>
   </div>
   <div class='ocr_carea' id='block_1_57' title="bbox 2433 870 4087 949">
    <p class='ocr_par' dir='ltr' id='par_1_57' title="bbox 2433 870 4087 949">
     <span class='ocr_line' id='line_1_57' title="bbox 2433 870 4087 949; baseline 0.007 -25"><span class='ocrx_word' id='word_1_395' title='bbox 2433 870 2707 925; x_wconf 82' lang='lat' dir='ltr'>adversus</span> <span class='ocrx_word' id='word_1_396' title='bbox 2755 871 3163 925; x_wconf 82' lang='lat' dir='ltr'>criminantem</span> <span class='ocrx_word' id='word_1_397' title='bbox 3216 873 3491 927; x_wconf 83' lang='lat' dir='ltr'>Faustum</span> <span class='ocrx_word' id='word_1_398' title='bbox 3553 875 3810 933; x_wconf 84' lang='lat' dir='ltr'>diximus</span> <span class='ocrx_word' id='word_1_399' title='bbox 3854 879 4087 949; x_wconf 82' lang='lat' dir='ltr'>(Supra,</span> 
     </span>
    </p>
   </div>
   <div class='ocr_carea' id='block_1_58' title="bbox 2437 960 4089 1036">
    <p class='ocr_par' dir='ltr' id='par_1_58' title="bbox 2437 960 4089 1036">
     <span class='ocr_line' id='line_1_58' title="bbox 2437 960 4089 1036; baseline 0.007 -24"><span class='ocrx_word' id='word_1_400' title='bbox 2437 975 2593 1031; x_wconf 80' lang='lat' dir='ltr'>capp.</span> <span class='ocrx_word' id='word_1_401' title='bbox 2627 960 2841 1031; x_wconf 87' lang='lat'>33-36),</span> <span class='ocrx_word' id='word_1_402' title='bbox 2862 962 3062 1016; x_wconf 88' lang='lat' dir='ltr'>eadem</span> <span class='ocrx_word' id='word_1_403' title='bbox 3086 961 3258 1015; x_wconf 89' lang='lat' dir='ltr'>etiam</span> <span class='ocrx_word' id='word_1_404' title='bbox 3278 979 3378 1032; x_wconf 90' lang='lat' dir='ltr'>pro</span> <span class='ocrx_word' id='word_1_405' title='bbox 3394 967 3553 1017; x_wconf 82' lang='lat' dir='ltr'>Isaac</span> <span class='ocrx_word' id='word_1_406' title='bbox 3576 963 3691 1019; x_wconf 91' lang='lat' dir='ltr'>ﬁlio</span> <span class='ocrx_word' id='word_1_407' title='bbox 3713 967 3842 1035; x_wconf 90' lang='lat' dir='ltr'>ejus</span> <span class='ocrx_word' id='word_1_408' title='bbox 3856 968 4089 1036; x_wconf 88' lang='lat' dir='ltr'>valent;</span> 
     </span>
    </p>
   </div>
   <div class='ocr_carea' id='block_1_59' title="bbox 2437 1050 4089 1120">
    <p class='ocr_par' dir='ltr' id='par_1_59' title="bbox 2437 1050 4089 1120">
     <span class='ocr_line' id='line_1_59' title="bbox 2437 1050 4089 1120; baseline 0.007 -17"><span class='ocrx_word' id='word_1_409' title='bbox 2437 1065 2565 1120; x_wconf 67' lang='lat' dir='ltr'>quae</span> <span class='ocrx_word' id='word_1_410' title='bbox 2599 1065 2896 1105; x_wconf 90' lang='lat' dir='ltr'>recensere</span> <span class='ocrx_word' id='word_1_411' title='bbox 2928 1066 3042 1104; x_wconf 89' lang='lat' dir='ltr'>non</span> <span class='ocrx_word' id='word_1_412' title='bbox 3073 1054 3162 1104; x_wconf 90' lang='lat' dir='ltr'>est</span> <span class='ocrx_word' id='word_1_413' title='bbox 3190 1050 3463 1106; x_wconf 90' lang='lat' dir='ltr'>difﬁcile:</span> <span class='ocrx_word' id='word_1_414' title='bbox 3490 1052 3602 1107; x_wconf 89' lang='lat' dir='ltr'>nisi</span> <span class='ocrx_word' id='word_1_415' title='bbox 3628 1053 3769 1110; x_wconf 90' lang='lat' dir='ltr'>forte</span> <span class='ocrx_word' id='word_1_416' title='bbox 3789 1057 4089 1114; x_wconf 89' lang='lat' dir='ltr'>studioso-</span> 
     </span>
    </p>
   </div>
   <div class='ocr_carea' id='block_1_60' title="bbox 2435 1136 4088 1211">
    <p class='ocr_par' dir='ltr' id='par_1_60' title="bbox 2435 1136 4088 1211">
     <span class='ocr_line' id='line_1_60' title="bbox 2435 1136 4088 1211; baseline 0.006 -20"><span class='ocrx_word' id='word_1_417' title='bbox 2435 1154 2560 1191; x_wconf 90' lang='lat' dir='ltr'>rum</span> <span class='ocrx_word' id='word_1_418' title='bbox 2584 1136 2797 1209; x_wconf 89' lang='lat' dir='ltr'>aliquis</span> <span class='ocrx_word' id='word_1_419' title='bbox 2818 1138 3123 1209; x_wconf 76' lang='lat' dir='ltr'>quaerat,in</span> <span class='ocrx_word' id='word_1_420' title='bbox 3149 1138 3317 1208; x_wconf 87' lang='lat' dir='ltr'>cujus</span> <span class='ocrx_word' id='word_1_421' title='bbox 3339 1139 3535 1211; x_wconf 62' lang='lat' dir='ltr'>ﬁgurae</span> <span class='ocrx_word' id='word_1_422' title='bbox 3550 1149 3915 1200; x_wconf 89' lang='lat' dir='ltr'>sacramento</span> <span class='ocrx_word' id='word_1_423' title='bbox 3939 1146 4088 1203; x_wconf 87' lang='lat' dir='ltr'>acci—</span> 
     </span>
    </p>
   </div>
   <div class='ocr_carea' id='block_1_61' title="bbox 2432 1226 4089 1300">
    <p class='ocr_par' dir='ltr' id='par_1_61' title="bbox 2432 1226 4089 1300">
     <span class='ocr_line' id='line_1_61' title="bbox 2432 1226 4089 1300; baseline 0.008 -21"><span class='ocrx_word' id='word_1_424' title='bbox 2432 1226 2708 1296; x_wconf 89' lang='lat' dir='ltr'>piendum</span> <span class='ocrx_word' id='word_1_425' title='bbox 2732 1226 2994 1297; x_wconf 84' lang='lat' dir='ltr'>sit,quod</span> <span class='ocrx_word' id='word_1_426' title='bbox 3028 1242 3124 1282; x_wconf 86' lang='lat' dir='ltr'>rex</span> <span class='ocrx_word' id='word_1_427' title='bbox 3154 1227 3482 1300; x_wconf 85' lang='lat' dir='ltr'>alienigena</span> <span class='ocrx_word' id='word_1_428' title='bbox 3512 1230 3827 1287; x_wconf 84' lang='lat' dir='ltr'>Rebeccam</span> <span class='ocrx_word' id='word_1_429' title='bbox 3853 1234 3965 1290; x_wconf 89' lang='lat' dir='ltr'>viri</span> <span class='ocrx_word' id='word_1_430' title='bbox 3991 1236 4089 1292; x_wconf 88' lang='lat' dir='ltr'>sui</span> 
     </span>
    </p>
   </div>
   <div class='ocr_carea' id='block_1_62' title="bbox 2430 1316 4088 1390">
    <p class='ocr_par' dir='ltr' id='par_1_62' title="bbox 2430 1316 4088 1390">
     <span class='ocr_line' id='line_1_62' title="bbox 2430 1316 4088 1390; baseline 0.007 -21"><span class='ocrx_word' id='word_1_431' title='bbox 2430 1316 2737 1387; x_wconf 89' lang='lat' dir='ltr'>conjugem</span> <span class='ocrx_word' id='word_1_432' title='bbox 2761 1320 2899 1370; x_wconf 91' lang='lat' dir='ltr'>tunc</span> <span class='ocrx_word' id='word_1_433' title='bbox 2930 1333 3057 1371; x_wconf 92' lang='lat' dir='ltr'>esse</span> <span class='ocrx_word' id='word_1_434' title='bbox 3084 1318 3372 1388; x_wconf 91' lang='lat' dir='ltr'>cognovit,</span> <span class='ocrx_word' id='word_1_435' title='bbox 3397 1321 3630 1390; x_wconf 89' lang='lat' dir='ltr'>quando</span> <span class='ocrx_word' id='word_1_436' title='bbox 3660 1339 3795 1377; x_wconf 90' lang='lat' dir='ltr'>eum</span> <span class='ocrx_word' id='word_1_437' title='bbox 3818 1340 3955 1379; x_wconf 91' lang='lat' dir='ltr'>cum</span> <span class='ocrx_word' id='word_1_438' title='bbox 3982 1324 4088 1381; x_wconf 89' lang='lat' dir='ltr'>illa</span> 
     </span>
    </p>
   </div>
   <div class='ocr_carea' id='block_1_63' title="bbox 2430 1403 4085 1478">
    <p class='ocr_par' dir='ltr' id='par_1_63' title="bbox 2430 1403 4085 1478">
     <span class='ocr_line' id='line_1_63' title="bbox 2430 1403 4085 1478; baseline 0.008 -22"><span class='ocrx_word' id='word_1_439' title='bbox 2430 1403 2725 1459; x_wconf 88' lang='lat' dir='ltr'>ludentem</span> <span class='ocrx_word' id='word_1_440' title='bbox 2746 1404 2917 1471; x_wconf 90' lang='lat' dir='ltr'>vidit;</span> <span class='ocrx_word' id='word_1_441' title='bbox 2943 1406 3095 1476; x_wconf 91' lang='lat' dir='ltr'>quod</span> <span class='ocrx_word' id='word_1_442' title='bbox 3126 1422 3235 1459; x_wconf 88' lang='lat' dir='ltr'>non</span> <span class='ocrx_word' id='word_1_443' title='bbox 3261 1408 3765 1478; x_wconf 82' lang='lat' dir='ltr'>cognovisset,nisi</span> <span class='ocrx_word' id='word_1_444' title='bbox 3788 1428 3920 1466; x_wconf 91' lang='lat' dir='ltr'>cum</span> <span class='ocrx_word' id='word_1_445' title='bbox 3941 1429 4085 1468; x_wconf 92' lang='lat' dir='ltr'>con-</span> 
     </span>
    </p>
   </div>
   <div class='ocr_carea' id='block_1_64' title="bbox 2419 1492 4085 1571">
    <p class='ocr_par' dir='ltr' id='par_1_64' title="bbox 2419 1492 4085 1571">
     <span class='ocr_line' id='line_1_64' title="bbox 2419 1492 4085 1571; baseline 0.007 -25"><span class='ocrx_word' id='word_1_446' title='bbox 2419 1492 2561 1564; x_wconf 88' lang='lat' dir='ltr'>juge</span> <span class='ocrx_word' id='word_1_447' title='bbox 2592 1492 2686 1547; x_wconf 92' lang='lat' dir='ltr'>ille</span> <span class='ocrx_word' id='word_1_448' title='bbox 2719 1493 2801 1547; x_wconf 92' lang='lat' dir='ltr'>sic</span> <span class='ocrx_word' id='word_1_449' title='bbox 2828 1492 3071 1562; x_wconf 90' lang='lat' dir='ltr'>luderet,</span> <span class='ocrx_word' id='word_1_450' title='bbox 3104 1496 3395 1564; x_wconf 85' lang='lat' dir='ltr'>quomodo</span> <span class='ocrx_word' id='word_1_451' title='bbox 3430 1513 3566 1552; x_wconf 91' lang='lat' dir='ltr'>cum</span> <span class='ocrx_word' id='word_1_452' title='bbox 3598 1514 3665 1553; x_wconf 89' lang='lat' dir='ltr'>ea</span> <span class='ocrx_word' id='word_1_453' title='bbox 3694 1516 3819 1571; x_wconf 81' lang='lat' dir='ltr'>quae</span> <span class='ocrx_word' id='word_1_454' title='bbox 3864 1502 4085 1571; x_wconf 83' lang='lat' dir='ltr'>conjux</span> 
     </span>
    </p>
   </div>
   <div class='ocr_carea' id='block_1_65' title="bbox 2428 1581 4080 1648">
    <p class='ocr_par' dir='ltr' id='par_1_65' title="bbox 2428 1581 4080 1648">
     <span class='ocr_line' id='line_1_65' title="bbox 2428 1581 4080 1648; baseline 0.005 -11"><span class='ocrx_word' id='word_1_455' title='bbox 2428 1598 2541 1637; x_wconf 86' lang='lat' dir='ltr'>non</span> <span class='ocrx_word' id='word_1_456' title='bbox 2572 1587 2724 1636; x_wconf 89' lang='lat' dir='ltr'>esset</span> <span class='ocrx_word' id='word_1_457' title='bbox 2744 1581 2943 1637; x_wconf 90' lang='lat' dir='ltr'>ludere</span> <span class='ocrx_word' id='word_1_458' title='bbox 2968 1600 3078 1638; x_wconf 89' lang='lat' dir='ltr'>non</span> <span class='ocrx_word' id='word_1_459' title='bbox 3110 1584 3355 1639; x_wconf 89' lang='lat' dir='ltr'>deceret.</span> <span class='ocrx_word' id='word_1_460' title='bbox 3384 1585 3545 1648; x_wconf 88' lang='lat' dir='ltr'>Quod</span> <span class='ocrx_word' id='word_1_461' title='bbox 3569 1603 3702 1642; x_wconf 89' lang='lat' dir='ltr'>cum</span> <span class='ocrx_word' id='word_1_462' title='bbox 3730 1590 3911 1644; x_wconf 87' lang='lat' dir='ltr'>sancti</span> <span class='ocrx_word' id='word_1_463' title='bbox 3936 1607 4080 1646; x_wconf 91' lang='lat' dir='ltr'>con-</span> 
     </span>
    </p>
   </div>
   <div class='ocr_carea' id='block_1_66' title="bbox 2418 1671 4077 1749">
    <p class='ocr_par' dir='ltr' id='par_1_66' title="bbox 2418 1671 4077 1749">
     <span class='ocr_line' id='line_1_66' title="bbox 2418 1671 4077 1749; baseline 0.008 -26"><span class='ocrx_word' id='word_1_464' title='bbox 2418 1671 2609 1743; x_wconf 87' lang='lat' dir='ltr'>jugati</span> <span class='ocrx_word' id='word_1_465' title='bbox 2641 1671 2882 1736; x_wconf 87' lang='lat' dir='ltr'>faciunt,</span> <span class='ocrx_word' id='word_1_466' title='bbox 2908 1688 3020 1725; x_wconf 90' lang='lat' dir='ltr'>non</span> <span class='ocrx_word' id='word_1_467' title='bbox 3057 1672 3308 1726; x_wconf 88' lang='lat' dir='ltr'>inaniter</span> <span class='ocrx_word' id='word_1_468' title='bbox 3331 1673 3568 1742; x_wconf 88' lang='lat' dir='ltr'>faciunt,</span> <span class='ocrx_word' id='word_1_469' title='bbox 3591 1677 3691 1731; x_wconf 90' lang='lat' dir='ltr'>sed</span> <span class='ocrx_word' id='word_1_470' title='bbox 3718 1680 4077 1749; x_wconf 85' lang='lat' dir='ltr'>prudenter:</span> 
     </span>
    </p>
   </div>
   <div class='ocr_carea' id='block_1_67' title="bbox 2424 1760 4079 1832">
    <p class='ocr_par' dir='ltr' id='par_1_67' title="bbox 2424 1760 4079 1832">
     <span class='ocr_line' id='line_1_67' title="bbox 2424 1760 4079 1832; baseline 0.006 -18"><span class='ocrx_word' id='word_1_471' title='bbox 2424 1760 2784 1815; x_wconf 89' lang='lat' dir='ltr'>descendunt</span> <span class='ocrx_word' id='word_1_472' title='bbox 2805 1760 2958 1815; x_wconf 89' lang='lat' dir='ltr'>enim</span> <span class='ocrx_word' id='word_1_473' title='bbox 2976 1763 3229 1832; x_wconf 89' lang='lat' dir='ltr'>quodam</span> <span class='ocrx_word' id='word_1_474' title='bbox 3255 1764 3425 1817; x_wconf 88' lang='lat' dir='ltr'>modo</span> <span class='ocrx_word' id='word_1_475' title='bbox 3450 1764 3518 1818; x_wconf 88' lang='lat' dir='ltr'>ad</span> <span class='ocrx_word' id='word_1_476' title='bbox 3537 1765 3768 1821; x_wconf 89' lang='lat' dir='ltr'>feminei</span> <span class='ocrx_word' id='word_1_477' title='bbox 3785 1784 3961 1824; x_wconf 85' lang='lat' dir='ltr'>sexus</span> <span class='ocrx_word' id='word_1_478' title='bbox 3984 1770 4079 1824; x_wconf 88' lang='lat' dir='ltr'>in-</span> 
     </span>
    </p>
   </div>
   <div class='ocr_carea' id='block_1_68' title="bbox 2425 1848 4079 1921">
    <p class='ocr_par' dir='ltr' id='par_1_68' title="bbox 2425 1848 4079 1921">
     <span class='ocr_line' id='line_1_68' title="bbox 2425 1848 4079 1921; baseline 0.008 -20"><span class='ocrx_word' id='word_1_479' title='bbox 2425 1848 2779 1919; x_wconf 80' lang='lat' dir='ltr'>ﬁrmitatem,</span> <span class='ocrx_word' id='word_1_480' title='bbox 2815 1853 2878 1903; x_wconf 91' lang='lat' dir='ltr'>ut</span> <span class='ocrx_word' id='word_1_481' title='bbox 2917 1849 3135 1921; x_wconf 89' lang='lat' dir='ltr'>aliquid</span> <span class='ocrx_word' id='word_1_482' title='bbox 3180 1850 3395 1905; x_wconf 89' lang='lat' dir='ltr'>blanda</span> <span class='ocrx_word' id='word_1_483' title='bbox 3427 1851 3720 1910; x_wconf 88' lang='lat' dir='ltr'>hilaritate</span> <span class='ocrx_word' id='word_1_484' title='bbox 3751 1857 3835 1911; x_wconf 90' lang='lat' dir='ltr'>vel</span> <span class='ocrx_word' id='word_1_485' title='bbox 3872 1858 4079 1914; x_wconf 90' lang='lat' dir='ltr'>dicant</span> 
     </span>
    </p>
   </div>
   <div class='ocr_carea' id='block_1_69' title="bbox 2425 1935 4080 2013">
    <p class='ocr_par' dir='ltr' id='par_1_69' title="bbox 2425 1935 4080 2013">
     <span class='ocr_line' id='line_1_69' title="bbox 2425 1935 4080 2013; baseline 0.007 -22"><span class='ocrx_word' id='word_1_486' title='bbox 2425 1935 2508 1991; x_wconf 92' lang='lat' dir='ltr'>vel</span> <span class='ocrx_word' id='word_1_487' title='bbox 2544 1937 2793 2004; x_wconf 89' lang='lat' dir='ltr'>faciant;</span> <span class='ocrx_word' id='word_1_488' title='bbox 2828 1955 2941 1992; x_wconf 93' lang='lat' dir='ltr'>non</span> <span class='ocrx_word' id='word_1_489' title='bbox 2976 1943 3335 2005; x_wconf 88' lang='lat' dir='ltr'>enervantes,</span> <span class='ocrx_word' id='word_1_490' title='bbox 3369 1941 3469 1995; x_wconf 90' lang='lat' dir='ltr'>sed</span> <span class='ocrx_word' id='word_1_491' title='bbox 3512 1946 3904 2013; x_wconf 88' lang='lat' dir='ltr'>temperantes</span> <span class='ocrx_word' id='word_1_492' title='bbox 3933 1947 4080 2001; x_wconf 84' lang='lat' dir='ltr'>viri—</span> 
     </span>
    </p>
   </div>
   <div class='ocr_carea' id='block_1_70' title="bbox 2422 2025 4081 2101">
    <p class='ocr_par' dir='ltr' id='par_1_70' title="bbox 2422 2025 4081 2101">
     <span class='ocr_line' id='line_1_70' title="bbox 2422 2025 4081 2101; baseline 0.008 -22"><span class='ocrx_word' id='word_1_493' title='bbox 2422 2025 2533 2081; x_wconf 90' lang='lat' dir='ltr'>lem</span> <span class='ocrx_word' id='word_1_494' title='bbox 2585 2027 2834 2097; x_wconf 90' lang='lat' dir='ltr'>rigorem</span> <span class='ocrx_word' id='word_1_495' title='bbox 2860 2029 2874 2060; x_wconf 88' lang='grc'>¹</span> <span class='ocrx_word' id='word_1_496' title='bbox 2905 2043 2917 2081; x_wconf 87' lang='lat'>:</span> <span class='ocrx_word' id='word_1_497' title='bbox 2948 2028 3100 2097; x_wconf 92' lang='lat' dir='ltr'>quod</span> <span class='ocrx_word' id='word_1_498' title='bbox 3152 2030 3345 2082; x_wconf 87' lang='lat' dir='ltr'>tamen</span> <span class='ocrx_word' id='word_1_499' title='bbox 3377 2029 3426 2083; x_wconf 91' lang='lat' dir='ltr'>ei</span> <span class='ocrx_word' id='word_1_500' title='bbox 3460 2046 3586 2101; x_wconf 66' lang='lat' dir='ltr'>quae</span> <span class='ocrx_word' id='word_1_501' title='bbox 3638 2049 3783 2088; x_wconf 85' lang='lat' dir='ltr'>uxor</span> <span class='ocrx_word' id='word_1_502' title='bbox 3814 2052 3925 2089; x_wconf 92' lang='lat' dir='ltr'>non</span> <span class='ocrx_word' id='word_1_503' title='bbox 3981 2040 4081 2092; x_wconf 81' lang='lat' dir='ltr'>est</span> 
     </span>
    </p>
   </div>
   <div class='ocr_carea' id='block_1_71' title="bbox 2422 2114 4075 2194">
    <p class='ocr_par' dir='ltr' id='par_1_71' title="bbox 2422 2114 4075 2194">
     <span class='ocr_line' id='line_1_71' title="bbox 2422 2114 4075 2194; baseline 0.007 -25"><span class='ocrx_word' id='word_1_504' title='bbox 2422 2115 2519 2187; x_wconf 92' lang='lat' dir='ltr'>qui</span> <span class='ocrx_word' id='word_1_505' title='bbox 2555 2114 2763 2169; x_wconf 77' lang='lat' dir='ltr'>dixerit</span> <span class='ocrx_word' id='word_1_506' title='bbox 2792 2120 2893 2170; x_wconf 88' lang='lat' dir='ltr'>aut</span> <span class='ocrx_word' id='word_1_507' title='bbox 2915 2116 3132 2182; x_wconf 89' lang='lat' dir='ltr'>fecerit,</span> <span class='ocrx_word' id='word_1_508' title='bbox 3164 2116 3352 2187; x_wconf 90' lang='lat' dir='ltr'>turpis</span> <span class='ocrx_word' id='word_1_509' title='bbox 3376 2122 3482 2173; x_wconf 86' lang='lat' dir='ltr'>est.</span> <span class='ocrx_word' id='word_1_510' title='bbox 3517 2119 3731 2176; x_wconf 88' lang='lat' dir='ltr'>Verum</span> <span class='ocrx_word' id='word_1_511' title='bbox 3758 2123 3883 2193; x_wconf 88' lang='lat' dir='ltr'>hoc,</span> <span class='ocrx_word' id='word_1_512' title='bbox 3909 2126 4075 2194; x_wconf 89' lang='lat' dir='ltr'>quod</span> 
     </span>
    </p>
   </div>
   <div class='ocr_carea' id='block_1_72' title="bbox 2419 2204 4074 2284">
    <p class='ocr_par' dir='ltr' id='par_1_72' title="bbox 2419 2204 4074 2284">
     <span class='ocr_line' id='line_1_72' title="bbox 2419 2204 4074 2284; baseline 0.004 -23"><span class='ocrx_word' id='word_1_513' title='bbox 2419 2206 2489 2261; x_wconf 87' lang='lat' dir='ltr'>ad</span> <span class='ocrx_word' id='word_1_514' title='bbox 2524 2222 2714 2259; x_wconf 92' lang='lat' dir='ltr'>mores</span> <span class='ocrx_word' id='word_1_515' title='bbox 2758 2204 3161 2275; x_wconf 69' lang='lat' dir='ltr'>humanitatis,</span> <span class='ocrx_word' id='word_1_516' title='bbox 3182 2206 3449 2275; x_wconf 88' lang='lat' dir='ltr'>pertinet,</span> <span class='ocrx_word' id='word_1_517' title='bbox 3482 2207 3746 2279; x_wconf 79' lang='lat' dir='ltr'>dixerim,</span> <span class='ocrx_word' id='word_1_518' title='bbox 3782 2227 3853 2266; x_wconf 91' lang='lat' dir='ltr'>ne</span> <span class='ocrx_word' id='word_1_519' title='bbox 3903 2213 4074 2284; x_wconf 86' lang='lat' dir='ltr'>quis-</span> 
     </span>
    </p>
   </div>
   <div class='ocr_carea' id='block_1_73' title="bbox 2420 2294 4077 2370">
    <p class='ocr_par' dir='ltr' id='par_1_73' title="bbox 2420 2294 4077 2370">
     <span class='ocr_line' id='line_1_73' title="bbox 2420 2294 4077 2370; baseline 0.005 -22"><span class='ocrx_word' id='word_1_520' title='bbox 2420 2311 2596 2366; x_wconf 88' lang='lat' dir='ltr'>quam</span> <span class='ocrx_word' id='word_1_521' title='bbox 2626 2294 2811 2349; x_wconf 90' lang='lat' dir='ltr'>durus</span> <span class='ocrx_word' id='word_1_522' title='bbox 2859 2298 2915 2349; x_wconf 92' lang='lat' dir='ltr'>et</span> <span class='ocrx_word' id='word_1_523' title='bbox 2945 2294 3071 2349; x_wconf 91' lang='lat' dir='ltr'>sine</span> <span class='ocrx_word' id='word_1_524' title='bbox 3119 2294 3325 2349; x_wconf 76' lang='lat' dir='ltr'>affectu</span> <span class='ocrx_word' id='word_1_525' title='bbox 3358 2294 3412 2349; x_wconf 91' lang='lat' dir='ltr'>id</span> <span class='ocrx_word' id='word_1_526' title='bbox 3448 2296 3642 2367; x_wconf 88' lang='lat' dir='ltr'>ipsum</span> <span class='ocrx_word' id='word_1_527' title='bbox 3674 2316 3777 2370; x_wconf 91' lang='lat' dir='ltr'>pro</span> <span class='ocrx_word' id='word_1_528' title='bbox 3821 2300 4077 2358; x_wconf 87' lang='lat' dir='ltr'>crimine</span> 
     </span>
    </p>
   </div>
   <div class='ocr_carea' id='block_1_74' title="bbox 2417 2383 4070 2458">
    <p class='ocr_par' dir='ltr' id='par_1_74' title="bbox 2417 2383 4070 2458">
     <span class='ocr_line' id='line_1_74' title="bbox 2417 2383 4070 2458; baseline 0.005 -19"><span class='ocrx_word' id='word_1_529' title='bbox 2417 2383 2654 2453; x_wconf 88' lang='lat' dir='ltr'>objiciat</span> <span class='ocrx_word' id='word_1_530' title='bbox 2684 2387 2886 2438; x_wconf 88' lang='lat' dir='ltr'>sancto</span> <span class='ocrx_word' id='word_1_531' title='bbox 2915 2383 3058 2449; x_wconf 92' lang='lat' dir='ltr'>viro,</span> <span class='ocrx_word' id='word_1_532' title='bbox 3080 2384 3233 2453; x_wconf 91' lang='lat' dir='ltr'>quod</span> <span class='ocrx_word' id='word_1_533' title='bbox 3266 2400 3399 2439; x_wconf 92' lang='lat' dir='ltr'>cum</span> <span class='ocrx_word' id='word_1_534' title='bbox 3433 2386 3678 2458; x_wconf 78' lang='lat' dir='ltr'>conjuge</span> <span class='ocrx_word' id='word_1_535' title='bbox 3700 2405 3806 2443; x_wconf 88' lang='lat' dir='ltr'>sua</span> <span class='ocrx_word' id='word_1_536' title='bbox 3835 2389 4070 2447; x_wconf 88' lang='lat' dir='ltr'>luserit.</span> 
     </span>
    </p>
   </div>
   <div class='ocr_carea' id='block_1_75' title="bbox 2414 2472 4073 2549">
    <p class='ocr_par' dir='ltr' id='par_1_75' title="bbox 2414 2472 4073 2549">
     <span class='ocr_line' id='line_1_75' title="bbox 2414 2472 4073 2549; baseline 0.007 -25"><span class='ocrx_word' id='word_1_537' title='bbox 2414 2472 2577 2529; x_wconf 90' lang='lat' dir='ltr'>Tales</span> <span class='ocrx_word' id='word_1_538' title='bbox 2598 2474 2750 2527; x_wconf 89' lang='lat' dir='ltr'>enim</span> <span class='ocrx_word' id='word_1_539' title='bbox 2775 2472 3042 2527; x_wconf 91' lang='lat' dir='ltr'>homines</span> <span class='ocrx_word' id='word_1_540' title='bbox 3060 2472 3363 2527; x_wconf 86' lang='lat' dir='ltr'>inhumani</span> <span class='ocrx_word' id='word_1_541' title='bbox 3381 2474 3429 2527; x_wconf 85' lang='lat' dir='ltr'>si</span> <span class='ocrx_word' id='word_1_542' title='bbox 3454 2473 3708 2546; x_wconf 83' lang='lat' dir='ltr'>aliquem</span> <span class='ocrx_word' id='word_1_543' title='bbox 3732 2493 3967 2549; x_wconf 91' lang='lat' dir='ltr'>gravem</span> <span class='ocrx_word' id='word_1_544' title='bbox 3989 2482 4073 2536; x_wconf 88' lang='lat' dir='ltr'>vi-</span> 
     </span>
    </p>
   </div>
   <div class='ocr_carea' id='block_1_76' title="bbox 2417 2560 4075 2640">
    <p class='ocr_par' dir='ltr' id='par_1_76' title="bbox 2417 2560 4075 2640">
     <span class='ocr_line' id='line_1_76' title="bbox 2417 2560 4075 2640; baseline 0.005 -23"><span class='ocrx_word' id='word_1_545' title='bbox 2417 2579 2543 2617; x_wconf 91' lang='lat' dir='ltr'>rum</span> <span class='ocrx_word' id='word_1_546' title='bbox 2578 2562 2863 2616; x_wconf 86' lang='lat' dir='ltr'>ludicrum</span> <span class='ocrx_word' id='word_1_547' title='bbox 2888 2560 3107 2631; x_wconf 89' lang='lat' dir='ltr'>aliquid</span> <span class='ocrx_word' id='word_1_548' title='bbox 3133 2562 3487 2632; x_wconf 90' lang='lat' dir='ltr'>garrientem</span> <span class='ocrx_word' id='word_1_549' title='bbox 3508 2565 3702 2635; x_wconf 91' lang='lat' dir='ltr'>pueris</span> <span class='ocrx_word' id='word_1_550' title='bbox 3734 2567 3905 2623; x_wconf 90' lang='lat' dir='ltr'>etiam</span> <span class='ocrx_word' id='word_1_551' title='bbox 3935 2585 4075 2640; x_wconf 85' lang='lat' dir='ltr'>par-</span> 
     </span>
    </p>
   </div>
   <div class='ocr_carea' id='block_1_77' title="bbox 2413 2649 4073 2721">
    <p class='ocr_par' dir='ltr' id='par_1_77' title="bbox 2413 2649 4073 2721">
     <span class='ocr_line' id='line_1_77' title="bbox 2413 2649 4073 2721; baseline 0.005 -16"><span class='ocrx_word' id='word_1_552' title='bbox 2413 2652 2567 2707; x_wconf 92' lang='lat' dir='ltr'>vulis</span> <span class='ocrx_word' id='word_1_553' title='bbox 2597 2651 2865 2717; x_wconf 90' lang='lat' dir='ltr'>viderint,</span> <span class='ocrx_word' id='word_1_554' title='bbox 2890 2667 3003 2721; x_wconf 89' lang='lat' dir='ltr'>quo</span> <span class='ocrx_word' id='word_1_555' title='bbox 3036 2666 3235 2705; x_wconf 88' lang='lat' dir='ltr'>eorum</span> <span class='ocrx_word' id='word_1_556' title='bbox 3279 2649 3531 2706; x_wconf 90' lang='lat' dir='ltr'>lacteum</span> <span class='ocrx_word' id='word_1_557' title='bbox 3579 2669 3816 2710; x_wconf 90' lang='lat' dir='ltr'>sensum</span> <span class='ocrx_word' id='word_1_558' title='bbox 3842 2658 4073 2715; x_wconf 81' lang='lat' dir='ltr'>atfabili</span> 
     </span>
    </p>
   </div>
   <div class='ocr_carea' id='block_1_78' title="bbox 2414 2739 4073 2815">
    <p class='ocr_par' dir='ltr' id='par_1_78' title="bbox 2414 2739 4073 2815">
     <span class='ocr_line' id='line_1_78' title="bbox 2414 2739 4073 2815; baseline 0.004 -19"><span class='ocrx_word' id='word_1_559' title='bbox 2414 2746 2471 2796; x_wconf 88' lang='lat' dir='ltr'>et</span> <span class='ocrx_word' id='word_1_560' title='bbox 2501 2740 2808 2795; x_wconf 83' lang='lat' dir='ltr'>nutritoria</span> <span class='ocrx_word' id='word_1_561' title='bbox 2852 2739 3125 2794; x_wconf 87' lang='lat' dir='ltr'>facilitate</span> <span class='ocrx_word' id='word_1_562' title='bbox 3174 2740 3548 2811; x_wconf 89' lang='lat' dir='ltr'>permulceat,</span> <span class='ocrx_word' id='word_1_563' title='bbox 3582 2748 3862 2815; x_wconf 88' lang='lat' dir='ltr'>tanquam</span> <span class='ocrx_word' id='word_1_564' title='bbox 3916 2748 4073 2803; x_wconf 89' lang='lat' dir='ltr'>deli-</span> 
     </span>
    </p>
   </div>
   <div class='ocr_carea' id='block_1_79' title="bbox 2415 2828 4073 2901">
    <p class='ocr_par' dir='ltr' id='par_1_79' title="bbox 2415 2828 4073 2901">
     <span class='ocr_line' id='line_1_79' title="bbox 2415 2828 4073 2901; baseline 0.005 -16"><span class='ocrx_word' id='word_1_565' title='bbox 2415 2835 2638 2885; x_wconf 88' lang='lat' dir='ltr'>rantem</span> <span class='ocrx_word' id='word_1_566' title='bbox 2691 2829 3165 2899; x_wconf 89' lang='lat' dir='ltr'>reprehendunt:</span> <span class='ocrx_word' id='word_1_567' title='bbox 3200 2828 3361 2883; x_wconf 91' lang='lat' dir='ltr'>obliti</span> <span class='ocrx_word' id='word_1_568' title='bbox 3415 2831 3569 2885; x_wconf 91' lang='lat' dir='ltr'>unde</span> <span class='ocrx_word' id='word_1_569' title='bbox 3622 2834 3926 2901; x_wconf 89' lang='lat' dir='ltr'>creverint,</span> <span class='ocrx_word' id='word_1_570' title='bbox 3961 2842 4073 2893; x_wconf 88' lang='lat' dir='ltr'>aut</span> 
     </span>
    </p>
   </div>
   <div class='ocr_carea' id='block_1_80' title="bbox 2412 2917 4069 2990">
    <p class='ocr_par' dir='ltr' id='par_1_80' title="bbox 2412 2917 4069 2990">
     <span class='ocr_line' id='line_1_80' title="bbox 2412 2917 4069 2990; baseline 0.004 -18"><span class='ocrx_word' id='word_1_571' title='bbox 2412 2920 2623 2990; x_wconf 87' lang='lat' dir='ltr'>ingrati</span> <span class='ocrx_word' id='word_1_572' title='bbox 2657 2919 2808 2987; x_wconf 88' lang='lat' dir='ltr'>quod</span> <span class='ocrx_word' id='word_1_573' title='bbox 2840 2917 3139 2973; x_wconf 90' lang='lat' dir='ltr'>creverint.</span> <span class='ocrx_word' id='word_1_574' title='bbox 3164 2917 3311 2981; x_wconf 91' lang='lat' dir='ltr'>Quid</span> <span class='ocrx_word' id='word_1_575' title='bbox 3345 2924 3540 2973; x_wconf 88' lang='lat' dir='ltr'>autem</span> <span class='ocrx_word' id='word_1_576' title='bbox 3566 2920 3673 2974; x_wconf 90' lang='lat' dir='ltr'>sibi</span> <span class='ocrx_word' id='word_1_577' title='bbox 3707 2921 3845 2977; x_wconf 89' lang='lat' dir='ltr'>velit</span> <span class='ocrx_word' id='word_1_578' title='bbox 3876 2924 3931 2977; x_wconf 93' lang='lat' dir='ltr'>in</span> <span class='ocrx_word' id='word_1_579' title='bbox 3968 2941 4069 2980; x_wconf 89' lang='lat' dir='ltr'>sa-</span> 
     </span>
    </p>
   </div>
   <div class='ocr_carea' id='block_1_81' title="bbox 2411 3006 4065 3076">
    <p class='ocr_par' dir='ltr' id='par_1_81' title="bbox 2411 3006 4065 3076">
     <span class='ocr_line' id='line_1_81' title="bbox 2411 3006 4065 3076; baseline 0.003 -13"><span class='ocrx_word' id='word_1_580' title='bbox 2411 3012 2708 3064; x_wconf 88' lang='lat' dir='ltr'>cramento</span> <span class='ocrx_word' id='word_1_581' title='bbox 2738 3006 2950 3062; x_wconf 87' lang='lat' dir='ltr'>Christi</span> <span class='ocrx_word' id='word_1_582' title='bbox 2980 3010 3037 3060; x_wconf 90' lang='lat' dir='ltr'>et</span> <span class='ocrx_word' id='word_1_583' title='bbox 3070 3006 3352 3072; x_wconf 62' lang='lat' dir='ltr'>Ecclesiae,</span> <span class='ocrx_word' id='word_1_584' title='bbox 3385 3008 3536 3076; x_wconf 91' lang='lat' dir='ltr'>quod</span> <span class='ocrx_word' id='word_1_585' title='bbox 3570 3012 3770 3064; x_wconf 89' lang='lat' dir='ltr'>tantus</span> <span class='ocrx_word' id='word_1_586' title='bbox 3803 3013 4065 3068; x_wconf 88' lang='lat' dir='ltr'>Patriar-</span> 
     </span>
    </p>
   </div>
   <div class='ocr_carea' id='block_1_82' title="bbox 2410 3095 4064 3168">
    <p class='ocr_par' dir='ltr' id='par_1_82' title="bbox 2410 3095 4064 3168">
     <span class='ocr_line' id='line_1_82' title="bbox 2410 3095 4064 3168; baseline 0.004 -15"><span class='ocrx_word' id='word_1_587' title='bbox 2410 3098 2516 3153; x_wconf 89' lang='lat' dir='ltr'>cha</span> <span class='ocrx_word' id='word_1_588' title='bbox 2547 3114 2679 3152; x_wconf 89' lang='lat' dir='ltr'>cum</span> <span class='ocrx_word' id='word_1_589' title='bbox 2719 3098 2967 3167; x_wconf 86' lang='lat' dir='ltr'>conjuge</span> <span class='ocrx_word' id='word_1_590' title='bbox 2994 3095 3220 3160; x_wconf 87' lang='lat' dir='ltr'>luserit,</span> <span class='ocrx_word' id='word_1_591' title='bbox 3254 3095 3711 3168; x_wconf 90' lang='lat' dir='ltr'>conjugiumque</span> <span class='ocrx_word' id='word_1_592' title='bbox 3742 3098 3887 3155; x_wconf 92' lang='lat' dir='ltr'>illud</span> <span class='ocrx_word' id='word_1_593' title='bbox 3920 3101 4064 3159; x_wconf 91' lang='lat' dir='ltr'>inde</span> 
     </span>
    </p>
   </div>
   <div class='ocr_carea' id='block_1_83' title="bbox 2408 3184 4064 3261">
    <p class='ocr_par' dir='ltr' id='par_1_83' title="bbox 2408 3184 4064 3261">
     <span class='ocr_line' id='line_1_83' title="bbox 2408 3184 4064 3261; baseline 0.001 -17"><span class='ocrx_word' id='word_1_594' title='bbox 2408 3188 2484 3244; x_wconf 89' lang='lat' dir='ltr'>sit</span> <span class='ocrx_word' id='word_1_595' title='bbox 2523 3187 2843 3258; x_wconf 85' lang='lat' dir='ltr'>cognitum,</span> <span class='ocrx_word' id='word_1_596' title='bbox 2876 3186 3031 3239; x_wconf 88' lang='lat' dir='ltr'>videt</span> <span class='ocrx_word' id='word_1_597' title='bbox 3078 3184 3330 3256; x_wconf 82' lang='lat' dir='ltr'>profecto</span> <span class='ocrx_word' id='word_1_598' title='bbox 3381 3184 3674 3257; x_wconf 90' lang='lat' dir='ltr'>quisquis,</span> <span class='ocrx_word' id='word_1_599' title='bbox 3710 3204 3780 3243; x_wconf 93' lang='lat' dir='ltr'>ne</span> <span class='ocrx_word' id='word_1_600' title='bbox 3830 3188 4064 3261; x_wconf 88' lang='lat' dir='ltr'>aliquid</span> 
     </span>
    </p>
   </div>
   <div class='ocr_carea' id='block_1_84' title="bbox 2405 3274 4060 3349">
    <p class='ocr_par' dir='ltr' id='par_1_84' title="bbox 2405 3274 4060 3349">
     <span class='ocr_line' id='line_1_84' title="bbox 2405 3274 4060 3349; baseline 0.004 -18"><span class='ocrx_word' id='word_1_601' title='bbox 2405 3281 2650 3332; x_wconf 90' lang='lat' dir='ltr'>errando</span> <span class='ocrx_word' id='word_1_602' title='bbox 2680 3276 2739 3330; x_wconf 91' lang='lat' dir='ltr'>in</span> <span class='ocrx_word' id='word_1_603' title='bbox 2772 3274 3085 3330; x_wconf 77' lang='lat' dir='ltr'>Ecclesiam</span> <span class='ocrx_word' id='word_1_604' title='bbox 3119 3278 3333 3346; x_wconf 88' lang='lat' dir='ltr'>peccet,</span> <span class='ocrx_word' id='word_1_605' title='bbox 3366 3280 3652 3331; x_wconf 88' lang='lat' dir='ltr'>secretum</span> <span class='ocrx_word' id='word_1_606' title='bbox 3694 3278 3799 3332; x_wconf 91' lang='lat' dir='ltr'>viri</span> <span class='ocrx_word' id='word_1_607' title='bbox 3831 3280 3963 3349; x_wconf 84' lang='lat' dir='ltr'>ejus</span> <span class='ocrx_word' id='word_1_608' title='bbox 3998 3282 4060 3337; x_wconf 89' lang='lat' dir='ltr'>in</span> 
     </span>
    </p>
   </div>
   <div class='ocr_carea' id='block_1_85' title="bbox 2403 3363 4064 3437">
    <p class='ocr_par' dir='ltr' id='par_1_85' title="bbox 2403 3363 4064 3437">
     <span class='ocr_line' id='line_1_85' title="bbox 2403 3363 4064 3437; baseline 0.003 -16"><span class='ocrx_word' id='word_1_609' title='bbox 2403 3365 2720 3437; x_wconf 87' lang='lat' dir='ltr'>Scripturis</span> <span class='ocrx_word' id='word_1_610' title='bbox 2760 3364 2980 3419; x_wconf 87' lang='lat' dir='ltr'>sanctis</span> <span class='ocrx_word' id='word_1_611' title='bbox 3029 3363 3340 3435; x_wconf 82' lang='lat' dir='ltr'>diligenter</span> <span class='ocrx_word' id='word_1_612' title='bbox 3390 3363 3698 3437; x_wconf 71' lang='lat' dir='ltr'>intuetur;</span> <span class='ocrx_word' id='word_1_613' title='bbox 3733 3371 3791 3422; x_wconf 91' lang='lat' dir='ltr'>et</span> <span class='ocrx_word' id='word_1_614' title='bbox 3836 3368 4064 3427; x_wconf 89' lang='lat' dir='ltr'>invenit</span> 
     </span>
    </p>
   </div>
   <div class='ocr_carea' id='block_1_86' title="bbox 2402 3436 4061 3528">
    <p class='ocr_par' dir='ltr' id='par_1_86' title="bbox 2402 3436 4061 3528">
     <span class='ocr_line' id='line_1_86' title="bbox 2402 3436 4061 3528; baseline 0.003 -19"><span class='ocrx_word' id='word_1_615' title='bbox 2402 3471 2536 3509; x_wconf 92' lang='lat' dir='ltr'>eum</span> <span class='ocrx_word' id='word_1_616' title='bbox 2571 3456 2938 3524; x_wconf 87' lang='lat' dir='ltr'>majestatem</span> <span class='ocrx_word' id='word_1_617' title='bbox 2983 3469 3172 3518; x_wconf 91' lang='lat' dir='ltr'>suam,</span> <span class='ocrx_word' id='word_1_618' title='bbox 3206 3468 3321 3521; x_wconf 87' lang='lat' dir='ltr'>qua</span> <span class='ocrx_word' id='word_1_619' title='bbox 3351 3452 3409 3506; x_wconf 90' lang='lat' dir='ltr'>in</span> <span class='ocrx_word' id='word_1_620' title='bbox 3460 3452 3647 3508; x_wconf 91' lang='lat' dir='ltr'>forma</span> <span class='ocrx_word' id='word_1_621' title='bbox 3676 3436 3776 3509; x_wconf 90' lang='lat' dir='ltr'>Dei</span> <span class='ocrx_word' id='word_1_622' title='bbox 3810 3459 4061 3528; x_wconf 74' lang='lat' dir='ltr'>aequalis</span> 
     </span>
    </p>
   </div>
   <div class='ocr_carea' id='block_1_87' title="bbox 2402 3540 4057 3613">
    <p class='ocr_par' dir='ltr' id='par_1_87' title="bbox 2402 3540 4057 3613">
     <span class='ocr_line' id='line_1_87' title="bbox 2402 3540 4057 3613; baseline 0.003 -15"><span class='ocrx_word' id='word_1_623' title='bbox 2402 3554 2485 3599; x_wconf 86' lang='lat' dir='ltr'>est</span> <span class='ocrx_word' id='word_1_624' title='bbox 2546 3545 2722 3607; x_wconf 88' lang='lat' dir='ltr'>Patri,</span> <span class='ocrx_word' id='word_1_625' title='bbox 2776 3541 3073 3613; x_wconf 89' lang='lat' dir='ltr'>paulisper</span> <span class='ocrx_word' id='word_1_626' title='bbox 3120 3540 3499 3596; x_wconf 89' lang='lat' dir='ltr'>abscondisse</span> <span class='ocrx_word' id='word_1_627' title='bbox 3552 3546 3609 3597; x_wconf 89' lang='lat' dir='ltr'>in</span> <span class='ocrx_word' id='word_1_628' title='bbox 3665 3543 3853 3599; x_wconf 86' lang='lat' dir='ltr'>forma</span> <span class='ocrx_word' id='word_1_629' title='bbox 3901 3550 4057 3603; x_wconf 90' lang='lat' dir='ltr'>servi</span> 
     </span>
    </p>
   </div>
   <div class='ocr_carea' id='block_1_88' title="bbox 2400 3630 4054 3703">
    <p class='ocr_par' dir='ltr' id='par_1_88' title="bbox 2400 3630 4054 3703">
     <span class='ocr_line' id='line_1_88' title="bbox 2400 3630 4054 3703; baseline 0.001 -15"><span class='ocrx_word' id='word_1_630' title='bbox 2400 3634 2669 3703; x_wconf 73' lang='lat' dir='ltr'>(Philipp.</span> <span class='ocrx_word' id='word_1_631' title='bbox 2701 3649 2760 3698; x_wconf 86' lang='grc' dir='ltr'>ιι,</span> <span class='ocrx_word' id='word_1_632' title='bbox 2783 3632 2836 3699; x_wconf 84' lang='lat'>6,</span> <span class='ocrx_word' id='word_1_633' title='bbox 2868 3631 2945 3699; x_wconf 89' lang='lat'>7),</span> <span class='ocrx_word' id='word_1_634' title='bbox 2970 3634 3034 3683; x_wconf 90' lang='lat' dir='ltr'>ut</span> <span class='ocrx_word' id='word_1_635' title='bbox 3064 3630 3191 3698; x_wconf 86' lang='lat' dir='ltr'>ejus</span> <span class='ocrx_word' id='word_1_636' title='bbox 3225 3646 3405 3699; x_wconf 81' lang='lat' dir='ltr'>capax</span> <span class='ocrx_word' id='word_1_637' title='bbox 3434 3647 3562 3685; x_wconf 90' lang='lat' dir='ltr'>esse</span> <span class='ocrx_word' id='word_1_638' title='bbox 3592 3631 3854 3689; x_wconf 85' lang='lat' dir='ltr'>humana</span> <span class='ocrx_word' id='word_1_639' title='bbox 3886 3635 4054 3691; x_wconf 83' lang='lat' dir='ltr'>inﬁr-</span> 
     </span>
    </p>
   </div>
   <div class='ocr_carea' id='block_1_89' title="bbox 2400 3718 4056 3792">
    <p class='ocr_par' dir='ltr' id='par_1_89' title="bbox 2400 3718 4056 3792">
     <span class='ocr_line' id='line_1_89' title="bbox 2400 3718 4056 3792; baseline 0.002 -15"><span class='ocrx_word' id='word_1_640' title='bbox 2400 3723 2581 3777; x_wconf 90' lang='lat' dir='ltr'>mitas</span> <span class='ocrx_word' id='word_1_641' title='bbox 2609 3724 2823 3792; x_wconf 86' lang='lat' dir='ltr'>posset,</span> <span class='ocrx_word' id='word_1_642' title='bbox 2857 3734 3038 3788; x_wconf 90' lang='lat' dir='ltr'>eoque</span> <span class='ocrx_word' id='word_1_643' title='bbox 3092 3718 3257 3771; x_wconf 89' lang='lat' dir='ltr'>modo</span> <span class='ocrx_word' id='word_1_644' title='bbox 3289 3734 3351 3772; x_wconf 88' lang='lat' dir='ltr'>se</span> <span class='ocrx_word' id='word_1_645' title='bbox 3384 3719 3617 3790; x_wconf 89' lang='lat' dir='ltr'>conjugi</span> <span class='ocrx_word' id='word_1_646' title='bbox 3662 3729 4056 3792; x_wconf 87' lang='lat' dir='ltr'>congruenter</span> 
     </span>
    </p>
   </div>
   <div class='ocr_carea' id='block_1_90' title="bbox 2397 3805 4049 3883">
    <p class='ocr_par' dir='ltr' id='par_1_90' title="bbox 2397 3805 4049 3883">
     <span class='ocr_line' id='line_1_90' title="bbox 2397 3805 4049 3883; baseline 0.001 -17"><span class='ocrx_word' id='word_1_647' title='bbox 2397 3816 2641 3883; x_wconf 87' lang='lat' dir='ltr'>aptaret.</span> <span class='ocrx_word' id='word_1_648' title='bbox 2667 3808 2812 3874; x_wconf 82' lang='lat' dir='ltr'>Quid</span> <span class='ocrx_word' id='word_1_649' title='bbox 2837 3807 2991 3861; x_wconf 91' lang='lat' dir='ltr'>enim</span> <span class='ocrx_word' id='word_1_650' title='bbox 3015 3805 3355 3872; x_wconf 89' lang='lat' dir='ltr'>absurdum,</span> <span class='ocrx_word' id='word_1_651' title='bbox 3382 3805 3498 3861; x_wconf 91' lang='lat' dir='ltr'>imo</span> <span class='ocrx_word' id='word_1_652' title='bbox 3521 3806 3661 3877; x_wconf 92' lang='lat' dir='ltr'>quid</span> <span class='ocrx_word' id='word_1_653' title='bbox 3688 3825 3803 3863; x_wconf 93' lang='lat' dir='ltr'>non</span> <span class='ocrx_word' id='word_1_654' title='bbox 3837 3827 4049 3868; x_wconf 86' lang='lat' dir='ltr'>conve-</span> 
     </span>
    </p>
   </div>
   <div class='ocr_carea' id='block_1_91' title="bbox 2396 3893 4047 3971">
    <p class='ocr_par' dir='ltr' id='par_1_91' title="bbox 2396 3893 4047 3971">
     <span class='ocr_line' id='line_1_91' title="bbox 2396 3893 4047 3971; baseline 0.001 -15"><span class='ocrx_word' id='word_1_655' title='bbox 2396 3901 2621 3957; x_wconf 91' lang='lat' dir='ltr'>nienter</span> <span class='ocrx_word' id='word_1_656' title='bbox 2649 3899 2979 3952; x_wconf 85' lang='lat' dir='ltr'>futurorum</span> <span class='ocrx_word' id='word_1_657' title='bbox 3013 3893 3482 3966; x_wconf 79' lang='lat' dir='ltr'>praenuntiationi</span> <span class='ocrx_word' id='word_1_658' title='bbox 3510 3899 4047 3971; x_wconf 88' lang='lat' dir='ltr'>accommodatum,</span> 
     </span>
    </p>
   </div>
   <div class='ocr_carea' id='block_1_92' title="bbox 2392 3981 4043 4059">
    <p class='ocr_par' dir='ltr' id='par_1_92' title="bbox 2392 3981 4043 4059">
     <span class='ocr_line' id='line_1_92' title="bbox 2392 3981 4043 4059; baseline -0.001 -13"><span class='ocrx_word' id='word_1_659' title='bbox 2392 3992 2439 4047; x_wconf 90' lang='lat' dir='ltr'>si</span> <span class='ocrx_word' id='word_1_660' title='bbox 2482 3986 2772 4059; x_wconf 87' lang='lat' dir='ltr'>Propheta</span> <span class='ocrx_word' id='word_1_661' title='bbox 2802 3985 2901 4039; x_wconf 92' lang='lat' dir='ltr'>Dei</span> <span class='ocrx_word' id='word_1_662' title='bbox 2952 3982 3183 4039; x_wconf 88' lang='lat' dir='ltr'>carnale</span> <span class='ocrx_word' id='word_1_663' title='bbox 3213 3981 3433 4053; x_wconf 89' lang='lat' dir='ltr'>aliquid</span> <span class='ocrx_word' id='word_1_664' title='bbox 3483 3982 3645 4049; x_wconf 88' lang='lat' dir='ltr'>lusit,</span> <span class='ocrx_word' id='word_1_665' title='bbox 3681 3990 3745 4041; x_wconf 90' lang='lat' dir='ltr'>ut</span> <span class='ocrx_word' id='word_1_666' title='bbox 3773 4002 3914 4042; x_wconf 90' lang='lat' dir='ltr'>eum</span> <span class='ocrx_word' id='word_1_667' title='bbox 3948 4007 4043 4046; x_wconf 81' lang='lat' dir='ltr'>ca-</span> 
     </span>
    </p>
   </div>
   <div class='ocr_carea' id='block_1_93' title="bbox 2390 4071 4044 4153">
    <p class='ocr_par' dir='ltr' id='par_1_93' title="bbox 2390 4071 4044 4153">
     <span class='ocr_line' id='line_1_93' title="bbox 2390 4071 4044 4153; baseline 0.001 -19"><span class='ocrx_word' id='word_1_668' title='bbox 2390 4083 2549 4153; x_wconf 90' lang='lat' dir='ltr'>peret</span> <span class='ocrx_word' id='word_1_669' title='bbox 2575 4076 2815 4132; x_wconf 79' lang='lat' dir='ltr'>affectus</span> <span class='ocrx_word' id='word_1_670' title='bbox 2847 4073 3080 4139; x_wconf 80' lang='lat' dir='ltr'>uxoris;</span> <span class='ocrx_word' id='word_1_671' title='bbox 3112 4087 3244 4126; x_wconf 91' lang='lat' dir='ltr'>cum</span> <span class='ocrx_word' id='word_1_672' title='bbox 3269 4071 3459 4143; x_wconf 91' lang='lat' dir='ltr'>ipsum</span> <span class='ocrx_word' id='word_1_673' title='bbox 3492 4071 3741 4129; x_wconf 90' lang='lat' dir='ltr'>Verbum</span> <span class='ocrx_word' id='word_1_674' title='bbox 3778 4076 3872 4130; x_wconf 89' lang='lat' dir='ltr'>Dei</span> <span class='ocrx_word' id='word_1_675' title='bbox 3909 4095 4044 4136; x_wconf 87' lang='lat' dir='ltr'>caro</span> 
     </span>
    </p>
   </div>
   <div class='ocr_carea' id='block_1_94' title="bbox 2390 4160 3897 4233">
    <p class='ocr_par' dir='ltr' id='par_1_94' title="bbox 2390 4160 3897 4233">
     <span class='ocr_line' id='line_1_94' title="bbox 2390 4160 3897 4233; baseline -0.003 -10"><span class='ocrx_word' id='word_1_676' title='bbox 2390 4169 2607 4223; x_wconf 89' lang='lat' dir='ltr'>factum</span> <span class='ocrx_word' id='word_1_677' title='bbox 2641 4164 2734 4227; x_wconf 92' lang='lat' dir='ltr'>sit,</span> <span class='ocrx_word' id='word_1_678' title='bbox 2768 4167 2829 4216; x_wconf 92' lang='lat' dir='ltr'>ut</span> <span class='ocrx_word' id='word_1_679' title='bbox 2857 4161 3148 4215; x_wconf 88' lang='lat' dir='ltr'>habitaret</span> <span class='ocrx_word' id='word_1_680' title='bbox 3177 4160 3234 4213; x_wconf 95' lang='lat' dir='ltr'>in</span> <span class='ocrx_word' id='word_1_681' title='bbox 3267 4160 3434 4214; x_wconf 90' lang='lat' dir='ltr'>nobis</span> <span class='ocrx_word' id='word_1_682' title='bbox 3468 4160 3644 4231; x_wconf 84' lang='lat' dir='ltr'>(Joan.</span> <span class='ocrx_word' id='word_1_683' title='bbox 3678 4179 3717 4231; x_wconf 81' lang='grc' dir='ltr'>ι,</span> <span class='ocrx_word' id='word_1_684' title='bbox 3759 4164 3897 4233; x_wconf 73' lang='grc' dir='ltr'>14)Ῡ</span> 
     </span>
    </p>
   </div>
   <div class='ocr_carea' id='block_1_95' title="bbox 2456 4248 4039 4324">
    <p class='ocr_par' dir='ltr' id='par_1_95' title="bbox 2456 4248 4039 4324">
     <span class='ocr_line' id='line_1_95' title="bbox 2456 4248 4039 4324; baseline 0 -15"><span class='ocrx_word' id='word_1_685' title='bbox 2456 4253 2684 4309; x_wconf 85' lang='lat' dir='ltr'>CAPUT</span> <span class='ocrx_word' id='word_1_686' title='bbox 2716 4250 2931 4305; x_wconf 81' lang='lat' dir='ltr'><strong>XLVII.</strong></span> <span class='ocrx_word' id='word_1_687' title='bbox 2976 4281 3022 4290; x_wconf 92' lang='lat'><strong>-</strong></span> <span class='ocrx_word' id='word_1_688' title='bbox 3046 4249 3178 4303; x_wconf 88' lang='lat' dir='ltr'>Jam</span> <span class='ocrx_word' id='word_1_689' title='bbox 3209 4265 3340 4303; x_wconf 90' lang='lat' dir='ltr'>vero</span> <span class='ocrx_word' id='word_1_690' title='bbox 3372 4248 3490 4304; x_wconf 89' lang='lat' dir='ltr'>ﬁlio</span> <span class='ocrx_word' id='word_1_691' title='bbox 3522 4250 3648 4319; x_wconf 89' lang='lat' dir='ltr'>ejus</span> <span class='ocrx_word' id='word_1_692' title='bbox 3669 4250 3851 4306; x_wconf 88' lang='lat' dir='ltr'>Jacob</span> <span class='ocrx_word' id='word_1_693' title='bbox 3875 4255 4039 4324; x_wconf 90' lang='lat' dir='ltr'>quod</span> 
     </span>
    </p>
   </div>
   <div class='ocr_carea' id='block_1_96' title="bbox 2382 4337 4034 4418">
    <p class='ocr_par' dir='ltr' id='par_1_96' title="bbox 2382 4337 4034 4418">
     <span class='ocr_line' id='line_1_96' title="bbox 2382 4337 4034 4418; baseline -0.001 -19"><span class='ocrx_word' id='word_1_694' title='bbox 2382 4362 2485 4418; x_wconf 90' lang='lat' dir='ltr'>pro</span> <span class='ocrx_word' id='word_1_695' title='bbox 2507 4340 2725 4413; x_wconf 89' lang='lat' dir='ltr'>ingenti</span> <span class='ocrx_word' id='word_1_696' title='bbox 2748 4340 2990 4394; x_wconf 89' lang='lat' dir='ltr'>crimine</span> <span class='ocrx_word' id='word_1_697' title='bbox 3006 4341 3255 4408; x_wconf 87' lang='lat' dir='ltr'>quatuor</span> <span class='ocrx_word' id='word_1_698' title='bbox 3275 4337 3632 4405; x_wconf 89' lang='lat' dir='ltr'>objiciuntur</span> <span class='ocrx_word' id='word_1_699' title='bbox 3650 4354 3855 4395; x_wconf 83' lang='lat' dir='ltr'>uxores</span> <span class='ocrx_word' id='word_1_700' title='bbox 3871 4340 4034 4410; x_wconf 76' lang='lat' dir='ltr'>(Gen.</span> 
     </span>
    </p>
   </div>
   <div class='ocr_carea' id='block_1_97' title="bbox 2378 4424 4035 4501">
    <p class='ocr_par' dir='ltr' id='par_1_97' title="bbox 2378 4424 4035 4501">
     <span class='ocr_line' id='line_1_97' title="bbox 2378 4424 4035 4501; baseline -0.003 -12"><span class='ocrx_word' id='word_1_701' title='bbox 2378 4452 2511 4489; x_wconf 79' lang='lat' dir='ltr'>xxix</span> <span class='ocrx_word' id='word_1_702' title='bbox 2541 4438 2592 4487; x_wconf 79' lang='lat' dir='ltr'>et</span> <span class='ocrx_word' id='word_1_703' title='bbox 2618 4426 3045 4501; x_wconf 89' lang='lat' dir='ltr'>xxx),generali</span> <span class='ocrx_word' id='word_1_704' title='bbox 3068 4424 3475 4497; x_wconf 60' lang='lat' dir='ltr'>praelocutione</span> <span class='ocrx_word' id='word_1_705' title='bbox 3508 4432 3813 4499; x_wconf 91' lang='lat' dir='ltr'>purgatur.</span> <span class='ocrx_word' id='word_1_706' title='bbox 3839 4430 4035 4493; x_wconf 86' lang='lat' dir='ltr'>Quan-</span> 
     </span>
    </p>
   </div>
   <div class='ocr_carea' id='block_1_98' title="bbox 2378 4516 4034 4590">
    <p class='ocr_par' dir='ltr' id='par_1_98' title="bbox 2378 4516 4034 4590">
     <span class='ocr_line' id='line_1_98' title="bbox 2378 4516 4034 4590; baseline -0.008 -11"><span class='ocrx_word' id='word_1_707' title='bbox 2378 4526 2450 4580; x_wconf 90' lang='lat' dir='ltr'>do</span> <span class='ocrx_word' id='word_1_708' title='bbox 2471 4524 2627 4579; x_wconf 91' lang='lat' dir='ltr'>enim</span> <span class='ocrx_word' id='word_1_709' title='bbox 2652 4536 2778 4575; x_wconf 89' lang='lat' dir='ltr'>mos</span> <span class='ocrx_word' id='word_1_710' title='bbox 2803 4516 3173 4586; x_wconf 88' lang='lat' dir='ltr'>erat,crimen</span> <span class='ocrx_word' id='word_1_711' title='bbox 3201 4532 3311 4570; x_wconf 87' lang='lat' dir='ltr'>non</span> <span class='ocrx_word' id='word_1_712' title='bbox 3335 4520 3497 4570; x_wconf 90' lang='lat' dir='ltr'>erat:</span> <span class='ocrx_word' id='word_1_713' title='bbox 3524 4521 3580 4571; x_wconf 90' lang='lat' dir='ltr'>et</span> <span class='ocrx_word' id='word_1_714' title='bbox 3601 4533 3755 4572; x_wconf 90' lang='lat' dir='ltr'>nunc</span> <span class='ocrx_word' id='word_1_715' title='bbox 3769 4526 4034 4590; x_wconf 76' lang='lat' dir='ltr'>propter.</span> 
     </span>
    </p>
   </div>
   <div class='ocr_carea' id='block_1_99' title="bbox 2374 4604 4031 4680">
    <p class='ocr_par' dir='ltr' id='par_1_99' title="bbox 2374 4604 4031 4680">
     <span class='ocr_line' id='line_1_99' title="bbox 2374 4604 4031 4680; baseline -0.002 -11"><span class='ocrx_word' id='word_1_716' title='bbox 2374 4631 2441 4669; x_wconf 89' lang='lat' dir='ltr'>ea</span> <span class='ocrx_word' id='word_1_717' title='bbox 2458 4613 2678 4667; x_wconf 88' lang='lat' dir='ltr'>crimen</span> <span class='ocrx_word' id='word_1_718' title='bbox 2698 4614 2804 4675; x_wconf 91' lang='lat' dir='ltr'>est,</span> <span class='ocrx_word' id='word_1_719' title='bbox 2822 4606 2962 4678; x_wconf 90' lang='lat' dir='ltr'>quia</span> <span class='ocrx_word' id='word_1_720' title='bbox 2980 4622 3106 4660; x_wconf 87' lang='lat' dir='ltr'>mos</span> <span class='ocrx_word' id='word_1_721' title='bbox 3134 4621 3249 4659; x_wconf 90' lang='lat' dir='ltr'>non</span> <span class='ocrx_word' id='word_1_722' title='bbox 3282 4609 3387 4659; x_wconf 89' lang='lat' dir='ltr'>est.</span> <span class='ocrx_word' id='word_1_723' title='bbox 3414 4604 3542 4660; x_wconf 83' lang='lat' dir='ltr'>Alia</span> <span class='ocrx_word' id='word_1_724' title='bbox 3558 4606 3715 4660; x_wconf 90' lang='lat' dir='ltr'>enim</span> <span class='ocrx_word' id='word_1_725' title='bbox 3741 4612 3879 4662; x_wconf 91' lang='lat' dir='ltr'>sunt</span> <span class='ocrx_word' id='word_1_726' title='bbox 3897 4626 4031 4680; x_wconf 86' lang='lat' dir='ltr'>pec-</span> 
     </span>
    </p>
   </div>
   <div class='ocr_carea' id='block_1_100' title="bbox 2372 4693 4030 4765">
    <p class='ocr_par' dir='ltr' id='par_1_100' title="bbox 2372 4693 4030 4765">
     <span class='ocr_line' id='line_1_100' title="bbox 2372 4693 4030 4765; baseline -0.003 -7"><span class='ocrx_word' id='word_1_727' title='bbox 2372 4708 2497 4758; x_wconf 90' lang='lat' dir='ltr'>cata</span> <span class='ocrx_word' id='word_1_728' title='bbox 2528 4704 2729 4756; x_wconf 88' lang='lat' dir='ltr'>contra</span> <span class='ocrx_word' id='word_1_729' title='bbox 2750 4702 3041 4757; x_wconf 88' lang='lat' dir='ltr'>naturam,</span> <span class='ocrx_word' id='word_1_730' title='bbox 3067 4693 3179 4748; x_wconf 87' lang='lat' dir='ltr'>alia</span> <span class='ocrx_word' id='word_1_731' title='bbox 3209 4698 3409 4748; x_wconf 88' lang='lat' dir='ltr'>contra</span> <span class='ocrx_word' id='word_1_732' title='bbox 3438 4710 3652 4765; x_wconf 87' lang='lat' dir='ltr'>mores,</span> <span class='ocrx_word' id='word_1_733' title='bbox 3680 4693 3795 4749; x_wconf 91' lang='lat' dir='ltr'>alia</span> <span class='ocrx_word' id='word_1_734' title='bbox 3817 4703 4030 4754; x_wconf 90' lang='lat' dir='ltr'>contra</span> 
     </span>
    </p>
   </div>
   <div class='ocr_carea' id='block_1_101' title="bbox 2368 4775 4026 4864">
    <p class='ocr_par' dir='ltr' id='par_1_101' title="bbox 2368 4775 4026 4864">
     <span class='ocr_line' id='line_1_101' title="bbox 2368 4775 4026 4864; baseline -0.004 -18"><span class='ocrx_word' id='word_1_735' title='bbox 2368 4794 2669 4864; x_wconf 63' lang='lat' dir='ltr'>praecepta.</span> <span class='ocrx_word' id='word_1_736' title='bbox 2703 4787 2836 4850; x_wconf 79' lang='lat' dir='ltr'>Quae</span> <span class='ocrx_word' id='word_1_737' title='bbox 2869 4799 3001 4837; x_wconf 90' lang='lat' dir='ltr'>cum</span> <span class='ocrx_word' id='word_1_738' title='bbox 3026 4783 3106 4836; x_wconf 90' lang='lat' dir='ltr'>ita</span> <span class='ocrx_word' id='word_1_739' title='bbox 3135 4782 3273 4850; x_wconf 89' lang='lat' dir='ltr'>sint,</span> <span class='ocrx_word' id='word_1_740' title='bbox 3306 4782 3444 4852; x_wconf 91' lang='lat' dir='ltr'>quid</span> <span class='ocrx_word' id='word_1_741' title='bbox 3469 4775 3705 4837; x_wconf 84' lang='lat' dir='ltr'>tandem</span> <span class='ocrx_word' id='word_1_742' title='bbox 3752 4782 4026 4841; x_wconf 89' lang='lat' dir='ltr'>criminis</span> 
     </span>
    </p>
   </div>
   <div class='ocr_carea' id='block_1_102' title="bbox 2364 4856 4159 4950">
    <p class='ocr_par' dir='ltr' id='par_1_102' title="bbox 2364 4856 4159 4950">
     <span class='ocr_line' id='line_1_102' title="bbox 2364 4856 4159 4950; baseline -0.006 -14"><span class='ocrx_word' id='word_1_743' title='bbox 2364 4856 2473 4950; x_wconf 76' lang='lat' dir='ltr'>est,</span> <span class='ocrx_word' id='word_1_744' title='bbox 2494 4856 2649 4950; x_wconf 78' lang='lat' dir='ltr'>quod</span> <span class='ocrx_word' id='word_1_745' title='bbox 2681 4876 2751 4930; x_wconf 90' lang='lat' dir='ltr'>de</span> <span class='ocrx_word' id='word_1_746' title='bbox 2773 4871 3039 4945; x_wconf 89' lang='lat' dir='ltr'>pluribus</span> <span class='ocrx_word' id='word_1_747' title='bbox 3063 4870 3239 4925; x_wconf 88' lang='lat' dir='ltr'>simul</span> <span class='ocrx_word' id='word_1_748' title='bbox 3265 4870 3479 4926; x_wconf 83' lang='lat' dir='ltr'>habilis</span> <span class='ocrx_word' id='word_1_749' title='bbox 3501 4870 3780 4926; x_wconf 89' lang='lat' dir='ltr'>uxoribus</span> <span class='ocrx_word' id='word_1_750' title='bbox 3803 4872 4016 4941; x_wconf 86' lang='lat' dir='ltr'>objici-</span> <span class='ocrx_word' id='word_1_751' title='bbox 4158 4856 4159 4935; x_wconf 79' lang='lat' dir='ltr'>l</span> 
     </span>
    </p>
   </div>
   <div class='ocr_carea' id='block_1_103' title="bbox 2360 4959 4017 5026">
    <p class='ocr_par' dir='ltr' id='par_1_103' title="bbox 2360 4959 4017 5026">
     <span class='ocr_line' id='line_1_103' title="bbox 2360 4959 4017 5026; baseline -0.005 -1"><span class='ocrx_word' id='word_1_752' title='bbox 2360 4974 2457 5024; x_wconf 89' lang='lat' dir='ltr'>tur</span> <span class='ocrx_word' id='word_1_753' title='bbox 2482 4969 2683 5023; x_wconf 89' lang='lat' dir='ltr'>sancto</span> <span class='ocrx_word' id='word_1_754' title='bbox 2711 4962 2829 5016; x_wconf 90' lang='lat' dir='ltr'>viro</span> <span class='ocrx_word' id='word_1_755' title='bbox 2849 4961 2875 5015; x_wconf 86' lang='lat' dir='ltr'><strong>J</strong></span> <span class='ocrx_word' id='word_1_756' title='bbox 2890 4960 3031 5015; x_wconf 89' lang='lat' dir='ltr'>acob</span> <span class='ocrx_word' id='word_1_757' title='bbox 3046 4959 3074 5014; x_wconf 82' lang='lat'><strong>?</strong></span> <span class='ocrx_word' id='word_1_758' title='bbox 3094 4959 3151 5013; x_wconf 93' lang='lat' dir='ltr'>Si</span> <span class='ocrx_word' id='word_1_759' title='bbox 3178 4964 3446 5014; x_wconf 89' lang='lat' dir='ltr'>naturam</span> <span class='ocrx_word' id='word_1_760' title='bbox 3467 4959 3759 5026; x_wconf 91' lang='lat' dir='ltr'>consulas,</span> <span class='ocrx_word' id='word_1_761' title='bbox 3786 4977 3903 5015; x_wconf 91' lang='lat' dir='ltr'>non</span> <span class='ocrx_word' id='word_1_762' title='bbox 3930 4960 4017 5017; x_wconf 87' lang='lat' dir='ltr'>la-</span> 
     </span>
    </p>
   </div>
   <div class='ocr_carea' id='block_1_104' title="bbox 2357 5046 4015 5120">
    <p class='ocr_par' dir='ltr' id='par_1_104' title="bbox 2357 5046 4015 5120">
     <span class='ocr_line' id='line_1_104' title="bbox 2357 5046 4015 5120; baseline -0.005 -8"><span class='ocrx_word' id='word_1_763' title='bbox 2357 5050 2772 5120; x_wconf 90' lang='lat' dir='ltr'>sciviendi,sed</span> <span class='ocrx_word' id='word_1_764' title='bbox 2790 5048 3063 5120; x_wconf 88' lang='lat' dir='ltr'>gignendi</span> <span class='ocrx_word' id='word_1_765' title='bbox 3098 5047 3407 5103; x_wconf 87' lang='lat' dir='ltr'>causaillis</span> <span class='ocrx_word' id='word_1_766' title='bbox 3433 5046 3781 5102; x_wconf 88' lang='lat' dir='ltr'>mulieribus</span> <span class='ocrx_word' id='word_1_767' title='bbox 3805 5048 4015 5104; x_wconf 80' lang='lat' dir='ltr'>uteba-</span> 
     </span>
    </p>
   </div>
   <div class='ocr_carea' id='block_1_105' title="bbox 2354 5136 4013 5208">
    <p class='ocr_par' dir='ltr' id='par_1_105' title="bbox 2354 5136 4013 5208">
     <span class='ocr_line' id='line_1_105' title="bbox 2354 5136 4013 5208; baseline -0.005 -6"><span class='ocrx_word' id='word_1_768' title='bbox 2354 5152 2451 5202; x_wconf 91' lang='lat' dir='ltr'>tur</span> <span class='ocrx_word' id='word_1_769' title='bbox 2478 5164 2490 5200; x_wconf 88' lang='lat'>:</span> <span class='ocrx_word' id='word_1_770' title='bbox 2528 5144 2575 5199; x_wconf 88' lang='lat' dir='ltr'>si</span> <span class='ocrx_word' id='word_1_771' title='bbox 2611 5154 2851 5203; x_wconf 87' lang='lat' dir='ltr'>morem,</span> <span class='ocrx_word' id='word_1_772' title='bbox 2876 5137 2974 5192; x_wconf 93' lang='lat' dir='ltr'>illo</span> <span class='ocrx_word' id='word_1_773' title='bbox 2996 5142 3257 5208; x_wconf 88' lang='lat' dir='ltr'>tempore</span> <span class='ocrx_word' id='word_1_774' title='bbox 3280 5141 3454 5207; x_wconf 87' lang='lat' dir='ltr'>atque</span> <span class='ocrx_word' id='word_1_775' title='bbox 3476 5137 3535 5191; x_wconf 93' lang='lat' dir='ltr'>in</span> <span class='ocrx_word' id='word_1_776' title='bbox 3563 5136 3677 5191; x_wconf 91' lang='lat' dir='ltr'>illis</span> <span class='ocrx_word' id='word_1_777' title='bbox 3701 5136 3874 5192; x_wconf 87' lang='lat' dir='ltr'>terris</span> <span class='ocrx_word' id='word_1_778' title='bbox 3897 5136 4013 5193; x_wconf 90' lang='lat' dir='ltr'>hoc</span> 
     </span>
    </p>
   </div>
   <div class='ocr_carea' id='block_1_106' title="bbox 2353 5223 4006 5298">
    <p class='ocr_par' dir='ltr' id='par_1_106' title="bbox 2353 5223 4006 5298">
     <span class='ocr_line' id='line_1_106' title="bbox 2353 5223 4006 5298; baseline -0.004 -8"><span class='ocrx_word' id='word_1_779' title='bbox 2353 5233 2722 5290; x_wconf 87' lang='lat' dir='ltr'>factitabatur</span> <span class='ocrx_word' id='word_1_780' title='bbox 2738 5246 2749 5284; x_wconf 90' lang='lat'><strong>:</strong></span> <span class='ocrx_word' id='word_1_781' title='bbox 2768 5228 2813 5282; x_wconf 87' lang='lat' dir='ltr'>si</span> <span class='ocrx_word' id='word_1_782' title='bbox 2838 5232 3210 5298; x_wconf 83' lang='lat' dir='ltr'>praeceptum,</span> <span class='ocrx_word' id='word_1_783' title='bbox 3232 5223 3392 5279; x_wconf 89' lang='lat' dir='ltr'>nulla</span> <span class='ocrx_word' id='word_1_784' title='bbox 3413 5225 3536 5295; x_wconf 82' lang='lat' dir='ltr'>lege</span> <span class='ocrx_word' id='word_1_785' title='bbox 3559 5224 4006 5295; x_wconf 86' lang='lat' dir='ltr'>prohibebatur.</span> 
     </span>
    </p>
   </div>
   <div class='ocr_carea' id='block_1_107' title="bbox 2348 5314 4007 5385">
    <p class='ocr_par' dir='ltr' id='par_1_107' title="bbox 2348 5314 4007 5385">
     <span class='ocr_line' id='line_1_107' title="bbox 2348 5314 4007 5385; baseline -0.004 -7"><span class='ocrx_word' id='word_1_786' title='bbox 2348 5328 2514 5378; x_wconf 85' lang='lat' dir='ltr'>Nunc</span> <span class='ocrx_word' id='word_1_787' title='bbox 2537 5336 2667 5374; x_wconf 84' lang='lat' dir='ltr'>vero</span> <span class='ocrx_word' id='word_1_788' title='bbox 2690 5335 2793 5372; x_wconf 93' lang='lat' dir='ltr'>cur</span> <span class='ocrx_word' id='word_1_789' title='bbox 2814 5317 3030 5371; x_wconf 87' lang='lat' dir='ltr'>crimen</span> <span class='ocrx_word' id='word_1_790' title='bbox 3053 5314 3218 5381; x_wconf 90' lang='lat' dir='ltr'>est,si</span> <span class='ocrx_word' id='word_1_791' title='bbox 3238 5314 3369 5385; x_wconf 89' lang='lat' dir='ltr'>quis</span> <span class='ocrx_word' id='word_1_792' title='bbox 3392 5314 3499 5369; x_wconf 91' lang='lat' dir='ltr'>hoc</span> <span class='ocrx_word' id='word_1_793' title='bbox 3526 5314 3837 5381; x_wconf 87' lang='lat' dir='ltr'>faciat,nisi</span> <span class='ocrx_word' id='word_1_794' title='bbox 3861 5316 4007 5384; x_wconf 88' lang='lat' dir='ltr'>quia</span> 
     </span>
    </p>
   </div>
   <div class='ocr_carea' id='block_1_108' title="bbox 2346 5403 4007 5477">
    <p class='ocr_par' dir='ltr' id='par_1_108' title="bbox 2346 5403 4007 5477">
     <span class='ocr_line' id='line_1_108' title="bbox 2346 5403 4007 5477; baseline -0.007 -10"><span class='ocrx_word' id='word_1_795' title='bbox 2346 5417 2404 5468; x_wconf 91' lang='lat' dir='ltr'>et</span> <span class='ocrx_word' id='word_1_796' title='bbox 2436 5410 2696 5465; x_wconf 90' lang='lat' dir='ltr'>moribus</span> <span class='ocrx_word' id='word_1_797' title='bbox 2727 5412 2782 5462; x_wconf 90' lang='lat' dir='ltr'>et</span> <span class='ocrx_word' id='word_1_798' title='bbox 2812 5406 3038 5477; x_wconf 90' lang='lat' dir='ltr'>legibus</span> <span class='ocrx_word' id='word_1_799' title='bbox 3060 5404 3168 5458; x_wconf 92' lang='lat' dir='ltr'>hoc</span> <span class='ocrx_word' id='word_1_800' title='bbox 3193 5421 3307 5458; x_wconf 91' lang='lat' dir='ltr'>non</span> <span class='ocrx_word' id='word_1_801' title='bbox 3333 5404 3510 5459; x_wconf 84' lang='lat' dir='ltr'>licet?</span> <span class='ocrx_word' id='word_1_802' title='bbox 3540 5403 3673 5468; x_wconf 63' lang='lat' dir='ltr'>Quae</span> <span class='ocrx_word' id='word_1_803' title='bbox 3698 5403 3813 5458; x_wconf 91' lang='lat' dir='ltr'>duo</span> <span class='ocrx_word' id='word_1_804' title='bbox 3845 5404 4007 5474; x_wconf 86' lang='lat' dir='ltr'>quis-</span> 
     </span>
    </p>
   </div>
   <div class='ocr_carea' id='block_1_109' title="bbox 2345 5494 4000 5573">
    <p class='ocr_par' dir='ltr' id='par_1_109' title="bbox 2345 5494 4000 5573">
     <span class='ocr_line' id='line_1_109' title="bbox 2345 5494 4000 5573; baseline -0.004 -17"><span class='ocrx_word' id='word_1_805' title='bbox 2345 5502 2476 5573; x_wconf 90' lang='lat' dir='ltr'>quis</span> <span class='ocrx_word' id='word_1_806' title='bbox 2491 5495 2923 5567; x_wconf 85' lang='lat' dir='ltr'>contempserit,</span> <span class='ocrx_word' id='word_1_807' title='bbox 2942 5494 3173 5547; x_wconf 88' lang='lat' dir='ltr'>etiamsi</span> <span class='ocrx_word' id='word_1_808' title='bbox 3188 5494 3596 5548; x_wconf 89' lang='lat' dir='ltr'>tantummodo</span> <span class='ocrx_word' id='word_1_809' title='bbox 3621 5508 3802 5547; x_wconf 88' lang='lat' dir='ltr'>causa</span> <span class='ocrx_word' id='word_1_810' title='bbox 3822 5508 4000 5563; x_wconf 81' lang='lat' dir='ltr'>gene-</span> 
     </span>
    </p>
   </div>
   <div class='ocr_carea' id='block_1_110' title="bbox 2341 5582 3999 5659">
    <p class='ocr_par' dir='ltr' id='par_1_110' title="bbox 2341 5582 3999 5659">
     <span class='ocr_line' id='line_1_110' title="bbox 2341 5582 3999 5659; baseline -0.003 -13"><span class='ocrx_word' id='word_1_811' title='bbox 2341 5589 2509 5647; x_wconf 86' lang='lat' dir='ltr'>randi</span> <span class='ocrx_word' id='word_1_812' title='bbox 2542 5588 2625 5644; x_wconf 92' lang='lat' dir='ltr'>uti</span> <span class='ocrx_word' id='word_1_813' title='bbox 2656 5586 2842 5659; x_wconf 91' lang='lat' dir='ltr'>possit</span> <span class='ocrx_word' id='word_1_814' title='bbox 2868 5583 3103 5638; x_wconf 86' lang='lat' dir='ltr'>feminis</span> <span class='ocrx_word' id='word_1_815' title='bbox 3136 5582 3423 5655; x_wconf 76' lang='lat' dir='ltr'>pluribus,</span> <span class='ocrx_word' id='word_1_816' title='bbox 3458 5587 3659 5655; x_wconf 89' lang='lat' dir='ltr'>peccat</span> <span class='ocrx_word' id='word_1_817' title='bbox 3691 5587 3915 5652; x_wconf 85' lang='lat' dir='ltr'>tamen,</span> <span class='ocrx_word' id='word_1_818' title='bbox 3938 5586 3999 5641; x_wconf 79' lang='lat' dir='ltr'>et</span> 
     </span>
    </p>
   </div>
   <div class='ocr_carea' id='block_1_111' title="bbox 603 4867 2254 4943">
    <p class='ocr_par' dir='ltr' id='par_1_111' title="bbox 603 4867 2254 4943">
     <span class='ocr_line' id='line_1_111' title="bbox 603 4867 2254 4943; baseline -0.003 -13"><span class='ocrx_word' id='word_1_819' title='bbox 603 4892 717 4930; x_wconf 90' lang='lat' dir='ltr'>non</span> <span class='ocrx_word' id='word_1_820' title='bbox 735 4876 894 4943; x_wconf 87' lang='lat' dir='ltr'>fecit;</span> <span class='ocrx_word' id='word_1_821' title='bbox 919 4869 1579 4935; x_wconf 89' lang='lat' dir='ltr'>etcavendaadmonuit,</span> <span class='ocrx_word' id='word_1_822' title='bbox 1607 4885 1721 4922; x_wconf 90' lang='lat' dir='ltr'>non</span> <span class='ocrx_word' id='word_1_823' title='bbox 1748 4867 2254 4943; x_wconf 79' lang='lat' dir='ltr'>imitandaprOpc-</span> 
     </span>
    </p>
   </div>
   <div class='ocr_carea' id='block_1_112' title="bbox 598 4964 743 5018">
    <p class='ocr_par' dir='ltr' id='par_1_112' title="bbox 598 4964 743 5018">
     <span class='ocr_line' id='line_1_112' title="bbox 598 4964 743 5018; baseline 0 0"><span class='ocrx_word' id='word_1_824' title='bbox 598 4964 743 5018; x_wconf 88' lang='lat' dir='ltr'>suit.</span> 
     </span>
    </p>
   </div>
   <div class='ocr_carea' id='block_1_113' title="bbox 668 5045 2245 5117">
    <p class='ocr_par' dir='ltr' id='par_1_113' title="bbox 668 5045 2245 5117">
     <span class='ocr_line' id='line_1_113' title="bbox 668 5045 2245 5117; baseline -0.002 -10"><span class='ocrx_word' id='word_1_825' title='bbox 668 5052 899 5109; x_wconf 85' lang='lat' dir='ltr'>CAPUT</span> <span class='ocrx_word' id='word_1_826' title='bbox 929 5053 1113 5107; x_wconf 85' lang='lat' dir='ltr'>XLVI.</span> <span class='ocrx_word' id='word_1_827' title='bbox 1140 5082 1207 5092; x_wconf 93' lang='lat'>-—</span> <span class='ocrx_word' id='word_1_828' title='bbox 1232 5046 1485 5106; x_wconf 89' lang='lat' dir='ltr'>Mirabili</span> <span class='ocrx_word' id='word_1_829' title='bbox 1507 5063 1647 5101; x_wconf 89' lang='lat' dir='ltr'>sane</span> <span class='ocrx_word' id='word_1_830' title='bbox 1678 5045 2072 5117; x_wconf 70' lang='lat' dir='ltr'>impudentia2</span> <span class='ocrx_word' id='word_1_831' title='bbox 2100 5050 2245 5108; x_wconf 83' lang='lat' dir='ltr'>Fau-</span> 
     </span>
    </p>
   </div>
   <div class='ocr_carea' id='block_1_114' title="bbox 599 5135 2242 5213">
    <p class='ocr_par' dir='ltr' id='par_1_114' title="bbox 599 5135 2242 5213">
     <span class='ocr_line' id='line_1_114' title="bbox 599 5135 2242 5213; baseline 0.001 -18"><span class='ocrx_word' id='word_1_832' title='bbox 599 5146 730 5197; x_wconf 91' lang='lat' dir='ltr'>stus</span> <span class='ocrx_word' id='word_1_833' title='bbox 784 5144 944 5197; x_wconf 89' lang='lat' dir='ltr'>Isaac</span> <span class='ocrx_word' id='word_1_834' title='bbox 975 5157 1203 5212; x_wconf 85' lang='lat' dir='ltr'>quoque</span> <span class='ocrx_word' id='word_1_835' title='bbox 1251 5138 1436 5191; x_wconf 89' lang='lat' dir='ltr'>ﬁlium</span> <span class='ocrx_word' id='word_1_836' title='bbox 1470 5135 1715 5189; x_wconf 64' lang='lat' dir='ltr'>Abrahae</span> <span class='ocrx_word' id='word_1_837' title='bbox 1761 5135 2103 5194; x_wconf 90' lang='lat' dir='ltr'>criminatus</span> <span class='ocrx_word' id='word_1_838' title='bbox 2133 5147 2242 5213; x_wconf 87' lang='lat' dir='ltr'>est,</span> 
     </span>
    </p>
   </div>
   <div class='ocr_carea' id='block_1_115' title="bbox 592 5228 2243 5300">
    <p class='ocr_par' dir='ltr' id='par_1_115' title="bbox 592 5228 2243 5300">
     <span class='ocr_line' id='line_1_115' title="bbox 592 5228 2243 5300; baseline 0.002 -17"><span class='ocrx_word' id='word_1_839' title='bbox 592 5231 747 5300; x_wconf 89' lang='lat' dir='ltr'>quod</span> <span class='ocrx_word' id='word_1_840' title='bbox 796 5231 1137 5295; x_wconf 85' lang='lat' dir='ltr'>Rebeccam,</span> <span class='ocrx_word' id='word_1_841' title='bbox 1170 5245 1296 5299; x_wconf 81' lang='lat' dir='ltr'>quae</span> <span class='ocrx_word' id='word_1_842' title='bbox 1345 5243 1488 5280; x_wconf 87' lang='lat' dir='ltr'>uxor</span> <span class='ocrx_word' id='word_1_843' title='bbox 1524 5228 1665 5293; x_wconf 87' lang='lat' dir='ltr'>erat,</span> <span class='ocrx_word' id='word_1_844' title='bbox 1700 5240 1956 5281; x_wconf 88' lang='lat' dir='ltr'>sororem</span> <span class='ocrx_word' id='word_1_845' title='bbox 2012 5230 2243 5287; x_wconf 88' lang='lat' dir='ltr'>ﬁnxerit</span> 
     </span>
    </p>
   </div>
   <div class='ocr_carea' id='block_1_116' title="bbox 588 5314 2237 5389">
    <p class='ocr_par' dir='ltr' id='par_1_116' title="bbox 588 5314 2237 5389">
     <span class='ocr_line' id='line_1_116' title="bbox 588 5314 2237 5389; baseline 0.002 -18"><span class='ocrx_word' id='word_1_846' title='bbox 588 5318 689 5389; x_wconf 83' lang='lat' dir='ltr'>(Id.</span> <span class='ocrx_word' id='word_1_847' title='bbox 718 5335 868 5382; x_wconf 74' lang='lat' dir='ltr'>xxvx,</span> <span class='ocrx_word' id='word_1_848' title='bbox 904 5319 982 5388; x_wconf 88' lang='lat'>7).</span> <span class='ocrx_word' id='word_1_849' title='bbox 1008 5318 1205 5373; x_wconf 91' lang='lat' dir='ltr'>Genus</span> <span class='ocrx_word' id='word_1_850' title='bbox 1235 5317 1389 5370; x_wconf 90' lang='lat' dir='ltr'>enim</span> <span class='ocrx_word' id='word_1_851' title='bbox 1422 5314 1692 5368; x_wconf 74' lang='lat' dir='ltr'>Rebeccae</span> <span class='ocrx_word' id='word_1_852' title='bbox 1723 5330 1836 5367; x_wconf 92' lang='lat' dir='ltr'>non</span> <span class='ocrx_word' id='word_1_853' title='bbox 1861 5316 2103 5373; x_wconf 88' lang='lat' dir='ltr'>tacitum</span> <span class='ocrx_word' id='word_1_854' title='bbox 2127 5324 2237 5387; x_wconf 88' lang='lat' dir='ltr'>est,</span> 
     </span>
    </p>
   </div>
   <div class='ocr_carea' id='block_1_117' title="bbox 586 5402 2236 5478">
    <p class='ocr_par' dir='ltr' id='par_1_117' title="bbox 586 5402 2236 5478">
     <span class='ocr_line' id='line_1_117' title="bbox 586 5402 2236 5478; baseline 0.002 -17"><span class='ocrx_word' id='word_1_855' title='bbox 586 5412 643 5461; x_wconf 89' lang='lat' dir='ltr'>et</span> <span class='ocrx_word' id='word_1_856' title='bbox 663 5424 791 5461; x_wconf 88' lang='lat' dir='ltr'>eam</span> <span class='ocrx_word' id='word_1_857' title='bbox 817 5423 919 5477; x_wconf 89' lang='lat' dir='ltr'>per</span> <span class='ocrx_word' id='word_1_858' title='bbox 932 5406 1299 5461; x_wconf 82' lang='lat' dir='ltr'>notissimam</span> <span class='ocrx_word' id='word_1_859' title='bbox 1317 5402 1811 5475; x_wconf 83' lang='lat' dir='ltr'>propinquitatem</span> <span class='ocrx_word' id='word_1_860' title='bbox 1828 5422 2084 5462; x_wconf 87' lang='lat' dir='ltr'>sororem</span> <span class='ocrx_word' id='word_1_861' title='bbox 2108 5410 2236 5478; x_wconf 90' lang='lat' dir='ltr'>ejus</span> 
     </span>
    </p>
   </div>
   <div class='ocr_carea' id='block_1_118' title="bbox 582 5491 2234 5561">
    <p class='ocr_par' dir='ltr' id='par_1_118' title="bbox 582 5491 2234 5561">
     <span class='ocr_line' id='line_1_118' title="bbox 582 5491 2234 5561; baseline 0.003 -12"><span class='ocrx_word' id='word_1_862' title='bbox 582 5495 764 5550; x_wconf 87' lang='lat' dir='ltr'>fuisse</span> <span class='ocrx_word' id='word_1_863' title='bbox 797 5495 1173 5549; x_wconf 86' lang='lat' dir='ltr'>manitestum</span> <span class='ocrx_word' id='word_1_864' title='bbox 1206 5499 1294 5549; x_wconf 89' lang='lat' dir='ltr'>est</span> <span class='ocrx_word' id='word_1_865' title='bbox 1340 5492 1437 5561; x_wconf 85' lang='lat' dir='ltr'>(Id.</span> <span class='ocrx_word' id='word_1_866' title='bbox 1472 5496 1641 5559; x_wconf 74' lang='lat' dir='ltr'>xxxv).</span> <span class='ocrx_word' id='word_1_867' title='bbox 1678 5491 1747 5547; x_wconf 89' lang='lat' dir='ltr'>Ut</span> <span class='ocrx_word' id='word_1_868' title='bbox 1780 5498 1971 5548; x_wconf 88' lang='lat' dir='ltr'>autem</span> <span class='ocrx_word' id='word_1_869' title='bbox 2015 5500 2234 5554; x_wconf 89' lang='lat' dir='ltr'>taceret</span> 
     </span>
    </p>
   </div>
   <div class='ocr_carea' id='block_1_119' title="bbox 642 5679 1333 5741">
    <p class='ocr_par' dir='ltr' id='par_1_119' title="bbox 642 5679 1333 5741">
     <span class='ocr_line' id='line_1_119' title="bbox 642 5679 1333 5741; baseline 0.007 -15"><span class='ocrx_word' id='word_1_870' title='bbox 642 5682 658 5715; x_wconf 78' lang='grc' dir='ltr'>ί</span> <span class='ocrx_word' id='word_1_871' title='bbox 692 5679 913 5738; x_wconf 84' lang='lat' dir='ltr'>Quidam</span> <span class='ocrx_word' id='word_1_872' title='bbox 944 5681 1086 5741; x_wconf 85' lang='lat' dir='ltr'>Mss.,</span> <span class='ocrx_word' id='word_1_873' title='bbox 1118 5681 1333 5731; x_wconf 81' lang='lat' dir='ltr'>cederet.</span> 
     </span>
    </p>
   </div>
   <div class='ocr_carea' id='block_1_120' title="bbox 638 5742 2400 5812">
    <p class='ocr_par' dir='ltr' id='par_1_120' title="bbox 638 5742 1471 5809">
     <span class='ocr_line' id='line_1_120' title="bbox 638 5742 1471 5809; baseline -0.007 -12"><span class='ocrx_word' id='word_1_874' title='bbox 638 5742 661 5781; x_wconf 77' lang='grc'>³</span> <span class='ocrx_word' id='word_1_875' title='bbox 687 5742 906 5808; x_wconf 82' lang='lat' dir='ltr'>Aliquot</span> <span class='ocrx_word' id='word_1_876' title='bbox 931 5743 1075 5806; x_wconf 63' lang='lat' dir='ltr'>Mam,</span> <span class='ocrx_word' id='word_1_877' title='bbox 1106 5744 1471 5809; x_wconf 75' lang='lat' dir='ltr'>imprudentia.</span> 
     </span>
    </p>
   </div>
   <div class='ocr_carea' id='block_1_121' title="bbox 1384 5742 3146 5812">
    <p class='ocr_par' dir='ltr' id='par_1_121' title="bbox 1384 5742 3146 5812">
     <span class='ocr_line' id='line_1_121' title="bbox 1384 5742 3146 5812; baseline -0.008 -7"><span class='ocrx_word' id='word_1_878' title='bbox 1384 5744 1471 5793; x_wconf 73' lang='grc' dir='ltr'>τία·</span> <span class='ocrx_word' id='word_1_879' title='bbox 2400 5754 2418 5791; x_wconf 75' lang='grc' dir='ltr'>ί</span> <span class='ocrx_word' id='word_1_880' title='bbox 2450 5749 2694 5812; x_wconf 86' lang='lat' dir='ltr'>Plerique</span> <span class='ocrx_word' id='word_1_881' title='bbox 2724 5746 2869 5805; x_wconf 51' lang='lat' dir='ltr'>Mss&quot;</span> <span class='ocrx_word' id='word_1_882' title='bbox 2906 5742 3146 5807; x_wconf 76' lang='lat' dir='ltr'>vigorem.</span> 
     </span>
    </p>
   </div>
  </div>
