4462 6476
83 426 202 487 433

91 573 231 614 vero
253 559 660 632 unusquisque
678 559 839 615 utilis
854 560 956 615 Dei
971 564 1311 632 servus,sub
1330 564 1737 631 dealbationis,

89 654 465 720 peccatorum
490 666 729 704 suorum
754 651 940 722 gratia
965 653 1487 724 constitutus,quid
1506 653 1661 708 aliud
1684 656 1739 708 in

87 753 197 791 sua
232 739 647 793 conversione‘
683 740 997 813 meditatus
1028 746 1135 805 est,
1186 743 1325 813 quid
1357 742 1514 797 aliud
1571 744 1741 798 corde

86 827 513 899 gestavit,quid
539 827 696 881 aliud
720 812 1153 895 adaniavit,nisi
1170 812 1493 886 doctrinam
1510 831 1739 903 sapien-

84 914 173 969 tiae
200 914 428 979 ?Quam
451 917 711 987 plerique
738 934 799 971 se
822 919 1031 989 adeptu
1046 936 1137 972 ros
1159 926 1217 975 et
1242 926 1615 991 percepturos
1640 938 1741 991 pu-

82 1009 208 1060 tant
238 1005 440 1059 statim
467 1010 530 1060 ut
558 1022 619 1061 se
637 1005 694 1060 in
721 1011 943 1078 septem
969 1009 1272 1079 praeceptis
1299 1008 1442 1080 legis
1477 1026 1740 1065 exercue-

94 1093 233 1158 rint,
254 1111 379 1164 quae
412 1100 553 1149 sunt
579 1095 649 1149 de
694 1095 1001 1151 dilectione
1032 1098 1300 1168 proximi,
1345 1115 1415 1152 ne
1464 1098 1739 1169 cuiquam

82 1182 308 1237 homini
345 1188 655 1252 noceatur;
684 1185 740 1239 id
764 1190 871 1252 est,
896 1187 1109 1241 Honora
1153 1195 1365 1257 patrem
1394 1191 1445 1241 et
1486 1191 1734 1257 matrem,

80 1272 196 1327 Non
230 1273 602 1329 maechaberis.
645 1274 759 1328 Non
808 1277 1049 1343 occides,
1102 1277 1217 1331 Non
1266 1275 1572 1346 furaberis,
1622 1278 1738 1332 Non

79 1361 290 1432 falsum
321 1364 692 1418 testimonium
739 1364 903 1431 dices,
954 1366 1070 1419 Non
1118 1367 1457 1437 concupisces
1506 1383 1738 1422 uxorem

80 1452 347 1519 proximi,
369 1452 489 1507 Non
508 1454 854 1521 concupisces
883 1470 998 1509 rem
1014 1456 1261 1525 proximi
1282 1456 1478 1526 (Exod.
1503 1472 1595 1523 xx,
1640 1457 1734 1510 12-

80 1539 201 1606 17);
235 1538 455 1611 quibus
486 1546 770 1611 quantum
806 1543 1058 1612 potuerit
1105 1544 1454 1611 observatis,
1505 1551 1733 1616 postea-

80 1644 259 1699 quam
292 1628 517 1684 homini
552 1647 653 1701 pro
684 1633 992 1703 concupita
1013 1638 1068 1687 et
1091 1638 1324 1703 sperata
1340 1618 1735 1705 pulcherrima

81 1716 469 1773 delectatione
492 1719 789 1787 doctrinae,
818 1737 918 1792 per
940 1722 1288 1777 tentationes
1318 1722 1529 1787 varias,
1564 1721 1733 1793 quasi

84 1822 182 1877 per
194 1805 375 1877 hujus
390 1806 581 1862 saeculi
599 1809 1163 1875 noctem,tolerantia
1175 1810 1386 1865 laboris
1403 1810 1727 1879 adhaeserit,

83 1894 239 1950 velut
261 1912 365 1966 pro
388 1896 598 1951 Rachel
620 1897 1029 1970 Liainopinata
1045 1902 1172 1968 conj
1185 1904 1359 1953 uncta
1373 1899 1449 1954 sit
1474 1917 1486 1967 ;
1512 1904 1567 1954 et
1581 1899 1731 1954 hanc

91 1986 341 2040 sustinet
364 1986 509 2041 utad
528 1985 688 2041 illam
707 1988 1073 2058 perveniat,si
1099 1995 1530 2059 perseveranter
1549 1994 1726 2055 amat,

88 2073 338 2146 acceptis
356 2074 487 2129 aliis
505 2081 726 2146 septem
751 2076 1079 2147 praeceptis:
1108 2094 1173 2131 ac
1196 2077 1732 2140 sidicaturei,Scrvi

91 2163 225 2218 alios
242 2170 450 2234 septem
469 2180 641 2219 annos
659 2181 756 2236 pro
772 2166 1011 2227 Rachel;
1035 2170 1098 2220 ut
1114 2165 1192 2220 sit
1210 2167 1231 2199 ²
1253 2183 1474 2237 pauper
1492 2166 1723 2237 spiritu,

90 2253 266 2317 mitis,
292 2252 522 2324 lugens,
546 2254 812 2310 esuriens
835 2254 1728 2325 sitiensquejustitiam,miseri-

89 2356 232 2407 cors,
266 2342 630 2409 mundicors,
681 2343 955 2412 paciﬁcus
1015 2345 1231 2411 (Matth.
1264 2361 1319 2409 ν,
1352 2344 1494 2415 3-9).
1542 2342 1729 2399 Vellet

86 2430 235 2484 enim
258 2430 455 2497 homo,
492 2430 541 2486 si
573 2432 696 2486 ﬁeri
730 2434 1082 2503 posset,sine
1101 2432 1220 2488 ulla
1240 2434 1547 2489 tolerantia
1568 2434 1727 2489 labo-

85 2518 181 2583 ris,
214 2536 342 2590 quae
379 2522 434 2574 in
468 2520 692 2591 agendo
726 2522 1113 2593 patiendoque
1169 2522 1571 2593 amplectenda
1616 2528 1723 2593 est,

87 2608 278 2663 statim
307 2610 381 2663 ad
406 2609 663 2680 pulchrae
696 2614 868 2682 atque
890 2612 1149 2682 perfectae
1172 2612 1468 2682 sapientiae
1487 2612 1726 2668 delicias

89 2698 426 2768 pervenire:
460 2700 559 2753 sed
592 2699 699 2753 hoc
732 2717 845 2755 non
866 2701 1129 2771 potestin
1156 2709 1306 2755 terra
1326 2701 1722 2756 morientium.

89 2784 198 2841 Hoc
228 2787 387 2841 enim
418 2787 652 2841 videtur
682 2788 1033 2859 signiﬁcare,
1069 2790 1221 2861 quod
1255 2790 1474 2845 dictum
1516 2795 1605 2845 est
1653 2792 1725 2845 ad

86 2874 280 2940 Jacob,
314 2881 443 2933 Non
472 2885 549 2932 est
570 2879 736 2933 moris
771 2881 827 2932 in
857 2879 968 2932 loco
1001 2883 1203 2944 nostro,
1235 2884 1296 2933 ut
1334 2883 1515 2935 minor
1556 2880 1729 2935 nubat

94 2968 242 3033 prius
263 2982 433 3034 quam
462 2968 644 3037 major
671 2966 823 3037 (Gen.
881 2985 1030 3034 xx1x;
1089 2971 1177 3035 27,
1236 2970 1349 3039 26).
1410 2969 1556 3032 Quia
1611 2986 1725 3025 non

90 3054 334 3109 absurde
369 3055 931 3135 majorappellatur,
965 3074 1092 3128 quae
1122 3062 1383 3129 tempore
1414 3059 1571 3130 prior
1616 3062 1723 3114 est.

91 3142 244 3197 Prior
273 3148 367 3199 est
394 3149 590 3200 autem
622 3144 681 3199 in
713 3150 868 3201 recta
896 3146 1151 3202 hominis
1197 3147 1521 3202 eruditione
1565 3147 1729 3203 labor

93 3232 359 3301 operandi
392 3249 521 3303 quae
544 3234 705 3304 justa
727 3238 886 3305 sunt,
907 3251 1079 3306 quam
1110 3235 1377 3308 voluptas
1400 3235 1726 3308 intelligen-

94 3320 145 3374 di
170 3338 289 3392 quaa
322 3338 459 3377 vera
488 3327 641 3378 sunt.

156 3410 383 3467 CAPUT
430 3412 574 3467 LIII.
599 3443 666 3452 —
690 3414 766 3467 Ad
791 3412 899 3468 hoc
920 3412 1069 3467 valet
1092 3415 1243 3485 quod
1296 3414 1575 3485 scriptum
1619 3418 1726 3482 est,

99 3497 396 3571 Concupiin
418 3503 751 3572 sapientiam
771 3519 919 3556 serva
939 3504 1230 3567 mandata,
1245 3508 1295 3558 et
1315 3504 1572 3559 Dominus
1593 3518 1710 3573 prze

97 3586 170 3641 bet
190 3589 343 3643 illam
366 3592 473 3645 tibi
494 3592 681 3660 (Eccli.
712 3608 749 3655 ι,
781 3592 895 3661 33).
921 3592 1186 3646 Mandata
1210 3592 1409 3663 utique
1453 3593 1523 3647 ad
1552 3591 1729 3663 justi-

95 3676 227 3731 tiam
250 3680 603 3749 pertinentia
631 3698 644 3735 :
673 3681 962 3750 justitiam
997 3686 1189 3736 autem
1221 3697 1347 3751 qua:
1378 3697 1446 3735 ex
1478 3681 1589 3735 ﬁde
1621 3686 1729 3747 est,

98 3780 213 3835 qua:
242 3766 391 3823 inter
419 3770 808 3824 tentationum
840 3772 1061 3825 incerta
1089 3774 1371 3837 versatur,
1394 3774 1458 3824 ut
1488 3770 1579 3841 pie
1609 3786 1730 3825 cre-

99 3852 273 3909 dendo
304 3858 461 3927 quod
496 3858 755 3912 nondum
790 3857 1081 3930 intelligit,
1113 3859 1289 3913 etiam
1335 3857 1732 3929 intelligentia

104 3944 365 3999 meritum
398 3952 811 4018 consequatur.
846 3948 1140 4011 Quantum
1172 3948 1327 4002 enim
1358 3947 1525 4016 valei,
1576 3947 1733 4019 quod

104 4033 259 4087 modo
274 4037 723 4091 commemoravi
744 4053 872 4092 esse
885 4037 1167 4107 scriptum
1180 4037 1735 4108 ,Concupistisapien-

107 4122 416 4191 tiam,serva
436 4126 776 4187 mundata;et
792 4128 1059 4181 Dominus
1075 4127 1277 4197 praebet
1300 4127 1457 4181 illam
1474 4128 1734 4193 libi;‘tan-

102 4214 215 4265 tum
234 4213 442 4269 etillud
466 4214 649 4269 valere
668 4214 1060 4280 arbitror,Nisi
1078 4216 1559 4281 credideretis,non
1576 4215 1736 4270 intel-

103 4298 265 4369 ligetis
284 4302 434 4371 (lsai.
455 4320 554 4373 v11,
572 4304 657 4375 9):
680 4303 984 4374 utjustitia
1003 4304 1071 4359 ad
1093 4304 1365 4371 ﬁdem,ad
1384 4304 1733 4376 sapientiam

102 4405 221 4445 vero
250 4390 635 4464 intelligentia
665 4394 952 4464 pertinere
983 4397 1362 4448 monstretur.
1398 4394 1643 4450 Proinde
1673 4394 1733 4450 in

105 4478 186 4535 his
211 4484 304 4553 qui
337 4483 586 4553 flagrant
614 4481 830 4554 ingenti
866 4498 1063 4538 amore
1105 4482 1420 4553 perspicuae
1450 4484 1733 4552 veritatis,

107 4584 206 4623 non
230 4575 315 4626 est
333 4571 789 4643 improbandum
812 4570 1199 4637 sludium,sed
1215 4571 1285 4625 ad
1300 4570 1562 4625 ordinem
1582 4588 1737 4627 revo-

108 4659 364 4728 candum,
390 4665 455 4715 ut
485 4677 519 4714 a
551 4659 663 4714 ﬁde
686 4659 945 4732 incipiat,
965 4664 1021 4715 et
1044 4659 1212 4715 bonis
1232 4660 1492 4715 moribus
1516 4661 1736 4716 nitatur

112 4750 388 4815 pervenire
410 4767 527 4821 quo
545 4749 752 4805 tendit.
788 4751 850 4804 In
881 4766 941 4804 es
974 4748 1186 4820 quippe
1218 4750 1369 4818 quod
1416 4751 1732 4819 versatur",

110 4835 278 4892 virtus
308 4844 394 4893 est
426 4838 752 4894 laboriosa:
783 4838 841 4892 in
866 4854 931 4893 eo
947 4854 1078 4893 vero
1102 4838 1255 4909 quod
1287 4838 1529 4909 appetit,
1560 4837 1735 4892 lumi-

112 4940 240 4981 nosa
259 4927 561 5001 sapientia.
586 4927 731 4991 Quid
752 4944 896 4999 opus
921 4931 1029 4991 est,
1062 4928 1271 4997 inquit,
1295 4927 1547 4993 credere,
1580 4928 1733 4998 quod

114 5028 213 5069 non
244 5016 382 5071 mihi
414 5017 740 5073 ostenditur
771 5016 1143 5071 manifestum
1166 5016 1194 5070 ‘l
1225 5016 1474 5087 Aliquod
1491 5018 1734 5073 verbum

114 5117 315 5177 prome,
347 5122 461 5177 quo
492 5105 713 5161 videam
747 5121 939 5160 rerum
971 5106 1233 5160 omnium
1269 5105 1643 5177 principium.
1676 5106 1732 5161 Id

114 5192 252 5247 enim
272 5195 434 5250 estin
461 5196 614 5266 quod
646 5196 899 5250 maxime
921 5210 985 5249 ac
1008 5194 1281 5266 primitus
1316 5195 1649 5264 inardescit,
1685 5195 1735 5249 si

113 5281 213 5334 veri
236 5283 530 5340 studiosus
561 5288 651 5338 est
669 5285 903 5339 animus
925 5283 1245 5339 rationalis:
1271 5283 1363 5338 cui
1386 5286 1737 5355 respondea-

116 5371 527 5437 tur,Pulchrum
545 5371 881 5444 estquidem
896 5373 1048 5444 quod
1065 5372 1362 5427 desideras
1381 5378 1435 5428 et
1458 5375 1640 5427 amari
1653 5373 1737 5428 di-

115 5458 441 5526 gnissimum
473 5479 486 5529 ;
524 5461 623 5515 sed
658 5459 821 5531 prius
852 5459 1023 5516 nubit
1048 5458 1166 5529 Lia,
1200 5464 1256 5514 et
1275 5464 1478 5530 postea
1499 5458 1732 5515 Rachel.

177 5611 189 5675 ξ
220 5611 440 5675 ᾼωηΕικ
474 5616 525 5663 et
555 5612 791 5675 plerique
823 5612 926 5661 Mss
952 5648 964 5669 ,
1000 5610 1397 5660 conversatione.
1426 5611 1703 5671 Corrupte.

173 5672 357 5737 {Apud
377 5676 462 5725 Er.
493 5672 657 5737 Lugd.
692 5672 818 5725 Ven.
854 5676 996 5733 Lov.,
1027 5675 1115 5722 sis.
1276 5675 1342 5722 M.

172 5735 191 5768 ⁸
216 5733 353 5797 Lov.,
379 5753 475 5799 qao
504 5733 753 5788 vehatur.
783 5737 1069 5787 Vaticanus
1097 5750 1237 5785 unus
1266 5735 1452 5799 codex,
1484 5733 1621 5799 quod
1644 5734 1737 5784 ad-

172 5753 191 5768 *
218 5753 353 5797 μοι,
413 5753 475 5788 οο
504 5753 753 5788 versatur.
791 5753 1069 5787 vaucanus
1097 5753 1237 5785 unus
1266 5753 1452 5792 0008!,
1484 5753 1564 5799 qut

124 5803 347 5853 versatur.
374 5753 473 5854 Χ.ῦί
499 5804 625 5855 Mes.
656 5814 779 5853 cum
809 5802 925 5855 Am.
956 5804 1009 5852 et
1028 5801 1131 5861 Er.,
1156 5798 1297 5864 quod
1315 5802 1564 5850 versatur.

1196 432 1429 492 LIBER
1474 433 1797 494 VIGESIM
1814 435 1908 496 US
1953 436 2390 501 SECUNDUS.

3385 446 3501 503 434

1852 568 2038 623 Ardor
2080 583 2215 640 ergo
2246 568 2354 625 iste
2386 572 2454 626 ad
2488 572 2543 627 id
2573 571 2783 643 valeat,
2817 578 2882 628 ut
2924 573 3062 629 ordo
3106 590 3219 628 non
3271 590 3498 629 recuse-

1851 659 1966 723 tur,
2001 659 2097 712 sed
2136 660 2329 729 potius
2362 659 2675 729 toleretur;
2711 662 2835 717 sine
2858 680 2972 734 quo
2998 680 3110 717 non
3136 668 3321 734 potest
3346 664 3415 717 ad
3440 663 3497 719 id

1851 748 2159 817 perveniri,
2191 750 2344 819 quod
2379 754 2543 804 tanto
2575 751 2777 805 ardore
2807 752 3091 823 diligitur.
3123 754 3265 807 Cum
3298 756 3493 808 autem

1851 841 2188 905 perventum
2224 838 2417 909 fuerit,
2450 838 2625 893 simul
2658 839 2971 895 habebitur
3002 841 3058 894 in
3104 841 3211 896 hoc
3258 840 3490 909 seculo,

1852 941 1964 979 non
1998 926 2186 981 solum
2222 927 2484 999 speciosa
2518 928 2919 1001 intelligentia,
2968 931 3068 984 sed
3112 930 3286 985 etiam
3334 930 3491 985 labo-

1854 1015 2267 1085 riosajustitia.
2303 1017 2631 1083 Quamlibet
2660 1018 2813 1072 enim
2848 1022 3015 1072 acute
3073 1018 3491 1090 Sinceriterque

1847 1109 2122 1159 cernatur
2141 1123 2172 1159 a
2192 1105 2535 1162 mortalibus
2554 1106 3029 1162 incommutabile
3052 1108 3489 1177 bonum,adhuc

1846 1208 2057 1263 corpus
2089 1195 2241 1265 quod
2276 1197 2672 1267 corrumpitur
2702 1201 2976 1267 aggravet
3008 1196 3286 1261 animam,
3311 1201 3368 1250 et
3388 1196 3486 1251 de-

1846 1281 2045 1353 primit
2076 1287 2303 1339 terrena
2332 1284 2681 1341 inhabitatio
2713 1302 2953 1340 sensum
2987 1286 3169 1340 multa
3228 1285 3487 1357 cogitan-

1842 1374 1961 1425 tem
1993 1372 2140 1444 (Sap.
2178 1374 2383 1445 1x,15).
2421 1374 2504 1429 Ad
2538 1391 2723 1430 unum
2772 1390 2907 1446 ergo
2953 1375 3333 1445 tendendum,
3386 1374 3485 1430 sed

1842 1464 2076 1531 propter
2103 1462 2211 1516 hoc
2245 1465 2431 1517 multa
2453 1463 2683 1519 ferenda
2714 1468 2870 1519 sunt.

1914 1602 2147 1660 CAPUT
2172 1605 2309 1661 LIV.
2336 1637 2401 1646 —
2427 1606 2624 1677 Itaque
2651 1608 2776 1662 duae
2806 1611 2945 1662 sunt
2966 1622 3173 1662 uxores
3193 1606 3373 1663 Jacob
3416 1607 3485 1662 li-

1842 1692 2015 1747 beras:
2041 1695 2226 1747 ambae
2255 1696 2470 1766 quippe
2501 1701 2639 1750 sunt
2668 1695 2801 1750 ﬁliae
2832 1696 3195 1751 remissionis
3226 1702 3486 1766 peccato-

1840 1798 1992 1851 rum,
2016 1782 2123 1837 hoc
2146 1786 2233 1837 est
2250 1783 2654 1850 dealbationis,
2678 1785 2830 1854 quod
2873 1789 2961 1839 est
2994 1784 3198 1840 Laban.
3235 1784 3481 1840 Verum-

1838 1875 2033 1925 tamen
2086 1888 2201 1925 una
2231 1881 2479 1942 amatur,
2513 1876 2565 1926 et
2597 1871 2776 1927 altera
2833 1872 3133 1928 toleratur.
3193 1873 3302 1928 Sed
3354 1890 3479 1945 quae

1839 1962 2139 2027 toleratur,
2159 1960 2287 2032 ipsa
2308 1961 2469 2032 prius
2490 1966 2546 2015 et
2568 1961 2805 2017 uberius
2824 1963 3185 2027 fecundatur,
3205 1966 3270 2017 ut
3289 1962 3334 2018 si
3362 1979 3477 2018 non

1835 2053 2071 2120 propter
2088 2066 2147 2103 se
2161 2049 2531 2120 ipsam,certe
2554 2056 2787 2122 propter
2803 2050 2955 2106 ﬁlios
2972 2050 3267 2122 diligatur.
3293 2052 3481 2107 Labor

1836 2138 1987 2193 enim
2013 2138 2312 2207 justorum
2346 2139 2664 2193 maximum
2687 2140 2939 2194 fructum
2966 2140 3208 2195 habetin
3227 2140 3312 2195 eis
3333 2158 3481 2211 quos

1835 2243 2012 2299 regno
2034 2227 2133 2282 Dei
2165 2234 2464 2299 generant,
2498 2228 2649 2284 inter
2678 2228 2893 2284 multas
2912 2228 3259 2285 tentationes
3288 2235 3345 2285 et
3376 2230 3479 2284 tri-

1836 2314 2163 2371 bulationes
2197 2317 2560 2387 praedicando
2593 2317 2964 2388 Evangelium
2990 2335 3003 2387 ;
3032 2322 3088 2373 et
3116 2333 3214 2374 eos
3248 2322 3479 2389 propter

1835 2422 1981 2477 quos
2002 2411 2153 2467 sunt
2170 2406 2227 2460 in
2266 2406 2563 2462 laboribus
2588 2406 3067 2477 abundantius,in
3092 2406 3279 2479 plagis
3301 2424 3482 2479 supra

1838 2494 2160 2563 modum,in
2181 2496 2466 2549 mortibus
2490 2496 2790 2566 saepius(ll
2824 2496 2946 2551 Cor.
2977 2512 3055 2562 x1,
3098 2497 3212 2567 23),
3244 2500 3481 2568 propter

1835 2600 1981 2655 quos
2004 2582 2220 2638 habent
2243 2584 2380 2639 foris
2404 2600 2650 2655 pugnas,
2681 2585 2841 2639 intus
2866 2584 3104 2640 timores
3125 2584 3239 2656 (Id.
3273 2602 3368 2655 v11,
3399 2585 3481 2656 5),

1835 2672 2115 2744 gaudium
2146 2678 2203 2727 et
2233 2689 2505 2727 coronam
2532 2690 2700 2728 suam
2730 2681 2936 2728 vocant
2974 2673 3237 2745 (Philipp.
3290 2691 3366 2743 ιν,
3403 2674 3476 2745 1).

1834 2762 2167 2817 Nascuntur
2196 2767 2392 2816 autem
2424 2762 2509 2817 eis
2532 2762 2761 2818 facilius
2787 2766 2961 2833 atque
2982 2762 3274 2834 copiosius
3288 2777 3356 2817 ex
3378 2760 3477 2817 illo

1834 2867 2104 2906 sermone
2130 2850 2283 2918 ﬁdei,
2319 2867 2433 2920 quo
2464 2851 2783 2921 praedicant
2810 2850 3102 2906 Christum
3134 2851 3479 2907 cruciﬁxum

1836 2940 1879 3011 (Ι
1913 2939 2032 2993 Cor.
2068 2957 2106 3005 1,
2139 2940 2252 3010 23),
2285 2944 2341 2993 et
2372 2939 2657 3011 quidquid
2690 2938 3069 2995 humanitatis
3125 2940 3252 3011 ejus
3304 2939 3478 2998 citius

1834 3028 2095 3084 humana
2117 3028 2467 3099 cogitatione
2489 3027 3160 3100 percipitur,etinﬁrmos
3182 3028 3477 3084 etiamLias

1835 3118 2036 3173 oculos
2067 3134 2179 3171 non
2213 3118 2533 3189 perturbat.
2569 3116 2780 3172 Rachel
2803 3120 2999 3172 autem
3030 3116 3185 3172 clara
3215 3123 3473 3190 aspectu,

1836 3211 2029 3262 mente
2053 3206 2276 3262 excedit
2317 3211 2426 3261 Deo
2473 3206 2545 3275 (ll
2580 3206 2699 3261 Cor.
2728 3223 2782 3273 ν,
2814 3206 2921 3277 13),
2954 3210 3011 3261 et
3039 3205 3192 3261 videt
3220 3206 3278 3261 in
3319 3206 3480 3278 prin-

1837 3296 1988 3368 cipio
2009 3295 2262 3350 Verbum
2288 3296 2471 3351 Deum
2496 3295 2650 3367 apud
2674 3294 2858 3351 Deum
2895 3296 3069 3367 (Joan.
3104 3313 3141 3365 1,
3169 3296 3240 3367 1),
3273 3300 3331 3351 et
3359 3296 3484 3353 vult

1839 3389 2125 3457 parere,et
2156 3401 2270 3439 non
2302 3387 2529 3455 potest;
2562 3384 2699 3455 quia
2726 3384 3158 3455 generationem
3188 3386 3317 3454 ejus
3348 3386 3483 3456 quis

1839 3474 2135 3530 enarrabit
2167 3474 2313 3541 (lsai.
2349 3490 2464 3537 L111,
2496 3472 2600 3543 8)?
2631 3473 2877 3528 Proinde
2926 3473 3045 3527 vita
3104 3490 3229 3544 quae
3288 3475 3483 3530 studio

1839 3561 2349 3633 contemplationis
2372 3562 2668 3632 competit,
2695 3566 2758 3615 ut
2778 3578 2843 3616 ea
2863 3578 2990 3633 quas
3011 3561 3170 3616 carni
3193 3562 3488 3617 suntinvi-

1840 3652 2051 3721 sibilia,
2080 3668 2192 3705 non
2216 3650 2467 3705 inﬁrmis
2489 3648 2672 3705 oculis
2696 3650 2932 3716 mentis,
2964 3666 3065 3721 per
3081 3666 3147 3705 ea
3176 3666 3303 3722 quae
3334 3650 3487 3707 facta

1842 3740 2301 3805 sunt,intellecta
2322 3738 2725 3810 conspiciat,et
2746 3738 3161 3810 sempiternam
3187 3739 3280 3795 Dei
3305 3739 3485 3795 virtu-

1840 3834 1957 3886 tem
1981 3846 2046 3884 ac
2065 3828 2425 3884 divinitatem
2458 3827 2832 3883 ineﬂ'abiliter
2863 3832 3060 3883 cernat
3088 3830 3267 3896 (Rom.
3302 3844 3340 3894 1,
3370 3829 3484 3899 20),

1841 3936 2041 3974 vacare
2068 3918 2193 3973 vult
2224 3918 2296 3972 ab
2328 3917 2487 3973 omni
2518 3917 2769 3989 negotio,
2801 3921 2859 3972 et
2889 3916 3017 3972 ideo
3048 3917 3283 3973 sterilis.
3331 3917 3484 3973 Alfe-

1842 4008 2051 4063 ctando
2082 4006 2297 4078 quippe
2328 4007 2533 4076 otium,
2566 4022 2679 4077 quo
2737 4005 2929 4060 studia
2976 4005 3485 4076 contemplationis

1840 4097 2168 4170 ignoscunt,
2184 4112 2299 4150 non
2317 4099 2785 4167 contemperatur
2807 4094 3129 4149 inﬁrmitati
3153 4093 3482 4161 hominum,

1843 4187 1942 4258 qui
1971 4186 2027 4240 in
2048 4184 2221 4239 variis
2234 4184 2526 4255 pressuris
2545 4184 2655 4238 sibi
2675 4182 3008 4238 desiderant
3028 4182 3343 4237 subveniri.
3372 4183 3480 4237 Sed

1843 4276 1983 4347 quia
2013 4280 2069 4329 et
2098 4274 2226 4345 ipsa
2266 4273 2605 4344 procreandi
2663 4271 2945 4327 charitate
2986 4270 3303 4327 inardescit
3342 4270 3486 4341 (vult

1843 4364 1998 4420 enim
2032 4364 2235 4418 docere
2267 4363 2421 4433 quod
2457 4362 2631 4430 novit,
2666 4377 2853 4431 neque
2884 4376 3016 4415 cum
3051 4360 3268 4415 invidia
3324 4360 3484 4415 tabe-

1844 4458 2039 4508 scente
2066 4454 2172 4507 iter
2202 4451 2413 4507 habere
2440 4450 2591 4522 (δίῳ.
2623 4467 2701 4516 v1,
2734 4450 2845 4518 25),
2882 4450 3034 4504 videt
3089 4466 3343 4504 sororem
3403 4449 3486 4504 la-

1844 4543 1981 4598 bore
2012 4541 2220 4613 agendi
2252 4545 2424 4611 atque
2456 4540 2711 4611 patiendi
2744 4538 2881 4593 ﬁliis
2938 4539 3371 4606 abundantem;
3430 4543 3488 4595 et

1848 4630 2000 4685 dolet
2030 4630 2225 4701 potius
2256 4645 2489 4684 currere
2520 4627 2784 4683 homines
2817 4627 2885 4681 ad
2912 4642 3038 4682 eam
3061 4626 3355 4694 virtutem,
3376 4645 3489 4698 qua

1844 4736 2043 4775 eorum
2078 4717 2518 4773 inﬁrmitatibus
2559 4716 3118 4788 necessitatibusque
3140 4716 3483 4787 consulitur,

1844 4825 2020 4880 quam
2053 4808 2121 4863 ad
2151 4807 2309 4861 illam
2345 4807 2497 4861 unde
2518 4805 2780 4861 divinum
2804 4811 2859 4861 et
2877 4804 3355 4861 incommutabile
3376 4804 3485 4859 ali-

1845 4898 1982 4968 quid
2003 4896 2267 4952 discitur.
2293 4896 2394 4950 Hic
2419 4896 2582 4951 dolor
2601 4896 2886 4967 ﬁguratus
2907 4894 3131 4950 videtur
3156 4894 3213 4947 in
3237 4910 3301 4948 eo
3328 4893 3482 4964 quod
3558 4890 3560 4892 ’

1845 4986 2128 5057 scriptum
2159 4990 2267 5049 est,
2299 4986 2363 5039 Et
2388 4985 2583 5040 selavit
2614 4984 2820 5039 Rachel
2846 4999 3085 5039 sororem
3122 4999 3285 5037 suam
3328 4981 3481 5054 (Gen.

1843 5092 1973 5141 xxx,
2002 5074 2072 5145 1).
2102 5074 2366 5141 Proinde,
2400 5073 2539 5144 quia
2559 5072 2818 5145 liquidus
2840 5088 3134 5143 purusque
3155 5069 3483 5125 intellectus

1845 5166 1915 5221 de
1938 5164 2037 5220 illa
2057 5163 2390 5221 substantia
2421 5180 2548 5234 quae
2572 5179 2784 5233 corpus
2808 5177 2920 5216 non
2944 5165 3050 5227 est,
3076 5176 3142 5215 ac
3166 5176 3263 5231 per
3281 5159 3389 5215 hoc
3412 5160 3484 5214 ad
3512 5221 3517 5225 ,

1844 5253 2038 5311 carnis
2069 5269 2306 5309 sensum
2328 5269 2438 5308 non
2472 5253 2738 5323 pertinet,
2771 5249 2961 5305 verbis
2982 5264 3153 5305 carne
3190 5247 3361 5304 editis
3392 5265 3487 5304 ex-

1845 5342 2018 5415 primi
2045 5358 2157 5397 non
2174 5345 2392 5414 potest;
2416 5340 2577 5412 eligit
2597 5340 2861 5395 doctrina
2878 5336 3174 5409 sapientiaa
3195 5354 3295 5409 per
3310 5353 3488 5409 quas-

1844 5431 1985 5487 libet
2016 5447 2322 5503 corporeas
2353 5425 3143 5502 imaginesetsimilitudines
3170 5430 3491 5498 utcumque

1844 5520 2154 5593 cogitanda
2178 5520 2475 5575 insinuare
2492 5516 2883 5586 divina,quam
2910 5516 2982 5570 ab
3002 5515 3193 5571 ofﬁcio
3219 5515 3361 5571 talia
3379 5516 3489 5570 do-

1846 5611 2011 5667 cendi
2034 5626 2294 5665 cessare:
2320 5608 2473 5663 sicut
2494 5606 2665 5676 elegit
2686 5603 2895 5659 Rachel
2920 5620 2988 5659 ex
3015 5604 3137 5659 viro
3161 5620 3266 5660 suo
3287 5609 3344 5659 et
3381 5621 3484 5659 an-

1844 5698 1979 5756 cilla
1999 5698 2293 5769 suscipere
2312 5696 2731 5766 liberos,quam
2751 5693 2877 5751 sine
2891 5692 3026 5750 filiis
3047 5693 3287 5749 omnino
3302 5708 3484 5749 rema-

1847 5805 2000 5846 nere.
2035 5786 2173 5843 Bala
2201 5786 2417 5858 quippe
2445 5783 2815 5855 interpretari
2853 5784 3067 5840 dicitur
3123 5782 3475 5841 lnveterata:
